3884 6180
183 313 297 373 685

1115 306 1717 365 CONSTITUTIONES
1751 304 2434 363 APOSTOLICIE.-—LIB.
2470 306 2537 362 ll.

3336 306 3443 362 686

177 432 431 498 ετάξατο·
463 429 558 484 καὶ
599 424 898 495 δώσεις-τῷ
945 426 1080 496 ἱερεῖ
1122 425 1192 478 τὰ
1244 425 1564 495 ὀφειλόμενα
1603 421 1751 492 αὐτῷ

1880 422 2277 491 purificationis
2301 432 2357 478 et
2386 423 2753 495 indulgentiae,
2780 423 2936 480 dabis
2965 438 3087 494 qua:
3117 424 3223 494 ipsi
3251 424 3455 482 deben-

176 524 440 596 ἀπαρχὴν
467 522 672 582 ἆλωνος
700 521 795 573 καὶ
839 516 1000 588 ληνοῦ
1049 519 1141 571 καί
1183 520 1309 591 περὶ
1364 516 1667 588 ἁμαρτιῶν,
1698 516 1774 580 ὡς

180 616 381 689 μεσίτῃ
409 613 545 668 Θεοῦ
575 614 672 666 καὶ
709 612 821 665 τῶν
849 611 1120 682 δεομένων
1148 611 1466 684 καθάρσεως
1511 610 1605 664 καὶ
1632 627 1775 681 παρ-

175 711 469 781 αιτήσεως.
518 708 585 761 Σὲ
630 707 729 778 μὲν
773 706 884 779 γὰρ
913 705 1107 760 διδόναι
1142 707 1432 777 προσήκει,
1472 708 1773 776 οἰκονομεῖν

173 803 231 856 δὲ
261 804 494 865 ἐκεῖνον,
526 800 622 855 άτε
666 800 951 872 οἰκονόμον
990 800 1086 854 καὶ
1124 798 1401 871 διοικητὴν
1439 800 1547 854 τῶν
1576 800 1772 871 ἐκκλη-

176 894 479 948 σιαστικῶν
534 894 893 966 πραγμάτων.
926 893 1000 947 Ού
1034 892 1217 965 μέντοι
1259 892 1622 961 λογιστεύσεις
1679 910 1771 947 σου

171 989 267 1041 τὸν
299 988 601 1041 ἐπίσκοπον
648 985 785 1059 (27),
814 986 934 1041 οὐδὲ
977 988 1392 1059 παρατηρήσεις
1433 987 1531 1057 τὴν
1567 989 1772 1040 οἰκονο-

177 1080 313 1151 μίαν
342 1080 533 1145 αὑτοῦ,
563 1080 682 1143 πῶς
727 1078 980 1143 ἐπιτελεῖ,
1010 1079 1045 1151 ἢ
1074 1078 1225 1143 πότε,
1254 1080 1288 1152 ἢ
1317 1078 1478 1141 τίσιν,
1504 1078 1539 1150 ἢ
1576 1076 1702 1143 ποῦ,
1734 1078 1768 1150 ἢ

171 1174 222 1225 εἰ
252 1172 459 1236 καλῶς,
488 1172 522 1245 ἦ
554 1172 793 1243 φαύλως,
825 1172 859 1244 ἢ
886 1171 1131 1234 δεόντως.
1170 1172 1322 1243 Ἔχει
1366 1172 1476 1244 γὰρ
1516 1172 1768 1244 λογιστὴν

172 1264 384 1337 Κύριον
411 1267 504 1320 τὸν
531 1265 662 1319 Θεὸν
688 1265 781 1319 τὸν
808 1265 1190 1338 ὲγχειρίσαντα
1220 1268 1299 1329 εἰς
1323 1264 1423 1329 τὰς
1458 1266 1646 1337 χεῖρας
1673 1266 1769 1319 αύ-

168 1358 268 1411 τοῦ
298 1358 399 1430 τὴν
427 1357 743 1429 οἰκονομίαν
769 1356 996 1429 ταύτην,
1025 1357 1122 1412 καί
1150 1356 1565 1422 καταξιώσαντα
1604 1357 1766 1411 αὐτὸν

168 1450 274 1521 τῆς
300 1450 601 1523 ἱερωσύνης
618 1449 714 1504 τοῦ
741 1449 1058 1522 τηλικούτου
1085 1451 1269 1505 τόπου.

669 1564 1089 1620 τΚΕΦΑΛΑΙΟΝ
1126 1565 1268 1633 Λςι.

180 1656 560 1727 ’Υπόμνησις
574 1656 692 1711 τῶν
720 1657 867 1712 δέκα
892 1658 1005 1728 τοῦξ
1030 1658 1177 1712 Θεοῦ
1206 1659 1447 1728 λογίων,
1476 1657 1576 1712 καὶ
1603 1657 1761 1726 ὅπως

519 1729 671 1782 αὐτὰ
697 1728 957 1783 ἐνταῦθα
984 1726 1413 1798 διαγορεύοὺσι.

237 1821 356 1893 Πρὸ
402 1822 694 1893 ὀφθαλμῶν
735 1822 825 1893 ἔχε
868 1821 959 1875 τὸν
1002 1775 1100 1875 τοῦ
1137 1775 1272 1875 Θεοῦ
1318 1820 1502 1891 φόϐον,
1531 1822 1761 1876 πάντοτε
1785 1775 1838 1837 Β

168 1914 525 1984 μεμνημένος
552 1913 658 1967 τῶν
686 1914 817 1968 δέκα
842 1912 939 1967 τοῦ
968 1912 1104 1968 Θεοῦ
1132 1913 1348 1982 λογίων.
1369 1915 1611 1986 Ἀγαπᾷν
1648 1915 1761 1969 Κύ-

168 2022 287 2075 ριον
314 2006 408 2059 τὸν
427 2006 558 2060 Θεὸν
577 2006 668 2059 τὸν
687 2006 782 2060 ἕνα
802 2007 895 2060 καὶ
916 2007 1073 2077 μόνον
1093 2006 1152 2071 ἐξ
1170 2006 1297 2078 ὅλης
1314 2006 1412 2078 τῆς
1430 2006 1611 2077 ἰσχύος
1627 2006 1756 2079 (28).

163 2096 259 2168 Μὴ
307 2098 667 2169 προσανέχειν
714 2098 971 2162 εἰδώλοις,
1003 2099 1037 2170 ἦ
1065 2116 1205 2153 τισιν
1246 2100 1470 2173 ἑτέροις,
1499 2102 1577 2165 ὡς
1618 2100 1760 2165 θεοῖς

161 2188 419 2259 ἀψύχοις,
448 2189 483 2261 ἢ
510 2190 743 2259 ἀλόγοις,
775 2190 808 2263 ἢ
838 2191 1107 2263 δαίμοσιν.
1132 2192 1372 2247 Γίνωσκε
1400 2192 1758 2265 δημιουργίαν

160 2278 302 2334 Θεοῦ
347 2281 625 2354 διάφορον,
669 2284 843 2357 ἀρχὴν
884 2284 1153 2339 λαϐοῦσαν
1227 2285 1315 2339 διὰ
1359 2287 1616 2358 Χριστοῦ,
1666 2288 1759 2341 καὶ

164 2373 484 2438 σαϐϐατιεῖς
531 2374 621 2428 διὰ
664 2376 754 2429 τὸν
796 2378 1144 2447 παυσάμενον
1195 2380 1292 2449 μὲν
1333 2379 1427 2432 τοῦ
1471 2384 1662 2443 ποιεῖν,
1694 2382 1755 2434 ού

158 2467 520 2538 παυσάμενον
565 2468 621 2521 δὲ
663 2466 757 2520 τοῦ
801 2472 1071 2540 προνοεῖν,
1120 2470 1484 2543 σαϐϐατισμὸν
1530 2473 1757 2544 μελέτης

157 2560 367 2631 νόμων,
395 2561 458 2612 οὐ
496 2559 693 2632 χειρῶν
730 2560 949 2632 ἀργίαν.
982 2563 1166 2616 Πᾶσαν
1201 2564 1428 2636 ἔκνομον
1463 2565 1756 2636 ἐπιθυμίαν

158 2654 405 2721 ἄπωσαι,
438 2656 617 2707 πᾶσαν
644 2654 821 2727 λύμην
849 2656 949 2728 τὴν
978 2658 1071 2710 ἐπὶ
1098 2658 1392 2731 διαφθορᾶς
1427 2661 1752 2733 ἀνθρώπων,

159 2748 349 2800 πᾶσαν
400 2749 588 2819 ὀργήν.
643 2749 825 2814 Γονεῖς
876 2752 1032 2823 τίμα,
1089 2753 1165 2817 ὡς
1218 2756 1423 2819 αἰτίους
1466 2757 1749 2826 γενέσεως.

165 2856 185 2887 α
212 2839 432 2909 Ἀγάπα
482 2840 573 2894 τὸν
626 2841 852 2914 πλησίον
907 2861 1001 2898 σου
1048 2846 1125 2909 ὡς
1170 2849 1412 2902 σεαυτόν.
1439 2868 1459 2903 ι
1492 2852 1753 2908 Κοινῶνει

160 2931 282 3001 βίου
327 2936 438 2997 τοῖς
476 2933 1103 3010 δεομένοις.Ἐπιορκίαν
1143 2942 1235 2995 καὶ
1280 2943 1603 3016 πολυορκίαν
1649 2948 1753 3019 μά-

155 3044 318 3080 ταιον
346 3026 537 3096 φεῦγε·
569 3029 632 3081 ού
660 3028 768 3103 γὰρ
795 3030 1120 3104 ἀθωωθήσῃ.
1144 3034 1232 3105 Μὴ
1263 3034 1434 3107 ὀφθῇς
1461 3037 1613 3109 παρὰ
1638 3040 1751 3103 τοῖς

1877 524 1986 579 tur,
2020 516 2272 571 videlicet
2315 516 2583 585 primitias
2623 532 2764 572 area:
2794 524 2848 573 et
2876 517 3187 583 torcularis,
3218 532 3319 573 nec
3342 534 3455 572 non

1876 606 2179 665 oblationes
2204 623 2304 679 pro
2329 610 2589 678 peccatis.
2615 607 2691 664 Te
2708 609 2853 664 enim
2878 607 3062 679 largiri
3088 608 3272 673 decet;
3297 609 3451 663 illum

1877 714 2007 753 vero
2025 700 2366 771 dispensare,
2383 708 2655 770 quatenus
2683 715 3030 756 oeconomum
3058 707 3113 755 et
3138 709 3454 769 procurato-

1876 808 1989 847 rem
2015 808 2199 848 rerum
2222 780 2742 849 ecclesiasticarum.
2770 791 2915 847 Cave
2938 799 3120 847 tamen
3142 806 3213 847 ne
3235 790 3454 862 episco-

1875 902 2002 956 pum
2021 889 2087 941 ad
2110 902 2370 944 numeros
2390 902 2582 955 voces;
2614 901 2789 957 neque
2809 885 3273 957 dispensationem
3302 884 3449 940 illius

1874 982 2154 1047 observes,
2195 995 2305 1051 quo
2352 980 2515 1035 modo
2554 994 2674 1033 eam
2726 985 2906 1048 gerat,
2945 985 3038 1030 aut
3074 976 3315 1047 quando,
3355 986 3449 1030 aut

1873 1074 2097 1144 quibus,
2127 1082 2222 1129 aut
2270 1074 2387 1138 ubi,
2419 1080 2513 1127 aut
2546 1088 2615 1126 an
2666 1071 2826 1135 bene,
2860 1087 2928 1124 an
2973 1071 3135 1132 male,
3176 1086 3245 1124 an
3282 1075 3447 1138 prout

1870 1167 2147 1223 convenit.
2178 1165 2353 1222 Habet
2394 1166 2596 1237 quippe
2634 1166 2907 1219 rationum
2936 1164 3221 1233 petitorem
3261 1160 3445 1216 Domi-

1870 1277 1999 1315 num
2030 1260 2222 1327 Deum,
2245 1259 2339 1329 qui
2368 1258 2510 1313 hanc
2532 1255 2893 1313 oeconomiam
2925 1255 2979 1308 in
3000 1269 3195 1308 manus
3215 1252 3333 1323 ejus
3359 1250 3446 1306 di-

1869 1353 2039 1419 misit,
2064 1352 2264 1422 quippe
2297 1365 2423 1407 eum
2462 1348 2766 1405 sacerdotio
2811 1348 2950 1402 tanti
2983 1346 3208 1403 honoris
3246 1359 3310 1400 ac
3336 1343 3444 1400 loci

1867 1446 2125 1517 dignatus
2153 1450 2257 1500 est.

2398 1578 2628 1636 CAPUT
2672 1575 2911 1632 XXXVI.

1866 1676 2307 1736 Commemoratio
2334 1672 2510 1727 decem
2527 1671 2623 1725 Dei
2644 1668 3049 1734 mandatorum;
3077 1677 3126 1721 et
3154 1684 3255 1739 quo
3285 1665 3440 1722 modo

2394 1760 2457 1797 ea
2484 1742 2567 1795 hic
2593 1741 2906 1798 edisseram.

1934 1844 2085 1900 Habe
2114 1856 2226 1912 pra:
2256 1836 2432 1893 oculis
2458 1836 2709 1889 timorem
2738 1832 2854 1898 Dei,
2889 1847 3104 1903 semper
3134 1832 3321 1887 decem
3341 1829 3437 1887 Dei

1862 1939 2245 1995 mandatorum
2277 1944 2507 1986 memor.
2535 1926 2824 1982 Dominum
2860 1921 3030 1981 Deum
3062 1939 3229 1978 unum
3255 1938 3318 1977 ac
3348 1938 3439 1978 so-

1860 2033 1971 2087 lum
2000 2030 2226 2100 diligere
2252 2042 2320 2081 ex
2349 2024 2479 2078 totis
2512 2020 2741 2075 viribus.
2778 2018 2899 2073 Non
2945 2016 3225 2072 attendere
3252 2016 3434 2080 idolis,

1860 2133 1955 2180 aut
1998 2118 2315 2192 huiusmodi
2366 2116 2496 2182 diis,
2528 2128 2723 2184 nempe
2781 2110 3060 2175 inanimis,
3094 2116 3187 2164 aut
3220 2109 3435 2175 bestiis,

1860 2226 1952 2271 aut
1981 2212 2343 2271 daemonibus.
2367 2207 2409 2239 ³¹
2435 2208 2718 2277 Cognosce
2747 2204 3077 2259 creationem
3109 2201 3204 2257 Dei
3237 2217 3435 2257 novam

1859 2325 1923 2365 ac
1953 2309 2300 2380 praecipuam,
2333 2318 2454 2374 quae
2482 2315 2579 2371 per
2606 2299 2885 2354 Christum
2913 2296 3101 2368 erepit,
3132 2304 3186 2351 et
3230 2295 3437 2352 Sabba-

1858 2412 1971 2456 tum
2024 2398 2326 2457 celebrabis
2373 2402 2595 2467 propter
2641 2408 2766 2449 eum
2806 2392 2900 2463 qui
2924 2392 3139 2463 operari
3162 2400 3215 2446 et
3245 2406 3437 2446 creare

1857 2494 2077 2564 quidem
2109 2491 2293 2558 desiit,
2326 2489 2422 2545 sed
2452 2502 2562 2542 non
2605 2486 2769 2543 desiit
2818 2485 3157 2555 providentia
3201 2500 3301 2540 sua
3344 2501 3439 2556 gu-

1856 2586 2121 2650 bernare;
2153 2583 2475 2646 Sabbatum,
2507 2580 2751 2649 inquam,
2777 2579 2835 2633 in
2864 2577 3217 2632 meditatione
3255 2577 3435 2648 legum

1855 2676 2185 2741 divinarum,
2212 2689 2322 2728 non
2361 2673 2416 2727 in
2463 2672 2751 2727 vacatione
2788 2685 3050 2725 manuum
3099 2670 3430 2726 consistens.

1853 2766 2082 2823 Omnem
2124 2765 2369 2821 illicitam
2420 2764 2773 2835 cupiditatem
2818 2762 3026 2833 rejice:
3060 2762 3187 2818 item
3215 2777 3431 2817 omnem

1852 2876 2074 2925 noxam,
2097 2875 2217 2930 quae
2240 2859 2295 2913 in
2316 2858 2599 2912 hominum
2631 2856 2928 2925 perniciem
2959 2854 3162 2924 vergit;
3196 2868 3435 2908 onmem-

1858 2968 1966 3023 que
2001 2953 2162 3007 iram.
2195 2950 2457 3005 Parentes
2511 2948 2741 3012 honora,
2774 2954 2836 3001 ut
2882 2946 3113 3016 originis
3157 2954 3429 3001 auctores.

1857 3064 1876 3097 ι
1908 3045 2077 3115 Dilige
2106 3043 2415 3114 proximum
2447 3048 2603 3096 tuum
2636 3047 2695 3095 ut
2725 3039 2958 3111 teipsum
2977 3041 3042 3094 ”.
3077 3058 3096 3092 ι
3132 3037 3435 3111 Egentibus

159 3117 373 3188 ἱερεῦσι
413 3120 570 3184 κενὸς
599 3119 730 3191 (29),
760 3124 853 3175 καὶ
892 3123 961 3177 τὰ
1007 3123 1230 3179 ἑκούσιά
1274 3143 1368 3180 σου
1411 3129 1753 3200 ὲνδελεχίςων

1861 3136 2204 3192 communica
2249 3150 2370 3205 qua;
2413 3133 2481 3188 ad
2530 3133 2694 3188 vitam
2725 3131 3035 3188 necessaria
3068 3137 3215 3186 sunt.
3240 3126 3432 3199 Perjué

157 3211 462 3283 πρόσφερε·
488 3214 583 3266 καὶ
608 3215 707 3285 τῆς
734 3215 969 3287 Χριστοῦ
1013 3217 1309 3289 ἐκκλησίας
1340 3220 1411 3293 μὴ
1434 3221 1745 3287 ἀπολείπου,

156 3303 434 3376 ὀρθρίζων
488 3307 569 3370 εἰς
622 3308 792 3380 αὐτὴν
846 3309 954 3381 πρὸ
1006 3309 1208 3375 παντὸς
1252 3311 1438 3385 ἔργου,
1467 3315 1561 3369 καὶ
1588 3315 1748 3370 πάλιν

158 3396 408 3466 ἑσπέρας
437 3399 518 3457 εἰς
545 3400 713 3472 αὐτὴν
741 3400 973 3465 ἀπάντα,
1004 3404 1338 3476 εὐχαριστῶν
1365 3405 1483 3477 Θεῷ
1509 3406 1648 3479 ὑπὲρ
1674 3401 1749 3462 ὧν

160 3506 247 3542 σοι
275 3488 377 3560 τὴν
405 3489 554 3562 ζωὴν
582 3492 920 3565 κεχάρισται.
952 3497 1285 3567 Ἐργοπόνει,
1313 3498 1628 3571 ἐνδελέχιζε,
1657 3517 1751 3554 κοο

157 3583 286 3647 πία,
318 3583 598 3655 πρόσφερε
640 3586 832 3658 Κυρίῳ
871 3587 942 3641 τὰ
986 3587 1209 3645 ἑκούσιά
1250 3607 1365 3644 σου.
1386 3609 1420 3665 ,ι
1443 3591 1610 3662 Τίμα,
1641 3591 1751 3663 γάρ

154 3692 317 3746 φησι,
347 3675 439 3728 τὸν
468 3675 671 3747 Κύριον
698 3678 806 3731 ἀπὸ
835 3678 943 3732 σῶν
968 3679 1188 3734 δικαίων
1217 3681 1445 3737 πόνων.»
1466 3685 1528 3738 Εἰ
1556 3686 1634 3748 εἰς
1661 3685 1751 3739 τὸν

158 3766 460 3838 Κορόανᾶν
475 3766 641 3838 ³³(5Ο)
662 3769 725 3822 ού
753 3768 975 3824 δύνασαι
996 3770 1229 3841 βάλλειν,
1246 3774 1350 3828 κᾶν
1370 3775 1614 3829 κοινώνει
1641 3779 1752 3841 τοῖς

1850 3229 1995 3283 rium
2035 3236 2090 3283 et
2139 3229 2395 3296 frequens
2426 3241 2549 3280 cum
2582 3224 2821 3279 vanitate
2849 3222 3237 3294 jusjurandum
3267 3222 3428 3294 fuge;

1854 3336 1964 3375 non
2014 3320 2159 3375 enim
2209 3320 2476 3374 innocens
2506 3332 2570 3372 ac
2597 3318 2896 3388 impunitus
2946 3317 3076 3372 eris.
3110 3314 3227 3370 Non
3259 3330 3429 3386 appa-

1853 3427 1977 3467 reas
2007 3426 2191 3466 coram
2222 3410 2599 3466 sacerdotibus
2628 3425 2854 3470 vacuus,
2880 3407 2974 3463 sed
3004 3407 3310 3462 voluntaria
3335 3414 3431 3460 tua

1854 3505 1995 3560 dona
2028 3502 2162 3558 offer
2183 3502 2421 3573 jugiter;
2454 3510 2508 3558 et
2533 3500 2600 3555 ad
2616 3500 2824 3557 Christi
2865 3500 3154 3556 ecclesiam
3187 3499 3337 3553 adire
3362 3514 3431 3554 ne

1856 3596 2099 3657 desinas,
2132 3594 2380 3664 quinimo
2426 3609 2588 3649 mane
2638 3602 2763 3648 ante
2808 3607 2970 3647 omne
3009 3607 3147 3662 opus
3178 3605 3426 3655 accurre,

1854 3687 2215 3756 similiterque
2242 3700 2468 3756 vespere
2495 3685 2642 3749 veni,
2675 3692 2735 3739 ut
2758 3684 2962 3755 gratias
2983 3681 3095 3738 Deo
3124 3697 3254 3752 agas
3279 3680 3429 3751 quod

1854 3778 2022 3833 vitam
2048 3778 2145 3832 tibi
2176 3778 2407 3850 largitus
2444 3785 2551 3834 est.
2593 3777 2854 3849 Operare,
2885 3780 3007 3832 esto
3031 3774 3308 3841 assiduus,
3343 3774 3429 3828 la-

229 3947 274 3980 ³¹
320 3947 569 4030 1.1gnat.
601 3953 954 4030 interpol._ad
980 3954 1220 4030 Magpes.
1254 3956 1309 4013 9.
1384 3959 1431 3995 ³⁸
1471 3956 1659 4014 Matth.
1725 3976 1753 4016 v

1861 3962 1897 4014 5.
1977 3959 2023 3991 ³³
2061 3960 2134 4016 al.
2165 3961 2245 4023 εἰς
2272 3959 2363 4014 τὸν
2392 3958 2666 4030 κορϐανᾶν
2696 3958 2723 4011 ὃ
2752 3956 2978 4011 δύνασω
3012 3952 3247 4025 βάλλων,
3309 3968 3427 4005 κοι-

155 4016 339 4071 νώνει.
374 4018 469 4073 Sic
497 4028 728 4092 uterque
748 4016 1300 4082 ‘VindobonfCodex.

1472 4177 1834 4234 VARIORUM
1870 4178 2105 4235 ΝΟΤᾸΞ.

157 4359 359 4433 saltem
381 4358 461 4433 ad
486 4361 774 4433 veritatem
806 4359 1153 4418 Hebraicam.
1200 4362 1467 4433 Caeterum
1512 4360 1735 4416 benedi-

1861 4362 2112 4433 (ύριλλος
2138 4362 2493 4433 γΔόμνῳ.......
2524 4359 2709 4433 Inepte
2729 4359 2979 4433 editores
2996 4357 3266 4433 Theodori
3300 4358 3424 4433 Bal-

155 4445 309 4487 cere.
342 4428 626 4500 idiotismo
660 4432 859 4500 lingua:
889 4440 1111 4495 sanctas,
1138 4440 1223 4488 est
1260 4431 1581 4487 benefacere
1608 4451 1621 4487 ε
1658 4448 1745 4485 re-
1777 4436 1820 4489 D
1851 4428 2095 4486 samonis
2135 4432 2188 4485 in
2218 4428 2284 4485 eo
2305 4428 2493 4493 titulo,
2530 4432 2688 4484 initio
2722 4431 2931 4500 pagina?
2964 4430 3102 4483 1076
3131 4438 3244 4484 tres
3292 4431 3424 4483 ultio

155 4510 359 4571 cteque
391 4499 482 4553 hic
514 4501 657 4555 inter
685 4499 995 4557 testimonia
1022 4502 1099 4556 De
1126 4503 1462 4571 eleemosynis
1495 4511 1543 4555 et
1574 4503 1747 4555 muni-

157 4569 379 4641 ﬁcengia
412 4575 595 4641 textus
630 4571 735 4626 iste
764 4573 1128 4641 proverbialis
1152 4569 1474 4627 collocatur.
1511 4571 1647 4627 Cor.

231 4640 477 4709 (‘27)d01’2
516 4640 722 4708 μέντοι
765 4643 1181 4709 λογιστεύσεις
1223 4659 1339 4696 σου
1370 4643 1476 4695 τὸν
1502 4642 1749 4696 ἐπίσκο-

156 4707 300 4782 got.
350 4707 468 4782 Huc
522 4707 656 4782 facit
707 4707 914 4765 dictum
970 4710 1245 4782 S.Cyrilli
1286 4712 1637 4766 Alexandrini
1689 4713 1745 4766 in

157 4779 410 4854 Epistola
446 4780 751 4854 canonica:
784 4782 958 4834 Λυπεῖ
988 4779 1213 4854 σφόδρα,
1254 4782 1471 4854 καὶᾲίείς
1510 4782 1747 4854 ἐσχάτην

153 4850 392 4923 ἁκηδίαν
422 4850 721 4923 καταφέρει
747 4854 893 4923 ⁸τοὺς
940 4850 1281 4923 ἁπανταχόσε
1309 4850 1600 4923 γῆςλὸντας
1631 4850 1748 4923 θεο-

156 4869 392 4919 ιικηοιαν
422 4869 721 4921 καταφερει
765 4869 893 4915 τους
940 4869 1281 4923 απανταχοσε
1346 4869 1413 4921 ης
1442 4869 1600 4914 οντας
1631 4869 1746 4904 uso-

156 4919 525 4992 σεὸεστάτους
551 4921 919 4992 -ὲπισκόπους,
951 4922 1011 4975 τὸ
1056 4869 1400 4976 ἀπαιτεῖσθαι
1428 4920 1619 4992 λόγους
1646 4921 1746 4992 τῆς

153 4988 479 5062 οἰκονομίας
506 4989 615 5062 τῷν
659 4992 1114 5062 παραπιπτόντων
1141 4994 1324 5055 αὐτοῖς
1352 4988 1743 5062 ἀναλωμάτων,

152 5061 267 5131 εζτε
300 5060 366 5111 ὲκ
387 5059 690 5131 Δπροσόδων
729 5058 1215 5131 ἑκκλησιαστικῶν,
1244 5063 1338 5115 εἰτ’
1367 5058 1459 5115 οῦν
1502 5058 1596 5115 καὶ
1638 5060 1748 5113 ὰπὸ

151 5129 255 5199 τῆς
286 5128 466 5203 invdia
482 5128 1130 5203 καρποφορίαᾷςίέκαστος
1155 5132 1263 5203 γὰρ
1287 5132 1443 5203 ἡμῶν
1464 5131 1570 5203 τῷν
1603 5132 1745 5203 ἰδίων

152 5197 374 5273 καιρῶν
400 5197 569 5273 δώσει
590 5197 749 5273 λόγον
775 5201 853 5273 τῷ
891 5202 1106 5256 πάντων
1133 5197 1318 5273 κριτῇξ
1331 5197 1617 5273 ’Κειμήλια
1650 5201 1746 5273 μὲν

286 5268 634 5342 καίῇκτήσεις
660 5267 968 5342 ἀκινήτους,
998 5267 1385 5342 ἀνεκποιήέὲους
1405 5267 1536 5342 ταῖς
1552 5267 1746 5342 ἐκκλητ-

158 5336 310 5411 erat;
346 5336 614 5411 σώζεσθαι
658 5336 1135 5411 χρή”θαρσεῖσθαι
1181 5336 1255 5395 δὲ’
1280 5343 1391 5405 τοῖς
1438 5341 1557 5411 (vel
1597 5336 1743 5410 τοὺς)

158 5357 310 5400 σιαις
346 5357 614 5401 σωςεσυαι
658 5357 785 5461 χθρηο
819 5357 1135 5411 υαρσεισυαι
1181 5357 1238 5395 οε
1280 5358 1391 5405 τοις
1438 5357 1544 5410 (νει
1597 5357 1743 5410 τους)

155 5407 305 5489 κατὰ
334 5407 525 5489 καιρὸν
553 5408 651 5479 τὴν
708 5408 1581 5489 είανΑδιέπουσιν-(νθιδιέποντας).
1601 5412 1747 5481 ἱερω-

158 5476 357 5552 σιξνην3
386 5476 498 5530 τῶν
526 5476 986 5552 παραπιπτόντων
1013 5476 1383 5552 ἀναλωμάτων
1411 5480 1509 5552 τὴν
1536 5476 1744 5534 οἰκονο-

158 5544 417 5621 μίανᾼιιι
450 5544 802 5603 scribendum
830 5566 896 5605 ex
927 5544 1270 5620 mss.Regi'is.
1294 5551 1335 5604 E
1361 5544 1561 5621 quibus
1582 5552 1746 5621 etiam

154 5617 447 5739 comflere
470 5626 687 5740 Oplortet
718 5621 964 5690 epistolae
993 5617 1231 5688 titulum,
1261 5617 1559 5690 hoc'pacto
1586 5640 1599 5675 :
1635 5619 1743 5672 Τοῦ

154 5688 251 5761 έν-
312 5687 458 5761 ficte
506 5758 518 5761 _
562 5689 726 5761 ατρὸς
776 5691 933 5761 ἡμῶν
988 5690 1259 5761 Κυρίλλου
1314 5689 1742 5761 ἁρχιεπισκόπου

188 5705 251 5762 ν⁸
278 5704 458 5762 αγιοις
506 5704 726 5762 ματρὸς
776 5704 933 5762 ημων
989 5704 1259 5762 Κυρίλλου
1314 5704 1742 5762 αρχιεπισκοπου

172 5756 585 5829 Ἀλεξανδρείας
633 5756 890 5833 ἐπιστολὴ
920 5756 1174 5833 κανονὶκὴ
1213 5756 1741 5834 πρὸς’Δ’όμνον.......

1851 4518 1969 4556 mas
1996 4517 2159 4571 voces
2189 4503 2397 4570 paginze
2436 4500 2793 4571 przecedentis
2826 4500 2965 4555 1075
2995 4509 3318 4569 posuerunt,
3363 4500 3423 4551 ὲν

1848 4575 1961 4634 τοῖς
1990 4570 2198 4642 ὕμνοις.
2232 4572 2310 4626 ΙΙ).

1922 4637 2040 4710 (28ῖ
2089 4642 2334 4710 Ἰσχύος.
2367 4640 2519 4694 Alter
2556 4642 2726 4696 codex
2756 4637 2904 4710 addit
2934 4655 3047 4692 σου.
3079 4637 3244 4710 cum.

1918 4707 2030 4780 (29)
2069 4707 2179 4777 Μὴ
2197 4707 2388 4779 ὀφθῇς
2416 4713 2573 4777 παρὰ
2600 4711 2722 4775 τοῖς
2750 4709 2973 4780 ἱερεῦσι
3003 4708 3227 4780 κενός.Δ
3251 4707 3425 4780 M_odi-

1848 4777 1971 4835 cum
1998 4777 2282 4849 detorquet
2310 4780 2753 4851 Ioca_Scriptura3
2780 4778 2948 4832 Exodi
2979 4792 3141 4851 putt,
3164 4777 3230 4832 15
3248 4795 3264 4846 ;
3284 4777 3424 4833 Deu-

1850 4862 2028 4906 teron.
2062 4847 2187 4913 1m,—
2213 4851 2302 4912 16,
2336 4858 2389 4905 et
2424 4847 2742 4905 Ecclesiast.
2777 4863 2941 4908 xxxv,
2972 4847 3025 4902 6.
3059 4848 3195 4902 Cor.

1919 4921 2031 4990 (50)
2067 4923 2135 4974 El
2163 4924 2248 4986 εἰς
2275 4920 2380 4973 τὸν
2408 4919 2732 4987 Κορὸανᾶν.
2766 4918 3015 4990 Omnino
3047 4916 3287 4990 praeferri
3328 4918 3422 4990 de-

1851 4987 1938 5045 bet
1986 4987 2146 5061 lectio
2193 4990 2477 5061 marginis.
2523 4990 2834 5061 Κορὸανᾶς,
2865 4987 3180 5061 Κορδωνᾶς,
3213 4988 3421 5061 Κορβο·

1847 5064 1962 5124 νᾶς,
1998 5070 2081 5115 cst
2113 5057 2350 5129 Iosephi)
2374 5075 2537 5129 sacer:
2566 5057 2895 5129 thesaurus;
2946 5057 3273 5129 Hieronymo
3300 5057 3390 5110 “(;;ι

1849 5126 2325 5200 ιορίιγΙειείιιηιξρι
2350 5130 2491 5183 dona
2510 5128 2943 5200 Dei.ADeduci_tur
2968 5143 2997 5180 a
3028 5126 3258 5189 Corban,
3277 5126 3423 5195 quod

1846 5197 2067 5271 proprie
2100 5200 2372 5271 significat
2402 5214 2601 5271 munus
2632 5198 2745 5271 Deo
2774 5197 3045 5271 qblatu'lp,‘
3075 5213 3197 5271 seu,
3227 5212 3422 5271 quem:

1849 5258 2249 5321 adiriorlum'in
2300 5267 2439 5320 libro
2490 5263 2568 5318 De
2604 5262 2900 5316 nominibus
2943 5258 3224 5315 Hebraicis
3242 5258 3414 5322 'apud

1851 5338 2239 5407 Hieronymum
2283 5337 2538 5407 vertitur,
2580 5332 2932 5407 oblatiopem.
2966 5330 3025 5385 S.
3070 5326 3309 5407 Hilarius
3345 5328 3415 5407 ad

1847 5398 2085 5480 Mattliae'i
2129 5423 2299 5471 xxv",
2327 5405 2389 5480 6A:
2440 5405 2620 5480 Neque
2663 5402 3095 5480 inhCoraongm:
3138 5398 3194 5480 id
3235 5400 3415 5480 est

1847 5477 2163 5551 oblationem
2183 5469 2400 5551 pecunia
2423 5469 2701 5551 admisceri
2726 5474 2924 5551 liceret.
2964 5470 3115 5551 nde
3141 5469 3414 5551 i'mmerito

1849 5547 2097 5614 arguitur
2123 5538 2193 5601 S.'
2216 5547 2641 5621 Clirygistomus
2672 5544 2859 5621 (cujus
2882 5540 3122 5621 verha_i.n
3152 5538 3410 5621 Laticum

1848 5608 2010 5670 suum
2049 5608 2346 5672 transtulit'
2372 5608 2720 5675 Favorinus),
2761 5608 2896 5682 'quia
2936 5610 3122 5682 scribit
3160 5610 3225 5682 ad
3271 5608 3409 5682 Mat-

1848 5690 1970 5742 lliaei
2006 5698 2173 5757 caput
2205 5704 2301 5741 xv:
2349 5688 2569 5757 Κορϐἅν
2597 5687 2697 5739 οὐκ
2748 5680 2858 5757 ἔστι
2893 5680 3407 5757 δωρεά-καί-προῖξ,

1847 5761 1978 5817 ἀλλὰ
2008 5752 2292 5835 προσφορὰ
2329 5752 2533 5831 κυρίως
2560 5756 2794 5828 λέγεται.
2828 5755 2953 5813 Scio
2983 5752 3144 5823 LXX,
3172 5752 3413 5810 Marcum
