3884 6180
209 283 323 339 689

1096 276 1700 336 CONSTITUTIONES
1734 276 2424 335 APOSTOLICJE.—LIB.
2465 279 2514 335 ll

3364 285 3468 341 690

208 393 535 449 Τούναντίον
571 391 681 465 γὰρ
720 392 936 464 εἴρηται
975 391 1087 454 τοῖς
1116 388 1220 455 ἔξω
1246 388 1340 442 τοῦ
1369 388 1677 459 ἀξιώματος
1703 387 1797 440 τοῦ

1912 387 2081 442 ctione
2109 384 2334 441 eﬂ‘ectus
2360 402 2416 442 es
2442 399 2458 449 ;
2490 386 2640 456 atqui
2667 388 2800 445 solis
2824 390 3205 446 sacerdotibus
3222 391 3474 462 judicare

210 484 542 550 δικαστικοῦ,
597 486 631 557 ἢ
686 481 1062 537 διδασκαλικοῦ
1106 481 1217 553 (3‘2)
1270 480 1595 554 ὑπάρχουσν
1653 497 1672 531 ι
1700 479 1792 550 Μὴ

208 580 449 650 κρίνετε,
478 577 572 631 καὶ
598 577 661 629 οὐ
694 575 767 648 μὴ
800 572 1144 646 κριθήσεσθε.
1172 592 1190 626 ›

1900 486 1985 533 est
2012 492 2335 533 concessum
2356 521 2370 545 ,
2404 478 2603 549 quippe
2630 482 2833 549 quibus
2860 482 3069 537 dictum
3113 484 3186 539 sit
3217 502 3230 539 :
3274 501 3292 535 ι
3320 483 3476 539 Judi-

1899 571 2045 626 cium
2093 570 2302 640 justum
2366 570 2705 640 judicate";
2754 592 2772 625 ι
2839 584 2892 629 et
2955 591 3176 632 rursum
3233 596 3247 633 :
3301 595 3322 628 ι
3382 576 3531 646 Es-_

209 680 325 725 tote
360 668 514 739 probi
547 667 909 738 trapezita”:
934 676 953 711 ι
975 665 1130 722 vobis
1157 674 1338 721 autem
1364 663 1420 719 id
1447 679 1557 719 non
1588 671 1672 719 est
1698 662 2067 733 permissum;
2100 662 2209 717 imo
2237 669 2459 727 contra,
2476 662 2546 718 iis
2566 663 2662 732 qui
2690 663 3008 735 dignitatem
3038 673 3132 720 aut
3161 665 3365 737 judicis
3385 677 3479 725 aut

209 762 463 835 magistri
493 775 606 817 non
642 761 865 826 habent,
895 759 1103 815 dictum
1130 769 1215 817 est
1239 779 1253 813 :
1281 776 1300 810 ι
1328 757 1508 813 Nolite
1529 757 1799 828 judicare,
1835 766 1891 813 et
1926 772 2037 812 non
2069 755 2449 827 judicabimini
2479 753 2621 809 “J9.
2655 769 2673 803 ι

724 966 1130 1021 ΚΕΦΑΛΑΙΟΝ
1164 967 1286 1020 ΛΖ’.

210 1120 869 1203 Περί-κατηγόρωνααὶ
910 1117 1330 1203 συκοςξαντεῦνς
1360 1116 1459 1172 καὶ
1492 1116 1668 1203 οπως,
1687 1115 1800 1187 (55)

283 1187 403 1268 χρὴ
425 1187 531 1267 μὴ’
544 1187 869 1274 προχείρως
896 1187 1551 1274 πιστεύειζῄἀπίςτεζν
1568 1188 1800 1252 τούτοις

280 1258 398 1324 ἦν’
416 1258 839 1336 ἱερίτθιισίὰλλὰ
858 1259 1011 1330 μετὰ
1036 1258 1316 1329 ἀκριϐοῦς
1342 1258 1690 1323 ἐξετάσεως.

283 1404 390 1460 Τδν
433 1404 617 1476 μέντοι
657 1384 957 1455 ἐπίσκοπον
999 1396 1080 1451 δεῖ
1120 1395 1326 1468 κρίνειν
1380 1394 1576 1467 ὀρθῶς,
1618 1392 1801 1458 καθὼς

208 1498 540 1569 γέγραπταιι
578 1514 597 1546 ι
623 1496 736 1567 Τὴν
775 1492 989 1547 δικαίαν
1017 1491 1198 1563 κρίσιν
1226 1488 1460 1562 κρίνετε.
1489 1506 1507 1540 ι
1548 1488 1659 1542 Καὶ
1703 1486 1800 1540 ἀλ-

209 1589 401 1662 λαχοῦ’
432 1589 527 1642 (Τί
556 1588 611 1642 δὲ
638 1588 734 1641 καὶ
762 1587 852 1655 ἀφ’
873 1584 1081 1638 ἑαυτῶν
1110 1583 1172 1637 οὐ
1200 1584 1416 1655 κρίνετε
1443 1581 1504 1635 τὸ
1528 1580 1753 1646 δίκαιον;
1775 1597 1794 1631 ι

210 1682 437 1737 Γίνεσθε
477 1677 570 1734 οὖν
615 1679 692 1742 ὡς
730 1676 1093 1750 ἀργυρονόμοι
1121 1676 1500 1747 ἐπιστήμονες.
1532 1673 1800 1742 Καθάπερ

210 1775 324 1847 γὰρ
351 1770 499 1827 οὗτοι
522 1770 592 1825 τὰ
616 1768 797 1840 φαῦλα
822 1769 930 1822 τῶν
958 1767 1306 1840 νομισμάτων
1333 1765 1710 1837 ἀποκρίνουσι,
1731 1762 1801 1817 τά

209 1828 270 1920 δὲ
292 1828 507 1937 ,δόκιμα
540 1828 885 1917 οἰκειοῦνται·
923 1828 1217 1916 τδνάύίτὸν
1251 1860 1314 1931 δὴ
1352 1828 1552 1932 τρόπον
1587 1828 1801 1912 καὶτὸν
1834 1828 1875 1883 Β

210 1959 513 2013 ἐπίσκοπον
542 1956 670 2028 χρὴ,
700 1955 769 2009 τά
816 1957 915 2027 μὲν
959 1954 1168 2026 ἄμωμα
1203 1952 1474 2024 κατέχειν,
1503 1950 1573 2005 τά
1599 1950 1655 2004 δὲ
1682 1951 1803 2004 ἐπί-

213 2067 385 2122 μωμα
411 2049 445 2121 ἢ
476 2047 817 2120 θεραπεύειν,
833 2048 868 2119 ἢ
885 2047 1117 2111 ἀνιάτως
1142 2044 1403 2100 νοσοῦντα
1418 2045 1797 2117 ἀπορρίπτειν·

210 2143 309 2196 καὶ
340 2143 414 2214 μὴ
442 2141 652 2212 ταχέως
678 2141 921 2205 κόπτειν,
955 2140 1088 2212 μηδὲ
1127 2134 1209 2202 οἷς
1246 2138 1449 2209 δήποτε
1503 2136 1798 2190 πιστεύειν·

211 2234 451 2305 ἐγχωρεί
465 2233 574 2305 γάρ
589 2250 739 2296 τινας
765 2234 858 2288 καὶ
884 2232 971 2285 διὰ
1000 2229 1231 2304 ζῆλον,ῆ
1258 2231 1450 2299 φθόνον
1482 2230 1623 2284 κατά
1659 2247 1805 2292 τινος

211 2324 444 2395 ἀδελφοῦ
490 2325 853 2397 ἐνστήσασθαι
900 2324 1068 2397 ψευδῆ
1115 2324 1468 2396 κατηγορίαν·
1514 2323 1591 2387 ὡς
1624 2324 1673 2377 οί
1713 2321 1806 2375 δύο

212 2416 579 2489 πρεσϐύτεροι
624 2419 715 2470 ἐπὶ
760 2418 860 2490 τῆς
899 2417 1188 2487 Σωσάννης
1215 2417 1273 2469 ὲν
1301 2415 1600 2479 Βαϐυλῶνι,
1631 2415 1725 2468 καὶ
1770 2415 1804 2484 ἡ

214 2510 493 2578 Δίγυπτία
520 2510 614 2562 ἐπὶ
642 2508 720 2580 τῷ
753 2510 969 2581 Ἰωσήφ.
995 2509 1067 2563 Σὺ
1097 2505 1306 2573 οὖν,ὼς
1330 2505 1465 2562 Θεοῦ
1496 2506 1802 2579 ἄνθρωπος,

212 2601 289 2654 τὰ
314 2601 536 2654 τοιαῦτα
568 2601 642 2673 μὴ
672 2601 981 2673 προχείρως
1008 2600 1340 2671 παραδέχου,
1372 2600 1461 2653 ἵνα
1491 2599 1566 2671 μὴ
1613 2597 1807 2669 ἀνέλῃς

214 2694 311 2747 τὸν
337 2694 514 2747 ἀθῶον
541 2695 636 2747 καὶ
662 2694 990 2765 ἀποκτείνῃς
1016 2692 1108 2747 τὸν
1134 2692 1360 2747 δίκαιον.
1378 2692 1435 2747 '0
1454 2692 1564 2763 γὰρ
1582 2690 1807 2745 τοιαῦτα

217 2784 625 2857 παραδέχεσθαι
664 2785 854 2851 θέλων,
885 2786 1055 2857 ὀργῆς
1082 2786 1264 2858 πατήρ
1291 2786 1408 2838 ἐστι
1440 2784 1638 2856 μᾶλλον
1668 2782 1701 2853 ἢ
1732 2785 1809 2836 εί-

219 2876 410 2948 ρήνης·
436 2878 573 2930 ὅπου
602 2877 657 2931 δὲ
684 2877 850 2950 ὀργὴ,
881 2878 999 2931 ἐκεῖ
1023 2880 1051 2931 ὁ
1079 2876 1282 2949 Κύριος
1310 2877 1409 2931 οὐκ
1439 2876 1602 2930 ἔστιν·
1635 2877 1670 2947 ἡ
1698 2875 1809 2948 γὰρ

215 2970 356 3041 ὀργὴ
397 2967 493 3022 τοῦ
535 2970 749 3023 Σατανᾶ
788 2970 1109 3040 ὑπάρχουσα
1136 2970 1285 3040 φίλη,
1315 2969 1457 3039 λέγω
1484 2970 1562 3033 δὲ,
1591 2969 1625 3040 ἣ
1656 2968 1810 3041 παρά

216 3060 282 3113 τὸ
308 3060 514 3113 δίκαιον
553 3060 840 3131 κινουμένη
870 3060 957 3114 διὰ
982 3060 1090 3114 τῶν
1131 3060 1525 3131 ψευδαδέλφων,
1554 3060 1809 3115 οὐδέποτε

2423 959 2651 1016 CAPUT
2689 960 2953 1020 XXXVII.

1902 1117 2008 1195 De‘
2029 1120 2513 1195 accusatoripuaet
2541 1122 2896 1195 delatoribus;
2926 1132 2976 1179 et
3006 1125 3145 1195 quod
3177 1120 3347 1194 judex
3374 1141 3481 1179 non

1972 1191 2155 1245 debeat
2180 1191 2290 1245 illis
2320 1191 2478 1259 facile
2516 1194 2750 1258 credere,
2782 1195 2859 1248 vel
2887 1211 2989 1249 non
3018 1191 3245 1253 credere.
3267 1194 3357 1252 sed
3388 1198 3482 1250 ad-

1972 1260 2139 1315 hibita
2165 1262 2406 1332 diligenti
2438 1263 2796 1333 inquisitione.

1974 1398 2146 1456 Porro
2188 1399 2508 1472 episcopum
2559 1410 2775 1473 oportet
2820 1412 2969 1459 recte
3010 1401 3290 1472 judicare;
3338 1403 3481 1458 sicut

1903 1494 2167 1564 scriptum
2213 1500 2342 1549 est:
2387 1514 2406 1545 ι
2432 1494 2654 1551 Justum
2697 1497 2965 1567 judicium
3003 1495 3325 1566 judicate“;
3365 1516 3385 1551 ι
3425 1504 3482 1552 et

1903 1587 2072 1642 alibi:
2110 1605 2130 1639 ι
2175 1586 2315 1653 Quid
2361 1604 2494 1644 vero
2544 1605 2575 1644 a
2629 1590 2786 1645 vobis
2824 1589 2958 1660 ipsis
2989 1589 3135 1660 quod
3156 1589 3368 1659 justum
3396 1596 3483 1646 est

1902 1694 2012 1733 non
2031 1678 2394 1749 judicatis“?
2426 1700 2444 1733 ι
2479 1680 2664 1738 Estote
2697 1682 2865 1752 igitur
2897 1689 3153 1751 tanquam
3186 1682 3483 1752 argentarii

1901 1773 2083 1842 periti.
2116 1772 2187 1827 Ut
2217 1774 2364 1829 enim
2391 1773 2469 1827 illi
2513 1788 2768 1828 nummos
2815 1772 3153 1827 adulterinos
3201 1773 3480 1842 rejiciunt,

1903 1864 2104 1933 probos
2134 1871 2311 1919 autem
2344 1864 2614 1931 retinent;
2644 1864 2897 1919 eumdem
2928 1864 2995 1919 ad
3021 1866 3241 1920 modum
3268 1872 3483 1935 oportet

1905 1963 1966 2010 ut
1995 1955 2286 2026 episcopus
2314 1971 2434 2025 quae
2462 1970 2572 2009 non
2616 1955 2819 2011 habent
2846 1956 3118 2010 maculam
3162 1957 3493 2027 complecta-

1903 2056 2014 2111 tur,
2044 2062 2166 2117 quae
2210 2054 2392 2103 autem
2436 2048 2715 2102 maculosa
2766 2054 2916 2112 sunt,
2954 2048 3041 2103 vel
3089 2055 3264 2112 curet,
3312 2048 3394 2103 vel
3437 2049 3485 2104 si

1904 2139 2258 2209 desperanter
2302 2140 2574 2205 laborent,
2606 2140 2858 2210 abjiciat;
2905 2156 3015 2194 non
3066 2148 3246 2196 tamen
3299 2142 3485 2196 statim

1906 2239 2169 2303 amputet,
2196 2247 2297 2287 nec
2326 2233 2613 2303 quibusvis
2642 2233 2830 2288 credat
2859 2233 2937 2300 “;
2971 2233 3029 2287 ﬁt
3059 2234 3201 2289 enim
3236 2248 3487 2289 nonnun-

1905 2341 2091 2396 quam,
2130 2332 2190 2380 ut
2214 2326 2379 2395 aliqui
2409 2326 2756 2380 aemulatione
2783 2340 2849 2379 ac
2877 2324 3079 2379 invidia
3111 2323 3261 2379 ducti
3292 2324 3487 2380 adver-

1907 2434 2001 2474 sus
2026 2418 2248 2474 fratrem
2274 2418 2465 2474 falsam
2495 2420 2899 2473 accusationem
2918 2418 3237 2484 instituant;
3272 2424 3331 2472 ut
3356 2418 3486 2471 olim

1906 2509 2179 2581 Babylone
2225 2510 2336 2564 duo
2386 2526 2545 2566 senes
2590 2509 2853 2566 adversus
2879 2509 3189 2566 Susannam
3206 2510 3273 2575 “,
3319 2518 3488 2581 utque

1909 2602 2165 2675 Egyptia
2198 2603 2396 2658 mulier
2429 2610 2622 2658 contra
2652 2601 2949 2673 Josephum
2969 2602 3034 2658 “.
3065 2601 3220 2657 Talia
3269 2610 3351 2666 tu,
3393 2603 3487 2674 qui

1907 2694 2073 2749 homo
2117 2694 2212 2750 Dei
2243 2709 2325 2756 es,
2357 2710 2469 2749 non
2506 2704 2710 2750 temere
2740 2694 3015 2759 admittes,
3045 2710 3114 2749 ne
3144 2694 3289 2749 forte
3326 2696 3488 2749 inno-

1908 2793 2120 2842 centem
2150 2786 2411 2857 perimas,
2459 2793 2515 2842 et
2560 2787 2780 2841 occidas
2803 2786 3033 2856 justum.
3066 2786 3171 2852 Qui
3200 2788 3343 2842 enim
3372 2787 3489 2842 haec

1908 2878 2140 2934 libenter
2170 2877 2345 2943 audit,
2376 2878 2553 2949 magis
2582 2879 2677 2933 irae
2702 2886 2857 2949 pater
2877 2884 3159 2948 est,quam
3184 2879 3363 2948 pacis;
3396 2879 3489 2932 ubi

1909 2987 2041 3027 vero
2069 2971 2149 3026 ira
2185 2980 2289 3038 est,
2320 2971 2450 3025 hinc
2482 2970 2745 3027 Dominus
2775 2970 2961 3036 abest;
2994 2970 3123 3041 quia
3160 2969 3241 3025 ira
3272 2970 3490 3025 Satanae

1912 3063 2116 3129 amica;
2168 3063 2316 3117 illam
2364 3063 2510 3127 dico,
2546 3076 2688 3133 qum,
2718 3076 2750 3116 a
2795 3061 2951 3119 falsis
3008 3060 3270 3117 fratribus
3298 3070 3488 3116 contra

219 3152 416 3223 ἀφίησι
444 3152 695 3220 γενέσθαι
722 3154 970 3225 ὁμόνοιαν
999 3154 1056 3205 ὲν
1085 3155 1151 3224 τῇ
1182 3151 1662 3225 Ἐκκλησίᾳ.”Οθεν
1691 3153 1806 3205 ἐπι-

1914 3157 2224 3225 aaquitatem
2257 3155 2532 3211 concitata
2556 3189 2574 3218 ,
2633 3168 2911 3224 nunquam
2933 3153 3287 3208 concordiam
3316 3155 3371 3208 in
3395 3152 3492 3209 Ec-

218 3243 586 3312 γινώσκοντες
613 3247 741 3308 τοὺς
768 3244 1045 3309 τοιούτους
1074 3245 1335 3317 ἄφρονας,
1367 3242 1609 3315 ἐριστὰς,
1637 3241 1812 3315 ζηλω-

219 3336 345 3400 τὰς,
376 3338 798 3408 χαιρεσικάκους
827 3338 960 3409 (54),
1008 3338 1080 3409 μὴ
1124 3336 1405 3391 πιστεύετε
1446 3337 1648 3401 αὐτοῖς’
1679 3335 1814 3389 ἀλλά

222 3430 323 3482 καὶ
362 3429 770 3501 παρατηρεῖσθε
811 3431 938 3494 τοὺς
964 3427 1258 3493 τοιούτους,
1288 3427 1577 3493 ἀκούοντές
1602 3445 1654 3481 τι
1682 3431 1814 3501 παρ’

223 3521 408 3575 αὐτῶν
453 3514 596 3575 κατὰ
634 3519 882 3590 ἀδελφοῖν
927 3521 1009 3574 ὅτι
1046 3520 1194 3573 οὐδὲν
1223 3521 1281 3572 ὲν
1309 3519 1608 3591 ὀφθαλμοῖς
1635 3520 1815 3574 αὐτῶν

224 3614 409 3682 φόνος
442 3614 536 3667 καὶ
561 3609 623 3668 οὗ
648 3631 732 3678 τις
764 3615 863 3684 ούχ
900 3613 1138 3677 ὑπονοεῖ,
1169 3612 1596 3667 καταϐάλλουσιν
1624 3612 1812 3683 ἄνδρα.

225 3705 303 3760 Σὺ
332 3701 429 3760 οὗν
454 3706 685 3777 πρόσεχε
713 3706 791 3777 τῷ
819 3705 1268 3778 κατηγορηθέντι,
1291 3707 1349 3758 ὲν
1378 3706 1542 3778 σοφία
1569 3723 1818 3778 παρατη-

231 3798 344 3869 ρῶν
378 3797 480 3868 τὴν
520 3798 863 3870 ἀναστροφὴν
890 3797 1078 3862 αὑτοῦ,
1106 3797 1192 3862 τίς
1218 3799 1312 3852 καὶ
1338 3799 1499 3853 ὁποία
1537 3798 1813 3870 τυγχάνειο

226 3890 329 3943 καὶ
357 3890 408 3942 εί
437 3887 620 3961 ε’ύροις
650 3888 810 3944 αὐτὸν
828 3888 1181 3961 ἀληθεύοντα,
1203 3888 1346 3943 κατά
1370 3890 1469 3962 τὴν
1493 3889 1588 3944 τοῦ
1610 3892 1816 3963 Κυρίου

227 3980 458 4053 διδαχὴν
482 3980 728 4050 ποίησον,
755 3982 848 4035 καὶ
879 3982 1037 4051 μόνον
1072 3980 1404 4052 παραλαϐὼν
1447 3981 1539 4035 τὸν
1583 3999 1821 4055 κατηγο-

1915 3246 2088 3303 clesia
2119 3246 2423 3302 subsistere
2453 3246 2679 3315 patitur.
2717 3243 2871 3300 Unde
2905 3245 3140 3316 cognitis
3170 3245 3237 3300 iis
3260 3244 3493 3300 homini-

1914 3339 2039 3401 bus,
2070 3337 2528 3408 imprudentibus,
2554 3336 2937 3401 contentiosis,
2988 3335 3218 3401 aemulis,
3253 3335 3493 3391 malevo-

1913 3429 2174 3496 lentibus,
2206 3416 2376 3484 nolite
2400 3428 2561 3485 ﬁdem
2594 3429 2703 3485 illis
2734 3428 2971 3496 habere;
2997 3428 3132 3499 quin
3160 3428 3342 3498 potius
3366 3444 3493 3483 cum

1913 3537 2011 3578 eos
2054 3520 2338 3577 audieritis
2383 3519 2608 3576 fratrem
2656 3522 2960 3585 criminari,
2990 3522 3297 3577 cautionem
3332 3522 3491 3576 adhi-

1914 3614 2037 3668 bete
2061 3631 2076 3681 ;
2104 3613 2233 3683 quia
2263 3612 2620 3667 homicidium
2666 3613 2830 3670 ludus
2874 3614 2984 3669 illis
3025 3614 3243 3669 videtur
3266 3628 3330 3668 ac
3355 3614 3494 3668 nihi-

1916 3707 2028 3760 lum
2050 3724 2064 3773 ;
2095 3714 2147 3761 et
2174 3706 2264 3760 ubi
2288 3721 2447 3760 nemo
2465 3707 2799 3777 suspicatur;
2817 3714 3174 3777 prosternunt
3191 3706 3489 3762 hominem.

1918 3794 2000 3851 Tu
2026 3811 2156 3868 ergo
2183 3804 2502 3853 accusatum
2528 3798 2839 3863 considera,
2866 3808 2920 3854 et
2945 3799 3217 3869 sapienter
3247 3798 3493 3868 expende

1917 3904 2099 3945 mores
2127 3889 2294 3954 illius,
2332 3889 2427 3961 qui
2454 3904 2517 3944 ac
2543 3891 2733 3960 quales
2763 3889 2912 3958 sint;
2945 3897 2998 3945 et
3026 3890 3072 3945 si
3114 3896 3493 3945 accusatorem

1916 3996 2045 4035 vere
2093 3994 2158 4034 ac
2195 3980 2345 4049 juste
2374 3980 2523 4051 loqui
2557 3983 2913 4051 compereris,
2946 3982 3246 4037 secundum
3279 3981 3495 4036 Domini

232 4071 495 4145 μηθέντα,
526 4071 740 4141 ἔλεγξον
780 4073 963 4137 αὐτὸν,
993 4074 1141 4137 ὅπως
1173 4072 1452 4144 μεταγνῷ,
1483 4073 1709 4145 μηδενός
1737 4091 1806 4129 σοι

1919 4072 2226 4128 doctrinam
2257 4071 2454 4140 facito;
2485 4088 2637 4128 reum
2666 4081 3007 4145 assumptum
3047 4074 3247 4139 solum,
3278 4074 3496 4129 nemine

234 4163 639 4234 συμπαρόντος.
670 4165 735 4217 El
762 4164 817 4217 δὲ
842 4166 904 4218 ού
933 4164 1203 4236 πεισθείη,
1232 4165 1522 4236 γενόμενος
1547 4165 1806 4238 δεύτερος,

1920 4170 2186 4234 praesente
2211 4177 2400 4235 argue,
2432 4174 2491 4218 ut
2516 4165 2891 4233 pcenitentiam
2924 4172 3049 4236 agat
3081 4184 3096 4220 :
3123 4164 3269 4236 quod
3305 4165 3352 4220 si
3382 4179 3495 4219 non

234 4252 271 4325 ἢ
328 4254 531 4325 τρίτος,
559 4254 729 4315 οὕτως
779 4256 928 4327 αύτῷ
982 4256 1256 4322 ὑπόδειξον
1314 4256 1375 4311 τὺ
1419 4257 1806 4335 πλημμέλημα.

1921 4255 2125 4324 patitur
2160 4270 2218 4310 se
2246 4254 2585 4325 persuaderi,
2618 4256 2877 4311 adhibitis
2907 4256 3122 4312 duobus
3166 4257 3250 4311 vel
3293 4256 3492 4319 tribus,

235 4343 572 4415 νουθετήσας
600 4347 761 4400 αὐτὸν
802 4346 861 4400 ὲν
904 4348 1171 4420 πραότητι
1198 4350 1293 4402 καὶ
1332 4349 1570 4421 παιδείᾳ·
1601 4351 1683 4404 ὅτι
1717 4369 1736 4402 ι
1761 4350 1806 4403 ὲκ

1921 4346 2027 4418 ipsi
2061 4354 2325 4418 quantum
2360 4347 2652 4419 deliquerit
2692 4348 3001 4415 ostende",
3033 4348 3332 4404 admonens
3369 4363 3495 4402 eum

238 4436 443 4508 καρδία
470 4436 647 4509 ἀγαθῇ
676 4439 1049 4495 ἀναπαύσεται
1081 4441 1259 4511 σοφία’
1283 4442 1341 4496 ἐν
1365 4442 1422 4496 δὲ
1438 4442 1635 4515 καρδίᾳ
1652 4442 1806 4515 ἀφρό-

1924 4455 2048 4495 cum
2065 4440 2485 4496 mansuetudine
2505 4456 2570 4496 ac
2589 4441 2874 4512 disciplina
2896 4461 2910 4509 ;
2932 4442 3187 4513 quoniam
3214 4459 3233 4493 ι
3257 4442 3313 4495 in
3330 4439 3497 4495 corde

237 4545 350 4583 νων
374 4529 438 4582 οὐ
464 4529 893 4599 διαγινώσκεται.
922 4552 940 4586 ι

1926 4532 2071 4587 bono
2120 4533 2429 4603 requiescet
2478 4533 2775 4603 sapientia;
2805 4534 2861 4588 in
2891 4533 3055 4590 corde
3084 4541 3264 4589 autem
3295 4534 3499 4603 impru-

1928 4624 2171 4681 dentium
2202 4639 2313 4679 non
2347 4624 2768 4696 dignoscitur“.
2802 4644 2820 4676 ι

320 4840 366 4874 ⁸⁷
402 4837 560 4895 Deut.
602 4855 644 4903 ι,
701 4837 786 4902 16,
839 4848 898 4908 et
924 4855 1038 4908 va,
1075 4840 1176 4907 18;
1206 4839 1375 4896 Zach.
1413 4855 1511 4907 vn,
1543 4838 1597 4893 9.
1674 4836 1793 4878 "-”

1912 4853 1939 4892 c
1968 4846 2041 4895 vi.
2074 4835 2164 4908 3].
2243 4834 2288 4867 ⁸ο
2312 4834 2398 4889 Jo.
2434 4848 2529 4901 vn,
2552 4831 2670 4908 24.
2728 4829 2775 4908 “_
2811 4829 2925 4887 Luc
2960 4831 3190 4908 xn,_§7.
3250 4829 3309 4908 ff
3334 4828 3495 4908 lau-

248 4911 285 4967 d
334 4921 509 5037 nassa
559 4898 828 4965 Cc'dren-o.
876 4898 1036 4966 Vide'
1064 4898 1185 4966 Vet'.
1238 4909 1464 4967 Testim.
1498 4898 1510 4907 ’
1542 4908 1589 4941 ⁸³
1618 4910 1755 4965 Dan.
1788 4925 1806 4963 ι

255 4998 374 5037 Σίν.
491 5020 506 5037 .

2005 4908 2050 4939 ⁸⁵
2093 4906 2230 4962 Gen.
2270 4921 2458 4960 xxxix.
2518 4898 2595 4935 ’⁸⁸
2625 4902 2817 4957 Matth.
2868 4917 3021 4969 xvm,
3069 4902 3153 4957 15.
3247 4898 3296 4933 “
3332 4898 3493 4955 Prov-

1558 5148 1921 5205 VARIORUM
1954 5148 2188 5205 ΝΟΤᾹΞ.

247 5346 423 5401 μενοι.
458 5327 759 5401 Omiseram
791 5335 981 5383 notare
1015 5325 1372 5401 assertionem
1401 5322 1806 5401 Constitutoris,

1924 5323 2121 5401 _-_(5_2)_
2154 5323 2224 5377 Ἠ
2258 5322 2723 5401 διδασκαλικοῦ.-
2753 5323 2916 5401 Deest
2969 5325 3023 5378 in
3077 5322 3265 5401 codice
3318 5323 3494 5401 altero

247 5391 319 5454 de
367 5409 668 5467 praecepto,
702 5397 881 5453 Estote
920 5397 1071 5467 probi
1114 5396 1817 5467 trapezitaz,sacerdotibus
1924 5391 2356 5467 Yinrdobonensi,
2388 5399 2442 5467 et
2473 5393 2677 5467 abesse
2692 5394 2885 5462 debet;
2919 5408 3099 5450 sermo
3124 5394 3269 5449 enim
3302 5400 3386 5448 est
3421 5394 3488 5450 de

248 5462 404 5532 dato,
438 5462 739 5539 congruere
767 5485 893 5539 cum
918 5462 1167 5539 oratione
1196 5462 1436 5539 Dionysii
1466 5464 1819 5539 Alexandrini
1920 5464 2127 5539 judice,
2152 5479 2263 5539 non
2287 5464 2353 5518 de
2375 5463 2615 5539 doctore.
2641 5462 2807 5539 Gesn.

249 5540 321 5593 de
369 5530 573 5594 eodem'
610 5538 759 5593 dicto
805 5538 939 5609 πρὸς
982 5539 1108 5600 τοὺς
1147 5530 1544 5607 δυνατωτέρους
1567 5536 1770 5589 emisso
1804 5555 1806 5585 τ

250 5609 395 5665 alios
420 5620 602 5665 tamen
633 5609 688 5667 id
712 5609 863 5667 vocis
891 5624 989 5675 pro
1030 5607 1510 5675 generali-monito
1541 5604 1806 5664 habuisse,

1921 5530 1936 5535 ⁷
2020 5534 2098 5587 52';-
2151 5535 2355 5600 Ὅπως.
2386 5532 2540 5600 Legit
2567 5533 2648 5586 ὅτι
2679 5536 2813 5589 alter
2836 5533 2956 5589 cod.
2983 5531 3144 5586 Vind.
3178 5530 3255 5587 In.

1997 5534 2114 5675 1-34;
2150 5602 2628 5675 Χαιρεσικάκους.
2650 5602 2845 5675 “\find.
2883 5603 3120 5675 codices,
3159 5604 3255 5673 ἔτι]

250 5609 395 5680 alios
420 5620 602 5665 tamen
633 5609 688 5667 id
712 5602 863 5667 vocis
890 5624 989 5680 pro
1030 5602 1510 5679 generali-monito
1541 5604 1820 5664 habuisse.
1984 5602 2114 5680 _(-54)
2150 5602 2628 5680 Χαιρεσικάκρυς.
2649 5602 2847 5680 _‘\:ind._
2883 5603 3120 5680 codices,
3159 5604 3493 5675 éTtXatpsdb

252 5676 395 5736 Cor.
890 5671 909 5680 ’
1031 5671 1059 5679 ⁷

1933 5671 2155 5740 κακούς,
2187 5688 2217 5728 a
2239 5674 2440 5745 quibus
2467 5673 2621 5729 abest
2643 5672 2903 5745 ζηλωτάς.
2932 5671 3008 5727 lo.
