3884 6180
420 262 526 323 695

993 401 1224 459 CAPUT
1263 402 1398 461 XLI.

413 513 691 583 Quomodo
736 522 970 584 oporteat
994 517 1217 586 recipere
1258 519 1607 587 pwnitentem,
1641 527 1691 573 et
1729 521 1987 588 quomodo

482 604 636 669 agere
663 604 780 641 cum
805 587 1182 655 peccatoribus,
1219 600 1266 643 et
1291 588 1499 659 quando
1532 589 1597 642 ab
1630 587 1869 643 Ecclesia
1901 590 1989 643 ab-

482 657 739 714 scindere.

479 772 596 827 Jam
632 774 677 828 si
725 774 849 843 quis
886 788 1210 836 conversus,
1244 773 1457 828 fructus
1503 774 1841 844 poenitentia:
1868 775 1985 830 edi-

409 865 585 932 derit,
634 874 765 919 tunc
839 864 907 920 ad
968 866 1268 920 orationem
1322 866 1623 933 admittite;
1690 874 1751 920 ut
1810 867 1981 921 lilium

408 958 561 1013 illum
619 958 947 1029 prodigum,
998 959 1091 1027 qui
1154 958 1438 1028 perierat,
1488 967 1543 1013 et
1607 959 1783 1028 patria
1838 958 1979 1014 bona

405 1067 529 1106 cum
574 1051 952 1106 meretricibus
996 1050 1387 1121 abligurierat,
1438 1059 1738 1121 posteaque
1782 1066 1977 1122 porcos

407 1145 683 1213 pascebat,
715 1143 783 1200 de
812 1158 1046 1213 quorum
1083 1144 1299 1213 siliquis
1329 1144 1585 1213 cupiebat
1612 1144 1843 1214 expleri,
1874 1160 1976 1200 nec

308 1230 313 1235 ’
402 1237 711 1302 obtinebat;
761 1235 980 1306 quando
1029 1236 1349 1305 poenitentia
1399 1227 1601 1292 ductu's
1651 1243 1756 1300 est,
1806 1242 1860 1291 et
1906 1238 1973 1291 ad

400 1337 611 1397 patrem
639 1327 818 1390 rediit,
848 1328 1094 1398 dixitque
1118 1345 1134 1383 :
1171 1346 1191 1379 ι
1227 1325 1455 1382 Peccavi
1479 1327 1536 1382 in
1563 1327 1786 1393 ccelum,
1809 1335 1862 1382 et
1880 1343 1974 1383 co-

398 1435 514 1475 ram
543 1428 616 1483 te,
646 1419 760 1488 jam
794 1435 902 1474 non
927 1435 1048 1475 sum
1081 1420 1279 1489 dignus
1304 1418 1488 1474 vocari
1518 1418 1662 1473 ﬁlius
1692 1426 1822 1475 tuus
1846 1419 1921 1485 “;
1947 1440 1965 1471 ι

395 1518 571 1581 pater,
601 1512 895 1567 liberorum
934 1525 1148 1577 amans,
1178 1527 1302 1566 cum
1347 1511 1559 1566 musico
1587 1518 1850 1581 apparatu
1879 1525 1971 1565 ac-

394 1605 566 1675 cepit;
617 1604 852 1673 priorem
905 1604 1126 1668 stolam,
1168 1603 1429 1658 annulum
1488 1610 1542 1657 et
1601 1604 1966 1657 calceameuta

394 1696 662 1762 reddidit;
719 1703 1066 1765 mactatoque
1114 1695 1287 1749 vitulo
1328 1695 1597 1765 saginato,
1649 1694 1804 1748 ltetus
1833 1709 1966 1764 epu—

394 1788 611 1842 labatur
633 1802 756 1843 cum
787 1786 999 1841 amicis.
1047 1783 1123 1841 Ita
1170 1786 1333 1857 igitur
1367 1794 1420 1842 et
1460 1794 1515 1840 tu
1562 1787 1746 1853 facito,
1777 1802 1811 1841 o
1849 1788 1966 1858 epi-

392 1894 558 1949 se0pe
600 1896 614 1933 :
657 1893 721 1933 ac
768 1878 1227 1950 quemadmodum
1279 1879 1561 1933 ethnicum
1613 1895 1771 1934 sacro
1816 1880 1966 1933 lava-

389 1986 487 2025 cro
519 1971 774 2034 tinctum,
816 1970 874 2025 in
907 1969 1206 2025 Ecclesiam
1254 1970 1469 2026 inducis
1501 1980 1625 2041 post
1666 1972 1964 2026 institutio-

390 2079 544 2129 nem;
596 2064 677 2119 sic
726 2069 782 2118 et
826 2061 1006 2127 hunc,
1061 2078 1157 2133 per
1206 2076 1465 2115 manuum
1520 2062 1960 2131 impositionem,

387 2168 572 2227 utpote
600 2156 914 2227 poenitentia
948 2163 1259 2227 purgatum,
1287 2154 1503 2210 cunctis
1542 2170 1641 2225 pro
1672 2170 1737 2210 eo
1769 2155 1963 2225 depre-

385 2250 659 2313 cantibus,
708 2250 937 2304 restitue
987 2249 1041 2303 in
1100 2249 1324 2319 antiqua
1374 2263 1612 2318 pascua;
1657 2248 1867 2319 eritque
1906 2246 1959 2300 in

385 2341 510 2396 loco
566 2339 847 2412 baptismi,
901 2339 1180 2409 impositio
1228 2354 1489 2393 manuum
1543 2356 1557 2394 :
1611 2339 1811 2393 etenim
1865 2354 1961 2409 per

384 2431 793 2501 impositionem
840 2446 1101 2485 manuum
1159 2438 1497 2494 nostrarum,
1545 2428 1783 2499 Spiritus
1832 2445 1959 2484 san-

382 2531 505 2578 ctus
550 2523 781 2577 dabatur
827 2521 1192 2576 credentibus.
1230 2520 1293 2573 Et
1325 2521 1370 2575 si
1400 2521 1525 2591 quis
1556 2520 1784 2575 fratrum
1819 2538 1959 2575 nun-

382 2628 547 2682 quam
595 2613 901 2683 prolapsus,
968 2612 1382 2683 reprehenderit
1416 2621 1489 2677 te,
1524 2612 1667 2682 quod
1711 2611 1838 2666 huic
1880 2612 1956 2667 sis

382 2705 797 2770 reconciliatus,
827 2704 995 2759 dicito
1024 2706 1102 2760 ei:
1142 2723 1159 2755 ι
1201 2703 1281 2758 Tu
1314 2720 1531 2774 semper
1570 2720 1781 2760 mecum
1810 2712 1957 2766 es,et

381 2811 503 2851 mea
549 2798 730 2851 omnia
780 2804 873 2851 tua
920 2804 1049 2850 sunt
1088 2815 1099 2850 :
1146 2797 1355 2866 epulari
1391 2804 1569 2851 autem
1625 2805 1679 2851 et
1715 2797 1957 2867 gaudere

378 2888 685 2958 oportebat,
716 2889 842 2958 quia
888 2887 1056 2943 frater
1109 2897 1239 2945 tuus
1286 2888 1375 2943 hic
1424 2897 1677 2943 mortuus
1728 2898 1865 2951 erat,
1902 2895 1955 2943 et

1277 262 1336 324 3.
1376 265 1767 325 CLEMENTIS
1800 271 1818 324 l
1853 267 2018 326 ROB].
2056 272 2258 330 PONT.
2296 272 2525 333 OPERA
2557 275 2785 335 DUBIA.

2012 398 2061 451 Α

1996 1755 2037 1810 Β

3563 279 3673 333 695

2598 396 2993 451 ΚΕΦΑΛΑΙΟΝ
3027 397 3163 451 MA'.

2096 508 2290 585 Ὄίτως
2308 509 2403 585 δεῖ
2424 511 2775 585 προσίεσθαι
2804 511 2910 585 τὸν
2927 513 3360 585 μετανροῦντα,
3382 514 3479 569 καί
3505 516 3675 585 ὅπως

2159 578 2523 651 διαγίνεσθαι
2547 581 2701 651 ίτρζς
2733 581 2875 646 τοὺς
2905 578 3374 651 ἁμαρτάνοντας,
3398 586 3495 639 καὶ
3520 578 3676 643 πότὲ

2155 648 2469 703 ἐκκόπτειν
2497 649 2607 718 τῆς
2650 648 3029 720 Ἐκκλησίὶιςζ

2154 763 2218 816 Et
2264 763 2320 817 δέ
2364 781 2447 829 τις
2473 765 2828 837 ἐπιστραφεὶς
2875 766 3163 837 μετανοίας
3208 768 3419 841 καρπὸν
3462 771 3674 825 ἐπιδείο

2084 854 2261 927 ξηται,
2290 857 2408 911 τότε
2438 858 2532 911 καὶ
2570 860 2650 923 είς
2677 858 2985 931 προσευχὴν
3027 860 3333 925 είσδέξασθε
3373 864 3556 918 αὐτόν’
3592 867 3673 928 ὡς

2080 946 2171 1003 τὸν
2230 948 2345 1003 υἱὸν
2389 948 2479 1003 τὸν
2538 950 2849 1004 ἀπολωλότα
2872 990 2889 1015 ,
2951 951 3041 1005 τὸν
3084 952 3293 1007 ἄσωτον
3314 995 3328 1018 ,
3374 956 3465 1009 τὸν
3523 959 3672 1027 μετά

2080 1042 2292 1113 πορνῶν
2322 1042 2627 1113 μειώσαντα
2652 1042 2750 1114 τὴν
2778 1044 3046 1116 πατρικὴν
3074 1046 3284 1109 οὐσίαν,
3312 1048 3403 1100 τὸν
3444 1051 3672 1121 χοίρους

2077 1132 2360 1204 βόσκοντα,
2401 1135 2495 1188 καὶ
2538 1134 2805 1207 κερατίων
2848 1136 3227 1208 ἐμπλησθῆναι
3266 1140 3669 1211 ἐπιθυμοῦντα,

2075 1226 2168 1279 καὶ
2218 1225 2293 1298 μὴ
2335 1226 2702 1297 τυγχάνοντα,
2753 1227 3085 1298 μεταγνόντα
3140 1232 3236 1283 καὶ
3290 1232 3666 1305 παλινδρομή-

2074 1334 2242 1371 σαντα
2279 1318 2417 1389 πρὸς
2442 1318 2533 1373 τὸν
2564 1317 2799 1391 πατέρα,
2819 1321 2913 1373 καὶ
2940 1321 3180 1374 εἰπόντα⁸
3206 1340 3225 1374 ι
3266 1323 3553 1396 Ἥμαρτον
3582 1329 3667 1390 εἰ..

2070 1408 2161 1462 τὸν
2181 1410 2406 1482 οὐρανὸν
2422 1411 2515 1465 καὶ
2533 1410 2763 1466 ἐνώπιόν
2783 1428 2898 1479 σου,
2921 1414 3015 1467 καὶ
3033 1414 3215 1467 οὐκέτι
3235 1414 3350 1485 είμὶ
3381 1413 3531 1479 ἄξιος
3561 1433 3667 1468 κα-

2070 1501 2276 1557 λεῖσθαι
2304 1503 2420 1568 υἱός
2447 1521 2596 1569 σου,›
2642 1504 2780 1575 μετά
2802 1505 3075 1576 μουσικῶν
3102 1507 3131 1559 ὁ
3151 1505 3457 1577 φιλότεκνος
3475 1509 3666 1581 πατὴρ

2068 1594 2455 1667 προσελάϐετο,
2486 1596 2580 1650 καὶ
2604 1596 2701 1668 τὴν
2728 1597 2963 1669 ἀρχαίαν
2985 1597 3195 1669 στολὴν,
3216 1598 3312 1651 καὶ
3338 1598 3430 1652 τὸν
3458 1599 3663 1653 δακτύ·

2066 1686 2200 1752 λιον,
2228 1688 2322 1741 καὶ
2347 1688 2416 1741 τά
2444 1688 2766 1760 ὑποδήματα
2785 1689 3036 1753 ἀποδοὺς,
3060 1689 3270 1760 σφάξας
3287 1708 3345 1743 τε
3361 1690 3453 1744 τὸν
3478 1708 3663 1745 σιτευ-

2064 1778 2155 1833 τὸν
2186 1780 2384 1850 μόσχον
2411 1779 2738 1852 ηὐφραίνετο
2766 1780 2902 1852 μετά
2938 1781 3047 1835 τῶν
3091 1781 3279 1851 φίλων.
3331 1781 3521 1846 Οὕτως
3563 1782 3665 1839 οὖν

2065 1872 2158 1924 καὶ
2189 1873 2253 1926 σὺ
2283 1874 2445 1936 ποίει,
2477 1867 2523 1927 ὦ
2549 1874 2833 1927 ἐπίσκοπεο
2864 1873 2977 1928 ἀλλ’
3007 1873 3118 1945 (45)
3159 1874 3349 1946 ὥσπερ
3375 1872 3469 1928 τδν
3514 1876 3663 1929 ἐθνι-

2064 1964 2158 2017 κὸν
2168 1963 2363 2029 λούσας
2384 1964 2594 2037 εἰσδέχη
2618 1965 2756 2036 μετά
2769 1965 2868 2039 τὴν
2885 1966 3250 2031 διδασκαλίαν,
3271 1967 3412 2021 οὕτω
3427 1968 3663 2022 καὶτοῦ-

2062 2071 2154 2109 τον
2168 2056 2447 2129 χειροθετή
2456 2074 2553 2121 σας
2570 2057 2701 2129 (46),
2722 2058 2797 2121 ὡς
2811 2058 2880 2112 ἂν
2897 2059 3159 2130 μετανοίᾳ
3176 2058 3683 2130 κεκαθαρισμένον,

2062 2148 2280 2203 πάντων
2309 2149 2448 2221 ὑπὲρ
2476 2149 2640 2203 αὐτοῦ
2668 2153 3139 2223 προσευχομένων,
3167 2153 3655 2225 ἀποκαταστήσας

2060 2240 2223 2294 αὑτὸν
2250 2241 2329 2304 είς
2355 2241 2454 2313 τὴν
2496 2241 2731 2313 ἀρχαίαν
2758 2243 2923 2296 αὑτοῦ
2968 2246 3158 2316 νομήν
3193 2247 3289 2299 καὶ
3316 2246 3466 2299 ἔσται
3496 2248 3658 2319 αὐτῴ

2060 2333 2179 2388 ἀντὶ
2206 2332 2300 2387 τοῦ
2326 2333 2593 2405 λούματος
2620 2336 2654 2406 ἡ
2683 2334 3010 2406 χειροθεσία·
3046 2337 3139 2389 καὶ
3169 2336 3383 2408 γάρδιά
3400 2339 3500 2409 τῆς
3530 2340 3659 2391 ἐπι-

2061 2423 2263 2489 Θέσεως
2304 2426 2413 2479 τῶν
2458 2427 2743 2498 ἡμετέρων
2772 2427 2969 2498 χειρῶν
2998 2427 3195 2481 ἐδίδοτο
3239 2428 3461 2499 Πνεῦμα
3491 2430 3656 2498 ἅγιον

2058 2521 2170 2583 τοῖς
2200 2518 2530 2571 πιστεύουσι.
2553 2520 2670 2574 Κάν
2698 2538 2783 2584 τις
2808 2520 2917 2574 τῶν
2951 2520 3026 2591 μὴ
3060 2521 3471 2591 σεσαλευμένων
3498 2521 3657 2574 ἀδελ-

2057 2610 2174 2678 φῶν
2206 2610 2370 2664 αὐτοῦ
2399 2611 2742 2684 ὲπεγκαλέσῃ
2776 2629 2881 2677 σοι,
2901 2612 2983 2666 ὅτι
3001 2612 3065 2686 δὴ
3095 2613 3442 2684 κατηλλάγης
3471 2614 3651 2685 αὐτῷ,

2057 2703 2178 2756 εἰπὲ
2223 2702 2360 2774 πρὸς
2404 2704 2582 2756 αὐτόν’
2621 2722 2640 2754 ι
2663 2705 2735 2759 Σὺ
2769 2704 2999 2757 πάντοτε
3032 2707 3147 2776 μετ’
3184 2704 3319 2776 ἐμοῦ
3350 2699 3419 2769 εἴ,
3445 2705 3542 2759 καὶ
3574 2705 3649 2759 τὰ

2056 2794 2166 2865 ἐμὰ
2178 2795 2355 2849 πάντα
2374 2796 2443 2850 σά
2462 2798 2627 2849 ἐστιν·
2662 2796 3029 2869 εὐφρανθῆναι
3056 2797 3112 2851 δὲ
3140 2798 3244 2851 ἔδει
3263 2798 3355 2851 καὶ
3380 2797 3648 2869 χαρῆναι,

2054 2886 2135 2941 ὅτι
2163 2891 2191 2942 ὁ
2220 2887 2443 2957 ἀδελφός
2475 2906 2566 2942 σου
2598 2881 2751 2953 οὗτος
2779 2890 2969 2961 νεκρὸς
2996 2886 3086 2961 ἦν,
3122 2891 3216 2944 καὶ
3247 2888 3497 2960 ἀνέξησε,
3538 2892 3646 2945 καὶ

378 2981 597 3046 revixit,
647 2982 905 3051 perierat,
952 2990 1007 3037 et
1060 2981 1316 3037 inventus
1373 2989 1457 3037 est
1479 2982 1545 3035 ".
1590 3001 1607 3033 ι
1640 2980 1775 3034 Nam
1806 2978 1952 3051 quod

2055 2979 2366 3045 ἀπολωλὼς,
2397 2982 2489 3035 καὶ
2533 2981 2752 3053 εὑρέθη.
2793 3001 2811 3033 ›
2839 2984 2960 3036 Ὅτι
2988 2982 3098 3055 γὰρ
3128 2982 3190 3036 οὐ
3221 2982 3379 3054 μόνον
3408 2983 3649 3053 προσδέ-

378 3072 521 3128 Leus
565 3087 673 3127 non
705 3073 881 3128 solum
923 3072 1173 3143 ignoscat
1203 3072 1617 3144 paenitentibus,
1650 3071 1744 3128 sed
1777 3080 1830 3127 et
1856 3089 1953 3128 eos

2055 3090 2207 3143 χεται
2258 3074 2287 3126 ὁ
2332 3072 2465 3137 Θεὸς
2511 3074 2636 3137 τοὺς
2667 3074 3078 3145 μετανοοῦντας,
3108 3074 3245 3128 ἀλλά
3288 3074 3383 3127 καὶ
3428 3075 3508 3137 εἰς
3538 3074 3651 3144 τὴν

376 3170 432 3220 tn
478 3165 763 3236 pristinam
797 3165 1117 3237 dignitatem
1152 3166 1424 3233 restituat,
1458 3163 1673 3220 abunde
1709 3172 1942 3220 testatur

448 3348 491 3381 "
523 3348 656 3408 Luc.
688 3369 778 3419 xv,
814 3354 898 3419 18,
929 3355 1017 3410 i9.
1090 3352 1139 3387 "
1166 3352 1302 3409 Ibid.
1342 3351 1432 3419 δι,
1462 3352 1550 3406 59.

2052 3164 2320 3237 προτέραν
2351 3164 2507 3229 ἀξίαν
2552 3164 2982 3238 ἀποκαθίστησιν
3001 3164 3134 3239 (47),
3167 3165 3349 3231 ἱκανὸς
3370 3165 3590 3237 μάρτυς
3620 3170 3651 3219 ὀ

1686 3496 2045 3553 ΥᾹΙΗΟΠΗΜ
2068 3494 2299 3553 NOTAE.

464 3654 554 3716 45)
604 3654 784 3708 Ἀλλ’.
814 3655 921 3707 Καί
950 3656 1087 3711 alter
1111 3660 1231 3713 cod.
1264 3658 1594 3716 Vind.Ct.r.a.

464 3723 1039 3800 46)]ςειροθετήσας.
1070 3726 1193 3800 Haec
1238 3738 1321 3785 est
1363 3732 1638 3800 impositio
1675 3746 1936 3785 manuum

371 3794 839 3870 reconciliagiria;
869 3794 935 3848 de
964 3810 1071 3863 qua
1101 3799 1275 3870 etiam
1295 3816 1413 3870 cap.
1441 3794 1507 3855 18
1539 3808 1593 3855 et
1626 3800 1716 3863 45,
1748 3816 1942 3869 quan»

369 3882 477 3935 que
501 3880 657 3935 saepe
670 3863 882 3935 Patres,
913 3879 1055 3934 saepe
1084 3869 1318 3923 concilia
1362 3863 1812 3926 commemorant.
1853 3870 1940 3924 ln-

369 3932 598 4004 signiter
629 3933 685 4005 S.
708 3932 1012 4004 Cyprianus
1043 3938 1241 4005 cpist.9
1270 3959 1281 3993 :
1318 3938 1461 3992 Nam
1488 3956 1604 3993 cum
1633 3941 1686 3992 in
1720 3942 1940 3993 minori-

368 4008 463 4059 bus
490 4004 714 4072 peccatis
744 4014 901 4079 agant
922 4004 1213 4079 peccatores
1244 4011 1599 4077 paznitentiam
1615 4011 1764 4079 justo
1809 4020 1937 4063 tem-

364 4091 509 4149 pore,
546 4085 594 4128 et
621 4073 905 4149 secundum
949 4073 1253 4145 disciplina!
1281 4078 1515 4149 ordinem
1549 4073 1629 4132 ad‘
1652 4079 1938 4133 Exomata-

364 4147 508 4218 gesin
528 4145 761 4218 _veniant,
791 4153 839 4197 et
863 4160 953 4218 per
984 4163 1175 4218 mortus
1218 4145 1599 4215 impositionem
1636 4152 1860 4218 episcopi
1887 4162 1935 4205 et

364 4216 492 4269 cieri
510 4216 600 4285 jus
625 4216 1107 4288 communicationis
1133 4220 1393 4288 accipiant
1417 4236 1434 4284 ,°
1457 4236 1594 4273 nunc
1624 4216 1784 4273 crudo
1809 4216 1938 4274 tem-

361 4301 505 4354 pore,
537 4285 889 4355 persecutione
916 4285 1088 4338 adhuc
1117 4285 1492 4355 perseverante,
1532 4291 1759 4343 nondum
1786 4294 1939 4344 resti-

362 4366 479 4409 tuta
510 4355 758 4409 Ecclesia:
794 4354 957 4421 ipsius
978 4354 1137 4423 pace,
1170 4360 1238 4411 ad
1266 4362 1790 4415 communicationem
1838 4362 1937 4414 ad—

360 4429 660 4498 mittuntur,
696 4434 743 4478 et
782 4426 1002 4498 o/fertur
1030 4444 1215 4482 nomen
1250 4447 1451 4494 eorum,
1493 4439 1541 4484 et
1564 4430 1795 4483 nondum
1828 4447 1937 4498 pa:—

361 4497 590 4569 uitentia‘
631 4507 771 4569 acta,
816 4496 1047 4569 nondum
1119 4501 1463 4569 exornologesi
1507 4501 1670 4568 facta,
1706 4496 1937 4554 nondum

360 4566 617 4637 manueis
658 4564 987 4637 ab_episcopo
1018 4576 1068 4619 et
1108 4570 1245 4622 clero
1285 4564 1553 4637 imposita,
1601 4570 1937 4625 Eucharistia

360 4636 470 4689 illis
502 4635 682 4689 datur.
710 4635 939 4704 Optatus
984 4646 1106 4705 post
1136 4635 1371 4693 medium
1408 4641 1529 4693 libri
1562 4657 1599 4693 ιι
1621 4660 1632 4695 ;
1655 4641 1793 4693 Dum
1822 4659 1935 4695 ma—

359 4722 485 4759 num
514 4705 780 4774 imponitis
807 4714 854 4757 et
896 4705 1089 4759 delicta
1116 4710 1348 4763 donatis.
1383 4708 1682 4766 Conciliqu
1715 4710 1938 4769 Cartha-

358 4776 586 4846 gini-use
615 4776 671 4838 4,
701 4789 911 4829 canone
949 4776 1013 4829 76
1040 4796 1053 4831 :
1087 4776 1141 4831 Is
1172 4780 1267 4900 ἔπιε
1311 4781 1671 4848 paenitentiam
1699 4781 1753 4832 in
1782 4782 1935 4850 inﬁr-

358 4847 541 4899 mitate
561 4847 706 4900 petit.
733 4844 777 4897 si
800 4861 949 4900 casu.
982 4848 1106 4899 dum
1137 4866 1168 4900 a
1248 4866 1365 4900 eum
1408 4850 1650 4900 sacerdos
1683 4852 1932 4900 invitatus

358 4844 541 4899 initate
559 4847 706 4914 petit,
733 4844 777 4897 si
800 4861 949 4911 casu,
982 4848 1106 4899 dum
1137 4844 1205 4901 ad
1248 4844 1365 4902 eum
1408 4850 1650 4903 sacerdos
1683 4844 1932 4905 invitatus

358 4917 512 4989 venit,
545 4915 1155 4989 oppressusin/irmitate
1178 4919 1513 4984 obmutuerit,
1542 4922 1617 4974 vel
1644 4920 1698 4972 in
1717 4920 1934 4989 phrene-

355 4988 457 5040 sim
495 5002 671 5040 versus
701 4985 882 5058 fuerit,
930 4986 1050 5040 dent
1084 4990 1436 5041 testimonium
1477 4992 1565 5058 qui
1597 4985 1725 5043 eum.
1751 4991 1933 5045 audie-

356 5066 503 5117 runt,
536 5067 583 5109 et
602 5054 824 5122 accipiat
854 5059 1231 5122 paznitentiam.
1260 5058 1324 5111 Et
1349 5060 1395 5113 si
1426 5054 1671 5113 continuo
1701 5061 1932 5114 creditur

356 5129 669 5201 moriturus,
699 5126 1184 5201 reconcilieturper
1214 5146 1403 5201 manus
1446 5130 1850 5197 impositionem,
1880 5146 1928 5185 et

355 5198 669 5265 infundatur
700 5194 786 5246 ori
809 5194 920 5262 ejus
949 5194 1311 5252 Eucharistia.
1345 5200 1405 5253 Si
1434 5194 1797 5267 supervixerit,
1832 5202 1930 5254 ad-

355 5278 630 5338 moneatur
669 5282 701 5319 a
731 5279 893 5338 supra
922 5267 1077 5321 dictis
1104 5270 1342 5332 testibus,
1376 5272 1612 5338 petitioni
1637 5287 1746 5324 sua:
1767 5273 1929 5325 sutis-

356 5337 578 5427 factum,
598 5346 649 5427 et
676 5332 935 5417 subdatur
961 5342 1173 5427 statutis
1197 5332 1509 5427 {inlinit-entia!
1529 5342 1749 5427 legibus,
1763 5358 1930 5427 quan.

352 5408 447 5460 diu
467 5407 732 5466 sacerdos,
756 5406 845 5477 qui
868 5408 1223 5475 paenitentiam
1244 5409 1404 5469 dedit,
1426 5406 1741 5477 probaverit.
1762 5406 1930 5465 Etcu-

354 5493 462 5531 non
487 5480 521 5532 5
565 5478 780 5532 concilii
816 5476 1138 5549 Arausicani
1164 5479 1186 5531 1
1216 5498 1227 5532 :
1254 5479 1357 5543 Qui
1375 5479 1615 5534 recedunt
1636 5480 1698 5534 de
1714 5497 1927 5549 corpore

353 5549 652 5614 paenitentia
681 5558 912 5617 accepta,
937 5548 1135 5615 placuit
1159 5551 1271 5602 sine
1294 5551 1716 5604 reconciliatoria
1740 5548 1925 5606 manus

355 5619 686 5689 impositione
706 5620 779 5671 eis
809 5620 1185 5689 communicari
1210 5633 1228 5670 :
1256 5620 1391 5689 quod
1427 5622 1695 5674 morientis
1723 5622 1922 5689 sufﬁcit

354 5687 719 5752 consolationi,
745 5687 1021 5743 secundum
1045 5687 1371 5757 deﬁnitiOnes
1394 5688 1731 5761 Patrum,qui
1748 5687 1925 5760 hujus-

2043 3661 2184 3715 modi
2233 3660 2647 3715 communionem
2695 3667 3038 3729 congruenter
3090 3661 3338 3715 viaticum
3384 3664 3642 3717 nomina-

2043 3741 2186 3785 runt.
2220 3730 2374 3796 Quod
2406 3731 2452 3784 si
2481 3732 2885 3798 supervixerint,
2913 3741 3049 3785 stent
3077 3732 3131 3784 in
3161 3732 3344 3786 ordine
3379 3735 3644 3798 partium-

2045 3805 2197 3862 tium,
2248 3810 2298 3854 et
2348 3803 2569 3855 ostensis
2618 3803 2926 3854 necessariis
2972 3802 3289 3868 pwnitentire
3342 3803 3638 3870 fructibus,

2043 3872 2329 3941 legitimam
2360 3872 2776 3941 communionem
2822 3888 2941 3924 cum
2982 3873 3411 3926 reconciliatoria
3438 3890 3639 3930 manus

2040 3940 2378 4009 impositione
2405 3942 2713 4010 percipiant.
2746 3940 2885 3997 Cor.

2108 4011 2221 4082 (47)
2276 4014 2379 4077 Εἰς
2432 4010 2868 4082 τὴνίπροτέραν
2917 4010 3097 4075 ἀξίαν
3123 4012 3635 4081 ἀποκαθίστησιν.

2041 4081 2232 4136 Ειιὶι).
2256 4096 2529 4152 vm,_cap.
2557 4081 2611 4137 9.
2637 4083 2771 4137 Cum
2804 4082 3101 4151 Cypriane,
3134 4084 3295 4152 epist.
3330 4084 3424 4145 19,
3452 4083 3632 4141 Busa-

2042 4154 2154 4226 luo,
2186 4152 2330 4226 apud
2383 4150 2777 4226 Damascenum
2841 4150 2934 4205 lib.
2963 4167 3001 4205 tt
3078 4150 3476 4226 Parallelorum
3502 4170 3633 4226 cap.

2041 4222 2131 4283 86,
2157 4230 2209 4275 et
2235 4223 2301 4277 iis
2332 4221 2420 4291 qui
2448 4222 2855 4293 paenitentiam
2900 4223 3199 4293 secundum
3252 4221 3621 4293 baptismum,

2050 4293 2396 4363 baptismum!
2448 4291 2837 4363 lacrymarum,
2900 4292 3230 4363 baptismum
3289 4291 3635 4363 poenitentia:

2042 4362 2338 4432 appellant.
2364 4361 2507 4428 Quin
2531 4361 3144 4432 etiaanhrysost’omus
3174 4361 3450 4421 Paréenesi
3479 4366 3528 4427 1,
3558 4369 3630 4421 ad

1968 4412 2011 4465 Ι)
2044 4412 2981 4500 naiasin;itssa's.“‘ruis.im;
2991 4412 3631 4494 Ἦῖἕιότῖιῖῖᾶιὶεὲξιέιὲ

2039 4501 2349 4576 θερί-140,
2401 4510 2456 4557 et
2502 4502 2741 4576 Joannes
2787 4502 3071 4576 Climacus
3122 4503 3294 4559 Scala?
3344 4507 3519 4576 gradu
3568 4508 3626 4573 5,

2039 4585 2091 4640 p.
2120 4571 2242 4635 127,
2268 4573 2501 4627 aﬂ‘erunt
2521 4572 2785 4642 quosdam
2812 4573 3133 4641 pmnitentia
3158 4584 3278 4628 acta
3312 4571 3630 4633 sanctiores

2037 4643 2343 4714 exstitisse,
2400 4658 2565 4712 quam
2615 4642 2831 4714 fuerant
2882 4654 3173 4713 antequam
3233 4644 3624 4714 deliquissent,

2036 4720 2200 4785 atque
2233 4713 2589 4785 felicitateac
2620 4713 2819 4783 pietate
2842 4729 3133 4782 superasse
3154 4729 3269 4785 _eos
3300 4713 3396 4783 qui
3441 4717 3496 4770 in
3533 4719 3627 4785 ju-

2036 4782 2187 4835 stitia
2233 4783 2545 4852 baptismali
2596 4782 3101 4853 perseverarerant.
3147 4782 3465 4853 Scribitque
3514 4782 3625 4841 La—

2035 4853 2281 4924 ctantius
2308 4850 2423 4907 _lib.
2470 4869 2524 4917 ν,
2574 4868 2696 4922 cap.
2750 4853 2818 4906 15
2848 4864 2863 4904 :
2889 4850 3022 4924 Cum
3061 4864 3113 4907 et
3146 4854 3255 4907 Deo
3303 4850 3626 4924 satisfacere

2034 4920 2222 4995 liceat;
2260 4932 2309 4976 et
2333 4924 2521 4995 nullus
2547 4924 2615 4977 sit
2645 4920 2765 4995 tam
2796 4924 2968 4995 malus
3004 4923 3099 4977 Dei
3134 4925 3325 4987 cultor,
3366 4920 3457 4995 qui
3486 4928 3625 4983 data

2032 4992 2410 5064 facultate,ad
2469 4993 2790 5061 placandum
2842 4993 3009 5064 Deum
3058 5012 3161 5047 non
3215 4992 3528 5064 revertatur,
3568 5010 3623 5054 et

2030 5062 2239 5131 quidem
2292 5063 2561 5117 devotione
2606 5064 2821 5131 majori.
2856 5063 3068 5117 Peccati
3099 5066 3235 5118 enim
3264 5062 3617 5133 conscientia,

2030 5141 2079 5205 et
2128 5141 2293 5186 metus
2344 5150 2506 5205 paenae
2548 5134 2924 5204 religiosiorem
2949 5135 3109 5203 facit;
3136 5146 3183 5189 et
3213 5153 3414 5205 semper
3444 5142 3620 5195 multo

2030 5203 2237 5274 ﬁrmior
2267 5214 2343 5274 est
2375 5204 2527 5273 ﬁdes.
2553 5203 2710 5274 quam
2760 5206 2960 5273 reponit
3006 5203 3329 5273 paznitentia.
3362 5208 3467 5263 Sed
3503 5212 3618 5267 alia

2031 5273 2242 5346 videtur
2271 5272 2439 5329 fuis’se
2469 5272 2724 5329 Ecclesia:
2748 5290 2924 5346 mens,
2957 5272 3083 5329 cum
3125 5277 3296 5331 laicos
3323 5279 3510 5346 lapsos
3542 5284 3617 5335 ab

2029 5342 2315 5417 ordinibus
2361 5346 2537 5417 sacris
2579 5345 2834 5408 exclusit,
2860 5348 3093 5417 clericos
3120 5362 3247 5401 vero
3272 5342 3617 5417 ptetiitentes

2029 5414 2279 5481 pristinis
2302 5414 2561 5484 gradibus
2592 5431 2700 5469 non
2728 5417 2989 5477 restituit;
3024 5415 3150 5470 item
3179 5414 3402 5472 concilii
3431 5420 3619 5477 Elibe-

2028 5484 2213 5547 ritani,
2266 5486 2411 5553 quod
2452 5501 2659 5540 canone
2688 5485 2775 5548 58,
2804 5486 2895 5553 jus
2935 5487 3245 5556 baptizandi
3276 5487 3332 5543 in
3369 5494 3618 5547 necessi-

2026 5559 2138 5608 tate
2226 5556 2417 5629 tribuit
2473 5556 2819 5629 solummodo
2869 5556 3122 5629 ﬁdelibus
3173 5559 3265 5629 qui
3321 5560 3612 5616 lavacrum

2027 5639 2188 5698 suum
2234 5625 2506 5698 integrum
2533 5626 2754 5698 habent.
2788 5626 3096 5698 subscribit
3122 5625 3343 5698 quoque
3366 5630 3616 5687 Athana-

2028 5692 2143 5748 sius
2176 5693 2230 5748 in
2277 5692 2430 5763 illud,
2481 5696 2802 5768 Quicumque
2827 5697 3043 5762 dixerit,
3069 5692 3174 5756 etc.
3217 5692 3359 5755 Edit.
3396 5700 3609 5769 Paris.,
