3884 6180
486 284 594 340 699

1360 286 1416 342 Β.
1452 287 1845 343 CLEMENTIS
1878 287 1897 342 1
1933 288 2097 344 ROM.
2135 289 2334 348 l'ONT.
2369 290 2596 348 OPERA
2630 291 2859 349 DUBIA.

3633 285 3735 337 700

483 408 540 456 et
567 399 913 465 obduratum,
938 409 1069 457 tunc
1099 417 1222 458 cum
1258 402 1446 459 dolore
1470 419 1533 459 ac
1550 405 1698 459 luctu
1723 406 1791 460 ab
1815 404 2058 461 Ecclesia

2161 402 2371 472 ἔχοντα,
2394 406 2493 475 τῆς
2524 403 2850 474 Ἐκκλησίας
2877 402 3169 457 ἀπόκοπτε.
3201 402 3362 471 Λέγει
3394 399 3502 472 7&9
3530 401 3565 471 ή
3592 401 3735 471 Γρα-

485 495 846 550 insanabilem
889 509 1097 550 reseca.
1121 495 1213 549 Ait
1253 496 1399 552 enim
1432 496 2055 567 Scripturachuferetis

486 590 687 642 malum
716 603 781 643 ex
814 587 966 643 vobis
988 587 1201 657 ipsis“.
1235 605 1255 639 ι
1284 587 1348 642 Et
1374 608 1387 642 :
1419 606 1439 640 ι
1461 588 1665 644 Cautos
1682 587 1891 643 facietis
1914 589 2055 646 filios

484 680 734 737 Israel".
776 699 795 731 ι
830 679 897 734 Ει
942 696 1161 735 rursum
1196 699 1211 734 :
1256 700 1274 732 ι
1312 679 1427 735 Non
1480 682 1716 751 accipies
1765 697 2053 751 personam

483 773 672 826 divitis
723 771 780 825 in
826 771 1067 840 judicio;
1103 780 1157 826 et
1189 772 1443 841 pauperis
1473 788 1579 826 non
1611 773 1957 828 misereberis
1998 775 2053 828 in

472 862 721 935 judicio;
753 862 1011 933 quoniam
1053 861 1267 916 Domini
1294 864 1752 928 estjudicium“.
1793 882 1813 916 ι

1056 974 1285 1029 CAPUT
1325 973 1481 1029 XLII.

549 1066 789 1121 Iudicem
806 1084 909 1121 non
923 1066 1105 1121 debere
1132 1085 1241 1121 esse
1270 1078 1589 1133 acceptorem
1611 1085 1978 1138 personarum.

555 1157 614 1213 Si
654 1166 834 1213 autem
871 1159 1006 1213 falsa
1040 1159 1109 1212 sit
1138 1166 1191 1212 et
1220 1160 1557 1215 calumniosa
1585 1164 1895 1228 accusatio;
1927 1181 2051 1219 vos-

478 1266 586 1322 que
615 1259 861 1322 pastores
894 1265 1001 1303 una
1044 1265 1168 1303 cum
1214 1250 1481 1312 diaconis,
1518 1253 1602 1305 vel
1649 1269 1745 1322 per
1788 1256 2052 1324 acceptio-

480 1358 602 1397 nem
651 1356 1039 1411 personarum,
1097 1342 1184 1396 vel
1240 1358 1335 1411 per
1384 1359 1669 1397 munerum
1717 1347 2044 1414 pactionem,

480 1435 726 1489 volentes
777 1434 1160 1488 calumniatori
1196 1443 1406 1504 gratum
1453 1435 1652 1499 facere,
1705 1438 2046 1493 mendacium

479 1532 735 1594 tanquam
766 1528 1047 1579 veritatem
1079 1526 1313 1595 amplexi
1350 1525 1583 1590 fueritis,
1611 1535 1665 1582 et
1700 1538 2045 1595 accusatum,

479 1617 603 1672 licet
648 1618 820 1687 culpae
851 1632 961 1671 non
1013 1616 1247 1681 aflinem,
1289 1618 1609 1687 expuleritis
1648 1619 1716 1673 ab
1765 1619 2045 1689 Ecclesia;

476 1710 744 1764 rationem
771 1708 1012 1763 reddetis
1034 1709 1088 1762 in
1106 1708 1195 1763 die
1217 1707 1469 1775 Domini;
1492 1712 1750 1780 quoniam
1780 1714 2045 1783 scriptum

476 1812 601 1857 est:
638 1820 656 1854 ι
692 1800 1039 1857 fnnocentem
1090 1811 1143 1856 et
1205 1802 1415 1871 justum
1459 1817 1567 1856 non
1620 1804 1836 1859 occides
1882 1824 1894 1858 :
1936 1820 2047 1859 non

478 1895 716 1966 accipies
739 1910 964 1949 munera
992 1894 1058 1949 ad
1089 1894 1498 1965 percutiendam
1531 1895 1794 1963 animam;
1823 1912 2046 1951 munera

475 1987 623 2043 enim
667 1995 946 2043 excaecant
1001 1988 1194 2041 oculos
1244 1987 1577 2057 sapientum,
1617 1994 1673 2042 et
1729 1997 2047 2057 pervertunt

474 2080 641 2135 verba
682 2080 959 2149 justorum
978 2080 1043 2135 σί.
1087 2098 1106 2130 ι
1160 2078 1226 2133 Ει
1282 2095 1477 2135 rursus
1510 2099 1523 2136 :
1557 2099 1576 2132 ι
1611 2078 1715 2145 Qui
1740 2081 2047 2151 justifica-t

476 2170 703 2241 impium
758 2179 982 2241 propter
1040 2186 1289 2236 munera,
1320 2180 1375 2227 et
1420 2171 1693 2243 justitiam
1721 2173 1856 2241 justi
1896 2172 2046 2228 aufe-

474 2272 604 2318 runt
619 2264 684 2319 ".
724 2281 743 2315 ι
778 2263 1056 2319 Attendite
1098 2264 1284 2334 igitur,
1330 2280 1399 2319 ne
1438 2273 1751 2335 acceptores
1788 2280 2045 2335 persona-

475 2370 596 2409 rum
644 2353 793 2419 facti,
846 2354 974 2409 huic
1028 2352 1241 2408 Domini
1291 2355 1410 2410 voci
1454 2356 1836 2425 subjiciamini.
1868 2355 2046 2422 Quare

476 2446 737 2516 injustam
783 2446 1078 2515 cujuslibet
1131 2446 1657 2512 condemnationem,
1690 2458 1743 2502 et
1770 2448 2047 2518 improbo.

476 2554 597 2594 rum
647 2539 1014 2609 patrocinium
1064 2538 1252 2594 vitate.
1304 2557 1322 2589 ι
1362 2538 1453 2593 Vae
1484 2535 1629 2591 enim
1656 2539 1755 2604 illi,
1787 2541 1881 2609 qui
1912 2540 2044 2595 dicit

478 2630 678 2683 malum
707 2630 930 2695 bonum,
970 2637 1025 2684 et
1051 2629 1254 2684 bonum
1284 2629 1772 2697 malum;amarum
1794 2631 1973 2698 dulce,
1991 2640 2044 2687 et

475 2722 634 2777 dulce
663 2737 941 2789 amarum;
970 2722 1064 2791 qui
1106 2722 1257 2791 ponit
1288 2722 1468 2776 lumen
1507 2722 1779 2786 tenebras,
1807 2733 1860 2777 et
1889 2732 2041 2779 tene-

473 2814 602 2869 bras
642 2814 824 2869 lumen
839 2815 902 2868 ”.
954 2834 972 2867 ι
1002 2813 1136 2867 Nam
1176 2813 1396 2883 quando
1433 2813 1571 2867 alios
1598 2814 1800 2883 injuste
1837 2816 2041 2872 conde-

473 2908 751 2970 mnabitis,
784 2907 887 2976 ipsi
931 2914 1123 2961 contra
1161 2921 1277 2961 vos-
1308 2906 1634 2960 sententiam
1664 2906 1881 2975 feretis;
1914 2917 2043 2979 quia

472 2996 737 3053 Dominus
777 2998 883 3052 ait:
915 3018 931 3047 ι
961 2997 1080 3064 Quo
1105 2996 1315 3066 judicio
1348 2996 1745 3066 judicaveritis,
1767 2999 2041 3067 judicabi-

2161 495 2233 565 φή
2262 494 2329 525 ⁸⁷⁸
2348 510 2362 524 ⁶
2398 513 2416 545 ι
2458 495 2729 567 Ἐξαρεῖτε
2757 494 2863 566 7&9
2880 494 2971 548 τὸν
2987 494 3218 566 πονηρὸν
3238 493 3296 560 ἐξ
3318 492 3472 563 ὑμῶν
3712 511 3731 542 ι

2159 586 2297 639 Καί·
2338 604 2357 639 ι
2399 585 2658 650 Εὐλαϐεῖς
2687 589 2939 658 ποιήσετε
2962 588 3085 650 τοὺς
3113 587 3262 649 υίοὺς
3306 585 3541 655 Ἰσραήλ.
3576 602 3600 634 ι
3624 584 3738 636 Καὶ

2160 678 2348 732 πάλινο
2390 697 2409 730 ι
2445 679 2522 733 Οὐ
2546 679 2688 750 λήψῃ
2714 678 3004 750 πρόσωπον
3036 677 3290 731 πλουσίου
3322 678 3381 729 ὲν
3409 676 3614 747 κρίσει,
3641 677 3736 727 καὶ

2160 772 2364 841 πένητα
2396 771 2496 826 οὐκ
2522 771 2766 843 ὲλεήσεις
2790 774 2848 826 έν
2877 771 3075 843 κρίσει,
3097 767 3287 823 ὅτιτοῦ
3313 767 3516 839 Κυρίου
3547 769 3590 837 ἡ
3612 767 3738 839 κρί-

2160 878 2262 927 σις.
2308 882 2328 915 ι

2664 974 3059 1027 ΚΕΦΑΛΑΙΟΝ
3088 974 3219 1027 MB’.

2154 1062 2283 1117 Ὅτι
2310 1064 2421 1133 χρὴ
2590 1065 3152 1133 ἀπροσωπόληπτον
3176 1064 3331 1117 εἶναι
3360 1062 3464 1117 τὸν
3490 1062 3729 1131 κριτήν.

2234 1158 2357 1211 Ἐὰν
2400 1158 2456 1211 δὲ
2498 1159 2696 1228 ψευδὴς
2787 1159 2821 1227 ή
2862 1157 3162 1228 κατηγορία
3206 1157 3302 1226 τῆς
3335 1155 3604 1225 διαϐολῆς,
3637 1158 3736 1209 καὶ

2149 1250 2306 1321 ὑμεῖς
2348 1252 2397 1304 οἱ
2445 1251 2701 1322 ποιμένες
2732 1254 2826 1305 σὺν
2854 1253 2965 1313 τοῖς
3018 1250 3282 1311 διακόνοις
3310 1249 3419 1319 (55)
3446 1249 3507 1301 τδ
3532 1248 3735 1316 44577.)»;

2147 1343 2224 1406 ὡς
2268 1343 2522 1415 ἀλήθειαν
2570 1342 2963 1415 παραδέξησθε,
2994 1342 3027 1413 ἢ
3062 1342 3150 1395 διά
3186 1340 3667 1412 προσωποληψίαν,
3698 1341 3733 1409 ἦ

2146 1433 2233 1487 διὰ
2267 1434 2452 1507 δώρων
2480 1436 2799 1506 ἐξαλλαγὴν,
2834 1435 3140 1506 βουλόμενοι
3168 1434 3228 1486 τὸ
3255 1433 3480 1505 ἀρεστὸν
3509 1432 3588 1502 τῷ
3613 1432 3737 1484 δια-

2146 1525 2286 1598 δόλῳ
2332 1531 2524 1592 ποιεῖν,
2554 1529 2643 1582 τὸν
2672 1528 3138 1599 κατηγορούμενον
3179 1527 3296 1597 μὲν,
3328 1526 3646 1596 ὑπάρχοντα
3675 1524 3733 1576 δὲ

2146 1618 2243 1670 τοῦ
2274 1620 2614 1690 ἐγκλήματος
2640 1620 2936 1692 ἀλλότριον,
2959 1614 3357 1689 ἀπώσησθετῆς
3377 1613 3730 1687 Ἐκκλησίας.

2147 1708 2301 1777 λόγον
2342 1711 2564 1779 ὑφέξετε
2607 1712 2665 1763 ὲν
2709 1715 2774 1782 τῇ
2804 1711 2984 1782 ἡμέρᾳ
3028 1708 3249 1780 Κυρίου·
3282 1709 3363 1761 ὅτι
3390 1708 3728 1778 γέγραπται·

2154 1819 2172 1851 ι
2197 1800 2392 1855 Ἀθῶον
2422 1804 2515 1855 καὶ
2543 1802 2745 1857 δίκαιον
2789 1803 2888 1855 οὐκ
2932 1802 3262 1862 ἀποκτενεῖςο
3294 1800 3354 1851 οὐ
3384 1799 3525 1870 λήψῃ
3552 1799 3731 1870 δῶρα,

2150 1893 2383 1958 πατάξαι
2434 1894 2629 1965 ψυχήν·
2685 1893 2755 1946 τά
2798 1893 2906 1966 γάρ
2949 1893 3095 1964 δῶρα
3140 1892 3391 1960 ὲκτυφλοῖ
3414 1890 3731 1960 ὀφθαλμοὺς

2150 1986 2348 2054 σοφῶν,
2379 1987 2470 2039 καὶ
2496 1986 2811 2057 λυμαίνεται
2842 1987 3057 2057 ῥήματα
3084 1984 3325 2037 δικαίων.
3358 2003 3377 2035 ι
3410 1983 3520 2035 Καὶ
3536 1982 3727 2035 πάλιν

2152 2096 2171 2128 ‹
2224 2078 2287 2130 Οί
2330 2076 2660 2140 δικαιοῦντες
2689 2077 2779 2130 τὸν
2815 2075 2984 2147 ἀσεϐῆ
3041 2075 3224 2128 ἕνεκεν
3277 2074 3483 2147 δώρων,
3514 2074 3614 2126 καὶ
3667 2073 3730 2125 τὸ

2144 2168 2347 2221 δίκαιον
2389 2168 2482 2221 τοῦ
2527 2167 2735 2221 δικαίου
2782 2169 3044 2239 αἴροντες.
3085 2185 3104 2218 ι
3139 2166 3436 2237 Προσέχετε
3466 2164 3578 2236 (56)
3607 2160 3729 2228 οὖν,

2149 2261 2343 2330 μήπως
2370 2260 2836 2331 προσωπολῆπται
2864 2259 3141 2329 γενόμενοι
3171 2258 3481 2327 ὑποπέσητε
3507 2259 3579 2327 τῇ
3612 2274 3731 2325 φω-

2144 2355 2209 2423 νῇ
2238 2352 2331 2405 τοῦ
2361 2352 2567 2423 Κυρίου
2595 2353 2790 2423 ταύτῃ.
2822 2349 3163 2405 Φυλάσσεσθε
3209 2347 3302 2403 οὖν
3353 2350 3414 2403 τὸ
3468 2348 3731 2419 κατακρί-

2143 2461 2253 2498 νειν
2304 2444 2456 2507 τινάς
2508 2444 2727 2509 ἀδίκως,
2758 2445 2849 2497 καὶ
2910 2448 3228 2517 συνηγορεῖν
3280 2447 3390 2507 τοῖς
3442 2447 3728 2515 πονηροῖς,

2149 2554 2169 2588 ι
2205 2535 2339 2591 Οὐαὶ
2366 2536 2476 2607 γὰρ
2513 2536 2590 2607 τῷ
2617 2536 2825 2605 λέγοντι
2851 2536 2913 2590 τδ
2938 2537 3170 2609 πονηρὸν
3206 2537 3386 2600 καλὸν,
3415 2538 3507 2589 καὶ
3532 2537 3600 2588 τὸ
3629 2555 3733 2589 και

2142 2626 2232 2681 λδν
2261 2628 2515 2698 πονηρὸν,
2543 2628 2604 2681 τὸ
2649 2628 2841 2699 πικρὸν
2870 2628 3064 2697 γλυκὺ,
3096 2630 3190 2682 καὶ
3215 2628 3274 2681 τὸ
3300 2628 3469 2696 γλυκὺ
3498 2629 3729 2699 πικρὸν,

2142 2719 2220 2789 τῷ
2272 2720 2472 2773 τιθέντι
2523 2720 2584 2773 τὸ
2636 2720 2751 2789 φῶς
2807 2721 3014 2785 σκότος,
3045 2722 3137 2775 καὶ
3180 2721 3239 2773 τὸ
3283 2720 3471 2784 σκότος
3516 2721 3663 2788 φῶς.
3704 2740 3723 2772 ι

2156 2811 2281 2867 Ἐἀν
2301 2813 2411 2884 (57)
2439 2812 2546 2884 γάρ
2573 2814 2790 2884 ἑτέρους
2817 2812 3016 2875 ἀδίκως
3046 2811 3424 2882 κατακρίνητε,
3455 2810 3577 2863 καθ’
3602 2813 3731 2863 ἑαυ-

2142 2905 2251 2958 τῶν
2302 2904 2682 2973 ἀποφαίνεσθε·
2732 2905 2813 2957 ὅτι
2856 2904 3003 2973 λέγει
3058 2903 3277 2975 Κύριος·
3315 2923 3333 2953 ι
3370 2898 3441 2974 ᾯ
3486 2903 3727 2973 κρίματι

2144 2997 2376 3068 κρίνετε,
2407 2996 2751 3070 κριθήσεσθε,
2782 2998 2876 3051 καὶ
2992 2996 3396 3059 καταδικάζετε,
3427 2996 3727 3049 καταδικα-

471 3091 695 3152 mini,et
717 3104 826 3161 quo
866 3088 1380 3153 condemnaveritis,
1412 3088 1985 3146 condemnabimini“.
2018 3110 2035 3142 ι

2153 3088 2436 3160 σθήσεσθε.
2479 3108 2497 3139 ι
2531 3088 2594 3141 Ei
2644 3084 2737 3142 οὖν
2778 3087 3291 3158 ἀπροσωπολήπτως
3335 3087 3566 3161 κρίνετε,
3598 3089 3728 3140 ἐπι-

470 3182 516 3211 ⁶⁵
535 3180 676 3251 Ergo
706 3182 750 3235 si
796 3180 1001 3250 absque
1030 3194 1385 3249 personarum
1418 3180 1731 3249 acceptione
1755 3180 2037 3249 judicatis,

470 3274 777 3344 agnoscetis
828 3280 1226 3337 accusatorem,
1273 3272 1367 3342 qui
1420 3272 1683 3328 adversus
1732 3275 2037 3342 proximum

471 3382 630 3420 suum
675 3364 871 3418 falsum
905 3362 1009 3419 fert
1036 3364 1431 3429 testimonium,
1458 3370 1512 3417 et
1542 3363 1891 3418 declarabitis
1914 3380 2037 3419 eum

469 3458 790 3519 delatorem,
831 3456 1098 3521 invidum,
1132 3455 1482 3519 homicidam,
1515 3455 1767 3525 malignis
1805 3456 2037 3510 alterca-

468 3552 709 3605 tionibus
738 3557 791 3604 et
840 3547 1317 3603 criminationibus
1358 3554 1555 3599 cuncta
1610 3546 1940 3609 turbantem,
1973 3548 2028 3601 in

467 3644 650 3697 verbis
683 3641 1016 3704 instabilem,
1049 3640 1270 3694 sibimet
1334 3639 1389 3692 in
1437 3637 1599 3692 dictis
1653 3638 1769 3694 suis
1819 3646 2039 3693 contra-

470 3736 634 3796 rium,
660 3741 714 3788 et
744 3734 947 3803 proprii
1000 3733 1114 3787 oris
1158 3731 1340 3786 verbis
1383 3738 1643 3799 captum:
1693 3730 1796 3801 ipsi
1839 3732 2038 3801 quippe

470 3825 628 3879 fortis
675 3825 899 3894 laqueus
939 3823 1223 3887 incumbit,
1256 3822 1395 3875 labia
1432 3837 1549 3877 sua.
1576 3821 1621 3852 ⁶⁶
1658 3821 1739 3877 Tu
1784 3823 1929 3878 hunc
1956 3825 2038 3879 vi-

469 3934 614 3982 rum,
633 3918 917 3972 convictus
938 3932 1061 3969 cum
1094 3914 1256 3969 fuerit
1280 3914 1401 3968 falsi
1427 3914 1748 3977 testimonii,
1764 3914 2038 3983 judicabis

469 4024 677 4073 severe,
709 4016 763 4064 et
789 4006 970 4080 gladio
996 4006 1134 4077 ignis
1169 4003 1378 4068 trades;
1409 4003 1685 4074 faciesque
1717 4006 1817 4077 ipsi
1848 4024 2040 4076 quem-

470 4099 761 4154 admodum
805 4098 1054 4170 proximo
1100 4097 1367 4151 malitiose
1417 4096 1593 4152 facere
1630 4096 1939 4153 destinabat
1958 4099 2034 4166 ‘7;

468 4200 731 4262 quantum
771 4191 916 4247 enim
958 4189 1073 4259 ipse
1114 4188 1309 4259 potuit,
1346 4187 1568 4242 fratrem
1602 4190 1832 4255 necavit,
1875 4206 2037 4247 aures

2146 3179 2417 3248 γνώσεσθε
2445 3179 2536 3232 τὸν
2564 3180 2969 3251 κατηγοροῦντα
3011 3178 3153 3232 κατὰ
3178 3178 3271 3231 τοῦ
3299 3160 3517 3248 πλησίον
3546 3178 3726 3231 αὑτοῦ

2149 3272 2567 3342 μαρτυρήσαντα
2587 3271 2697 3342 (58)
2726 3269 2914 3342 ψευδῆ,
2947 3271 3040 3324 καὶ
3066 3269 3333 3334 ἐπιδείξας
3368 3269 3521 3323 αὐτὸν
3556 3287 3727 3323 συκο-

2144 3364 2369 3433 φάντην,
2416 3363 2700 3434 βάσκανον,
2736 3364 2921 3432 φονέα,
2951 3362 3291 3435 ταράσσοντα
3319 3363 3395 3425 ὡς
3421 3362 3595 3414 κακὸν
3625 3364 3733 3416 ἀν-

2141 3455 2419 3524 τιλογίαις,
2464 3456 2693 3509 ἄστατον
2745 3456 2805 3509 ὲν
2858 3457 2971 3519 τοῖς
3022 3455 3220 3523 λόγοις,
3251 3453 3426 3524 ἑαυτῴ
3471 3452 3724 3507 ἐναντίον

2142 3546 2225 3616 ἐφ’
2268 3543 2348 3611 οἷς
2392 3545 2709 3616 φθέγγεται,
2738 3547 2833 3600 καὶ
2887 3546 3239 3618 ἁλισκόμενον
3297 3547 3529 3616 ῥήμασιν
3584 3545 3723 3598 ἰδίου

2143 3637 2426 3709 στόματος·
2470 3639 2639 3706 παγὶς
2664 3637 2774 3711 γὰρ
2802 3638 2949 3710 αὑτῷ
2981 3637 3178 3709 ἰσχυρά
3204 3636 3490 3707 ἐφέστηκε,
3517 3636 3595 3690 τά
3614 3638 3727 3692 [δια

2140 3731 2308 3803 χείλη.
2348 3733 2443 3784 Ὃν
2474 3731 2611 3804 μετά
2653 3732 2778 3795 τοὺς
2820 3730 3073 3801 ἐλέγχους
3099 3731 3197 3800 τῆς
3223 3728 3570 3799 ψευδολογίας
3599 3747 3728 3799 κρι-

2140 3826 2248 3889 νεῖς
2293 3825 2601 3897 ἀποτόμως,
2631 3824 2725 3878 καὶ
2752 3826 2819 3895 τῇ
2853 3822 3094 3895 μαχαίρᾳ
3127 3821 3220 3874 τοῦ
3258 3820 3426 3892 πυρὸς
3470 3821 3729 3889 παραδώ-

2142 3933 2273 3980 σεις⁸
2331 3917 2424 3970 καὶ
2475 3916 2720 3986 ποιήσεις
2770 3913 2938 3984 αὐτῷ,
2969 3913 3028 3965 ὃν
3073 3912 3271 3983 τρόπον
3315 3910 3727 3981 ἐπονηρεὺσατο

2143 4010 2361 4081 ποιῆσαι
2398 4008 2474 4080 τῷ
2503 4007 2748 4080 πλησίον·
2777 4008 2900 4061 ὅσον
2929 4004 3037 4076 γάρ
3078 4005 3335 4075 ἐλάλησεν
3356 4004 3399 4035 ⁸⁸
3425 4003 3510 4054 ἐπ’
3536 4004 3723 4074 αὐτῷ,

2140 4101 2396 4171 ἐφόνευσε
2440 4100 2530 4153 τὸν
2573 4097 2821 4168 ἀδελφὸν,
2876 4096 3161 4169 προλαϐὼν
3214 4095 3283 4149 τὰ
3325 4090 3436 4148 ὦτα
3462 4094 3557 4146 τοῦ
3597 4112 3725 4165 κρι-

2138 4192 2250 4245 τοῦ·
2300 4190 2602 4262 γέγραπται
2644 4189 2720 4254 δὲ,
2750 4188 2833 4241 ὅτι
2867 4206 2886 4240 ι
2921 4190 2949 4242 ὁ
2977 4187 3181 4258 ὲκχέων
3228 4182 3366 4257 αἷμα
3395 4185 3718 4257 ἀνθρώπου,

470 4284 666 4355 iudicis
711 4282 1074 4353 occupando:
1127 4280 1390 4350 scriptum
1446 4287 1625 4335 autem
1676 4289 1760 4337 est
1810 4300 1824 4337 :
1873 4299 1892 4333 ι
1934 4283 2037 4348 Qui

2153 4282 2260 4337 im
2304 4281 2397 4335 τοῦ
2442 4282 2669 4352 αἵματος
2710 4279 2873 4333 αὐτοῦ
2923 4279 3299 4349 ἐκχυθήσεται·
3342 4277 3453 4348 (59)
3482 4278 3579 4331 καὶ
3640 4278 3725 4342 ἐξ·

469 4378 716 4434 etl‘uderit
793 4374 1114 4447 sanguinem
1182 4372 1440 4435 hominis,
1509 4389 1609 4443 pro
1677 4390 1743 4431 eo
1815 4376 2037 4446 sanguis

2142 4378 2293 4448 αρεῖς
2306 4375 2366 4428 τὸ
2385 4370 2521 4445 αἷμα
2542 4374 2601 4427 τὸ
2627 4374 2863 4427 ἀναίτιον
2881 4373 2985 4424 ἀπὸ
3006 4370 3118 4434 σοῦ,
3137 4372 3196 4424 τὸ
3217 4370 3446 4441 ἐκχυθὲν
3477 4370 3680 4441 μάτην.
3697 4391 3715 4417 ι

469 4470 587 4540 ejus
635 4464 1034 4532 ell‘undetur";
1062 4470 1117 4519 et
1142 4461 1355 4519 auferes
1394 4464 1715 4535 sanguinem
1739 4465 2017 4521 innoxium
2049 4481 2079 4520 a
2110 4474 2181 4532 te,
2215 4466 2307 4536 qui
2340 4465 2543 4521 ell'usus
2571 4472 2655 4519 est
2680 4466 2800 4518 sine
2822 4463 3068 4517 causa".
3110 4481 3127 4513 ι

537 4633 731 4689 "'llas
760 4649 923 4687 voces
955 4634 1329 4702 supplevimus
1355 4648 1421 4687 ex
1450 4633 1702 4687 versione
1741 4631 1959 4702 Latina,
1992 4642 2305 4702 quanquam
2345 4628 2398 4702 i_n
2445 4637 2591 4702 textu
2619 4628 2811 4702 Graeco
2840 4629 3169 4702 subintelligi
3204 4633 3433 4702 possint.
3481 4629 3583 4684 En.
3615 4632 3723 4685 ΡΑ-

463 4723 626 4761 τιιοι..
703 4705 749 4736 ⁵⁸
780 4703 934 4757 Deut.
969 4696 1103 4768 mi,
1138 4704 1187 4756 7.
1266 4706 1311 4737 ⁸³
1337 4703 1462 4757 Lev.
1487 4720 1577 4767 xv,
1614 4703 1705 4756 3L
1782 4701 1826 4731 ⁶⁰
1858 4696 2032 4768 Exod.

2153 4714 2217 4768 ll,
2250 4699 2321 4763 ὃς
2354 4696 2667 4768 ιθνίιεχιι,
2697 4699 2801 4762 15;
2834 4699 2991 4753 Deut.
3031 4716 3068 4761 ι,
3103 4696 3217 4754 Πξ
3268 4704 3308 4733 ⁶¹
3343 4699 3515 4753 Exod.
3555 4719 3721 4765 uni,

464 4780 521 4840 7,
547 4782 607 4840 8;
652 4773 810 4829 Deut.
848 4790 1016 4841 uvn,
1046 4766 1117 4828 25
1143 4782 1198 4829 et
1228 4787 1341 4840 xw,
1375 4774 1465 4827 19.
1501 4774 1800 4827 Cedrenus.
1830 4768 1967 4823 Vide
1992 4766 2112 4823 Vet.
2144 4767 2371 4823 Testim.
2450 4769 2495 4801 ⁶²
2518 4767 2625 4825 lsa.
2672 4784 2725 4836 ν,
2750 4768 2857 4841 25η
2916 4768 2962 4800 ⁸³
2986 4769 3118 4825 Ibid.
3153 4768 3243 4841 ιο,
3264 4838 3283 4841 Α
3319 4770 3365 4802 ⁸⁸
3386 4769 3584 4841 Διειιιιι.
3619 4788 3721 4835 ni,

471 4850 534 4915 Ως
568 4850 699 4904 Luc.
744 4866 819 4913 vn,
860 4849 947 4903 57.
1024 4846 1069 4876 ⁸⁵
1092 4843 1659 4915 Laudat__Cedrenus,
1707 4845 1927 4901 ibidem.
1999 4847 2044 4878 “
2076 4846 2377 4908 Cedrenus,
2425 4845 2645 4900 ibidem.

2754 4842 2797 4876 ⁸⁷
2833 4840 2991 4896 Deut.
3037 4853 3151 4901 χαι,
3222 4838 3311 4893 19.
3385 4840 3432 4873 ⁸⁸
3468 4842 3559 4895 Al.
3591 4841 3654 4894 τὸ
3683 4851 3725 4899 t.

471 4910 756 4992 ὲλάχησεν.
788 4910 945 4974 Deest
972 4917 1025 4970 in
1050 4922 1282 4986 utroque
1304 4910 1467 4972 Vind.
1540 4916 1583 4947 ”
1604 4914 1738 4971 Gen.
1772 4930 1847 4974 ix.
1880 4916 1934 4970 6.
2009 4917 2056 4947 7°
2094 4916 2251 4972 Deut.
2280 4930 2394 4978 xu,
2426 4916 2510 4970 l5.

1779 5031 2143 5088 VARIORUM
2176 5029 2410 5086 NOTAE.

543 5122 655 5193 (54)
687 5124 829 5194 Ὀτι-
857 5123 992 5192 χρή.
1023 5125 1142 5178 Alia
1169 5133 1253 5182 est
1299 5123 1587 5193 inscriptio
1629 5123 1826 5194 capitis
1860 5123 1913 5176 in
1956 5123 2038 5177 al-

473 5191 590 5246 tero
620 5191 743 5247 cod.
788 5191 1217 5259 Vindobonensi,
1268 5194 1362 5250 sed
1398 5191 1518 5263 quae
1565 5191 1712 5247 nihil'
1746 5193 1813 5263 ad
1864 5209 1980 5247 rem
2020 5212 2033 5245 :

477 5264 595 5316 Ὀτι
621 5263 725 5335 χρὴ
752 5264 877 5335 τοὺς
904 5265 1309 5335 ἁμαρτάνοντας
1340 5262 1642 5335 ίδιαζόντως
1670 5262 2040 5335 ἐλέγχεινριαὶ

470 5336 596 5405 τοὺς
628 5333 1423 5405 μετανοοῦνταςπροσδέχεσθαι
1452 5333 1593 5386 κατὰ
1630 5334 1742 5405 τήν
1777 5333 1881 5405 [τοῦ
1926 5334 2039 5385 Κυ-

474 5402 591 5474 ρίου
610 5401 881 5474 γδιὰταξιν.
916 5401 1167 5474 Forte‘id»
1185 5401 1494 5474 caputghinc
1518 5401 1744 5474 excidit.
1760 5401 1850 5474 ilo.

546 5473 656 5543 (ῆὸ)
695 5472 887 5541 Ὑμεῖς
915 5476 967 5526 οὶ
998 5468 1273 5541 ποιμένεζ·
1299 5472 1420 5525 σὺν
1446 5472 1569 5537 τοῖς
1597 5471 1912 5543 διακόνςοις.
1945 5468 2043 5524 Ju-

473 5541 603 5596 dicii
640 5541 1000 5598 ecclesiastici
1029 5557 1154 5610 erga
1208 5551 1553 5611 peccatorum
1613 5557 1735 5596 reos
1778 5541 2032 5610 frequens

462 5612 677 5679 mentio
710 5612 761 5664 in
788 5614 923 5666 libro
946 5613 1069 5673 hoc,
1096 5609 1155 5664 ut
1175 5609 1228 5664 ei
1242 5612 1382 5680 apud
1412 5609 1654 5665 Veteres.
1682 5611 1758 5665 Eo
1800 5618 1851 5664 in
1880 5609 2033 5678 judio

474 5681 561 5729 cio
615 5682 988 5735 sacerdotibus
1028 5683 1288 5736 diaconos
1331 5680 1509 5748 jungit
1543 5681 1705 5733 etiam
1738 5680 1796 5734 Β.
1839 5680 2031 5734 lliero-

477 5760 669 5803 nvmus
703 5750 771 5803 ad
811 5752 941 5806 illud
977 5751 1243 5807 Miclnem:
1277 5750 1469 5805 Audite
1514 5748 1607 5804 hoc
1642 5750 1899 5821 principes
1936 5750 2030 5805 do-

2147 5137 2262 5174 mus
2291 5120 2479 5185 Iacob,
2522 5130 2573 5176 et
2610 5122 2819 5190 judice:
2866 5120 3054 5175 domus
3083 5117 3275 5180 Israel,
3318 5114 3731 5190 cap.m,_v._9:

2160 5182 2515 5261 habitumque
2562 5182 2627 5245 in'
2659 5200 2927 5247 conventu
2960 5190 3284 5245 clericorum
3314 5182 3507 5242 dicunt
3536 5182 3730 5241 Elibe-

2146 5261 2312 5315 ritani
2341 5262 2582 5329 episcopi
2611 5276 2819 5316 canone
2842 5261 2908 5314 74
2965 5274 3089 5316 cor.

2218 5331 2329 5400 (56)
2359 5326 2709 5399 Προσέχετε,
2738 5340 2846 5386 etc.
2874 5330 2999 5400 Haec
3030 5344 3132 5383 vox
3162 5326 3431 5400 et_decem
3479 5339 3727 5394 sequen-

2148 5396 2234 5456 tes
2259 5396 2459 5456 desunt
2482 5401 2534 5453 in
2556 5396 2751 5468 altero,
2791 5400 2914 5455 cod.
2944 5399 3175 5453 Vindob.
3203 5396 3372 5451 Cnsn.

2221 5471 2332 5541 (57)
2366 5470 2526 5533 Ἐάν,
2556 5488 2611 5523 κ.
2631 5487 2681 5523 τ.
2697 5461 2747 5522 λζ
2762 5470 2903 5524 Ante
2925 5470 3025 5523 has
3049 5482 3210 5541 voces
3236 5468 3490 5541 leguntur
3508 5463 3566 5519 in

2138 5534 2372 5662 Vinglo'b.
2405 5542 2722 5611 προσέχετε,
2751 5548 2881 5606 etc.,
2917 5554 3037 5609 quae
3077 5539 3134 5594 in
3169 5534 3551 5606 superioribus
3580 5534 3719 5588 abe-

2138 5626 2232 5662 ran
2268 5651 2280 5662 .
2329 5625 2380 5662 ι).

2136 5618 2280 5665 rant.
2310 5618 2380 5664 ID.

2205 5679 2318 5749 (58)
2353 5677 2846 5747 Μαρτυρήσαντα.
2876 5677 3013 5733 Cod.
3043 5673 3567 5749 Vind._pq.91u9£q.v.

2206 5743 2319 5821 (59)
2369 5743 2524 5805 Ἀὶτί
2550 5743 2686 5816 ζτὸῡ
2738 5748 3002 5821 αἵματος,
3051 5743 3252 5803 αὐτοῦ’
3282 5743 3707 5815 ἐκχυθήσεται
