3884 6180
449 274 553 329 7:35

1294 269 1352 327 8.
1383 266 1778 328 CLEMENTIS
1810 270 1831 325 l
1864 267 2031 328 ROM.
2068 265 2270 326 ΡΟΝΤ.
2307 267 2542 327 OPERA
2574 268 2803 328 DUBIA.

3612 278 3711 336 τοι

444 392 703 462 deinceps
733 389 868 446 nulli
901 387 1265 455 detractioni,
1298 388 1433 442 nulli
1479 387 1823 443 contumeliae
1865 386 2005 443 letor

2099 439 2104 452 _
2132 389 2384 461 πονηρῶν
2430 390 2828 459 ἀπαλλαγεῖσα,
2855 388 3065 455 δολίων,
3097 389 3370 464 λοιδόρων,
3399 392 3713 468 ἀνημέρων,

443 488 693 556 suhjacet
713 526 729 554 ,
762 484 994 539 liberata
1024 482 1340 538 hominibus
1377 481 1642 552 improbis
1664 521 1681 546 ,
1714 480 2027 537 fraudulen-

440 583 533 644 tis,
560 578 1045 638 conviciatoribus,
1070 575 1407 640 inhumanis,
1430 574 1824 644 proditoribus,
1852 574 2024 628 virtu-

438 677 511 727 tis
557 673 848 734 osoribus,
880 669 1175 740 voluptatis
1226 668 1559 729 amantibus,
1607 666 1788 721 inanis
1836 666 2023 736 gloria:

436 766 656 834 cupidis
680 805 693 827 ,
727 763 1152 834 impostoribus,
1185 761 1443 831 opinione
1473 761 1754 831 sapientiae
1792 759 2017 825 inﬂatis,

438 860 645 927 quique
674 857 726 911 id
756 868 978 926 operam
1009 854 1142 908 dant
1172 862 1229 907 ut
1252 853 1465 907 Domini
1486 868 1657 923 agnos
1676 853 2016 923 dispergant,

437 964 531 1005 aut
561 950 742 1021 potius
767 949 1056 1017 dissipent.
1092 946 1172 1001 Tu
1203 961 1355 1017 ergo,
1385 948 1661 1017 episcope,
1690 954 1878 1017 satage
1910 963 2020 1001 una

437 1058 563 1097 cum
593 1043 740 1096 clero
764 1042 859 1096 tibi
890 1040 1163 1110 subjecto,
1200 1040 1425 1094 verbum
1454 1040 1705 1095 veritatis
1732 1048 1882 1094 recte
1904 1049 2018 1093 tra-

438 1144 585 1190 ctare
611 1150 623 1198 ;
654 1135 780 1204 quia
830 1132 1095 1188 Dominus
1118 1133 1192 1187 ait
1225 1148 1236 1183 :
1278 1149 1296 1182 t
1326 1131 1383 1186 Si
1411 1132 1616 1202 obliqui
1651 1132 2017 1186 ambulaveri-

436 1227 510 1281 tis
552 1226 620 1280 ad
654 1242 759 1289 me,
792 1232 847 1280 et
870 1241 971 1297 ego
1006 1225 1074 1280 ad
1107 1239 1203 1280 vos
1230 1224 1451 1294 oblique
1495 1225 1874 1290 ambulabo“,
1908 1244 1925 1278 ι
1961 1232 2018 1281 et

435 1319 544 1372 alio
569 1318 623 1372 in
647 1318 766 1373 loco
792 1334 803 1368 :
841 1336 859 1369 ι
886 1318 1022 1373 Cum
1056 1324 1248 1373 sancto
1272 1326 1497 1373 sanctus
1528 1316 1660 1381 eris,
1699 1326 1754 1372 et
1776 1332 1901 1371 cum
1930 1316 2016 1371 in-

433 1419 667 1465 nocente
712 1411 978 1466 innocens
1009 1410 1121 1465 eris
1145 1448 1159 1474 ,
1193 1414 1249 1463 et
1288 1424 1412 1463 cum
1446 1425 1707 1480 perverso
1738 1416 2023 1480 perverte-

2133 480 2429 553 προδοτῶν,
2462 482 2793 553 μισοκάλων,
2828 482 3143 554 φιληδόνων,
3174 484 3491 549 κενοδόξων,
3514 488 3719 561 anan;-

2129 574 2256 638 λῶν,
2285 573 2608 647 δοξοσόφων,
2639 575 2800 647 ἔργον
2836 575 3079 647 θεμένων
3124 576 3483 650 διασπείρειν,
3517 583 3717 651 μᾶλλον

2127 666 2184 721 δὲ
2210 667 2614 740 διασκορπίξειν
2643 667 2714 721 τά
2739 667 2834 721 τοῦ
2864 670 3069 740 Κυρίου
3087 670 3267 741 ἀρνία.
3292 671 3364 724 Σὺ
3392 668 3510 734 οὖν,
3533 668 3582 726 ὦ
3604 677 3717 727 ἐπί-

2130 777 2321 824 σκοπε,
2354 760 2619 826 σπούδαζε
2648 761 2767 833 ἅμα
2792 762 2871 833 τῷ
2916 762 3023 815 ὑπὸ
3068 763 3129 815 σὲ
3160 763 3368 835 κλήρῳ,
3395 765 3718 838 όρθοτομεῖν

2126 853 2221 906 τὸν
2248 853 2406 922 λόγον
2446 854 2549 923 τῆς
2591 854 2869 924 ἀληθείας’
2936 855 3017 908 ὅτι
3062 854 3211 924 λέγει
3256 857 3499 928 Κύριος·
3539 878 3559 910 ι
3594 860 3718 913 Ἐὰν

2126 946 2345 1015 πλάγιοι
2385 946 2690 1019 πορεύησθε
2720 947 2857 1019 πρός
2887 963 2977 1018 με,
3006 947 3162 1017 κάγὼ
3206 948 3344 1021 πρὸς
3389 951 3541 1021 ὑμᾶς
3587 953 3719 1005 πλα-

2124 1039 2257 1106 γίως
2281 1039 2639 1110 πορεύσομαι.
2674 1057 2692 1091 ι
2724 1040 2834 1093 Καὶ
2854 1039 3088 1112 ἀλλαχοῦ
3113 1058 3126 1070 ’
3157 1060 3176 1092 ι
3214 1040 3371 1095 Μετὰ
3388 1043 3542 1096 όσίου
3561 1045 3718 1097 όσιω-

2123 1130 2287 1205 θήσῃ,
2319 1134 2414 1186 καὶ
2445 1132 2584 1203 μετά
2611 1132 2790 1187 ἀθώου
2819 1132 2998 1197 sese;
3018 1132 3137 1203 ἔσῃ,
3168 1135 3264 1187 καὶ
3286 1134 3427 1203 μετά
3448 1135 3715 1206 στρεόλοῦ

2121 1224 2483 1297 διαστρέψεις.
2517 1244 2536 1277 ι
2606 1225 2797 1287 Ὀσίως
2842 1220 2938 1278 οὖν
2986 1225 3324 1296 πορεύεσθε,
3372 1228 3463 1280 ῖνα
3514 1228 3717 1297 μᾶλλον

2118 1318 2343 1372 ἐπαίνου
2389 1318 2763 1389 καταξιωθῆτε
2809 1318 2920 1390 (67)
2969 1318 3074 1372 ὑπὸ
3118 1318 3215 1372 τοῦ
3243 1320 3478 1392 Κυρίου,
3508 1322 3545 1392 ἢ
3579 1322 3717 1392 μέμ-

2115 1410 2262 1479 ψεως
2293 1413 2356 1464 ὲκ
2383 1410 2478 1464 τοῦ
2508 1411 2780 1465 ἐναντίου.

431 1506 592 1562 ris".
636 1528 656 1561 ι
694 1507 896 1562 Sancte
942 1506 1107 1578 igitur
1136 1505 1411 1560 ambulate
1433 1546 1449 1572 ,
1496 1511 1559 1559 ut
1596 1505 1779 1575 potius
1808 1520 1877 1559 ex
1918 1504 2023 1559 hoc
2057 1504 2275 1562 laudem
2302 1521 2334 1561 a
2366 1504 2599 1561 Domino
2645 1504 3066 1575 consequamini
3089 1542 3106 1571 ,
3135 1519 3303 1576 quam
3363 1520 3432 1560 ex
3490 1515 3714 1562 contra-

429 1600 513 1654 rio
539 1600 1046 1671 reprehensionem.

996 1692 1227 1749 CAPUT
1268 1690 1455 1748 XLIV.

499 1809 654 1877 Quod
682 1808 879 1863 debeat-
895 1809 1149 1862 diaconus
1182 1807 1454 1861 sublevare
1475 1823 1606 1861 onus
1626 1807 1872 1876 episcopi,
1894 1815 1945 1862 et

856 1878 1054 1935 leviora
1082 1895 1298 1949 quisque
1328 1879 1571 1949 dirigere.

498 1972 929 2027 Unanimitatem
980 1970 1147 2041 igitur
1196 1971 1338 2025 inter
1375 1985 1473 2025 vos
1515 1970 1801 2035 habentes,
1841 1970 2013 2040 oepi-

425 2067 600 2137 scepi,
626 2081 815 2137 pacem
846 2071 1089 2118 mutuam
1121 2064 1303 2129 colite,
1338 2061 1745 2127 misericordes,
1780 2061 2010 2117 fratrum

424 2169 695 2221 amantes,
726 2174 853 2213 cum
884 2158 1163 2228 diligentia
1194 2157 1404 2226 pascite
1446 2156 1705 2225 populum
1730 2196 1748 2223 ,
1779 2170 2012 2210 concor~

423 2253 568 2307 diter
597 2251 860 2306 docentes
888 2266 984 2305 eos
1013 2251 1107 2320 qui
1146 2250 1302 2304 vobis
1331 2248 1560 2318 subjecti
1594 2256 1744 2308 sunt.
1769 2263 2008 2303 consen-

426 2346 551 2409 tire,
568 2360 631 2398 ac
653 2346 793 2399 idem
815 2345 1003 2399 iisdem
1025 2344 1091 2399 de
1109 2343 1273 2397 rebus
1290 2342 1627 2407 existimare,
1649 2352 1709 2398 ut
1729 2362 1749 2395 ι
1768 2359 1878 2399 non
1897 2345 2009 2400 siut

425 2437 481 2491 in
508 2435 662 2491 vobis
688 2436 984 2491 schismata
1006 2436 1072 2503 7’;
1116 2454 1134 2488 ι
1171 2436 1291 2491 sitis
1331 2443 1513 2489 autem
1552 2454 1571 2487 ι
1608 2451 1776 2489 unum
1806 2451 2007 2506 corpus

423 2537 477 2583 et
502 2544 647 2582 unus
674 2528 920 2596 spiritus,
946 2526 1167 2595 perfecti
1194 2528 1383 2583 eadem
1404 2536 1581 2581 mente
1607 2538 1660 2583 et
1674 2532 1861 2585 eadem
1880 2548 2000 2587 sen-

422 2618 595 2671 tentia
632 2619 697 2683 7‘,
731 2636 749 2669 ι
780 2617 1079 2673 secundum
1110 2617 1449 2671 Dominicam
1476 2620 1837 2675 sanctionem.
1860 2624 1907 2655 "
1928 2623 2007 2679 Ac

421 2710 688 2765 diaconus
734 2709 954 2779 quidem
991 2717 1191 2764 cuncta
1230 2710 1296 2764 ad
1328 2711 1645 2781 episcopum
1688 2710 1911 2776 referat,
1946 2720 2003 2766 ut

417 2802 677 2859 Christus
710 2804 776 2857 ad
805 2802 1020 2858 Patrem
1050 2823 1062 2857 :
1096 2818 1437 2874 quaecunque
1467 2813 1646 2859 tamen
1678 2812 1877 2875 potest,
1906 2821 2003 2875 per

421 2913 482 2953 se
506 2898 840 2961 moderetur,
875 2907 1095 2968 accepta
1119 2898 1187 2951 ab
1218 2898 1476 2968 episcopo
1516 2906 1818 2968 potestate,
1859 2900 2001 2953 sicut

418 2990 683 3047 Dominus
712 3006 741 3044 a
782 2989 965 3054 Patre,
1004 3006 1192 3046 creare
1240 3006 1303 3045 ac
1348 2992 1633 3060 providere
1662 2994 1900 3063 accepit;
1945 3000 2000 3046 at

2044 1699 2091 1760 B

2625 1692 2806 1744 ΚΕΦΑ
2814 1690 3027 1745 ΛΔΙΟΝ
3061 1690 3193 1746 MA'.

2119 1804 2247 1859 Ὀτι
2275 1804 2392 1874 χρὴ
2422 1805 2530 1859 τὸν
2559 1804 2844 1860 διάκονον
2868 1805 3276 1875 ἐπικουφίζειν
3290 1806 3357 1859 τὸ
3374 1806 3578 1875 ,Βάρος
3598 1806 3715 1861 τῶν

2164 1876 2531 1941 ἐπισκόπων,
2562 1876 2662 1930 καὶ
2689 1876 3025 1932 διευθύνειν
3052 1879 3125 1930 τὰ
3153 1878 3492 1946 κουφότερα
3525 1878 3661 1949 (68).

2194 1970 2524 2041 Ὀμόφρονες
2550 1967 2644 2023 οὖν
2662 1970 2815 2034 ὄντες
2843 1969 2981 2041 πρὸς
3009 1968 3297 2041 ἀλλήλους,
3321 1963 3367 2023 ὧ
3386 1970 3711 2033 ἐπίσκοποι,

2112 2060 2421 2133 εἰρηνεύετε
2443 2064 2561 2133 μετ’
2589 2062 2853 2133 ἀλλήλων,
2882 2062 3209 2134 συμπαθεῖς,
3234 2062 3557 2133 φιλάδελφοι
3580 2066 3711 2135 (69),

2114 2154 2253 2224 μετά
2278 2154 2561 2226 ἀκριϐείας
2607 2154 2927 2225 ποιμαίνετε
2966 2154 3059 2208 τὸν
3085 2155 3234 2218 λαὸν,
3263 2156 3595 2227 ὁμοφρόνως
3638 2158 3712 2210 δι-

2109 2245 2398 2309 δάσκοντες
2424 2248 2552 2309 τοὺς
2579 2244 2653 2316 ὑφ
2672 2248 2685 2268 ’
2717 2248 2861 2317 ὑμᾶς
2887 2248 3322 2319 ὁμογνωμονεῖν,
3353 2249 3452 2301 καὶ
3482 2250 3546 2302 τὸ
3580 2251 3710 2304 αὐτὸ

2109 2339 2238 2411 περὶ
2264 2338 2372 2392 τῶν
2400 2338 2580 2392 αὐτῶν
2607 2339 2869 2404 δοξάζειν,
2915 2342 3065 2405 ὅπως
3096 2360 3115 2393 ‹
3147 2340 3221 2412 μὴ
3319 2344 3378 2395 ὲν
3409 2343 3545 2413 ὑμῖν
3597 2344 3711 2414 σχί-

2110 2446 2313 2501 σματα,
2344 2450 2363 2482 ι
2395 2426 2492 2502 ἦτε
2521 2431 2577 2485 δὲ
2611 2449 2630 2483 t
2659 2431 2717 2485 ἓν
2749 2432 2908 2503 σῶμα
2936 2434 3031 2485 καὶ
3059 2432 3116 2485 ἓν
3144 2433 3385 2504 πνεῦμα,
3436 2452 3708 2507 κατηρτι-

2108 2524 2295 2594 σμένοι
2322 2523 2401 2594 τῷ
2430 2523 2578 2595 αύτῷ
2606 2524 2709 2588 νοῒ,
2742 2526 2837 2578 καὶ
2863 2528 2929 2597 τῇ
2961 2526 3099 2598 αὐτῇ
3131 2527 3325 2599 γνώμῃ
3361 2546 3381 2579 ι
3415 2527 3569 2582 κατά
3612 2529 3711 2599 τὴν

2106 2617 2389 2689 Κυριακὴν
2418 2617 2567 2671 θέσιν
2597 2617 2731 2688 (70).
2784 2615 2896 2669 Καὶ
2958 2618 3138 2673 πάντα
3170 2619 3267 2689 μὲν
3286 2621 3316 2671 ὁ
3345 2619 3604 2684 διάκονος
3631 2623 3709 2692 τῷ

2104 2710 2391 2781 ὲπισκόπῳ
2418 2710 2759 2780 ἀναφερέτω,
2790 2710 2867 2773 ὡς
2896 2711 2925 2763 ὁ
2956 2712 3195 2782 Χριστὸς
3223 2710 3300 2782 τῷ
3330 2712 3536 2783 Πατρί’
3592 2713 3707 2766 ἀλλ’

2103 2802 2204 2856 ὅσα
2228 2802 2285 2856 δὲ
2314 2802 2425 2873 (71)
2445 2802 2688 2868 δύναται,
2711 2802 2981 2857 εύθυνέτω
2999 2804 3048 2857 δι
3068 2807 3081 2827 ’
3103 2804 3322 2868 ἑαυτοῦ,
3344 2805 3529 2858 λαϐὼν
3552 2806 3706 2877 παρά

2101 2894 2197 2947 τοῦ
2226 2896 2528 2949 ἐπισκόπου
2574 2896 2672 2968 τὴν
2703 2896 2972 2961 ἐξουσίαν,
3003 2896 3081 2961 ὡς
3106 2898 3136 2950 ὁ
3166 2897 3373 2969 Κύριος
3403 2899 3563 2970 παρά
3607 2900 3702 2953 τοῦ

2102 2988 2316 3060 Πατρός
2332 2990 2393 3042 τὸ
2416 2990 2770 3061 δημιουργεῖν
2792 2990 2929 3061 (72),
2960 2990 3022 3043 τὸ
3056 2994 3327 3062 προνοεῖν·
3351 2990 3423 3044 τά
3452 2992 3495 3045 δ’
3532 2994 3700 3065 ὑπέρ-

415 3084 653 3154 majores
677 3098 873 3139 causas
895 3084 1185 3154 episcopus
1210 3084 1439 3153 judicct.
1481 3084 1750 3139 Cu'terum
1783 3086 1854 3141 sit
1880 3086 2000 3139 dia—

2103 3097 2245 3149 ογκα
2275 3082 2386 3152 (75)
2417 3084 2445 3135 ὁ
2473 3083 2773 3145 ἐπίσκοπος
2791 3082 3047 3155 κρινέτω.
3086 3083 3235 3155 Πλὴν
3267 3084 3411 3138 ἔστω
3440 3085 3471 3137 ὁ
3518 3085 3697 3140 διῶιο-

415 3191 612 3240 conus,
643 3178 888 3249 episcopi
932 3177 1083 3234 auris
1122 3184 1176 3232 et
1205 3178 1420 3242 oculus,
1451 3183 1504 3231 et
1533 3192 1616 3238 os,
1650 3194 1745 3231 cor
1791 3179 1997 3248 pariter

2104 3191 2195 3238 νος
2222 3175 2523 3228 ἐπισκόπου
2553 3175 2713 3246 ἀκοὴ,
2745 3177 2839 3229 καὶ
2868 3173 3166 3248 ὀφθαλμὸς,
3198 3177 3294 3229 καὶ
3326 3177 3527 3249 στόμα,
3562 3196 3696 3250 καρ-

414 3275 470 3321 et
504 3270 721 3335 anima;
775 3279 834 3325 ut
868 3272 1160 3341 episcopus
1198 3271 1252 3324 in
1294 3269 1544 3339 pluribus
1575 3286 1737 3340 quam
1772 3285 1869 3341 par
1911 3278 1997 3325 est

2102 3269 2191 3323 δία
2216 3286 2275 3322 τε
2305 3269 2401 3321 καὶ
2426 3268 2572 3339 ψυχὴ
2594 3268 2729 3339 (74),
2761 3269 2849 3323 ἵνα
2880 3268 2957 3341 μὴ
3049 3268 3119 3323 τὰ
3147 3269 3318 3323 πολλά
3357 3272 3643 3342 μεριμνῶν
3668 3272 3699 3323 ὁ

497 3471 697 3550 "_"Lev.
725 3486 883 3535 ιινι,
903 3469 997 3535 23,
1020 3468 1115 3525 Ἡ.
1187 3468 1235 3502 ⁷¹
1258 3467 1405 3525 Psal.
1439 3484 1576 3537 xvn,
1605 3469 1697 3525 26.
1775 3468 1825 3501 "
1845 3468 1863 3523 ι
1887 3467 2009 3525 Cor.

2116 3469 2204 3525 l0.
2278 3470 2327 3504 ’⁷⁸
2353 3470 2493 3543 Eph.
2528 3487 2606 3539 tv,
2640 3472 2695 3529 ι.
2808 3473 2858 3507 ’⁸
2880 3472 2945 3531 L.
2975 3474 3149 3534 Clem.
3181 3476 3357 3550 Epist.
3378 3478 3449 3535 ad
3468 3477 3688 3545 Jacob.,

427 3560 479 3600 c.
510 3543 598 3597 ιε.

1707 3692 2074 3750 VAlilORUM
2109 3692 2341 3749 ΝΟΤᾸ).

479 3838 591 3900 (67)
620 3837 1050 3904 Καταξιωθῆτε.
1082 3836 1384 3891 Besecatur
1413 3835 1730 3905 prrepositio
1777 3838 1831 3890 in
1876 3852 1981 3891 ms.

406 3905 638 3962 Vindob.
654 3910 745 3976 qui
764 3910 923 3963 habet
938 3907 1227 3978 άξιωθῆτε,
1244 3908 1432 3963 eodem
1449 3906 1755 3978 signiﬁcatu
1768 3946 1780 3959 .
1804 3906 1980 3978 Cncn.

480 3978 592 4047 (68)
629 3981 994 4047 Κουφότερα.
1044 3976 1204 4031 Vind.
1260 3978 1383 4033 cod.
1427 3977 1983 4047 ὲλαφρότερα,ίιμιοι1

407 4046 548 4129 idem
596 4060 708 4170 «ist,
758 4046 913 4104 more
958 4048 1304 4103 librariorum
1371 4046 1678 4119 synonyma
1740 4046 1985 4101 miscen-

414 4131 563 4170 uum.
632 4135 685 4170 ι).

414 4131 563 4172 illim.
609 4131 685 4170 ID.

474 4185 586 4257 (69)
614 4186 993 4255 Φιλάδελφοι.
1016 4186 1076 4240 In
1107 4186 1231 4242 cod.
1264 4182 1427 4241 Vind.
1462 4183 1713 4255 sequitur
1729 4184 1971 4253 γίνεσθε,

402 4265 455 4312 et
487 4272 613 4308 mox
642 4258 1041 4326 ποιμαίνοντες.
1085 4258 1161 4311 lo.

471 4326 583 4397 (70)
616 4324 812 4381 Θέσὶν.
858 4327 957 4381 Ms.
993 4325 1155 4382 Vind.
1185 4325 1552 4389 διδασκαλίαν,
1585 4325 1733 4395 quod
1767 4324 1977 4396 glosse-

402 4412 488 4450 ma
518 4412 639 4451 esse
661 4398 893 4453 videtur.
931 4398 1004 4451 lo.

472 4466 588 4547 (71)
618 4467 903 4547 ᾼέτυερξι
952 4469 1008 4521 in
1051 4468 1224 4523 altero
1271 4467 1482 4532 codice,
1541 4480 1644 4521 nec
1696 4466 1976 4522 intercedo

399 4536 531 4606 quin
558 4536 821 4591 deleatur.
864 4537 938 4591 lo.

470 4605 687 4678 (72‘1de
721 4608 1119 4678 δημιουργεῖν.
1151 4606 1266 4663 Hoc
1290 4607 1562 4664 omittitur
1591 4611 1648 4665 in
1678 4612 1854 4668 altero
1882 4624 1971 4663 co.

398 4672 519 4731 dice
551 4672 809 4731 Vindnh.w
831 4676 907 4732 lo.

471 4746 583 4817 (75)
624 4747 961 4823 ’Υπέροιτνιαἒ
994 4745 1051 4801 In
1082 4748 1254 4804 altero
1297 4747 1487 4804 codice
1532 4750 1777 4821 μείζονα,
1828 4751 1975 4823 quod

399 4816 667 4885 glossema
698 4818 921 4872 redolet.
946 4818 1022 4872 lo.

470 4885 582 4959 (74)
619 4888 808 4959 Ἔστω
836 4891 867 4959 ῥ
895 4887 1194 4959 διάκονος,
1224 4906 1279 4943 κ.
1301 4905 1355 4943 τ.
1402 4888 1451 4941 λ.
1486 4887 1553 4943 Et
1593 4891 1690 4947 lib.
1723 4907 1818 4954 ιιι,
1850 4907 1972 4959 cap.

398 4958 608 5033 penult.
629 4957 723 5009 καὶ
737 4957 1005 5033 αἴσθησις.
1028 4958 1318 5033 Diaconos.
1333 4960 1575 5033 episcopi
1590 4963 1799 5026 oculos,
1827 4957 1969 5033 pra:-

398 4975 608 5023 penult.
629 4975 1005 5080 καιαισυησις.
1028 4975 1575 5030 maconos.eplscop1
1590 4975 1799 5026 oculos,
1827 4978 1969 5033 pra:-

396 5027 857 5102 sertimquearchi
904 5029 1173 5102 iaconiim,
1196 5030 1560 5099 episc0palem
1582 5033 1821 5102 oculum,
1849 5049 1974 5102 pas—

397 5097 499 5173 sim
530 5097 801 5173 appellant
841 5097 1509 5173 antiqui._l_nter‘caateros_
1529 5111 1720 5157 auctor
1749 5097 1971 5173 Episto-

396 5167 460 5237 l3:
484 5168 550 5220 ad
582 5167 867 5237 Jacohum,
908 5167 1031 5237 cap.
1076 5169 1144 5223 12
1193 5168 1367 5234 infra;
1407 5168 1647 5228 Isidorus
1696 5167 1971 5229 Pelusiota

395 5234 642 5313 Epistola
660 5236 750 5313 _ad
774 5234 998 5313 Lucium
1021 5240 1459 5313 archidiaconunt
1486 5241 1713 5304 Pelusii,
1733 5259 1855 5313 qua:
1884 5244 1969 5298 bis

392 5306 915 5380 cdit:1__legitur,_lib.
948 5323 995 5380 ι,
1023 5325 1175 5380 num.
1205 5309 1298 5372 29,
1322 5317 1375 5363 et
1406 5311 1501 5364 lib.
1538 5328 1611 5376 Iv,
1650 5306 1805 5367 num.
1837 5313 1965 5380 188,

396 5375 485 5444 ubi
511 5376 643 5429 dicit
671 5377 815 5444 quod
848 5378 1270 5432 archidiaconus
1289 5395 1411 5435 esse
1433 5375 1629 5437 debeat
1658 5391 1806 5438 totus
1836 5375 1969 5437 ocu;

394 5443 502 5520 lus.
528 5457 651 5520 curn}
683 5443 898 5520 diaconi
923 5448 1034 5520 sint
1054 5450 1196 5502 oculi
1218 5450 1459 5520 episcOpi
1487 5467 1498 5501 :
1526 5452 1653 5507 item
1678 5453 1967 5510 Fulbertus

393 5516 565 5594 epist_._
583 5515 672 5594 51,
705 5522 758 5569 et
778 5516 1046 5594 hrnulﬁis
1064 5515 1727 5594 contra—Girardumwap.
1752 5524 1812 5594 1,
1831 5532 1873 5579 t.
1901 5524 1941 5579 ll

396 5582 668 5665 §picilegii
707 5600 759 5653 p.
782 5586 919 5665 ΞΗ,
948 5588 1326 5665 Cujuslocum
1366 5592 1439 5644 ita
1471 5582 1702 5665 restituo
1736 5614 1749 5665 ς
1790 5582 1966 5665 Engo-

392 5654 691 5731 ltsmensem
741 5654 1065 5731 abbatissam
1116 5658 1353 5731 quidam_
1385 5670 1505 5714 tuus
1561 5654 1962 5718 archidiaconus

395 5724 667 5787 gravidam
698 5737 857 5791 pravo
886 5725 1006 5795 fecit
1041 5724 1270 5785 accessu.
1319 5729 1493 5786 Porro
1534 5732 1742 5800 facinus
1777 5735 1961 5807 ingra-

2093 3836 2341 3916 vescentis
2360 3838 2505 3916 uteri
2533 3844 2711 3916 tumor
2738 3838 3023 3916 excedens,
3063 3848 3115 3916 et
3149 3844 3419 3916 naturalis
3462 3848 3689 3916 eﬂ'ectus

2093 3908 2317 3981 aperuit.
2352 3907 2505 3972 Quod
2538 3908 2665 3961 dum
2694 3919 2906 3977 propter
2940 3913 3279 3966 insolentiam
3306 3907 3576 3981 criminis,
3602 3907 3688 3976 di;

2091 3977 2425 4057 vinitatisque
2455 3987 2805 4057 conten-aptum
2852 3981 3051 4057 ciuibus
3095 3984 3403 4040 incredibile
3449 3977 3683 4057 videtur,

2085 4049 2431 4124 parturientis
2468 4048 2754 4124 abbatissa:
2796 4055 3040 4124 gemitus,
3089 4063 3138 4107 et
3182 4057 3301 4109 novi
3342 4069 3539 4124 partus
3568 4048 3677 4118 cre-I

2086 4116 2287 4184 pundia
2316 4119 2751 4194 ﬁdemfecerunt.
2795 4116 3050 4176 Universa
3079 4125 3243 4194 igitur
3279 4116 3471 4182 ciuitas
3500 4116 3686 4187 admi-

2084 4193 2289 4273 ratione
2318 4190 2561 4273 perculsa
2583 4202 2660 4273 est
2686 4206 2703 4244 :
2734 4208 2839 4261 qua
2859 4190 3158 4273 cogitatum
3178 4196 3539 4273 impatientia,
3577 4222 3686 4273 qua

2085 4259 2859 4339 temeritate_conceptum,_‘qua
2888 4259 3111 4339 denique
3140 4259 3472 4334 impudentia
3499 4259 3684 4339 posset

2082 4343 2194 4381 esse
2223 4331 2936 4413 ctfmpletunuhquodﬁomo
2978 4331 3279 4390 animarum
3318 4331 3525 4403 custos,
3568 4347 3685 4413 epi-

2009 4424 2053 4479 D
2079 4400 2308 4479 scopulis
2331 4401 2536 4479 oculus,
2568 4400 2821 4457 Ecclesiw
2844 4406 3113 4468 columna,
3140 4422 3398 4479 sponsam
3432 4400 3682 4479 Domini,

2090 4467 2497 4555 .Virginumcjus
2527 4483 2747 4527 matrem
2777 4483 2932 4555 atque
2964 4467 3255 4555 custodem,
3293 4496 3398 4555 non
3443 4467 3686 4555 compa:

2083 4538 2254 4614 lasset
2275 4538 2427 4614 verbo
2454 4552 2682 4606 tantum,
2707 4544 2799 4597 sed
2832 4538 2983 4613 opere
3004 4546 3301 4614 polluisset.
3340 4548 3437 4603 Sic
3478 4538 3684 4611 mihis-

2079 4609 2149 4662 tri
2176 4612 2474 4693 spiritales,
2515 4609 3154 4693 a.ngeli,“possun_t'tcste
3185 4616 3395 4693 Hilario
3426 4622 3481 4675 in
3532 4609 3679 4693 psal.

2078 4693 2263 4752 exstx,
2287 4682 2342 4748 2,
2368 4682 2554 4738 haberi
2585 4682 2683 4752 pro
2712 4682 2805 4739 Dei
2835 4688 3034 4750 oculis,
3056 4689 3138 4741 vel
3163 4689 3415 4751 auribus,
3447 4682 3683 4750 vel'ma-

2079 4751 2407 4828 nibusnvel
2453 4751 2705 4828 pedibus.
2764 4755 2929 4828 Atqui
2977 4774 3041 4812 ex
3084 4756 3320 4828 Origene
3350 4762 3422 4815 ad
3474 4762 3676 4823 Matth.

2083 4835 2244 4883 xvnl.
2274 4821 2328 4888 8,
2358 4823 2414 4886 9,
2455 4821 2793 4890 sacerdotes,
2820 4821 3080 4882 Ecclesia:
3100 4821 3297 4884 oculus
3316 4841 3470 4886 recte
3491 4821 3676 4891 ιιοιιιίξ

2077 4900 2307 4959 nantur;
2340 4894 2558 4967 diaconi
2589 4910 2719 4967 vero
2740 4899 3032 4967 caeterique
3056 4900 3318 4961 ministri,
3352 4918 3581 4961 manus.
3616 4907 3681 4963 In

2074 4976 2307 5037 quorum
2358 4964 2537 5033 primo
2565 4963 2963 5037 Adamantiuni
3017 4970 3266 5037 sequitur
3310 4970 3565 5030 Hilarius
3607 4981 3680 5033 ad

2075 5033 2215 5100 psal.
2252 5047 2522 5097 cxxxvm,
2557 5034 2644 5099 16,
2680 5044 2739 5089 ut
2770 5038 2825 5091 in
2865 5033 3157 5107 posteriori
3203 5039 3454 5099 Zonaras
3493 5047 3678 5103 inter-

2073 5110 2302 5223 pretans
2342 5119 2608 5159 canonem
2648 5108 3011 5176 apostolicum
3046 5109 3135 5164 56.
3179 5109 3446 5181 Symeoni
3483 5127 3679 5174 autem

2124 5174 2554 5223 hessalonicensi
2608 5175 2683 5223 De
2731 5179 2902 5223 sacris
2937 5178 3369 5223 ητιίῑηηιῑηπίιηιι
3413 5200 3521 5223 mn
3582 5190 3649 5223 te:

2124 5174 2554 5255 hessalpliicensi
2604 5174 2698 5255 De
2731 5179 2915 5255 sacris
2937 5174 3370 5255 ordinationibus
3413 5200 3544 5255 cap.
3582 5190 3675 5253 15,

2071 5243 2477 5327 c'hartophyIlax'
2495 5246 2614 5309 ὅλος
2640 5247 2758 5301 ἐστὶ
2786 5248 2864 5318 τῷ
2893 5249 3143 5320 ἀρχιερεῖ
3167 5250 3322 5315 δεξιά
3344 5292 3358 5313 ,
3391 5243 3675 5327 pontiﬁcis

2069 5313 2305 5394 dextera.
2345 5313 2520 5394 Ratio
2567 5332 2767 5394 porro,
2802 5313 3026 5394 propter
3057 5313 3347 5394 quam—tot
3377 5313 3677 5394 praeclaris

2070 5386 2386 5466 nominibus
2403 5386 2655 5466 decorat:
2664 5386 3025 5466 inveniuntur
3055 5386 3297 5466 diaconi,
3324 5386 3582 5466 tangitur
3603 5402 3676 5455 ab

2069 5452 2374 5576 Epiphanio
2402 5456 2596 5512 haeresi
2626 5458 2714 5519 78,
2739 5474 2864 5529 cap.
2885 5460 2938 5522 5,
2972 5460 3059 5516 his
3086 5452 3318 5518 verbis':
3351 5452 3522 5521 Ἀῧευ
3552 5452 3674 5524 διάί

2069 5541 2103 5576 κ
2135 5542 2247 5576 νου.
2289 5527 2590 5576 ἐπίσκοπον
2618 5528 2880 5576 ἀδύνατον
2924 5526 3083 5576 εἶναι-
3119 5530 3245 5576 Sim!
3284 5535 3521 5576 dim-mm
3558 5544 3672 5576 ηε,

2068 5526 2247 5588 κόνου,
2289 5527 2590 5580 ἐπίσκοπον
2618 5526 2880 5583 ἀδύνατον
2924 5526 3085 5594 εἶναι,
3119 5530 3245 5587 Sine
3284 5535 3521 5592 diacono
3556 5544 3672 5611 cpio

2067 5611 2253 5674 scapus
2283 5613 2419 5674 esse“
2439 5615 2541 5674 non
2564 5610 2748 5674 potest
2769 5640 2783 5664 ,
2832 5603 3246 5674 etaAscriptore
3280 5604 3548 5674 Epistolae
3585 5603 3672 5666 De

2062 5667 2327 5753 gradibus
2371 5667 2644 5753 Ecclesia,
2669 5678 2802 5725 tom.
2834 5669 2907 5753 lli
2944 5667 3184 5742 Operum
3220 5672 3279 5728 S.
3312 5667 3668 5753 Hieronymi,

2065 5735 2189 5793 istis
2223 5755 2235 5793 ς
2266 5735 2395 5795 Sine
2434 5738 2657 5797 diacono
2691 5740 2936 5799 sacerdos
2986 5735 3175 5801 nomen
3210 5762 3318 5811 non
3360 5735 3549 5822 habet;
3572 5735 3665 5810 or;
