3884 6180
254 311 369 367 705

1182 324 1788 383 CONSTITUTIONES
1820 326 2499 389 APOSTOLlCrE.—LIB.
2535 318 2611 389 ιι.

3421 333 3521 390 706

248 434 579 498 ἐπεσκοπος,
628 433 763 488 ἀλλά
794 436 929 507 μόνα
974 435 1042 490 τὰ
1071 437 1380 511 κυριώτερα
1402 456 1414 470 ·
1447 440 1636 512 ὥσπερ
1682 441 1776 494 καὶ
1818 442 1836 493 ἐ

1959 457 2023 498 ac
2054 442 2443 499 minutioribus
2473 444 2707 515 negotiis
2735 459 2846 499 non
2880 454 3197 517 occupetur,
3221 446 3315 503 sed
3349 448 3402 502 in
3433 465 3516 503 ιιοε

265 524 477 589 Ἰωθὼρ
507 527 619 598 (75)
650 527 729 598 τῷ
758 530 982 583 Μωῦσεῖ
1006 530 1307 595 διετάξατο,
1337 532 1433 585 καὶ
1458 531 1728 605 ἀπεδέχθη
1749 531 1848 585 αὒ-

246 617 354 672 τοῦ
386 620 421 689 ή
456 618 778 689 συμϐουλία.

762 733 1159 787 ΚΕΦΑΛΑῙΟΝ
1196 735 1329 789 ME'.

294 825 424 880 Ὅτι
445 824 533 894 μὴ
564 825 1029 901 προσῆκον-(76)
1059 826 1440 901 Χριστιανοῖς
1480 829 1811 901 ἀντιλογίαι

746 895 844 949 καὶ
871 895 1358 969 mammam.

322 988 509 1043 Καλὸν
539 990 637 1061 μὲν
665 987 759 1044 οῦν
787 992 906 1043 ἐστι
926 989 1004 1063 τῷ
1033 991 1349 1064 Χριστιανῷ
1376 992 1673 1065 ἐγκώμιον,
1709 994 1846 1066 πρὸς

250 1080 465 1152 μηδένα
494 1081 638 1152 ἐχειν
686 1082 1007 1154 πράγματα·
1059 1085 1108 1136 εί
1135 1083 1191 1137 δὲ
1220 1083 1285 1138 ἐκ
1312 1102 1456 1149 τινος
1502 1085 1781 1158 ἐνεργείας
1809 1086 1842 1159 ἢ

245 1174 565 1245 πειρασμοῦ
598 1175 874 1247 ἐπισυμϐῇ
905 1193 1012 1229 τινι
1056 1177 1308 1248 πρᾶγμα,
1358 1177 1704 1242 σπουδαζέτω
1732 1178 1845 1231 δια-

243 1264 479 1319 λύεσθαι
508 1266 660 1331 αὐτὸ,
693 1268 797 1322 κᾶν
825 1268 921 1342 δέῃ
970 1268 1233 1340 βλαὸῆναί
1262 1287 1337 1333 τι,
1368 1271 1463 1324 καὶ
1494 1269 1568 1342 μὴ
1601 1270 1844 1343 ἐρχέσθω

244 1358 347 1411 ἐπὶ
377 1360 661 1431 κριτήριον
688 1358 900 1414 ἐθνικόν
946 1359 1079 1433 (77).
1124 1360 1285 1414 Ἀλλά
1331 1362 1429 1432 μὲν
1479 1363 1612 1435 μηδὲ
1665 1362 1847 1434 ἀνέχε-

247 1450 347 1503 σθε
379 1454 680 1523 κοσμικοὺς
700 1454 968 1524 ἄρχοντας
987 1453 1130 1508 κατὰ
1149 1454 1256 1509 τῶν
1279 1455 1560 1527 ὑμετέρων
1577 1454 1839 1520 δικάζειν·

241 1543 337 1596 διὰ
368 1544 478 1616 γάρ
508 1545 706 1599 αὑτῶν⁸
729 1547 759 1598 ὁ
802 1546 1050 1611 διάϐολος
1093 1546 1398 1619 ἐπιτηδεύει
1428 1546 1538 1619 (78)
1585 1552 1698 1611 τοῖς
1725 1547 1844 1601 δού-

242 1636 367 1700 λοις
412 1636 507 1691 τοῦ
555 1637 714 1703 Θεοῦ,
761 1640 857 1693 καὶ
904 1639 1105 1704 ὄνειδος
1158 1640 1438 1713 ἐπεγείρει
1481 1640 1616 1713 (79),
1662 1641 1739 1705 ὡς
1769 1642 1842 1713 μή

246 1729 488 1798 ἐχόντων
516 1731 548 1800 ἠ
559 1730 673 1800 μῶν
700 1731 797 1786 ἐνα
825 1729 987 1801 σοφὸν
1017 1731 1108 1785 τὸν
1137 1731 1433 1803 δυνάμενον
1482 1732 1683 1803 μεταξὺ
1714 1732 1844 1805 βρα-

246 1820 448 1874 ϐεῦσαι
475 1822 537 1874 τὸ
563 1821 789 1887 δίκαιον,
820 1822 853 1895 ἢ
884 1822 986 1887 τάς
1012 1823 1320 1894 ἀντιλογίας
1345 1823 1612 1878 διαλῦσαι.

750 2002 1149 2058 ΚΕΦΑΛΑΙΟΝ
1185 2004 1350 2074 MG'.

258 2131 389 2202 Ὀτι
411 2132 484 2186 οὐ
510 2132 625 2202 χρὴ
656 2132 800 2200 τοὺς
829 2132 1087 2199 πιστοὺς
1109 2133 1207 2187 ἐπὶ
1238 2132 1358 2188 τῶν
1379 2133 1653 2189 ἀπίστων
1688 2134 1851 2189 δικά-

333 2200 556 2276 ζεσθαι,
589 2200 729 2276 οὔτε
748 2204 867 2272 μὲν
890 2203 960 2267 ἐξ
986 2204 1348 2276 αὺτῶνᾼτινα
1375 2205 1585 2259 καλεῖν
1599 2207 1686 2272 εἰς
1701 2224 1851 2276 μαρ-

328 2274 546 2340 τιιρὶαν
562 2274 680 2343 τὴν
717 2276 869 2328 κατὰ
893 2274 1279 2343 Χριστιανῶν.

304 2392 417 2472 ’Μὴ
449 2389 543 2446 οὖν
572 2394 992 2463 γινωσκέτωσαν
1019 2396 1089 2450 τὰ
1118 2397 1245 2470 ἐθνη
1274 2397 1374 2463 τὰς
1402 2400 1540 2471 πρὸς
1583 2400 1846 2473 ἀλλήλους

244 2484 408 2556 ὑμῶν
438 2485 719 2558 διαφοράς,
748 2488 886 2561 μήτε
907 2488 1028 2542 καθ’
1050 2490 1261 2544 ἑαυτῶν
1280 2493 1360 2555 εἰς
1390 2491 1500 2564 (80)
1535 2495 1842 2566 μαρτυρίαν

242 2577 630 2648 παραδέχεσθε
655 2580 785 2643 τοὺς
812 2579 1094 2645 ἀπίστους,
1148 2584 1286 2654 μήτε
1331 2584 1583 2655 κρίνεσθε
1612 2588 1683 2638 ἐπ
1705 2588 1718 2607 ’
1747 2588 1845 2639 αὑ-

241 2670 381 2723 τῶν·
436 2671 575 2741 μήτε
604 2670 845 2741 ὀφείλετε
873 2691 926 2726 τι
952 2672 1165 2737 τούτοις
1194 2674 1330 2747 πρὸς
1360 2675 1719 2749 συντέλειανῆ
1750 2677 1845 2747 φό-

243 2762 346 2816 ϐον
369 2762 480 2835 (81)
502 2780 514 2792 ·
538 2763 674 2817 ἀλλά
698 2765 957 2819 (ἀπόδοτε
978 2764 1049 2819 τὰ
1067 2766 1346 2839 Καίσαρος
1359 2767 1621 2840 Καίσαρι,
1655 2770 1748 2821 καὶ
1776 2769 1845 2823 τά

242 2853 347 2907 τοῦ
378 2854 514 2909 Θεοῦ
546 2855 625 2927 τῷ
653 2856 770 2928 Θεῷ
793 2874 807 2887 ·
850 2877 868 2910 ι
903 2853 1016 2911 οἷον
1062 2857 1251 2931 φόρον,
1284 2858 1317 2929 ἢ
1350 2859 1569 2930 κῆνσον,
1601 2860 1634 2931 ἢ
1664 2860 1845 2933 δίδρα-

247 2964 418 3019 χμον,
450 2948 526 3012 ὡς
552 2949 646 3003 καὶ
672 2950 701 3001 ὁ
730 2948 937 3022 Κύριος
954 2949 1113 3021 ήμῶν
1132 2949 1257 3015 δοὺς
1277 2950 1367 3004 τὸν
1389 2951 1656 3023 στατῆρα,
1678 2951 1847 3025 ἀπηλ-

248 3040 399 3112 λάγη
429 3040 789 3112 πραγμάτων.
820 3041 987 3115 Αίροῦ
1016 3038 1108 3095 οὖν
1138 3042 1338 3113 μᾶλλον
1362 3042 1716 3112 βλάπτεσθαι,
1747 3045 1842 3099 καὶ

245 3132 322 3185 τά
378 3132 517 3203 πρὸς
570 3134 792 3205 είρήνην
852 3134 1195 3199 σπουδάζειν,
1223 3134 1285 3187 ού
1333 3135 1491 3206 μόνον
1539 3134 1676 3207 πρὸς
1717 3137 1843 3199 τοὺς
1870 3176 1913 3236 C

240 3224 533 3293 ἀδελφοὺς,
567 3224 700 3277 ἀλλά
729 3226 823 3278 καὶ
853 3225 991 3297 πρὸς
1009 3228 1136 3290 τοὺς
1162 3226 1444 3290 ἀπίστους.
1477 3226 1704 3290 Βλαὸεὶς
1732 3226 1842 3299 γὰρ

240 3318 358 3371 τῶν
393 3316 660 3387 βιωτικῶν
704 3337 779 3383 τι,
826 3318 896 3373 τά
939 3318 1076 3391 πρὸς
1103 3319 1235 3373 Θεὸν
1280 3321 1341 3373 οὐ
1371 3320 1714 3392 ζημιωθήσῃ,
1746 3320 1842 3373 ac;

242 3411 512 3483 θεοσεϐὴς
540 3412 823 3484 ὑπάρχων,
870 3413 964 3465 καὶ
1009 3414 1144 3466 κατ’
1178 3412 1396 3483 ἐντολὴν
1440 3412 1678 3485 Χριστοῦ
1728 3413 1839 3486 (82)

242 3503 381 3566 ζῶν.
413 3504 475 3556 Εί
504 3503 559 3557 δέ
588 3504 802 3574 ἀδελφοὶ
822 3506 902 3568 είς
921 3504 1183 3577 ἀλλήλους
1202 3504 1437 3577 ἔχουσιν,
1462 3506 1490 3560 ὃ
1514 3506 1587 3579 μὴ
1607 3507 1837 3576 γένοιτο,

243 3594 481 3648 αὐτόθεν
508 3598 651 3649 νοεῖν
677 3595 920 3666 ὀφείλετε
947 3597 999 3650 οἱ
1026 3597 1451 3669 προηγούμενοι,
1480 3599 1561 3652 ὅτι
1590 3600 1639 3653 οἱ
1667 3598 1842 3653 τοιοῦ-

242 3704 335 3739 τοι
382 3686 486 3740 οὐκ
512 3686 755 3758 ἀδελφῶν
794 3689 851 3743 ἐν
896 3689 1087 3761 Κυρίῳ
1110 3688 1222 3762 (85)
1268 3689 1429 3763 ἔργον
1474 3690 1835 3756 ἐπιτελοῦσιν,

243 3778 389 3832 ἀλλά
420 3777 617 3850 μᾶλλον
662 3780 873 3852 ἐχθρῶν
920 3780 1213 3853 πολεμίων.
1261 3783 1373 3835 Καὶ
1418 3780 1498 3846 εἷς
1531 3783 1629 3853 μὲν
1657 3782 1837 3837 αὐτῶν

242 3871 609 3943 εὑρεθήσεται
636 3872 813 3943 ἤπιος,
844 3873 1108 3946 ἐπιεικὴς,
1139 3873 1314 3943 φωτὸς
1341 3874 1549 3937 τέκνον,
1578 3874 1765 3945 ἐτερος
1781 3873 1836 3927 δέ

242 3964 549 4035 ἀνήμερος,
580 3964 839 4036 αὐθάδης,
872 3964 1219 4037 πλεονέκτης·
1271 3967 1299 4018 ὁ
1319 3962 1410 4020 οὖν
1440 3964 1839 4034 καταγινωσκό-

248 4072 419 4127 μενος
453 4056 819 4129 ἐπιτιμάσθω,
847 4057 1193 4129 ἀφοριζέσθω
1211 4096 1227 4123 ,
1255 4057 1411 4132 δίκην
1438 4058 1539 4131 τῆς
1587 4056 1838 4129 μισαδελ-

1948 534 2017 589 lis
2045 536 2423 606 gravioribus;
2455 538 2914 608 quemadmodum
2946 548 3000 594 et
3025 538 3214 595 Jethro
3243 541 3412 613 Moysi
3435 542 3525 596 di-

1949 628 2205 696 gessit",
2244 635 2694 701 acceptatumque
2722 630 2824 685 fuit
2854 632 3003 687 illius
3031 633 3345 688 consilium.

2512 743 2742 801 CAPUT
2797 744 2958 801 XLV.

2024 837 2178 906 Quod
2210 835 2531 893 Christianis
2558 856 2661 892 non
2688 840 2997 893 conveniant
3019 840 3385 893 controversiae
3404 847 3455 894 et

2526 910 2914 964 altercationes.

2017 998 2287 1055 Prmclara
2327 1016 2461 1058 sane
2498 1001 2813 1057 Christiano
2844 1001 3053 1056 homini
3086 1002 3207 1058 laus
3244 1008 3328 1057 est
3352 1041 3366 1065 ,
3396 1016 3521 1054 cum

1946 1094 2165 1149 nemine
2188 1095 2520 1150 contendere
2551 1114 2563 1149 :
2599 1095 2683 1150 sin
2708 1101 2888 1150 autem
2912 1095 3145 1165 alicujus
3173 1095 3408 1164 impulsu
3437 1094 3524 1148 vel

1948 1187 2268 1254 vexatione,
2304 1188 2469 1243 alicui
2503 1188 2780 1259 negotium
2814 1187 3057 1253 incidat,
3095 1188 3187 1242 det
3213 1202 3434 1257 operam
3466 1193 3525 1239 ut

1949 1278 2266 1345 dirimatur,
2297 1281 2552 1352 quamvis
2584 1281 2686 1336 sibi
2712 1280 2836 1336 inde
2860 1279 3066 1351 aliquid
3098 1280 3420 1351 capiendum
3452 1279 3524 1334 sit

1947 1373 2290 1441 detrimenti;
2325 1382 2378 1430 ct
2408 1392 2474 1430 nc
2512 1375 2671 1430 adeat
2701 1375 2767 1430 ad
2808 1376 3091 1445 gentilium
3122 1374 3381 1428 tribunal.
3416 1370 3523 1427 Sed

1946 1483 2047 1521 nec
2074 1467 2358 1537 patiamini
2410 1477 2469 1521 ut
2520 1468 2813 1522 saecularcs
2860 1468 3214 1537 magistratus
3248 1464 3314 1519 de
3340 1465 3524 1519 causis

1947 1560 2145 1615 vestris
2172 1560 2441 1630 judicium
2476 1559 2844 1630 proferant";
2882 1574 2979 1628 per
3021 1573 3115 1613 eos
3156 1558 3298 1613 enim
3331 1557 3525 1611 diabo-

1947 1652 2033 1707 lus
2065 1654 2238 1708 servis
2272 1651 2367 1707 Dei
2395 1651 2619 1707 facessit
2657 1652 2952 1723 negotium,
2980 1650 3347 1721 probrumque
3375 1648 3526 1703 exci-

1946 1752 2056 1808 tat,
2107 1744 2267 1816 quasi
2314 1760 2425 1800 non
2466 1744 2763 1799 habeamus
2811 1758 2911 1799 nos
2952 1744 3131 1797 virum
3182 1741 3520 1811 sapientem,

1946 1836 2041 1907 qui
2064 1838 2239 1906 possit
2268 1837 2413 1892 inter
2441 1845 2627 1907 partes
2656 1836 2749 1906 jus
2777 1835 2981 1902 dicere,
3030 1841 3084 1890 et
3117 1832 3522 1889 controversias

1945 1928 2279 2000 disceptare.

2497 2019 2728 2076 CAPUT
2770 2019 2953 2078 XLVI.

1946 2134 2101 2202 Quod
2124 2151 2228 2189 non
2259 2144 2501 2205 oporteat
2529 2135 2711 2205 ﬁdeles
2737 2135 2946 2206 litigare
2975 2134 3115 2204 apud
3145 2135 3417 2206 inﬁdeles;
3441 2151 3524 2189 ne-

2014 2223 2112 2276 que
2137 2222 2204 2259 ea:
2231 2206 2313 2259 his
2343 2208 2643 2276 quempiam
2672 2205 2857 2261 vocare
2884 2208 2938 2261 in
2968 2207 3319 2261 testimonium
3340 2205 3524 2261 adver-

2014 2294 2105 2330 sus
2130 2276 2489 2331 Christianos.

2014 2386 2092 2444 Ne
2121 2389 2285 2460 igitur
2327 2390 2560 2457 gentiles
2584 2396 2924 2461 cognoscant
2954 2396 3106 2445 ortas
3136 2390 3281 2445 inter
3310 2405 3412 2445 vos
3455 2390 3525 2444 li-

1944 2488 2049 2545 tes,
2097 2497 2275 2553 neque
2326 2483 2615 2537 adversum
2656 2498 2753 2537 vos
2797 2483 3173 2537 testimonium
3221 2482 3522 2538 infidelium

1944 2575 2287 2641 adhibeatis,
2322 2591 2499 2646 neque
2536 2575 2605 2630 ab
2638 2577 2719 2631 eis
2754 2575 3115 2645 judicemini;
3164 2592 3341 2647 neque
3386 2576 3523 2647 ipsis

1943 2667 2239 2738 quidquam
2269 2668 2536 2735 debeatis,
2571 2668 2718 2739 quod
2747 2669 2813 2723 ad
2860 2669 3125 2723 tributum
3172 2676 3225 2725 et
3256 2676 3522 2724 terrorem

1944 2769 2275 2831 potestatum
2328 2762 2629 2831 pertineat;
2674 2761 2769 2816 sed
2803 2780 2822 2812 ι
2851 2762 3062 2816 reddite
3101 2777 3222 2831 qua
3250 2769 3377 2816 sunt
3406 2762 3523 2816 Cie-

1944 2853 2109 2918 saris,
2136 2851 2359 2911 Caesari.
2397 2860 2452 2908 et
2480 2868 2601 2923 qua:
2649 2862 2778 2908 sunt
2810 2853 2925 2919 Dei,
2960 2852 3165 2919 Deo";
3204 2874 3222 2907 ι
3259 2864 3317 2908 ut
3345 2856 3519 2909 vecti-

1942 2945 2050 3015 gal,
2086 2953 2181 3000 aut
2209 2962 2458 3009 censum,
2496 2954 2589 2999 aut
2620 2946 3035 3009 didrachmum;
3069 2946 3213 3001 sicut
3249 2955 3301 3001 et
3348 2946 3525 3001 Domi-

1944 3054 2049 3093 nns
2070 3046 2258 3093 noster
2281 3040 2484 3093 tributo
2505 3048 2706 3095 statere
2720 3040 2787 3106 ",
2807 3054 2834 3092 a
2860 3040 3108 3095 molestia
3134 3040 3397 3095 liberatus
3415 3052 3519 3097 est.

1945 3129 2096 3201 Elige
2130 3132 2294 3201 igitur
2326 3134 2510 3201 potius
2540 3132 2739 3185 damno
2771 3131 2905 3186 afﬁci
2926 3171 2940 3193 ,
2972 3141 3025 3185 et
3057 3148 3175 3201 qua:
3220 3132 3286 3185 ad
3327 3147 3518 3202 pacem

1945 3231 2196 3294 spectant
2239 3224 2470 3287 sectari,
2505 3239 2614 3278 non
2662 3225 2841 3279 solum
2905 3239 3028 3277 cum
3085 3222 3368 3291 fratribus,
3422 3223 3519 3279 sed

1944 3316 2106 3369 etiam
2145 3331 2269 3369 cum
2304 3314 2639 3372 inﬁdelibus.
2680 3314 2814 3370 Nam
2847 3332 2970 3371 cum
3001 3317 3236 3386 aliquam
3268 3317 3323 3371 in
3354 3319 3520 3386 hujus

1943 3409 2064 3461 vita:
2094 3409 2395 3462 commodis
2420 3408 2690 3478 jacturam
2722 3406 2938 3475 feceris,
2972 3409 3179 3461 nullum
3208 3409 3517 3464 divinorum

1944 3499 2212 3553 bonorum
2259 3499 2521 3554 damnum
2573 3500 2819 3569 patieris,
2852 3507 3039 3570 utpote
3074 3499 3166 3554 Dei
3219 3501 3417 3565 cultor,
3464 3509 3517 3555 et

1939 3593 2096 3662 juxta
2118 3593 2323 3647 Christi
2347 3592 2602 3647 mandata
2645 3593 2852 3651 vivens.
2899 3594 2955 3647 Si
2986 3609 3134 3656 vero,
3165 3593 3309 3663 quod
3340 3594 3510 3648 absit!

1941 3685 2141 3741 fratres
2194 3685 2484 3740 habuerint
2548 3684 2751 3755 aliquid
2800 3686 2944 3741 inter
2997 3702 3055 3742 se
3108 3688 3514 3753 controversiae,

1942 3778 2068 3831 inde
2108 3777 2405 3847 intelligere
2448 3777 2656 3832 debetis
2687 3794 2781 3833 vos
2817 3779 3117 3848 praepositi,
3152 3779 3299 3849 quod
3327 3778 3518 3847 hujus-

1942 3870 2087 3924 modi
2118 3870 2365 3925 homines
2391 3885 2499 3925 non
2530 3886 2589 3925 se
2622 3879 2817 3942 gerunt
2841 3880 2900 3926 ut
2932 3872 3127 3929 fratres
3163 3874 3218 3928 in
3259 3871 3511 3937 Domino,

1941 3962 2036 4017 sed
2072 3964 2253 4032 potius
2285 3974 2343 4017 ut
2388 3965 2574 4018 hostes
2613 3962 2820 4018 infesti.
2861 3964 2939 4018 Ac
2970 3964 3108 4020 forte
3137 3982 3280 4021 unus
3324 3980 3514 4019 eorum

1940 4056 2243 4127 reperietur
2268 4057 2426 4124 lenis,
2459 4072 2674 4126 aequus,
2700 4057 2843 4111 filius
2885 4057 3061 4123 lucis;
3093 4059 3228 4114 alter
3259 4072 3387 4114 vero
3412 4057 3514 4110 ini-

357 4235 409 4269 "
430 4219 602 4295 Exed.
630 4252 785 4293 mn.
863 4236 909 4270 ""
933 4237 1197 4307 lCor.vr,
1221 4240 1273 4297 Ι.
1346 4241 1394 4274 τ’
1414 4240 1605 4296 Matth.
1642 4256 1779 4305 xm,
1818 4240 1908 4295 2L
1984 4242 2032 4274 "
2058 4241 2248 4298 Matth.
2282 4258 2413 4298 xvn.

1560 4394 1927 4451 VARIORUM
1967 4394 2198 4451 ΝΟΤᾹΞ.

249 4579 367 4643 tam
395 4583 499 4643 non
532 4565 967 4643 hal>et,_o[/ieium
989 4586 1093 4643 non
1120 4569 1292 4643 habet.
1324 4567 1480 4643 Mitto
1522 4570 1648 4643 τοὺς
1683 4568 1834 4638 βασι-

1955 4571 2168 4643 Ξιπαθεῖς
2220 4571 2384 4643 (male
2409 4571 2576 4643 edunt
2609 4569 2873 4633 ἀπειθεῖς,
2904 4571 3049 4624 male
3084 4568 3376 4643 emendant
3419 4572 3509 4624 εὑ-

246 4639 391 4699 λέως
419 4636 436 4707 (
460 4653 553 4691 seu

247 4710 320 4761 τά
373 4703 637 4776 βασιλέως
688 4703 823 4771 ὦτα,
881 4703 1026 4779 apud
1073 4703 1485 4779 Xenophontem
1536 4703 1601 4763 et.
1643 4712 1828 4765 alios:

245 4788 629 4860 p‘rmtereaﬂug
674 4778 1041 4860 apwp‘éaﬁﬁ;
1081 4778 1342 4860 νηὸςίτὸν
1389 4778 1683 4860 ὀφθαλμιξν,
1727 4781 1838 4849 epi-

247 4848 398 4921 Stola
445 4848 543 4921 ἰῇ
589 4848 836 4921 Gregorii
885 4848 1235 4907 Nazianzeni.
1288 4850 1543 4921 etAmulta
1572 4848 1629 4903 id
1662 4848 1834 4921 genus

245 4918 438 4989 obvia.
474 4916 669 4989 Videto
702 4916 893 4973 Notam
927 4921 992 4973 ad
1017 4928 1182 4989 caput
1205 4921 1293 4973 30.
1326 4918 1462 4972 Cor.

322 4987 438 5059 (75)
485 4988 701 5061 Ἰῳθώρ.
733 4988 889 5059 Apud
920 4988 1062 5061 LXX
1089 4987 1279 5061 Ίοθόρ.
1322 4989 1593 5059 Corrupte
1607 4988 1686 5061 _in
1710 4988 1836 5044 Cm-

246 5075 320 5131 na
359 5075 489 5131 iquge
528 5060 750 5131 indigne
795 5060 1089 5131 ascribitur
1136 5059 1569 5131 S._‘Cypriano,
1606 5059 1829 5115 Lothor.

257 5130 396 5183 Vale
434 5128 801 5198 fecitLethor,
834 5146 932 5199 pro
958 5130 1166 5185 Jothor.
1192 5128 1363 5184 Exed.
1398 5145 1470 5194 tv,
1514 5129 1601 5184 18.
1643 5131 1722 5186 In.

346 5199 440 5271 76)
479 5199 820 5271 Προσῆκον.
851 5199 1005 5271 Alter
1029 5201 1199 5271 codex
1230 5201 1585 5271 προσήκουσι.
1618 5200 1785 5271 Cum.

346 5202 417 5252 76
479 5202 820 5268 Προσῆκον.
851 5202 1005 5255 Alter
1029 5202 1199 5255 codex
1230 5202 1585 5271 προσήκουσι.
1618 5202 1785 5255 Cum.

321 5202 440 5340 (77)
458 5269 556 5336 Μὴ
577 5270 853 5340 ,ἐρχέσθω
880 5270 979 5323 ἐπὶ
1006 5269 1305 5337 κριτήριον
1324 5270 1579 5323 ἐθνικόν.
1604 5270 1834 5326 Correc-

245 5339 368 5396 tum
381 5339 542 5395 velim
558 5339 984 5394 Alexandrinum
998 5340 1326 5395 Clementem
1341 5343 1512 5393 multo
1526 5350 1651 5395 ante
1670 5342 1829 5395 linem

247 5410 549 5465 Stromatei
578 5410 861 5480 penultimi
890 5411 1086 5479 pagina
1120 5409 1243 5474 750,
1289 5425 1398 5480 quo
1428 5410 1531 5464 loci
1561 5426 1831 5467 enarrans

248 5490 467 5535 textum
483 5478 731 5549 Apostoli
752 5478 916 5535 lCor.
940 5478 1016 5543 vi,
1042 5480 1094 5544 1,
1114 5486 1245 5542 etc.,
1281 5478 1347 5533 de
1367 5480 1550 5535 causis
1565 5490 1618 5533 et
1640 5481 1831 5534 litibus

247 5550 725 5612 Christianorum,
745 5558 906 5619 atque
939 5552 1079 5603 inter
1099 5564 1158 5605 se
1177 5565 1501 5619 comparans
1514 5565 1609 5620 eos
1627 5551 1719 5620 qui
1742 5550 1832 5620 ju-

244 5621 746 5675 diciocontendunt
764 5621 907 5690 apud
930 5620 1165 5689 iniquos,
1196 5636 1291 5675 eos
1313 5619 1561 5690 quiapud
1585 5619 1829 5685 sanctos,

246 5701 305 5745 ct
320 5705 419 5745 eos
439 5690 533 5760 qui
558 5689 891 5760 nullatenus,
909 5690 1040 5744 dicit
1057 5690 1329 5745 secundos
1362 5689 1552 5759 primis
1571 5703 1693 5745 esse
1713 5705 1830 5760 [ne-

256 5753 472 5820 liores]
488 5758 584 5813 sed
620 5761 810 5814 tertios
847 5760 1234 5829 perfectionem
1257 5753 1665 5829 attigisse:Kal.
1691 5753 1829 5812 εἶναι

255 5832 363 5899 μὲν
392 5829 502 5884 τῶν
517 5829 797 5902 προτέρων
816 5828 939 5893 τοὺς
958 5829 1240 5901 δευτέρους
1258 5828 1529 5901 ἀμείνους,
1550 5828 1758 5883 οὐδέπω
1774 5829 1829 5883 δὲ

594 4638 852 4709 βασιλέων
898 4646 991 4693 aut
1016 4639 1349 4709 βασιλείους)
1382 4638 1710 4708 ὀφθαλμοὺς,
1744 4643 1837 4694 καὶ

1938 4642 2163 4704 πειθεῖς,
2184 4641 2241 4695 ut
2260 4642 2637 4696 antecedentia
2660 4649 2714 4696 et
2741 4641 3128 4709 consequentia
3160 4641 3503 4703 ostendunt),

1976 4729 2004 4761 ν
2036 4711 2108 4783 μὴ
2138 4712 2499 4783 ἀμνησίκακοι
2544 4710 2740 4783 τέλεονᾉ
2758 4712 3064 4783 γενόμενοι,
3114 4709 3252 4783 κατά
3286 4709 3383 4783 τὴν
3411 4712 3506 4783 τοῦ

1976 4730 2004 4761 ν
2036 4730 2108 4783 μη
2138 4730 2173 4764 α
2220 4730 2499 4781 νησικακοι
2544 4730 2722 4763 τελεον
2767 4730 3064 4781 γενομενοι,
3114 4730 3252 4762 κατα
3286 4730 3383 4781 την
3411 4730 3506 4763 του

1974 4782 2140 4902 δυρίου
2167 4730 2517 4904 ἔιδασκαλίαν
2542 4780 2945 4851 προσεύξωνται
2980 4780 3073 4833 καὶ
3119 4780 3257 4850 ὑπὲρ
3302 4781 3410 4833 τῶν
3451 4782 3507 4832 ἐ-

2010 4869 2136 4904 οων.
2212 4868 2303 4904 οτ.

2043 4870 2136 4905 ων.
2167 4868 2303 4905 ιλοτ.

1937 4869 2136 4922 χυρων.
2167 4869 2303 4905 ιλοτ.

2007 4922 2119 4993 (78)
2172 4922 2552 4990 Ἐπιτηδεύει.
2582 4922 2756 4993 ῨΑΙῐει·
2790 4920 2914 4976 cod.
2946 4917 3181 4975 Vindob.
3229 4921 3505 4993 ἐφεδρεύει

1936 4992 2163 5055 rectius,
2201 4999 2260 5044 ut
2288 4993 2521 5046 videtur.
2554 4992 2722 5047 Cum.

2009 5061 2123 5133 (79)
2172 5063 2511 5133 ῘΕπεγείρει.
2554 5061 2697 5116 Idem
2737 5061 2899 5133 habet
2941 5060 3191 5133 ἐπιφέρει
3232 5065 3503 5117 sententia

1932 5130 2222 5253 lcommoda
2255 5149 2269 5186 :
2304 5130 2588 5186 insidiatur
2614 5134 2775 5187 servis
2799 5130 2916 5197 Dei,
2949 5130 3295 5202 probrumque
3322 5133 3500 5201 infert.

1957 5216 2010 5253 υ.

1957 5216 2010 5255 D.

2004 5270 2117 5353 (QG)
2156 5274 2287 5353 Εἰς.Δ
2330 5270 2491 5353 Deest
2533 5272 2591 5327 in
2635 5272 2944 5343 antiquiore
2986 5270 3107 5326 cod.
3152 5269 3386 5327 Vindob.
3450 5279 3504 5325 et

1932 5342 2150 5411 quidem
2180 5350 2345 5398 recte.
2370 5342 2466 5397 CL.
2772 5342 2779 5343 ⁷
3118 5410 3125 5411 γ
3179 5409 3218 5411 _
3257 5409 3285 5411 η
3582 5380 3591 5389 ι

2003 5410 2117 5485 (8i)
2151 5414 2364 5485 φόϐον.
2402 5413 2591 5485 φόρον,
2639 5413 2744 5467 hoc
2783 5419 2880 5485 est
2906 5410 3144 5485 rectigal.
3177 5409 3403 5485 Tributa
3447 5418 3502 5463 et

1934 5478 2219 5551 vectigalia
2240 5483 2375 5537 solvi
2395 5478 2589 5551 jubent
2616 5484 2806 5537 larvali
2830 5482 2883 5534 hi
2908 5478 3161 5551 apostoli,
3183 5495 3251 5533 ex
3271 5478 3498 5545 decoro;

1934 5553 2079 5621 quod
2092 5550 2293 5621 tamen
2321 5550 2449 5609 alibi
2480 5568 2588 5607 non
2619 5554 2753 5608 satis
2784 5558 3054 5621 servatur.
3085 5550 3160 5604 Id.

2002 5620 2116 5691 (82)
2152 5623 2426 5689 Χριστοῦ.
2455 5623 2589 5676 Θεοῦ
2619 5638 2722 5677 ms.
2748 5620 2905 5675 Vind.
2934 5618 3010 5691 In.

2003 5686 2117 5813 (‘85)
2168 5686 2270 5813 'lEr
2298 5692 2512 5762 Κυρίῳ.
2564 5692 2772 5749 Desunt
2808 5692 2864 5745 in
2910 5690 3079 5744 altero
3121 5688 3330 5755 codice,
3359 5686 3500 5744 forte

2003 5776 2145 5813 ξιιιε.
2197 5776 2249 5813 Ι).

1931 5761 2145 5819 melius.
2174 5761 2249 5818 In.
