3884 6180
410 270 514 326 70⁵1

1251 267 1308 324 S.
1344 268 1739 327 CLEMENTIS
1770 274 1789 329 I
1824 272 1990 329 ROM.
2030 272 2235 330 PONT.
2274 273 2501 328 OPER.\
2537 273 2761 329 DUBIA.

3552 278 3657 335 708

404 387 575 450 mitis,
604 395 921 451 contumax,
961 382 1244 439 fraudator
1280 400 1293 435 :
1334 385 1423 439 hic
1455 386 1620 455 igitur
1642 386 1858 456 agnitus
1883 404 1977 458 pu-

2079 389 2205 457 φίας
2230 389 2473 441 τιννύτω’
2523 384 2640 441 εἶτα
2673 388 3103 459 μεταμελόμενος
3132 389 3658 461 προσλαμϐανέσίὴο·

407 481 613 544 niatur,
639 486 692 533 et
722 485 1057 548 segregetur,
1100 484 1154 531 et
1187 491 1378 546 pinnas
1419 476 1646 531 fraterni
1671 478 1781 531 odii
1814 479 1927 532 luat
1955 496 1969 532 :

405 572 532 627 dein
569 588 693 626 cum
742 570 1081 641 propositum
1110 570 1437 633 mutaverit,
1467 578 1778 625 assumatur
1804 571 1859 625 in
1887 586 1978 625 so—

404 667 657 719 cietatem
681 676 698 716 :
722 669 884 731 atque
905 662 982 714 ita
1010 661 1281 731 castigati,
1314 661 1609 714 tribunalia
1634 669 1818 716 vestra
1843 662 1978 719 alle-

402 755 609 809 vabunt
632 769 695 808 ac
740 753 1105 823 infrequentia
1147 752 1397 807 eilicient.
1442 752 1668 823 Oportet
1714 764 1891 810 autem
1920 763 1976 811 et

404 855 596 900 mutuo
622 847 850 915 injurias
875 844 1213 909 condonare;
1243 860 1355 899 non
1383 844 1604 915 quidem
1622 845 1857 915 judices,
1878 847 1973 903 sed

401 955 498 994 eos
521 939 613 1009 qui
652 939 959 994 simultates
1005 938 1243 1003 habent;
1281 937 1740 1008 quemadmodum
1781 937 1969 994 Domi-

403 1046 510 1084 nus
563 1030 963 1101 pronuntiavit,
1009 1044 1132 1083 cum
1174 1044 1273 1099 ego
1324 1027 1519 1085 Petrus
1579 1029 1973 1101 interrogarem

402 1138 525 1177 eum
558 1141 571 1177 :
609 1142 627 1174 ι
662 1123 888 1188 Quoties
930 1122 1177 1193 peccabit
1208 1124 1261 1175 in
1295 1138 1380 1177 me
1416 1121 1583 1177 frater
1607 1138 1781 1187 meus,
1806 1130 1861 1178 et
1890 1124 1974 1177 di-

403 1214 614 1267 mittam
644 1212 736 1267 ei?
777 1228 951 1282 usque
992 1212 1231 1283 septies?
1258 1232 1276 1263 ι
1324 1222 1379 1266 et
1417 1213 1696 1282 respondit
1728 1229 1741 1265 :
1798 1232 1817 1265 ι
1854 1212 1974 1269 Νοη

402 1304 527 1357 dico
550 1304 667 1367 tibi,
702 1320 875 1375 usque
904 1305 1127 1374 septies,
1158 1305 1252 1359 sed
1282 1321 1455 1375 usque
1484 1307 1857 1377 septuagesies
1886 1323 1975 1363 se-

401 1397 539 1465 pties
555 1396 620 1453 ⁸⁶.
637 1416 653 1448 ι
685 1395 775 1450 Sic
792 1396 935 1450 enim
954 1396 1061 1450 vult
1080 1395 1341 1453 Dominus
1370 1413 1494 1453 vere
1519 1414 1639 1453 esse
1661 1414 1787 1453 suos
1808 1399 1975 1454 disci-

400 1492 576 1561 pulos,
605 1490 846 1559 nihilque
869 1489 990 1544 illos
1014 1497 1205 1543 contra
1232 1489 1465 1559 aliquem
1493 1489 1693 1545 habere
1706 1507 1971 1561 unquam,

397 1583 630 1653 exempli
682 1582 857 1653 gratia
882 1623 897 1648 ,
938 1581 1077 1635 iram
1121 1582 1555 1647 immoderatam,
1590 1590 1683 1635 aut
1732 1582 1974 1637 furorem

399 1673 710 1741 immanem,
731 1682 824 1728 aut
846 1674 1197 1743 cupiditatem
1221 1672 1483 1743 iniquam,
1508 1680 1601 1727 aut
1621 1673 1806 1728 odium
1836 1674 1972 1729 irre-

2076 481 2171 532 καὶ
2210 479 2352 533 οὕτω
2401 480 2871 551 σωφρονιζόμενοι,
2916 482 3357 551 ὲπικουφίσουσιν
3403 484 3536 555 ὑμῖν
3586 488 3662 541 τὰ

2076 573 2357 642 κριτήρια.
2390 571 2510 642 Χρὴ
2541 571 2597 624 δὲ
2626 574 2720 625 καὶ
2750 577 3051 645 συγχωρεῖν
3078 573 3147 626 τὰ
3166 576 3246 636 είς
3270 574 3534 644 ἀλλήλους
3552 579 3663 630 ἀδι-

2076 664 2319 733 κήματα·
2367 662 2429 715 οὐ
2477 664 2603 726 τοὺς
2650 662 2954 734 κρίνοντας,
2996 664 3131 717 ἀλλά
3156 666 3285 728 τοὺς
3324 666 3551 736 ἔχοντας
3579 670 3665 731 εἰς

2076 754 2319 818 ἑαυτούς’
2370 754 2553 818 καθὼς
2594 755 2623 807 6
2666 756 2869 827 Κύριος
2896 757 3232 828 ἀπεφήνατο,
3261 758 3396 829 ἐμοῦ
3442 760 3662 831 Πέτρου

2075 847 2451 919 ἐρωτήσαντος
2492 847 2672 901 αὐτόν’
2726 848 2994 913 «Ποσάκις
3039 851 3345 921 ἁμαρτήσει
3388 853 3469 914 εἰς
3498 853 3602 922 ἐμὲ
3632 854 3664 904 6

2073 937 2298 1008 ἀδελφός
2328 956 2449 1009 μου,
2482 940 2577 993 καὶ
2602 941 2796 1012 ἀφήσω
2826 941 3124 1013 αὐτῷςὲως
3152 943 3431 1008 ἑπτάκις;ι
3456 945 3557 997 κα)⁵
3583 946 3669 997 εί-

2074 1029 2285 1093 πόντος·
2342 1049 2361 1082 ι
2398 1032 2472 1084 Οὐ
2503 1032 2645 1101 λέγω
2674 1050 2775 1096 σοι,
2804 1033 2909 1097 ἕως
2939 1033 3185 1097 ἑπτάκις,
3214 1034 3327 1087 ἀλλ’
3356 1035 3463 1097 ἕως
3507 1035 3667 1089 £660-

2077 1121 2413 1190 μηκοντάκις
2462 1124 2621 1177 ἑπτά.
2654 1142 2671 1175 ι
2706 1122 2893 1187 Οὕτως
2918 1125 3027 1196 γὰρ
3055 1124 3197 1178 θέλει
3225 1126 3254 1177 6
3284 1127 3489 1198 Κύριος
3524 1129 3668 1202 ἀλη-

2075 1211 2184 1275 θῶς
2215 1206 2353 1266 εῐναι
2386 1213 2552 1267 αὑτοῦ
2586 1214 2853 1287 μαθητὰς,
2886 1217 2981 1271 καὶ
3013 1218 3177 1290 μηδὲν
3205 1218 3347 1289 ἔχειν
3373 1220 3519 1272 κατά
3553 1238 3668 1291 μη⁴

2072 1304 2220 1368 δενὸς
2249 1305 2468 1360 πώποτε
2493 1347 2508 1372 ,
2554 1302 2665 1361 οἷον
2697 1308 2867 1380 ὀργὴν
2894 1311 3151 1383 ἄμετρον,
3181 1312 3215 1382 ἢ
3245 1312 3413 1383 θυμὸν
3457 1314 3669 1383 ἀνήμε-

2075 1413 2188 1467 ρον,
2220 1397 2253 1468 ἢ
2284 1398 2579 1469 ἐπιθυμίαν
2606 1400 2809 1464 ἄδικον,
2840 1401 2872 1473 ἢ
2907 1406 3063 1473 μίσος
3087 1403 3369 1457 ἄσπονδον.
3402 1405 3545 1468 Τοὺς
3564 1401 3665 1458 οὖν

2072 1487 2458 1559 ὀργιζομένους
2511 1492 2874 1562 συμϐιϐάζετε
2919 1495 2999 1556 εἰς
3043 1494 3243 1563 φιλίαν,
3271 1496 3400 1559 τοὺς
3436 1495 3668 1567 ἐχθραί-

2073 1596 2263 1644 νοντας
2290 1583 2369 1645 είς
2394 1582 2662 1653 ὁμόνοιανσ
2708 1586 2789 1637 ὅτι
2820 1584 2966 1653 λέγει
2995 1585 3198 1657 Κύριος
3218 1603 3232 1616 ·
3270 1588 3583 1659 «Μακάριοι
3609 1590 3666 1640 οἱ

2074 1674 2422 1744 είρηνοποιοὶ,
2456 1676 2536 1728 ὄτι
2563 1676 2716 1729 αὐτοὶ
2744 1678 2849 1730 υίοὶ
2878 1676 3013 1731 Θεοῦ
3042 1678 3422 1749 κληθήσονται.
3454 1698 3474 1731 ι

396 1767 755 1822 conciliabile.
790 1766 896 1821 Eos
928 1766 1111 1835 itaque
1137 1766 1229 1835 qui
1260 1766 1657 1835 irajactantur,
1681 1765 1747 1819 ad
1811 1764 2137 1831 amicitiam;
2162 1766 2256 1836 qui
2305 1768 2433 1821 odio
2456 1778 2802 1837 asperantur,
2855 1770 2925 1825 ad
2978 1772 3329 1826 concordiam
3355 1772 3659 1839 adducite;

396 1861 521 1932 quia
553 1859 815 1915 Dominus
838 1859 915 1913 ait
943 1874 956 1911 :
990 1876 1010 1911 ι
1037 1858 1187 1915 Beati
1212 1858 1447 1929 pacifici,
1479 1857 1738 1929 quoniam
1773 1856 1876 1927 ipsi
1905 1855 1999 1909 lilii
2021 1854 2116 1911 Dei
2144 1858 2486 1912 vocabuntur
2515 1858 2582 1913 “.
2624 1878 2643 1911 ι

943 1973 1174 2029 CAPUT
1214 1973 1421 2030 XLVII.

398 2066 552 2133 Quod
582 2076 818 2137 oporteat
865 2068 921 2122 in
954 2067 1183 2122 secunda
1214 2066 1570 2122 Sabbatorum
1597 2066 1770 2135 forum
1798 2082 1967 2137 agere.

466 2158 627 2213 Fiant
649 2159 857 2228 judicia
880 2167 1061 2215 vestra
1106 2158 1344 2215 secunda
1385 2169 1507 2229 post
1531 2156 1827 2212 Sabbatum
1852 2158 1967 2224 dic;

394 2259 456 2305 ut
487 2250 533 2307 si
567 2259 763 2307 vestrae
792 2252 1076 2307 sententiae
1105 2251 1539 2315 contradicatur,
1572 2257 1830 2305 vacantes
1871 2265 1971 2304 us-

394 2360 502 2414 que
530 2343 600 2398 ad
635 2342 957 2410 Sahbatum,
989 2343 1214 2413 possitis
1244 2343 1736 2398 contradictionem
1766 2357 1970 2412 expen-

394 2438 545 2502 dere,
578 2445 633 2493 et
661 2439 803 2492 inter
834 2453 893 2493 se
919 2437 1328 2500 dissentientes,
1363 2437 1420 2490 in
1450 2435 1594 2491 diem
1625 2434 1966 2489 Dominicum

395 2532 708 2602 paciﬁcare.
752 2530 1031 2587 Assistant
1078 2536 1261 2584 autem
1318 2528 1581 2583 tribunali
1639 2526 1858 2582 diaconi
1914 2537 1967 2581 et

394 2622 731 2695 presbyteri,
776 2637 904 2678 cum
937 2621 1153 2692 justitia
1186 2634 1251 2675 ac
1280 2621 1421 2675 citra
1458 2633 1818 2690 personarum
1868 2633 1963 2672 ac-

392 2716 698 2785 ceptionem
725 2714 1062 2785 iudicantes,
1095 2722 1356 2785 tanquam
1383 2714 1633 2770 homines
1664 2713 1782 2770 Dei.
1826 2714 1964 2769 Cum

394 2808 565 2878 igitur
594 2817 826 2878 utraque
849 2822 1105 2879 persona,
1138 2807 1282 2863 sicut
1324 2813 1378 2861 et
1419 2806 1551 2860 dicit
1593 2805 1681 2860 lex
1697 2805 1764 2871 ⁸⁸,
1802 2804 1967 2861 adve-

392 2900 557 2965 nerit,
604 2900 826 2955 stabunt
867 2907 1049 2970 partes
1104 2898 1344 2953 adversae
1388 2899 1445 2952 in
1479 2897 1659 2952 medio
1688 2897 1808 2953 foro
1851 2917 1863 2951 :
1912 2907 1967 2952 et

392 2992 597 3047 auditis
629 2992 733 3056 iis,
766 3000 956 3047 sancte
1004 2990 1140 3046 ferte
1182 2990 1467 3060 suffragia,
1513 2997 1777 3045 conantes
1824 2989 1968 3044 inter

391 3083 583 3138 ambos
616 3083 913 3139 conciliare
952 3082 1270 3146 amicitiam,
1318 3090 1443 3139 ante
1483 3082 1730 3156 episcopi
1773 3082 1966 3139 decre-

392 3183 531 3242 tum,
579 3192 649 3232 ne
686 3177 743 3230 in
788 3175 1065 3247 publicum
1116 3175 1345 3247 prodeat
1384 3178 1654 3235 sententia
1705 3179 1968 3234 adversus

390 3284 515 3324 eum
546 3270 639 3340 qui
674 3268 932 3339 deliquit;
983 3269 1113 3340 quia
1145 3271 1438 3340 episcopus
1480 3270 1538 3325 in
1567 3271 1827 3327 tribunali
1863 3288 1965 3342 ap-

2573 1975 2969 2031 ΚΕΦΑΛΑῙΟΝ
3006 1978 3139 2031 MZ'.

2076 2064 2201 2120 Ὀτι
2212 2066 2326 2135 χρὴ
2348 2066 2673 2136 ὲνδευτέρᾳ
2699 2067 3013 2123 Σαόὅάτιιηρ
3032 2068 3324 2123 ποιεῖσθαι
3343 2068 3452 2135 τὰς
3462 2069 3665 2136 δίκας.

2141 2158 2223 2212 Τά
2267 2159 2592 2230 δικαστήρια
2654 2159 2809 2229 ήμῶν
2864 2159 3099 2228 γινέσθω
3150 2160 3380 2232 δευτέρᾳ
3436 2160 3663 2216 Σαϐϐά-

2068 2265 2177 2303 των
2222 2250 2369 2321 (84),
2420 2252 2568 2314 ὅπως
2612 2250 2706 2303 ὲάν
2750 2250 3029 2320 ἀντιλογία
3070 2254 3138 2323 τῇ
3178 2252 3451 2321 ἀποφάσει
3501 2254 3663 2324 ὐμιῖιν

2068 2342 2328 2413 γένηται,
2360 2342 2465 2405 ἕως
2491 2340 2771 2396 Σαδδάτου
2800 2343 3013 2414 ἔχοντες
3039 2344 3241 2409 ἄδειαν,
3270 2344 3537 2417 δυνηθῆτε
3570 2348 3664 2400 εὐ·-

2070 2432 2224 2487 θῦναι
2253 2434 2352 2506 τὴν
2380 2434 2709 2504 ἀντιλογίαν,
2741 2437 2836 2489 καὶ
2864 2436 3172 2508 είρηνεῦσαι
3204 2439 3285 2501 είς
3311 2437 3412 2510 τὴν
3444 2439 3661 2510 Κυρια-

2068 2526 2170 2597 κῆν
2212 2528 2336 2589 τοὺς
2378 2526 2800 2598 διαφερομένους
2846 2528 2985 2599 πρὸς
3028 2528 3305 2599 ἀλλήλους.
3353 2531 3659 2603 Συμπαρέ-

2068 2633 2279 2671 στωσαν
2305 2617 2361 2671 δὲ
2387 2618 2465 2690 τῷ
2491 2618 2825 2691 δικαστηρίῳ
2843 2620 2937 2674 καὶ
2955 2622 3003 2673 ot
3032 2620 3266 2675 διάκονοι
3287 2622 3379 2676 καὶ
3408 2624 3457 2675 οἱ
3478 2640 3656 2694 πρεσ-

2065 2708 2281 2781 ϐύτεροι
2326 2708 2459 2781 (85),
2491 2711 3007 2783 ἀπροσωπολήπτως
3052 2714 3346 2785 κρίνοντες,
3393 2714 3471 2775 ὡς
3514 2714 3653 2767 Θεοῦ

2064 2801 2362 2873 ἄνθρωποι,
2424 2802 2561 2873 μετά
2613 2802 2976 2876 δικαιοσύνης.
3035 2806 3502 2877 Παραγενομένων
3558 2803 3655 2860 οὖν

2065 2892 2339 2965 ἑκατέρων
2365 2894 2474 2947 τῶν
2504 2893 2833 2966 προσώπων,
2876 2895 3059 2960 καθὼς
3098 2898 3192 2951 καὶ
3219 2900 3247 2951 6
3273 2897 3439 2969 νόμος
3476 2898 3652 2967 λέγει,

2068 2987 2355 3057 στήσονται
2388 2986 2637 3058 ἑκάτεροι
2665 2987 2723 3039 ὲν
2758 2987 2908 3059 μέσῳ
2936 2987 3014 3059 τῷ
3057 2988 3345 3060 κριτηρίῳ,
3388 2984 3471 3053 οἷς
3502 2991 3655 3042 ἐστιν

2068 3078 2101 3151 ή
2122 3078 2419 3150 ἀντιλογία
2458 3080 2551 3136 καὶ
2571 3079 2898 3147 ἀκούσαντες
2917 3081 3116 3147 αὐτῶν,
3137 3082 3299 3149 ὁσίως
3315 3081 3655 3154 ἀνενέγκατε

2066 3173 2167 3236 τὰς
2192 3173 2423 3245 ψήφους,
2456 3173 2845 3238 σπουδάζοντες
2870 3174 3067 3238 αὐτοὺς
3094 3175 3279 3244 φίλους
3306 3177 3654 3248 ἀμφοτέρως

2070 3266 2313 3336 ποιῆσαι,
2344 3266 2473 3337 πρὶν
2500 3266 2829 3335 ἀποφάσεως
2866 3268 2965 3339 τῆς
3002 3267 3097 3321 τοῦ
3143 3269 3467 3332 ἐπισκόπου,
3500 3271 3653 3335 ὅπως

391 3362 737 3431 prohatorem
766 3369 820 3418 et
844 3364 1125 3417 conscium
1145 3362 1334 3433 judicii
1359 3364 1519 3417 habet
1538 3362 1815 3419 Christum
1844 3341 1959 3420 Dei.

2073 3356 2143 3428 μὴ
2172 3356 2374 3421 ἐξέλθοι
2405 3358 2499 3411 ἐπὶ
2525 3357 2629 3428 γῆς
2668 3358 2848 3429 κρίσις
2886 3357 3030 3411 κατά
3068 3358 3160 3412 τοῦ
3208 3360 3648 3432 ἁμαρτήσαντος·

394 3452 451 3507 Si
482 3454 577 3523 qui
611 3468 741 3509 vero
792 3453 861 3509 de
916 3453 1142 3509 infamia
1184 3470 1296 3509 non
1344 3462 1493 3509 recte
1539 3455 1851 3511 ambulandi
1906 3457 1963 3509 in

392 3543 625 3599 Domino
656 3560 686 3599 a
716 3545 973 3615 quopiam
1005 3556 1337 3617 arguantur;
1370 3546 1620 3601 eumdem
1658 3547 1712 3601 in
1743 3547 1963 3601 modum

392 3647 682 3709 tlramque
703 3653 1013 3709 personam,
1040 3647 1095 3694 et
1118 3639 1458 3694 accusatoris
1489 3647 1541 3693 et
1568 3639 1834 3704 accusati,
1865 3653 1963 3692 au-

391 3730 533 3795 dite;
592 3738 647 3785 et
702 3745 813 3785 non
857 3746 923 3786 ex
967 3742 1297 3801 praesumpta
1344 3730 1623 3799 opinione,
1670 3745 1847 3800 neque
1896 3746 1964 3785 ex

393 3821 578 3877 studio
622 3822 787 3877 unius
838 3824 1029 3893 partis,
1080 3825 1174 3878 sed
1217 3839 1282 3878 ex
1322 3824 1558 3893 justitia,
1604 3831 1864 3893 tanquam
1896 3824 1964 3879 de

390 3921 595 3968 aeterna
628 3913 735 3967 vita
766 3922 860 3968 aut
890 3922 1086 3980 morte,
1117 3914 1283 3969 dicite
1317 3916 1664 3970 sententiam.
1710 3934 1729 3968 ι
1757 3915 1909 3971 Juste
1938 3933 1957 3968 ι

390 4007 537 4060 enim
565 4045 580 4072 ,
642 4006 821 4076 inquit
868 4006 1014 4062 Deus
1042 4046 1059 4072 ,
1117 4028 1135 4059 ι
1166 4008 1513 4079 persequeris
1557 4008 1703 4078 quod
1751 4008 1963 4078 justum

389 4108 474 4156 est
508 4100 605 4154 ⁸³.»
643 4099 777 4154 Nam
809 4101 903 4171 qui
925 4101 1072 4170 juste
1119 4115 1150 4154 a
1192 4101 1347 4155 vobis
1378 4101 1602 4171 punitus
1631 4108 1716 4156 est
1755 4116 1818 4155 ac
1867 4117 1964 4156 ex-

389 4195 848 4259 communicatus,
882 4208 913 4247 a
939 4194 1268 4264 sempiterna
1290 4194 1399 4249 vita
1428 4201 1481 4248 et
1504 4194 1673 4265 gloria
1701 4194 1961 4264 rejiculus

388 4288 583 4352 evasit,
628 4295 739 4341 tum
788 4288 929 4359 apud
985 4296 1206 4342 sanctos
1242 4287 1491 4343 homines
1538 4287 1957 4358 ignominiosus,

390 4389 505 4436 tum
535 4381 807 4437 obnoxius
838 4382 981 4453 apud
1005 4381 1194 4438 Deum.

915 4560 1145 4617 CAPUT
1185 4562 1416 4621 XLVIII.

390 4653 544 4727 Quod
573 4672 675 4709 non
708 4665 947 4727 oporteat
986 4656 1219 4711 eamdem
1255 4673 1459 4727 pomum
1496 4659 1551 4711 in
1581 4658 1722 4712 omni
1762 4656 1953 4712 delicto

2073 4654 2298 4727 Ὀτιμὴ
2344 4652 2459 4727 χρὴ
2502 4652 2727 4727 ταύτην·
2772 4648 2881 4727 (86)
2907 4648 3171 4727 ,ἐπάγειν
3214 4666 3396 4721 τιμωρ

457 4725 717 4796 irrogare,
742 4725 837 4782 sed
858 4729 1083 4793 variam,
1105 4743 1199 4797 pro
1231 4725 1485 4783 varietate
1514 4728 1880 4798 delinquentis.

456 4881 634 4939 Nolite
654 4885 721 4939 de
736 4886 883 4940 omni
915 4895 1139 4956 peccato
1166 4886 1413 4942 eamdem
1448 4887 1695 4958 proferre
1726 4896 1953 4944 senten-

2066 3448 2254 3501 καθότι
2283 3450 2377 3505 καὶ
2406 3451 2463 3501 ὲν
2489 3448 2567 3519 τῷ
2592 3449 2924 3521 δικαστηρίῳ
2945 3450 3232 3523 σύμψηφον
3260 3451 3374 3523 ἔχει
3403 3455 3502 3508 καὶ
3534 3472 3654 3509 συν-

2068 3541 2256 3613 ίστορα
2280 3543 2380 3613 τῆς
2404 3542 2559 3613 δίκης
2587 3540 2678 3595 τὸν
2708 3542 2940 3614 Χριστὸν
2968 3544 3062 3597 τοῦ
3090 3544 3245 3598 Θεοῦ.
3296 3546 3359 3598 Εί
3401 3545 3460 3599 δέ
3505 3565 3653 3611 τινες

2064 3634 2122 3687 ὲν
2154 3634 2519 3705 βλασφημίαις
2543 3633 2637 3687 τοῦ
2659 3634 2733 3706 μὴ
2762 3634 2941 3698 καλῶς
2966 3635 3168 3689 ὁδεύειν
3196 3638 3255 3690 ὲν
3282 3638 3476 3709 Κυρίῳ
3495 3639 3652 3708 ἐλέγ-

2066 3744 2243 3798 χοιντο
2268 3727 2372 3780 ὑπό
2398 3743 2562 3792 τινος,
2604 3727 2805 3798 ὁμοίως
2844 3727 3175 3793 ἀκούσαντες
3219 3729 3495 3801 ἑκατέρων
3540 3734 3651 3785 τῶν

2066 3819 2394 3892 προσώπων,
2416 3819 2509 3873 τοῦ
2529 3836 2590 3873 τε
2609 3820 3062 3892 κατηγοροῦντος,
3080 3821 3280 3875 καὶτοῦ
3300 3840 3651 3896 κατηγορου-

2067 3910 2253 3983 μένου,
2301 3910 2437 3964 ἀλλά
2483 3911 2557 3982 μὴ
2602 3911 2889 3982 προλήψει,
2946 3911 3079 3982 μηδὲ
3124 3913 3461 3983 μονομερῶς,
3513 3916 3652 3971 ἀλλὰ

2066 4001 2203 4073 μετά
2230 4002 2593 4075 δικαιοσύνης,
2623 4003 2699 4066 ὡς
2725 4004 2866 4075 ὑπὲρ
2892 4002 3038 4075 ζωῆς
3076 4004 3295 4057 αἰωνίου
3328 4004 3361 4075 ή
3411 4005 3649 4062 θανάτου

2062 4093 2291 4158 διδόντες
2336 4094 2628 4163 ἀπόφασιν.
2682 4113 2701 4146 ι
2730 4095 3008 4158 Δικαίως»
3033 4095 3160 4167 γάρ,
3209 4096 3373 4167 φησὶν
3418 4100 3449 4151 6
3488 4098 3647 4164 Θεὸς,

2068 4205 2087 4239 ι
2124 4186 2302 4252 διώξει
2328 4186 2390 4241 τὸ
2416 4188 2639 4243 δίκαιον.
2656 4206 2674 4240 ι
2720 4189 2777 4242 '0
2803 4187 2913 4261 γὰρ
2938 4188 3163 4253 δικαίως
3189 4189 3530 4261 τιμωρηθεὶς
3556 4195 3649 4248 καὶ

2060 4280 2375 4353 ἀφορισθέις
2404 4281 2533 4354 παρ’
2565 4280 2739 4353 ὑμῶν,
2770 4282 2986 4335 αἰωνίου
3016 4281 3161 4354 ζωῆς
3204 4285 3297 4337 καὶ
3322 4284 3481 4357 δόξης
3508 4286 3646 4339 ἀπό-

2062 4372 2257 4444 ϐλητος
2302 4373 2513 4443 γέγονε,
2556 4375 2649 4427 καὶ
2691 4374 2821 4445 παρ’
2863 4372 3169 4446 ἀνθρώποις
3216 4375 3386 4440 ὁσίοις
3428 4378 3645 4449 ἄτιμος,

2066 4469 2157 4522 καὶ
2184 4466 2333 4539 παρά
2362 4466 2479 4537 Θεῷ
2507 4465 2812 4529 κατάδικος.

2549 4556 2942 4611 ΚΕΦΑΔΑῙΟΝ
2978 4556 3119 4613 MH’.

2136 4674 2189 4709 τι
2212 4654 2298 4725 μὴ
2344 4653 2459 4722 χρὴ
2502 4653 2727 4717 ταύτην
2772 4653 2881 4721 (86)
2926 4653 3171 4773 magar
3214 4653 3501 4721 τιμιιφίαν
3548 4655 3642 4709 ἐπὶ

2134 4724 2337 4792 πάσης
2377 4720 2805 4792 πλημμελείας,
2845 4720 3009 4774 ἀλλὰ
3075 4719 3343 4791 ιάςρορον,
3384 4724 3539 4792 πρὸς
3577 4726 3641 4779 τὸ

2131 4788 2417 4863 διάφορον
2444 4788 2551 4844 τοῦ
2579 4788 3037 4858 ἁμαρτάνοντος.

2134 4888 2227 4958 Μὴ
2256 4886 2435 4956 πάσης
2462 4883 2518 4937 δὲ
2548 4882 2819 4954 ἁμαρτίας
2845 4882 2945 4955 τὴν
2977 4883 3145 4957 αὐτὴν
3166 4886 3408 4940 ποιεῖσθε
3430 4887 3648 4956 ἀπόφα-

457 4996 507 5029 ⁶⁶
538 4996 730 5054 Matth.
753 5014 912 5067 xvnt,
939 4998 1029 5054 2|.
1104 4998 1147 5031 ⁸¹
1166 4998 1354 5055 Matth.
1390 5016 1447 5065 v,
1477 4998 1530 5055 9.
1610 5000 1657 5032 “
1681 5000 1838 5056 Deut.
1867 5017 1985 5065 xu,
2018 5001 2105 5057 l7.
2182 5001 2228 5033 ⁸³
2252 4999 2408 5055 Deut.
2438 5012 2551 5063 va,
2579 4996 2671 5051 20.

1671 5117 2037 5175 VARIORUM
2069 5118 2296 5174 NOTAE.

454 5233 566 5305 (84)
604 5232 857 5301 Δευτέρᾳ
882 5232 1242 5305 Σαόὅᾴτωνη
1266 5231 1382 5305 Iloc
1407 5241 1528 5305 est,
1580 5233 1823 5305 secundo
1864 5234 1953 5305 die

373 5304 399 5355 ⁸1
419 5302 762 5366 ebddmadis,
792 5319 916 5356 nam
945 5303 1199 5373 Ed§6aza
1231 5303 1319 5357 hic
1347 5302 1716 5357 hebdomadam
1745 5304 1954 5373 signiii~

371 5381 491 5432 cat.
525 5389 632 5428 non
665 5374 978 5426 Sabbatum.
1032 5371 1122 5424 Sic
1145 5374 1262 5427 dies
1294 5374 1458 5435 solis,
1502 5374 1615 5429 sive
1638 5371 1950 5429 Dominicus

383 5444 587 5497 dicitur
636 5443 733 5511 μία
781 5442 1073 5495 Σαδϐάτων
1105 5441 1293 5495 Matth.
1344 5458 1536 5504 xxvm,
1580 5443 1636 5511 j,
1677 5442 1744 5495 ad
1788 5458 1950 5511 quem

381 5512 562 5632 iéicum
591 5510 714 5567 vide
755 5513 1101 5582 interpretes,
1134 5519 1190 5566 et
1228 5514 1531 5581 praesertim
1577 5510 1644 5567 Il.
1677 5510 1947 5568 Grotium.

430 5595 550 5632 LER.

430 5595 550 5632 LER.

451 5648 468 5709 (
475 5648 565 5712 85)
605 5649 1129 5717 Συμπαρέστωσαν
1147 5650 1233 5713 δέ,
1254 5668 1307 5703 κ.
1326 5667 1375 5703 τ.
1395 5650 1443 5704 λ.
1467 5651 1738 5707 Interdum
1753 5652 1845 5721 jus
1858 5652 1944 5707 di-

386 5724 583 5770 cebant
606 5722 844 5789 episcopi
871 5721 992 5788 soli;
1008 5722 1277 5777 interdum
1291 5722 1567 5781 advocatis
1591 5724 1645 5778 in
1659 5723 1945 5779 consilium

2057 5232 2274 5287 clericis
2302 5230 2438 5286 suis.
2477 5229 2785 5299 Aliquando
2816 5228 3122 5284 liberabant
3161 5246 3221 5286 se
3245 5244 3310 5283 ea
3342 5231 3635 5295 molestia;

2060 5302 2520 5387 inferioribusque
2554 5300 2841 5387 ordinibus
2881 5301 3056 5354 litium
3086 5299 3637 5387 diremptionemfe-

2058 5372 2394 5442 linquebant.
2412 5369 2599 5442 Coacti
2622 5371 2782 5425 etiam
2808 5369 3447 5442 nonnunquamfuerunt
3469 5370 3635 5424 laicos

2058 5439 2168 5495 hac
2190 5442 2242 5494 in
2267 5457 2323 5495 re
2340 5440 2553 5495 clericis
2574 5455 2906 5510 praeponere.
2930 5440 3101 5510 Cujus
3124 5439 3296 5510 ultimi
3320 5442 3632 5510 exemplum

2056 5511 2224 5565 habes
2254 5508 2730 5580 apudWSocratem.
2766 5508 2909 5563 Hist.
2928 5508 3095 5580 ccci”
3128 5509 3225 5564 lib.
3252 5525 3355 5573 vn,
3387 5523 3512 5578 cap.
3540 5509 3629 5574 57,

2055 5581 2110 5636 in
2146 5579 2365 5633 Silvano
2396 5579 2573 5649 Troja:
2602 5581 2879 5649 episcopo.
2911 5579 3048 5634 Cor.

2123 5649 2236 5721 (86)
2282 5648 2526 5721 Ταύζην.
2561 5648 2701 5721 Lege
2736 5648 2801 5707 ex
2833 5650 2956 5707 cod.
2989 5648 3297 5705 Vindobon.
3336 5658 3390 5705 et
3420 5666 3481 5706 re
3514 5651 3625 5720 ipsa

2053 5718 2149 5792 τὴν
2178 5718 2363 5791 αὑτήν.
2394 5718 2561 5774 Cum.
