3884 6180
170 270 293 349 709

1097 287 1707 343 CONSTlTUTIONES
1740 283 2419 343 APOSTOLICJE.—LlB.
2450 282 2514 338 11.

3323 284 3426 341 710

166 424 282 472 σιν,
330 403 445 457 ἀλλ’
493 403 730 475 ἑκάστης
778 401 933 457 ίδίαν·
1006 402 1143 473 μετά
1204 402 1402 473 πολλῆς
1448 404 1748 474 φρονήσεως

1861 405 2029 469 tiam,
2084 402 2178 457 sed
2224 400 2292 456 de
2343 414 2672 470 unoquoque
2721 398 2998 470 propriam
3080 414 3205 455 cum
3253 405 3423 457 multa

163 499 452 569 κρίνοντες
472 497 679 550 ἑκαστα
696 495 803 551 τῶν
822 493 1327 565 πλημμελημάτων,
1356 493 1427 546 τά
1443 511 1503 547 τε
1525 493 1753 565 σμικρὰ,

162 591 266 642 καὶ
314 588 387 642 τὰ
437 587 672 659 μεγάλα,
718 589 813 640 καὶ
853 586 1027 648 ἄλλως
1074 585 1184 655 (87)
1229 585 1413 657 ἔργου,
1462 587 1555 639 καὶ
1597 585 1754 654 λόγου

163 680 335 733 πάλιν
380 680 605 751 ἑτέρως,
656 679 750 732 καὶ
790 678 1097 749 προθέσεως
1143 676 1277 748 (88),
1322 676 1356 748 ἢ
1403 676 1753 748 λοιδορίας,ἢ

162 772 493 844 ὑπολήψεως
520 770 812 842 διαφόρως,
843 770 939 823 καὶ
965 770 1091 834 τοὺς
1123 769 1220 840 μὲν
1252 768 1539 832 ὑποϐαλεῖς
1570 770 1756 839 μόναις

158 866 456 929 ἀπειλαῖς,
513 866 642 925 τοὺς
698 862 756 915 δὲ
815 862 1062 933 πενήτων
1108 861 1415 933 χορηγίαις,
1462 861 1651 924 ἄλλους
1697 860 1755 914 δὲ

160 956 448 1028 νηστείαις
481 953 785 1017 στιϐώσεις,
814 954 911 1008 καὶ
939 954 1157 1025 ἑτέρους
1184 953 1482 1024 ἀφορίσεις,
1531 953 1666 1025 πρὸς
1694 953 1756 1006 τὸ

163 1047 403 1118 μέγεθος
430 1047 525 1099 τοῦ
552 1046 890 1117 ἐγκλήματος
920 1045 1117 1099 αὐτῶν.
1143 1046 1253 1097 Καὶ
1282 1044 1389 1115 γὰρ
1418 1046 1513 1098 καὶ
1539 1046 1567 1097 ὁ
1595 1045 1756 1115 νόμος

158 1143 225 1194 οὐ
272 1139 481 1203 παντὸς
525 1140 920 1211 ἁμαρτήματος
958 1140 1059 1211 τὴν
1091 1138 1259 1209 αὐτὴν
1304 1139 1540 1190 ἐποιεῖτο
1584 1155 1756 1207 τιμω-

163 1233 315 1303 ρίαν,
347 1230 485 1286 ἀλλά
511 1230 684 1294 ἄλλως
716 1231 813 1302 μὲν
840 1229 912 1284 τὰ
938 1233 1017 1295 εἰς
1048 1230 1178 1283 Θεὸν
1207 1230 1302 1283 καὶ
1342 1231 1421 1293 είς
1464 1228 1618 1301 ἱερέα
1661 1230 1755 1282 καὶ

159 1328 246 1389 εἰς
281 1324 428 1397 ἱερὸν
457 1324 551 1377 καὶ⁵
596 1326 677 1387 είς
709 1324 926 1395 ἱερεῖον,
975 1323 1177 1394 ἑτέρως
1203 1321 1274 1375 τὰ
1300 1324 1380 1386 είς
1410 1321 1630 1392 βασιλέα
1661 1322 1755 1374 καὶ

157 1419 407 1488 ἄρχοντα
450 1416 544 1470 καὶ⁸
585 1414 922 1487 στρατιώτην
964 1416 1058 1469 καὶ
1102 1416 1377 1487 ὑπήκοον,
1407 1416 1685 1486 ὁμότιμον,
1718 1415 1751 1487 ἢ

156 1509 408 1579 οἰκέτην,
437 1508 471 1580 ἢ
501 1509 581 1571 είς
607 1509 810 1579 κτῆμα,
830 1507 863 1578 ἦ
886 1509 964 1570 είς
992 1506 1203 1576 ἄλογον,
1233 1508 1328 1560 καὶ
1356 1507 1515 1560 πάλιν
1544 1505 1755 1577 παρηλ-

154 1601 454 1671 λαγμένως
492 1598 564 1652 τὰ
606 1602 686 1662 είς
724 1600 900 1667 γονεῖς
930 1599 1024 1652 καὶ
1053 1600 1355 1667 συγγενεῖς,
1388 1597 1560 1660 ἄλλως
1588 1598 1656 1650 τὰ
1695 1597 1755 1662 ἑξ

155 1694 378 1763 ἑφόδου,
410 1692 507 1745 καί
530 1690 600 1744 τὰ
626 1689 895 1753 ἀκουσίως
924 1690 1144 1762 ἑτέρως·
1196 1690 1289 1743 καὶ¹
1317 1691 1429 1752 τοῖς
1460 1688 1557 1760 μὲν
1584 1688 1750 1741 θάνα-

153 1803 253 1838 τον
280 1784 315 1856 ἢ
346 1784 435 1837 διὰ
461 1783 767 1855 σταυροῦ,ἢ
799 1783 889 1836 τὸν
918 1782 1008 1835 διὰ
1036 1782 1221 1845 λίθων,
1244 1785 1356 1845 τοῖς
1385 1780 1681 1852 δὲζημίαν,
1711 1781 1745 1851 ἢ
1780 1772 1819 1826 Β

158 1876 462 1949 μάστιγας,
491 1876 524 1947 ἢ
552 1876 614 1929 τὸ
640 1874 709 1929 τὰ
736 1876 897 1946 ὅμοια
927 1874 1119 1929 παθεῖν
1147 1870 1225 1938 οἷς
1252 1875 1494 1946 ἔδρασεν.
1540 1872 1748 1927 Οὐκοῦν

155 1970 257 2021 καὶ
313 1969 476 2038 ὑμεῖς
526 1965 636 2019 τῶν
687 1966 955 2038 διαφόρων
1010 1967 1419 2038 ἁμαρτημάτων
1463 1965 1749 2037 διαφόρους

153 2059 404 2115 ποιεῖσθε
432 2058 525 2113 καὶ
550 2058 649 2123 τὰς
678 2058 966 2131 τιμωρίας,
999 2059 1086 2113 ἴνα
1116 2060 1189 2131 μή
1216 2076 1301 2123 τις
1327 2059 1505 2113 ἀδικία
1537 2076 1750 2130 παρεμ-

154 2152 408 2206 πεσοῦσα
437 2152 636 2225 κινήσῃ
663 2151 753 2205 τὸν
780 2152 911 2205 Θεὸν
940 2151 1077 2223 πρὸς
1103 2152 1494 2222 ἀγανάκτησιν.
1513 2147 1621 2215 Ἧς
1640 2151 1748 2223 γὰρ

154 2247 227 2299 ἂν
257 2245 444 2298 ἀδίκου
476 2245 710 2317 κρίσεως
741 2247 957 2316 μεσῖται
1001 2244 1254 2316 γένησθε,
1283 2244 1487 2316 ταύτης
1526 2246 1617 2298 καὶ
1656 2245 1747 2298 τὸν

152 2338 270 2391 ἀπὸ
297 2338 432 2391 Θεοῦ
463 2330 695 2410 λήψεσθε
725 2337 934 2410 μισθόν·
990 2357 1010 2391 ι
1036 2333 1109 2409 ⁷ῼ
1128 2337 1235 2410 γὰρ
1259 2336 1487 2409 κρίματι
1514 2337 1746 2410 κρίνετε,

154 2429 510 2501 κριθήσεσθε.
542 2449 561 2481 ι

672 2722 1067 2780 ΚΕΦΑΛΔΙΟΝ
1102 2726 1233 2782 ΜΘ.
1251 2734 1255 2737 “

262 2837 543 2903 Ὀποίους
585 2837 737 2892 εἶναι
934 2839 1077 2905 τοὺς
1123 2841 1509 2910 κατηγόρους,
1554 2840 1653 2896 καί

794 2926 1123 2977 μαρτυρας.

230 2998 575 3064 Καθίσαντες
601 2995 695 3054 οὖν
721 3001 815 3055 ἐπὶ
841 3002 901 3055 τὸ
942 3004 1244 3074 κριτήριον,
1287 3003 1571 3074 παρόντων
1614 3003 1747 3058 ἑκα-

1856 495 2147 564 prudentia
2194 493 2504 562 judicantes
2554 493 2765 560 singula
2815 491 3045 555 delicta,
3096 508 3219 546 cum
3258 508 3424 564 parva
3466 548 3475 557 ,

1856 596 1971 642 tum
2019 600 2247 655 magna;
2310 594 2474 654 atque
2525 585 2684 637 aliter
2727 584 3036 639 sancientes
3082 583 3150 639 de
3198 596 3425 655 peccato

1856 680 2061 749 Operis,
2095 678 2401 745 iterumque
2444 676 2601 729 aliter
2642 675 2711 730 de
2758 683 2983 745 peccato
3019 679 3309 740 sermonis,
3341 677 3427 731 di-

1855 787 2012 826 verse
2039 770 2203 825 etiam
2233 768 2300 823 de
2337 767 2551 823 delictis
2590 767 2875 837 propositi,
2912 774 3004 820 aut
3043 768 3299 831 convicii,
3330 776 3426 822 aut

1856 863 2210 933 suspicionis.
2253 860 2318 915 Et
2355 860 2575 931 quidem
2615 876 2679 915 ex
2726 860 3108 929 peccatoribus
3152 860 3254 915 hos
3291 861 3426 918 solis

1855 954 2019 1008 minis
2067 953 2361 1022 subjicies;
2406 953 2530 1006 illos
2559 952 2921 1022 eleemosynis
2946 962 3075 1023 erga
3118 968 3423 1023 pauperes;

1854 1046 1992 1100 alios
2022 1060 2153 1099 vero
2181 1043 2412 1112 jejuniis
2453 1044 2802 1112 comprimes,
2847 1051 2902 1097 et
2942 1044 3079 1097 alios
3120 1058 3219 1112 pro
3247 1047 3425 1114 gravi-

1855 1146 1965 1192 tate
1999 1137 2243 1191 criminis
2273 1135 2359 1191 sui
2391 1151 2421 1188 a
2455 1134 2703 1190 ﬁdelibus
2734 1135 3037 1203 separabis.
3068 1134 3255 1207 Neque
3279 1138 3426 1191 enim

1854 1230 1938 1283 lex
1971 1227 2117 1281 omni
2161 1235 2388 1297 peccato
2416 1233 2661 1281 eamdem
2692 1226 3018 1280 decernebat
3046 1241 3295 1295 pinnam;
3330 1229 3427 1284 sed

1854 1322 2015 1375 aliam
2057 1319 2277 1389 quidem
2317 1318 2627 1373 commissis
2660 1318 2714 1371 in
2758 1317 2951 1379 Deum,
2995 1327 3047 1372 et
3078 1319 3134 1372 in
3170 1321 3429 1375 sacerdo-

1853 1420 1986 1477 tem,
2028 1419 2083 1466 et
2134 1412 2190 1465 in
2240 1411 2523 1480 templum,
2551 1418 2605 1463 et
2648 1411 2705 1464 in
2752 1410 3155 1477 sanctuarium;
3201 1412 3427 1467 alteram

1854 1519 1984 1559 vero
2015 1504 2316 1573 designatis
2365 1502 2627 1557 adversus
2661 1518 2864 1572 regem,
2894 1509 2949 1557 et
2978 1503 3278 1572 principem
3304 1542 3320 1567 ,
3373 1511 3430 1560 et

1854 1599 2107 1662 militem,
2139 1605 2194 1652 et
2220 1596 2550 1665 subjectum,
2605 1596 2867 1649 adversus
2907 1594 3194 1663 aequalem,
3229 1595 3316 1649 vel
3346 1593 3430 1648 fa-

1856 1690 2095 1755 mulum,
2158 1689 2273 1744 sive
2327 1694 2519 1741 contra
2563 1686 3011 1756 possessionem,
3067 1692 3162 1739 aut
3220 1701 3425 1755 pecus;

1849 1782 2156 1850 iterumque
2174 1779 2447 1835 diversam
2469 1779 2683 1834 delictis
2706 1779 2761 1832 in
2785 1785 3039 1848 parentes
3059 1784 3112 1832 et
3132 1786 3426 1849 cognatos;

1850 1873 2091 1943 peccatis
2119 1888 2184 1926 ex
2214 1871 2482 1925 industria
2515 1873 2700 1935 aliam,
2747 1878 2801 1925 et
2831 1869 2994 1923 aliam
3027 1883 3138 1923 non
3172 1870 3429 1924 volunta-

1849 1965 1948 2020 riis
1984 1984 1996 2018 :
2027 1974 2189 2034 atque
2231 1963 2445 2034 aliquos
2476 1963 2692 2033 quidem
2724 1978 2850 2018 reos
2878 1962 3184 2017 adiciebant
3212 1973 3386 2017 morte
3408 2001 3425 2027 ,

1850 2075 1946 2113 seu
1996 2059 2198 2125 crucis,
2244 2073 2341 2113 seu
2392 2057 2762 2129 lapidationis,
2812 2064 3039 2111 caeteros
3071 2055 3297 2118 mulcta,
3330 2062 3427 2109 aut

1849 2152 2189 2216 verberibus,
2226 2160 2318 2205 aut
2362 2152 2584 2206 talionis
2630 2151 2919 2220 supplicio.
2960 2148 3131 2220 Igitur
3157 2164 3255 2204 vos
3290 2165 3430 2218 quo-

1850 2260 1954 2315 que
1982 2246 2217 2301 diversis
2249 2245 2489 2315 peccatis
2518 2244 2766 2298 diversas
2795 2258 2987 2312 poenas
3020 2242 3283 2312 lmponite
3302 2282 3317 2307 ,
3360 2257 3432 2297 ne

1848 2354 1956 2407 qua
1986 2337 2186 2406 injuria
2210 2335 2459 2391 incidens
2476 2342 2749 2406 .provocet
2771 2333 2940 2389 Deum
2972 2333 3040 2387 ad
3062 2333 3425 2388 iracundiam.

1848 2429 2020 2499 Cujus
2060 2429 2263 2484 etenim
2305 2428 2479 2498 iniqui
2523 2427 2714 2497 judicii
2761 2428 2915 2482 eritis
2946 2425 3160 2491 arbitri,
3205 2424 3327 2493 ejus
3374 2432 3429 2477 et

1848 2520 2153 2576 mercedem
2205 2520 2485 2589 accipietis
2532 2534 2560 2572 a
2601 2518 2712 2573 Deo
2754 2536 2769 2572 :
2822 2537 2839 2568 ι
2870 2518 2990 2583 Quo
3033 2517 3179 2572 enim
3220 2516 3431 2587 judicio

1845 2610 2244 2682 judicavcritis,
2270 2612 2736 2683 judicabimini“.
2769 2629 2787 2660 ι

2410 2722 2640 2778 CAPUT
2677 2721 2865 2777 XLIX.

2040 2840 2236 2906 Quales
2274 2856 2387 2894 esse
2416 2839 2559 2893 decet
2592 2847 2949 2902 accusatores,
2984 2845 3035 2891 et
3065 2845 3238 2890 testes.

1923 2996 2186 3051 Sedentes
2220 2996 2387 3067 igitur
2422 2997 2477 3049 in
2509 2994 2794 3054 tribunali,
2844 2991 3209 3063 praesentibus
3255 2990 3428 3044 utris-

152 3092 337 3162 τέρων
391 3090 501 3144 τῶν
556 3091 887 3163 προσώπων,
933 3094 996 3146 οὐ
1052 3094 1161 3165 γὰρ
1209 3094 1439 3166 ἑροῦμεν
1481 3095 1744 3165 ἀδελφῶν,

1850 3104 1956 3158 que
1997 3090 2245 3158 personis
2281 3089 2430 3158 (non
2460 3088 2604 3141 enim
2637 3101 2732 3139 eos
2764 3084 3157 3153 appellabimus
3204 3083 3426 3147 fratres,

158 3182 366 3253 μέχρις
393 3175 456 3236 οὗ
487 3183 715 3247 ἑαυτοὺς
742 3185 801 3237 ἑν
839 3186 1027 3257 εἰρήνῃ
1072 3185 1450 3251 ἀπολάϐωσιν,
1492 3188 1748 3258 ἑρευνᾶτε

1850 3180 2020 3235 donec
2046 3195 2170 3233 cum
2199 3194 2333 3249 pace
2375 3194 2435 3233 se
2473 3178 2529 3231 in
2558 3176 2991 3233 benevolentiam
3026 3172 3420 3243 susceperint),

155 3273 409 3344 ἀκριϐῶς
436 3276 566 3345 περὶ
590 3274 699 3328 τῶν
726 3276 1081 3346 ἐνεχομένων·
1133 3278 1227 3331 καὶ
1254 3278 1470 3350 πρῶτον
1500 3279 1629 3351 περὶ
1653 3279 1747 3333 τοῦ

155 3365 617 3436 κατηγοροῦντος,
646 3368 695 3420 εἰ
725 3366 941 3439 πρώτου
976 3367 1086 3439 (89)
1118 3369 1308 3422 τούτου
1338 3372 1667 3441 κατηγορεῖ,
1713 3370 1747 3442 ἢ

154 3459 257 3511 καὶ
285 3458 499 3527 ἑτέροις
524 3460 665 3512 τισὶν
695 3459 1015 3531 ἐγκλήματα
1048 3462 1395 3532 κατενήνοχε,
1440 3461 1536 3514 καὶ
1577 3462 1625 3514 εί
1674 3461 1747 3535 μὴ

155 3550 227 3603 ἑκ
272 3548 538 3620 μέμψεως
575 3549 755 3603 αὐτῶν
797 3553 832 3623 ἠ
880 3551 1177 3619 φιλονεικία
1196 3552 1242 3584 ⁸⁸
1289 3552 1472 3606 καὶτὸ
1500 3552 1751 3624 ἔγκλημα

156 3640 477 3706 ὑπόκειται,
507 3643 602 3695 καὶ
628 3642 790 3695 όποία
815 3660 900 3707 τις
938 3644 972 3713 ἡ
1013 3644 1324 3716 ἀναστροφὴ
1366 3644 1529 3698 αὐτοῦ
1575 3644 1751 3717 ὑπάρ-

155 3751 267 3805 χει·
303 3734 401 3788 καὶ¹
426 3734 669 3798 τοιοῦτος
694 3734 750 3787 δὲ
781 3734 857 3788 ῶν
886 3735 1279 3807 εὐσύνείδητος,
1311 3736 1384 3807 μὴ
1413 3736 1751 3790 πιστευέσθω

160 3826 347 3894 μόνος·
400 3826 716 3898 παράνομον
761 3826 870 3899 γὰρ
899 3828 961 3881 τὸ
986 3827 1242 3881 τοιοῦτον·
1286 3828 1401 3881 ἀλλ’
1444 3830 1614 3900 ἑχέτω
1656 3830 1750 3882 καὶ

158 3918 388 3990 ἑτέρους
420 3918 723 3990 μάρτυρας,
752 3919 970 3989 ὁμοίους
997 3919 1144 3991 αὑτῷ
1169 3920 1261 3973 τὸν
1288 3920 1504 3991 τρόπον·
1569 3920 1751 3985 καθὼς

157 4015 186 4064 ὁ
214 4011 385 4081 νόμος
411 4009 561 4079 λέγει
586 4027 600 4040 ·
636 4029 656 4061 ι
698 4011 820 4064 Ἐπὶ
850 4012 1115 4082 στόματος
1140 4011 1233 4066 δύο
1273 4014 1368 4066 καὶ
1408 4014 1575 4085 τριῶν
1607 4031 1749 4087 μαρ-

156 4103 346 4173 τύρων
377 4102 705 4173 σταθήσεται
734 4105 842 4157 πᾶν
875 4104 1043 4175 ῥῆμα.
1071 4123 1090 4156 ι
1120 4104 1273 4159 Διατί
1300 4105 1356 4158 δὲ
1385 4107 1629 4178 εἴπομεν,
1658 4106 1750 4161 τὸν

158 4196 371 4265 τρόπον
416 4194 595 4247 αὐτῶν
641 4194 1038 4266 ὲπιζητεῖσθαι,
1082 4198 1263 4260 ὁποῖος
1306 4197 1414 4269 (90)
1456 4198 1747 4269 τυγχάνει;

158 4288 356 4358 ἑπειδὴ
400 4286 660 4351 πολλάκις
703 4288 959 4359 ἐγχωρεῖ,
1012 4289 1107 4343 καὶ
1158 4292 1284 4353 τοὺς
1333 4289 1427 4343 δύο
1478 4292 1573 4345 καὶ
1623 4293 1751 4355 τοὺς

160 4380 421 4443 πλείονας
448 4381 542 4433 ἑπὶ
570 4380 723 4451 κακῷ
755 4382 1100 4453 μαρτυρῆσαι
1119 4422 1134 4446 ,
1162 4383 1256 4435 καὶ
1286 4382 1591 4453 συμφώνως
1617 4401 1751 4456 προ-

1848 3271 2117 3342 exquirite
2147 3270 2434 3341 diligenter
2481 3268 2550 3324 de
2583 3267 3014 3332 altercantibus;
3056 3280 3120 3319 ac
3150 3266 3327 3334 primo
3358 3263 3428 3318 de

1849 3370 2188 3429 accusatore,
2216 3376 2284 3415 an
2312 3362 2459 3415 hunc
2481 3362 2716 3430 primum
2750 3365 2994 3421 accuset,
3023 3357 3106 3411 vel
3139 3357 3262 3412 aliis
3289 3371 3428 3425 quo-

1848 3469 1955 3524 que
1984 3454 2213 3509 crimina
2243 3453 2549 3524 impegerit,
2587 3461 2640 3507 et
2671 3465 2855 3505 annon
2885 3465 2952 3504 ex
2983 3448 3205 3516 querela
3234 3462 3424 3502 eorum

1851 3561 1915 3601 ac
1956 3546 2303 3601 contentione
2353 3544 2561 3600 crimen
2608 3543 2951 3614 suppositum
2995 3541 3088 3604 sit,
3136 3547 3191 3595 et
3237 3539 3429 3609 quales

1851 3639 1961 3694 sint
1993 3654 2174 3695 mores
2213 3637 2528 3692 accusantis
2561 3656 2574 3690 :
2614 3636 2704 3691 cui
2741 3637 2867 3690 licet
2901 3635 3045 3688 bona
3090 3630 3426 3687 conscientia

1850 3733 2013 3796 freto,
2045 3734 2147 3789 soli
2187 3743 2366 3787 tamen
2398 3731 2531 3786 ﬁdes
2573 3745 2683 3784 non
2722 3727 3088 3793 habeatur“;
3138 3725 3192 3780 id
3227 3724 3429 3795 quippe

1850 3827 2098 3897 iniquum
2163 3835 2280 3891 est;
2322 3824 2416 3881 sed
2454 3824 2651 3877 habeat
2680 3829 2732 3876 et
2766 3821 2906 3876 alios
2934 3827 3130 3887 testes,
3161 3819 3209 3874 ei
3240 3818 3428 3888 probi-

1848 3929 1960 3975 tate
1991 3934 2203 3974 morum
2228 3917 2575 3982 consimiles;
2617 3912 3079 3984 quemadmodum
3129 3912 3214 3965 lex
3258 3911 3425 3967 dicit:

1856 4030 1874 4063 ι
1906 4011 1963 4065 1η
1991 4028 2088 4066 ore
2111 4009 2346 4064 duorum
2387 4017 2441 4064 et
2466 4009 2632 4061 trium
2662 4006 2884 4061 testium
2913 4004 3079 4059 stabit
3109 4019 3270 4058 omne
3300 4018 3427 4057 ver-

1849 4103 2056 4157 bum".
2084 4121 2101 4152 ι
2120 4102 2299 4167 Quare
2326 4107 2505 4155 autem
2518 4099 2778 4163 diximus,
2804 4096 3003 4167 inquiri
3022 4103 3273 4166 oportere
3302 4110 3426 4166 qua:

1851 4196 1922 4249 sit
1955 4195 2175 4249 testium
2201 4194 2349 4247 vita?
2380 4193 2531 4264 quia,
2562 4192 2794 4255 scilicet,
2823 4204 3197 4259 smpenumero
3224 4189 3424 4251 evenit,

1852 4294 1910 4341 ut
1941 4286 2049 4341 duo
2078 4288 2161 4341 vel
2191 4286 2375 4357 plures
2404 4283 2777 4340 testimonium
2820 4281 3007 4336 dicant
3052 4281 3105 4334 in
3145 4280 3291 4334 malo
3313 4318 3329 4343 ,
3372 4287 3429 4333 ct

1850 4393 1959 4433 una
1984 4394 2118 4433 voce
2148 4377 2433 4432 mendacio
2479 4374 2880 4444 suﬂragentur;
2920 4379 2979 4424 ut
3012 4371 3284 4442 Babylone
3317 4370 3428 4424 duo

161 4475 361 4547 στῆναι
386 4472 481 4526 τοῦ
509 4471 753 4541 ψεύδους·
808 4472 888 4536 ὡς
915 4474 1041 4535 τοὺς
1065 4472 1159 4525 δύο
1185 4473 1587 4545 πρεσϐυτέρους
1613 4475 1748 4529 κατὰ

1854 4487 2013 4527 senes
2042 4480 2234 4526 contra
2268 4469 2661 4531 Susannam“,
2706 4474 2761 4521 et
2798 4466 2851 4519 in
2899 4463 3148 4519 Samaria
3190 4463 3284 4516 lilii
3317 4463 3459 4517 ini-.

161 4565 461 4637 Σωσάννης
488 4566 545 4617 ἑν
572 4564 872 4628 Βαϐυλῶνι,
903 4565 997 4617 καὶ
1023 4564 1151 4627 τοὺς
1180 4565 1332 4628 υίοὺς
1369 4564 1476 4618 τῶν
1507 4566 1746 4637 παρανό-

165 4676 287 4730 μων
318 4656 466 4711 κατά
490 4656 585 4710 τοῦ
613 4656 889 4711 Ναϐουθαὶ
916 4658 974 4709 ἑν
1004 4656 1308 4727 Σαμαρείᾳ,
1339 4657 1434 4711 καὶ
1457 4658 1521 4711 τὸ
1547 4658 1748 4730 πλῆθος

158 4753 272 4804 τῶν
313 4750 586 4804 Ἰουδαίων
613 4747 757 4803 κατά
787 4747 884 4801 τοῦ
914 4746 1119 4819 Κυρίου
1149 4749 1206 4800 ἑν
1248 4747 1621 4820 Ἰερουσαλὴμ,
1652 4750 1749 4803 καλ⁹

160 4842 308 4898 κατὰ
334 4841 610 4912 Στεφάνου
634 4840 730 4896 τοῦ
756 4839 1219 4913 πρωτομάρτυρος
1245 4838 1429 4894 αὐτοῦ.
1466 4841 1749 4897 Ἔστωσαν

236 5049 283 5081 ⁸⁵
312 5045 510 5102 Matth.
539 5061 639 5106 vn,
670 5044 726 5099 2.
757 5043 850 5116 κί’-εξ
878 5044 950 5095 Ἢ
980 5043 1325 5116 φιλονεικίας,
1355 5045 1439 5116 vel
1469 5044 1502 5116 ἢ
1534 5043 1795 5114 φιλονεικί

157 5122 197 5150 ’⁷
237 5119 396 5173 Deut.
432 5133 548 5183 xix,
584 5117 674 5171 15.
750 5115 796 5146 ⁸⁸
818 5112 958 5168 Dan.
993 5130 1113 5169 xm.
1189 5117 1235 5147 °’
1258 5115 1321 5168 lll
1352 5112 1631 5186 Regix‘xl.

1853 4564 2078 4634 quitatis
2097 4572 2289 4618 contra
2313 4561 2672 4617 Nabuthteum
2690 4560 2757 4623 ⁸⁸,
2781 4565 2834 4612 et
2855 4556 3245 4627 Hierosolymis
3264 4556 3429 4610 turba

1852 4656 2160 4713 Judteorum
2196 4656 2460 4711 adversus
2504 4653 2795 4706 Dominum
2813 4650 2882 4715 “,
2920 4650 3152 4719 ejusque
3192 4647 3428 4717 primum

1848 4757 2141 4819 martyrem
2166 4745 2580 4817 Stephanum".
2610 4745 2731 4799 Sint
2754 4746 2919 4815 igitur
2939 4750 3110 4797 testes
3133 4742 3428 4804 mansueti,

1852 4841 1948 4897 im
1967 4847 2243 4911 expertes,
2268 4840 2431 4910 aequi,
2462 4839 2728 4895 cbaritate
2760 4836 2993 4908 praediti,
3028 4840 3425 4904 temperantes.

1729 5043 1853 5167 ικίῗᾱ
1927 5042 1979 5074 ⁸⁸
2010 5041 2291 5098 Laudatur
2322 5058 2352 5096 a
2381 5041 2653 5098 Cedreno.
2690 5038 2828 5093 Vide
2853 5037 3007 5094 Test.
3038 5034 3324 5093 Veterum.

1729 5116 1774 5146 ’°
1860 5113 1995 5168 atth.
2032 5129 2181 5168 xxvr.
2259 5115 2301 5145 ⁹¹
2328 5115 2449 5167 Act.
2483 5128 2535 5167 vi
2567 5122 2621 5167 et
2652 5127 2748 5165 vn.

1915 5113 1995 5167 th.
2032 5129 2181 5169 xxvr.
2259 5115 2301 5145 ⁹¹
2328 5115 2449 5167 Act.
2483 5128 2535 5167 vl
2567 5122 2621 5167 et
2652 5127 2748 5165 vn.

1479 5287 1845 5345 VARIORUM
1878 5288 2109 5345 NOTAE.

242 5445 361 5510 187)
398 5445 512 5499 Kal
538 5444 758 5510 ἄλλως.
790 5442 958 5499 Abest
994 5442 1088 5496 καί
1130 5441 1187 5497 ἰιι
1207 5440 1447 5500 Vindob.
1488 5442 1611 5497 cod.
1647 5458 1747 5498 nec

176 5517 549 5571 .icccssarium
571 5524 675 5569 est.
695 5518 860 5572 Οιειι.

242 5586 359 5654 (88)
396 5584 510 5638 Καὶ
536 5588 890 5651 προθέσεως.
924 5581 1053 5654 Dele
1082 5582 1175 5637 καί
1215 5598 1279 5639 ex
1307 5582 1495 5654 eodem
1536 5582 1745 5647 codice,

172 5666 228 5712 ct
256 5652 640 5725 Sic'distingue
668 5654 888 5725 ἑτέρως·
922 5653 1254 5725 προθέσεως,
1285 5663 1391 5725 etc.
1424 5652 1497 5706 in.

243 5726 359 5793 (89)
398 5728 468 5782 El
513 5713 773 5794 ε’ἷρώτουί
813 5713 1142 5779 Cod-Vind.
1190 5713 1251 5778 Εί
1299 5721 1407 5796 πρὸ
1449 5721 1638 5777 τούτου
1683 5713 1743 5776 οὗ

1856 5444 2154 5513 κατηγορεῖ
2182 5441 2275 5496 καὶ
2304 5440 2511 5513 ἑτέροις
2544 5460 2557 5494 :
2591 5456 2657 5513 art
2690 5447 2810 5491 ante
2845 5437 3162 5513 Iumc_qa_em
3192 5443 3424 5487 accusat.

1857 5506 2023 5598 etiam
2066 5506 2189 5567 aliis
2240 5506 2600 5565 accusationes
2638 5510 2923 5578 impegerit.
2980 5506 3180 5560 Eodem
3239 5518 3424 5559 sensu.

1856 5588 2039 5723 “63)
2089 5652 2339 5719 Ὀποῖος.
2371 5649 2535 5707 Vind.
2566 5649 2689 5705 cod.
2719 5646 2899 5710 ὁποῖός
2926 5661 3023 5709 τις.
3067 5641 3144 5697 In.
