3884 6180
437 270 535 327 7H

1283 272 1340 328 S.
1375 273 1767 331 CLEMENTIS
1805 275 1825 329 1
1865 276 2034 333 ROM.
2074 277 2276 334 PONT.
2309 278 2537 337 OPERA
2569 280 2808 340 DUBIA.‘

3576 285 3693 340 7&3

431 386 798 450 continentes,
828 388 1035 443 malitia
1064 388 1244 452 vacui,
1276 388 1485 451 ﬁdeles,
1517 388 1781 459 religiosi,
1812 390 2003 445 talium

2122 389 2199 447 ιῦν
2228 394 2277 446 οι
2308 395 2587 468 μάρτυρες
2614 398 2828 467 πραεῖς,
2857 396 3136 469 ἀόργητοι,
3164 395 3445 459 ἐπιεικεῖς,
3472 397 3703 471 ἀγαπηο

429 478 575 534 enim
597 480 971 534 testimonium
996 488 1219 551 propter
1241 495 1423 535 mores
1445 495 1633 535 eorum
1658 480 1873 536 ﬁrmum
1896 489 2002 546 est,

430 575 485 623 et
529 576 752 639 propter
800 586 990 625 eorum
1043 570 1210 625 vitam
1247 587 1440 627 verum
1491 590 1503 627 :
1545 582 1600 628 at
1632 574 2005 631 testimonium

433 661 716 715 hominum
764 664 858 733 qui
913 663 1050 718 tales
1099 679 1211 719 non
1262 673 1430 727 sunt,
1480 666 1648 720 nolite
1696 666 2005 737 suscipere,

435 754 687 819 quamvis
725 754 761 807 ii
795 754 849 807 in
888 754 1161 809 delatione
1188 756 1499 811 consentire
1530 755 1840 811 videantur.
1870 756 2004 812 Nam

432 844 489 897 in
521 845 638 913 lege
680 846 995 915 pmcipilur
1021 864 1034 901 :
1069 862 1088 898 ι
1120 844 1239 901 Νοιι
1268 849 1381 901 eris
1411 862 1535 901 cum
1563 848 1750 903 multis
1774 849 1827 903 in
1852 849 2008 903 mali-

431 937 529 990 tia.
575 935 691 991 Non
738 938 1007 1008 suscipias
1057 939 1390 994 auditionem
1432 954 1652 995 vanam.
1701 939 1823 996 Non
1874 955 2008 995 con-

435 1028 638 1083 senties
666 1044 789 1082 cum
823 1029 1190 1095 multitudine,
1231 1038 1291 1083 ut
1316 1030 1559 1087 declines
1596 1048 1626 1085 ιι
1651 1030 1866 1102 justitia
1908 1032 2003 1090 ⁹².›

434 1119 513 1172 Ex
545 1120 651 1173 alia
680 1136 808 1175 vero
839 1128 993 1191 parte
1023 1137 1176 1177 reum
1204 1121 1370 1177 etiam
1402 1137 1433 1176 a
1462 1123 1618 1179 vobis
1664 1131 1880 1194 Oportet
1909 1138 2006 1177 co-

434 1213 645 1281 gnosci,
678 1214 893 1283 qualem
928 1229 987 1269 se
1011 1216 1065 1268 in
1095 1216 1219 1270 vita:
1242 1230 1346 1270 usu
1376 1224 1431 1270 et
1459 1215 1859 1271 consuetudine
1885 1232 2009 1287 ges-

437 1304 589 1367 serit,
626 1319 695 1357 an
743 1320 808 1360 ex
861 1306 1109 1361 moribus
1139 1306 1354 1361 laudem
1399 1307 1505 1362 sibi
1542 1307 1896 1378 compararit,
1938 1322 2008 1361 an

436 1393 751 1465 lnculpatus
778 1397 873 1465 sit,
899 1412 968 1451 an
994 1398 1213 1468 pietatis
1243 1405 1510 1463 sectator;
1544 1412 1613 1452 an
1639 1413 1766 1469 erga
1790 1398 2006 1462 viduas,

438 1488 703 1560 hospites,
722 1498 776 1545 et
797 1505 1063 1561 pauperes
1082 1489 1372 1560 benignus,
1398 1503 1467 1542 an
1490 1487 1720 1543 fratrum
1738 1503 1929 1544 amans
1941 1488 2009 1557 ”;

438 1598 508 1637 an
530 1586 708 1655 turpis
732 1585 867 1638 lucri
892 1600 1002 1638 non
1023 1582 1280 1654 cupidus,
1303 1596 1413 1636 non
1433 1581 1627 1635 avidus
1648 1580 2007 1651 depastionis,

2105 488 2269 551 τικοὶ,
2303 488 2597 560 σώφρονες,
2624 489 2931 560 ἐγκρατεῖς,
2961 489 3245 560 ἀπόνηροι,
3276 488 3481 553 πιστοὶ,
3514 490 3701 544 θεοσερ

2105 578 2237 642 ϐεἰς·
2288 580 2323 650 ἠ
2352 578 2461 651 γὰρ
2488 579 2597 634 τῶν
2622 580 2876 636 τοιούτων
2906 581 3177 652 μαρτυρία
3204 582 3297 634 καὶ
3321 581 3410 634 διά
3433 582 3533 635 τοῦ
3562 584 3699 654 τρό-

2108 685 2211 723 που
2241 669 2420 724 αὐτῶν
2453 669 2666 740 βεϐαία,
2713 673 2809 726 καὶ
2848 672 2937 726 διὰ
2977 673 3077 744 τῆς
3117 672 3459 744 ἀναστροφῆς
3505 674 3701 728 αὐτῶν

2113 760 2325 833 ἀληθὴς
2353 761 2606 835 ὑπάρχει·
2640 763 2748 817 τῶν
2765 763 2820 817 δέ
2843 764 2916 835 μὴ
2936 762 3187 817 τοιούτων
3211 764 3285 834 μὴ
3312 763 3701 834 παραδέχεσθε

2105 853 2203 924 τὴν
2235 855 2537 927 μαρτυρίαν
2565 854 2696 927 (91),
2737 856 2840 910 κᾶν
2879 858 3186 927 συμφωνεῖν
3227 856 3457 909 δοκῶσιν
3497 856 3597 908 ἐπὶ
3624 857 3699 928 τῇ

2112 945 2547 1017 καταμαρτυρίᾳ·
2583 947 2978 1019 προστέτακται
3004 947 3113 1019 γάρ
3130 948 3188 1000 ἐν
3219 946 3475 1017 τῷνόμῳ·
3533 965 3554 997 ι
3578 948 3702 999 Οὐκ

2108 1033 2204 1105 ἔσῃ
2241 1034 2380 1105 μετά
2408 1036 2614 1091 πολλῶν
2644 1038 2737 1091 ἐπὶ
2764 1040 2949 1111 κακίᾳ·
2994 1039 3055 1093 οὐ
3084 1039 3357 1111 παραδέξῃ
3384 1040 3563 1110 ἀκοὴν
3587 1057 3701 1109 μα-

2106 1125 2284 1179 ταίανο
2330 1126 2392 1181 οὐ
2434 1130 2818 1201 συγκαταθήσῃ
2870 1129 3006 1202 μετὰ
3049 1130 3285 1203 πλήθους
3337 1130 3588 1184 ἐκκλῖναι
3635 1132 3703 1182 τὺ

2106 1216 2333 1273 δίκαιον.
2365 1237 2384 1273 ι
2450 1222 2536 1275 Ἐν
2567 1222 2722 1295 μέρει
2765 1222 2821 1276 δὲ
2864 1222 2959 1278 καὶ
3001 1223 3092 1277 τὸν
3132 1223 3445 1295 κρινόμενον
3489 1226 3701 1278 εἰδέναι

2108 1311 2370 1380 ὀφείλετε,
2398 1313 2577 1377 ὁποῖός
2604 1314 2721 1367 ἐστι
2746 1316 2812 1385 τῇ
2842 1313 2936 1367 τοῦ
2966 1314 3080 1384 βίου
3123 1314 3377 1385 συνηθείᾳ
3416 1315 3515 1367 καὶ
3557 1316 3701 1367 ἀνα-

2111 1406 2337 1475 στροφῇ,
2368 1406 2416 1457 εί
2448 1406 2939 1477 μεμαρτυρημένος
2962 1406 3054 1459 τὸν
3082 1405 3214 1475 βίον,
3245 1407 3293 1461 εί
3332 1405 3698 1476 ἀνέγκλητος,

2110 1496 2159 1549 εί
2185 1496 2437 1567 ὁσιότητα
2465 1496 2774 1568 ἐζηλωκὼς,
2816 1498 2868 1550 εί
2904 1497 3193 1569 φιλόχηρος
3232 1496 3364 1567 (92),
3409 1497 3505 1550 καὶ
3544 1496 3703 1565 φιλό-

2113 1586 2278 1653 ξενος,
2308 1591 2403 1644 καὶ
2433 1590 2789 1661 φιλόπτωχος,
2818 1590 2914 1644 καὶ
2940 1589 3272 1660 φιλάδελφος,
3296 1590 3343 1640 εί
3367 1588 3443 1659 μὴ
3463 1589 3700 1659 αἰσχρο-

438 1691 549 1730 non
586 1678 831 1747 pecunia
860 1682 1049 1747 raptor
1084 1690 1149 1729 ac
1178 1674 1454 1746 procella;
1486 1687 1557 1727 an
1588 1680 1924 1742 temperans,
1956 1680 2011 1729 et

2122 1680 2330 1753 κερδὴς,
2357 1682 2452 1736 καὶ
2482 1681 2556 1755 μὴ
2600 1681 2813 1754 βρώτης
2851 1682 2947 1736 καὶ
2984 1678 3450 1752 χρηματολαίλαψ,
3491 1680 3547 1731 εί
3592 1676 3702 1729 σώ-

439 1784 551 1823 ιιοιι
584 1768 921 1833 luxuriosus,
954 1776 1050 1822 aut
1074 1767 1405 1831 vinolentus,
1438 1772 1533 1819 aut
1557 1765 1771 1820 otiosus
1794 1762 2011 1835 frugum

2122 1746 2285 1843 φρωνξ
2314 1773 2411 1827 καὶ
2441 1746 2517 1845 illi
2543 1746 2779 1837 ἆάῶτοςξ
2819 1772 2853 1843 ἢ
2900 1746 3150 1843 μάῦσὸξν
3195 1771 3229 1844 ἢ
3272 1771 3618 1843 ἀρτοφάγος,
3649 1772 3701 1823 ει

438 1870 830 1931 consumptor;
868 1875 938 1915 an
976 1858 1327 1921 misericors,
1374 1864 1536 1926 atque
1568 1854 1637 1911 ad
1672 1855 2013 1927 largiendum

438 1961 745 2026 promptus.

1059 2065 1291 2123 CAPUT
1334 2062 1396 2121 L.

442 2161 597 2229 Quod
640 2178 739 2215 usu
792 2162 1003 2221 veniat,
1040 2169 1098 2213 ut
1126 2159 1427 2228 conjectura
1463 2156 1813 2226 exprioribtts
1856 2154 2013 2211 malis

475 2233 656 2298 ducta,
684 2234 872 2301 aliquis
895 2232 1052 2302 facile
1075 2231 1321 2286 credatur
1338 2230 1632 2299 posteriora
1655 2228 1978 2298 designasse.

510 2325 645 2379 Nam
702 2325 750 2379 si
805 2324 861 2379 in
919 2330 1178 2379 accusata
1233 2321 1529 2393 praejacent
1586 2334 1754 2391 prava
1808 2332 2012 2389 opera,

436 2419 549 2489 jam
600 2418 780 2487 aliqua
830 2432 897 2473 ex
948 2425 1102 2487 parte
1150 2430 1291 2470 vene
1336 2414 1669 2470 videbuntur
1717 2420 2014 2484 praesentes

443 2513 847 2576 accusationes,
897 2510 1005 2565 nisi
1039 2508 1132 2578 jus
1162 2508 1210 2564 ei
1248 2507 1661 2577 patrocinatur;
1704 2504 1823 2560 ﬁeri
1867 2505 2014 2559 enim

443 2612 624 2672 potest
657 2611 715 2656 ut
746 2602 792 2657 is
821 2601 948 2655 olim
980 2600 1305 2670 deliquerit,
1339 2598 1503 2668 hujus
1532 2613 1660 2653 vero
1698 2597 1923 2653 sceleris
1946 2596 2017 2651 sit

444 2711 635 2767 purus.
677 2694 858 2761 Quare
887 2694 1036 2748 circa
1080 2692 1397 2763 hujusmodi
1433 2691 1683 2763 negotia,
1728 2688 2017 2760 diligenter

444 2795 500 2841 et
546 2796 704 2841 caute
754 2800 851 2841 vos
904 2793 1176 2856 gerentes,
1227 2795 1433 2840 certam
1490 2784 1882 2855 indubiamque
1919 2783 2017 2838 ad—

444 2895 639 2935 versus
684 2894 837 2934 reum
892 2878 1205 2932 convictum
1260 2877 1395 2933 ferte
1458 2877 1807 2933 sententiam.
1856 2875 1923 2930 Et
1969 2876 2017 2933 si

445 2980 571 3043 post
618 2969 1263 3035 excommunicationem,
1305 2969 1521 3025 veniam
1552 2976 1700 3039 petat
1742 2977 1797 3024 et
1824 2968 1893 3023 ad
1922 2983 2017 3039 pe-

2112 1863 2501 1937 εῦσπλαγχνος,
2530 1865 2623 1921 καὶ
2648 1864 3016 1937 εὐμετάδοτος.

2643 2067 3035 2124 ΚΕΦΑΛΔῙυΝ
3060 2066 3143 2120 N'.

2117 2164 2245 2219 Ὀτι
2296 2160 2567 2233 ἐγχωρεῖ,
2597 2162 2759 2233 cura;
2782 2160 2881 2214 καὶ
2931 2160 3000 2233 ἐκ
3030 2158 3336 2233 Σπροτέρων*
3370 2156 3582 2212 κακῶν
3610 2157 3700 2228 μὴ

2512 2230 2894 2287 ἀπιστεῖσθαι
2921 2230 2994 2283 τὰ
3019 2228 3285 2297 δεύτερα.

2116 2328 2178 2383 Εἰ
2206 2325 2315 2397 γὰρ
2341 2323 2491 2396 αὐτῷ
2536 2322 2923 2397 προϋπόκειται
2965 2321 3102 2391 ἔργα
3127 2319 3327 2391 φαῦλα,
3360 2319 3463 2390 ἠδη
3492 2321 3565 2371 ἐκ
3605 2320 3703 2390 μέ-

2116 2436 2244 2491 ρους
2260 2417 2479 2491 ἀληθεῖς
2500 2416 2566 2470 ἂν
2593 2411 2701 2470 εἷεν
2728 2415 2823 2469 καὶ
2841 2413 2934 2469 νῦν
2954 2413 3343 2485 ἐπιφερόμεναι
3359 2413 3515 2483 αὺτῷ
3536 2429 3702 2484 κατηι

2115 2512 2336 2584 γορίαι,
2380 2510 2431 2563 εί
2464 2508 2540 2581 μὴ
2578 2507 2645 2563 ἂν
2695 2506 2844 2578 αὐτῷ
2898 2504 2960 2560 τδ
3003 2506 3207 2559 δίκαιον
3246 2505 3356 2575 ἔχει
3394 2521 3702 2573 συναγωνι-

2117 2603 2359 2676 ζόμενονθ
2388 2602 2622 2672 ἐγχωρεῖ
2649 2600 2757 2671 γάρ
2788 2597 2950 2653 αὐτὸν
2977 2597 3352 2669 ἡμαρτηκέναι
3385 2596 3487 2667 μέν
3539 2612 3698 2656 ποτε,

2116 2695 2306 2749 τούτου
2335 2694 2392 2749 δὲ
2425 2692 2519 2747 τοῦ
2540 2692 2882 2763 ἐγκλήματος
2909 2689 3083 2745 ἀθῶον
3111 2689 3391 2760 ὑπάρχειν.
3426 2688 3521 2740 Διὸ
3549 2690 3702 2759 ἀκρι-

2118 2788 2229 2851 ϐῶς
2248 2786 2376 2859 περὶ
2404 2785 2474 2840 τά
2497 2784 2719 2839 τοιαῦτα
2745 2784 3024 2855 νήφοντες,
3054 2780 3313 2850 ἀσφαλεῖς
3343 2780 3440 2833 καὶ
3470 2779 3701 2849 βεϐαίας

2118 2878 2358 2935 ποιεῖσθε
2400 2877 2500 2941 τὰς
2537 2876 2838 2946 ἀποφάσεις
2869 2873 3010 2929 κατά
3050 2870 3143 2926 τοῦ
3181 2870 3552 2942 ἐλεγχθέντος.
3584 2872 3700 2925 Καὶ

2119 2976 2214 3028 ἐὰν
2245 2971 2383 3044 μετά
2413 2969 2503 3024 τὸν
2535 2967 2837 3041 ἀφορισμὺν
2866 2964 3192 3037 συγγνώμην
3217 2966 3364 3036 αἰτῇ,
3399 2964 3497 3018 καὶ
3524 2980 3699 3034 προσ-

447 3065 544 3120 des
571 3064 812 3135 episcopi
839 3062 1122 3132 procidat,
1167 3069 1221 3117 et
1264 3077 1521 3133 peccasse
1558 3078 1618 3118 se
1648 3060 1902 3126 fateatur,
1931 3077 2018 3117 re-

2122 3066 2263 3137 πέσῃ
2280 3064 2359 3135 τῷ
2385 3062 2687 3132 ἐπισκόπῳ,
2716 3060 2811 3114 καὶ
2835 3056 3211 3131 ἡμαρτηκέναι
3229 3054 3491 3127 ὁμολογῇ,
3527 3071 3699 3127 προσ-

446 3158 612 3229 cipite
640 3172 786 3213 eum.
829 3154 1000 3211 Porro
1042 3155 1339 3211 delatorem
1370 3156 1695 3227 impunitum
1731 3170 1839 3209 non
1869 3154 2018 3209 sina-

448 3253 543 3315 tis,
596 3267 665 3306 ne
714 3248 895 3304 adhuc
953 3247 1119 3301 alium
1170 3247 1481 3319 quempiam
1535 3254 1686 3302 recte
1746 3248 2020 3302 viventem

446 3342 833 3408 calumnietur,
870 3340 954 3395 vel
981 3339 1217 3409 aliquem
1248 3339 1416 3393 alium
1444 3337 1514 3392 ad
1544 3338 1746 3394 similia
1775 3336 2021 3393 facienda

450 3443 742 3509 provocet;
792 3447 1122 3503 rursumque
1166 3447 1293 3487 eum
1347 3432 1440 3502 qui
1498 3431 1784 3486 convictus
1834 3428 2019 3496 fuerit,

450 3529 600 3585 nulla
663 3526 994 3582 contumelia
1061 3523 1315 3582 affectum
1387 3538 1498 3578 non
1552 3522 1887 3589 dimittatis;
1951 3538 2024 3579 ne

450 3622 589 3675 alius
604 3618 797 3674 eodem
814 3619 1043 3673 crimine
1062 3616 1457 3688 obstringatur.
1486 3612 1672 3685 Neque
1696 3614 1843 3670 enim
1870 3632 1889 3666 ι
1910 3622 2025 3671 tes-

458 3713 530 3767 tis
578 3711 846 3763 malorum
902 3708 1206 3778 impunitus
1256 3709 1363 3764 erit
1390 3707 1470 3774 ’δε
1526 3724 1544 3759 ι
1598 3722 1777 3778 neque
1822 3720 2022 3776 pecca-

452 3812 537 3858 tor
560 3816 775 3873 pmnam
796 3800 1008 3857 evadet.

1072 3911 1303 3970 CAPUT
1335 3911 1421 3968 Ll.

524 4009 680 4078 Quod
710 4025 814 4063 non
838 4015 1073 4077 oporteat
1102 4007 1155 4060 in
1168 4002 1465 4076 judicando
1491 4001 1583 4056 uni
1603 4003 1744 4071 parti
1762 4001 1953 4071 fauere.

524 4103 771 4157 Diximus
812 4101 928 4171 jam
977 4113 1194 4169 a'quum
1250 4111 1364 4151 non
1419 4110 1543 4151 esse
1594 4102 1654 4149 ut
1708 4109 1773 4150 ea
1818 4092 2026 4164 judicia

450 4202 833 4259 exerceantur,
877 4194 932 4248 in
973 4192 1175 4264 quibus
1212 4189 1383 4245 altera
1409 4201 1537 4258 pars
1561 4186 1828 4257 judicium
1860 4201 2028 4241 occu-

453 4297 567 4359 pat.
606 4288 742 4343 Nam
781 4287 829 4343 si
858 4300 1024 4341 unam
1056 4298 1350 4357 personam
1382 4279 1668 4337 audieritis
1692 4319 1707 4345 ,
1738 4280 1909 4334 altera
1931 4278 2028 4334 ab-

451 4388 628 4445 sente,
654 4380 866 4449 hacque
888 4377 957 4432 ad
981 4376 1255 4447 objectum
1277 4373 1486 4429 crimen
1509 4387 1619 4426 non
1640 4370 2023 4441 respondente,

2118 3156 2341 3223 δέξασθε
2370 3154 2550 3210 αὐτόν.
2598 3153 2753 3223 Μήτε
2779 3150 2836 3204 δὲ
2861 3149 2953 3203 τὸν
2982 3148 3321 3219 συκοφάντην
3348 3145 3700 3218 ἀτιμώρητον

2120 3252 2338 3323 ἐάσητε,
2372 3249 2458 3303 ἵνα
2492 3245 2567 3318 μὴ
2594 3245 2689 3299 καὶ
2715 3242 2898 3315 ἕτερόν
2926 3259 3047 3295 τινα
3074 3240 3252 3304 καλῶς
3280 3237 3501 3310 βιοῦντα
3536 3239 3700 3309 βλασο

2122 3343 2350 3414 φημήσῃ
2371 3338 2447 3410 ,ἢ
2482 3337 2665 3409 ἕτερόν
2691 3352 2809 3389 τινα
2865 3332 2975 3404 (95)
3008 3331 3377 3404 προτρέψηται
3413 3330 3483 3383 τά
3541 3333 3702 3400 ὃμοια

2122 3432 2271 3505 αὐτῷ
2294 3431 2507 3504 δρᾶσαιο
2543 3430 2679 3500 μήτε
2719 3425 2823 3498 μὴν
2861 3424 2951 3479 τὸν
2992 3422 3311 3495 ἐλεγχθέντα
3353 3422 3700 3493 ἀνύϐριστον,

2122 3528 2269 3591 ὅπως
2291 3526 2366 3599 μὴ
2400 3525 2584 3599 ἕτερος
2620 3520 2731 3595 (94)
2768 3522 2880 3584 τοῖς
2909 3519 3091 3581 αὐτοῖς
3128 3515 3377 3586 ἐνσχεθῇ.
3422 3514 3562 3567 υῦτε
3596 3514 3703 3585 γὰρ

2128 3637 2148 3672 ι
2188 3619 2398 3691 μάρτυς
2438 3615 2622 3670 κακῶν
2653 3611 2996 3685 ἀτιμώρητος
3037 3608 3207 3663 ἔσται·
3246 3625 3266 3661 s
3297 3605 3411 3660 οὗθ’
3444 3608 3475 3659 ό
3518 3606 3700 3676 πλημν

2127 3711 2301 3783 μελῶν
2327 3709 2483 3782 δίκης
2500 3706 2656 3772 ἐκτός
2690 3704 2823 3779 (95).

2612 3906 3006 3962 ΚΕΦΛΛΔΙΟΝ
3049 3906 3180 3960 NA'.

2129 4002 2256 4057 Ὀτι
2298 4004 2371 4056 οὐ
2426 4000 2543 4071 χρὴ
2580 3998 2927 4070 μονομερεῖς
2965 3998 3070 4064 τὰς
3110 3997 3342 4065 κρίσεις
3383 3994 3701 4050 ποιεῖσθαι.

2195 4097 2434 4166 Εἴπομεν
2467 4093 2523 4147 δὲ
2562 4094 2643 4146 ὅτι
2671 4091 2770 4154 τὰς
2798 4091 3007 4163 κρίσεις
3032 4089 3097 4142 οὐ
3136 4087 3343 4141 δίκαιον
3386 4090 3705 4157 μονομερεζ

2126 4186 2414 4241 ποιεῖσθαι.
2487 4183 2610 4238 Ἐἀν
2650 4182 2759 4255 γὰρ
2786 4181 2879 4235 τοῦ
2925 4182 3043 4244 ἑνὸς
3072 4178 3365 4252 προσώπου
3411 4179 3703 4249 ἀκούσητε,

2132 4279 2205 4349 μὴ
2240 4277 2503 4349 παρόντος
2521 4274 2615 4329 τοῦ
2645 4274 2833 4345 ἐτέρου
2853 4312 2868 4337 ,
2898 4272 3030 4345 μηδὲ
3057 4270 3541 4342 ἀπολογησαμένου
3572 4270 3706 4339 πρὸς

2127 4371 2192 4423 τὸ
2219 4369 2609 4440 ἐπιφερόμενον
2637 4367 2909 4438 ἔγκλημα,
2942 4364 3228 4436 προπετῶς
3247 4361 3356 4433 (96)
3386 4360 3706 4433 ἐξενέγκητε

453 4472 772 4543 suﬂ'ragium
803 4470 1172 4526 damnationis
1201 4476 1406 4522 temere
1434 4465 1710 4532 tuleritis;
1740 4463 1818 4518 rei
1848 4462 2021 4527 necis,

2128 4462 2307 4532 ψῆφον
2338 4460 2731 4531 κατακρίσεως,
2752 4458 2926 4529 ἔνοχοι
2945 4458 3044 4527 τῆς
3063 4456 3416 4526 ἀναιρέσεως,
3448 4455 3546 4507 καὶ
3573 4471 3706 4526 συμρ

450 4572 507 4620 et
558 4571 845 4621 consortes
886 4560 1321 4623 calumniatoris,
1372 4574 1467 4614 seu
1523 4556 1715 4613 eadem
1750 4570 1874 4610 cum
1930 4554 2024 4610 illo

452 4671 710 4711 mensura
732 4655 1019 4710 metientes
1046 4649 1390 4724 reperiemini
1425 4649 1569 4719 apud
1596 4647 1786 4713 Deum,
1812 4648 2025 4717 justum

448 4748 714 4817 judicem.
765 4765 783 4798 ι
824 4745 979 4802 Sicut
1024 4747 1169 4801 enim
1220 4742 1314 4813 qui
1364 4749 1514 4797 tenet
1568 4739 1798 4795 caudam
1846 4738 2023 4804 canis,

453 4841 538 4897 sic
573 4840 667 4910 qui
696 4839 949 4910 praesidet
985 4840 1167 4895 alieno
1190 4835 1396 4906 judicio
1415 4835 1482 4889 ".
1524 4853 1544 4887 ι
1580 4830 1736 4900 Quod
1766 4830 1813 4887 si
1837 4830 2024 4887 imita-

525 5014 573 5048 “
593 5011 763 5067 Exod.
790 5027 953 5081 mu,
986 5020 1039 5081 1,
1064 5018 1122 5072 2.
1208 5012 1255 5044 ”
1276 5010 1449 5083 lgnat.
1482 5007 1739 5079 interpol.
1770 5004 1840 5061 ad
1872 5003 2113 5075 Magnes.
2146 5002 2201 5056 9.

2133 4552 2397 4625 μετρηταὶ
2422 4550 2502 4621 τῷ
2538 4550 2843 4622 συκοφάντῃ
2865 4589 2879 4613 ,
2912 4546 3063 4621 παρά
3092 4546 3211 4618 Θεῷ
3236 4544 3595 4617 εὑρεθήσεσθε
3627 4544 3704 4615 τῷ

2128 4645 2322 4716 δικαίῳ
2339 4645 2520 4716 κριτῇ*
2561 4661 2581 4694 ι
2634 4642 2723 4705 Ὠς
2748 4643 2857 4713 γὰρ
2882 4642 2911 4694 ό
2938 4638 3155 4713 κρατῶν
3181 4639 3381 4710 κέρκου
3401 4637 3583 4699 κυνὸς,
3614 4635 3703 4688 οὔ.

2128 4754 2235 4800 τως
2262 4736 2290 4789 ὁ
2320 4735 2600 4809 προεστὼς
2630 4734 2914 4807 ἀλλοτρίας
2940 4732 3191 4804 κρίσεως.
3232 4749 3252 4783 s
3299 4729 3423 4783 Ἐἀν
3450 4729 3506 4782 δὲ
3539 4746 3703 4800 μιμη-

2128 4830 2219 4883 τα).
2248 4827 2479 4899 γένησθε
2509 4826 2617 4880 τῶν
2658 4826 2718 4880 ἐν
2752 4824 3031 4879 Βαϐυλῶνι
3061 4822 3467 4895 πρεσϐυτέρων,
3512 4821 3705 4883 οἵτινες

2310 5000 2356 5034 ’⁸
2385 4999 2547 5057 Prov.
2579 5015 2694 5069 ιιι,
2726 5001 2782 5068 5,
2816 4999 2872 5056 9.
2947 5000 2993 5032 "
3018 4998 3180 5053 Prov.
3223 5012 3351 5053 τινι
3373 5035 3389 5062 ,
3436 4996 3523 5050 l7.

1751 5152 2126 5212 VARIORUM
2158 5152 2389 5210 NOTAE.

524 5371 637 5510 (91)
680 5368 1167 5493 Τὴνόμιιρτυρίαν.
1204 5364 1316 5448 Τάς
1358 5364 1687 5447 μαρτυρίας.
1730 5361 1832 5417 Ms.
1859 5359 2023 5415 Vind.

528 5443 617 5503 (92
676 5444 785 5494 om
826 5456 1026 5509 χτιρος.
1058 5436 1217 5510 Deest
1241 5452 1309 5510 _m
1338 5436 1463 5489 cod.
1494 5432 1726 5510 Yindoh.
1746 5441 1826 5510 ,ιιι
1851 5439 1906 5486 et
1933 5430 2023 5510 yth

528 5430 637 5509 (92)
676 5430 1026 5509 Φιζὶὄχτιροςῖ
1058 5436 1217 5509 Deest
1242 5436 1309 5509 _in
1338 5430 1463 5489 cod.
1494 5430 1726 5509 Yindoh.
1746 5441 1826 5509 _ut
1851 5439 1906 5486 et
1933 5430 2027 5509 yth

461 5500 673 5581 βρώτης
700 5511 793 5563 καὶ
819 5500 1286 5581 χρηματολαίλαψ,
1318 5519 1417 5574 pro
1444 5503 1646 5573 quibus
1674 5503 1836 5559 habet
1862 5500 2028 5555 πολυ-

459 5580 749 5642 ανάλωτος.
862 5580 865 5581 ⁷

529 5648 637 5711 (95)
682 5646 834 5701 de.
878 5646 1036 5701 Deest
1061 5645 1117 5698 in
1143 5644 1314 5697 altero
1342 5639 1653 5711 cod.7Vind.

533 5650 617 5711 (95
682 5648 834 5701 de.
878 5648 1036 5701 Deest
1061 5648 1117 5698 in
1143 5648 1314 5697 altero
1342 5648 1463 5696 cod.
1497 5648 1605 5695 Vini

533 5648 638 5786 (ω)
678 5717 933 5784 Ἕτερος.
954 5715 1060 5769 Καὶ
1090 5715 1272 5785 ἕτερος
1299 5715 1419 5771 cod.
1443 5710 1605 5768 Vind.

2200 5356 2556 5429 (95)_Ot')0’d
2599 5355 2965 5429 πλημμξᾼῶῖ
3008 5354 3180 5429 δίκης
3222 5352 3417 5429 ends.
3467 5349 3603 5429 Yide
3647 5353 3703 5409 in

2130 5420 2304 5493 LXX,
2325 5420 3044 5495 Proverb.xxvii|',20;Sap.
3074 5440 3113 5490 ι,
3136 5420 3201 5490 8;
3221 5439 3329 5487 xxv,
3357 5422 3448 5489 3|,
3474 5420 3580 5476 Sir.
3606 5439 3704 5489 xu,

2134 5501 2189 5564 7,
2222 5514 2381 5559 mu,
2410 5498 2497 5551 15.
2527 5496 2666 5550 Cor.

2130 5558 2184 5694 ς’
2203 5569 2315 5640 (96)
2355 5558 2687 5637 Προπετῶς.
2716 5566 2828 5621 Καὶ
2856 5564 3142 5636 προπετῶς
3167 5564 3370 5620 rectius
3391 5600 3406 5628 ,
3452 5560 3509 5615 in
3538 5558 3705 5619 Vind.

2176 5654 2300 5694 mea.

2176 5654 2300 5695 ιει.
