3884 6180
267 245 384 299 ’717

1204 233 1808 302 CONSTITUTIONES
1833 244 2363 302 APOSTOLICA‘J.—
2387 242 2510 301 LIB.
2552 245 2613 300 ll.

3420 251 3520 306 7l8

258 373 365 412 σου
415 358 526 429 ἔχει
561 375 614 410 τι
643 358 788 412 κατὰ
829 359 947 425 σοῦ,
991 360 1126 430 ἄφες
1169 361 1285 414 ἐκεῖ
1316 361 1378 413 τὺ
1417 361 1587 434 δῶρόν
1633 380 1725 415 σου
1756 361 1823 432 ἐμ

1955 369 2108 415 tuum
2161 361 2230 415 ad
2281 360 2455 415 altare
2485 402 2500 426 ,
2557 369 2612 415 et
2670 360 2744 415 ibi
2793 362 3110 418 recordatus
3177 362 3344 419 fueris
3391 367 3518 436 quia

256 453 504 523 προσθεν
531 451 626 504 τοῦ
663 451 1070 524 θυσιαστηρίου,
1106 453 1202 506 καὶ
1235 453 1434 521 ὕπαγε,
1464 453 1677 524 πρῶτον
1702 452 1847 505 διαλ-

253 545 464 615 λάγηθι
494 545 573 614 τῷ
602 544 814 615 ἀδελφῷ
845 562 961 606 σου,
1001 546 1096 598 καὶ
1127 546 1248 598 τότε
1275 544 1444 598 ἐλθὼν
1485 545 1760 616 πρόσφερε
1786 544 1848 598 τὸ

252 638 436 709 δῶρόν
455 656 569 690 σου.
595 657 613 690 ι
631 638 812 709 Δῶρον
831 637 887 690 δέ
909 637 1205 710 ὲστιΘεῷή
1224 639 1452 692 ἑκάστου
1466 637 1741 710 προσευχὴ
1753 638 1848 691 καί¹

255 729 604 800 εὐχαριστία.
667 729 792 782 Ἐὰν
818 726 912 783 οὖν
941 729 1071 801 ἔχῃς
1095 747 1149 782 τι
1179 729 1318 783 κατά
1344 729 1439 783 τοῦ
1468 729 1694 799 ἀδελφοῦ
1728 747 1843 793 σου,

253 820 293 890 ἢ
325 820 491 883 αὐτὸς
517 820 614 891 ἔχῃ
643 838 695 872 τι
727 821 867 874 κατὰ
899 821 1014 884 σού,
1046 820 1170 874 οὔτε
1201 821 1259 875 αί
1287 820 1584 892 προσευχαί
1608 839 1701 874 σου
1731 822 1844 873 εἰσ-

254 911 690 982 ακουσθήσονται
713 950 728 975 ,
773 911 894 964 οὔτε
926 913 982 964 αἱ
1013 913 1350 984 εὐχαριστίαι
1379 930 1472 966 σου
1511 911 1843 983 προσδεχθή-

258 1020 477 1065 σονται,
505 1002 592 1056 διὰ
621 1003 719 1073 τὴν
755 1003 1118 1074 ὑποκειμένην
1155 1004 1344 1075 ὀργήν·
1376 1003 1481 1075 χρὴ
1509 1003 1566 1056 δὲ
1607 1004 1843 1074 συνεχῶς

254 1095 655 1166 προσεύχεσθαι
674 1097 836 1166 ὑμᾶς,
851 1096 1088 1166 ἀδελφοίο
1107 1097 1220 1150 ἀλλ’
1241 1097 1425 1168 ἐπειδὴ
1436 1097 1543 1150 τῶν
1561 1098 1618 1150 ὲν
1649 1098 1841 1167 ὀργαῖς

253 1187 460 1250 ἀδίκως
488 1186 879 1258 ὲχθραινόντων
936 1187 1181 1257 ἀδελφοῖς
1206 1189 1236 1240 6
1268 1188 1398 1251 Θεὸς
1425 1189 1528 1242 οὐκ
1560 1188 1838 1251 ἐπακούει,

253 1277 354 1329 κα)⁸
382 1277 477 1331 ἐὰν
506 1279 626 1350 τρὶς
665 1278 767 1348 τῆς
809 1278 959 1350 ὥρας
989 1278 1418 1351 προσεύξωνται,
1463 1280 1570 1352 χρὴ
1599 1280 1834 1334 διαλύειν

252 1369 443 1421 πᾶσαν
473 1367 672 1440 ἔχθραν
700 1371 794 1423 καὶ
827 1370 1221 1442 μικροψυχίαν,
1251 1372 1340 1424 ἵνα
1366 1371 1646 1443 δυνώμεθα
1671 1390 1840 1444 προσ-

251 1458 514 1530 εύχεσθαι
551 1460 769 1532 καθαρᾷ
795 1463 863 1532 τῇ
900 1461 1099 1533 καρδίᾳ
1122 1461 1215 1515 καὶ
1249 1460 1494 1536 ἀῤῥύπῳ.
1526 1463 1718 1517 Καίτοι
1773 1481 1836 1532 γε

247 1553 348 1603 καὶ
377 1551 613 1623 ἐχθροὺς
639 1555 669 1605 6
697 1552 902 1624 Κύριος
929 1554 1152 1625 ἀγαπᾷν
1199 1556 1531 1626 προσέταξεν
1555 1596 1569 1618 ,
1617 1557 1737 1628 οὐχὶ
1779 1558 1836 1611 δὲ

247 1643 348 1694 καὶ
369 1645 497 1705 τοὺς
521 1643 708 1711 φίλους
738 1647 933 1716 μισεῖν·
966 1646 1061 1698 καὶ
1092 1648 1121 1699 6
1149 1645 1446 1717 νομοθέτης
1485 1648 1672 1719 φησίν·
1711 1668 1729 1700 ι
1757 1650 1832 1702 Οὐ

249 1737 511 1806 μισήσεις
537 1736 715 1790 πάντα
742 1737 1049 1808 ἄνθρωπονο
1082 1739 1144 1791 οὐ
1191 1740 1441 1811 μισήσεις
1469 1741 1560 1794 τὸν
1606 1741 1831 1810 ἀδελφόν

245 1844 347 1879 σου
374 1830 442 1899 τῇ
471 1827 678 1900 διανοίᾳ
725 1846 839 1882 σου·
896 1829 1111 1900 ἐλεγμῷ
1166 1830 1404 1899 ὲλέγξεις
1461 1831 1552 1885 τὸν
1607 1832 1832 1902 ἀδελφόν

243 1935 347 1971 σου
373 1958 388 1982 ,
422 1920 516 1972 καὶ
545 1921 607 1973 οὐ
665 1919 807 1992 λήψῃ
835 1920 913 1973 δι’
939 1921 1103 1974 αὐτὸν
1135 1923 1428 1993 ἀμαρτίαν’
1460 1925 1523 1977 οὐ
1580 1927 1833 1996 μισήσεις

237 2011 567 2078 Αίγύπτιον,
599 2012 682 2065 ὃτι
709 2013 972 2084 πάροικος
999 2010 1143 2085 ἦσθα
1171 2016 1301 2085 παρ’
1342 2014 1512 2084 αὐτῷ’
1548 2017 1610 2070 οὐ
1671 2018 1834 2088 μισή-

241 2120 364 2167 σεις
403 2104 725 2174 Ἰδουμαῖον,
757 2105 840 2158 ὅτι
895 2106 1121 2175 ἀδελφός
1169 2125 1262 2160 σου
1293 2107 1428 2161 ἐστί.
1471 2128 1489 2159 ι
1526 2110 1637 2162 Καὶ
1663 2112 1691 2162 6
1727 2112 1831 2162 Δα-

237 2194 329 2246 6l5
359 2195 528 2263 λέγει·
595 2216 613 2248 ι
669 2198 733 2250 Εἰ
761 2198 1117 2252 ἀνταπέδωκα
1151 2202 1262 2263 τοῖς
1281 2200 1692 2254 ἀνταποδιδοῡσί
1738 2218 1830 2271 μοι

236 2289 409 2342 κακά.
455 2309 474 2340 ι
509 2289 669 2343 Ὅθεν
697 2293 746 2343 εί
774 2292 1098 2363 Χριστιανὸς
1130 2292 1304 2356 θέλεις
1343 2291 1512 2358 εἶναι,
1545 2294 1831 2360 ὲξακολούο

237 2378 327 2431 θει
346 2376 424 2450 τῷ
455 2381 552 2434 τοῦ
584 2383 794 2454 Κυρίου
825 2383 993 2455 νόμιμ’
1016 2403 1035 2437 ι
1072 2385 1181 2439 Λύε
1209 2386 1385 2440 πάντα
1407 2387 1704 2459 σύνδεσμον
1723 2389 1832 2443 ἀδι⁹

235 2473 390 2535 κίας.
411 2493 428 2524 ι
474 2473 598 2527 Ἐπὶ
627 2477 709 2529 σοὶ
737 2475 846 2547 γάρ
869 2479 896 2530 6
922 2477 1127 2548 Κύριος
1154 2479 1402 2543 ἐξουσίαν
1431 2479 1584 2534 ἔθετο
1610 2481 1829 2550 ἀφιέναι

234 2565 518 2636 ἁμαρτίας
541 2567 619 2638 τῷ
648 2567 860 2640 ἀδελφῷ
887 2570 985 2634 τὰς
1013 2573 1092 2635 είς
1123 2572 1182 2626 σὲ
1210 2574 1527 2644 γενομένας,
1583 2575 1689 2639 ἕως
1737 2577 1829 2630 ἑὸ-

229 2656 634 2728 δομηκοντάκις
665 2660 823 2713 ὲπτάο
842 2661 1107 2726 τουτέστι,
1121 2665 1476 2735 τετρακοσίας
1487 2667 1530 2696 ⁸⁸
1548 2667 1829 2739 ἐνενήκον-

231 2764 321 2800 τα.
358 2748 600 2812 Ποσάκις
626 2747 720 2804 οὖν
778 2752 877 2823 ἤδη
900 2754 1120 2826 ἀφῆκας
1146 2755 1224 2827 τῷ
1251 2756 1463 2828 ἀδελφῷ
1493 2776 1608 2823 σου,
1642 2760 1728 2813 ἴνα
1751 2761 1825 2833 μὴ

231 2838 314 2908 (6)
349 2840 588 2916 θελήσῃς
614 2844 763 2914 αὐτῷ
818 2845 1037 2914 ἀφιέναι
1065 2848 1159 2901 καὶ
1185 2846 1303 2914 νῦν;
1360 2851 1555 2904 Καίτοι
1586 2851 1827 2917 ἀκούσας

227 2931 331 2983 τοῦ
376 2931 640 3004 Ἰερεμίου
671 2933 942 3003 λέγοντος,
972 2937 1055 2990 ὅτι
1089 2956 1108 2988 ι
1143 2939 1373 3003 ἕκαστος
1399 2941 1498 3012 τὴν
1513 2942 1709 2996 κακίαν
1727 2943 1823 2998 τοῦ

229 3023 469 3093 πλησίον
497 3025 663 3079 αὐτοῦ
696 3027 771 3098 μὴ
799 3027 1080 3096 λογίζεσθε
1107 3029 1167 3082 ὲν
1193 3033 1313 3095 ταῖς
1340 3032 1590 3104 καρδίαις
1611 3034 1784 3106 ὑμῶν.
1801 3055 1818 3087 ι
1850 3054 1890 3112 C

229 3115 308 3167 Σὺ
335 3115 396 3168 δὲ
424 3121 801 3187 μνησικακεῖς,
831 3121 926 3173 καὶ
981 3124 1266 3193 συντηρεῖς
1319 3123 1396 3194 (7)
1449 3123 1680 3197 ἔχθραν,
1727 3129 1821 3182 καὶ

227 3206 328 3260 ἐπὶ
366 3209 547 3278 κρίσιν
585 3208 741 3282 ἔρχῃ,
771 3212 864 3264 καὶ
895 3213 1054 3283 μῆνιν
1089 3215 1296 3286 ὐφορᾷς
1315 3215 1413 3286 (8),
1447 3217 1541 3270 καὶ
1577 3218 1611 3289 ή
1651 3235 1822 3290 προσ-

228 3300 371 3370 ευχή
405 3317 500 3353 σου
528 3302 900 3372 ὲμποδίζεται.
946 3305 1096 3359 Ἀλλ’
1123 3308 1173 3359 εί
1225 3307 1320 3360 καὶ
1370 3306 1441 3360 τὰ
1493 3309 1820 3380 τετρακόσια

229 3393 562 3464 ἐνενήκοντα
588 3395 744 3484 ἀφεὶς
773 3396 848 3466 (9)
877 3396 955 3467 τῷ
987 3396 1196 3468 ἀδελφῷ
1238 3414 1362 3461 σου,
1399 3397 1693 3454 πλεόνασον
1719 3401 1819 3474 τὴν

227 3485 538 3555 ἁοργησίαν
567 3487 660 3540 ἐπὶ
711 3487 893 3540 πλεῖον
947 3490 1028 3552 είς
1085 3489 1447 3562 ἀγαθωσύνην
1498 3491 1579 3544 δι’
1606 3493 1814 3546 ἑαυτόν.

229 3576 353 3628 Κᾶν
384 3578 592 3640 ἐκεῖνος
623 3578 697 3649 μὴ
725 3582 890 3642 ποιεῖ,
919 3579 1054 3633 ἀλλά
1080 3597 1143 3649 γε
1175 3583 1238 3635 σὺ
1266 3581 1356 3635 διὰ
1383 3582 1473 3635 τὸν
1501 3583 1632 3636 Θεὸν
1663 3584 1820 3638 σπού-

226 3668 362 3731 δαζε
390 3669 610 3736 ἀφιέναι
636 3671 714 3741 τῷ
744 3672 992 3742 πλησίον,
1020 3673 1171 3737 ὅπως
1198 3674 1332 3747 γένῃ
1353 3675 1467 3739 υἱὸς
1492 3675 1586 3729 τοῦ
1605 3676 1818 3748 Πατρός

231 3777 328 3811 σου
357 3760 452 3812 τοῦ
482 3762 540 3813 ἐν
567 3763 844 3833 οὐρανοῖς,
899 3766 993 3818 καὶ
1048 3766 1480 3836 προσευχόμενος
1535 3767 1813 3841 ὑπακούῃ,

227 3851 308 3914 ὼς
337 3852 491 3920 φίλος
517 3852 672 3907 Θεοῦ.

763 4051 1178 4106 ΚΕΦΑΛΑΙΟΝ.
1210 4054 1312 4107 NA'
1325 4084 1340 4099 ο

234 4139 370 4192 ’Ότι
532 4140 675 4215 τοὺς
697 4141 1066 4208 ἐπισκόπους
1079 4148 1166 4215 Δ’τὰ
1184 4146 1319 4213 περὶ
1344 4144 1586 4215 εἰρήνης
1596 4145 1691 4202 διὰ
1709 4147 1814 4203 τοῦ

483 4210 763 4264 διακόνου
791 4210 1268 4282 ὑπομιμνήσκειῶ
1293 4216 1373 4282 τῷ

303 4300 402 4353 Διά
428 4301 607 4366 τοῦτο,
639 4297 684 4355 ὦ
709 4305 1017 4368 ἐπίσκοποι,
1040 4306 1340 4376 μελλόντων
1370 4308 1522 4379 ὑμῶν
1552 4310 1632 4372 εἰς
1653 4327 1813 4381 προσ-

1946 451 2114 507 frater
2156 460 2286 508 tuus
2347 451 2509 506 habet
2557 451 2764 522 aliquid
2828 453 3117 508 adversum
3143 461 3216 519 te,
3273 455 3520 526 relinque

1945 542 2024 597 ibi
2081 558 2280 599 munus
2334 550 2489 598 tuum
2545 551 2671 599 ante
2721 544 2923 608 altare,
2969 552 3024 599 et
3053 544 3371 615 vade,prius
3432 563 3518 603 re-

1945 635 2243 691 conciliare
2295 634 2452 690 fratri
2499 643 2625 696 tuo;
2674 643 2729 691 et
2770 645 2901 692 tunc
2931 637 3174 702 veniens,
3220 637 3348 693 oll‘er
3399 655 3518 694 mu-

1943 741 2050 780 nus
2094 734 2247 780 tuum
2282 726 2320 780 ⁸.
2357 746 2375 778 ι
2446 726 2644 783 Munus
2684 743 2815 782 vero
2854 735 2943 784 est
2971 728 3083 783 Deo
3128 729 3306 784 oratio
3333 731 3520 801 cujus~

1943 834 2050 888 que
2079 826 2133 871 et
2160 817 2304 873 actio
2325 819 2649 888 gratiarum.
2685 817 2744 874 Si
2769 834 2899 891 ergo
2929 820 3130 876 habeas
3159 822 3364 892 aliquid
3389 838 3520 878 con-

1940 916 2026 965 tra
2058 909 2277 965 fratrem
2307 920 2483 976 tuum,
2519 919 2613 966 aut
2641 912 2759 982 ipse
2791 912 2997 983 aliquid
3016 913 3216 968 habeat
3235 922 3424 968 contra
3444 923 3517 980 te,

1941 1017 2118 1072 neque
2154 1002 2436 1058 orationes
2493 1010 2599 1057 tua:
2633 1003 2997 1058 exaudientur
3022 1044 3038 1067 ,
3095 1020 3271 1075 neque
3322 1007 3519 1075 gratia-

1939 1108 2062 1147 rum
2117 1093 2362 1148 actiones
2421 1094 2818 1164 suscipientur,
2866 1102 3088 1165 propter
3145 1096 3514 1166 subjacentem

1939 1186 2107 1250 iram;
2159 1193 2378 1256 oportet
2423 1194 2627 1249 autem,
2663 1187 2882 1252 fratres,
2917 1204 3014 1243 vos
3047 1189 3267 1244 assidue
3307 1204 3467 1245 orare
3497 1207 3513 1256 ;

1937 1285 1994 1332 et
2022 1277 2150 1346 quia
2187 1292 2284 1332 eos
2325 1277 2576 1345 quicum
2615 1277 2884 1347 injustitia
2932 1279 3198 1336 fratribus
3243 1279 3517 1336 hostiliter

1937 1367 2272 1433 irascuntur,
2335 1367 2478 1424 Deus
2529 1384 2639 1422 non
2685 1369 2928 1436 exaudit,
2975 1371 3101 1425 licet
3145 1371 3202 1424 in
3253 1371 3387 1426 hora
3432 1379 3516 1427 ter

1935 1461 2244 1522 oraverint,
2289 1460 2411 1514 ideo
2441 1459 2696 1515 dirimere
2735 1461 2998 1516 debemus
3050 1476 3268 1517 omnem
3328 1463 3515 1518 inimi-

1936 1553 2120 1607 citiam
2151 1562 2205 1608 et
2243 1553 2500 1623 pusillum
2556 1554 2836 1616 animum,
2881 1569 2991 1624 quo
3028 1556 3301 1623 possimus
3349 1556 3515 1612 corde

1940 1660 2078 1714 puro
2099 1659 2162 1699 ac
2210 1644 2647 1698 ineontaminato
2677 1660 2856 1700 orare.
2885 1646 3052 1716 Atqui
3107 1647 3271 1700 etiam
3326 1647 3514 1702 inimi-

1863 1711 1906 1766 Β
1937 1711 2032 1790 eos
2062 1735 2286 1805 diligere
2302 1736 2558 1805 praecepit
2576 1734 2862 1801 Dominus,
2886 1711 2994 1791 non
3012 1744 3192 1792 autem
3213 1738 3381 1793 etiam
3446 1750 3510 1789 a-

1936 1827 2113 1881 micos
2138 1827 2354 1894 odisse;
2391 1833 2445 1881 et
2467 1826 2770 1898 Legislator
2797 1829 2874 1881 ait
2905 1847 2918 1882 :
2955 1846 2974 1879 ι
3012 1827 3088 1883 Ne
3111 1828 3294 1884 oderis
3337 1829 3508 1885 ullum

1931 1919 2238 1975 hominem:
2261 1935 2328 1974 ne
2355 1918 2482 1973 odio
2505 1919 2707 1974 habeas
2734 1917 2956 1974 fratrem
2987 1925 3161 1983 tuum,
3189 1921 3372 1975 animo
3391 1928 3511 1977 tuo:

1929 2010 2208 2082 arguendo
2229 2027 2393 2081 argue
2415 2010 2635 2065 fratrem
2662 2018 2842 2073 tuum,
2877 2019 2932 2066 et
2955 2027 3023 2066 ne
3061 2011 3333 2080 suscipias
3379 2027 3510 2082 pec—

1928 2111 2108 2157 catum
2144 2110 2362 2172 propter
2389 2117 2512 2156 eum
2532 2103 2572 2157 ².
2613 2099 2731 2155 Non
2755 2101 2881 2156 odio
2909 2102 3135 2158 habebis
3165 2101 3508 2174 Egyptium,

1928 2194 2187 2266 quoniam
2235 2194 2413 2248 incola
2447 2193 2594 2248 fuisti
2623 2192 2764 2263 apud
2786 2209 2912 2250 eum
2945 2211 2959 2248 :
2990 2209 3101 2248 non
3134 2194 3359 2252 habebis
3381 2195 3508 2250 odio

1927 2283 2250 2349 ldumzeum,
2283 2287 2544 2354 quoniam
2571 2284 2739 2341 frater
2759 2296 2886 2340 tuus
2916 2293 3001 2341 est
3023 2285 3064 2340 ³.
3105 2305 3124 2339 ι
3160 2285 3329 2340 David
3369 2302 3507 2356 quo-

1928 2394 2034 2448 que
2063 2379 2139 2431 ait
2168 2396 2180 2432 :
2215 2397 2233 2429 ι
2277 2376 2334 2431 Si
2365 2376 2574 2432 reddidi
2605 2377 3036 2433 retribuentihus
3065 2377 3197 2431 mihi
3232 2378 3373 2432 male
3396 2377 3436 2431 ⁸.
3480 2397 3500 2430 ›

1930 2469 2109 2534 Quare
2132 2470 2178 2524 si
2207 2469 2558 2525 Christianus
2581 2484 2705 2525 esse
2729 2470 2836 2534 vis,
2864 2484 3095 2540 sequere
3118 2470 3290 2539 legem
3317 2468 3506 2523 Domi-

1927 2562 1985 2617 ni
2023 2579 2038 2616 :
2076 2580 2094 2612 ι
2135 2561 2296 2615 Solve
2330 2576 2545 2617 omnem
2571 2561 2974 2630 colligationem
3005 2560 3300 2630 impietatis
3329 2560 3371 2615 '.
3400 2579 3419 2613 ι
3443 2559 3504 2616 ln

1930 2661 1984 2708 te
2012 2653 2161 2708 enim
2194 2652 2460 2708 Dominus
2491 2652 2678 2723 posuit
2701 2658 3027 2722 potestatem
3059 2651 3374 2706 remittendi
3393 2651 3505 2706 fra-

1925 2746 1996 2800 tri
2023 2753 2248 2816 peccata
2287 2753 2478 2800 contra
2508 2754 2560 2800 te
2598 2745 2927 2810 commissa,
2962 2759 3137 2814 usque
3189 2746 3502 2815 septuagies

1926 2837 2148 2907 septies,
2177 2837 2281 2891 hoc
2303 2845 2407 2901 est,
2435 2837 2834 2908 quadringenta
2890 2839 3187 2906 nonaginta
3211 2835 3254 2892 ‘.
3278 2835 3503 2902 Quoties

1925 2943 2056 2999 ergo
2074 2928 2185 2997 jam
2213 2929 2479 2984 remisisti
2511 2928 2667 2981 fratri
2703 2937 2815 2995 tuo,
2848 2935 2907 2981 ut
2929 2927 3070 2982 nolis
3089 2928 3137 2982 ei
3165 2927 3328 2982 etiam
3355 2943 3502 2981 nunc

1925 3021 2244 3075 remittere?
2303 3019 2441 3074 Cum
2493 3027 2548 3074 et
2599 3019 2796 3074 audias
2845 3017 3136 3074 Jeremiam
3181 3019 3498 3075 dicentem:

1926 3130 1948 3164 ι
1986 3111 2372 3183 Unusquisque
2389 3113 2591 3166 malum
2617 3111 2850 3182 proximi
2882 3111 2969 3166 sui
3022 3126 3092 3166 ne
3135 3111 3388 3181 cogitetis
3441 3127 3496 3166 in

1922 3205 2180 3260 cordibus
2209 3204 2407 3260 vestris
2430 3205 2473 3258 ⁷.
2508 3223 2526 3256 ι
2560 3202 2642 3258 Tu
2674 3210 2856 3257 autem
2883 3201 3098 3271 injuriae
3120 3215 3330 3256 memor
3345 3213 3424 3263 es,
3443 3210 3498 3256 et

1923 3295 2264 3351 inimicitiam
2286 3297 2511 3360 retines,
2541 3301 2596 3351 et
2638 3295 2695 3349 in
2738 3293 3006 3363 judicium
3052 3292 3228 3357 venis,
3271 3299 3326 3347 et
3360 3291 3495 3345 iram

1920 3388 1976 3443 in
2007 3397 2060 3444 te
2088 3389 2337 3459 respicis,
2388 3395 2443 3443 et
2488 3387 2667 3443 oratio
2709 3394 2806 3441 tua
2856 3385 3172 3456 impeditur.
3233 3382 3340 3440 Sed
3389 3385 3494 3439 etsi

1919 3479 2315 3550 quadringenta
2361 3479 2658 3550 nonaginta
2706 3477 2985 3533 remiseris
3030 3476 3187 3530 fratri
3215 3483 3309 3530 tuo
3332 3475 3375 3539 ⁸,
3399 3477 3497 3530 ad-

1917 3572 2025 3627 huc
2053 3581 2274 3643 propter
2297 3573 2530 3643 teipsum
2557 3587 2696 3643 auge
2728 3569 3206 3626 mansuetudinem
3251 3576 3399 3621 tuam
3437 3569 3494 3622 in

1918 3664 2325 3734 benignitatem;
2350 3671 2403 3719 et
2422 3665 2673 3734 quamvis
2716 3664 2807 3718 ille
2863 3679 2975 3718 non
3007 3662 3206 3726 faciat,
3232 3672 3287 3717 tu
3313 3673 3493 3718 tamen

1917 3763 2138 3824 prapter
2167 3755 2335 3810 Deum
2357 3765 2543 3826 satage
2569 3755 2841 3810 dimittere
2868 3756 3137 3825 proximo,
3165 3762 3223 3809 ut
3251 3755 3328 3811 sis
3351 3755 3492 3809 filius

1910 3848 2088 3902 Patris
2111 3848 2209 3913 tui,
2237 3848 2330 3918 qui
2363 3849 2418 3901 in
2440 3848 2595 3903 coalis
2618 3858 2720 3912 est,
2750 3855 2915 3918 utque
2939 3847 3068 3902 dum
3083 3863 3232 3916 oras,
3249 3847 3490 3902 audiaris

1917 3946 2172 4008 tanquam
2196 3939 2290 3994 Dei
2320 3939 2533 3994 amicus
2562 3940 2603 3992 ’.

2504 4054 2734 4110 CAPUT
2775 4054 2908 4111 LIV.

1918 4146 2070 4214 Quod
2101 4155 2334 4217 oporteat
2373 4148 2638 4216 episcopos
2657 4146 2719 4200 de
2739 4163 2863 4215 pace
2886 4162 2977 4214 per
2997 4145 3278 4202 diaconum
3297 4145 3486 4216 populo

2351 4219 2403 4270 in
2429 4218 2735 4272 memoriam
2761 4233 3051 4288 suggerere.

1984 4310 2221 4377 Idcirco,
2253 4326 2286 4365 o
2316 4310 2578 4380 episcopi,
2606 4325 2727 4364 cum
2761 4310 2826 4363 ad
2870 4309 3168 4363 orationem
3226 4308 3485 4378 procede-

228 4392 397 4462 ευχὴν
444 4393 692 4465 ἀπαντᾷν
715 4434 730 4458 ,
764 4395 902 4465 μετὰ
928 4397 1027 4469 τὴν
1093 4398 1397 4467 ἀνάγνωσιν
1427 4401 1519 4453 καὶ¹
1545 4400 1644 4472 τὴν
1672 4402 1815 4455 Ψαλ-

1929 4405 2008 4468 Lis,
2050 4412 2172 4474 post
2222 4405 2507 4458 lectionem
2557 4410 2611 4457 et
2655 4401 2994 4456 Psalmorum
3052 4409 3312 4464 cantum,
3361 4409 3484 4469 post

231 4485 462 4554 μῳδίαν,
494 4488 587 4540 καὶ
621 4487 722 4558 τὴν
777 4489 868 4540 ἐπὶ
919 4492 1040 4554 ταῖς
1095 4492 1336 4562 Γραφαῖς
1387 4492 1749 4556 διδασκαλίαν,
1777 4497 1806 4546 6

1929 4505 2192 4550 :narratas
2221 4493 2564 4564 Scripturas;
2624 4494 2891 4548 diaconus
2945 4493 3101 4561 juxta
3160 4507 3257 4546 vos
3304 4498 3479 4554 stans,

227 4576 478 4640 διάκονος
507 4578 676 4641 ἑστὼς
703 4579 931 4650 πλησίον
962 4581 1134 4652 ὑμῶν,
1167 4583 1304 4653 μετά
1361 4584 1570 4655 ὑψηλῆς
1622 4587 1804 4657 φωνῆς

1929 4588 2243 4642 ποριιιιιιειε
2299 4606 2316 4637 ι
2342 4585 2418 4640 Ne
2444 4585 2568 4656 quis
2611 4595 2800 4640 contra
2830 4585 3097 4652 aliquem;
3147 4598 3216 4638 ne
3257 4583 3379 4652 quis
3427 4586 3482 4636 in

229 4668 458 4738 λεγέτω⁸
478 4690 496 4721 ι
523 4673 700 4742 Μήτις
728 4673 868 4726 κατά
894 4691 1054 4737 τινος·
1075 4676 1304 4746 μήτιςὲν
1321 4677 1748 4749 ὑποκρίσει(10)·
1774 4698 1793 4730 ι

293 4825 518 4899 LMatth.
555 4845 608 4891 v,
653 4828 724 4884 25
815 4831 835 4860 ³
866 4829 994 4886 Lev.
1026 4848 1138 4894 XIX,
1175 4833 1260 4888 i7.
1340 4838 1360 4868 ³
1393 4835 1547 4890 Dent.
1580 4853 1736 4899 χχιιι,
1765 4837 1816 4892 7.

1908 4679 2214 4749 hypocrisi;
2244 4698 2262 4730 ι
2298 4687 2358 4733 ιιι
2387 4677 2434 4733 si
2454 4679 2509 4732 in
2539 4678 2817 4732 nonnullis
2840 4676 3128 4731 dissidium
3146 4675 3477 4744 reperiatur.

1917 4845 1938 4870 δ
1965 4836 2112 4893 Psal.
2142 4854 2239 4899 vn,
2273 4837 2326 4892 5.
2423 4837 2445 4869 ⁸
2475 4835 2548 4894 ls.
2582 4852 2736 4902 Lvm,
2761 4835 2814 4890 6.
2919 4837 2939 4867 ⁸
2976 4833 3167 4889 Matth.
3195 4850 3350 4898 xvui,
3384 4833 3475 4886 22.

227 4895 271 4927 ⁸·
301 4897 664 4967 Τετρακόσια,
700 4911 756 4956 ιιι
790 4900 973 4956 infra?
1035 4904 1055 4934 "
1110 4902 1274 4960 Zach.
1304 4907 1526 4970 vm,17.
1592 4909 1614 4938 ⁸
1638 4895 1823 4962 Matth.

1942 4907 2036 4963 24.
2126 4909 2146 4939 ⁹
2177 4895 2312 4963 Ibid.
2337 4925 2388 4972 ν,
2413 4908 2506 4962 ιδ.

1529 5018 1889 5077 VARIORUM
1923 5023 2155 5079 NOTAE.

301 5123 380 5196 (6)
422 5124 556 5178 Ἵνα
579 5122 798 5196 picto.
828 5124 930 5196 Ms.
960 5125 1195 5184 Vindob.
1223 5129 1306 5181 ὅτι
1335 5131 1396 5183 οὐ
1452 5132 1642 5195 θέλεις.

302 5194 384 5265 (7)
425 5194 766 5270 Svrtnpek.
825 5195 922 5270 his.
950 5213 1093 5270 unus
1125 5197 1394 5269 συζητεῖς,
1424 5203 1560 5256 alter
1599 5194 1798 5270 φυλάτ-

225 5281 368 5338 τεις,
419 5264 806 5338 scribentibus
847 5265 1088 5321 librariis
1136 5264 1258 5323 non'
1290 5264 1451 5325 verba
1513 5264 1798 5338 dictantis,

228 5335 675 5407 sed_sententiam
701 5335 984 5407 verborum
1006 5338 1220 5407 qualem
1253 5342 1532 5407 putabant.
1566 5343 1734 5397 Cum.

350 5354 675 5389 sententiam
701 5354 984 5390 vervorum
1047 5354 1220 5392 ualem
1253 5354 1532 5407 putabant.
1566 5354 1712 5396 ULER

323 5404 378 5479 ξ)
419 5405 679 5479 ςΥςοορᾷς
691 5404 808 5479 _Ms.
844 5354 1072 5479 Yindol.
1107 5408 1395 5479 ὑφορᾶσᾳι,
1424 5410 1510 5464 διὰ
1539 5412 1714 5464 τοῦτο.

320 5476 376 5545 9)
419 5473 635 5541 Ἀφείς.
683 5473 1040 5557 ¹Ριξξιιρίιιὶιιιι·
1067 5478 1124 5530 in
1155 5473 1279 5534 cod.
1307 5473 1537 5536 Vindob.
1575 5480 1800 5551 συνεχώ-

230 5543 425 5614 ρησας,
450 5546 809 5597 «cumulasti.
838 5543 914 5599 lo.
1702 5543 1734 5551 ”

231 5611 414 5693 καθ)
467 5613 654 5693 Μῆτις
697 5615 843 5693 καςᾲ
895 5630 1072 5683 τινος·
1123 5618 1300 5693 ,μήτις
1465 5621 1795 5693 ὑποκρίσει.

231 5680 590 5740 Diaconorum
624 5685 720 5741 has
750 5686 991 5756 aliasque
1029 5680 1487 5759 proclamationes
1540 5680 1802 5762 plurimas

1906 5486 1993 5556 Μή
2025 5502 2108 5546 τις
2162 5485 2600 5556 τῶνῌάμυήτων,
2662 5489 2732 5556 μή

1907 5570 1939 5622 η
1989 5571 2035 5606 ιν
2081 5570 2290 5606 συνοενι

1905 5572 2000 5682 7::
2031 5623 2216 5693 θύρας.
2250 5593 2290 5676 ίό

1907 5693 2304 5765 κιτηχούμενοι
2333 5693 2659 5769 προέλθετε,
2711 5704 2815 5750 etc.
2867 5693 3182 5750 Timotheus
3233 5693 3465 5748 Alexan-

1903 5137 2187 5207 continent
2215 5137 2486 5207 praecipue
2513 5135 2802 5207 Liturgiae,
2851 5137 3014 5191 etiam
3044 5136 3240 5190 nostri:
3295 5136 3474 5207 Μήτις

1904 5206 2011 5277 τῷν
2040 5206 2481 5276 κατηχουμένων·
2519 5208 2589 5277 μή
2615 5206 2703 5277 τις
2729 5207 2835 5259 τῶν
2852 5207 3269 5277 ἀκροωμένωνί
3290 5207 3361 5275 μή

1903 5275 2010 5327 τῶν
2039 5275 2301 5348 ἀπίστων
2337 5277 2408 5348 μή
2445 5275 2529 5348 τις
2555 5275 2662 5328 τῶν
2691 5275 3024 5348 ἑτεροδόξων.
3066 5275 3370 5348 ΠροέλΘ-ετε
3425 5277 3474 5326 οί

1905 5294 2010 5327 των
2039 5294 2301 5328 απιστων·
2337 5294 2408 5348 μη
2445 5294 2529 5338 τις
2555 5294 2662 5328 των
2691 5294 2814 5400 stag

1907 5346 2298 5466 κατῃέούμενοι
2328 5347 2386 5397 ὲν
2414 5347 2623 5466 εἰρήνῃ.
2663 5348 2775 5416 Προ
2805 5347 2814 5397 1

1905 5415 2020 5466 Hoc
2083 5414 2456 5466 Θετεοίωωτιζ
2493 5433 2660 5466 ιιενοι.
2694 5418 2814 5466 Ἀπί

1959 5433 2020 5484 ρο

3392 5224 3476 5268 τις

2805 5345 2956 5398 λθετε
2995 5347 3043 5398 ot
3073 5344 3292 5413 ἐνεργού
3300 5361 3468 5412 μενοι.

2083 5415 2201 5467 Θετε
2214 5416 2262 5466 οί
2285 5414 2660 5485 φωτιζόμενοι.
2694 5414 3012 5468 Ἄπολύεσθε
3031 5416 3079 5468 oi
3098 5415 3468 5485 Διντενμμετανοίᾳ.

2781 5503 2862 5547 τις
2897 5485 3004 5536 τῶν
3049 5482 3471 5604 μὴΐδυναμένων

2787 5556 3070 5604 ὲπίγνωτε.
3160 5552 3225 5604 ὰς
3277 5550 3468 5604 θύρας.

1987 5550 2051 5626 ἵν-
2081 5550 2738 5626 συνδεηθῆιίανάλλήλόυξ
2774 5550 3070 5626 νὲπίγνωτεζ
3111 5550 3225 5626 ra;
3277 5550 3468 5626 θύρας.

2291 5622 2495 5696 λέπετεγ
2513 5627 2583 5696 μή
2602 5622 2695 5687 ’τις
2716 5625 2821 5676 τῶν
2850 5622 3291 5696 κξτηχουμένων.Δ
3316 5624 3468 5674 Ὅσοι
