3884 6180
428 323 534 381 725
1302 319 1361 373 S.
1399 314 1798 374 CLEMENTIS
1833 317 1852 371 l
1887 313 1987 369 ΒΟ

2098 312 2296 371 ΡΟΝΤ.
2337 316 2565 372 OPERA
2603 316 2832 373 DUBIA.
3598 320 3705 375 ῬΛ

425 442 633 505 occisa,
660 453 782 511 quae
821 436 1043 509 quidem
1086 449 1183 507 per
1225 433 1606 506 pmnitentiam
1656 430 1866 488 servari
1909 443 1987 501 po

2108 428 2290 500 ψυχῆς
2307 429 2594 500 ἀνθρώπου
2625 431 2714 500 ὑφ’
2735 429 2888 501 ὑμῶν
2915 429 3312 502 ἀναιρεθείσης,
3327 431 3448 501 ήτις
3477 430 3706 487 ἐδύνατο

428 542 601 598 terat;
627 533 790 605 periit
822 539 1043 593 tamen.
1092 544 1205 583 non
1245 527 1423 583 solum
1469 534 1691 596 propter
1732 525 1987 595 propriau

2110 520 2348 592 σωθῆναι
2375 520 2462 575 διὰ
2498 521 2809 593 μετανοίας,
2830 519 3075 574 ἀπώλετο
3099 521 3157 574 δὲ
3180 522 3242 575 οὐ
3277 522 3437 593 μόνον
3466 520 3533 585 ἐξ
3562 522 3703 585 ἰδίας

425 629 589 690 iram,
622 641 719 681 seu
733 625 927 679 merita
948 636 1071 685 sua,
1104 618 1200 676 sed
1220 628 1276 675 et
1287 620 1401 689 jam
1432 618 1503 673 ob
1520 625 1731 673 vestras
1758 614 1985 669 insidias

2106 613 2297 685 ὀργῆς,
2328 612 2441 666 ἀλλ’
2456 614 2557 684 ήδη
2576 614 2670 667 καὶ
2687 612 2747 678 ἐξ
2768 612 3037 684 ὑμετέρας
3054 612 3365 681 ἐπιϐουλῆς·
3405 614 3504 665 καὶ
3525 614 3701 684 ἐπλη-

423 728 480 776 et
506 716 833 789 implevistis
848 715 994 786 quod
1026 715 1291 784 scriptum
1316 718 1435 766 est:
1468 729 1486 762 ι
1512 708 1617 776 Qui
1648 722 1757 763 non
1781 722 1987 776 congre

2108 704 2318 777 ρώσατε
2344 704 2406 759 τὸ
2431 705 2833 777 γεγραμμένον·
2884 722 2903 755 ι
2944 704 3003 756 Ὁ
3026 702 3099 775 μὴ
3130 702 3379 771 συνάγων
3401 705 3520 773 μετ’
3537 705 3699 773 ἐμοῦ,

425 820 517 882 gat
546 824 785 873 mecum,
819 806 1028 877 spargit
1048 806 1111 859 ¹⁶.
1147 825 1165 858 ι
1218 802 1319 857 llic
1360 808 1447 857 est
1485 800 1787 871 dispersor,
1823 798 1987 852 oviun

2107 799 2406 870 σκορπίζει.
2447 818 2465 850 ι
2500 798 2752 860 Τοιοῦτος
2778 797 2835 851 δέ
2869 795 2964 859 ὢν,
2996 796 3348 868 σκορπιστὴς,
3402 794 3701 866 προϐάτων

425 900 798 965 adversarius,
835 897 931 953 Dei
980 897 1179 962 hostis,
1239 907 1509 965 agnorum
1560 891 1821 953 laniator,
1865 904 2005 959 quo-

424 1003 547 1042 rum
581 988 840 1041 Dominus
871 996 1056 1055 pastor
1091 984 1317 1039 exstitit.
1350 981 1417 1037 Et
1448 998 1547 1039 nos
1571 998 1639 1039 ex
1671 985 1836 1039 variis
1873 1000 1997 1055 gen-

422 1081 569 1136 tibus
620 1089 677 1135 et
728 1080 930 1151 linguis
986 1077 1463 1148 congregationem
1514 1077 1746 1133 fecimus
1776 1120 1792 1143 ,
1867 1094 1995 1134 cum

425 1175 598 1226 multo
624 1170 807 1225 labore
850 1184 915 1225 ac
946 1167 1210 1239 periculo,
1265 1182 1388 1223 cum
1442 1167 1665 1223 assidua
1698 1168 1947 1222 molestia
1977 1207 1994 1233 ,

423 1262 739 1333 pervigiliis,
755 1264 955 1327 esurie,
985 1260 1136 1316 humi
1163 1258 1475 1324 cubatibus,
1499 1258 1996 1328 persecutionlbus,

422 1357 616 1427 plagis,
651 1355 969 1411 carceribus
993 1355 1037 1387 "
1062 1372 1078 1422 ;
1111 1363 1173 1409 ut
1200 1352 1466 1407 voluntati
1497 1351 1591 1407 Dei
1613 1352 1997 1421 obsequentes,

428 1444 749 1504 triclinium.
774 1441 876 1496 hoc
899 1450 1008 1509 est,
1035 1455 1250 1496 sacram
1271 1448 1326 1495 et
1350 1439 1677 1494 catholicam
1702 1437 2000 1492 Ecclesiam

418 1536 755 1606 repleremus
770 1534 1249 1597 accumbentibus,
1275 1548 1469 1603 nempe
1494 1531 1731 1595 vocatis,
1761 1530 2000 1601 gauden-

418 1627 565 1682 tibus
582 1633 637 1682 et
655 1626 1083 1691 exsultantibus,
1117 1623 1546 1696 praedicantibus
1573 1631 1627 1678 et
1642 1622 1998 1693 magniﬁcan-

417 1719 565 1774 tibus
598 1716 791 1785 Deum,
821 1717 917 1788 qui
947 1733 1045 1789 per
1074 1732 1177 1774 nos
1228 1716 1297 1771 ad
1347 1715 1518 1769 vitam
1576 1714 1702 1769 illos
1754 1713 1993 1767 vocavit.

2103 892 2370 956 ἀντίδικος
2393 930 2409 955 ,
2448 890 2583 945 Θεοῦ
2621 889 2837 961 ἐχθρὸς,
2883 888 2993 942 τῶν
3040 889 3241 961 ἀρνίων
3287 887 3524 959 φθορεὺς
3552 886 3697 958 (25),

2103 981 2177 1038 ὧν
2192 986 2220 1037 ὁ
2238 984 2443 1057 Κύριος
2463 982 2665 1056 ποιμὴν
2678 982 2906 1055 ὑπῆρξε.
2920 980 3032 1036 Kal.
3058 983 3219 1052 ἡμεῖς
3248 979 3359 1052 (24)
3384 981 3698 1048 συναγωγοὶ

2102 1078 2165 1130 ἐκ
2193 1076 2463 1149 διαφόρων
2495 1076 2663 1130 ἐθνῶν
2706 1077 2801 1130 καὶ
2854 1072 3137 1144 γλωσσῶν,
3178 1073 3236 1126 ἐν
3280 1071 3461 1143 πολλῷ
3510 1071 3698 1142 μόχθῳ

2102 1172 2196 1224 καὶ
2214 1170 2459 1241 κινδύνῳ,
2481 1170 2575 1223 καὶ
2602 1169 2754 1241 κόπῳ
2770 1169 3020 1240 διηνεκεῖ,
3050 1166 3397 1238 ἀγρυπνίαις,
3425 1165 3694 1227 ἀσιτίαις,

2102 1262 2443 1333 χαμευνίαις,
2477 1261 2758 1333 διωγμοῖς,
2792 1259 3047 1330 πληγαῖς,
3078 1257 3362 1327 φυλακαῖς,
3394 1256 3484 1309 τνα
3516 1255 3580 1308 τὸ
3606 1255 3697 1309 θέ-

2100 1356 2249 1426 λημα
2277 1353 2371 1407 τοῦ
2392 1352 2529 1407 Θεοῦ
2560 1354 2901 1425 ποιήσαντες
2935 1349 3313 1422 πληρώσωμεν
3353 1348 3446 1401 τὸν
3483 1348 3697 1419 τρίκλι-

2099 1464 2189 1500 νον
2228 1445 2340 1517 (25)
2373 1446 2481 1498 τῶν
2521 1445 2916 1516 ἀνακειμένων,
2962 1442 3207 1495 τουτέστι
3253 1441 3353 1512 τὴν
3400 1439 3556 1511 ἱερὰν
3598 1441 3696 1493 καὶ

2099 1538 2393 1609 καθολικὴν
2421 1537 2766 1608 Ἐκκλησίαν,
2811 1533 3250 1606 εὐφραινομένων
3292 1532 3402 1585 τῶν
3446 1531 3691 1601 κλητιῖη,

2098 1632 2193 1684 καὶ
2206 1629 2648 1701 ἀγαλλιωμένων,
2678 1626 2987 1699 ὑμνούντων
3007 1626 3101 1679 καὶ
3121 1620 3450 1687 δοξαζόντων
3471 1621 3567 1675 τὸν
3585 1640 3691 1675 κα-

2098 1721 2326 1776 λέσαντα
2352 1721 2550 1784 αὐτοὺς
2575 1720 2641 1773 δι’
2660 1718 2817 1791 ήμῶν
2843 1719 2924 1781 είς
2952 1713 3097 1789 ζωὴν
3127 1714 3279 1769 Θεόν.
3338 1714 3533 1784 Ὑμεῖς
3565 1714 3693 1767 ὅσον

414 1810 485 1864 At
506 1823 627 1875 vos,
673 1821 943 1880 quantum
998 1809 1055 1863 in
1113 1808 1271 1864 vobis
1319 1805 1443 1871 l'uit,
1502 1805 1837 1876 dissipastis.
1875 1804 1987 1859 Jam

2098 1813 2157 1868 τὸ
2174 1813 2258 1883 ἐφ’
2278 1814 2406 1885 ὑμῖν
2430 1812 2862 1884 διεσκορπίσατε.
2883 1810 2996 1864 Καὶ
3022 1809 3177 1879 ὑμεῖς
3204 1806 3262 1860 δὲ
3291 1806 3343 1859 οί
3375 1805 3582 1867 λαῖκοὶ,
3615 1808 3694 1859 εί-

416 1916 567 1964 vero,
594 1915 695 1956 vos
716 1900 865 1966 laici,
908 1915 1100 1971 pacem
1162 1907 1356 1954 mutuo
1402 1897 1621 1963 habete,
1653 1905 1707 1953 et
1735 1907 1996 1968 tanquam

414 1991 714 2063 prudentes
744 1991 961 2048 studete
992 1990 1294 2047 Ecclesiam
1338 1988 1633 2061 adaugere,
1681 2003 1746 2044 ac
1775 2004 1873 2045 eos
1900 1989 1995 2060 qui

414 2085 498 2141 vel
530 2083 771 2140 ferarum
800 2084 887 2140 vel
908 2084 1269 2140 erraticarum
1304 2082 1489 2137 ovium
1518 2095 1699 2139 mores
1726 2096 1791 2136 ac
1812 2080 1995 2135 locum

414 2184 621 2241 tenent,
642 2176 906 2241 cicurate,
928 2182 984 2231 et
1008 2175 1076 2231 ad
1101 2189 1221 2231 eam
1248 2174 1516 2237 reducite,
1535 2187 1599 2227 ac
1620 2173 1675 2227 in
1700 2173 1994 2243 pristinum

413 2276 619 2324 statum
648 2268 947 2325 restituite.
970 2266 1147 2338 Atque
1177 2267 1294 2322 haec
1319 2274 1406 2323 est
1436 2266 1675 2321 maxima
1708 2267 1763 2320 in
1803 2281 1995 2336 repro-

414 2362 682 2418 missione
702 2360 797 2417 Dei
825 2376 1041 2416 merces
1073 2378 1089 2417 :
1123 2378 1142 2412 t
1180 2357 1237 2414 Si
1264 2359 1524 2415 eduxeris
1554 2373 1620 2413 ex
1659 2357 1886 2429 indigno
1909 2358 1995 2413 di-

410 2468 577 2525 gnum
614 2460 667 2508 et
702 2454 1025 2523 pretiosum,
1068 2452 1227 2522 quasi
1270 2466 1333 2507 os
1365 2466 1544 2506 meum
1567 2450 1753 2507 eris“.
1792 2470 1810 2503 ι

980 2563 1210 2621 CAPUT
1253 2562 1410 2619 LVll.

410 2678 706 2747 Descriptio
741 2677 991 2732 Ecclesia:
1029 2687 1079 2732 et
1111 2678 1272 2740 cieri;
1330 2687 1377 2732 et
1419 2678 1544 2748 quid
1594 2678 1765 2747 facere
1805 2677 1990 2732 debeat

482 2749 834 2870 unpsquisque
858 2748 1078 2804 clericus
1116 2749 1191 2803 vel
1232 2748 1401 2805 laicus
1445 2749 1502 2802 in
1532 2750 1726 2819 ανηπὶ
1775 2764 1991 2818 congre—

480 2837 546 2882 ga
574 2835 657 2873 us.

479 2909 562 2965 Tu
587 2926 737 2975 vero,
778 2909 1058 2981 episeope,
1106 2910 1186 2966 sis
1227 2917 1475 2974 sanctus,
1521 2910 1851 2981 inculpatus,
1878 2926 1988 2966 non

405 3016 722 3073 percussor,
754 3017 865 3055 non
906 3000 1225 3065 iracundus,
1260 3016 1367 3057 non
1401 3002 1660 3070 immitis;
1693 3002 1787 3059 sed
1815 3003 1988 3059 aedili-

2100 1904 2354 1977 ρηνεύετε
2383 1904 2521 1977 πρὸς
2551 1903 2837 1975 ἀλλήλους,
2884 1898 3277 1964 σπουδάζοντες
3319 1900 3399 1962 ὡς
3427 1898 3690 1970 φρόνιμοι

2094 1999 2195 2071 τὴν
2220 1997 2544 2070 Ἐκκλησίαν
2559 1995 2765 2060 αὔξειν,
2795 1995 2891 2049 καὶ
2916 1993 2987 2048 τὰ
3016 1992 3343 2066 νομιζόμενα
3362 1993 3537 2064 ἄγρια
3562 1993 3688 2047 ἐπι-

2098 2091 2349 2164 στρέφειν
2396 2092 2477 2153 είς
2517 2089 2709 2161 αὐτὴν,
2753 2085 3077 2159 ἐξημεροῦν,
3120 2087 3216 2139 καὶ
3281 2085 3686 2156 ἀποκαθιστᾷν.

2094 2184 2204 2236 Καὶ
2229 2181 2385 2235 τοῦτό
2416 2180 2525 2253 (26)
2554 2182 2701 2234 ἐστιν
2738 2181 2766 2234 ό
2815 2180 3071 2251 μέγιστος
3106 2176 3166 2243 ἐξ
3206 2176 3547 2246 ἐπαγγελίας
3598 2194 3689 2246 μι-

2096 2274 2221 2338 σθὸς
2248 2273 2401 2346 παρά
2426 2272 2562 2327 Θεοῦ
2609 2272 2743 2344 (27)·
2798 2290 2817 2323 ι
2868 2271 2993 2325 Ἐὰν
3033 2269 3308 2342 ἐξαγάγῃς
3352 2267 3417 2335 ἐξ
3459 2268 3691 2334 ἀναξίου

2094 2366 2241 2431 ἄξιον
2268 2367 2360 2419 καὶ
2390 2364 2501 2436 (28)
2530 2364 2736 2435 τίμιον,
2769 2364 2847 2427 ὡς
2878 2362 3054 2434 στόμα
3086 2380 3187 2434 μου
3218 2361 3339 2436 ἐσῃ.
3371 2380 3392 2415 ι

2597 2566 2992 2621 ΚΕΦΑΛΛΙΟΝ
3026 2565 3146 2619 ΝΖ’.

2092 2684 2457 2747 Διστύπωσις
2470 2681 2832 2746 Ἐκκλησίας
2850 2680 2950 2735 καί
2976 2679 3223 2747 κλήρου.
3241 2677 3339 2732 καί
3357 2679 3417 2733 τί
3423 2677 3687 2743 ἕκαστος

2152 2751 2711 2831 ἐσςιτεθεζνῌόρείᾼει
2739 2750 2857 2830 τῷν
2899 2748 3448 2831 σιζζαθροιζομένων
3476 2752 3686 2817 1.11mi-

2161 2822 2283 2876 κῶν
2308 2822 2347 2891 ἢ
2376 2820 2601 2876 λαῖκῶν
2624 2822 2695 2874 ἐν
2729 2820 2806 2889 τῇ
2832 2820 3103 2885 συνάξει.

2160 2915 2233 2969 Σὺ
2260 2913 2316 2967 δέ
2333 2915 2362 2967 ὁ
2389 2914 2707 2976 ἐπίσκοπος,
2724 2911 2818 2965 ἔσο
2838 2912 3013 2980 ἅγιος,
3035 2912 3285 2983 ἄμωμος,
3309 2910 3384 2981 μὴ
3406 2909 3683 2981 πλήκτης,

2094 3006 2168 3079 μὴ
2201 3006 2433 3079 ὀργίλος,
2466 3005 2541 3077 μὴ
2570 3005 2803 3076 ἀπηνής·
2822 3003 2935 3058 ἀλλ’
2955 3002 3254 3074 οἰκοδόμος,
3285 3001 3685 3071 ἐπιστροφεὺς,

405 3092 593 3158 candi,
648 3094 1032 3158 convertendi,
1084 3109 1150 3149 ac
1198 3094 1431 3149 docendi
1475 3110 1573 3151 seu
1614 3096 1985 3151 constituendi

2098 3096 2392 3162 διδακτικὸς
2431 3097 2497 3162 ⁸⁸,
2547 3095 2903 3162 ἀνεξίκακος,
2946 3093 3249 3166 ήπιόθυμος
3285 3090 3422 3163 (29),
3464 3094 3683 3162 πρᾶος,

406 3184 622 3250 avidus,
650 3185 922 3241 malorum
946 3185 1190 3242 tolerans
1209 3226 1224 3251 ,
1258 3186 1440 3242 animo
1473 3186 1603 3251 leni,
1634 3194 1982 3253 mansuetus,

400 3276 751 3348 longanimis,
786 3276 854 3332 ad
880 3276 1211 3333 hortandum
1252 3287 1309 3333 et
1336 3278 1733 3333 consolandum
1757 3278 1989 3334 idoneus

408 3376 668 3438 tanquam
698 3368 864 3423 homo
892 3367 1009 3424 Dei.
1041 3371 1086 3403 ’°
1122 3368 1261 3425 Cum
1324 3378 1505 3424 autem
1550 3368 1852 3425 Ecclesiam
1894 3369 1990 3424 Dei

405 3462 850 3532 congregaveris,
879 3462 1029 3517 velut
1058 3476 1269 3532 magna:
1294 3462 1452 3515 navis
1474 3460 1829 3531 gubernator,
1863 3475 1989 3514 cum

404 3553 555 3608 omni
582 3552 873 3622 prudentia
909 3560 965 3609 et
1004 3552 1445 3624 disciplinajube
1488 3551 1607 3607 ﬁeri
1656 3560 1982 3614 conventus.

406 3644 731 3715 praecipiens
759 3644 1031 3707 diaconis,
1084 3644 1228 3700 sicut
1278 3644 1488 3709 nautis,
1532 3652 1594 3699 ut
1636 3646 1755 3701 loca
1803 3645 1986 3700 fratri—

405 3735 532 3800 bus,
573 3736 731 3806 quasi
759 3736 1096 3800 vectoribus,
1130 3736 1374 3791 adhibita
1396 3736 1545 3790 omni
1565 3752 1698 3791 cura
1713 3745 1768 3793 et
1787 3739 1985 3793 decen-

404 3825 505 3892 tia,
535 3826 851 3897 disponant.
887 3826 965 3881 Ac
991 3827 1169 3899 primo
1199 3827 1419 3898 quidem
1454 3827 1601 3884 aedes
1624 3828 1696 3884 sit
1724 3830 1980 3901 oblonga,

406 3917 475 3970 ad
507 3918 772 3972 orientem
816 3934 997 3984 versa,
1046 3934 1113 3973 ex
1160 3925 1396 3989 utraque
1433 3927 1590 3990 parte
1630 3921 1983 3991 pastophoria

405 4024 599 4065 versus
646 4010 914 4066 orientem
968 4009 1197 4074 habens,
1252 4017 1308 4065 et
1336 4026 1457 4081 quae
1486 4012 1609 4065 navi
1636 4013 1708 4067 sit
1753 4012 1972 4069 similis.

478 4138 742 4225 l-‘_Matth.
775 4157 888 4208 sn,
920 4141 1011 4196 50.
1089 4140 1130 4172 ⁸⁷
1157 4137 1198 4193 ll
1222 4139 1351 4196 Cor.
1399 4156 1476 4198 τι.
1557 4142 1600 4175 ’⁸
1626 4140 1738 4225 Jer.
1767 4160 1857 4207 xv,
1886 4144 1976 4200 l9.

2098 4147 2105 4176 ’
2126 4151 2200 4201 al.
2244 4144 2608 4209 διατακτικός.

402 4226 458 4266 c.
487 4211 571 4267 H.

2091 3188 2461 3261 μακρόθυμος,
2496 3186 2903 3260 παραινετικὸς,
2932 3182 3342 3257 παρακλητικδς
3362 3221 3383 3250 ,
3421 3183 3501 3248 ὡς
3541 3184 3683 3237 Θεοῦ

2088 3280 2393 3352 ἄνθρωπος.
2428 3280 2595 3333 Ὅταν
2622 3278 2678 3332 δέ
2700 3276 3057 3351 συναθροίζῃς
3082 3276 3182 3349 τὴν
3208 3274 3302 3330 τοῦ
3320 3273 3457 3329 Θεοῦ
3470 3271 3700 3344 Ἐκκληε

2091 3374 2231 3437 σίαν,
2262 3372 2339 3436 ὡς
2390 3371 2456 3426 ἂν
2484 3371 2823 3443 κυϐερνήτης
2852 3370 2981 3442 νηὸς
3008 3369 3269 3442 μεγάλης,
3304 3368 3421 3440 μετ’
3451 3368 3686 3437 δπιστή⁶

2094 3483 2201 3538 μης
2228 3465 2409 3535 πάσης
2438 3464 2625 3517 κέλευε
2654 3462 2925 3517 ποιεῖσθαι
2951 3460 3052 3525 τὰς
3068 3460 3339 3523 συνόδους,
3370 3457 3685 3530 παραγγέλο

2090 3557 2197 3609 λων
2224 3559 2338 3620 τοῖς
2361 3555 2630 3618 διακόνοις
2656 3554 2855 3609 ὡσανεὶ
2879 3552 3125 3616 ναύταις,
3172 3552 3299 3614 τοὺς
3334 3549 3539 3613 τόπους
3582 3550 3681 3602 ἐκ·-

2090 3647 2309 3702 τάσσειν
2336 3649 2450 3710 τοῖς
2477 3646 2745 3716 ἀδελφοῖς,
2775 3644 3025 3716 καθάπερ
3064 3642 3351 3704 ἐπιϐάταις
3380 3642 3495 3713 (50)
3539 3640 3683 3711 μετά

2092 3739 2274 3811 πάσης
2300 3738 2620 3809 ἐπιμελείας
2648 3738 2743 3792 κει.)⁵
2773 3737 3118 3808 σεμνότητος.
3151 3735 3261 3789 Ka‘t
3306 3733 3529 3805 πρῶτον
3578 3734 3680 3803 μὲν

2088 3835 2117 3887 ὁ
2145 3829 2290 3895 οἶκος
2332 3830 2471 3884 ἔστω
2519 3830 2796 3901 ἐπιμήκης
2825 3828 2959 3899 (51),
2995 3828 3115 3881 κατ’
3146 3824 3410 3888 ἀνατολὰς
3435 3841 3682 3895 τετραμς

2094 3923 2253 3996 μένος
2280 3922 2416 3994 (52),
2448 3921 2509 3986 ἐξ
2536 3920 2808 3993 ἑκατέρων
2842 3919 2952 3972 τῶν
3000 3918 3183 3991 μερῶν
3213 3916 3286 3971 τὰ
3327 3916 3678 3986 παστοφόρια

2087 4016 2201 4086 (55)
2233 4014 2371 4087 πρὸς
2394 4013 2681 4085 ἀνατολὴν,
2708 4014 2767 4076 ὃς
2794 4029 2880 4076 τις
2906 4010 3050 4065 ἔοικε
3080 4010 3189 4082 νηί.
3224 4007 3444 4063 Κείσθω
3474 4007 3535 4061 δὲ
3579 4007 3678 4079 pi.-

2715 4144 2762 4175 "
2779 4141 2839 4200 S.
2877 4141 3075 4206 Clem.,
3106 4139 3280 4213 Epist.
3329 4140 3400 4199 ad
3448 4138 3678 4202 Iacob.

1701 4328 2069 4387 VARIOHUM
2104 4327 2337 4385 NOTAE.

478 4464 594 4533 (25)
621 4464 899 4533 Φθορεύς.
926 4460 1092 4516 Addit
1124 4459 1267 4533 idem
1299 4460 1469 4533 ἐστιν,
1499 4459 1913 4533 melius._CLsn.

479 4470 571 4532 (25
621 4470 899 4533 Φθορεύς.
926 4470 1092 4516 Addit
1124 4470 1267 4516 idem
1299 4470 1469 4524 εστιν,
1499 4470 1713 4516 melius.
1748 4470 1913 4517 L'Lsn.

479 4470 594 4605 (24)
622 4533 733 4605 Καὶ
758 4532 959 4605 ὑμεῖς,
977 4540 1086 4605 etc.
1120 4531 1270 4586 Alter
1305 4529 1429 4586 cod.
1465 4549 1479 4585 :
1510 4532 1666 4601 ὑμεῖς
1695 4527 1789 4583 οὖν
1819 4533 1983 4585 συνά-

405 4602 857 4676 γεινᾲόφείλοντες
884 4603 1012 4676 τοὺς
1041 4602 1161 4676 ἐκξ
1154 4608 1264 4676 etc.

475 4666 732 4745 (25)in¢°
756 4674 1084 4745 τρίκλινον.
1119 4671 1223 4745 ἰζὸν
1252 4666 1428 4745 οἷκον..
1452 4668 1604 4745 Alter
1641 4670 1768 4745 cod.
1813 4669 1979 4745 Vind;

405 4745 463 4798 ln
485 4738 699 4798 ‘eo'dem
739 4738 941 4797 desunt
984 4741 1271 4811 superiora
1318 4739 1483 4795 verba
1512 4758 1525 4793 :
1554 4740 1615 4793 τὸ
1643 4738 1857 4811 θέλημα
1887 4739 1983 4794 τοῦ

406 4813 542 4867 Θεοῦ
603 4812 947 4882 ποιήσαντες.
1013 4810 1089 4882 l_n.

479 4883 590 4955 (2b)
616 4875 945 4955 Kaihcofico.
978 4875 1147 4955 υῦτος
1172 4879 1308 4955 γάρ.
1331 4877 1469 4955 Cod.
1494 4876 1654 4955 Vind.
1693 4876 1772 4935 In.

480 4948 591 5020 (27)
610 4951 777 5007 Θεοῦ.
820 4951 967 5006 Idem
997 4950 1147 5005 addit
1170 4950 1266 5003 τοῦ
1294 4949 1566 5020 λέγοντος.
1597 4948 1671 5001 In.

476 5018 587 5093 (28)
606 5021 816 5093 Ἄξιον
839 5021 958 5076 καί.
987 5020 1195 5093 Desunt
1216 5021 1279 5093 in
1310 5020 1519 5093 eodem.

480 5086 593 5226 (29)
629 5091 993 5159 Ἠπιόθυμος.
1026 5090 1185 5145 Deest
1214 5091 1269 5144 in
1299 5092 1470 5143 altero
1497 5087 1623 5141 cod.
1656 5086 1727 5140 In.

482 5163 571 5226 (50
623 5157 967 5225 Ἐπιόἁταις.
1000 5158 1059 5213 1η
1083 5159 1324 5226 Epistola
1353 5158 1420 5212 ad
1455 5157 1718 5212 Jacobum

482 5157 593 5233 (50)
623 5157 967 5233 Ἐπιόἁζζὰις.
1000 5158 1059 5233 l_r_i
1083 5159 1324 5233 Epistola
1353 5158 1420 5212 ad
1455 5157 1743 5233 Jacobum,
1776 5157 1978 5233 Ruﬁno

405 5228 725 5310 interprete2
747 5228 989 5310 epibatis.
1011 5228 1432 5310 Valentinianus
1449 5228 1695 5310 sociique
1720 5229 1977 5310 monachi

404 5298 634 5384 cpistola
660 5300 727 5353 ad
760 5298 818 5354 S.
848 5299 1250 5381 Augustinum:
1284 5298 1429 5380 Ora,
1463 5298 1673 5352 domine
1700 5306 1749 5351 et
1773 5298 1980 5351 dulcis-

405 5388 535 5425 sime
559 5370 742 5449 Pater,
760 5378 816 5449 ut
838 5370 1007 5449 fugiat
1025 5369 1519 5449 deucongregatione
1570 5377 1755 5449 nostra
1793 5368 1980 5437 (deest

405 5442 686 5502 contentio,
719 5447 814 5494 aut
834 5438 966 5510 quid
994 5438 1282 5510 simile).’et
1308 5448 1487 5492 amota
1512 5438 1655 5492 omni
1677 5438 1976 5510 alienarum

405 5512 753 5579 qucustionum
772 5506 1006 5578 procella
1032 5506 1179 5563 navis
1220 5510 1474 5577 propositi
1524 5509 1691 5579 nostri
1745 5506 1973 5577 epibatis

405 5578 593 5641 Quietis
622 5586 833 5644 onusta,
866 5580 1011 5633 intra
1058 5579 1339 5633 stationem
1383 5578 1635 5633 tutissimi
1676 5586 1858 5645 portus
1901 5593 1975 5631 se-

408 5664 530 5719 cure
545 5649 817 5709 consistat,
844 5649 971 5702 dum
1000 5649 1213 5719 navigat
1242 5665 1333 5717 per
1349 5647 1443 5701 hoc
1466 5663 1889 5719 maregmagnum
1926 5656 1977 5719 et

409 5718 741 5787 immensum;
770 5727 819 5770 et
858 5720 910 5770 in
944 5720 1037 5771 illo
1074 5717 1249 5787 portu,
1282 5719 1425 5771 intra
1445 5733 1595 5786 quem
1608 5717 1724 5785 jam
1752 5734 1854 5770 non
1874 5717 1976 5769 erit

413 5786 736 5840 metuendum
759 5790 879 5842 vita:
909 5786 1170 5858 navigium
1198 5787 1338 5856 (lego
1367 5788 1688 5849 navuqium).
1728 5788 1976 5842 mercium

2021 4467 2065 4522 D
2095 4460 2455 4527 indiscrepans

2160 4460 2455 4527 discrepans
2528 4458 2754 4526 accipiat
2820 4456 3047 4527 pretium
3108 4456 3455 4524 placiturum.
3525 4455 3673 4512 Cor.

2160 4531 2274 4602 (51)
2316 4526 2655 4598 Ἐπιμήκης.
2691 4527 2817 4581 Haec
2848 4542 2956 4581 una
2983 4541 3028 4602 _e
3065 4525 3262 4602 formis
3292 4527 3624 4602 templorum
3655 4547 3668 4580 :

2089 4596 2349 4670 adquam
2383 4596 2702 4670 constructa
2734 4605 2853 4670 erat
2882 4597 3117 4670 ecclesia
3151 4596 3370 4670 Sancta:
3423 4596 3667 4670 Sophia},

2083 4666 2311 4742 τέμενος
2342 4668 2633 4742 ἐπίμηκες,
2656 4675 2717 4742 et
2738 4666 3019 4738 δρομικὸν,
3041 4666 3121 4742 uti
3151 4666 3590 4742 loqpuntur._ln.

2154 4736 2266 4809 (52)
2279 4736 2453 4792 Kate‘s'
2465 4736 3197 4817 ἀνατολὰςτετρομμένος.
3227 4736 3393 4817 Juxta
3417 4737 3672 4817 usitatio-

2083 4805 2199 4865 rem
2228 4805 2456 4871 morem,
2483 4821 2594 4877 quo
2635 4807 2983 4877 basilicarum
3026 4814 3348 4875 prospectus
3374 4805 3445 4877 ad
3475 4808 3669 4877 orien-

2083 4890 2189 4935 tem
2218 4875 2533 4949 spectabat,
2554 4876 2732 4946 inquit
2753 4876 2812 4930 S.
2844 4875 3110 4949 Paulinus
3153 4877 3332 4949 epist;
3365 4875 3434 4928 12
3463 4875 3537 4929 ad
3568 4876 3671 4949 Se-

2081 4943 2294 5006 verum.
2336 4963 2400 5001 ac
2429 4948 2600 5001 multo
2623 4943 2903 5017 posteum
2935 4943 3246 5017 Stephanus
3290 4943 3669 5017 '[ornacensis

2078 5098 2411 5149 clesiasticts,
2442 5099 2564 5149 cap.
2595 5098 2669 5145 ις
2700 5098 2866 5149 atque
2898 5098 3018 5133 eam
3061 5098 3132 5132 on
3185 5098 3487 5142 rationem,
3521 5098 3582 5135 tu
3614 5099 3667 5135 In

2079 5099 2411 5149 clesiastias,
2442 5099 2564 5153 cap.
2595 5099 2669 5145 ις
2700 5099 2866 5149 atque
2898 5099 3018 5133 eam
3061 5099 3132 5132 on
3185 5099 3487 5142 rauonem,
3521 5099 3582 5135 tu
3614 5099 3667 5135 In

2079 5159 2337 5215 amissam
2365 5162 2674 5224 exoptatam
2693 5150 2952 5221 patriam.
2972 5149 3311 5224 paradisum,
3329 5165 3498 5219 quem
3524 5150 3670 5224 Deus

2078 5224 2434 5301 plantavit‘ad
2459 5220 2747 5301 orientem,
2779 5230 3065 5301 precantes
3092 5220 3437 5301 intuerentur
3468 5240 3481 5273 :
3507 5221 3673 5277 docet

2078 5289 2311 5369 scriptor
2338 5295 2702 5360 Quintianum
2729 5289 2799 5343 ad
2830 5289 3169 5353 Antiochum,
3193 5304 3336 5357 resp.
3364 5290 3433 5345 ad
3461 5302 3664 5359 (ιιιεεει,

2079 5371 2167 5418 3'7-
2205 5379 2340 5418 tom.
2392 5364 2434 5418 Il
2462 5363 2522 5418 S.
2554 5360 2859 5416 Athanasii.
2900 5359 3030 5411 Vitle
3061 5358 3397 5418 Vitruvium.
3429 5361 3529 5414 lib.
3569 5377 3624 5413 Iv
3649 5404 3664 5418 ,

2847 5401 2859 5413 .
2906 5380 3030 5411 ‘llle
3068 5380 3397 5414 ‘Ill‘llvlum.
3430 5380 3529 5414 ΙΙΙ).

2079 5371 2169 5435 57,
2205 5379 2340 5423 tom.
2392 5371 2434 5418 ll
2462 5371 2522 5420 δ.
2554 5371 2859 5416 Athanasu.
2902 5371 3030 5411 Vule
3065 5371 3397 5423 htrnvnum,
3430 5371 3529 5414 Ill).
3569 5377 3624 5413 ιν
3649 5404 3664 5428 ,

2080 5456 2201 5509 cap.
2232 5438 2265 5492 5
2291 5447 2341 5492 et
2365 5432 2816 5509 8;_Plutar_chpm
2844 5428 3134 5509 inﬂante,
3166 5428 3667 5509 Lu_cianum__libro

2086 5497 2161 5564 Dé
2171 5510 2345 5586 domo,
2360 5497 2622 5586 Apionem
2640 5499 2929 5586 innlosephi
2961 5499 3102 5586 libro
3122 5515 3158 5553 ιι
3186 5497 3662 5586 adversusillum,

2082 5590 2207 5629 mox
2224 5572 2470 5646 iabinitio
2491 5590 2503 5633 ;
2528 5573 2655 5628 item
2685 5572 2974 5646 Sidonium
3008 5576 3103 5630 lib.
3136 5591 3195 5640 ιι,
3226 5577 3389 5646 epist.
3426 5576 3524 5641 10,
3561 5577 3668 5633 ibi-

2081 5661 2186 5714 que
2205 5645 2396 5699 doctos
2425 5645 2768 5711 interpretes.
2805 5642 2885 5714 lo.

2152 5716 2264 5787 (55)
2301 5715 2375 5768 Τὰ
2421 5715 2811 5787 πᾳστοφόρια,
2863 5712 2919 5787 l_n
2957 5716 3177 5784 templis
3211 5714 3339 5785 quid
3374 5715 3488 5787 sint
3534 5733 3664 5787 pas-

2080 5785 2350 5851 tonhoria,
2384 5785 2517 5841 satis
2548 5797 2820 5855 superque
2863 5785 3063 5841 docent
3112 5802 3236 5842 cum
3270 5786 3514 5859 antiqui,
3538 5785 3665 5843 tum
