3884 6180
405 348 513 404 755

1252 342 1310 399 S.
1352 341 1744 399 CLEMENTIS
1782 341 1799 395 1
1840 340 2006 397 ΠΟΜ.
2048 336 2249 395 ΡΟΝΤ.
2292 336 2519 393 ΟΡΕῘᾺ
2560 334 2789 391 DUBIA.

3545 318 3656 373 736

400 464 573 520 ristia:
617 469 841 527 vacent,
882 460 1098 531 corpori
1150 458 1364 515 Domini
1415 475 1539 514 cum
1587 459 1780 511 timore
1814 457 1971 510 mini-

2080 472 2269 517 σαντες
2299 452 2433 525 (55),
2479 451 2614 521 μετά
2656 449 2753 519 τὴν
2798 447 2904 500 τῶν
2950 439 3365 513 κατηχουμένων
3420 436 3670 531 acab-Li?

346 600 356 609 .
399 562 669 616 strantes;
702 553 791 607 alii
814 556 1031 608 turbam
1062 552 1544 621 circumspectent,
1568 550 1727 619 eique
1761 548 1975 603 silentia

402 646 628 702 faciam.
653 642 758 711 Qui
794 651 974 697 autem
1009 642 1251 713 pontiﬁci
1282 642 1490 697 assistit
1515 640 1799 704 diaconus,
1834 640 1975 711 plebi

400 738 587 794 dicat:
618 736 696 791 Ne
744 736 869 806 quis
905 743 1097 789 contra
1130 734 1397 804 aliquem;
1430 748 1500 787 ne
1528 732 1653 802 quis
1703 732 1759 786 in
1794 732 1979 803 hypo-

399 828 555 883 crisi.
583 826 681 883 His
710 827 1022 893 transactis,
1049 834 1239 879 mutuo
1278 841 1337 881 se
1366 825 1602 879 salutent
1630 824 1755 887 viri,
1787 832 1976 876 mutuo

401 937 462 977 se
493 920 775 983 mulieres,
817 919 1008 973 osculo
1040 918 1096 972 in
1147 916 1405 983 Domino;
1456 932 1616 971 nemo
1665 923 1847 969 tamen
1878 916 1977 969 do-

399 1012 517 1068 lose
548 1012 599 1067 id
650 1021 810 1082 agat,
845 1009 1300 1082 quemadmodum
1344 1008 1515 1064 Judas
1562 1006 1851 1061 Dominum
1884 1023 1973 1061 os-

401 1107 528 1161 culo
567 1104 811 1160 tradidit.
837 1102 904 1157 Et
942 1112 1065 1174 post
1111 1102 1216 1157 hoc
1265 1110 1517 1173 precetur
1561 1100 1828 1154 diaconus
1874 1115 1974 1170 pro

399 1196 657 1251 universa
692 1195 957 1259 Ecclesia,
999 1209 1099 1265 pro
1142 1201 1256 1248 toto
1286 1194 1511 1258 mundo,
1539 1199 1593 1247 et
1638 1192 1757 1262 ejus
1806 1192 1977 1262 parti-

398 1287 525 1352 bus,
556 1297 610 1342 et
641 1286 891 1357 frugibus
927 1293 1109 1350 terrae,
1143 1300 1241 1356 pro
1277 1283 1677 1347 sacerdotibus,
1717 1292 1770 1337 et
1815 1282 1972 1353 prin-

398 1380 638 1450 cipibus,
678 1394 777 1449 pro
808 1378 1064 1449 pontiﬁce
1088 1394 1150 1431 ac
1179 1393 1325 1448 rege,
1362 1392 1463 1448 pro
1492 1391 1625 1447 pace
1656 1374 1971 1430 universali.

401 1470 607 1526 Deinde
648 1472 961 1542 episcopus,
1007 1472 1209 1541 populo
1243 1485 1430 1541 pacem
1473 1478 1751 1539 precatus,
1802 1468 1971 1522 bene-

399 1564 548 1618 dicat
576 1565 660 1631 ei;
691 1565 834 1620 sicut
863 1572 917 1618 et
950 1562 1160 1634 Moyses
1192 1562 1569 1618 sacerdotibus
1599 1560 1878 1630 praicepit,
1914 1566 1973 1613 ut

401 1655 605 1726 populo
651 1656 737 1711 his
784 1655 968 1710 verbis
1016 1654 1441 1710 benedicerent:
1478 1670 1497 1703 ι
1530 1651 1823 1707 Benedicat
1874 1650 1972 1705 tibi

2078 548 2186 600 τῶν
2220 544 2619 617 μετανοούντων
2649 540 2843 604 ἔξοδον,
2882 533 3371 608 προσευξάσθωσαν
3397 530 3474 599 τῷ
3511 528 3661 597 Θεῷ,

2084 659 2102 691 ι
2131 639 2209 710 τῷ
2238 635 2587 706 ὲπιόεὗηκότι
2620 633 2713 685 ἐπὶ
2743 632 2833 683 τὸν
2863 627 3087 700 οὐρανὸν
3115 625 3209 679 τοῦ
3237 620 3486 695 οὐρανοῦ,
3514 620 3667 671 γανά

2079 730 2362 793 ἀνατολὰς,
2392 747 2409 779 ι
2454 722 2991 796 ὑπομιμνησκόμενοι
3019 719 3114 772 καὶ
3146 717 3246 786 τῆς
3287 712 3522 785 ἀρχαίας
3588 732 3673 764 νο)-

2082 822 2189 893 μῆς
2218 820 2311 873 τοῦ
2342 818 2483 873 κατὰ
2528 814 2791 877 ἀνατολὰς
2834 811 3183 883 παραδείσου,
3224 807 3341 861 ὅθεν
3383 806 3413 858 ὁ
3442 804 3673 874 πρῶτος

2078 913 2361 983 ἄνθρωπος
2408 909 2680 978 ἀθετήσας
2722 905 2818 976 τὴν
2861 901 3097 972 ἐντολὴν,
3150 900 3323 969 ὄφεως
3362 894 3675 967 συμϐουλίᾳ.

2078 1003 2339 1066 πεισθεὶς,
2374 999 2675 1071 ἀπεϐλήθη.
2700 998 2763 1051 Οἱ
2790 996 2846 1049 δὲ
2878 995 3109 1048 διάκονοι
3139 991 3273 1063 μετά
3302 990 3397 1061 τὴν
3426 1004 3677 1060 προσευ-

2078 1097 2197 1167 χὴν,
2227 1098 2277 1148 οί
2310 1095 2407 1166 μὲν
2434 1096 2500 1164 τῇ
2539 1090 2827 1163 προσφορᾷ
2866 1086 2967 1157 τῆς
3010 1085 3356 1157 εὐχαριστίας
3404 1080 3676 1152 σχολαζέ-

2076 1205 2278 1252 τωσαν,
2316 1184 2743 1257 ὑπηρετούμενοι
2772 1179 2849 1252 τῷ
2882 1177 2977 1232 τοῦ
3006 1178 3212 1249 Κυρίου
3263 1175 3471 1245 σώματι
3522 1172 3675 1243 μετά

2077 1280 2265 1351 φόϐου,
2296 1279 2347 1331 oi.
2388 1277 2443 1330 δὲ
2473 1276 2601 1338 τοὺς
2646 1273 2835 1345 ὄχλους
2876 1270 3355 1330 διασκοπείτωσαν,
3384 1266 3475 1319 καὶ
3524 1266 3674 1335 ἡσυ-

2075 1373 2199 1444 χίαν
2230 1372 2413 1433 αὐτοῖς
2443 1367 2855 1439 ἑμποιείτωσαν.
2889 1363 3105 1432 Δεγέτω
3131 1361 3185 1414 δὲ
3212 1362 3240 1413 ὁ
3269 1356 3559 1429 παρεστὼς
3588 1356 3674 1425 τῷ

2075 1465 2323 1536 ἀρχιερεῖ
2366 1461 2475 1532 (56)
2504 1460 2749 1522 διάκονος
2780 1457 2857 1528 τῷ
2883 1456 3016 1527 λαῷ·
3048 1456 3141 1527 Μή
3181 1471 3264 1517 τις
3306 1450 3445 1505 κατά
3486 1465 3669 1511 τινος·

2079 1558 2153 1627 μή
2187 1574 2271 1619 τις
2300 1556 2357 1608 ὲν
2396 1553 2701 1623 ὑποκρίσει.
2733 1546 2865 1605 Εἶτα
2898 1550 2991 1603 καὶ
3032 1545 3457 1612 ἀσπαζέσθωσαν
3496 1542 3676 1611 ἀλλή-

2074 1649 2199 1712 λους
2244 1647 2355 1719 (57)
2394 1647 2444 1699 οἱ
2481 1645 2689 1717 ἄνδρες,
2730 1644 2823 1697 καὶ
2852 1640 3085 1712 ἀλλήλας
3127 1641 3182 1693 αἱ
3210 1641 3479 1707 γυναῖκες,
3509 1635 3581 1687 τὸ
3616 1637 3677 1687 ἐν

1693 1828 2062 1886 VARIORUM
2097 1824 2309 1882 ΝΟΤᾸΞ
2324 1870 2337 1884 .

396 2009 569 2066 tuitos
596 2010 786 2065 scribit
816 2018 1005 2065 auctor
1038 2009 1164 2065 libri
1196 2008 1268 2063 De
1306 2008 1538 2063 moribus
1566 2009 1806 2072 illorum,
1829 2017 1964 2063 tom.
2010 2016 2049 2071 Β
2078 2009 2209 2063 ximi
2262 2006 2607 2076 imperatoris
2654 2020 2843 2067 uxore,
2872 2018 2993 2074 qum
3029 2000 3267 2076 Martini)
3300 1999 3366 2076 in
3402 1998 3678 2053 convivio

398 2080 443 2135 Ὺ
499 2081 558 2135 Β.
588 2081 883 2136 Ambrosii.
918 2080 982 2133 Et
1008 2080 1075 2134 de
1106 2079 1975 2151 nspia‘rpocpijgcircumactuadoo

406 2096 436 2135 ν
499 2096 558 2135 ιι.
588 2096 883 2136 Ambros".
918 2096 982 2133 LI
1008 2096 1075 2134 ue
1106 2096 1440 2203 περιστροφῃ
1472 2096 1808 2133 circumactu
1842 2096 1975 2132 auo.

397 2151 658 2212 rantium,
684 2152 1007 2205 caeremonia
1036 2166 1131 2219 per
1222 2165 1400 2203 urnam
1447 2148 1772 2217 Pompilium
1810 2149 1975 2219 indu-

397 2227 507 2283 cta,
537 2221 796 2290 legendus
840 2228 925 2275 est
965 2218 1287 2274 Plutarchus
1334 2228 1469 2290 tom.
1501 2219 1549 2282 1,
1581 2219 1749 2287 p.69.
1802 2218 1974 2273 Sicuti

398 2291 467 2345 de
507 2289 864 2345 conversione
898 2291 953 2343 in
985 2299 1163 2343 ortum
1203 2304 1381 2351 mane,
1425 2289 1479 2343 in
1517 2295 1767 2343 austrum
1812 2290 1977 2343 meri-

398 2361 509 2429 die,
535 2362 590 2414 in
625 2375 882 2416 occasum
908 2360 1138 2429 vesperi,
1163 2359 1291 2429 dum
1316 2366 1525 2429 oratur,
1556 2358 1768 2413 consuli
1798 2366 1977 2427 potest

408 2427 711 2499 Mercurius
750 2444 885 2499 cap.
910 2425 1021 2483 ultI
1049 2425 1321 2499 Asclepii.
1348 2426 1589 2496 Denique
1635 2425 1975 2483 consuetudo

403 2498 845 2561 Manichaeorum,
875 2498 930 2552 in
962 2499 1218 2567 precibus
1244 2498 1361 2551 suis
1391 2500 1722 2553 vertentium
1758 2514 1877 2553 sese
1903 2498 1972 2552 ad

403 2570 581 2622 locum
607 2572 662 2623 in
689 2585 797 2639 quo
827 2569 907 2623 sol
935 2576 988 2623 et
1025 2569 1151 2639 luna
1199 2577 1546 2639 apparerent,
1590 2576 1811 2622 notatur
1849 2584 1879 2622 a
1914 2567 1972 2622 S.

404 2637 719 2708 Augustino
752 2640 808 2693 in
858 2639 979 2693 loco
1031 2637 1325 2708 citato,’_et
1374 2637 1429 2689 in
1470 2637 1742 2706 Disputat.
1788 2649 1975 2691 contra

406 2706 759 2761 Fortunatam
790 2723 899 2761 non
941 2709 1130 2776 procul
1157 2708 1223 2761 ab
1253 2706 1433 2767 initio,
1465 2716 1520 2761 et
1548 2709 1643 2763 lib.
1674 2723 1764 2761 xw
1790 2719 1975 2762 contra

406 2776 667 2859 faustum
688 2794 811 2859 cap.
831 2779 893 2859 ιι
920 2778 1186 2859 (citentur
1214 2776 1361 2859 intra
1378 2776 1444 2859 a_d
1471 2777 1735 2859 flecognit.
1759 2792 1834 2859 ιγ.
1858 2779 1971 2847 27).

402 2848 505 2913 Qui
561 2848 699 2903 ritus
750 2845 806 2901 in
852 2845 1174 2909 Ἀνεκδότοις
1222 2845 1620 2901 Μθηὶοιιιιὶειηῖ
1658 2845 1977 2900 anathema-

400 2917 707 2989 tismishoc
732 2917 894 2989 modo
921 2917 1284 2989 exprimitur;
1321 2916 1723 2989 ’ᾼναίῇεματίςω
1743 2919 1869 2989 τους
1901 2917 1975 2989 μὴ

402 2987 541 3057 πρὸς
575 2987 839 3051 ἀνατολὰς
891 2988 1069 3057 μόνον,
1102 2985 1179 3055 τῷ
1220 2986 1411 3055 ἀληθεῖ
1450 2985 1569 3057 Θεῷ
1620 2985 1968 3057 εὐχομένους,

401 3056 539 3111 ἀλλὰ
580 3060 647 3127 τῇ
691 3058 785 3111 τοῦ
832 3056 982 3126 ἡλίου
1025 3057 1235 3126 κινήσει
1282 3056 1873 3127 συμπεριφερομένους,
1916 3057 1976 3110 ὲν

402 3129 533 3207 σαῖς.
554 3126 775 3207 μυρίαις
818 3127 997 3207 αὐτῶν
1036 3128 1383 3207 προσευχαῖς.
1422 3126 1617 3207 γεξυιιι
1650 3134 1767 3207 ηερ
1796 3127 1978 3180 diver-

402 3195 573 3250 ticulo
615 3195 901 3251 redeamus
932 3197 998 3251 ad
1043 3195 1209 3257 viam,
1243 3210 1362 3250 IIIOS
1425 3195 1738 3250 inﬂectendi
1774 3211 1976 3265 corpus

402 3282 596 3321 versus
625 3275 939 3321 nascentem
965 3268 1133 3321 solem
1156 3280 1264 3319 non
1298 3268 1499 3321 placuit
1524 3266 1580 3321 S.
1618 3266 1782 3320 Leoni
1808 3281 1973 3321 serm.

2080 2071 2492 2133 ministraverat
2521 2096 2533 2131 :
2573 2076 2860 2137 Prii-clare,
2893 2071 3060 2141 inquit
3091 2071 3523 2129 Posthumianus.
3568 2086 3671 2121 no—

2078 2159 2217 2203 stros
2250 2150 2401 2210 istos,
2445 2158 2501 2200 ut
2550 2146 2773 2199 Martini
2808 2162 2910 2199 non
2957 2144 3293 2212 egrediantur
3321 2142 3632 2212 exemplum
3659 2180 3675 2201 ,

2080 2228 2172 2271 tua
2208 2219 2523 2287 constringit
2552 2220 2725 2271 oratio
2749 2232 2767 2269 :
2802 2214 2890 2269 sed
2918 2210 3171 2287 proﬁteor
3212 2211 3335 2287 tibi,
3366 2212 3497 2287 quia
3549 2210 3675 2262 hac

2077 2289 2257 2343 surdis
2309 2281 2528 2340 auribus
2582 2287 2882 2340 audientur.
2920 2281 3075 2335 Nam
3116 2284 3162 2336 si
3211 2281 3432 2334 Martini
3474 2297 3676 2349 seque-

2077 2368 2263 2411 rentur
2291 2360 2425 2419 vias,
2449 2373 2717 2427 nunquam
2750 2372 2940 2409 causas
2968 2354 3039 2427 de
3053 2353 3239 2427 osculo
3263 2353 3583 2427 diceremus,
3620 2362 3674 2403 et

2077 2429 2331 2499 universis
2349 2444 2497 2481 saeva:
2518 2421 2776 2499 opinionis
2800 2425 3089 2499 opprobriis
3109 2421 3668 2499 εανενεηιιιεπἈγάπη

2076 2497 2153 2550 δέ.
2200 2498 2365 2552 verba
2419 2489 2559 2550 sunt'
2587 2489 2884 2552 Clementis
2930 2494 3281 2547 Alexandrini
3310 2489 3524 2557 Ptedag.
3562 2489 3669 2555 in,

2080 2569 2166 2629 Η,
2203 2570 2363 2637 paulo
2393 2574 2518 2620 ante
2568 2567 2749 2631 linem,
2780 2567 2878 2618 οὐκ
3003 2564 3307 2637 Δφιλήματι,
3341 2560 3450 2613 ἀλλ’
3481 2562 3542 2610 ὲν
3574 2562 3673 2637 εὑ-

2078 2631 2486 2716 νοίακρίνεται.
2522 2639 2584 2716 ρὶ
2630 2638 2688 2716 se
2717 2636 2869 2716 οὐδὲν
2903 2633 3083 2716 ἀλλ’]
3120 2631 3387 2716 ξρρῄμαςι
3417 2631 3673 2716 καταψο-

2078 2700 2236 2773 φοῦσι
2262 2700 2378 2769 ’τὰς
2422 2706 2717 2773 ἐκκλησίας
2736 2746 2750 2767 ,
2780 2705 2840 2758 τὸ
2887 2700 3083 2771 φιλοῦν
3119 2700 3265 2773 ἔνδον
3293 2702 3390 2752 οὐκ
3411 2700 3673 2773 ⁸ἔχοντες

2077 2750 2227 2829 ἀύτὸ.
2265 2750 2374 2829 Καί
2416 2778 2524 2847 γάρ
2567 2750 2629 2847 ἐὴ
2680 2750 2771 2829 ἐαίι
2811 2750 2972 2847 τοιῖτο
3015 2771 3365 2847 ἐκπέπληκεν
3401 2750 3672 2847 ὑπονοίας

2078 2794 2227 2829 αυτο.
2265 2794 2372 2829 λαι
2416 2794 2487 2845 γα
2567 2794 2629 2847 οη
2680 2794 2771 2829 και
2811 2794 2969 2827 τουτο
3015 2794 3356 2839 εκπεπιιηκεν
3401 2794 3672 2833 υπυνυιας

2078 2846 2310 2920 αἰσχρὰς
2341 2848 2433 2899 καὶ
2465 2794 2830 2920 βλασφημίας,
2863 2844 2923 2897 τὸ
2952 2842 3171 2920 ἀναίδῃν
3204 2839 3431 2920 χρῆσθαι
3456 2838 3535 2907 τῷ
3571 2858 3674 2907 φι-

2076 2910 2301 2985 λήματι,
2336 2910 2474 2987 ὅπερ
2518 2910 2849 2987 ἐχρῆνέἷναι
2881 2910 3171 2987 μυστικόν.
3210 2910 3449 2987 Dilect_io_
3476 2920 3672 2964 autem

2079 2978 2181 3038 non
2206 2988 2259 3039 in
2276 2978 2455 3039 osculo
2478 2978 2733 3048 censetur,
2760 2984 2850 3038 sed
2872 2978 2927 3036 in
2957 2981 3326 3036 benevolentia.
3359 2978 3449 3031 Illi
3476 2990 3669 3034 autem

2078 3056 2212 3109 nihil
2249 3055 2396 3109 aliud
2442 3070 2599 3124 quam
2628 3052 2805 3106 osculo
2860 3053 3106 3107 ecclesias
3151 3049 3484 3124 conturbant,
3532 3066 3672 3104 cum

2078 3125 2249 3191 ipsam
2282 3128 2422 3179 intus
2454 3119 2556 3179 non
2586 3125 2811 3177 habeant
2844 3124 3156 3177 amicitiam.
3194 3120 3395 3174 Etenim
3423 3119 3518 3172 hoc
3557 3125 3673 3175 uti-

2077 3190 2176 3264 que
2235 3206 2438 3263 turpem
2489 3196 2710 3248 incussit
2758 3195 3073 3262 opinionem,
3108 3202 3157 3244 et
3199 3190 3668 3264 maledicentiam,

2078 3262 2216 3334 quod
2239 3262 2564 3333 impudenter
2580 3265 2760 3319 osculo
2782 3274 3070 3324 uterentur,
3089 3262 3225 3334 quod
3256 3278 3365 3334 esse
3382 3262 3669 3334 oportebat

406 3336 439 3389 7
462 3335 539 3389 De
586 3335 784 3390 Christi
822 3336 1115 3390 Nativitate
1142 3351 1264 3404 cap.
1289 3331 1342 3391 λι,
1373 3336 1523 3389 Adeo
1569 3338 1622 3389 in
1662 3334 1976 3404 hujusmodi
2006 3350 2047 3406 ο
2081 3331 2381 3404 mysticum.
2419 3336 2541 3389 Haec
2570 3336 2637 3389 de
2664 3336 2853 3389 osculo
2890 3336 3123 3406 pacis_et
3155 3332 3478 3406 dilectionis,
3506 3331 3673 3406 inter

402 3407 569 3461 rebus
614 3406 878 3473 judicium
914 3406 1349 3474 uniuscujusque
1414 3406 1625 3461 caeteris
1684 3422 1793 3460 non
1850 3407 1981 3460 l'acit

404 3476 801 3598 [irrejudiciunn
850 3474 1115 3558 Yideatur
1173 3474 1449 3557 Valfridus
1507 3474 1703 3530 Strabo
1745 3476 1977 3557 c_ap._4,

429 3546 533 3598 tbri
574 3545 650 3598 De
678 3547 908 3598 exordiis
935 3556 985 3598 et
1024 3556 1362 3598 incrementis
1390 3563 1566 3598 rerum
1592 3546 1977 3598 ecclesiastica-

429 3545 533 3599 ibri
574 3545 650 3667 ἶὶε
678 3547 908 3600 exordiis
935 3556 985 3600 et
1024 3548 1362 3600 incrementis
1390 3563 1566 3599 rerum
1592 3546 1982 3599 ecclesiastica-

429 3632 546 3667 ἀντι.
603 3631 653 3667 υ.

405 3632 546 3670 rum.
579 3631 653 3670 ID.

478 3685 590 3755 (55)
635 3683 1151 3751 Κατανοήσαντες.
1196 3684 1339 3740 Idem
1397 3686 1612 3741 codex:
1663 3685 1982 3755 ἐπιϐλέψαν-

402 3770 512 3817 τες.
539 3756 705 3809 (lu-zu.

479 3825 591 3895 (56)
634 3824 940 3895 ΑἈρχιερεῖ.
984 3826 1154 3895 Ἰερεῖ.
1191 3824 1265 3879 In.

475 3894 588 3967 (57)
632 3893 1129 3967 Ἀιγπᾳζέσᾷωσᾰν
1150 3895 1475 3967 ἀλλήλους.
1502 3895 1579 3967 iEt
1601 3896 1830 3967 lib.vm,
1854 3911 1978 3967 cap.

406 3963 511 4025 H;
560 3964 865 4017 Amalarius
917 3964 1180 4019 diaconus
1241 3966 1334 4019 lib.
1382 3982 1440 4019 Ill
1489 3966 1565 4019 De
1610 3963 1979 4021 ecclesiasticis

408 4034 627 4101 ofﬁciis,
673 4048 792 4102 cap.
818 4034 927 4086 52:
976 4032 1339 4103 Interrogatus
1397 4052 1515 4088 sum
1570 4036 1632 4087 ab
1691 4036 1975 4104 aliquibus,

406 4120 573 4173 quare
604 4119 707 4155 non
740 4104 958 4155 invicem
1000 4106 1273 4172 porrigant
1304 4105 1403 4157 sibi
1448 4106 1631 4157 oscula
1678 4108 1777 4158 viri
1819 4118 1867 4159 et
1898 4108 1977 4174 fe-

406 4174 575 4243 mina:
592 4174 644 4225 in
679 4174 846 4241 officio
877 4175 1070 4227 missw.
1100 4174 1303 4239 Quibus
1333 4177 1569 4243 quamvis
1602 4186 1723 4227 tunc
1765 4192 1866 4228 non
1900 4193 1981 4229 re-

409 4242 731 4310 sponderim,
777 4244 1195 4313 respondendum
1228 4242 1364 4297 nunc
1392 4245 1508 4313 fore
1552 4245 1805 4299 arbitror.
1842 4244 1979 4299 Car-

404 4314 551 4383 nales
594 4313 887 4380 amplexus,
918 4312 1105 4381 quibus
1127 4312 1431 4382 junguntur
1476 4317 1763 4383 sa'pissime
1797 4316 1898 4368 viri
1928 4325 1978 4369 et

407 4382 635 4450 feminw,
666 4384 868 4435 vitandi
925 4393 1046 4435 sunt
1082 4384 1135 4435 in
1180 4386 1413 4437 ecclesia:
1441 4382 1714 4439 conventu.
1744 4388 1819 4437 Ac
1862 4387 1977 4438 ideo

407 4462 802 4521 sequestrantur
822 4454 919 4505 viri
939 4463 987 4503 et
1008 4453 1216 4521 femina:
1246 4456 1301 4505 in
1324 4455 1559 4517 ecclesia,
1585 4472 1685 4507 non
1712 4456 1883 4508 solum
1910 4456 1975 4507 ab

406 4525 586 4593 osculo
617 4523 842 4585 carnali,
868 4522 958 4576 sed
987 4524 1149 4576 etiam
1180 4525 1283 4575 situ
1317 4524 1495 4579 locali.
1522 4527 1598 4577 Ab
1630 4526 1708 4577 his
1738 4527 1975 4593 personis

406 4592 605 4663 dantur
632 4594 809 4645 oscula
840 4602 1024 4645 mutua
1056 4594 1109 4645 in
1156 4594 1393 4653 ecclesia,
1419 4612 1535 4663 qua?
1559 4592 1760 4647 nullam
1786 4595 1977 4647 titilla-

408 4662 599 4715 tionem
631 4664 927 4715 libidinosa:
971 4664 1315 4731 suggestionis
1346 4662 1534 4732 cogunt
1564 4666 1812 4717 excitare.
1842 4666 1973 4729 Quae

2087 3401 2377 3459 missarum
2403 3406 2663 3461 solemnia
2696 3406 2812 3458 dari
2843 3401 3023 3459 solito.
3053 3402 3255 3456 Praeter
3276 3401 3441 3470 quod,
3476 3401 3667 3469 aliud,

2085 3491 2281 3545 nempe
2316 3492 2508 3530 recens
2551 3476 2851 3545 ibaptizalis
2892 3477 3109 3537 datum,
3152 3474 3475 3545 observasse
3515 3473 3667 3528 mihi

2086 3539 2273 3599 videor
2304 3547 2357 3599 in
2394 3548 2495 3601 hoc
2542 3544 2598 3598 ς.
2634 3539 2897 3615 Cypriani
2933 3546 3054 3598 loco
3094 3543 3254 3612 epist.
3282 3542 3388 3596 59:
3421 3539 3582 3615 Nam
3612 3556 3665 3597 et

2083 3617 2221 3684 quod
2252 3618 2522 3686 vestigium
2564 3611 2787 3683 infantis
2818 3617 2869 3668 in
2908 3616 3097 3686 primis
3129 3611 3431 3686 partussui
3468 3611 3668 3686 diebus

2084 3680 2357 3739 constituti
2380 3680 2644 3739 inundum
2674 3702 2775 3737 non
2805 3680 2917 3739 esse
2950 3680 3167 3745 dixisti,
3204 3680 3339 3751 quod
3369 3685 3669 3749 unusquis—

2083 3771 2182 3824 que
2211 3766 2449 3809 nostrum
2494 3756 2665 3808 adhuc
2697 3756 2907 3808 [torreat
2942 3754 3261 3813 exosculari,
3293 3768 3384 3824 nec
3424 3751 3518 3824 hoc
3561 3768 3669 3817 pu-

2085 3822 2257 3879 tamus
2303 3827 2372 3878 ad
2420 3827 2673 3879 crelestem
2714 3828 2943 3895 gratiam
2990 3825 3222 3877 dandam
3249 3822 3667 3895 Aimpedimento

2081 3910 2193 3948 esse
2238 3907 2494 3963 oportere.
2542 3891 2808 3962 Scriptum
2849 3906 2927 3949 est
2965 3897 3144 3947 enim:
3180 3913 3199 3944 ι
3234 3891 3426 3947 Omnia
3457 3894 3667 3947 munda

2081 3976 2203 4037 sunt
2236 3968 2445 4037 mundis
2496 3966 2625 4037 (Tit.
2654 3983 2701 4029 ι,
2721 3966 2837 4037 ιδ).
2867 3985 2884 4017 ι
2916 3964 3041 4037 Nec
3083 3964 3274 4033 aliquis
3300 3973 3563 4037 ⁸ιιοειι-ιιιει
3609 3967 3665 4015 id

2082 4034 2231 4089 debet
2265 4032 2669 4106 horrere,'quod
2710 4032 2849 4089 Deus
2888 4036 3137 4105 dignatus
3168 4032 3245 4087 est
3288 4033 3481 4106 facere.
3509 4032 3663 4087 Nam

2078 4106 2179 4158 etsi
2210 4106 2381 4159 adhuc
2424 4103 2601 4175 infans
2631 4123 2661 4159 a
2700 4116 2855 4173 partu
2885 4103 3044 4159 novus
3090 4114 3317 4175 est,rnon‘
3349 4103 3427 4154 ita
3458 4117 3535 4156 est
3573 4114 3664 4157 ta-

2080 4192 2218 4237 men,
2246 4186 2310 4247 θυι
2357 4172 2631 4247 quisquam
2671 4172 2832 4247 illum,
2856 4178 2908 4228 in
2950 4176 3124 4247 gratia
3176 4172 3356 4247 danda
3399 4183 3557 4247 atque
3602 4176 3662 4227 in

2077 4260 2204 4311 pace
2228 4242 2721 4314 facienda/torrere
2750 4245 2930 4299 debeat
2951 4242 3217 4304 osculari,
3241 4242 3451 4313 quando
3474 4245 3536 4314 in
3575 4260 3665 4298 os-

2080 4317 2199 4369 culo
2228 4313 2451 4383 infantis
2492 4318 2846 4385 unusquisque
2874 4327 3113 4369 nostrum
3152 4330 3245 4382 pro
3272 4330 3371 4385 sua
3401 4313 3661 4382 religione

2078 4387 2223 4453 ipsas
2247 4386 2415 4439 adhuc
2446 4396 2673 4439 recentes
2699 4384 2796 4438 Dei
2825 4403 3008 4438 manus
3032 4385 3213 4438 debeat
3243 4384 3497 4451 cogitare,
3520 4400 3657 4452 quas

2078 4456 2133 4507 in
2162 4456 2369 4509 homine
2397 4457 2551 4510 modo
2580 4457 2808 4524 formato
2827 4468 2876 4508 et
2906 4472 3079 4508 recens
3112 4464 3234 4507 nato
3264 4454 3658 4522 quodammodo

2076 4527 2465 4587 exosculamur,
2495 4526 2704 4595 quando
2736 4527 2789 4578 id
2839 4525 2977 4595 quod
3018 4524 3159 4578 Deus
3204 4524 3326 4591 fecit
3375 4527 3658 4593 amplecti-

2078 4612 2215 4650 mur.
2252 4596 2315 4648 Et
2345 4596 2399 4649 in
2430 4594 2535 4648 isto
2562 4595 2621 4648 Β.
2648 4594 3023 4649 Chrszstonii
3054 4594 3121 4647 ad
3170 4597 3331 4649 linem
3377 4597 3655 4649 sermonis

2080 4664 2155 4718 De
2186 4665 2420 4718 utilitate
2461 4665 2697 4719 lectionis
2746 4652 3165 4733 Scripturarum,
3199 4675 3330 4718 tom.
3361 4662 3404 4716 γ
3434 4683 3447 4717 :
3478 4665 3655 4717 Οὐδαο

406 4733 995 4806 ροειιειιιιιᾷρθ-ιίοᾱυεᾷ
1017 4727 1210 4806 legitur
1244 4748 1365 4806 cap.
1407 4727 1489 4806 ’59
1522 4736 1643 4788 libri
1685 4734 1757 4787 De
1791 4727 1971 4803 officiis

2078 4735 2181 4805 μοῦ
2204 4735 2417 4806 θρῆνος,
2439 4735 2674 4806 οὐδαμοῦ
2702 4727 2912 4806 δάκρυα
2939 4736 3192 4794 ἐνταῦθα,
3211 4734 3323 4806 ἀλλ’
3339 4736 3652 4806 ἀσπασμοί,

405 4798 620 4873 divinis.
646 4798 879 4855 Alcuino
910 4798 1117 4857 tributi.
1145 4798 1329 4871 Atque
1356 4804 1519 4869 hujus
1546 4806 1714 4858 moris
1745 4798 1968 4873 vestigia

407 4869 673 4943 inhaerent
686 4874 949 4943 opusculo
962 4872 1044 4923 Ad
1061 4869 1306 4943 virginem
1323 4874 1545 4940 lapsum,
1579 4874 1721 4943 apud
1737 4869 1967 4927 Ambro-

408 4940 572 5013 sium,
588 4948 641 4995 et
656 4942 795 5013 apud
817 4940 1200 5013 Hieronymum
1224 4963 1235 4995 :
1256 4941 1462 5009 Nonne,
1479 4940 1677 5013 inquit,
1708 4945 1785 4997 vel
1815 4944 1967 4996 illum

408 5009 579 5083 locum
594 5010 787 5083 tabulis
802 5009 1120 5083 separatum,
1145 5014 1199 5064 in
1214 5029 1313 5083 quo
1340 5014 1391 5065 in
1415 5009 1636 5067 ecclesia
1659 5017 1858 5072 stabas.
1884 5030 1969 5066 re-

407 5078 968 5133 cordaridebuistimd
989 5098 1138 5151 quem
1164 5078 1421 5150 religiosa:
1432 5093 1480 5135 et
1499 5084 1695 5136 nobiles
1711 5094 1967 5136 matrona:

406 5150 649 5222 certatim
663 5151 963 5222 currebant,
986 5161 1077 5203 tua
1090 5152 1272 5205 oscula
1284 5162 1533 5222 petentes,
1560 5156 1713 5222 quasi
1736 5155 1970 5207 sanctio-

408 5220 505 5283 ris,
529 5221 682 5289 quasi
714 5219 1013 5292 dignioris?
1042 5229 1137 5274 aut
1164 5228 1221 5274 ut
1268 5224 1435 5276 codex
1465 5219 1663 5292 Regius
1694 5224 1755 5277 51
1790 5244 1800 5277 :
1840 5223 1972 5289 Qua:

406 5292 697 5345 sanctiores
741 5300 791 5343 et
832 5290 1071 5343 meliores
1122 5296 1420 5347 steterant?
1451 5290 1796 5346 Contrariam
1846 5308 1973 5346 con-

407 5361 749 5415 suetudinem
796 5359 879 5484 Sut
915 5361 969 5413 in
1003 5360 1291 5429 disciplina
1334 5362 1600 5415 variatum
1633 5365 1736 5432 est)
1790 5362 1969 5416 innuit

407 5426 775 5484 Tertullianus
830 5432 901 5483 ib.
930 5445 968 5483 ll
998 5430 1081 5481 Ad
1111 5446 1348 5484 uxorem.
1382 5447 1500 5484 cau.
1534 5433 1588 5484 4.
1613 5433 1699 5484 his
1737 5434 1916 5484 verbis
1951 5450 1965 5484 :

406 5426 775 5500 Tertullianus
806 5426 901 5484 lib.
930 5445 968 5483 ιι
998 5430 1081 5481 Ad
1111 5426 1348 5494 umorem,
1382 5447 1500 5500 cap.
1534 5433 1588 5493 4,
1613 5433 1699 5485 his
1720 5426 1916 5486 'verbis
1951 5450 1965 5487 :

406 5499 538 5562 Quis
574 5513 747 5554 autem
777 5501 994 5571 gentilis
1021 5501 1160 5553 sinat
1200 5499 1469 5570 conjugem
1496 5518 1649 5555 suam
1679 5503 1971 5556 visitando-

405 5584 523 5641 rum
552 5571 779 5637 fratrum
810 5574 986 5639 gratia
1023 5571 1236 5623 vicatim
1286 5572 1479 5633 aliena,
1510 5573 1797 5641 etquidem
1835 5589 1970 5641 pau-

325 5701 329 5705 ν
404 5638 613 5710 periora
654 5638 869 5709 quaeque
900 5642 1110 5710 tuguria
1136 5641 1396 5695 circuire?
1423 5648 1526 5695 etc.
1552 5638 1678 5694 lam
1718 5638 1843 5695 vero
1866 5642 1971 5695 nli-

404 5708 489 5757 cui
517 5708 745 5772 fratrum
797 5710 865 5761 ad
911 5708 1148 5763 osculum
1195 5712 1501 5764 convenire?
1549 5710 1677 5766 Item
1734 5712 1969 5767 Severus

409 5774 623 5843 dialogo
672 5779 728 5843 2,
759 5793 879 5847 cap.
908 5780 958 5844 7,
992 5781 1083 5835 ubi
1112 5781 1179 5837 dc
1206 5781 1263 5835 Β.
1291 5781 1521 5836 Mai-tino
1552 5795 1605 5834 at
1640 5782 1823 5854 regina
1859 5781 1968 5836 Ma-

2076 4806 2170 4857 καὶ
2197 4805 2390 4873 φιλίαι,
2422 4806 2516 4857 καὶ
2560 4805 2883 4874 περιπλοκαί
2912 4806 3018 4857 τῶν
3048 4805 3310 4873 ἀδελφῶν,
3343 4805 3404 4857 τὸ
3450 4807 3654 4857 οἰκεῖον

2078 4875 2239 4947 μέλος
2264 4875 2754 4947 ἐπιγινωσκόντιυν,
2776 4876 2868 4947 καί
2896 4874 3082 4947 ὥσπερ
3111 4877 3175 4947 ἐκ
3208 4877 3438 4947 μακρᾶς
3453 4875 3656 4927 ἀπολα-

2074 4945 2273 5015 δόντων
2296 4944 2629 5015 ἀποδημίας.
2665 4944 2878 5015 Ἐπειδὴ
2905 4944 3013 5015 γὰρ
3042 4944 3148 5015 πρὸ
3172 4944 3266 4998 τοῦ
3299 4944 3655 5015 φωτίσματος

2074 5014 2265 5085 ἐχθρὸς
2292 5010 2379 5084 ἦν,
2408 5010 2551 5085 μέὲάᾼ
2571 5014 2627 5067 δὲ
2651 5014 2711 5066 τὸ
2742 5010 2993 5085 φώτίσμα
3021 5010 3210 5082 γέίγονε
3241 5010 3395 5084 φίλος
3423 5010 3521 5067 τοῦ
3544 5031 3655 5066 κοιο

2072 5083 2410 5154 νοῦήπάντων
2440 5083 2593 5154 ὴμῷν
2615 5084 2906 5145 Δεσπότου,
2940 5084 3028 5137 διὰ
3055 5085 3211 5137 τοῦτο
3244 5089 3445 5146 πάντες
3492 5102 3655 5154 συνη-

2071 5152 2294 5225 ᾷόμεθα,
2327 5154 2416 5205 διὰ
2454 5153 2614 5225 τοῦτο
2648 5154 2749 5225 καὶ
2788 5154 2847 5206 τὸ
2891 5154 3105 5224 φίλημα
3146 5156 3335 5225 εἰρήνη
3378 5152 3652 5217 καλεῖται,

2073 5223 2159 5274 ἴνα
2191 5223 2448 5293 μάθωμεν
2478 5224 2558 5273 ὅτι
2593 5223 2823 5292 πόλεμον
2850 5224 3185 5294 κατέλυσενρ
3202 5223 3364 5294 Θεὸς,
3388 5226 3484 5277 καὶ
3516 5225 3656 5294 πρὸς

2070 5294 2171 5362 τὴν
2196 5292 2474 5345 οἰκείωσιν
2507 5294 2819 5364 ἐπανήγαγε
2850 5294 2948 5363 τὴν
2996 5293 3209 5346 ἑαυτοῦ.
3251 5292 3531 5364 Nusquam
3562 5292 3656 5346 Vla-

2072 5372 2269 5426 menta,
2305 5378 2565 5431 nusquam
2613 5362 2861 5431 lacryma:
2907 5364 3021 5428 hic;
3058 5364 3147 5417 sed
3194 5362 3573 5425 salutationes,
3604 5371 3656 5417 et

2072 5433 2274 5493 oscula,
2318 5442 2366 5485 et
2418 5432 2689 5499 amplexus
2747 5433 2977 5500 fratrum
3028 5435 3117 5503 qui
3163 5450 3317 5487 suum
3360 5435 3655 5487 membrum

2072 5511 2381 5571 agnoscunt,
2410 5512 2458 5556 et
2489 5512 2835 5573 tanquamex
2874 5504 3158 5573 longinqua
3193 5521 3456 5557 reversum
3507 5519 3659 5572 pere-

2069 5570 2365 5652 grinatione
2403 5570 2679 5641 recipiunt.
2713 5570 2876 5652 Nam
2900 5570 3149 5643 quoniam
3179 5583 3300 5628 ante
3330 5570 3657 5652 baptismum

2070 5642 2316 5695 inimicus
2362 5652 2512 5704 erat,
2561 5652 2679 5711 post
2732 5642 3054 5710 baptismum
3101 5653 3275 5697 autem
3317 5644 3525 5698 amicus
3576 5658 3657 5697 est

2071 5713 2243 5779 factus
2274 5713 2508 5765 omnium
2538 5722 2778 5766 nostrum
2800 5714 3090 5765 communis
3115 5712 3351 5773 Domini.
3375 5728 3657 5782 propterea

2068 5783 2402 5851 gratulamur
2430 5797 2636 5848 omnes;
2668 5782 2865 5837 idcirco
2891 5784 3049 5839 etiam
3078 5784 3314 5840 osculum
3344 5801 3453 5855 pas:
3500 5802 3655 5842 uoca-
