3884 6180
268 274 377 331 757

1188 244 1786 331 cousrrruriouss
1823 275 2296 334 APOSTOLlC/E.
2338 308 2407 317 —
2445 277 2574 333 LIB.
2614 276 2678 333 ιι.

3449 282 3519 337 53

261 386 458 460 Κυρίῳ
488 386 698 457 φίλημα
892 384 1027 440 ἀλλὰ
1064 386 1138 458 μή
1176 404 1259 450 τις
1295 386 1502 450 δολίως,
1532 387 1609 450 ὡς
1641 387 1838 452 Ἰούδας

1948 388 2233 454 Dominus,
2256 396 2311 444 et
2334 389 2608 445 custodiat
2634 395 2723 455 te;
2755 386 3007 443 oswndat
3037 386 3299 443 Dominus
3324 388 3517 446 faciem

231 480 355 534 ητὸν
410 479 613 551 Κύριον
659 479 924 550 φιλήματι
970 478 1278 552 παρέδωκε.
1335 480 1446 531 Καὶ
1502 479 1641 549 μετὰ
1684 478 1841 532 τοῦτο

257 570 646 643 προσευχέσθω
684 571 712 623 ὁ
748 570 992 632 διάκονος
1025 571 1165 642 ὑπὲρ
1205 570 1306 641 τῆς
1348 571 1671 643 Ἐκκλησίας
1708 572 1843 626 ἀπά-

258 681 384 733 σης,
422 664 516 717 καὶ
559 662 759 727 παντὸς
794 663 888 715 τοῦ
920 663 1146 735 κόσμου,
1194 664 1288 717 καὶ
1323 662 1430 716 τῶν
1460 665 1517 717 ἑν
1550 663 1700 734 αὐτῷ
1749 682 1843 735 με-

255 755 392 825 ρῶν,
423 756 517 808 καὶ
562 754 852 825 ὲκφοριῶν,
888 755 1027 827 ὑπὲρ
1070 755 1176 808 τῶν
1224 754 1412 826 ἱερέων
1456 756 1550 807 καὶ
1599 756 1706 809 τῶν
1745 757 1843 827 ἁρ-

252 849 484 917 χόντων,
523 849 663 920 ὑπὲρ
690 847 783 901 τοῦ
814 848 1114 920 ἀρχιερέως
1143 849 1236 900 καὶ
1270 847 1364 900 τοῦ
1399 848 1681 918 βασιλέως,
1706 849 1843 902 καθ-

252 939 380 990 όλου
431 938 672 1009 εἰρήνης.
716 940 826 991 Καὶ
873 938 1009 1009 μετὰ
1062 938 1221 993 τοῦτο
1247 940 1274 991 ὁ
1304 940 1591 1012 ἀρχιερεὺς
1620 941 1844 1013 ἐπευχό-

256 1048 423 1100 μενος
450 1029 528 1101 τῷ
557 1029 671 1100 λαῷ
698 1031 921 1102 εἰρήνην
941 1029 1074 1100 (59),
1097 1030 1385 1099 εὐλογείτω
1413 1032 1618 1086 τοῦτον
1640 1033 1717 1096 ὠς
1747 1034 1843 1087 καὶ

252 1122 466 1191 Μωσῆς
486 1121 787 1174 ἐνετείλατο
819 1122 1051 1192 ἱερεῦσιν
1080 1120 1322 1189 εὐλογεῖν
1349 1121 1439 1175 τὸν
1468 1122 1595 1177 λαὸν
1632 1123 1842 1187 τούτοις

251 1215 371 1276 τοῖς
412 1215 669 1285 ῥήμασιν’
707 1233 726 1265 ι
755 1213 1063 1285 Εὐλογήσαι
1110 1231 1169 1267 σε
1217 1213 1441 1285 Κύριος,
1479 1215 1573 1268 καὶ
1612 1214 1841 1285 φυλάξαι

254 1321 337 1356 σε·
369 1306 629 1375 ἐπιφᾶναι
662 1306 863 1378 Κύριος
900 1306 961 1359 τὸ
1001 1306 1289 1377 πρόσωπον
1316 1306 1480 1359 αὑτοῦ
1510 1307 1602 1359 ἐπὶ
1631 1307 1712 1370 σὲ,
1748 1309 1843 1361 καὶ

249 1397 367 1467 δῴη
404 1396 513 1468 (60)
548 1415 630 1450 σοι
661 1400 904 1469 εἰρήνην.
936 1417 954 1449 ι
1004 1397 1344 1468 Ἐπευχέσθω
1372 1396 1465 1450 οὖν
1510 1398 1603 1451 καὶ
1647 1399 1675 1449 ὁ
1723 1399 1844 1452 ἐπί-

252 1503 482 1552 σκοπος,
516 1491 609 1542 καὶ
636 1488 855 1557 λεγέτω·
886 1488 1097 1542 «Σῶσον
1125 1488 1215 1542 τὸν
1232 1488 1356 1541 λαόν
1390 1505 1504 1552 σου,
1535 1489 1727 1560 Κύριε,
1750 1491 1843 1543 καὶ

249 1577 550 1649 εύλόγησον
579 1579 676 1645 τὴν
709 1580 1071 1651 κληρονομίαν
1103 1597 1216 1633 σουο
1260 1581 1325 1652 ἢν
1356 1581 1593 1652 ἐκτήσω,
1630 1583 1724 1635 καὶ
1754 1598 1844 1635 πε-

251 1672 556 1741 ριεποιήσω
591 1672 670 1743 τῷ
700 1674 866 1743 τιμίῳ
916 1673 1112 1743 αἵματι
1156 1672 1249 1725 τοῦ
1296 1673 1531 1745 Χριστοῦ
1583 1691 1702 1731 σου.
1748 1676 1842 1729 καὶ

1946 496 2101 535 suam
2131 497 2294 552 super
2326 489 2399 546 te,
2430 487 2484 536 et
2512 481 2603 535 det
2632 480 2728 534 tibi
2762 495 2948 550 pacem
2970 481 3035 533 "’.
3060 500 3077 531 ι
3111 479 3368 535 Precetur
3388 497 3518 553 ergo

1944 572 2256 643 episcopus,
2302 581 2357 628 et
2385 572 2573 627 dicat:
2612 590 2630 622 ‹
2662 570 2883 624 Salvum
2919 569 3003 625 fac
3036 572 3293 641 populum
3340 582 3514 635 tuum,

1944 662 2205 733 Domine;
2255 673 2309 720 et
2345 661 2575 718 benedic
2628 662 2929 718 bmreditati
2966 672 3069 717 tuae
3102 664 3175 728 '9;
3228 679 3390 733 quam
3427 680 3521 717 aen

1943 756 2215 826 quisivisti
2248 771 2311 810 ac
2361 756 2688 827 possedisti,
2722 757 2962 825 pretioso
3014 755 3278 825 sanguine
3314 755 3519 810 Christi

1944 850 2023 902 tui
2050 851 2115 912 ’³,
2152 856 2205 903 et
2235 848 2519 918 appellasti
2555 848 2735 917 regale
2767 847 3158 910 sacerdotium,
3192 863 3255 901 ac
3303 857 3518 918 gentem

1945 948 2191 994 sanctam
2219 940 2284 994 ³ο.
2319 959 2337 990 ι
2374 938 2505 993 Post
2533 939 2623 992 illa
2656 938 2985 993 sacrificium
3018 939 3131 1005 (lat,
3164 947 3341 993 stante
3370 940 3516 992 omni

1945 1033 2165 1101 populo,
2191 1038 2244 1085 et
2276 1031 2438 1085 tacite
2468 1038 2727 1101 precante
2754 1048 2767 1084 :
2801 1045 3035 1100 cumque
3059 1031 3301 1084 oblatum
3334 1030 3517 1095 interit,

1946 1124 2323 1193 unusquisque
2380 1123 2517 1176 ordo
2573 1137 2858 1185 seorsum,
2901 1120 3243 1175 Dominicum
3294 1137 3516 1191 corpus,

1945 1229 2009 1269 ac
2048 1217 2344 1286 pretiosum
2382 1215 2702 1285 sanguinem
2744 1225 2951 1279 sumat,
2993 1215 3315 1269 accedentes
3368 1213 3520 1267 ordi-

1947 1315 2091 1373 nate,
2116 1321 2180 1360 ac
2206 1323 2328 1360 cum
2354 1307 2658 1362 reverentia
2682 1315 2736 1361 et
2768 1308 2982 1372 timore,
3016 1315 3201 1376 utpote
3220 1308 3286 1360 ad
3316 1322 3518 1376 corpus

1944 1400 2089 1470 regis
2118 1419 2130 1454 :
2162 1400 2419 1455 mulieres
2449 1401 2614 1455 etiam
2648 1401 2822 1455 velato
2853 1405 3050 1470 capite,
3076 1401 3154 1453 uti
3190 1399 3515 1454 feminarum

1944 1492 2192 1546 ordinem
2225 1491 2400 1554 decet,
2448 1492 2733 1546 accedant.
2768 1490 2944 1545 Porta:
2974 1499 3153 1544 autem
3200 1491 3519 1546 custodian-

1946 1591 2057 1648 tur,
2086 1598 2155 1636 ne
2202 1582 2325 1651 quis
2373 1582 2629 1647 infidelis,
2666 1591 2760 1636 aut
2802 1585 3046 1638 nondum
3092 1584 3365 1653 baptismo
3410 1582 3519 1635 ini-

1945 1676 2139 1743 tiatus,
2178 1674 2541 1745 ingrediatur.

251 1762 519 1828 ἐκάλεσας
552 1765 817 1836 βασίλειον
853 1767 1163 1840 ἱεράτευμα,
1188 1770 1281 1823 καὶ
1309 1769 1460 1833 ἑθνος
1481 1768 1687 1839 ἅγιον.)
1711 1770 1865 1824 Μετὰ
1893 1770 1952 1824 δὲ
1983 1771 2154 1823 ταῦτα
2183 1770 2415 1840 γινέσθω
2451 1767 2484 1837 ἡ
2526 1770 2708 1834 θυσία,
2747 1771 2979 1834 ἑστῶτος
3006 1770 3205 1835 παντὸς
3238 1768 3330 1823 τοῦ
3364 1768 3518 1835 λαοῦ,

251 1854 350 1906 καὶ
387 1858 820 1929 προσευχομένου
859 1858 1095 1929 ἡσύχως·
1128 1860 1221 1912 καὶ
1248 1860 1375 1912 ὅταν
1420 1859 1676 1931 ἀνενεχθῇ
1710 1859 1842 1931 (61),
1888 1858 2346 1931 μεταλαμϐανέτω
2391 1859 2596 1930 ἑκάστη
2633 1859 2785 1924 τάξις
2846 1858 2966 1913 καθ’
3027 1859 3223 1931 ἑαυτὴν
3262 1859 3356 1911 τοῦ
3406 1859 3520 1911 Κυ-

252 1947 449 2016 ριακοῦ
506 1947 755 2019 σώματος
790 1951 885 2004 καὶ
935 1952 1030 2004 τοῦ
1079 1951 1259 2023 τιμίου
1308 1952 1557 2023 αἵματος,
1593 1954 1650 2005 ἑν
1684 1952 1833 2018 τάξει
1867 1951 2000 2024 (62),
2044 1951 2180 2023 μετὰ
2226 1949 2408 2016 αἱδοῦς
2442 1954 2536 2005 καὶ
2583 1953 2887 2016 εὐλαϐείας,
2926 1952 3001 2015 ὡς
3048 1950 3312 2022 βασιλέως
3345 1968 3518 2025 προσ-

223 2038 537 2108 ,ερχόμενοι
586 2038 815 2111 σώματι·
853 2041 946 2094 καὶ
984 2042 1041 2094 αἱ
1090 2047 1343 2111 γυναῖκες
1385 2046 1935 2118 κατακεκαλυμμέναι
1982 2046 2079 2118 τὴν
2121 2045 2389 2117 κεφαλὴν,
2435 2046 2510 2110 ὡς
2543 2048 2770 2120 ἁρμόζει
2822 2046 3093 2116 γυναικῶν
3127 2044 3297 2109 τάξει,
3348 2062 3519 2117 προσ-

249 2132 1166 2203 ερχέσθωσαν.Φυλαττέσθωσανδὲ
1200 2138 1258 2190 αἱ
1295 2136 1489 2208 θύραι,
1524 2140 1598 2210 μή
1634 2156 1719 2203 τις
1751 2140 1973 2203 ἄπιστος
2007 2139 2314 2211 εἱσέλθοι,ἢ
2351 2140 2616 2212 ἀμύητος.

777 2252 1171 2306 ΚΕΦΑΛΑῙΟΝ
1208 2253 1340 2306 ΝΗ¹.

250 2367 395 2434 Περὶ
459 2364 867 2438 συστατικῶν,
908 2364 1055 2438 »ἤτοι
1126 2365 1319 2438 ξένων
1371 2365 1482 2438 (65)
1509 2405 1525 2431 ,
1578 2365 1832 2438 laudm,

326 2435 649 2515 κὶηρέκῶν,
698 2436 1064 2489 ἐπισκόπων
1114 2437 1210 2489 καὶ
1258 2437 1338 2502 ὠς
1382 2435 1661 2505 οὔχρεία
1706 2436 1834 2491 δια-

346 2524 551 2559 ςοοειν.

346 2525 402 2559 νο
442 2524 551 2559 ειν.

326 2524 476 2649 ἔίἒέ
512 2614 596 2660 τις
629 2596 739 2649 ἀπὸ
782 2596 1076 2667 παροικίας
1116 2597 1341 2667 ἀδελφὸς
1372 2596 1405 2668 ἦ
1454 2595 1655 2668 ἀδελφὴ
1685 2596 1837 2649 ἐπέλ-

250 2688 323 2759 θῃ
346 2728 359 2748 ,
396 2688 654 2742 σύστασιν
700 2688 1135 2759 ἐπικομιζόμενοι
1184 2688 1313 2759 (64)’
1344 2688 1585 2752 διάκονος
1624 2690 1837 2760 ἐπικρι-

326 2822 369 2852 ²⁷
403 2819 566 2877 Num.
600 2838 683 2887 γι,
724 2822 816 2876 24.
919 2822 965 2854 ³⁸
996 2821 1142 2879 Psal.
1182 2838 1360 2888 xxv",
1407 2824 1461 2881 9.

1565 2823 1610 2854 ²⁹
1638 2823 1759 2877 Act.
1793 2839 1859 2876 xx
1884 2863 1898 2887 ,
1934 2824 2026 2879 28.

2503 2251 2733 2308 CAPUT
2769 2249 2949 2307 LVIII.

1941 2364 2021 2420 De
2062 2365 2357 2419 hominibus
2392 2365 2790 2429 commendatis,
2827 2365 3110 2433 peregrinis
3142 2365 3360 2427 scilicet,
3410 2363 3512 2415 lai-

2015 2439 2110 2497 cis,
2144 2437 2347 2489 clericis
2379 2445 2471 2488 aut
2508 2438 2789 2504 episcopis;
2820 2447 2869 2489 et
2906 2435 3187 2506 quodsine
3216 2435 3515 2502 differentia

2011 2508 2117 2558 sint
2148 2506 2430 2575 recipiendi
2457 2508 2546 2571 qui
2575 2507 2849 2560 ecclesiam
2880 2504 3272 2575 ingrediuntur.

2013 2596 2170 2663 Quod
2206 2597 2253 2652 si
2292 2596 2460 2653 frater
2495 2608 2589 2652 aut
2630 2614 2785 2652 soror
2812 2612 2877 2651 ex
2918 2598 3025 2650 alia
3071 2596 3308 2666 partecia
3352 2595 3517 2649 adve-

1941 2690 2102 2755 nerit,
2141 2691 2233 2760 qui
2282 2690 2754 2746 commendatitias
2798 2688 3057 2753 aderant,
3092 2689 3358 2743 diaconus
3395 2702 3517 2757 qua:

2130 2826 2174 2858 ³ο
2216 2825 2231 2878 I
2279 2824 2394 2881 Pet.
2433 2841 2484 2890 ι,
2531 2824 2630 2891 49,
2669 2831 2829 2889 ctu,
2860 2824 2915 2879 9.

1564 2980 1930 3038 VARIORUM
1971 2981 2202 3041 ΝΟΤᾹΞ.

252 3168 364 3221 tur,
397 3168 454 3212 ut
487 3158 753 3230 discamus
784 3160 921 3230 quod
955 3159 1095 3213 Deus
1132 3158 1266 3213 bello

248 3231 492 3300 quodque
523 3229 591 3282 ad
630 3229 1084 3284 suam'reduxerit
1127 3231 1437 3300 amicitiam.
1464 3229 1601 3295 Quia
1646 3239 1828 3300 autem

250 3298 310 3354 in
344 3298 449 3353 hac
484 3310 634 3363 nota,
666 3308 721 3354 et
751 3300 878 3354 alibi
919 3301 1094 3368 allego
1124 3300 1321 3353 librum
1354 3298 1437 3352 Ad
1467 3300 1713 3369 virginem
1749 3299 1832 3353 la-

248 3387 426 3439 psam.
454 3386 616 3439 quem
656 3371 763 3423 viri
795 3371 937 3424 docti
988 3370 1305 3438 abjudicant
1335 3370 1555 3439 quidem
1599 3371 1832 3424 Ambro-

251 3444 360 3503 sio,
396 3439 747 3511 Hieronymo,
772 3440 1098 3511 Augustino.
1122 3440 1216 3493 sed
1244 3440 1446 3493 nemini
1481 3439 1826 3511 adjudicant;

249 3512 414 3578 cujus
446 3511 689 3580 parentis
721 3509 887 3580 fetum
918 3510 1067 3580 illum
1097 3524 1220 3563 esse
1245 3516 1541 3570 autumem,
1566 3510 1826 3579 aperiam.

248 3580 395 3634 Puto
433 3578 555 3635 esse
593 3579 797 3644 Niceaz;
828 3578 1098 3633 adductus
1126 3580 1193 3648 in,
1213 3594 1333 3632 eam
1363 3578 1697 3648 opinionem,
1728 3594 1828 3633 au—

218 3652 512 3705 ctoritate
539 3650 827 3711 Gennadii,
871 3650 1127 3718 illiusque
1165 3647 1569 3718 descriptorum
1605 3648 1830 3703 Honorii

218 3760 223 3767 .
247 3721 768 3788 Augustodunensis
785 3727 837 3773 et
866 3717 1181 3789 Trithemii.
1199 3717 1291 3789 Ait
1311 3717 1364 3773 in
1394 3717 1830 3789 Catalogthcri-

248 3786 467 3859 plerum
495 3790 993 3852 ecclesiasticarum,
1016 3803 1136 3857 cap.
1158 3787 1234 3859 22
1254 3786 1568 3859 Gennadius
1589 3786 1605 3843 Ξ
1633 3787 1829 3841 Niceas

253 3856 589 3914 Romuliame
615 3860 842 3914 civitatis
870 3856 1143 3929 episcopus
1173 3856 1335 3929 edidit
1373 3859 1452 3911 Ad
1483 3859 1688 3929 lapsam
1720 3860 1827 3929 vir-

249 3932 436 4000 ginem
480 3930 735 3991 libellum,
788 3926 933 3999 pame
965 3926 1207 3983 omnibus
1248 3926 1551 3983 labentibus
1583 3928 1829 3983 emenda-

252 4002 419 4055 tionis
450 4000 783 4054 incentivum.
814 4000 952 4054 Cor.

329 4070 445 4140 (53)
490 4070 556 4122 Τό
584 4070 654 4123 ἐν
688 4069 883 4136 Κυρίῳ
913 4070 1161 4139 φίλημα.
1196 4068 1450 4124 Osculum
1479 4069 1535 4122 in
1580 4067 1826 4140 Domino,

250 4139 369 4195 sive
398 4140 647 4193 osculum
675 4148 925 4193 sanctum
951 4141 1376 4209 interpretantur
1406 4140 1583 4194 sancti
1611 4139 1825 4203 Patres,

248 4211 507 4265 osculum
553 4225 761 4275 verum,
794 4210 1101 4271 sincerum,
1147 4210 1264 4265 sine
1293 4209 1438 4270 dolo,
1484 4225 1828 4279 nequaquam

218 4298 221 4299 ν
249 4281 594 4342 simulatum,
627 4294 692 4333 ex
723 4278 909 4344 corde,
939 4295 1046 4333 non
1078 4295 1144 4333 ex
1171 4294 1266 4333 ore
1302 4278 1698 4339 tantummOdo,
1734 4279 1830 4331 ab-

251 4352 437 4403 simile
468 4347 660 4403 osculo
688 4348 861 4409 ludas,
888 4358 943 4402 et
970 4349 1362 4413 columbinum,
1394 4349 1604 4403 scilicet
1636 4349 1707 4402 ob
1739 4362 1830 4401 co-

252 4422 566 4473 lumbarum
608 4419 1033 4488 simplicitatem.
1057 4418 1213 4484 Quod
1249 4428 1584 4488 postremum
1618 4418 1829 4488 epithe-

1298 3159 1453 3227 ﬁnem
1494 3160 1825 3229 imposuerit,
1855 3160 1900 3221 α

2005 3158 2117 3229 (60)
2156 3159 2268 3213 Καὶ
2297 3158 2437 3227 δῴη.
2473 3160 2884 3216 Praamittuntnr
2924 3160 3041 3215 haec
3076 3160 3231 3216 hisce
3277 3161 3460 3217 verbis
3494 3182 3508 3218 :

1948 3229 2194 3303 Ἐλεήσαι
2219 3248 2299 3293 σε,
2333 3232 2536 3303 ἑπάραι
2571 3230 2770 3301 Κύριος
2805 3231 2866 3285 τὸ
2895 3232 3183 3303 πρόσωπον
3216 3230 3381 3284 αὑτοῦ
3418 3234 3511 3287 ἐπὶ

1934 3299 2015 3362 σέ,
2049 3299 2103 3352 in
2134 3300 2308 3354 altero
2338 3299 2460 3355 cod.
2491 3302 2657 3355 CLEa.

2029 3370 2118 3442 (il)
2171 3369 2799 3442 ῘΑνενεχθῇ.-Ἀνέλθῃ,
2834 3372 2886 3425 ἱη
2924 3371 3096 3426 altero
3122 3370 3227 3442 cod_
3273 3369 3349 3426 In.

2028 3439 2118 3506 62)
2179 3440 2282 3493 Ἐν
2306 3440 2490 3504 τάξει.
2524 3440 2729 3495 Desunt
2751 3439 2817 3494 in
2851 3443 3022 3496 altero
3051 3442 3174 3495 cod.
3208 3440 3285 3495 In.

2026 3510 2115 3578 65)
2161 3512 2326 3564 Ἤτοι
2364 3510 2574 3574 ξένων,
2604 3519 2708 3565 etc.
2744 3510 2869 3565 Iizec
2906 3519 2959 3566 et
2992 3512 3275 3580 sequentia
3310 3511 3512 3567 inscri-

1932 3578 2134 3648 ptionis
2166 3581 2329 3633 verba
2359 3582 2557 3634 desunt
2601 3582 2654 3634 in
2697 3582 2869 3635 altero
2901 3581 3024 3636 cod.
3071 3578 3382 3636 Vindohon.
3420 3584 3511 3637 Ni.

1935 3648 2157 3720 mirum,
2191 3659 2314 3719 post
2345 3650 2682 3720 συστατικῶν
2722 3652 3158 3706 subaudiendum
3199 3654 3409 3720 putavit
3441 3656 3509 3707 li-

1931 3717 2147 3840 brarlius
2193 3717 2538 3785 ἑπιστολῶν,
2595 3736 2705 3775 non
2767 3721 3083 3778 hominibus
3153 3717 3507 3777 commenda-

1931 3797 2022 3840 tis.
2078 3805 2130 3840 ι).

1931 3797 2022 3843 US.
2059 3797 2130 3843 ID.

2002 3858 2114 3929 (64)
2152 3858 2459 3929 Σύᾼστασιν
2498 3859 2977 3929 ἐπικομιζόμενοι.
3011 3861 3147 3926 Quia
3193 3876 3312 3915 mos
3340 3862 3511 3917 eccle-

1930 3927 2190 4001 siasticus
2212 3927 2378 3983 dandi
2412 3931 2621 3985 litteras
2650 3927 3144 4001 connneiulatitias.
3172 3940 3508 4001 czeterasque

1930 3999 2225 4053 canonicas
2270 4015 2366 4052 seu
2414 4001 2691 4067 regulares
2733 4015 2797 4055 ac
2842 4000 3126 4063 formatas,
3157 4017 3184 4053 a
3237 3999 3507 4055 multisct

1931 4068 2235 4140 luculenter
2265 4068 2367 4123 fuit
2395 4071 2729 4139 explicatus;
2764 4086 2832 4125 ne
2870 4079 3049 4125 aetum
3103 4071 3331 4140 agendo,
3369 4073 3505 4125 nihil

1929 4139 2108 4207 egisse
2134 4139 2352 4203 videar,
2385 4148 2677 4195 contentus
2702 4156 2797 4194 ero
2822 4141 3173 4205 subjunxisse
3205 4143 3499 4196 nonnullas

1932 4212 2296 4277 quorumdam
2330 4209 2572 4263 locorum
2604 4210 2763 4265 citari
2794 4212 3079 4264 solitorum
3112 4212 3502 4274 cor-rectiones,

1931 4294 2068 4347 quas
2105 4280 2343 4349 arbitror
2373 4278 2543 4333 fuisse
2585 4280 3001 4349 praatermissas,
3046 4295 3387 4348 nequaquam
3421 4288 3505 4332 ta-

1929 4363 2053 4401 men
2083 4348 2801 4418 prmterinittendas’judico.
2826 4348 3071 4414 Quatuor
3090 4358 3269 4402 autem
3301 4357 3501 4405 erunt:

1934 4418 1994 4469 1³
2024 4419 2079 4471 in
2117 4417 2328 4472 Joanne
2374 4417 2607 4481 Zonara,
2658 4420 2721 4472 20
2753 4420 2805 4473 in
2836 4418 3127 4473 Theodoro
3154 4419 3496 4481 Balsamnne,

251 4498 370 4543 tum
423 4497 651 4556 usurpat
689 4488 1046 4559 auctorilibr‘i
1096 4487 1165 4541 De
1202 4489 1381 4556 o/ﬁciis
1429 4487 1619 4559 divinis
1654 4487 1828 4559 ’(inter
1859 4500 1902 4553 Ι)
1932 4488 1994 4559 59
2029 4488 2082 4542 in
2116 4488 2480 4559 Constantino
2506 4487 2932 4559 Harmenopulo,
2966 4495 3238 4559 postrema
3259 4488 3311 4540 in
3332 4487 3501 4559 iNice-

251 4559 471 4612 Alcuini
520 4572 703 4626 opera,
736 4573 857 4627 cap.
886 4558 976 4611 40.
1016 4556 1394 4626 Praetereaque
1440 4556 1687 4611 osculum
1730 4573 1825 4612 ca-

250 4638 425 4692 stum,
474 4628 809 4696 religiosum,
860 4642 971 4682 non
1016 4628 1372 4696 impudicum,
1405 4628 1673 4694 spiritale,
1718 4642 1827 4681 non

248 4699 510 4768 carnale,
557 4697 646 4768 διὰ
710 4698 978 4768 στόματος
1033 4696 1307 4768 σώφρονος
1361 4699 1455 4750 καὶ
1526 4698 1829 4768 μεμυκότος

250 4765 679 4837 (Clem.Alex.),
725 4765 911 4837 atque,
947 4775 1006 4821 ut
1050 4768 1118 4820 ab
1158 4765 1437 4836 Haymone
1487 4765 1552 4819 ad
1592 4765 1823 4821 Roman.

248 4836 374 4899 in,
416 4836 506 4901 46,
538 4837 767 4901 dicitur,
800 4836 1129 4908 nullatenus
1176 4836 1581 4908 columbinum,
1635 4852 1828 4908 nempe

248 4916 481 4979 propter
496 4909 851 4979 salacitatem,
877 4907 1163 4979 columbae.
1197 4906 1271 4960 In.

324 4973 441 5046 (59)
493 4977 555 5029 Ὀ
594 4976 904 5044 ἀρχιερεὺς
942 4976 1341 5046 ἐπερχόμενος
1380 4973 1461 5040 τῷ
1500 4974 1628 5040 λαῷ
1667 4975 1827 5042 εἰρή-

245 5044 389 5115 νην,
418 5048 734 5115 εὐλογείτω
775 5046 1010 5100 τοῦτον.
1055 5044 1200 5101 Inter
1231 5047 1413 5100 varias
1445 5048 1599 5114 pacis
1632 5046 1826 5113 prredi-

209 5151 215 5155 ›
247 5118 520 5180 eationes,
552 5132 615 5170 ac
645 5117 827 5185 p0puli
861 5115 1285 5177 benedictiones,
1317 5115 1485 5185 hujus
1510 5124 1631 5168 ante
1662 5116 1829 5169 sacri-

249 5184 669 5256 ficiumhperagi
708 5184 881 5240 Solita:
924 5186 1189 5253 meminit,
1219 5196 1413 5255 praeter
1478 5184 1824 5255 liturgiogra-

248 5258 414 5329 pbos,
446 5254 781 5329 [lituumque
826 5254 1325 5329 ecclesiasticarum
1372 5254 1717 5329 collectores;
1744 5266 1825 5329 a‘t—

246 5324 360 5398 que
400 5324 805 5398 explanatores,
834 5325 897 5398 ξ.
927 5324 1372 5398 Chrysqstomus,
1407 5340 1658 5398 sermone
1691 5324 1827 5398 I_De

246 5393 441 5451 sancta
475 5393 801 5458 Pentecoste.
833 5396 922 5457 56,
956 5393 1088 5449 torni
1123 5393 1188 5458 V,
1221 5404 1275 5450 et
1306 5395 1527 5449 homilia
1554 5394 1587 5447 5
1612 5395 1663 5447 in
1698 5393 1823 5463 Epi-

248 5468 448 5520 stolam
489 5466 560 5519 ad
612 5465 969 5519 Colossenses.
1014 5464 1281 5519 Praeclare
1311 5467 1412 5520 sub
1459 5468 1619 5517 linem
1661 5464 1819 5518 Com-

247 5544 485 5590 Inentar.
511 5537 565 5589 in
601 5534 769 5603 Epist.
789 5535 857 5589 ad
886 5534 1035 5589 Rom.
1058 5538 1199 5605 apud
1231 5534 1620 5604 Hieronymum
1650 5553 1661 5588 :
1696 5533 1823 5588 Ideo

247 5608 308 5658 in
350 5606 572 5659 ecclesia
615 5621 722 5673 pax
748 5607 917 5673 primo
964 5607 1344 5667 annuntiatur;
1380 5615 1437 5656 ut
1482 5608 1722 5657 ostendat
1769 5622 1824 5657 se

245 5691 371 5729 cum
411 5676 667 5748 omnibus
689 5692 805 5748 esse
828 5676 1128 5748 paciﬁcum,
1159 5677 1249 5748 qui
1288 5674 1493 5743 corpori
1528 5676 1821 5729 communi-

245 5755 469 5801 caturus
497 5756 576 5800 est
605 5744 825 5819 Christi.
858 5744 963 5817 ιι).⁸

1932 4558 2101 4625 phoro
2131 4557 2361 4611 Callisti.
2396 4557 2605 4611 Etenim
2635 4557 3073 4627 apud’Zonaram
3109 4558 3304 4627 legitur
3329 4558 3385 4610 in
3416 4564 3503 4612 in-

1932 4629 2322 4694 terpretatione
2351 4628 2417 4681 ad
2452 4627 2519 4680 12
2545 4644 2809 4682 canonem
2850 4628 3221 4697 apostolorum
3247 4646 3259 4680 :
3293 4628 3501 4697 ξυστα-

1914 4691 2060 4755 τικαὶ
2083 4700 2361 4754 ἐπιστολαί
2391 4701 2545 4757 εἰσιν,
2575 4700 2629 4750 αἱ
2668 4691 2939 4766 διδόμεναι
2985 4695 3266 4766 κληρικοῖς
3310 4692 3342 4762 ἦ
3379 4691 3497 4766 λαῖ-

1914 4775 2030 4836 κοῖς
2064 4770 2465 4843 ἀφωρισμένοις
2486 4768 2569 4843 ,μῆ
2599 4760 2971 4843 ἁναγνῷσταις
2992 4807 3005 4828 ,
3052 4760 3108 4816 ελ)
3131 4764 3300 4843 ἑτέρᾳ
3320 4760 3498 4843 ,κάλει

1916 4832 2155 4897 ἀπιοῦσι.
2182 4832 2637 4895 καὶ’σν.›·ιεστό›σαι
2681 4832 2759 4907 τῷ
2792 4839 2907 4889 ἐκεῖ
2950 4832 3243 4907 ἐπισκόπῳή
3273 4832 3495 4895 αὐτοὺς,

1913 4913 1989 4976 ὡς
2026 4912 2285 4975 λυθέντας
2318 4910 2425 4963 τῶν
2460 4905 2769 4979 ἐπιτιμίων,
2815 4907 2847 4976 ἢ
2890 4908 3112 4969 πιστοὺς
3162 4905 3344 4979 ὄντας
3370 4918 3499 4957 cum

1914 4996 1978 5038 ex
2008 4999 2194 5042 sensu,
2247 4999 2309 5035 ex
2356 4997 2458 5033 ms.
2494 4976 2659 5045 ltegio
2687 4979 2811 5036 277,
2842 4987 2895 5031 et
2929 4996 2992 5031 ex
3022 4992 3234 5031 canone
3266 4976 3335 5045 15
3370 4990 3493 5043 syn-

1915 5054 2005 5107 odi
2064 5052 2522 5107 Chalcedonensis
2575 5044 2765 5118 reponi
2811 5049 3046 5111 debeat,
3096 5048 3129 5118 ἢ
3176 5044 3493 5118 ἁγνιὶζσςτοις.

1914 5124 2103 5179 Canon
2141 5124 2212 5177 ita
2258 5123 2441 5183 habet,
2474 5122 2525 5174 in
2565 5113 2778 5173 Zonara
2806 5130 2858 5172 et
2888 5113 3251 5171 Balsamone‘:
3300 5113 3499 5175 Ξένους

1914 5194 2207 5265 κληρικοὺς
2226 5194 2316 5265 καὶ
2332 5191 2664 5265 ἀγνώστους,
2683 5191 2739 5265 εν
2758 5188 2920 5265 ἑτέρᾳ
2937 5189 3089 5242 πόλει
3098 5187 3227 5265 δίχα
3251 5199 3500 5265 συστατι-

1914 5250 2035 5334 κῶν
2056 5250 2397 5334 γραμμάτων
2415 5261 2513 5334 τοῦ
2536 5250 2663 5312 ἰδίου
2696 5250 2994 5334 eadem
3017 5250 3500 5334 pnﬁ‘a:3)lwiuq§a-

1918 5333 1996 5406 μῆ
2022 5324 2376 5415 λέίτοὺργείν.
2411 5330 2674 5415 Praeterea
2698 5330 2821 5384 lihri
2859 5324 3204 5415 Balsauninis
3238 5324 3499 5415 editi”?-

1916 5390 2074 5460 've'rso
2097 5390 2313 5462 ordine,
2342 5403 2609 5457 collocant
2638 5415 2878 5455 canones
2921 5398 3257 5452 Laodicenos
3281 5393 3370 5455 41,
3401 5390 3492 5453 42,

1917 5474 1997 5530 uti
2027 5476 2322 5542 ostendunt
2347 5489 2469 5542 cum
2497 5470 2607 5542 duo
2640 5469 2789 5541 Regii
2826 5469 3032 5536 scripti,
3063 5476 3175 5539 tum
3209 5463 3496 5542 utriusque

1926 5534 2154 5587 canonis
2205 5534 2679 5598 interpretationes
2700 5534 2985 5597 ,‘quaruin
3036 5534 3184 5595 prior
3232 5534 3488 5598 competit

1926 5602 2122 5654 canoni
2153 5600 2245 5670 qui
2278 5596 2387 5651 illic
2423 5596 2789 5670 postponitur,
2826 5598 3094 5667 posterior
3123 5612 3251 5651 vero
3290 5596 3484 5670 camini

1924 5673 2019 5739 qui
2049 5664 2252 5740 primas
2281 5664 2450 5723 tcnet'.
2497 5664 2678 5739 Itaque
2711 5664 2956 5740 locorum
2986 5665 3340 5740 eniilmutatip
3373 5664 3486 5740 fieri

1868 5808 1871 5811 _
1926 5734 2106 5811 debet,
2135 5748 2189 5797 et
2218 5755 2394 5797 canon
2427 5740 2527 5795 istc
2553 5758 2568 5794 :
2592 5734 2729 5792 ’Ὅτι
2773 5738 2834 5791 ού
2878 5737 2957 5790 δεῖ
2992 5736 3260 5806 ἱερατικὸν
3291 5734 3324 5807 ἢ
3359 5734 3492 5806 κλησ
