3876 6188
408 343 512 398 7ιό

1251 343 1307 396 S.
1348 341 1745 399 CLEMENTIS
1782 341 1803 395 I
1838 340 2004 397 ROM.
2048 338 2249 395 ΡΟΝΤ.
2290 339 2519 397 OPERA
2560 338 2788 395 DUBIA.

3554 343 3661 395 7M

408 435 621 501 veniat;
650 441 818 505 utque
847 436 1032 491 nullus
1053 436 1410 491 subducendo
1426 452 1505 501 se,
1530 435 1828 489 Ecclesiam
1861 450 1979 488 mu-

2086 432 2325 497 σύνολον,
2376 435 2513 488 ἀλλά
2560 434 2912 508 συνέρχεσθαι
2939 433 3221 507 διηνεκῶς,
3248 432 3342 488 καὶ
3386 436 3525 507 μήτε
3558 440 3666 510 τὴν

407 528 544 594 tilet,
568 542 876 598 corpusque
916 528 1121 583 Christi
1145 544 1399 583 mancum
1446 527 1632 582 faciat.
1666 526 1784 580 Non
1831 526 1975 580 enim

2070 526 2375 598 Εκκλησίαν
2406 526 2663 581 κολοὸοῦν
2706 526 2898 581 ἑαυτὸν
2953 526 3311 600 ὑφαιροῦντα,
3358 530 3452 583 καὶ
3500 531 3670 601 παρὰ

406 620 474 674 de
511 620 893 677 sacerdotibus
931 621 1198 675 duntaxat
1239 621 1446 675 dictum
1470 627 1588 685 est;
1622 618 1715 674 sed
1739 627 1795 673 et
1824 619 1979 689 quis-

2080 616 2243 689 μέλος
2268 620 2439 672 ποιεῖν
2466 618 2528 672 τὸ
2546 619 2707 691 σῶμα
2732 618 2825 673 τοῦ
2848 618 3104 692 Χριστοῦ
3135 618 3197 674 οὐ
3226 620 3334 693 γάρ
3353 620 3511 691 μόνον
3528 623 3669 692 περὶ

405 727 510 780 que
531 712 705 766 laicus
724 713 792 767 de
822 728 881 768 se
906 728 1124 783 quoque
1148 713 1433 782 intelligat,
1461 719 1722 782 reputans
1760 711 1905 781 quod
1946 725 1976 764 a

408 801 635 857 Domino
654 802 859 857 dictum
898 805 972 858 sit
1000 822 1013 857 :
1052 803 1195 870 «Qui
1220 819 1329 858 non
1362 811 1445 859 est
1496 819 1707 858 mecum
1736 842 1751 865 ,
1783 812 1974 857 contra

406 911 491 949 me
513 905 622 960 cst,
644 904 699 949 et
726 896 818 965 qui
852 912 959 950 non
993 906 1289 965 congregat
1336 910 1573 959 mecum,
1611 897 1818 966 spargit
1848 898 1913 950 ³⁸.
1952 915 1970 948 ι

406 984 573 1055 lgitnr
620 1003 717 1043 vos
744 988 915 1056 ipsos,
947 988 1040 1057 qui
1086 988 1221 1042 estis
1254 988 1496 1041 membra
1526 987 1756 1049 Christi,
1807 990 1976 1045 nolite

404 1093 677 1149 spargere,
725 1078 954 1133 fratrum
985 1086 1161 1133 coetus
1206 1094 1316 1133 non
1350 1078 1621 1133 adeundo.
1657 1081 1761 1145 Qui
1812 1093 1976 1152 caput

406 1171 617 1226 habetis
643 1170 944 1233 Christum,
966 1172 1121 1240 juxta
1156 1171 1577 1241 promissionem
1616 1189 1772 1228 suam
1817 1176 1975 1232 nobis

356 1293 361 1297 ο
404 1261 650 1318 ﬁdelibus
668 1271 989 1333 praesentem
1013 1271 1067 1318 et
1089 1265 1487 1329 consociatum,
1503 1266 1667 1320 vestri
1692 1282 1881 1321 curam
1906 1285 1975 1324 ne

405 1354 727 1421 projiciatis,
757 1371 858 1410 nec
889 1356 1226 1410 Salvatorem
1278 1356 1395 1411 suis
1433 1357 1694 1413 membris
1721 1361 1970 1429 privetis,

402 1460 503 1500 nec
524 1446 673 1500 illius
703 1461 903 1516 corpus
952 1450 1288 1518 partiamini,
1317 1465 1417 1504 nec
1440 1451 1683 1505 membra
1726 1454 1972 1522 ejusdem

399 1535 748 1607 dispergatis,
774 1554 950 1608 neque
1000 1540 1164 1595 verbo
1192 1540 1283 1596 Dei
1314 1542 1443 1595 huic
1493 1543 1615 1597 vita:
1662 1551 1972 1603 necessaria

400 1630 760 1696 praeponatis;
827 1630 923 1684 sed
985 1631 1216 1701 singulis
1274 1632 1467 1687 diebus
1524 1640 1969 1707 congregemini,

2080 709 2269 781 ἱερέων
2297 710 2519 783 ἐρρέθη,
2566 710 2705 765 ἀλλά
2731 713 2826 766 καὶ
2868 712 3100 775 ἕκαστος
3124 710 3231 765 τῶν
3275 710 3477 765 λαῖκῶν
3528 713 3670 783 περὶ

2076 799 2271 854 ἑαυτοῦ
2299 803 2565 865 ἀκουέτω,
2595 802 2939 874 λογιζόμενος
2966 803 3047 856 ὅτι
3063 802 3277 875 εἴρηται
3306 801 3410 855 ὑπὸ
3426 800 3522 855 τοῦ
3546 804 3670 856 Κυ-

2078 893 2218 965 ρίου·
2254 913 2273 946 ι
2310 895 2367 948 'U
2403 896 2477 968 μὴ
2509 895 2620 968 (72)
2650 895 2727 950 ὢν
2760 895 3048 968 μετ’ἑμοῦ,
3080 897 3201 948 κατ’
3222 894 3357 966 ἐμοῦ
3388 896 3503 947 ἑστι
3527 935 3544 956 ,
3566 896 3669 947 καὶ

2074 989 2103 1041 ὁ
2126 987 2200 1059 μὴ
2233 988 2483 1056 συνάγων
2529 990 2646 1058 μετ’
2673 988 2831 1059 ἐμοῦ,
2863 989 3167 1061 σκορπίζει.
3199 1007 3217 1039 i
3250 987 3343 1059 Μὴ
3385 985 3475 1040 οὖν
3520 987 3669 1041 ἑαυ-

2074 1080 2203 1141 τοὺς
2225 1081 2359 1152 μέλη
2384 1081 2543 1144 δντας
2572 1080 2668 1133 τοῦ
2703 1081 2940 1152 Χριστοῦ
3006 1080 3350 1151 σκορπίζετε,
3403 1079 3474 1149 μὴ
3529 1096 3672 1131 συν-

2074 1170 2465 1244 αθροιζόμενοι.
2485 1173 2716 1244 Χριστὸν
2744 1174 2984 1244 κεφαλὴν
3000 1172 3211 1242 ἔχοντες
3232 1173 3363 1244 (75),
3386 1171 3531 1225 κατὰ
3558 1174 3672 1243 τὴν

2076 1266 2410 1334 ἐπαγγελίαν
2437 1266 2603 1319 αὐτοῦ
2627 1267 2853 1321 συνόντα
2868 1269 2961 1320 καὶ
2982 1265 3339 1320 κοινωνοῦντα
3370 1265 3475 1335 (ταί)
3492 1266 3669 1335 ἡμῖν,

2077 1358 2151 1428 μὴ
2182 1357 2432 1426 ἀμελεῖτε
2463 1358 2671 1411 ἑαυτῶν
2690 1398 2703 1421 ,
2738 1358 2870 1429 μηδὲ
2912 1359 3261 1428 ἀποστερεῖτε
3287 1357 3380 1409 τὸν
3422 1357 3673 1427 Σωτῆρα

2072 1450 2180 1502 τῶν
2211 1450 2423 1503 οίκείων
2457 1450 2654 1520 μελῶν,
2690 1450 2823 1521 μηδὲ
2860 1449 3115 1521 διαιρεῖτε
3155 1447 3215 1499 τὸ
3261 1448 3417 1517 σῶμα
3460 1446 3671 1506 αὐτοῦ,

2077 1541 2211 1612 μηδὲ
2242 1541 2561 1613 σκορπίζετε
2583 1541 2653 1595 τὰ
2684 1542 2818 1612 μέλη
2846 1538 3035 1603 αὐτοῦ,
3059 1539 3191 1610 μηδὲ
3207 1539 3529 1610 προκρίνετε
3563 1539 3669 1592 τοῦ

2074 1632 2218 1686 θείου
2248 1634 2405 1701 λόγου
2435 1633 2534 1697 τάς
2567 1633 2825 1703 βιωτικάς
2854 1633 3063 1705 χρείας
3121 1632 3235 1685 ἀλλ’
3252 1632 3485 1702 ἑκάστης
3516 1631 3662 1701 ἡμέ-

366 1734 558 1773 νηιιιιιο
614 1726 669 1773 et
717 1736 964 1791 vespere,
1002 1724 1297 1792 psallentes
1317 1733 1370 1778 et
1392 1734 1611 1781 orantes
1653 1728 1705 1782 in
1762 1731 1970 1787 aedibus

2075 1742 2176 1797 ρας
2206 1725 2621 1798 συναθροίζεσθε
2662 1725 2861 1798 ὄρθρου
2906 1726 3001 1778 καὶ
3046 1724 3318 1795 ἑσπέρας,
3360 1723 3665 1792 ψάλλοντες

398 1808 718 1875 Dominicis,
769 1828 927 1868 mane
955 1816 1173 1884 quidem
1198 1816 1445 1871 dicentes
1478 1819 1748 1887 psalmum
1808 1837 1969 1877 sexao

397 1902 660 1971 gesimum
693 1906 1015 1970 secundum,
1048 1922 1271 1976 vespere
1294 1924 1418 1963 vero
1443 1911 1801 1967 centesimum
1833 1928 1970 1984 qua-

360 2032 363 2037 -
396 1993 783 2064 dragesimuni.
810 1992 855 2023 "
890 1996 1172 2067 Praecipue
1205 2009 1385 2054 autem
1410 2000 1499 2055 die
1526 1999 1769 2067 Sabbati,
1806 2014 1860 2059 et
1880 2005 1969 2060 die

396 2100 504 2153 qua
537 2084 803 2143 Dominus
832 2091 1152 2153 resurrexit,
1179 2091 1282 2144 hoc
1311 2100 1396 2146 est
1418 2092 1723 2159 Dominica,
1758 2097 1969 2151 studio-

395 2178 511 2233 sius
540 2180 606 2232 ad
649 2182 934 2235 ecclesiam
967 2184 1259 2246 occurrite,
1296 2193 1354 2236 ut
1384 2185 1636 2240 laudibus
1664 2202 1963 2257 prosequa-

395 2270 527 2323 inini
557 2267 746 2335 Deum,
782 2276 873 2344 qui
906 2276 1151 2330 condidit
1178 2278 1359 2330 omnia
1386 2293 1482 2347 per
1508 2276 1716 2345 Jesum,
1735 2295 1970 2349 eumque

395 2359 463 2412 ad
492 2376 594 2416 nos
622 2366 954 2431 amandavit,
980 2368 1089 2436 pati
1122 2370 1392 2437 permisit,
1426 2385 1489 2423 ac
1509 2386 1577 2423 ex
1602 2372 1839 2426 mortuis
1872 2388 1969 2427 su-

394 2451 629 2509 scitavit.
657 2455 773 2521 Qua
799 2460 942 2512 enim
972 2461 1365 2530 expurgatione
1382 2463 1525 2530 apud
1568 2462 1732 2517 Deum
1763 2471 1964 2529 utetur,

393 2544 487 2611 qui
559 2546 627 2599 ad
681 2548 1009 2603 audiendum
1062 2551 1355 2605 salutarem
1419 2554 1486 2607 de
1565 2556 1969 2613 resurrectione

388 2648 700 2691 sermonem
732 2655 840 2693 non
871 2642 1124 2695 convenit
1153 2644 1206 2695 in
1232 2643 1321 2697 die
1352 2644 1668 2701 Doininico?
1697 2649 1751 2701 in
1777 2665 1886 2718 quo
1914 2660 1969 2704 et

394 2734 507 2782 tres
530 2731 873 2799 precationes
927 2734 1123 2788 stando
1165 2739 1500 2805 peragimus,
1533 2739 1599 2793 ad
1646 2742 1967 2798 memoriam

394 2820 564 2885 illius,
590 2823 683 2893 qui
714 2823 768 2877 in
802 2825 983 2880 triduo
1012 2829 1342 2881 resurrexit:
1367 2837 1422 2883 et
1466 2830 1522 2883 in
1550 2846 1661 2900 quo
1698 2832 1968 2888 habentur

394 2910 555 2966 lectio
578 2914 987 2983 prophetarum,
1015 2916 1293 2990 Evangelii
1317 2921 1657 2990 praedicatio,
1710 2925 1968 2980 sacriﬁcii

391 3004 619 3069 oblatio,
660 3015 715 3062 et
736 3010 878 3063 sacri
906 3010 1013 3065 cibi
1047 3011 1273 3066 donum.

2071 1818 2165 1871 καὶ
2212 1818 2638 1890 προσευχόμενοι
2680 1819 2738 1871 ὲν
2778 1819 2894 1882 τοῖς
2943 1819 3264 1889 Κυριακοῖς’
3308 1815 3506 1888 ὄρθρου
3557 1814 3663 1884 μὲν

2070 1910 2320 1978 λέγοντες
2374 1910 2589 1981 ψαλμὸν
2641 1910 2734 1963 τὸν
2767 1908 2864 1980 ξβ’,
2900 1909 3138 1980 ἑσπέρας
3174 1909 3233 1962 δὲ
3259 1908 3351 1961 τὸν
3382 1914 3470 1980 ρμ¹
3514 1905 3656 1975 (75).

2070 2002 2323 2054 Μάλιστα
2350 2000 2406 2055 δὲ
2434 2002 2492 2054 ἑν
2520 2004 2587 2072 τῇ
2618 2001 2801 2073 ἡμέρᾳ
2816 2000 2911 2054 τοῦ
2934 2001 3238 2063 Σαϐϐάτου,
3263 2001 3358 2054 καὶ
3385 2002 3525 2071 ἑντῇ
3559 1999 3655 2052 τοῦ

2070 2095 2275 2165 Κυρίου
2292 2094 2667 2164 ἀναστασίμῳ,
2684 2096 2750 2165 τῇ
2768 2096 3042 2164 κυριακῇ,
3063 2093 3461 2163 σπυδαιτὲρως
3478 2094 3657 2145 ἀπαν-

2070 2189 2217 2249 τᾶτε,
2239 2183 2383 2239 αἶνον
2410 2186 2823 2256 ἀναπέμποντες
2835 2186 2913 2256 τῷ
2928 2185 3045 2257 Θεῷ
3058 2185 3136 2255 τῷ
3152 2186 3435 2256 ποιήσαντι
3465 2184 3538 2237 τὰ
3557 2184 3655 2237 ὅλα

2070 2278 2157 2331 διὰ
2199 2278 2394 2349 Ἰησοῦ,
2421 2280 2515 2331 καὶ
2537 2279 2699 2332 αὐτὸν
2744 2280 2826 2342 εἰς
2855 2280 3001 2350 ἡμᾶς
3030 2278 3139 2350 (76)
3184 2276 3652 2342 ἑξαποστείλαντι,

2072 2371 2166 2423 καὶ
2209 2372 2621 2442 συγχωρήσαντι
2664 2370 2879 2434 παθεῖν,
2922 2370 3015 2423 καὶ
3056 2371 3120 2422 ἑκ
3159 2368 3367 2441 νεκρῶν
3409 2370 3652 2440 ἀναπή-

2073 2479 2245 2516 σαντι.
2293 2464 2443 2516 Ἐπεὶ
2462 2463 2513 2515 τί
2542 2463 2939 2535 ἀπολογήσεται
2967 2462 3043 2534 τῷ
3072 2462 3189 2533 Θεῷ
3216 2465 3244 2515 ὁ
3282 2463 3356 2534 μὴ
3387 2464 3651 2535 συνερχὸ-

2075 2572 2233 2624 μενος
2261 2556 2319 2607 ἑν
2346 2555 2472 2626 τῇδε
2512 2558 2578 2626 τῇ
2610 2556 2794 2627 ἡμέρᾳ
2834 2555 3051 2609 ἀκούειν
3077 2554 3171 2608 τοῦ
3216 2555 3485 2626 σωτηρίου
3516 2557 3653 2627 περὶ

2068 2647 2167 2717 τῆς
2194 2647 2543 2710 ἀναστάσεως
2573 2647 2730 2716 λόγου
2756 2665 2770 2713 ;
2802 2648 2859 2700 ἑν
2951 2648 3044 2701 καὶ
3074 2647 3191 2719 τρὶς
3220 2646 3382 2717 εὐχὰς
3412 2646 3653 2711 ἑστῶτες

2069 2737 2423 2809 ἐπιτελοῦμεν
2455 2738 2588 2810 (77),
2614 2737 2834 2811 μνήμης
2860 2739 3018 2810 χάριν
3043 2738 3136 2791 τοῦ
3177 2738 3268 2792 διὰ
3294 2739 3461 2810 τριῶν
3504 2739 3648 2792 άναο

2071 2831 2295 2894 στάντος
2335 2830 2577 2902 ἡμερῶψ
2627 2832 2686 2885 ἑν
2828 2829 3116 2903 προφητῶν
3157 2829 3496 2898 ἀνάγνωσις,
3548 2832 3651 2884 καὶ

2070 2925 2399 2993 Εὐαγγελίου
2430 2925 2716 2996 κηρυκεία,
2730 2925 2823 2978 καὶ
2842 2922 3032 2987 θυσίας
3046 2923 3310 2996 ἀναφορὰ,
3330 2923 3424 2977 καί
3436 2923 3650 2995 τροφῆς

2073 3020 2225 3091 ἱερᾶς
2251 3018 2448 3090 δωρεά.

464 3144 511 3178 ³⁸
539 3143 727 3201 Matth.
755 3162 851 3212 ιιι,
877 3148 966 3204 50.
1041 3147 1087 3180 ⁸⁸
1117 3149 1153 3204 1.
1183 3146 1354 3221 lgnat.
1386 3150 1642 3222 interpol.
1666 3151 1736 3207 ad
1768 3150 2010 3225 Magnes.
2040 3152 2096 3208 9.

1691 3306 2058 3363 VARIORUM
2095 3304 2304 3362 NOTAE
2318 3346 2332 3361 .

396 3485 550 3571 dotes
570 3494 718 3571 extra
737 3484 982 3571 oglinem
1006 3500 1106 3557 pro
1135 3484 1492 3571 ecclesiarum
1540 3484 1960 3571 necessitatibus

2070 3483 2289 3571 καθιθλν
2328 3474 2573 3571 ἰίζέιριθιλ
2608 3484 2860 3571 Ἰἒξδιτιὶ
3244 3483 3646 3571 iecim-

396 3556 726 3609 imlicebant.
776 3554 1024 3611 Tandem
1050 3570 1167 3609 mos
1198 3555 1442 3617 inolevit,
1492 3562 1551 3607 ut
1580 3557 1821 3624 quotidie
1855 3571 1957 3624 pu-

397 3626 553 3679 blica:
585 3641 774 3693 preces
803 3624 1189 3688 ﬁerent,mane
1206 3633 1260 3679 et
1283 3640 1531 3695 vespere,
1559 3623 1962 3695 ἑωθινοὶῦμνοι,

396 3696 694 3765 προσευχαὶ
713 3694 951 3765 ἑωθιναὶ,
972 3697 1035 3747 λυ
1043 3695 1211 3764 χνικοί
1230 3712 1287 3747 τε
1310 3696 1426 3765 ἅμα
1446 3694 1669 3764 ψαλμοὶ,
1698 3694 1966 3765 naiprc-

398 3759 579 3833 εὐχαί,
606 3759 785 3832 inquit
815 3764 873 3818 Β.
912 3759 1249 3834 Epiphanius
1271 3759 1393 3833 cap.
1425 3759 1761 3833 antepenult.
1789 3759 1966 3834 Edepo—

393 3831 604 3892 sitionis
631 3831 797 3905 ﬁdei:
822 3831 985 3905 utque
1012 3831 1383 3905 recitarentur
1404 3831 1762 3905 quas'vocant
1780 3831 1965 3905 iloras

372 3900 716 3967 'canonicas,
738 3903 805 3957 de
820 3900 1020 3972 quibus
1047 3904 1310 3958 inferius:
1338 3912 1390 3957 et
1412 3900 1470 3957 nt
1489 3903 1674 3956 multis
1698 3903 1751 3955 in
1780 3900 1967 3958 Eccle-

401 3974 499 4029 siis
552 3974 932 4043 quotidianum
988 3974 1342 4035 sacrificium,
1399 3972 1718 4042 quotidiana
1772 3972 1962 4036 missa,

401 4043 717 4109 quotidiana
753 4044 976 4106 oblatio,
1010 4045 1189 4097 locum
1217 4044 1473 4106 haberet;
1504 4042 1966 4109 quemadmodum

439 4059 717 4098 uouurana
753 4059 976 4106 ontatio,
1010 4059 1189 4097 locum
1217 4059 1473 4106 haberet;
1504 4059 1964 4109 quemaunioaum

396 4059 660 4168 ﬂocemur
689 4127 785 4183 per
815 4128 1079 4183 canonem
1134 4114 1167 4169 5
1215 4113 1432 4167 concilii
1485 4110 1754 4183 Toletani-
1783 4112 1964 4183 primi,

398 4198 496 4252 per
518 4179 823 4238 sermonem
847 4182 1120 4238 Ambrosii
1153 4183 1242 4247 54,
1269 4189 1322 4238 et
1350 4198 1445 4253 per
1471 4182 1755 4251 epistolam
1788 4179 1969 4251 Augu-

398 4254 528 4307 stini
563 4254 686 4308 118.
719 4252 856 4308 Cor.

456 4269 528 4307 1111
563 4269 686 4308 116.
719 4269 856 4308 ΒΟΤ.

398 4268 528 4307 sum
563 4268 686 4308 ιιδ.
719 4268 856 4308 Cor.

470 4322 583 4393 (72)
626 4323 803 4394 Ὁμή.
828 4322 1133 4394 Ριαείίεἰιυτ
1151 4323 1411 4394 ὄτι,‹ιιιο(1
1438 4322 1785 4393 praemittitur
1801 4320 1965 4394 etiam

398 4392 636 4449 oratiOni
661 4392 903 4464 directa),
934 4392 1184 4464 quamvis
1214 4392 1392 4448 ouiitti
1421 4392 1641 4464 quoque
1673 4392 1868 4462 possit,
1898 4406 1965 4446 ex

398 4464 571 4517 altero
602 4463 727 4519 cod.
760 4462 1069 4519 Vindobon.
1105 4464 1272 4519 Cum.

496 4532 583 4602 75)
614 4535 915 4602 Ἔχοντες.
944 4534 1095 4587 Alter
1122 4535 1243 4587 cod.
1280 4532 1450 4602 ἔχετε.
1482 4530 1560 4588 lo.

398 4670 429 4724 ὕ
466 4600 1062 4728 ςῑ7ι1)ΟΚὸινωνοῦντα.
1119 4603 1179 4657 ln
1220 4600 1410 4658 eodem
1456 4618 1559 4658 ms.
1620 4600 1967 4655 συνοικοῦντα

438 4689 546 4728 μν.
619 4687 712 4728 or.

499 4689 546 4725 V.
576 4687 712 4728 UO'I‘.

438 4689 865 4812 “(igihggaﬁpov
887 4742 1003 4812 μὲν
1029 4741 1308 4810 λέγοντες
1334 4741 1579 4812 ψαλμὸν
1602 4740 1708 4792 τὸν
1735 4739 1848 4812 {ﬂ},
1868 4741 1969 4795 ἐσ-

399 4810 585 4883 πέρας
611 4810 680 4864 δὲ
709 4810 817 4867 τὸν
834 4810 950 4881 ρμκ
983 4811 1102 4867 Lib.
1129 4830 1247 4883 vui,
1273 4828 1392 4883 cap.
1420 4811 1516 4883 355:
1538 4810 1630 4883 τὸν
1657 4810 1963 4883 ἑπιλῦχνιον

396 4830 1102 4959 ῗξῗέἕγῗέιτὲζρέίέῆεϊξὲῗί
1122 4830 1392 4959 ἕεέἓριξὲεξ
1420 4830 1851 4959 ὅὲζεῖιῗῖιξᾷξΐέεζὶ

398 4949 620 5019 videndi
652 4949 849 5019 praeter
875 4949 1235 5013 recentiores;
1261 4949 1595 5005 Athanasius
1627 4949 1867 5018 Epistola
1889 4950 1958 5003 ad

400 5018 916 5093 arcellinum,pag.
941 5023 1065 5084 975,
1079 5030 1133 5077 et
1150 5024 1287 5077 libro
1303 5022 1375 5076 De
1396 5022 1711 5092 virginitate,
1728 5020 1956 5093 p.1057;

397 5089 825 5162 Clirysostomus
857 5089 911 5147 iii
941 5095 1206 5162 psalmum
1233 5108 1355 5154 (λη,
1389 5089 1551 5161 paulo
1576 5099 1699 5160 post
1720 5089 1958 5162 initium;

399 5159 698 5229 Cassianus
728 5161 804 5214 De
827 5159 1175 5217 coenobiorum
1201 5159 1457 5216 instituiis
1487 5159 1593 5215 lib.’
1622 5176 1704 5222 ιιι,
1748 5175 1869 5229 cap.
1904 5161 1959 5225 5,

400 5228 465 5303 6;
502 5229 829 5303 Benedictus
851 5231 1061 5303 Regula:
1084 5248 1194 5286 suae
1225 5248 1343 5302 cap.
1378 5232 1469 5303 12Ξ
1501 5232 1601 5297 18;
1631 5228 1961 5303 Aurelianus

401 5298 457 5353 in
487 5300 685 5354 Ordine
722 5298 1003 5370 psallendi,
1027 5310 1082 5357 et
1106 5298 1414 5357 Amalai'ius
1438 5302 1515 5355 De
1534 5300 1718 5355 eccles.
1745 5300 1835 5368 off.
1864 5300 1959 5354 lib.

402 5382 476 5433 tv,
507 5387 629 5440 cap.
663 5372 751 5428 10.
783 5371 937 5437 Quod
970 5373 1015 5426 si
1041 5372 1171 5427 mihi
1202 5372 1534 5425 concedatur
1573 5370 1777 5440 aliquid
1806 5378 1960 5424 extra

400 5453 515 5492 rem
555 5442 723 5495 louur.
753 5444 994 5495 conabor
1050 5441 1311 5494 medelam
1340 5441 1534 5495 all‘erre
1571 5441 1691 5495 loco
1724 5439 1805 5494 S.‘
1830 5439 1958 5495 Eui—

400 5454 515 5492 rem
555 5454 723 5510 lquI,
753 5454 994 5497 conabor
1050 5454 1311 5494 medelam
1340 5454 1534 5496 auerre
1572 5454 1691 5498 loco
1724 5454 1782 5494 δ.
1830 5454 1958 5509 tapi-

400 5508 586 5589 phanii
614 5512 760 5589 circa
783 5513 920 5589 psal.
953 5525 1077 5576 ch,
1100 5510 1193 5580 qui
1223 5512 1378 5589 locus
1405 5527 1513 5589 non
1544 5511 1834 5589 infeliciter
1862 5523 1959 5589 per

399 5576 664 5651 Joannem
712 5576 936 5635 Croium
983 5576 1225 5651 tentatus
1283 5582 1403 5636 l'uit.
1454 5582 1532 5635 En
1577 5581 1741 5636 verba
1770 5576 1957 5651 Cyprii

402 5650 673 5721 praesulis,
697 5651 956 5721 posita_in
987 5652 1124 5706 libro
1155 5650 1232 5704 De
1253 5651 1568 5718 ponderibus
1597 5661 1647 5705 et
1672 5649 1955 5721 "mensuris

400 5729 520 5793 gap.
562 5718 633 5793 6:_
686 5716 783 5793 Ἔν
824 5716 1703 5793 τνῷ-ἐκατοστῷήτεσσαρακοστῷ

403 5773 578 5840 {at-cito
619 5790 676 5842 ὲν
712 5790 795 5861 τῷ
838 5773 1118 5864 Ἑϐραῖκῷ
1151 5773 1367 5854 οὕτως(
1673 5773 1690 5856 ξ
1754 5773 1958 5859 Ἦλῖχᾶ

1856 4881 1960 4935 mis
1992 4849 2041 4907 Β

2065 3554 2349 3624 νευόμενα’
2380 3553 2901 3624 Κύριε,ίὲξέχραξα
2928 3554 3076 3620 πρὸς
3117 3552 3193 3606 σὲ
3214 3592 3229 3615 ,
3276 3551 3646 3624 εὶσῖὰκούἐγόν

2059 3621 2205 3692 μου,
2237 3625 2501 3691 πρόσχες
2529 3623 2604 3691 τῇ
2618 3621 2809 3691 φωνῇ.
2842 3622 2901 3676 In
2931 3635 3210 3677 centesimo
3231 3622 3645 3692 quadragesimo

2065 3694 2271 3762 psalmo
2295 3694 2438 3747 locus
2462 3702 2538 3746 est
2596 3695 2649 3746 ui
2674 3696 2750 3747 sic
2796 3693 3051 3747 llebraice
3108 3694 3324 3761 legitur:
3355 3711 3373 3743 ι
3402 3694 3640 3761 Adonei,

2069 3763 2257 3815 Eliclta
2297 3762 2525 3815 Carimi.
2560 3711 2764 3815 (ismael
2806 3762 3017 3815 Jebbita
3060 3762 3250 3815 IIacoL
3284 3781 3303 3814 ι
3355 3762 3473 3815 Hoc
3516 3777 3597 3815 est
3623 3783 3640 3815 :

2069 3763 2257 3816 Elieha
2297 3762 2525 3826 Carimi,
2566 3762 2764 3817 Ismael
2806 3762 3017 3816 Jebbita
3060 3762 3250 3816 IIacoL
3284 3781 3303 3814 ι
3355 3762 3473 3816 Hoc
3516 3777 3597 3818 est
3623 3783 3643 3819 :

2073 3852 2091 3882 ι
2127 3833 2365 3896 Domine,
2395 3834 2624 3886 clamavi
2665 3834 2733 3885 ad
2760 3845 2827 3895 te,
2853 3834 3047 3886 exaudi
3072 3849 3171 3895 me,
3204 3832 3411 3887 intende
3448 3838 3587 3891 voci.
3618 3858 3637 3887 ι

2056 3898 2132 3948 Ad
2164 3913 2285 3969 qlia:
2311 3908 2463 3952 notat
2496 3901 2690 3953 Croius
2717 3917 2836 3969 cap.
2866 3902 3409 3969 lziubservatiouum
3438 3902 3494 3952 in
3526 3899 3647 3951 Νο-

2054 3982 2174 4019 vum
2207 3966 2620 4035 Testamentum,
2646 3966 2803 4023 aliter
2832 3970 2883 4023 in
2917 3968 3145 4023 [lehneo
3173 3968 3475 4038 Scriptura:
3504 3985 3642 4023 con-

2052 4044 2202 4091 textu
2228 4038 2354 4109 legi,
2389 4040 2646 4093 nimirum
2679 4056 2694 4093 :
2742 4038 2989 4102 Ἀδωναῒ,
3021 4039 3323 4110 Κερατιχά,
3355 4039 3508 4093 Οΰσα
3537 4041 3640 4100 At,

2079 4110 2298 4181 ’Λαζινά
2327 4111 2494 4173 Κωλί,
2524 4122 2577 4166 et
2617 4110 2838 4181 Ἰσμαὴλ
2881 4111 3313 4181 ’1ε66ιτά,)γοςεδ
3344 4111 3501 4166 nihili
3516 4130 3642 4168 mu-

2067 4180 2171 4252 tari
2204 4179 2478 4252 deberegin
2502 4181 2649 4251 Σεμά
2678 4179 2811 4252 ’ῌλίζ
2841 4181 3082 4252 Ἑκσιὸά.
3113 4179 3394 4252 Mihivero
3418 4183 3640 4252 longius

2069 4251 2296 4321 petitum
2333 4250 2553 4321 videtur,
2578 4250 2819 4321 verbum
2858 4251 3097 4303 Ἑκσιὸά·
3124 4251 3402 4320 magisque
3454 4250 3640 4321 placet

2080 4318 2300 4371 Ἐὁόιτά
2331 4335 2427 4388 pro
2468 4320 2709 4382 Ἀ66ιοἀ,
2736 4330 2942 4378 meum.
2966 4322 3103 4375 Cor.

2138 4388 2251 4457 (76)
2282 4393 2385 4454 Εὶς
2414 4389 2587 4457 ἡμᾶς.
2618 4388 2827 4445 Desunt
2851 4394 2903 4443 in
2940 4392 3112 4444 altero
3142 4388 3635 4445 c«nl.\’ind.llt.e|.

2139 4458 2250 4528 (77)
2288 4460 2418 4526 Τρίς
2447 4459 2528 4513 vel
2550 4458 2705 4525 τρεῖς
2730 4461 2913 4527 εὐχὰς
2940 4458 3194 4525 ἑστῶτες
3219 4459 3634 4529 ἐπιτελοῦμεν.

2067 4524 2133 4580 Et
2148 4524 2331 4597 trium
2371 4524 2595 4597 precum
2632 4524 2836 4583 mentio
2878 4532 2930 4583 in
2961 4524 3175 4584 canone
3214 4530 3277 4584 l9
3309 4524 3641 4585 Laodicenae

2046 4595 2261 4665 synodi.
2291 4594 2353 4649 Et
2372 4594 2751 4666 'seripseratin
2798 4602 2938 4657 libro
2967 4599 3039 4651 De
3075 4597 3339 4651 Paschate
3385 4598 3450 4651 S.
3516 4600 3637 4655 1η·-

2044 4678 2217 4729 naeus,
2234 4674 2368 4720 teste
2390 4678 2610 4724 auctore

2630 4671 2995 4735 Qmestionnm
3023 4667 3093 4720 ad
3113 4668 3485 4729 Ortltodoxos,
3502 4684 3636 4738 cap.

2071 4738 2193 4803 115,
2219 4738 2357 4806 apud
2391 4736 2665 4791 Justinum
2698 4744 3011 4806 martyrem,
3047 4739 3280 4806 cmpisse
3304 4750 3336 4787 ι
3366 4736 3635 4806 tempori—

2071 4807 2173 4861 bus
2206 4803 2519 4876 apostolicis
2547 4803 2997 4876 consuetudinem
3032 4803 3147 4858 non'
3171 4803 3425 4876 ﬂectendi
3482 4803 3639 4874 genu

2067 4877 2121 4930 in
2152 4874 2252 4931 die
2265 4876 2568 4931 Dominico.
2597 4874 2671 4928 De
2685 4876 2954 4945 geniculis
3001 4892 3104 4929 non
3147 4875 3372 4927 adorare
3399 4876 3639 4945 Linquit

2064 4946 2427 5015 Hieronymus
2456 4945 2654 5001 Contra
2673 4943 3034 5012 Luciferianos
3059 4946 3237 5014 capJ,
3262 4952 3387 5013 post
3415 4943 3639 4999 Tertul-

2065 5014 2281 5070 lianuni
2299 5016 2373 5069 De
2414 5031 2611 5069 corona
2645 5030 2767 5083 cap.
2812 5016 2864 5069 5.
2892 5014 2941 5070 ls
2967 5030 3084 5069 mos
3109 5015 3447 5083 apostolicus
3470 5017 3642 5070 inter-

2064 5086 2344 5141 mittenda:
2363 5085 2754 5155 genuﬂexionis
2784 5100 2850 5138 eo
2877 5086 2985 5144 die.
3020 5100 3086 5138 ac
3114 5085 3375 5155 precandi
3396 5100 3639 5154 corpore

2063 5164 2244 5211 stante
2271 5165 2327 5210 et
2350 5154 2554 5217 erecto,
2579 5171 2689 5209 non
2718 5162 2899 5209 autem
2925 5161 3099 5208 strato
3127 5170 3191 5207 ac
3218 5154 3484 5208 inclinato
3504 5195 3517 5215 ,
3554 5156 3641 5208 in-

2064 5226 2280 5279 dicatur
2307 5228 2471 5280 etiam
2502 5235 2664 5294 atque
2710 5225 3003 5294 exponitur
3033 5226 3102 5279 ab
3131 5224 3361 5285 Hiiario,
3398 5223 3637 5293 Prologo

2063 5296 2119 5348 in
2138 5297 2393 5365 psalmos;
2412 5293 2979 5365 Petro’Alexandrino,
3001 5294 3254 5349 Oratione
3266 5293 3331 5347 de
3344 5294 3637 5359 Paschate;

2062 5364 2264 5421 Basilio
2289 5381 2409 5434 cap.
2436 5364 2526 5430 27,
2551 5366 2676 5418 libri
2698 5365 2775 5418 De
2807 5364 3013 5433 Spiritu
3043 5374 3261 5431 sancto;
3293 5366 3634 5433 Augustino,

2058 5438 2220 5505 epist.
2258 5437 2381 5498 119,
2413 5450 2536 5506 cap.
2576 5436 2666 5499 15,
2703 5436 2789 5497 l7;
2821 5435 3087 5490 Cassiano
3120 5436 3215 5489 lib.
3251 5453 3289 5490 ιι
3349 5435 3428 5489 De
3475 5435 3639 5506 insti-

2061 5504 2188 5560 tatis
2211 5504 2561 5562 coenobioram
2582 5522 2700 5574 cap.
2728 5506 2816 5567 18,
2849 5513 2905 5560 et
2945 5505 3236 5560 collatione
3264 5506 3355 5567 21,
3389 5520 3516 5574 cap.
3536 5504 3636 5569 20;

2060 5575 2296 5632 Maximo
2321 5574 2669 5641 Taurinensi,
2704 5590 2957 5631 sermone
2987 5576 3021 5628 5
3066 5574 3141 5628 De
3167 5574 3495 5638 Pentecoste,
3538 5584 3638 5644 qui

2058 5656 2144 5701 est
2165 5649 2309 5701 inter
2327 5647 2718 5701 Ambrosianos
2749 5647 2842 5710 60;
2869 5644 3102 5699 Martino
3126 5645 3475 5708 Bracarensi,
3505 5643 3642 5701 Col-

2059 5716 2296 5771 lectionis
2325 5732 2584 5787 canonum
2606 5732 2729 5786 cap.
2761 5716 2862 5787 57A;
2905 5714 3506 5787 PatribushTrullanm.
3536 5732 3640 5787 sy-

2060 5789 2186 5843 nodi
2210 5800 2421 5844 canone
2450 5784 2540 5854 90;
2570 5783 2790 5843 concilii
2815 5784 3154 5842 Turonensis
3178 5786 3232 5852 5,
3274 5801 3401 5841 can.
3434 5783 3539 5854 δη
3577 5783 3641 5841 et
