3876 6188
153 305 274 361 Ἰιὶθ

1041 297 1644 355 CONSTITUTIONES
1681 299 2156 355 APOSTOLICAS.
2195 329 2267 341 -—
2304 298 2431 353 LIB.
2471 297 2533 352 ll.

3323 303 3424 359 750

148 399 236 485 είς
267 417 592 492 συναγωγὴν
630 416 919 479 Ἰουδαίων,
965 415 998 485 ἦ
1028 416 1338 487 αἱρετικῶψ
1375 417 1403 468 ὁ
1433 414 1671 477 τοιοῦτος
1700 416 1752 468 τί

1857 432 1976 469 rum
2002 415 2185 469 fanum
2212 415 2519 479 intraverit,
2546 422 2636 469 aut
2662 420 2717 468 In
2747 429 3083 486 synagogam
3109 410 3421 472 Juda‘orum

146 511 561 581 ἀπολογήσεται
604 509 685 580 τῷ
730 508 869 578 Θεῷ,
930 508 988 561 ἐν
1031 509 1217 580 ἡμέρᾳ
1266 508 1534 579 κρίσεως;
1590 508 1769 577 λόγια

143 603 292 657 Θεοῦ
324 603 529 667 ζῶντος
567 599 906 663 καταλιπὼν,
939 599 1116 663 ζῶντα
1144 599 1240 652 καὶ
1267 597 1633 663 ζωοποιοῦντα
1653 601 1747 653 καὶ

140 696 427 766 δυνάμενα
464 692 731 765 ῥύσασθαι
759 691 1032 755 κολάσεως
1060 690 1300 744 αἰωνίου·
1332 691 1428 744 καὶ
1463 690 1747 762 πορευθεὶς

141 789 228 850 εἰς
259 784 411 840 οἷκον
439 784 730 855 δαιμόνων,
759 783 793 855 ἢ
821 784 902 846 εἰς
922 782 1032 853 (97)
1067 781 1390 853 συναγωγὴν
1416 782 1746 853 Χριστοκτό-

143 896 259 931 νων
285 918 299 939 ,
329 878 363 948 ἢ
395 876 691 947 ἐκκλησίαν
723 873 1189 946 πονηρευομένων·
1235 875 1337 927 οὐκ
1383 872 1623 935 ἀκούσας
1649 873 1744 925 τοῦ

142 971 419 1034 εἰπόντος’
456 988 476 1020 ι
520 968 787 1039 Ἑμίσησα
815 966 1112 1038 ἐκκλησίαν
1143 965 1619 1037 πονηρευομένων,
1652 968 1746 1019 καὶ

146 1062 294 1131 μετὰ
318 1059 781 1133 παρανομούντων
802 1060 862 1112 οὐ
887 1058 961 1129 μὴ
978 1057 1219 1111 είσέλθω’
1240 1058 1340 1110 οὐκ
1358 1057 1587 1111 ἐκάθισα
1610 1057 1746 1128 μετὰ

144 1155 431 1227 συνεδρίου
448 1152 927 1225 ματαιότητος,καὶ
942 1150 1077 1223 μετὰ
1088 1150 1298 1204 ἀσεϐῶν
1312 1150 1373 1202 οὐ
1390 1149 1463 1221 μὴ
1476 1148 1578 1203 καθ
1588 1150 1703 1202 ίσω.
1722 1169 1739 1200 ι

144 1248 262 1299 Καὶ
282 1246 513 1299 πάλιννι
538 1244 823 1316 Μακάριος
842 1243 1003 1314 ἀνὴρ,
1024 1242 1083 1305 ὃς
1102 1243 1202 1295 οὐκ
1218 1241 1487 1312 ἐπορεύθη
1508 1242 1566 1293 ἐν
1581 1240 1742 1312 βουλῇ

140 1338 388 1401 ἀσεϐῶν,
407 1338 501 1391 καὶ
520 1338 578 1389 ἐν
594 1336 698 1407 ὁδῷ
717 1334 1056 1407 ἁμαρτωλῶν
1074 1335 1172 1387 οὐκ
1192 1333 1343 1404 ἔστη,
1366 1335 1458 1388 καὶ
1473 1334 1564 1385 ἐπὶ
1584 1333 1745 1386 καθέ-

138 1431 293 1501 δραν
315 1428 520 1499 λοιμῶν
542 1428 651 1499 (98)
679 1429 780 1481 οὐκ
811 1427 1082 1480 ἐκάθισεν·
1104 1425 1217 1478 ἀλλ’
1240 1425 1272 1495 ἢ
1300 1427 1356 1478 ἐν
1374 1423 1452 1495 τῷ
1471 1424 1620 1495 νόμῳ
1641 1426 1746 1477 Κυ-

140 1521 269 1592 ρίου
282 1521 344 1574 τὸ
366 1520 576 1591 θέλημα
595 1518 781 1586 αὑτοῦ,
803 1520 897 1572 καὶ
920 1521 977 1571 ἐν
1006 1517 1085 1588 τῷ
1103 1516 1252 1586 νόμῳ
1272 1514 1436 1569 αὑτοῦ
1461 1515 1743 1586 μελετήσει

136 1613 368 1685 ἡμέρας
389 1613 484 1666 καὶ
510 1612 720 1675 νυκτός.
748 1632 766 1663 ι
802 1612 874 1666 Σὺ
904 1611 961 1664 δὲ
990 1608 1302 1663 καταλιπίον
1317 1607 1424 1661 τῶν
1447 1607 1654 1660 πιστῶν
1682 1607 1761 1660 τὸμ

140 1704 547 1777 συνάθροισμα,
568 1703 662 1757 τοῦ
690 1701 826 1757 Θεοῦ
851 1702 948 1773 τὴν
988 1700 1313 1771 Ἐκκλησίαν
1333 1739 1348 1762 ,
1379 1700 1505 1762 τοὺς
1533 1699 1741 1753 ἐκείνου

1851 508 1935 561 vel
1972 507 2385 573 haereticorum;
2412 507 2459 561 is
2483 521 2645 576 quam
2671 506 2725 560 in
2754 506 2841 560 die
2864 506 3057 575 judicii
3089 505 3200 562 Deo
3236 507 3424 564 aﬂ'eret

1849 596 2256 653 defensionem?
2282 596 2327 629 δ’
2358 613 2482 651 cum
2526 598 2879 668 dereliquerit
2912 597 3003 653 Dei
3036 600 3269 657 viventis
3300 616 3423 655 ora-

1848 690 1991 752 cula,
2017 690 2183 743 vitam
2214 697 2267 741 et
2298 689 2553 743 habentia
2582 698 2634 744 et
2664 690 3127 745 communicantia
3150 731 3163 755 ,
3197 707 3426 763 qua:tu

1850 780 1917 833 ab
1960 789 2166 834 interno
2204 781 2474 849 supplicio
2512 789 2744 850 possunt
2785 782 3047 848 liberare;
3072 792 3126 837 et
3160 784 3227 839 ad
3252 785 3422 839 aedem

1847 870 2156 927 daemonum
2178 912 2193 936 ,
2227 879 2321 925 aut
2353 872 2422 925 ad
2456 888 2785 943 synagogam
2809 873 3297 947 Christicidarum,
3331 885 3426 930 aut

1849 965 1915 1018 ad
1952 965 2241 1019 ecclesiam
2272 964 2689 1034 malignantium
2719 981 2777 1019 se
2807 967 3141 1034 contulerit;
3178 983 3286 1022 non
3326 983 3426 1022 au-

1846 1056 1964 1111 dito
1990 1071 2056 1111 eo
2086 1056 2179 1126 qui
2206 1056 2338 1110 dicit
2366 1076 2377 1109 :
2411 1075 2428 1107 ι
2454 1056 2592 1111 Odio
2616 1058 2783 1110 habui
2814 1059 3103 1112 ecclesiam
3129 1061 3427 1129 malignan-

1846 1149 2017 1214 tium;
2051 1151 2255 1203 etcum
2289 1148 2474 1218 iniqua
2507 1147 2823 1219 gerentibus
2854 1166 2960 1204 non
2992 1148 3230 1204 introibo
3261 1170 3274 1205 :
3312 1167 3421 1205 non

1848 1242 1962 1297 sedi
1990 1257 2115 1295 cum
2145 1241 2385 1295 concilio
2412 1242 2694 1304 vanitatis,
2726 1249 2779 1296 et
2814 1258 2939 1296 cum
2981 1244 3163 1311 impiis
3193 1258 3302 1297 non
3335 1259 3423 1298 se-

1847 1333 1984 1388 debo
2000 1334 2066 1386 ".
2098 1353 2116 1384 ι
2167 1333 2233 1386 Et
2274 1334 2471 1386 iterum
2510 1353 2522 1387 :
2575 1352 2593 1384 ‹
2622 1334 2821 1388 Beatus
2854 1336 2958 1397 vir,
2992 1335 3085 1405 qui
3126 1350 3237 1388 non
3287 1335 3423 1390 abiit

1846 1424 1902 1477 in
1946 1426 2182 1479 consilio
2228 1424 2557 1494 impiorum;
2596 1434 2651 1480 ct
2690 1427 2745 1480 in
2789 1427 2875 1479 via
2916 1435 3263 1497 peccatorum
3310 1442 3443 1493 non,

1847 1516 2031 1579 stetit,
2087 1525 2143 1570 et
2192 1517 2247 1571 in
2322 1516 2584 1572 cathedra
2641 1518 3009 1591 pestilentium
3058 1534 3167 1573 non
3224 1519 3418 1576 sedit:

1847 1608 1940 1663 sed
1972 1608 2025 1661 in
2062 1608 2181 1678 lege
2217 1607 2432 1663 Domini
2476 1609 2729 1663 voluntas
2759 1610 2915 1678 ejus,
2953 1617 3006 1663 et
3042 1610 3097 1663 in
3146 1611 3262 1680 lege
3300 1611 3421 1680 ejus

1848 1700 2199 1755 meditabitur
2241 1700 2331 1755 die
2389 1716 2454 1754 ac
2500 1698 2744 1756 nocte“.
2778 1721 2795 1753 ι
2833 1701 2914 1756 Tu
2939 1719 3067 1757 vero
3106 1703 3421 1773 relinquens

137 1796 369 1867 νόμους,
402 1795 716 1858 ὲπιϐλέπεις
736 1795 829 1847 ἐπὶ
854 1794 921 1847 τὰ
951 1792 1193 1863 σπήλαια
1220 1791 1328 1844 τῶν
1352 1790 1587 1863 λῃστῶν,
1611 1790 1741 1859 ἅγια

1848 1791 2087 1847 ﬁdelium
2113 1800 2349 1855 emtum,
2389 1791 2691 1847 Ecelesiam
2728 1791 2851 1857 Dei,
2898 1801 2952 1849 et
2998 1795 3143 1864 leges
3173 1793 3418 1858 divinas,

134 1888 451 1959 ἡγούμενος
496 1887 533 1941 ἃ
578 1889 783 1950 ἐκεῖνος
838 1885 1041 1956 βέϐηλα
1079 1883 1425 1948 ἀπεκάλεσε,
1478 1885 1574 1936 καὶ
1624 1901 1742 1937 κοι-

134 1979 384 2033 νοποιῶν
430 1979 468 2033 ἃ.
513 1981 718 2042 ἐκεῖνος
762 1977 1074 2048 ἀπεχώρισε
1131 1974 1261 2046 (99)·
1313 1977 1409 2029 καὶ
1466 1976 1529 2028 οὐ
1585 1975 1744 2029 τοῦτο

138 2073 357 2142 μόνον,
404 2070 519 2124 ἀλλ’
575 2071 673 2142 ἤδη
721 2070 815 2123 καὶ
867 2071 1115 2140 πομπαῖς
1196 2067 1463 2138 Ἑλλήνων
1522 2068 1746 2137 συντρέ-

134 2182 282 2235 χεις,
314 2164 410 2217 καὶ
436 2164 532 2216 ἐπὶ
560 2161 631 2215 τὰ
659 2162 863 2234 θέατρα
890 2160 1106 2232 ἐπείγῃ,
1151 2158 1494 2231 ἐπιθυμήσας
1525 2152 1605 2221 εἷς
1635 2158 1743 2212 τῶν

133 2254 616 2327 εἰσπορευομένων
674 2255 791 2307 ἐκεῖ
862 2251 1212 2323 λογισθῆναι,
1275 2252 1371 2304 καὶ
1450 2253 1743 2321 μετασχεῖν

132 2348 518 2420 ἀκροαμάτων
547 2346 813 2418 ἀπρεπῶν
833 2384 847 2409 ,
899 2345 989 2399 ἵνα
1038 2343 1112 2416 μὴ
1157 2344 1407 2416 λέγωμεν
1459 2343 1738 2415 μυσαρῶν·

137 2440 219 2510 μὴ
249 2438 495 2502 ἀκούσας
513 2437 607 2491 τοῦ
640 2438 900 2509 Ἱερεμίου
929 2436 1197 2505 λέγοντος
1226 2456 1243 2487 ι
1264 2436 1459 2508 Κύριε,
1482 2438 1583 2490 οὐκ
1612 2435 1753 2491 ἐκά-.

133 2531 271 2585 θισα
301 2532 361 2585 ἐν
404 2529 665 2601 συνεδρίῳ
699 2529 845 2600 (100)
877 2528 1058 2582 αὐτῶν
1107 2527 1444 2592 παιζόντων,
1489 2527 1603 2581 ἀλλ’
1652 2529 1751 2583 εὐ-.

132 2623 427 2695 λιαόούμην
454 2622 564 2676 ἀπὸ
611 2621 906 2694 προσώπου
935 2620 1117 2692 χειρός
1151 2638 1267 2674 σου·
1302 2640 1320 2671 ι
1358 2622 1453 2674 καὶ
1481 2620 1577 2675 τοῦ
1621 2620 1740 2673 Ἰὼϐ

134 2717 451 2787 φάσκοντος
496 2713 567 2767 τὰ
608 2715 793 2786 ὃμοια·
832 2732 850 2765 ι
886 2714 950 2766 Εἰ
1000 2713 1056 2766 δὲ
1093 2714 1187 2767 καὶ
1238 2713 1378 2785 μετὰ
1413 2712 1740 2783 γελοιαστῶν

141 2807 458 2880 ἐπορεύθην
488 2807 638 2860 ποτέ’
676 2806 911 2878 ἱστάμην
943 2805 1019 2877 (1)
1049 2805 1159 2878 γὰρ
1188 2808 1245 2860 ἐν
1275 2806 1426 2878 ζυγῷ
1454 2807 1671 2876 δικαίῳ.
1714 2826 1734 2859 ι

136 2901 208 2954 Τί
235 2901 297 2953 ἃ
329 2899 495 2971 βούλῃ
530 2903 821 2971 μετασχεῖν
869 2899 981 2953 τῶν
1037 2900 1363 2971 Ἑλληνικῶν
1411 2901 1617 2971 λόγων,
1652 2902 1741 2956 θν-

134 3008 250 3045 των
295 2991 506 3062 νεκρῶν
550 2988 853 3063 ἀνθρώπων
895 2990 955 3056 ἐξ
998 2991 1286 3055 ἐπιπνοίας
1329 2992 1573 3047 διαϐόλου
1602 2994 1738 3047 ἀπο-

137 3083 463 3153 φανθέντων
495 3083 905 3155 νεκροποιὰβ),
936 3084 1031 3137 καὶ
1059 3084 1300 3148 πίστεως
1327 3085 1701 3157 ἀνατρεπτικὰ
1718 3127 1733 3151 ,

136 3175 413 3246 καὶπρὸς
458 3174 746 3227 πολυθεϊαν
800 3174 1082 3243 ἀπάγοντα
1122 3177 1251 3238 τοὺς
1300 3177 1738 3248 προσανέχοντας

136 3268 361 3333 αὑτοῖς;
397 3267 585 3337 Ὑμεῖς
604 3263 696 3319 οὖν
719 3267 1070 3337 σχολάζοντες
1098 3270 1211 3331 τοίς
1239 3267 1333 3321 τοῦ
1367 3268 1501 3322 Θεοῦ
1531 3271 1735 3341 νόμοις,

139 3360 239 3413 καὶ
264 3359 379 3413 τῶν
414 3359 681 3429 βιωτικῶν
711 3359 909 3431 χρειῶν
951 3359 1175 3424 τούτους
1218 3361 1440 3432 ἡγεῖσθε
1484 3363 1740 3434 τιμιωτέ-

142 3470 298 3524 ρους·
334 3453 430 3505 καὶ
473 3451 694 3505 πλείονα
736 3451 901 3522 τιμὴν
946 3450 1202 3522 νέμοντες
1245 3453 1465 3517 αὐτοῖς,
1518 3454 1742 3526 συντρέ-

139 3562 268 3615 χετε
298 3546 381 3607 εἰς
423 3544 521 3615 τὴν
541 3542 868 3614 Ἐκκλησίαν
899 3540 995 3594 τοῦ
1044 3543 1275 3614 Κυρίου’
1309 3543 1377 3613 ἣν
1424 3546 1739 3617 περιεποιή-

141 3653 279 3690 σατο
306 3635 385 3707 τῷ
415 3636 606 3707 αἵματι
632 3633 728 3689 τοῦ
774 3632 1011 3706 Χριστοῦ
1036 3672 1051 3696 ,
1094 3632 1189 3687 τοῦ
1220 3635 1577 3707 ἠγαπημένοι)
1597 3676 1612 3701 ,
1640 3634 1736 3689 τοῦ

140 3727 494 3800 πρωτοτόκου
516 3728 697 3798 πάσης
725 3727 974 3792 κτίσεως.
1010 3728 1161 3799 Αὕτη
1204 3729 1313 3801 γάρ
1343 3729 1590 3802 θυγάτηρ
1620 3730 1737 3783 ἐστὶ

214 3916 261 3985 δέ
285 3914 328 3970 1.
364 3912 539 3985 Ignat.
575 3913 787 3985 interpo

143 3987 189 4020 “
215 3984 344 4041 Job.
377 3982 531 4049 im,
564 3984 618 4039 5.
694 3984 737 4016 "
766 3984 889 4039 Act.
923 3999 1014 4050 xx,
1039 3984 1132 4038 28.
1198 3983 1245 4017 ⁸⁸
1273 3982 1394 4039 Col.
1432 4000 1470 4048 I,
1499 3985 1585 4040 15.

792 3914 827 3967 1.
867 3913 935 3968 ad
998 3912 1168 3967 Trall.
1226 3914 1314 3967 11.
1350 3913 1418 3969 ad
1466 3913 1682 3969 Philad.
1715 3914 1770 3968 6.

1846 1883 2079 1953 respicis
2109 1884 2177 1938 ad
2205 1885 2498 1954 speluncas
2539 1884 2844 1952 latronum;
2882 1894 3069 1940 sancta
3108 1885 3265 1941 ducis
3299 1902 3422 1957 qua:

1844 1975 1936 2028 ille
1973 1975 2203 2045 profana
2244 1975 2497 2042 vocavit,
2533 1984 2588 2030 et
2640 1978 2949 2031 communia
2988 1977 3124 2033 facis
3165 1994 3286 2049 quae
3331 1980 3421 2034 ille

1842 2066 2181 2137 dispescuit;
2214 2084 2394 2138 neque
2423 2068 2475 2123 id
2505 2069 2683 2124 solum
2716 2070 2995 2141 designas,
3019 2070 3113 2126 sed
3139 2078 3192 2125 et
3211 2072 3325 2140 jam
3351 2072 3420 2126 ad

1841 2173 2068 2230 pompas
2110 2160 2393 2229 gentilium
2440 2160 2761 2222 concurris,
2803 2170 2857 2216 et
2911 2162 2977 2216 ad
3017 2163 3231 2217 theatra
3287 2180 3419 2234 pro-

1840 2265 2032 2320 peras,
2076 2250 2343 2321 cupisque
2397 2267 2542 2305 unus
2589 2266 2656 2307 eo
2705 2252 3084 2308 accedentium
3142 2256 3417 2325 reputari,

1841 2357 1943 2397 nec
1981 2359 2091 2396 non
2123 2344 2398 2413 particeps
2434 2344 2548 2398 ﬁeri
2588 2344 2968 2399 indecorarum
3011 2330 3423 2413 recitationum,

1841 2453 1910 2493 ne
1936 2438 2185 2493 dicamus
2228 2438 2754 2504 abominandarum;
2796 2454 2897 2493 nec
2944 2441 3223 2495 auscultas
3260 2439 3419 2496 lere-

1841 2530 1965 2584 miae
1992 2529 2234 2584 dicenti:
2273 2547 2292 2579 ι
2328 2528 2578 2593 Domine,
2620 2545 2731 2584 non
2770 2529 2889 2586 sedi
2934 2531 2991 2584 in
3023 2546 3289 2588 consessu
3318 2547 3417 2588 eo-

1840 2636 1962 2675 rum
2024 2621 2362 2689 ludentium;
2417 2623 2512 2677 sed
2582 2624 2891 2678 metuebam
2943 2639 2973 2678 a
3035 2623 3175 2680 facie
3222 2641 3419 2681 manus

1840 2721 1951 2769 tua:
1976 2715 2056 2781 ";
2100 2734 2119 2766 ι
2154 2730 2333 2785 neque
2359 2714 2498 2770 Jobo
2527 2715 2678 2785 paria
2713 2717 2989 2785 loquenti:
3022 2735 3039 2767 ι
3088 2716 3144 2771 Si
3180 2734 3311 2774 vero
3334 2719 3422 2773 in-

1840 2806 1982 2862 cessi
2013 2822 2139 2862 cum
2167 2807 2375 2871 scurris
2408 2823 2669 2878 unquam,
2693 2808 3035 2879 appendebar
3057 2809 3201 2863 enim
3227 2814 3283 2865 in
3305 2817 3420 2865 sta-

1842 2906 1956 2954 tera
1987 2899 2230 2967 justa“.
2271 2920 2291 2953 ι
2338 2901 2479 2968 Quid
2518 2916 2650 2956 vero
2693 2901 2777 2955 vis
2820 2911 2997 2957 tecum
3024 2898 3420 2957 communicari

1839 2993 2127 3063 gentilium
2157 2993 2390 3057 litteras,
2422 3009 2544 3064 quae
2574 3001 2705 3049 sunt
2735 2993 3017 3047 hominum
3050 3000 3416 3053 mortuorum.

1841 3083 2045 3138 diaboli
2102 3083 2366 3139 instinctu
2416 3085 2751 3141 tradentium
2800 3086 3057 3156 dogmata
3108 3084 3414 3149 mortifera,

1844 3174 2005 3230 ﬁdem
2059 3176 2455 3240 subvertentia,
2514 3184 2568 3231 et
2622 3178 2691 3232 ad
2748 3192 2993 3232 errorem
3046 3176 3418 3238 multitudinis

1840 3266 2090 3332 deorum,
2137 3267 2194 3322 in
2236 3268 2359 3324 illas
2411 3269 2649 3324 intentos
2689 3270 3046 3325 abducentia?
3088 3268 3197 3325 Vos
3235 3269 3420 3339 itaque

1848 3359 1946 3415 Dei
2000 3360 2211 3430 legibus
2257 3370 2540 3425 vacantes,
2612 3363 2712 3416 has
2764 3370 2953 3433 putate
3010 3363 3419 3433 praestantiores

1840 3451 2037 3506 usibus
2065 3452 2224 3518 vitae;
2255 3460 2309 3507 et
2349 3453 2472 3524 plus
2514 3454 2596 3509 eis
2644 3454 2870 3509 honoris
2912 3455 3305 3523 impertientes,
3347 3455 3417 3510 ad

1841 3540 2141 3598 Eeclcsiam
2164 3542 2258 3598 Dei
2291 3545 2626 3609 concurrite,
2652 3560 2814 3615 quam
2843 3544 3136 3616 acquisivit
3153 3545 3418 3615 sanguine

1840 3635 2142 3698 Christi",
2177 3635 2397 3702 dilecti,
2430 3644 2486 3692 et
2532 3637 2881 3708 primogeniti
2920 3638 3165 3692 omnium
3202 3644 3418 3693 creatu-

1841 3727 2108 3785 rarum".
2143 3727 2269 3784 Haec
2295 3730 2440 3786 enim
2468 3740 2553 3787 est
2585 3730 2691 3785 ﬁlia
2718 3730 3011 3796 Altissimi,
3038 3745 3160 3801 qua;
3185 3744 3285 3787 vos
3321 3745 3418 3800 per

1843 3913 1888 3945 ⁸³
1923 3913 2068 3969 Psal.
2104 3930 2231 3978 xxv,
2266 3920 2321 3983 4,
2350 3917 2404 3970 5.
2478 3913 2522 3945 ⁸⁸
2551 3912 2694 3969 Psal.
2732 3928 2771 3977 ι,
2799 3913 2850 3969 1.
2928 3914 2973 3945 ⁸⁸
2996 3912 3107 3969 Jer.
3170 3929 3261 3978 xv,
3325 3910 3411 3965 17.

1454 4137 1820 4195 VARIORUM
1867 4136 2101 4193 NOTIE.

145 4321 269 4361 rum
303 4302 771 4374 ingrediebantur,
803 4301 1068 4374 festisque
1095 4316 1286 4374 eorum
1314 4309 1369 4356 et
1400 4299 1729 4374 spectaculis

145 4371 471 4431 intererant.
504 4371 659 4428 Unde
690 4371 1000 4442 frequentes
1020 4372 1369 4442 antiquorum
1401 4371 1636 4441 querelae
1664 4385 1730 4442 a_c

143 4461 422 4502 censurae.
474 4442 630 4499 Unde
684 4440 847 4498 etiam
891 4442 959 4497 de
1014 4440 1295 4513 Egyptiis
1341 4442 1603 4513 scribitur
1660 4440 1729 4494 ab

1836 4298 2234 4366 impressorum
2262 4312 2274 4348 :
2304 4293 2373 4366 Et
2402 4294 2456 4347 in
2484 4308 2688 4366 omnem
2712 4291 2850 4347 diem
2874 4293 3063 4366 festum
3087 4292 3414 4366 ethnicorum

1833 4364 1931 4436 pro
1961 4367 2229 4421 voluntate
2259 4366 2329 4436 in_
2352 4364 2543 4436 honore
2572 4364 2833 4436 idolorum
2856 4365 3060 4436 factum
3090 4364 3252 4436 primi
3289 4380 3416 4436 cou-

1836 4432 2045 4491 ueniunt
2097 4433 2567 4507 (valentiniani),'
2608 4434 2689 4485 uti
2728 4435 2781 4486 in
2811 4434 2974 4507 niliilo
3008 4432 3415 4507 quidem_absti-

146 4518 396 4570 Adriano
424 4516 752 4582 imperatore
785 4514 927 4582 apud
959 4503 1254 4582 Vopiscum
1287 4512 1341 4566 in
1383 4512 1505 4565 Vita
1536 4510 1730 4582 satur:
1763 4521 1807 4577 ι)
1836 4516 2016 4565 neant.
2035 4503 2183 4582 quod
2205 4514 2293 4582 est
2311 4503 2451 4582 apud
2474 4503 2641 4582 Deum
2675 4512 2724 4582 et
2752 4504 2891 4582 apud
2915 4504 3148 4557 homines
3173 4503 3415 4556 odiosum

145 4587 261 4641 nini
298 4601 318 4638 :
348 4586 455 4652 Qui
479 4574 702 4651 Sarapin
738 4574 939 4646 colunt,
971 4574 1267 4652 Christiani
1290 4591 1443 4645 sunt,
1481 4592 1531 4635 et
1561 4579 1733 4652 ἀεροιὶ
1764 4574 1791 4577 ⁷
1841 4574 2073 4652 muneris
2100 4574 2435 4630 homicidiate
2454 4574 2831 4652 spectacutum.
2858 4574 3042 4644 Itaque
3057 4588 3166 4652 quo
3187 4588 3415 4642 respon-

144 4669 271 4711 sunt
299 4649 510 4722 Serapi,
531 4649 621 4724 qui
654 4671 709 4708 se
746 4649 1235 4723 Christiepiscopos
1255 4653 1461 4724 dicunt,
1492 4661 1597 4724 etc.
1631 4649 1737 4724 ve-

146 4743 273 4781 rum
302 4722 559 4781 meliores
580 4724 879 4778 Christiani
908 4722 1092 4778 omnia
1113 4722 1381 4792 ejusmodi
1407 4723 1623 4792 penitus
1651 4722 1732 4775 vi-

145 4799 344 4853 tabant
372 4803 428 4850 et
455 4795 869 4849 aversabantur.
913 4792 1023 4847 Nec
1071 4793 1262 4861 tempta
1303 4793 1616 4854 circumitis,
1659 4792 1736 4844 ait

150 4867 532 4923 Tertullianus
551 4864 596 4917 ll
620 4865 698 4918 De
725 4864 870 4917 cultu
895 4864 1213 4931 feminarum
1236 4879 1411 4927 x1,nec
1436 4861 1737 4931 spectacula

145 4938 474 5008 postulatis,
524 4952 616 4989 nec
662 4935 821 4989 festos
878 4934 1308 5008 dies__gen_tilium
1363 4932 1735 5008 nostis.__Ql_iin

147 5002 317 5063 etiam
349 5008 405 5060 iu
444 5006 645 5060 Severo
685 5013 845 5074 negat
884 5004 941 5058 S.
986 5002 1251 5057 Martinus
1293 5019 1355 5074 se
1390 5002 1606 5074 gentilis
1638 5002 1737 5074 do:

147 5095 302 5133 mum
325 5078 478 5132 adire
507 5091 687 5145 posse.
717 5072 800 5145 De;
814 5088 946 5145 voce
971 5081 1150 5145 autem
1179 5073 1369 5145 μιαρον
1392 5072 1570 5127 videto
1588 5072 1731 5141 quod

145 5151 339 5204 notavi
383 5147 451 5201 ad
490 5141 654 5215 caput
692 5145 725 5200 9
768 5143 825 5198 S.
875 5141 1533 5215 Barnabaafomitterem
1566 5156 1735 5215 porro

144 5234 275 5274 cum
311 5218 436 5272 aliis
466 5212 798 5271 testimoniis
824 5215 1004 5269 locum
1031 5212 1088 5267 S.
1115 5213 1301 5267 lrenaei
1331 5212 1426 5267 lib.
1461 5228 1501 5277 ι,
1535 5227 1654 5281 cap.
1679 5213 1730 5275 1,

146 5288 258 5344 nisi
295 5296 451 5343 vetus
480 5287 628 5341 illius
658 5286 929 5351 interpres
959 5298 1145 5337 aurem
1176 5284 1420 5345 velleret,
1459 5281 1733 5351 exigeret-

146 5374 259 5427 que
289 5358 522 5427 opellam
562 5370 769 5427 meam.
805 5350 1274 5427 Eteniquraecis
1307 5353 1449 5427 apud
1496 5350 1733 5427 Epipha-

145 5424 303 5481 riium
330 5424 531 5481 haeresi
558 5426 650 5495 ⁸51,
680 5440 803 5495 cap.
825 5424 917 5478 21:
936 5425 1060 5495 Καὶ
1078 5424 1171 5495 ἐπὶ
1199 5424 1732 5495 πᾶσανέορτάσιμον

144 5496 258 5550 τῶν
306 5495 475 5548 ἐθνῶν
502 5492 800 5566 τέρψινίεὶς
831 5493 1016 5566 τιμὴνῌ
1038 5492 1144 5546 τῶν
1186 5493 1413 5566 ε-ἰδῴλων
1443 5492 1731 5566 γινομένην

146 5566 359 5636 πρῶτοι
391 5560 655 5628 συνίασιν,
684 5565 769 5636 ὡς
796 5560 927 5636 μηδέ
953 5560 1056 5636 τῆς
1085 5563 1234 5636 παρᾲ
1252 5562 1371 5634 Θεῷ
1401 5561 1496 5636 καὶ
1523 5560 1730 5633 ἀνθρὼ-

146 5632 274 5753 πνρές
303 5636 697 5753 ἰμεμισημένης
722 5632 820 5703 τῆς
856 5632 963 5686 τῶν
994 5632 1731 5753 θηριομάχωνκαὶημονρίια-

248 5724 275 5753 ς
342 5706 627 5753 νδοοιοόνου
664 5703 794 5753 θέας
829 5703 1035 5753 ἀπένεσ
1070 5721 1127 5753 αι
1183 5704 1329 5753 νίους
1358 5718 1555 5753 αυτων.
1644 5718 1726 5753 ts.

149 5707 275 5775 γίας
303 5702 466 5778 άνὸρο
512 5702 627 5758 “νου
654 5702 794 5767 ’θέας
829 5702 1127 5773 ἀπέχεσθαι
1154 5702 1329 5767 ἐνίους
1358 5702 1555 5755 αὐτῶν.
1593 5702 1690 5755 His
1708 5741 1726 5766 ,

149 5781 378 5831 induam
406 5815 421 5831 .
449 5706 655 5831 ἕξεως
705 5790 814 5830 non
852 5774 1185 5831 resoondent
1219 5771 1411 5828 Latina
1461 5772 1725 5827 librorum

147 5771 378 5851 inquam
404 5771 421 5843 ᾗ
449 5771 655 5832 Graecis
705 5790 814 5830 non
852 5771 1185 5844 respondent
1219 5771 1411 5828 Latina
1461 5772 1725 5827 librorum

1840 4648 2024 4708 deant,
2058 4660 2389 4714 sensumque
2405 4644 2637 4714 probum
2668 4642 2971 4706 obtineant,
3003 4642 3414 4714 voluntatcmu-

1843 4718 1946 4772 tari
1981 4717 2141 4772 debet
2170 4716 2224 4769 in
2252 4713 2518 4785 voluptate
2542 4753 2556 4771 ,
2587 4714 2923 4785 quarm-59mg
2946 4713 3411 4785 rGraaceLdiicitur,
3494 4728 3499 4732 ‘

1838 4796 1893 4869 et
1926 4797 2047 4869 post
2076 4782 2381 4840 abstineant
2412 4782 2721 4838 addendum
2750 4782 2867 4849 est,
2898 4784 2964 4837 ab
3005 4800 3085 4837 eo.
3124 4782 3267 4837 Nihil
3296 4798 3416 4838 cer-

1840 4857 2188 5059 ιωῖδἹῖοὲίς.
2222 4925 2380 4980 Deest
2410 4924 2463 4978 in
2494 4924 2666 4980 altero
2693 4924 2814 4980 cod.
2839 4922 3006 4979 Casa.
3338 4986 3343 4989 ι

1911 4998 2001 5059 (98
2063 4996 2196 5051 Ἐπὶ
2225 4994 2520 5059 καθέδραν
2536 4995 2777 5059 λοιμῶν.
2804 4994 2933 5049 Post
2961 4995 3184 5057 multos,
3208 4994 3343 5059 λοιμε

1911 4994 2022 5065 (98)
2063 4996 2196 5051 Ἐπὶ
2225 4994 2520 5061 καθέδραν
2536 4995 2777 5064 λοιμῶν.
2804 4994 2933 5049 Post
2961 4995 3184 5057 multos,
3208 4994 3411 5065 λοιμῶν

1838 5064 2107 5138 adjective
2128 5082 2237 5138 non
2269 5067 2615 5138 substantive
2646 5067 2860 5138 accepi.
2891 5064 3162 5138 Apposite
3182 5064 3312 5120 vero
3334 5066 3408 5138 ad

1835 5135 2232 5193 Constitutoris
2279 5142 2517 5205 mentem
2558 5135 2890 5191 Philastrius
2930 5151 3050 5205 cap.
3104 5135 3193 5196 79,
3241 5135 3411 5205 par‘tis

1834 5208 2256 5277 tertia3,exponit
2275 5206 2441 5277 verba
2472 5202 2708 5277 Davidis,
2725 5207 2871 5259 hunc
2899 5202 3205 5277 inmodum
3235 5202 3257 5277 ς’
3274 5204 3405 5277 βεα-

1835 5289 1918 5333 tus
1948 5281 2027 5333 vir
2056 5273 2145 5348 qui
2176 5294 2279 5331 non
2313 5274 2452 5348 abiit
2492 5274 2548 5329 in
2586 5277 2808 5330 consilio
2849 5276 3165 5348 impiorum,
3233 5273 3304 5348 id_
3332 5282 3409 5326 est

1831 5344 2192 5420 paganorum;
2217 5357 2265 5402 et
2303 5347 2358 5399 in
2379 5344 2467 5398 via
2504 5356 2835 5415 peccatorum
2859 5362 2964 5399 non
2997 5345 3176 5408 stetit,
3216 5344 3404 5413 quippe

1830 5419 2179 5473 Juda’orum:
2228 5426 2277 5471 et
2322 5416 2376 5469 in
2424 5416 2675 5471 cathedra
2722 5416 3031 5473 pestilentia:
3088 5430 3190 5467 non
3250 5415 3404 5473 sedit.

1830 5432 2179 5481 Juaworum;
2228 5432 2277 5471 et
2322 5433 2376 5469 in
2424 5432 2675 5471 catneara
2722 5432 3031 5486 pestilenth
3088 5432 3190 5467 non
3250 5432 3408 5476 uau,

1830 5492 2011 5557 utique
2034 5489 2419 5557 haereticorum.
2452 5487 2591 5543 Co'r.
2742 5555 2756 5557 _
2900 5554 2910 5557 _
3099 5550 3117 5557 _

1902 5550 2015 5629 (99)
2056 5556 2435 5629 Ἀπεχώρισε.
2482 5555 2778 5629 Αιῑοιιῄοοά.
2815 5554 3062 5629 ἐχῴρισε.
3099 5550 3175 5606 lo.

2058 5622 2503 5717 ,Ἔνθ’ἇυᾶθειξρέῳ.
2519 5627 2671 5680 Μετὰ
2686 5622 3047 5717 συνεξρίουκο]
3056 5622 3291 5717 t'er'fod
3302 5664 3314 5675 .
3330 5622 3407 5677 In.

1900 5692 1978 5771 (1)
2030 5692 2337 5771 Ἶο-τάμηνἶ
2368 5692 2661 5771 "Decutiat,
2695 5697 2750 5749 in
2779 5692 2950 5748 altero
2981 5694 3105 5771 cod.
3139 5692 3214 5771 in.

1900 5762 1977 5843 (Ξ)
2010 5762 2360 5837 Νεκρόπὸιά.
2395 5762 2588 5822 "Arsia
2615 5767 2732 5820 ἐστι
2760 5762 3075 5839 νεκροποιά,
3112 5764 3250 5819 alter
3280 5762 3403 5821 cod.
