3876 6188
454 288 556 347 ’751

1310 285 1374 347 8.
1417 289 1812 344 CLEMENTIS
1850 289 1870 345 Ι
1909 290 2075 346 ROM.
2117 290 2317 348 PONT.
2355 289 2582 343 OI’ERA
2622 288 2849 343 DUBIA.

3610 289 3710 346 75!

454 395 674 454 verbum
716 398 900 468 gratim
947 399 1257 468 parturivit,
1315 406 1369 454 et
1434 399 1690 454 formavit
1746 403 1800 454 in
1864 403 2021 456 nobis

2140 402 2219 454 τοῦ
2262 401 2515 470 Ὑψίστου
2536 439 2550 462 ,
2584 403 2617 471 ὴ
2649 399 2957 470 ὠδινήσασα
2989 400 3132 470 ὑμᾶς
3172 397 3258 453 διὰ
3282 395 3378 453 τοῦ
3409 400 3576 468 λόγου
3619 403 3710 472 τῆς

451 495 766 560 Christum;
815 493 974 562 cujus
1009 495 1303 563 participes
1362 496 1512 560 facti,
1571 512 1727 552 sacra
1786 498 2027 552 membra

449 589 584 644 estis
618 628 632 650 ,
663 593 716 642 et
757 588 951 649 electa,
991 602 1098 640 non
1147 587 1402 643 habentia
1442 590 1749 652 maculam,
1800 597 1894 643 aut
1935 607 2028 645 ru-

451 679 655 750 gam”,
690 687 783 733 aut
813 679 1020 748 aliquid
1068 680 1416 748 hujusmodi;
1450 681 1546 736 sed
1590 683 1737 736 velut
1767 685 1942 737 sancti
1969 693 2024 736 et

451 771 782 824 immaculati
817 772 871 824 in
897 771 999 824 ﬁde
1027 773 1255 842 perfecti
1285 775 1420 828 estis
1451 774 1505 826 in
1539 774 1690 844 ipso,
1725 775 2026 830 secundum

453 861 738 932 imaginem
765 860 856 917 Dei
879 903 892 923 ,
926 863 1194 918 creatoris
1220 865 1408 918 vestri.

1021 975 1255 1030 CAPUT
1296 975 1456 1032 LXII.

1015 1084 1194 1122 omnes
1251 1069 1526 1150 gentilium
1588 1070 1878 1138 impietate;
1932 1087 1991 1123 a-

1151 1154 1349 1192 versari
1360 1181 1371 1192 .

518 1226 719 1281 Cavete
749 1227 915 1297 igitur
953 1243 1022 1282 ne
1059 1244 1184 1283 cum
1234 1229 1463 1299 perditis
1507 1229 1818 1285 hominibus
1862 1231 2028 1288 ferias

452 1318 738 1373 celebretis
759 1359 772 1380 ,
809 1319 953 1390 quod
980 1328 1064 1374 est
1093 1336 1365 1390 synagoga
1398 1322 1638 1390 gentium
1664 1365 1678 1385 ,
1707 1322 1760 1377 in
1786 1322 2030 1378 fraudem

449 1421 502 1465 et
542 1410 844 1464 interitum.
897 1409 1056 1464 Nulla
1099 1413 1302 1482 quippe
1333 1412 1566 1467 societas
1601 1413 1711 1467 Deo
1741 1415 1807 1468 ad
1839 1415 2030 1469 diabo-

454 1503 564 1555 lum
591 1501 657 1555 '°.
689 1501 823 1555 Nam
856 1503 948 1572 qui
983 1518 1106 1556 cum
1151 1503 1350 1557 diaboli
1384 1502 1690 1559 doctrinam
1717 1506 2030 1561 tenentibus

450 1601 837 1663 congregatur,
874 1610 1015 1648 unus
1036 1611 1100 1648 ex
1127 1594 1261 1663 ipsis
1291 1596 1724 1664 computabitur,
1762 1605 1816 1651 et
1842 1597 1934 1652 Vae
1976 1599 2030 1652 in

452 1685 820 1740 haereditatem
853 1686 1100 1755 accipiet.
1137 1683 1328 1756 Fugite
1358 1687 1522 1741 etiam
1549 1688 1784 1744 obscena
1828 1700 2034 1759 specta-

504 1064 657 1132 Quod
708 1075 943 1134 oporteat

2131 495 2386 564 χάριτος,
2420 494 2514 545 καὶ
2565 491 2902 563 μορφώσασα
2947 491 3004 544 ὲν
3051 494 3184 561 ἡμῖν
3211 491 3302 544 τὸν
3349 493 3611 563 Χριστόν·
3656 487 3709 546 οὗ

2136 587 2353 656 μέτοχοι
2397 585 2711 655 γενόμενοι,
2749 583 2870 656 ίερὰ
2921 583 3057 654 μέλη
3102 583 3262 646 ἐστὲ,
3309 585 3403 637 καὶ
3449 585 3710 648 ὲκλεκτὰ,

2133 678 2208 748 μὴ
2243 678 2432 748 ἔχοντα
2484 677 2704 740 σπῖλον,
2749 677 2782 748 ἦ
2825 675 3044 748 ῥυτίδα,
3091 676 3126 746 ἦ
3164 691 3217 727 τι
3272 674 3382 728 τῶν
3439 677 3710 730 τοιούτων·

2133 769 2248 821 ἀλλ’
2279 770 2422 836 ἆγιοι
2452 769 2546 821 καὶ
2580 769 2802 839 ἄμωμοι
2831 769 2889 821 ὲν
2935 768 3116 820 πίστει
3155 767 3567 838 τετελειωμένοι
3599 769 3726 824 ἐστὶι

2131 860 2189 912 ἐν
2220 858 2369 930 αὐτῷ
2392 899 2406 923 ,
2439 861 2558 912 κατ’
2590 859 2772 912 εἰκόνα
2799 857 2894 912 τοῦ
2916 860 3200 921 κτίσαντος
3229 861 3374 931 ὑμᾶς
3402 861 3567 915 Θεοῦ.

2644 973 3037 1026 ΚΕΦΑΛΑΙΟΝ
3073 972 3191 1027 EB’.

2133 1067 2262 1118 ’Ότι
2319 1065 2516 1118 πάντα
2545 1067 2615 1120 τὰ
2652 1065 2964 1129 Ἑλλήνων
3008 1064 3352 1138 ἀσεϐήματα
3404 1067 3706 1138 ἀποστρέ-

2723 1139 2937 1203 φεσθαι
2966 1136 3102 1202 χρή.

2200 1226 2537 1279 Φυλάσσεσθε
2581 1223 2674 1280 οὖν
2720 1226 2814 1279 τοῦ
2848 1226 2922 1296 μὴ
2953 1227 3301 1296 συσχολάζειν
3340 1229 3457 1290 τοῖς
3482 1230 3715 1282 ἀπολλυ⁴

2135 1319 2353 1390 μένοις,
2385 1320 2413 1371 ὅ
2459 1320 2577 1372 ἐστι
2628 1319 2920 1388 συναγωγὴ
2965 1318 3167 1382 ἐθνῶν,
3215 1321 3296 1382 είς
3357 1321 3583 1390 ἀπάτην
3627 1322 3717 1374 καὶ

2132 1411 2424 1464 ἀπώλειαν·
2457 1411 2681 1480 οὐδεμία
2709 1410 2818 1481 γὰρ
2846 1411 3098 1462 κοινωνία
3135 1410 3254 1480 Θεῷ
3286 1411 3422 1482 πρὸς
3449 1411 3714 1466 διάϐολον.

2146 1503 2202 1555 Ὀ
2230 1502 2338 1574 γὰρ
2370 1501 2849 1574 συναθροιζόμενος
2898 1500 3034 1571 μετὰ
3074 1501 3181 1554 τῶν
3208 1501 3277 1553 τὰ
3305 1501 3558 1554 διαϐόλου
3590 1521 3718 1574 φρο-

2133 1595 2400 1656 νούντων,
2449 1588 2529 1658 εἷς
2577 1592 2637 1657 ἐξ
2692 1593 2872 1646 αὐτῶν
2909 1593 3285 1664 λογισθήσεται
3307 1632 3321 1656 ,
3352 1594 3451 1646 καὶ
3505 1595 3572 1647 τὸ
3599 1595 3718 1648 οὐαὶ

2136 1687 2548 1758 κληρονομήσει.
2582 1685 2812 1754 Φεύγετε
2840 1685 2903 1756 δὴ
2948 1687 3042 1738 καὶ
3067 1685 3136 1738 τὰ
3175 1685 3397 1755 ἀπρεπῆ
3443 1685 3557 1738 τῶν
3596 1685 3720 1738 Θεα-

452 1779 615 1845 cula;
672 1778 883 1833 theatra
926 1779 1070 1844 dico,
1119 1785 1174 1833 et
1217 1778 1505 1849 gentilium
1544 1781 1913 1844 celebritates,
1946 1785 2028 1836 in-

2140 1779 2338 1849 μάτων·
2361 1779 2430 1830 τὰ
2473 1778 2678 1849 θέατρά
2723 1795 2887 1847 φημι,
2940 1776 3158 1839 καὶτὰς
3215 1777 3535 1846 Ἑλληνικὰς
3579 1794 3720 1848 πομ-

451 1869 816 1934 cantationes,
841 1870 1050 1934 omina,
1075 1871 1359 1938 vaticinia,
1389 1871 1751 1941 expiationes,
1777 1876 2028 1945 auguria,

451 1961 720 2030 auspicia,
774 1963 1127 2018 evocationes
1177 1971 1546 2028 mortuorum,
1619 1966 2029 2032 invocationes;

452 2052 580 2120 quia
611 2055 877 2123 scriptum
907 2053 1182 2124 reperitur
1213 2073 1226 2108 :
1265 2073 1283 2105 ι
1321 2053 1439 2109 Non
1472 2063 1558 2111 est
1580 2057 1722 2112 enim
1747 2059 2034 2128 auguratio

454 2143 596 2211 apud
625 2144 814 2210 Jacob,
868 2162 1044 2216 neque
1103 2147 1370 2202 divinatio
1419 2148 1563 2218 apud
1616 2148 1866 2205 Israel".
1913 2169 1932 2204 ι
1969 2150 2034 2204 Et

453 2249 684 2293 rursus:
728 2257 746 2289 ‹
785 2239 1085 2309 Augurium
1121 2249 1405 2309 peccatum
1461 2241 1632 2296 est".
1679 2261 1698 2294 ›
1743 2242 1809 2297 Ει
1844 2244 1952 2298 alio
1979 2246 2032 2299 in

455 2328 614 2384 loco:
654 2348 674 2382 ι
713 2329 831 2384 Νοη
879 2332 1306 2401 augurabimini,
1347 2339 1402 2386 et
1448 2333 1835 2400 divinationes,
1890 2338 2033 2391 vati-

455 2418 601 2473 cinia
652 2430 708 2476 et
755 2423 1130 2492 ventriloquos
1163 2437 1272 2480 non
1308 2425 1648 2493 sequemini;
1693 2442 1880 2496 magos
1926 2443 2036 2482 non

458 2511 730 2568 habebitis
753 2515 820 2570 ".
860 2533 878 2566 ι
921 2513 1188 2580 Quocirca
1233 2524 1287 2570 et
1333 2514 1601 2574 Jcremias
1639 2516 1918 2585 admonet,
1952 2523 2029 2576 di-

454 2619 630 2660 cens:
664 2623 682 2656 ι
719 2603 881 2660 Juxta
925 2607 1044 2662 vias
1089 2608 1333 2677 gentium
1382 2609 1552 2664 nolite
1600 2609 1886 2679 incedere;
1927 2620 2038 2668 eta

455 2695 628 2765 signis
649 2697 775 2751 coali
801 2698 971 2752 nolite
1014 2707 1254 2755 metuere
1286 2699 1355 2755 “.
1390 2722 1408 2753 ι
1455 2700 1800 2773 Quapropter
1821 2715 2038 2776 oportet

459 2787 667 2843 ﬁdelem
712 2787 989 2845 declinare
1035 2806 1064 2844 a
1114 2794 1481 2849 conventibus
1530 2795 1822 2866 impiorum
1860 2801 2038 2870 genti-

457 2879 588 2933 lium
631 2887 685 2934 et
713 2878 1025 2936 Iudaeorum
1054 2891 1108 2938 et
1136 2885 1472 2954 reliquorum
1508 2886 1931 2959 haereticorum;
1963 2908 2033 2948 ne

457 2988 582 3025 cum
616 2974 698 3028 eis
744 2973 1012 3038 feriando,
1057 2977 1344 3033 animabus
1392 2981 1599 3034 nostris
1642 2981 1868 3051 laqueos
1895 2998 2039 3039 com-

460 3077 751 3132 paremus;
785 3081 920 3120 neve
950 3065 1086 3122 festa
1117 3083 1328 3133 eorum,
1361 3086 1482 3140 qua:
1511 3071 1566 3126 in
1592 3072 1900 3129 daemonum
1933 3075 2034 3132 ho-
2062 3110 2107 3172 ρ

460 3170 647 3211 norem
706 3166 1065 3228 peraguntur,
1111 3176 1218 3215 una
1275 3164 1734 3231 concelebrando,
1789 3168 2034 3237 ipsorum

457 3262 674 3318 quoque
725 3249 1022 3319 impietatis
1067 3250 1376 3307 efﬁciamur
1412 3256 1732 3326 participes.
1767 3257 2035 3330 Fugiendi

455 3337 619 3391 etiam
655 3350 783 3395 sunt
806 3340 1155 3396 ethnicorum
1195 3345 1468 3400 solemnes
1500 3356 1796 3417 mercatus,
1827 3361 1880 3406 et
1917 3367 2038 3422 qua:

460 3430 516 3482 in
548 3430 614 3484 iis
647 3431 856 3486 ludicra
888 3432 1043 3488 ﬁunt.
1073 3433 1274 3490 Fidelis
1304 3437 1450 3491 enim
1473 3436 1542 3492 ad
1573 3439 1852 3496 nundinas
1881 3457 2039 3498 acce-

459 3519 590 3574 dere
633 3537 741 3576 non
787 3523 970 3590 debet,
1018 3525 1125 3579 nisi
1178 3526 1246 3581 ad
1288 3529 1676 3599 mancipiolum
1721 3535 2035 3599 emendum,

459 3611 964 3686 acquirendamque
1005 3619 1268 3682 animam,
1299 3627 1353 3674 et
1383 3620 1452 3673 ad
1496 3623 1744 3690 quaedam
1787 3626 1894 3679 alia
1937 3626 2040 3681 hu-

461 3717 635 3759 manae
662 3708 974 3762 necessitati
1005 3710 1356 3764 accommoda
1388 3714 1718 3769 coemenda.
1753 3716 2039 3774 Ahstinete

460 3809 593 3864 ergo
636 3797 784 3851 omni
828 3798 1098 3854 idolorum
1147 3816 1366 3872 pompa,
1398 3807 1787 3870 ostentatione,
1821 3809 2040 3877 publico

463 3897 754 3952 conventu,
799 3891 1090 3954 conviviis,
1142 3892 1492 3962 gladiatoriis
1537 3897 1879 3964 muneribus,
1915 3901 2039 3955 uni-

463 3991 626 4033 verso
650 3979 884 4052 denique
915 3983 1227 4053 spectaculo
1249 3983 1603 4041 daemoniaci).

534 4134 578 4168 δ’
604 4134 741 4204 Eph.
769 4153 822 4201 ν,
857 4137 946 4192 27,
1026 4139 1071 4168 ³ο
1103 4139 1146 4192 ll
1174 4140 1300 4194 Cor.
1338 4155 1411 4204 vt,
1448 4141 1531 4195 Η.

464 4202 618 4261 Deut.
650 4202 809 4272 ὶνιιι,
840 4211 925 4262 10.
1005 4210 1047 4239 ⁸⁸
1072 4208 1182 4266 Jcr.
1217 4228 1271 4276 x,
1295 4211 1345 4265 2.

1765 4363 1854 4418 VA
1864 4364 2127 4420 RIOBUM

1645 4144 1687 4172 '”
1731 4142 1891 4197 Num.
1925 4160 2080 4212 χχιιι,
2109 4145 2199 4198 ‘25.
2280 4145 2371 4196 "l
2419 4144 2552 4215 Reg.
2587 4159 2676 4206 xv,
2705 4142 2797 4206 25,
2831 4142 2885 4194 in
2903 4139 3072 4194 LXX.

2135 1872 2243 1935 πὰς
2267 1910 2279 1934 ,
2311 1871 2564 1933 ἐπαοιδὰς
2589 1911 2602 1932 ,
2634 1870 2891 1940 κληδόνας
2909 1909 2924 1932 ,
2977 1868 3236 1940 μαντείας
3255 1908 3268 1930 ,
3299 1866 3718 1940 καθαρισμοὺς,

2134 1964 2456 2033 οἰωνισμοὺς
2477 2002 2490 2023 ,
2522 1961 2974 2033 όρνιοοσκοπίας,
3017 1960 3476 2030 νεκρομαντείας,
3510 1960 3720 2028 ἐπιφω-

2135 2056 2336 2125 νήσεις·
2391 2055 2472 2106 ὅτι
2503 2054 2832 2124 γέγραπταιο
2869 2071 2887 2104 ι
2925 2053 3000 2106 Οὐ
3030 2051 3138 2122 γάρ
3167 2052 3312 2102 ἐστιν
3339 2050 3642 2120 οἱωνισμδς
3668 2053 3719 2103 ὲν

2151 2147 2375 2209 Ἰακὼϐ,
2431 2147 2550 2200 οὐδὲ
2611 2145 2836 2216 μαντεία
2900 2145 2958 2196 ὲν
3023 2141 3254 2213 Ἰσραήλ.
3317 2157 3335 2192 ι
3371 2140 3485 2192 Καὶ
3537 2141 3717 2194 πάλιν

2142 2259 2159 2290 ι
2198 2239 2475 2308 Οἱώνισμα
2508 2237 2751 2308 ἁμαρτία
2781 2235 2896 2289 ὲστί
2925 2235 3025 2304 (ὅ).
3065 2252 3083 2286 ›
3113 2234 3223 2286 Καὶ
3251 2231 3510 2302 ἀλλαχοῦ·
3553 2251 3572 2282 ι
3612 2235 3719 2286 Οὐκ

2135 2329 2460 2392 οἰωνιεϊσΘε,
2501 2330 2597 2382 καὶ
2643 2327 2863 2396 κλῃδὸσι
2912 2327 3006 2378 καὶ
3076 2324 3356 2395 μαντείαις
3401 2325 3498 2376 καὶ
3556 2325 3719 2392 ὲγγα-

2139 2421 2452 2494 στριμύΘοις
2471 2422 2572 2473 οὐκ
2601 2417 3088 2488 ὲπακολουθήσετε,
3119 2415 3448 2487 φαρμακοὺς
3476 2415 3542 2468 οὐ
3573 2433 3722 2488 περι-

2137 2517 2408 2586 ποιήσετε.
2450 2532 2468 2564 ι
2501 2513 2593 2564 Διὸ
2623 2513 2879 2582 παραινεί
2930 2511 3025 2562 καὶ
3077 2511 3106 2562 ό
3173 2509 3474 2579 Ἱερεμίας,
3524 2508 3717 2576 λέγων’

2143 2627 2161 2660 ι
2200 2607 2354 2660 Κατὰ
2381 2605 2478 2669 τὰς
2505 2606 2660 2668 ὁδοὺς
2689 2604 2797 2656 τῶν
2825 2601 2995 2656 ὲθνῶν
3028 2601 3102 2672 μὴ
3133 2600 3453 2672 πορεύεσθε’
3487 2603 3591 2653 καὶ
3622 2600 3724 2653 ἀπὸ

2137 2699 2244 2753 τῶν
2275 2699 2512 2768 σημείων
2540 2695 2773 2768 οὐρανοῦ
2807 2693 2881 2766 μὴ
2911 2692 3182 2764 φοϐεῖσθε.
3224 2711 3241 2743 ι
3275 2692 3477 2763 Διόπερ
3510 2691 3591 2760 (Δ)
3623 2689 3722 2761 χρὴ

2137 2792 2230 2845 τὸν
2274 2790 2464 2844 πιστὸν
2491 2789 2712 2858 φεύγειν
2737 2788 2836 2850 τὰς
2869 2787 3120 2850 συνόδους
3146 2785 3254 2838 τῶν
3283 2783 3500 2837 ἀσεϐῶν
3548 2783 3725 2851 Ἑλλή-

2138 2901 2244 2937 νων
2281 2883 2374 2936 καὶ
2431 2881 2698 2935 Ἰουδαίων
2745 2881 2840 2934 καὶ
2883 2878 2993 2931 τῶν
3037 2877 3239 2930 λοιπῶν
3276 2875 3600 2946 αἱρετικῶψ
3640 2875 3723 2927 ἶνα

2142 2977 2216 3048 μὴ
2271 2976 2350 3046 τῷ
2406 2973 2757 3046 συσχολάζειν
2806 2973 3022 3035 αὐτοῖς,
3081 2967 3402 3038 παγίδας(5)
3465 2966 3726 3038 λάϐωμεν

2139 3071 2257 3130 ταῖς
2301 3067 2510 3120 ἑαυτῶν
2535 3065 2751 3135 ψυχαῖς·
2786 3065 2936 3126 ὅπως
2988 3062 3062 3134 μὴ
3092 3058 3528 3130 συστρεφόμενοι
3603 3059 3723 3121 ταις

2138 3163 2352 3233 ἑορταῖς
2380 3159 2590 3222 αὐτῶν,
2621 3159 2823 3219 αἵτινες
2869 3156 2963 3208 ἐπὶ
3001 3157 3135 3224 τιμῇ
3166 3151 3275 3205 τῶν
3303 3151 3579 3220 δαιμόνων
3608 3153 3726 3204 ἑπι-

2134 3253 2442 3316 τελοῦνται,
2482 3253 2899 3323 κοινωνήσωμεν
2948 3249 3134 3310 αὐτοῖς
3175 3245 3268 3298 καὶ
3304 3243 3406 3312 τῆς
3443 3243 3722 3305 ἀσεϐείας.

2135 3347 2425 3398 Φευκταῖαι
2473 3343 2531 3396 δὲ
2573 3342 2752 3396 αὐτῶν
2781 3341 2874 3394 καὶ
2911 3341 2968 3392 αἱ
3007 3336 3343 3407 πανηγύρεις
3366 3373 3381 3395 ,
3426 3335 3522 3386 καὶ
3571 3333 3641 3386 τὰ
3668 3335 3727 3386 ὲν

2136 3438 2326 3500 αὑταῖς
2373 3436 2779 3506 ἐπιτελούμενα.
2820 3433 3018 3486 Πιστὺν
3062 3429 3172 3501 γὰρ
3218 3431 3275 3481 ὲν
3322 3425 3636 3496 πανηγύρει
3662 3425 3725 3478 οὐ

2138 3529 2244 3600 χρὴ
2277 3527 2648 3600 παραϐάλλειν
2671 3525 2768 3596 (6),
2799 3525 2983 3577 πλεῖον
3024 3523 3098 3592 (7)
3130 3519 3228 3574 τοῦ
3260 3518 3542 3588 σωμάτιον
3573 3517 3728 3587 πρίαο

2144 3621 2290 3682 σθαι,
2314 3623 2407 3673 καὶ
2425 3620 2601 3690 ψυχὴν
2624 3617 3106 3690 περιποιήσασθαι,
3129 3616 3222 3667 καὶ
3250 3612 3417 3682 ἕτερά
3444 3628 3571 3664 τινα
3605 3627 3729 3662 συν-

2143 3711 2454 3784 ωνήσασθαι
2516 3711 2626 3764 τῶν
2684 3711 2821 3780 πρὸς
2862 3708 3121 3762 σύστασιν
3161 3703 3531 3776 ἁρμοζόντων.
3599 3704 3727 3754 ’Δπο

2141 3803 2328 3876 ἐχεσΟε
2361 3799 2455 3856 οὖν
2484 3802 2666 3872 πάσης
2686 3802 2760 3871 (8)
2783 3801 2882 3871 τῆς
2909 3799 3018 3852 τῶν
3048 3798 3279 3851 εἰδώλων
3300 3795 3562 3866 πομπῆς,
3587 3811 3726 3863 φαν-

2140 3898 2360 3959 τασίας,
2401 3895 2790 3966 πανηγύρεως,
2827 3893 3144 3963 συμποσίων
3170 3929 3183 3953 ,
3220 3888 3560 3960 μονομαχίας
3586 3927 3602 3950 ,
3633 3886 3729 3940 καὶ

2143 3991 2322 4059 πάσης
2351 3989 2478 4050 Θέας
2504 3987 2840 4057 δαιμονικῆς.

3165 4141 3210 4171 ⁵³
3251 4136 3427 4193 Levit.
3461 4151 3582 4200 xix,
3613 4133 3708 4191 26.

2187 4364 2418 4420 ΝΟΉΕ.

533 4539 612 4609 (⁸5)
647 4538 944 4609 οἰώνισμα
991 4537 1432 4609 ἁμαρτίαέστι.
1481 4539 1539 4592 In
1589 4539 1693 4593 hoc
1743 4538 2042 4608 Scriptum

2147 4540 2565 4609 maticorum.et
2594 4541 2912 4595 criticorum
2953 4540 3069 4602 ﬁlii,
3112 4538 3228 4609 duo
3259 4547 3388 4609 sunt
3435 4535 3731 4606 Epiphanii

465 4606 618 4663 textu
649 4608 860 4662 librarii
905 4606 1144 4661 Luciferi
1181 4607 1480 4678 llalarltani
1511 4623 1621 4662 non
1655 4606 1911 4678 putantes
1939 4624 2036 4663 vo-

463 4693 583 4732 cem
608 4679 861 4731 ominatio
893 4678 1072 4730 locum
1108 4677 1307 4731 habere
1342 4693 1526 4746 posse,
1555 4677 1676 4733 eam
1704 4679 1884 4747 inepte
1913 4695 2037 4731 mu—

466 4756 738 4810 taveruut,
771 4754 1202 4816 posueruntque,
1247 4747 1527 4800 Peccatum
1569 4749 1896 4802 abominatio
1937 4758 2037 4812 est,

466 4818 608 4871 libro
635 4817 707 4870 De
736 4818 941 4886 regibus
974 4818 1306 4886 apostaticis,
1341 4833 1463 4886 pag.
1496 4818 1618 4871 162.
1649 4818 1787 4872 C01.

537 4888 628 4959 (4)7
648 4889 874 4954 Διόπερ.
911 4887 1074 4959 Ὥστε
1104 4887 1238 4942 alter
1266 4889 1390 4941 cod.
1418 4887 1607 4943 eodem
1629 4904 1817 4950 sensu,
1848 4903 2040 4959 quam-

467 4958 552 5012 vis
582 4957 798 5011 diverso
833 4971 988 5011 sono.
1019 4957 1187 5011 Cum.

540 5026 616 5098 (5)
642 5027 919 5099 Παγίδας.
951 5026 1100 5099 Alter
1117 5028 1367 5099 aqua“,
1392 5027 1684 5099 illecebras,
1710 5043 1830 5099 qua:
1859 5028 2041 5083 illece—

471 5096 583 5154 ιπω
613 5112 741 5150 vere
763 5097 925 5166 etiam
951 5096 1128 5165 laquei
1159 5096 1266 5152 dici
1298 5107 1553 5166 possunt.
1582 5097 1656 5152 In.

540 5167 617 5237 (6)
650 5164 868 5239 ῌλεῖρν
894 5164 1033 5239 το-ῦ,
1052 5175 1160 5239 etc.
1194 5164 1342 5239 Alter
1369 5169 1490 5222 cod.
1525 5171 1572 5221 εἰ
1608 5169 1681 5239 μὴ
1723 5168 1961 5239 βούλοιτό
1988 5186 2041 5220 τι

469 5235 733 5308 πρίασθαι
763 5235 869 5287 τῶν
913 5235 991 5304 τῷ
1038 5235 1248 5306 σώματι
1291 5235 1952 5307 ἀναγκαίωνέίςσκέπην
1985 5240 2039 5308 ἦ.

469 5307 604 5378 Quae
631 5307 885 5378 videntur
921 5308 1611 5378 essecriticiiaudacioris,
1644 5309 1738 5378 qui
1763 5307 2044 5362 nesciebat

470 5377 601 5448 quid
632 5383 778 5430 esset
804 5376 891 5448 hic
921 5375 1212 5448 σωμάτιον.
1248 5377 1324 5448 In.

544 5444 971 5516 (ηὶζωμὰτιονν.
1007 5444 1225 5516 Πίναξί.
1283 5446 1487 5500 dicitur
1535 5460 1566 5498 a
1620 5446 1679 5500 S.
1735 5446 2042 5515 Augustino

476 5513 613 5569 libro
664 5515 1015 5571 Locutionum
1040 5515 1104 5568 de
1131 5513 1346 5577 Genesi,
1393 5517 1458 5569 ad
1499 5531 1622 5584 cap.
1665 5517 1756 5579 54,
1793 5513 2041 5586 σωμάτια

474 5601 647 5639 servos
693 5587 957 5653 appellant
1005 5585 1356 5638 usitatissima
1400 5586 1677 5641 locutione.
1717 5585 2043 5642 Inter’varia

480 5663 660 5707 autem
691 5656 1024 5712 testimonia.
1056 5669 1176 5724 qua:
1215 5655 1284 5708 ad
1324 5657 1706 5723 explicandam
1748 5658 1890 5711 hanc
1941 5656 2044 5709 σώ-

484 5737 652 5792 ματος
689 5731 743 5778 et
787 5726 1060 5795 σωματίου
1111 5725 1480 5796 acceptiouem
1529 5726 1815 5797 proferunt
1861 5742 2046 5797 gram-

2145 4609 2199 4662 in
2247 4608 2525 4680 Ancorato
2583 4611 2878 4680 depravata
2934 4612 3142 4670 leviter,
3207 4607 3387 4680 facilia
3443 4616 3727 4680 correctu,

2141 4679 2382 4734 nondum
2436 4687 2618 4734 tamen
2655 4675 2829 4750 '(quod
2875 4680 3073 4750 sciam)
3116 4677 3425 4750 enlendata.
3477 4675 3730 4750 Alterum

2141 4764 2206 4803 ca
2251 4791 2263 4804 .
2291 4750 2516 4803 59εΚαὶ
2545 4752 2578 4820 ἡ
2623 4745 2877 4820 συνήθεια
2906 4745 3276 4810 τοὺςδοὺλους
3309 4745 3537 4866 adipata
3570 4748 3732 4800 εἴωθε

2143 4766 2344 4871 καλείνο
2390 4821 2730 4871 Δεσπότης.
2780 4821 2975 4871 φησιν.
3004 4817 3366 4871 ἐκατὸνσωμ
3415 4833 3561 4871 των.
3595 4817 3732 4870 ἀλλὰ

2143 4817 2344 4872 καλείψ
2390 4817 2753 4885 Δεσπότης,’
2780 4821 2942 4889 φησὶν
2961 4859 2975 4877 ,
3004 4817 3564 4889 ἐκατρνσωμάτων,
3595 4817 3736 4889 ἀλλὰ

2143 4891 2237 4941 καὶ
2264 4889 2442 4959 ψυχὰς
2488 4889 2740 4959 ἐχόντων.
2794 4885 3021 4959 ’Ἐπειδὴ
3164 4885 3461 4959 δεσποτεία
3492 4887 3608 4959 τῶν
3637 4888 3737 4959 αντ

2145 4954 2398 5028 opem»),
2459 4954 2724 5028 σωμάτων
2769 4954 3041 5028 κυριεύει,
3072 4956 3208 5028 ,ἀλλ’
3255 4956 3317 5028 οξ)
3370 4954 3586 5028 ψυχῶν.
3643 4956 3738 5010 διὰ

2141 5009 2302 5080 τοῦτο
2331 5031 2457 5105 τοὺς
2474 5009 2704 5105 λδοῖξλους
2734 5009 2968 5096 εὐλόγως
3017 5027 3246 5105 σώματα
3291 5025 3580 5105 ἐκάλεσαν,
3634 5028 3736 5079 σὺν

2142 5099 2287 5168 ψυχῇ
2305 5137 2319 5160 ,
2355 5099 2441 5151 ἴνα
2469 5099 2616 5170 δείξῃ
2636 5099 2733 5169 τὴν
2763 5095 2957 5169 χρῆσιν
2987 5095 3405 5165 τῶνσωματων.
3457 5095 3737 5149 (lonstru-

2143 5170 2350 5218 ctionis
2395 5171 2538 5218 leues
2561 5171 2859 5218 postulant.
2893 5168 3138 5218 ἐκάλεσε.
3181 5167 3427 5218 Alterum
3453 5179 3578 5218 can.
3616 5165 3688 5218 78
3721 5185 3733 5218 :

3567 5185 3733 5219 ,ιδε

2747 5239 2842 5291 ἀνθ
2851 5240 3100 5310 ρωπότης
3121 5236 3306 5310 καλ-εἴν
3326 5234 3416 5286 τὸν
3426 5234 3738 5310 ᾇνρρωπον

2145 5309 2254 5360 ἀπὸ
2298 5309 2393 5360 τοῦ
2436 5309 2552 5371 ἑνὸς
2593 5304 2862 5377 ὀνόματος
2893 5304 3122 5378 (repono
3169 5304 3465 5378 σώματος),
3517 5306 3737 5378 ὃτιίΔε-

2143 5379 2560 5500 ἵπόςηςέστίν
2576 5373 2942 5447 ὀγδοήκοντα
2958 5373 3264 5446 ἁωμιὶτων,
3285 5375 3348 5427 οὑ
3370 5373 3596 5438 πάντως
3609 5377 3736 5429 άνευ

2186 5466 2346 5500 υγων.
2427 5464 2495 5500 or
2506 5489 2520 5500 .

2186 5449 2346 5503 υγῶν.
2383 5450 2520 5503 COT.

2159 5467 2346 5517 yuxwv.
2383 5467 2520 5503 LOT.

2216 5519 2294 5586 (8)
2327 5518 2553 5586 Πάσης.
2585 5519 2737 5573 Alter
2763 5519 2888 5574 cod.
2925 5518 3109 5587 ἄλλης.
3157 5516 3251 5584 qui
3295 5525 3348 5569 et
3391 5523 3599 5587 postea,
3640 5528 3737 5584 pro

2146 5585 2466 5657 Μιμονικῆς
2505 5590 2666 5643 habet
2710 5585 3531 5658 σατανικῆς.Οιιαξᾼοειυηιιυῐιι
3567 5585 3737 5641 libra-

2146 5655 2352 5712 riorum
2385 5655 2479 5713 aut
2509 5660 2829 5716 criticorum
2853 5655 3160 5716 audaciam.
3194 5655 3365 5712 (ζιελ.

2143 5167 2350 5222 ctiouis
2395 5171 2538 5238 leges
2561 5167 2866 5238 postulant,
2893 5168 3138 5221 ἐκάλεσε.
3181 5167 3427 5238 Alterum
3446 5179 3513 5238 fa

2147 5240 2256 5291 Καὶ
2284 5238 2443 5291 πάλιν
2475 5239 2712 5308 εἷωθενή
