3876 6188
171 325 291 382 757

1066 323 1667 382 CONSTITUTIONES
1704 322 2179 380 APOSTOLICIE.
2219 322 2441 380 —LIB.
2485 324 2574 380 Ill.

3334 328 3438 383 ’753

165 438 441 511 ἀσθενὴς,
496 440 595 512 τὴν
623 440 816 509 σοφίαν
839 441 1119 511 τιμήσασα
1148 438 1396 511 προήχθη
1418 440 1549 511 (15).
1591 459 1609 489 ι
1658 440 1767 491 Καὶ

1868 437 2053 505 jaces;
2080 438 2301 507 quando
2331 448 2513 493 autem
2544 455 2575 493 e
2607 454 2801 494 somno
2821 439 3183 495 excitaberis?
3210 438 3437 497 Paulum

165 533 307 603 ἑξῆς
338 550 356 566 ·
396 550 417 585 s
458 533 603 597 Ἕως
630 533 794 597 πότε,
813 532 1043 604 ὀκνηρὲ,
1073 533 1428 597 κατάκεισαις
1462 532 1590 583 πότε
1619 530 1674 582 δὲ
1702 530 1762 595 ἐξ

167 624 352 678 ὕπνου
380 624 687 697 ἐγερθήσῃ;
730 624 939 693 ὐλίγον
970 624 1068 695 μὲν
1098 625 1307 685 ὑπνοῖς,
1342 622 1519 690 ὀλίγον
1546 621 1599 675 δὲ
1630 622 1763 675 κάθ-

163 734 341 787 ησαι,
395 717 591 788 μικρὸν
643 717 702 771 δὲ
746 717 1064 781 νυστάζεις,
1111 715 1288 783 ὀλίγον
1340 715 1397 767 δὲ
1434 714 1761 787 ἐναγκαλίξῃ

166 809 334 879 χερσὶ
387 807 583 879 στήθη·
635 804 753 863 εἶτα
798 810 1161 881 παραγίνεταί
1226 826 1307 862 σοι
1350 808 1539 881 ὥσπερ
1593 810 1762 873 κακὸς

166 899 460 970 ὀδοιπόρος
507 901 543 971 ἡ
596 901 786 964 πενία,
841 902 937 954 καὶ
1008 902 1042 972 ἡ
1101 900 1273 953 ἔνδεια
1324 900 1512 972 ὥσπερ
1560 901 1763 969 ἀγαθὸς

167 990 436 1062 δρομεύς.
460 990 584 1046 Ἐάν
609 991 666 1045 δὲ
693 992 887 1055 ἄοκνος
916 988 1012 1065 ᾖς,
1040 990 1158 1062 ἥξει
1186 990 1374 1063 ὥσπερ
1402 991 1552 1063 πηγὴ
1570 994 1597 1045 ὀ
1614 994 1759 1064 ἀμη-

169 1082 267 1145 τός
317 1099 415 1136 σου
434 1121 449 1145 ,
478 1084 572 1136 καὶ
603 1084 637 1153 ἡ
668 1082 843 1137 ἔνδεια
892 1083 1081 1156 ὥσπερ
1119 1085 1289 1148 κακὸς
1338 1085 1479 1157 ἀνὴρ
1524 1086 1763 1140 ἀπαυτο-

175 1175 431 1245 μολήσει.
474 1194 491 1227 ι
527 1177 637 1229 Καὶ
664 1176 845 1231 πάλινο
883 1196 902 1228 ι
953 1178 1010 1230 '0
1038 1176 1403 1248 ἐργαζόμενος
1437 1177 1535 1249 τὴν
1565 1180 1761 1233 ἑαυτοῦ

171 1266 693 1339 γῆν,πλησθήσεται
712 1267 964 1340 ἄρτωνῌ
986 1270 1096 1322 Καὶ
1125 1272 1183 1322 ὲν
1210 1269 1389 1333 ἄλλοις
1418 1271 1603 1341 φησίν·
1634 1291 1653 1323 ι
1704 1274 1761 1327 Ὀ

170 1358 349 1429 ἀργὸς
397 1359 689 1431 περιέλαϐε
732 1360 830 1423 τὰς
860 1364 1049 1433 χεῖρας
1076 1361 1304 1423 ἑαυτοῦ,
1339 1363 1432 1416 καὶ
1468 1362 1638 1432 ἔφαγε
1665 1364 1764 1428 τὰς

172 1449 393 1521 σάρκας
435 1450 624 1504 αὑτοῦ.
666 1470 684 1503 1
720 1452 831 1505 Καὶ
875 1451 1019 1523 ἑξῆς·
1067 1471 1086 1504 ι
1122 1452 1353 1524 Κρύψας
1394 1454 1624 1525 ὀκνηρὸς
1665 1454 1763 1525 τὴν

170 1543 337 1612 χεῖρα
374 1540 574 1604 αὑτοῦ,
624 1543 687 1596 οὐ
715 1542 999 1614 δυνήσεται
1032 1544 1352 1613 ἀπενεγκεῖν
1380 1547 1461 1608 είς
1478 1545 1538 1598 τὸ
1590 1546 1763 1616 στόμα

169 1630 366 1684 αὐτοῦ.
384 1634 521 1685 »Καὶ
538 1633 719 1687 πάλιν·
747 1636 853 1689 «Δι’
873 1635 1073 1707 ἀργίαν
1094 1636 1762 1708 χειρῶνταπεινωθήσεται

169 1724 203 1792 ἡ
236 1723 489 1788 δόκωσις.
532 1744 550 1777 1
598 1724 923 1797 Ἐργάζεσθε
940 1723 1033 1780 οὖν
1062 1727 1370 1799 ἐνδελεχῶς·
1392 1727 1763 1801 ἀθεράπευτος

1864 529 2083 599 quidem
2116 530 2345 591 dormis,
2374 531 2597 600 paulum
2623 537 2802 585 autem
2828 531 3006 595 sedes,
3040 546 3228 600 parum
3256 543 3435 589 autem

1863 621 2152 683 dormitas,
2197 622 2420 691 paulum
2452 630 2633 676 autem
2667 622 3017 692 amplecteris
3060 623 3316 677 manibus
3348 640 3440 694 pe-

1864 720 2056 767 ctora:
2084 712 2283 767 deinde
2333 713 2554 767 advenit
2600 712 2702 767 tibi
2752 722 3015 783 tanquam
3063 713 3242 768 malus
3266 714 3441 770 viator

1863 811 2178 873 paupertas,
2228 812 2283 859 et
2312 813 2530 875 egestas
2581 813 2842 874 tanquam
2901 805 3079 861 bonus
3112 820 3330 862 cursor.
3383 807 3439 862 Si

1863 912 1996 952 vero
2030 897 2260 968 impiger
2288 896 2482 964 fueris,
2515 899 2696 955 veniet
2728 905 2789 953 ut
2831 898 2955 953 fons
2999 899 3198 954 messis
3238 906 3355 964 tua,
3386 911 3441 959 et

1863 995 2081 1058 egestas
2111 987 2272 1059 quasi
2312 989 2493 1045 malus
2525 988 2610 1044 vir
2654 989 2898 1061 aufugiet
2921 990 2989 1044 ⁸⁸.
3031 1009 3051 1042 1
3095 989 3163 1044 Et
3195 990 3395 1047 iterum
3424 1011 3438 1048 :

1870 1099 1888 1132 ι
1926 1080 2029 1149 Qui
2050 1089 2310 1152 operatur
2326 1089 2530 1137 terram
2552 1096 2730 1147 suam,
2748 1083 3050 1153 replebitur
3078 1083 3389 1154 panibus".
3416 1106 3435 1138 ι

1864 1172 1932 1227 Et
1956 1176 2064 1230 alio
2087 1175 2145 1229 in
2175 1176 2296 1231 loco
2322 1173 2401 1228 ait
2432 1193 2445 1228 :
2484 1192 2502 1226 ι
2548 1174 2770 1231 Otiosus
2796 1174 3116 1245 complexus
3139 1183 3226 1231 est
3244 1192 3440 1234 manus

1864 1280 2021 1330 suas,
2065 1274 2120 1320 et
2157 1265 2400 1321 comedit
2452 1279 2650 1321 carnes
2694 1280 2824 1321 suas
2845 1268 2912 1319 °°.
2954 1285 2974 1319 ι
3018 1264 3085 1320 Et
3127 1274 3388 1337 praeterea
3422 1289 3435 1324 :

1869 1376 1887 1407 ι
1934 1356 2095 1429 Piger
2140 1358 2237 1428 qui
2286 1358 2577 1413 abscondit
2616 1373 2837 1412 manum
2875 1372 3056 1423 suam,
3094 1374 3207 1414 non
3239 1361 3439 1429 poterit

1863 1464 1983 1503 eam
2012 1448 2227 1505 deferre
2256 1449 2325 1504 ad
2352 1466 2416 1507 os
2444 1465 2605 1506 suum
2625 1447 2696 1506 σί.
2735 1469 2755 1503 1
2798 1449 2864 1503 Et
2893 1450 3072 1506 adhuc
3098 1470 3111 1506 :
3149 1470 3168 1504 ι
3202 1451 3434 1524 PrOpter

1864 1541 2151 1612 segnitiem
2192 1557 2478 1609 manuum,
2534 1542 2892 1597 inciinabitur
2936 1543 3277 1614 contignatio
3298 1543 3373 1598 “.
3414 1572 3430 1596 ι

1864 1634 2036 1705 Igitur
2071 1636 2375 1706 operamini
2424 1634 2693 1693 assidue:
2730 1635 3106 1706 irreparabilis
3156 1636 3302 1692 enim
3354 1650 3437 1692 est

1865 1727 2002 1797 pigri
2034 1727 2281 1782 infamia.
2331 1725 2391 1782 Si
2419 1727 2545 1799 quis
2588 1736 2770 1782 autem
2821 1742 2931 1782 non
2978 1736 3261 1798 operatur,
3293 1732 3435 1800 apud

168 1816 284 1887 γάρ
313 1818 465 1870 ἐστιν
507 1816 680 1889 ἀργοῦ
728 1818 938 1889 μῶμος.
971 1818 1034 1871 Εἰ
1078 1818 1134 1871 δέ
1179 1835 1263 1882 τις
1307 1818 1383 1892 μὴ
1428 1820 1749 1890 ἐργάζεται,

1868 1817 2023 1878 vomis
2050 1833 2162 1873 non
2193 1817 2572 1874 manducet“.
2603 1817 2824 1876 Otiosos
2868 1820 3019 1874 enim
3067 1818 3196 1875 odio
3243 1834 3434 1891 prose-

168 1903 331 1971 οὖτος
361 1910 495 1980 παρ’
520 1910 648 1980 ὑμῖν
682 1909 756 1980 μὴ
802 1909 1045 1963 ἐσθιέτω.
1091 1911 1318 1982 Ἀργοῦς
1348 1911 1457 1983 γάρ
1490 1916 1638 1983 μισεῖ
1666 1915 1761 1967 καὶ

166 2000 197 2049 ὁ
225 1998 438 2069 Κύριος
464 2001 492 2052 ὀ
517 2000 650 2063 Θεὸς
674 2003 707 2072 ή
718 2000 854 2070 μῶν·
886 2002 1054 2074 ἀργὸς
1081 2001 1191 2073 γὰρ
1239 1999 1379 2057 εἶναι
1415 2003 1516 2057 οὐκ
1553 2003 1759 2073 ὀφείλει

166 2090 350 2154 οὐδεὶς
376 2090 487 2145 τῶν
513 2091 632 2163 Θεῷ
661 2093 1131 2165 προσανεχόντων.

168 2291 186 2330 ι
240 2204 471 2333 ’ἔθιιιίὡ
499 2207 532 2263 9
566 2216 620 2263 et
647 2223 762 2279 seq.
837 2209 885 2243 "
923 2208 1085 2265 Prov.
1119 2226 1218 2275 xu,
1246 2210 1335 2265 II.

188 2294 254 2333 11.
338 2320 352 2332 .

188 2294 352 2342 11,10.

1432 2209 1477 2242 “
1513 2209 1781 2275 Ecclc.1v,
1815 2210 1870 2266 5.

1493 2312 1860 2371 VARIORUM
1892 2312 2129 2370 NOTE.

1862 1911 2050 1981 quitur
2078 1910 2343 1967 Dominus
2363 1910 2507 1969 Deus
2530 1919 2753 1979 noster;
2784 1926 2887 1967 nec
2915 1913 3098 1985 segnis
3128 1928 3252 1969 esse
3277 1913 3436 1970 debet

1864 2005 2155 2076 quisquam
2186 2019 2375 2061 eorum
2405 2004 2500 2076 qui
2530 2002 2699 2059 Deum
2725 2003 2935 2059 colunt.

1968 2209 2012 2241 ⁶¹
2038 2206 2203 2265 Prov.
2228 2220 2343 2273 xu,
2378 2204 2471 2261 Ἡ.
2550 2206 2594 2237 ⁸³
2632 2203 2812 2260 Eccle.
2837 2206 2991 2267 x,18.
3071 2206 3116 2237 “
3152 2203 3193 2259 II
3228 2204 3424 2264 Thess.

244 2407 363 2479 (15)
394 2407 511 2476 Τὴν
554 2407 779 2476 σοφίαν
824 2406 1131 2475 τιμήσασα
1179 2405 1471 2473 προήχθη.
1499 2404 1715 2459 Omissa
1748 2403 1775 2456 II

1893 2402 1948 2456 in
1976 2403 2151 2457 altero
2180 2417 2286 2459 ms.
2313 2401 2741 2458 Vindobonensir.
2769 2402 2937 2459 Cum.

408 2640 754 2693 ΚΕΦΑΛΑΙΑ
783 2639 921 2695 ΤΟΥ
951 2639 1203 2693 ΤΡΙΤΟΥ
1232 2638 1525 2691 ΒΙΒΛΙΟΥ.

166 2868 254 2935 β’.
294 2870 428 2924 Ὀτί
460 2868 862 2938 παραιτητέον
891 2867 1181 2937 καθιστᾷν
1217 2868 1506 2936 νεωτέρας
1541 2865 1760 2935 χήρας,

246 2961 348 3016 διὰ
375 2961 441 3014 τὸ
472 2962 761 3017 ὕποπτον.

88 3054 91 3055 ⁷
176 3051 248 3125 τ’.
300 3053 545 3119 Ὀποίας
569 3054 722 3108 εἶναι
758 3051 877 3122 χρὴ
923 3052 1029 3120 τὰς
1064 3050 1281 3121 χήρας,
1312 3051 1413 3106 καί
1440 3051 1599 3118 ὅπως
1624 3050 1752 3104 ἐπι-

246 3144 596 3214 κωρεῖσθαι
622 3145 783 3213 παρὰ
810 3144 916 3199 τοῦ
943 3144 1300 3199 ἐπισκόπου.

170 3234 244 3288 δ’.
282 3237 404 3290 Ὀτι
437 3236 614 3292 πάνθ’
647 3235 974 3291 ὁντιναοῦν
990 3234 1169 3304 ἐνδεῆ
1194 3235 1461 3289 εὐποιεῖν
1490 3237 1630 3305 χρή.

173 3323 240 3379 ε’.
282 3325 400 3379 Ὅτι
423 3327 523 3380 καὶ
550 3328 656 3382 τοῦ
684 3327 871 3396 ἤθους
894 3325 1289 3397 ἐπιμελητέον
1307 3325 1422 3396 τὴν
1448 3327 1663 3397 χήραν.

172 3413 250 3481 ς’.
278 3418 400 3471 Ὅτι
422 3418 496 3472 οὺ
518 3418 633 3488 χρὴ
653 3419 941 3490 γυναῖκας
959 3418 1271 3473 διδάσκειν
1289 3458 1305 3484 ν
1338 3418 1605 3487 ἀπρεπές
1621 3416 1752 3489 τᾶρ’

240 3509 344 3563 καὶ
365 3508 533 3564 ποῖαι
565 3510 847 3580 γυναῖκες
868 3511 1110 3566 εἵποντο
1130 3508 1211 3575 τῷ
1237 3508 1455 3578 Κυρίῳ.

174 3678 252 3743 τ’.
292 3676 426 3736 οἶαί
444 3684 603 3737 εἰσιν
621 3686 681 3738 al
700 3686 1094 3756 ψευδοχῆραι.

172 3770 252 3843 η’.
287 3773 409 3827 Ὀτι
437 3776 511 3829 οὐ
533 3775 650 3845 χρὴ
681 3778 842 3846 παρὰ
860 3779 1127 3845 ἀναξίων
1152 3783 1481 3851 λαμϐάνειν
1516 3783 1630 3853 τὴν
1657 3784 1765 3854 χή·

236 3883 383 3935 ραν,
412 3866 453 3935 ἢ
486 3866 595 3921 τὸν
621 3868 980 3938 ἐπίσκοπον,
1005 3873 1044 3940 ἢ
1079 3872 1272 3929 ἄλλον
1291 3878 1533 3931 πιστόν.

172 3957 243 4015 θ’.
276 3959 408 4013 Ὀτι
434 3962 506 4014 οὐ
537 3960 651 4030 χρὴ
683 3964 973 4031 γυναῖκας
1006 3966 1318 4030 βαπτίζειν
1339 3985 1354 3999 ο
1389 3968 1606 4036 ἀσεϐὲς
1628 3972 1759 4041 γὰρ,

242 4052 343 4105 καὶ
368 4050 480 4119 τῆς
509 4054 766 4120 Χριστοῦ
795 4054 1190 4124 διδασκαλίας
1214 4059 1555 4129 ἀλλότριον.

173 4139 227 4196 ι’.
266 4142 388 4194 Ὅτι
408 4144 481 4195 οὐ
505 4142 621 4211 χρὴ
644 4145 861 4200 λατκὸν
881 4147 1074 4202 ποιεῖν
1095 4150 1394 4218 ἱερατικὸν
1420 4153 1598 4223 ἔργον
1617 4172 1630 4185 ·
1648 4155 1763 4219 ,ϐἀ-

243 4248 493 4301 πτισμα,
518 4234 557 4303 ἢ
580 4236 821 4303 θυσίαν,
842 4238 883 4307 ἣ
904 4243 1299 4309 χειροθεσίαν,
1322 4242 1360 4313 ἢ
1383 4246 1688 4315 εὐλογίαν.

171 4404 268 4459 ια’.
302 4407 433 4460 Ὅτι
456 4406 625 4476 πλὴν
646 4408 986 4463 ἐπισκόπου
1021 4407 1061 4477 ἢ
1094 4410 1518 4480 πρεσϐυτέρου,
1552 4412 1754 4469 οὐδενὶ

238 4499 360 4554 τῶν
385 4500 616 4555 λοιπῶν
642 4501 942 4570 κληρικῶν
977 4502 1389 4570 ἐπιτέτραπται
1418 4503 1490 4558 τὰ
1519 4503 1638 4560 τῶν
1666 4510 1748 4560 ίε-
1780 4499 1825 4558 D

230 4594 394 4663 ρέων
430 4594 728 4663 ἐνεργεῖνο
773 4594 841 4649 τὸ
884 4593 953 4647 δὲ
999 4594 1363 4663 χειροτονεῖν
1401 4596 1567 4666 μόνῳ
1620 4598 1747 4653 ἐπι-

239 4685 457 4749 σκόπῳ
483 4683 797 4753 προσήκει,
823 4683 1003 4752 ἑτέρῳ
1029 4683 1097 4737 δὲ
1135 4683 1358 4738 οὐδενί.

166 4774 256 4831 ιϐ’.
297 4774 623 4843 Ἀποτροπὴ
645 4776 1011 4843 βασκανίας.

167 4866 256 4937 ιγ’.
291 4868 492 4935 Ὅπως
517 4868 614 4923 δεῖ
634 4872 1076 4940 προσεύχεσθαι
1098 4872 1207 4939 τὰς
1230 4889 1421 4943 χηρας
1454 4874 1607 4943 ὑπέρ
1631 4875 1748 4929 τῶν

235 4957 525 5014 διδόντων
542 4960 616 5015 τὰ
642 4960 793 5029 πρὸς
826 4963 932 5028 τὰς
962 4964 1186 5032 χρείας.

166 5049 260 5104 ιδ’.
293 5052 425 5104 Ὅτι
449 5052 523 5105 οὐ
550 5050 669 5120 χρὴ
702 5051 1039 5121 κομπάζειν,
1069 5054 1167 5107 καὶ
1204 5053 1654 5124 περιαγγέλλειν
1679 5055 1745 5107 τὸ

233 5142 458 5211 ἑαυτῆς
488 5143 696 5213 ὄνομα,
732 5142 842 5212 τὴν
875 5146 1412 5215 καρποφοροῦσαν,
1441 5146 1589 5201 κατὰ
1630 5146 1746 5215 τὴν

235 5234 343 5289 τοῦ
362 5235 587 5302 Κυρίου
613 5234 902 5301 διάταξιν.

165 5328 246 5377 ιε’.
281 5323 411 5375 Ὀτι
437 5322 706 5391 ἀπρεπὲς
735 5323 803 5378 τό
822 5323 1118 5394 λοιδορεῖν
1154 5324 1260 5379 τόν
1284 5326 1551 5394 πλησίον
1569 5344 1581 5357 ·
1636 5329 1745 5382 ἁλ-

234 5414 476 5481 λότριον
500 5414 611 5484 γὰρ
635 5415 1004 5484 Χριστιανῶν
1022 5416 1090 5471 τὸ
1109 5416 1497 5485 καταρᾶσθαι.

166 5502 263 5570 ις’.
293 5504 435 5573 Περὶ
448 5506 735 5575 μυήσεως
763 5508 926 5574 θείας
952 5507 1060 5562 τοῦ
1096 5509 1269 5579 ἁγίου
1300 5510 1737 5579 βαπτίσματος.

160 5586 254 5658 ιζ’.
282 5597 473 5651 Ποίαν
496 5599 696 5652 αἰτίαν
713 5599 837 5669 ἔχει
867 5600 934 5655 τὸ
966 5604 1051 5667 είς
1080 5601 1187 5655 τὸν
1230 5602 1486 5675 Χριστὸν
1521 5602 1740 5668 βάπτι-

230 5704 357 5759 σμα
378 5705 392 5719 ⁸
428 5689 532 5745 καὶ
567 5689 722 5745 διατί
760 5691 875 5748 τῶν
904 5693 975 5750 ἐν
1012 5694 1172 5761 αὐτῷ
1198 5694 1458 5751 ἕκαστον
1483 5695 1737 5766 λέγεται,

228 5782 330 5836 καὶ
355 5782 687 5852 πράττεται.

2283 2635 2530 2691 CAPITA
2563 2637 2741 2692 LIBRI
2771 2637 3022 2695 TERTII.

1862 2863 1927 2919 II.
1970 2864 2124 2930 Quod
2155 2864 2441 2919 cavendum
2472 2865 2563 2927 sit,
2600 2882 2664 2919 ne
2691 2866 2808 2935 quis
2834 2865 3018 2921 viduas
3041 2868 3284 2936 juniores
3308 2888 3435 2926 con-

1933 2957 2147 3019 stituat,
2177 2964 2390 3025 propter
2418 2956 2788 3025 suspicionem.

1859 3047 1948 3104 III.
1991 3048 2188 3115 Quales
2213 3066 2326 3104 esse
2354 3058 2591 3118 oporteat
2616 3050 2824 3117 viduas,
2852 3062 2903 3107 et
2926 3052 3185 3123 quomodo
3223 3054 3290 3108 ab
3334 3058 3436 3124 epi-

1780 3158 1822 3215 ε
1926 3157 2083 3209 scopo
2115 3140 2334 3195 debeant
2364 3141 2632 3211 adjuvari.

1856 3229 1943 3288 IV.
1989 3233 2143 3299 Quod
2170 3243 2407 3302 oporteat
2434 3234 2712 3306 unicuique
2738 3236 2991 3307 indigenti
3022 3238 3341 3309 benefacere.

1856 3322 1923 3379 V.
1964 3324 2122 3391 Quod
2154 3325 2322 3380 vidute
2350 3326 2586 3395 probitas
2620 3344 2824 3381 morum
2849 3345 2992 3385 curre
3022 3347 3133 3385 esse
3156 3331 3358 3389 debeat.

1855 3414 1945 3471 Vl.
1970 3416 2124 3483 Quod
2148 3434 2251 3472 non
2278 3426 2513 3487 oporteat
2538 3419 2780 3475 mulieres
2801 3421 3025 3476 docendi
3046 3424 3229 3493 ofﬁcio
3252 3425 3431 3497 fungi;

1924 3508 2227 3565 indecorum
2274 3512 2419 3565 enim
2447 3521 2673 3566 esse:et
2720 3513 2903 3584 quales
2946 3518 3196 3572 mulieres
3242 3518 3433 3574 Domi-

1925 3619 2051 3655 num
2080 3603 2446 3674 sequebantur.

1856 3692 1969 3750 VII.
2014 3695 2211 3762 Quales
2241 3698 2351 3751 sint
2376 3698 2532 3767 falsa:
2561 3698 2753 3756 vidua’.

1854 3784 1993 3842 VIII.
2038 3786 2191 3854 Quod
2219 3805 2322 3842 non
2368 3798 2605 3855 oporteat
2635 3801 2693 3845 ut
2732 3792 2796 3846 ab
2827 3793 3057 3866 indignis
3093 3796 3320 3867 accipiat
3354 3801 3430 3855 ui-

1921 3878 2050 3942 dua,
2082 3878 2160 3933 vel
2191 3881 2487 3951 episcopus,
2519 3882 2598 3936 vel
2628 3883 2767 3938 alius
2804 3884 2999 3956 ﬁdelis.

1855 3969 1945 4026 IX.
1989 3972 2141 4039 Quod
2197 3989 2302 4027 non
2356 3982 2592 4042 oporteat
2633 3985 2693 4028 ut
2732 3977 2976 4032 mulieres
3025 3978 3295 4048 baptizent
3327 3998 3345 4035 :
3375 3984 3429 4036 id

1923 4064 2061 4118 enim
2090 4065 2343 4134 impium,
2374 4075 2424 4120 et
2456 4082 2489 4119 a
2520 4064 2765 4121 doctrina
2793 4066 2994 4123 Christi
3030 4072 3286 4130 alienum.

1854 4155 1922 4210 X.
1965 4157 2119 4224 Quod
2152 4174 2255 4211 non
2282 4158 2467 4214 debeat
2501 4160 2672 4214 laicus
2704 4176 2833 4230 opus
2860 4162 3190 4219 sacerdotale
3218 4165 3425 4235 facere;

1862 4272 1863 4275 η
1941 4250 2226 4318 baptisma,
2256 4260 2349 4304 aut
2383 4252 2732 4321 sacriﬁcium,
2768 4262 2861 4306 aut
2904 4270 3094 4309 manus
3133 4257 3426 4325 impositioo

1922 4356 2060 4406 nem,
2087 4350 2180 4395 aut
2206 4340 2631 4399 benedictionem.

1854 4430 1946 4488 XI.
1990 4432 2143 4499 Quod
2171 4443 2520 4504 prwterquam
2548 4437 2788 4505 episcopo
2816 4446 2906 4489 aut
2928 4436 3252 4507 presbytero,
3286 4441 3423 4494 nulli

1918 4533 2229 4579 creterarum
2259 4526 2569 4580 clericorum
2602 4528 2757 4581 liceat
2786 4544 2901 4598 qua:
2930 4538 3053 4583 sunt
3087 4530 3417 4585 sacerdotum

1915 4632 2154 4673 exercere
2182 4634 2200 4671 :
2233 4628 2281 4673 et
2318 4618 2456 4689 quod
2504 4619 2771 4685 ordinare,
2812 4620 2916 4675 soli
2950 4620 3191 4689 episcopo
3236 4637 3420 4677 conve-

1916 4709 2050 4773 niat,
2084 4710 2219 4763 nulli
2248 4727 2365 4764 vero
2401 4710 2517 4766 alii.

1847 4799 1961 4855 XII.
2006 4801 2313 4856 Deltortatio
2344 4801 2408 4855 ab
2438 4802 2658 4857 invidia.

1846 4891 1984 4947 XIII.
2029 4892 2305 4959 Quomodo
2333 4904 2571 4963 oporteat
2595 4893 2781 4947 viduas
2815 4909 2966 4947 orare
2994 4909 3089 4963 pro
3120 4894 3187 4949 iis
3212 4897 3302 4966 qui
3325 4914 3414 4952 ne-

1913 4987 2147 5039 cessaria
2174 4986 2430 5041 tribuunt.

1846 5075 1983 5133 XIV.
2029 5076 2183 5143 Quod
2220 5079 2506 5132 secundum
2557 5076 2771 5131 Domini
2816 5080 3264 5143 constitutionem,
3310 5097 3413 5135 mn

1913 5167 2096 5222 debeat
2109 5168 2322 5238 jactare
2341 5185 2417 5234 se,
2448 5186 2540 5223 nec
2570 5185 2757 5223 nomen
2787 5186 2939 5224 suum
2965 5170 3275 5240 prtedicare,
3296 5188 3412 5241 qua:

1914 5277 2101 5315 manus
2130 5260 2336 5317 tribuit.

1841 5394 1956 5452 XV.
2000 5397 2154 5463 Quod
2183 5415 2285 5452 non
2314 5398 2492 5453 deceat
2538 5400 2823 5454 conviciari
2868 5400 3104 5469 proximo
3132 5413 3152 5452 :
3176 5397 3409 5452 alienum

1852 5514 1855 5515 ν
1908 5493 2047 5543 enim
2078 5507 2191 5545 esse
2218 5508 2250 5544 a
2279 5490 2623 5555 Christianis,
2655 5492 2980 5545 maledicere.

1842 5581 1982 5636 XVI.
2028 5582 2103 5637 De
2124 5582 2303 5636 divina
2333 5584 2505 5637 sancti
2536 5584 2870 5653 baptismatis
2909 5582 3226 5637 initiatione.

1840 5696 2002 5753 XVII.
2048 5698 2218 5763 Quam
2245 5715 2461 5752 causam
2490 5699 2677 5752 habeat
2708 5698 2995 5765 baptismus
3023 5698 3075 5750 in
3102 5698 3403 5752 Christum:

1845 5806 1850 5813 '
1908 5798 1956 5844 et
1990 5806 2151 5859 quare
2182 5791 2389 5860 singula
2416 5793 2467 5844 in
2504 5808 2561 5844 eo
2597 5801 2643 5843 et
2670 5790 2933 5853 dicantur,
2967 5802 3021 5842 et
3058 5790 3208 5855 ﬁant.
