3876 6188
761 439 1159 495 ΚΕΦΔΛΔῙΟΝ
1198 441 1239 493 Γ
1251 447 1283 494 ’.

235 532 477 599 Ὀποίας
500 532 656 587 εἶναι
680 532 799 605 χρὴ
826 532 934 598 τὰς
974 532 1165 605 χήρας
1206 532 1342 605 (50),
1372 532 1471 586 καὶ
1491 532 1662 599 ’ὅπως
1686 533 1815 588 ἐπι-

495 603 840 671 κουρεῒσθαι
868 603 1030 672 παρὰ
1056 603 1164 657 τοῦ
1192 603 1549 658 ἐπισκόπου.

295 716 366 770 Δί
392 716 449 770 δὲ
477 715 732 786 ἀληθιναὶ
759 715 929 789 χῆραί
958 718 1097 771 είσιν
1115 755 1131 781 ,
1160 716 1218 769 αἱ
1262 716 1545 788 μόνανδροι
1575 715 1819 789 ὑπάρξα-

258 824 339 871 αι,
366 806 809 879 μαρτυρούμεναι
830 807 938 861 ὐπὸ
970 807 1232 861 πλειόνων
1260 810 1318 861 ὲν
1348 808 1533 880 ἔργοις
1559 808 1817 877 ἀγαθοῖς,

256 900 394 970 ἦραι
422 899 501 971 τῷ
528 899 666 967 ὄντι,
698 898 998 971 σώφρονες,
1049 900 1233 969 ἁγναὶ,
1282 902 1503 967 πισταὶ,
1553 900 1817 967 εὐσεϐεῖς,

222 993 730 1064 τεκνοτροφήσασαι
776 992 979 1059 καλῶς,
1033 993 1128 1046 καὶ
1178 992 1596 1064 ξενοδοχήσασαι
1638 993 1820 1063 ἀμέμ-

216 1096 392 1147 πτως·
437 1076 513 1138 ὧν
543 1084 641 1138 καὶ
667 1083 1161 1156 ἀντιλαμϐάνεσθαι
1199 1083 1305 1156 χρὴ
1351 1084 1427 1148 ὡς
1454 1083 1573 1153 Θεῷ
1609 1084 1821 1137 ἀνακει-

219 1177 426 1248 μένων.
482 1176 643 1231 ama:
689 1176 794 1248 μὴν
838 1178 934 1231 καλ¹
979 1176 1090 1230 τῶν
1136 1178 1407 1247 πενήτων,
1438 1168 1485 1230 ὦ
1513 1176 1778 1229 ἐπίσκοπε
1800 1218 1816 1243 ,

218 1268 559 1342 μνημόνευε,
614 1269 712 1322 καὶ
759 1270 947 1332 αὐτοῖς
1003 1271 1162 1339 χεῖρα
1207 1268 1419 1339 ὀρέγων
1477 1267 1814 1338 ἐπικουρίας,

215 1361 321 1415 καὶ
354 1360 615 1431 πρόνοιαν
646 1360 827 1414 αὐτῶν
857 1360 1199 1432 ποιούμενος,
1233 1360 1311 1424 ὡς
1335 1355 1471 1413 Θεοῦ
1515 1360 1815 1431 οἰκονόμος,

213 1452 499 1523 εὐκαίρως
545 1451 765 1523 ἑκάστῳ
808 1450 1080 1523 διανέμων
1125 1451 1195 1505 τὰ
1251 1452 1560 1523 πρόσφορα,
1618 1452 1818 1523 χήραις

216 1545 318 1597 καὶ
340 1544 605 1615 ὀρφανοῖς
633 1545 728 1597 καὶ
747 1542 859 1615 (51)
881 1543 1265 1616 ἀπεριστάτοις
1292 1544 1387 1597 καὶ
1411 1546 1527 1607 τοῖς
1554 1544 1612 1595 ὲν
1640 1542 1817 1613 θλίψει

214 1633 419 1700 ὲξεταζ
422 1652 450 1688 ο
458 1635 664 1706 μένοις.

780 1748 1179 1801 ΚΕΦΑΛΑΙΟΝ
1215 1750 1289 1802 Δ’.

331 1838 457 1893 Ὅτι
484 1837 658 1896 πάνθ’
682 1843 885 1899 ὅντινα
912 1839 1025 1894 οὖν
1051 1836 1229 1906 ἐνδεῆ
1259 1838 1523 1893 εὐποιεῖν
1553 1839 1688 1908 χρή.

293 1930 363 1983 Τί
394 1930 525 2001 γάρ,
556 1930 610 1982 εῖ
632 1948 778 1994 τινες
818 1931 891 2003 μή
925 1933 1030 1984 είσι
1053 1931 1219 2003 χῆραι
1256 1930 1289 2002 ἢ
1329 1931 1490 2002 χῆροι
1519 1930 1657 2001 (52),
1680 1930 1806 2003 βοη-

215 2018 378 2084 θείας
403 2020 459 2073 δὲ
487 2019 748 2092 χρῄζουσι
790 2021 882 2076 διὰ
908 2023 1121 2087 πενίαν,
1155 2022 1188 2093 ἢ
1218 2021 1307 2075 διά
1333 2022 1509 2085 νόσον,
1541 2022 1573 2093 ἢ
1604 2022 1694 2076 διὰ
1734 2040 1816 2075 τε-

214 2113 582 2184 κνοτροφίαν;
614 2113 831 2177 Πάντας
860 2131 919 2168 σε
948 2114 1028 2167 δεῖ
1053 2115 1278 2185 ἑφορᾷν,
1309 2115 1404 2168 καὶ
1438 2114 1656 2168 πάντων
1693 2116 1814 2167 επι-

219 2203 527 2274 μελεῖσθαι.
560 2206 624 2257 Οἱ
653 2203 762 2277 γὰρ
795 2205 867 2258 τὰ
894 2205 1102 2277 δόματα
1130 2206 1383 2270 διδόντες,
1414 2207 1516 2259 οὐκ
1555 2207 1814 2276 αὐτοσχε-

213 2295 353 2359 δίως
396 2295 539 2350 αὐτά
575 2296 782 2351 διδόασι
809 2299 934 2359 ταῖς
961 2298 1181 2370 χήραις,
1212 2297 1349 2352 ἀλλά
1371 2299 1814 2367 συνεισφέρουσιν

215 2387 432 2451 ἁπλῶς,
477 2386 701 2441 ἑκούσια
735 2388 878 2442 αὐτά
913 2389 1290 2461 ὀνομάζοντες
1340 2389 1490 2453 ὅπως
1532 2390 1597 2442 σὺ
1625 2391 1654 2443 6
1694 2391 1816 2442 ὲπι-

215 2478 495 2550 στάμενος
522 2482 651 2542 τοὺς
678 2478 1051 2551 θλιϐομένους,
1081 2483 1327 2555 ἀκριϐῶς
1356 2484 1433 2548 ὡς
1451 2484 1654 2553 ἀγαθὸς
1679 2487 1819 2539 οίκο-

214 2570 388 2641 νόμος
436 2569 667 2642 μερίζῃς
707 2573 890 2636 αὐτοῖς
931 2574 997 2627 ὲκ
1039 2574 1133 2627 τοῦ
1174 2574 1426 2646 δόματοςο
1481 2578 1510 2629 ό
1548 2576 1656 2647 γὰρ
1684 2576 1816 2640 Θεὸς

214 2661 485 2732 γινώσκει
521 2663 612 2715 τὸν
639 2663 930 2727 δεδωκότα,
961 2665 1061 2719 κᾶν
1092 2666 1321 2731 ἀπόντος
1352 2667 1541 2732 αὐτοῦ,
1581 2668 1686 2721 ὐπὸ
1720 2668 1815 2721 σοῦ

212 2757 334 2817 τοῖς
379 2754 656 2825 δεομένοις
698 2755 1009 2826 μερίζηταιο
1067 2759 1163 2811 καὶ
1202 2758 1261 2821 ὃς
1305 2759 1401 2830 μὲν
1436 2758 1548 2830 ἔχει
1586 2759 1677 2813 τὸν
1716 2759 1817 2831 τῆς

214 2848 472 2909 εὐποιίας
511 2847 724 2918 μισθὸν,
766 2849 829 2901 σὺ
859 2847 916 2901 δὲ
942 2848 1034 2901 τὸν
1067 2850 1168 2920 τῆς
1208 2850 1582 2921 εὐσυνειδήτου
1612 2852 1817 2904 οίκονο-

216 2939 357 3010 μίας
392 2939 756 3010 μακαρισμόν.
780 2939 919 3008 Λέγε
950 2939 1006 2993 δὲ
1025 2941 1208 3003 αὐτοῖς
1237 2940 1369 3012 (55),
1400 2943 1495 2994 καὶ
1524 2941 1608 3004 τίς
1641 2941 1751 3014 (54)
1788 2944 1817 2995 ό

211 3029 492 3093 δεδωκὼς,
532 3030 619 3083 ἴνα
657 3032 752 3084 καὶ
790 3030 852 3094 ἐξ
896 3031 1159 3101 ὀνόματος
1199 3034 1340 3104 ὑπὲρ
1379 3032 1544 3085 αὐτοῦ
1584 3032 1817 3105 προσεύ-

1159 343 1757 403 CONSTITUTIONES
1796 347 2477 407 APOSTOLICE.—LIB.
2519 348 2605 406 ill.

1846 449 1893 505 A

3390 353 3494 407 766

2529 440 2759 499 CAPUT
2798 441 2885 500 lli.

1920 554 2119 622 Quales
2161 572 2274 611 esse
2314 556 2494 612 deceat
2520 556 2827 630 _viduas,_et
2855 566 3115 628 quomodo
3148 564 3213 613 ab
3250 560 3492 630 episeopo

2444 627 2665 681 debeant
2694 627 2959 695 adjuvari.

1989 716 2144 774 νει-ιιι
2172 728 2351 775 autem
2382 720 2560 774 vidua:
2583 727 2730 784 sunt,
2757 735 2878 789 qua:
2909 721 3162 783 univirae,
3189 736 3219 775 a
3245 722 3496 793 pluribus

1919 809 1975 865 in
2002 810 2165 868 bonis
2192 811 2450 882 operibus
2480 814 2872 883 comprobatae,
2906 829 3094 868 revera
3128 815 3324 876 vidum,
3356 814 3495 869 bene

1920 911 2165 967 moratae,
2196 904 2426 974 pudicas,
2457 904 2642 959 ﬁdeles
2662 946 2677 971 ,
2710 905 2832 974 pias,
2876 920 2999 974 quae
3029 905 3237 960 liberos
3267 906 3498 975 pulchre

1917 992 2245 1056 eduxerunt.
2278 1003 2334 1050 et
2355 995 2599 1065 hospites
2637 1005 2965 1065 receperunt
2993 997 3373 1064 laudabiliter;
3411 998 3499 1053 bis

1917 1092 2181 1155 tanquam
2206 1085 2319 1141 Deo
2347 1086 2689 1142 consecratis
2730 1090 3166 1144 succurrendum
3209 1099 3312 1145 est.
3354 1092 3495 1157 Quin

1917 1178 2104 1243 etiam,
2131 1179 2409 1248 episcope,
2454 1194 2753 1248 pauperum
2797 1196 3016 1252 quoque
3052 1191 3348 1249 memento,
3388 1185 3498 1239 illis

1919 1270 2241 1325 auxiliarem
2287 1286 2507 1325 manum
2546 1271 2853 1342 porrigens,
2876 1280 3142 1328 eteorum
3174 1274 3339 1329 rebus
3370 1291 3497 1345 pro-

1917 1362 2133 1427 videns,
2166 1372 2425 1433 tanquam
2461 1361 2556 1418 Dei
2599 1362 2971 1433 dispensator,
3020 1373 3329 1437 opportune
3375 1369 3486 1423 sin-

1918 1454 2063 1524 gulis
2102 1455 2414 1509 necessaria
2464 1454 2709 1510 subsidia
2761 1456 3113 1526 impertiens,
3152 1458 3365 1524 viduis,
3397 1475 3501 1529 pu-

1918 1543 2087 1614 pillis,
2114 1544 2355 1597 humana
2388 1559 2490 1613 ope
2530 1543 2830 1613 destitutis,
2857 1554 2911 1601 ct
2945 1564 3067 1603 cum
3091 1548 3331 1619 qualibet
3362 1548 3500 1605 allii-

1918 1634 2100 1690 ctione
2118 1635 2561 1693 colluctantibus.

2529 1748 2762 1806 CAPUT
2803 1749 2891 1805 IV.

2022 1843 2176 1909 Quod
2199 1853 2434 1913 oporteat
2469 1844 2747 1914 unicuique
2770 1844 3027 1914 indigenti
3064 1844 3384 1915 benefacere.

1986 1933 2129 2001 Quid
2158 1936 2327 1999 enim,
2369 1936 2416 1991 si
2457 1950 2568 1989 non
2591 1934 2770 1990 vidua:
2792 1943 2887 1988 aut
2915 1951 3024 1989 non
3050 1936 3198 1991 vidui
3251 1939 3496 1996 existen-

1914 2034 2020 2090 tes,
2052 2028 2257 2083 auxilio
2279 2037 2460 2083 tamen
2482 2027 2727 2098 indigent
2750 2035 2971 2098 propter
2994 2038 3389 2100 paupertatem,
3412 2034 3495 2089 vel

1916 2128 2138 2190 propter
2175 2120 2451 2187 morbum,
2482 2119 2568 2175 vel
2611 2120 2678 2174 ad
2714 2119 2942 2175 alendos
2997 2120 3240 2176 liberos?
3266 2121 3496 2180 Cunctis

1914 2219 2132 2282 oportet
2161 2212 2474 2281 prospicere
2519 2219 2594 2272 te,
2639 2218 2693 2266 et
2721 2223 3044 2266 cunctorum
3087 2228 3277 2266 curam
3317 2215 3497 2271 susci-

1915 2320 2062 2374 pere.
2101 2302 2204 2370 Qui
2227 2304 2371 2358 enim
2408 2304 2551 2357 dona
2576 2303 2904 2374 largiuntur,
2952 2320 3062 2359 non
3091 2321 3157 2360 ea
3201 2307 3384 2361 statim
3430 2324 3498 2365 ac

1916 2402 2122 2451 temere
2147 2395 2328 2450 viduis
2359 2395 2628 2456 tribuunt,
2660 2394 2755 2449 sed
2797 2394 3121 2464 simpliciter
3164 2396 3219 2451 in
3246 2413 3498 2453 commu-

1916 2504 2041 2542 nem
2072 2503 2255 2541 arcam
2303 2486 2617 2551 conferunt,
2650 2487 2959 2542 voluntaria
3000 2502 3064 2542 ea
3109 2490 3495 2560 appellantes;

1916 2594 2027 2649 quo
2054 2587 2113 2633 tu
2143 2579 2237 2649 qui
2268 2579 2621 2633 calamitosos
2652 2579 2966 2648 cognoscis,
2999 2587 3279 2644 accurate,
3313 2590 3372 2635 ut
3398 2582 3498 2637 bo-

1917 2687 2048 2727 num
2071 2686 2417 2726 meonomum
2447 2671 2622 2734 decet,
2641 2671 2939 2726 distribuas
2962 2671 3070 2726 illis
3089 2671 3157 2728 de
3175 2673 3340 2728 dono.
3360 2673 3497 2729 Nam

1917 2763 2062 2819 Deus
2092 2764 2406 2834 largitorem
2426 2763 2602 2828 novit,
2644 2763 2772 2817 licet
2792 2777 2859 2818 eo
2898 2762 3144 2832 absente,
3177 2764 3500 2820 distributio

1918 2859 1971 2911 in
1996 2864 2219 2928 egentes
2247 2872 2277 2910 a
2307 2863 2361 2911 te
2386 2856 2458 2909 sit
2488 2854 2634 2909 facta
2668 2874 2680 2910 :
2713 2870 2779 2909 ac
2825 2855 2918 2910 ille
2944 2855 3167 2925 quidem
3199 2857 3362 2913 habet
3402 2858 3496 2913 be-

1917 2949 2221 3005 neficentia:
2246 2948 2577 3014 mercedem,
2624 2957 2681 3002 tu
2730 2962 2861 3003 vero
2907 2947 2980 3003 ob
3026 2948 3495 3019 dispensationem

1918 3050 2067 3099 recta
2094 3041 2433 3097 conscientia
2459 3040 2903 3095 administratam
2936 3040 3128 3096 beatus
3160 3041 3498 3111 pra'dicabe-

214 3139 447 3194 χωνται.
487 3123 608 3193 Χρὴ
640 3121 749 3195 γάρ
792 3120 852 3176 εὖ
893 3127 1065 3176 ποιεῖν
1102 3124 1311 3188 πάντας
1351 3124 1693 3196 ἀνθρώπους,
1740 3126 1813 3198 μὴ

1919 3137 2019 3191 ris.
2050 3134 2148 3188 Dic
2168 3140 2348 3188 autem
2375 3133 2650 3203 in0pibus,
2679 3133 2803 3203 quis
2831 3132 3062 3198 dederit,
3090 3143 3149 3187 ut
3172 3135 3493 3188 nominatim

214 3215 669 3288 φιλοκρινοῦντας
708 3215 918 3279 τοῦτον,
957 3216 1017 3279 ὃς
1045 3233 1129 3279 τις
1167 3212 1226 3289 ᾗ,
1266 3215 1299 3287 ἢ
1342 3217 1568 3270 ἐκεῖνον.
1622 3217 1681 3270 '0
1709 3214 1819 3288 γὰρ

216 3308 432 3380 Κύριός
460 3325 596 3379 φησι
622 3324 636 3337 ο
674 3326 692 3359 ι
729 3308 901 3361 Παντὶ
927 3308 1005 3378 τῷ
1037 3308 1276 3362 αἰτοῦντί
1308 3326 1367 3361 σε
1397 3309 1539 3362 δίδου
1565 3326 1578 3339 ·
1620 3328 1638 3361 ι
1661 3309 1819 3382 δῆλον

212 3401 276 3454 δὲ
303 3400 383 3463 ὡς
412 3399 492 3471 τῷ
520 3398 778 3471 χρῄζοντι
819 3400 961 3453 κατὰ
992 3398 1270 3471 ἀλήθειαν,
1306 3399 1408 3454 κᾶν
1451 3401 1605 3470 φίλος
1716 3401 1818 3456 κᾶν

218 3491 443 3562 εχθρὸς,
463 3490 566 3544 κᾶν
588 3491 857 3562 συγγενὴς
888 3490 991 3545 κᾶν
1020 3490 1319 3564 ἀλλότριος,
1342 3490 1445 3545 κᾶν
1474 3493 1687 3563 ἄγαμος
1715 3492 1817 3546 κᾶν

218 3581 558 3653 γεγαμηκὼς
590 3583 830 3655 ὑπάρχῃ.
877 3583 963 3635 Ἐν
1000 3583 1151 3656 πάσῃ
1194 3582 1300 3655 γὰρ
1329 3583 1519 3655 Γραφῇ
1552 3586 1580 3637 6
1609 3583 1819 3655 Κύριος

220 3677 353 3747 περὶ
371 3674 483 3728 τῶν
502 3658 748 3746 πενήτων
773 3678 1046 3745 παραινεῖ,
1071 3675 1267 3744 λέγων,
1296 3674 1386 3729 διὰ
1414 3676 1512 3746 μὲν
1564 3676 1808 3728 Ἡσαΐου·

225 3790 245 3820 ι
284 3768 596 3841 Διάθρυπτε
634 3767 888 3820 πεινῶντι
921 3766 1012 3821 τὸν
1054 3768 1217 3839 ἄρτον
1262 3783 1390 3820 σουο
1436 3767 1532 3820 καὶ
1563 3768 1813 3837 πτωχοὺς

218 3861 492 3929 ἀστέγους
532 3858 793 3928 εἰσάγαγε
831 3861 912 3921 είς
955 3858 1045 3912 τὸν
1079 3853 1227 3912 οἶκόν
1270 3876 1384 3913 σου.
1443 3857 1566 3913 Ἐὰν
1594 3857 1652 3911 δὲ
1697 3858 1813 3930 ίδῃς

220 3954 457 4028 γυμνὸν,
491 3952 772 4025 περίϐαλεο
825 3952 921 4006 καὶ
959 3952 1069 4006 ἀπὸ
1109 3950 1218 4004 τῶν
1258 3950 1475 4005 οἰκείων
1510 3949 1606 4003 τοῦ
1640 3953 1811 4021 σπέρ-

298 4129 344 4166 "
384 4128 520 4186 Luc.
552 4144 643 4196 v1,
672 4128 766 4187 '50.

1915 3242 2134 3298 quoque
2175 3241 2275 3297 pro
2316 3240 2383 3280 eo
2431 3231 2744 3295 precentur.
2805 3222 3037 3295 Oportet
3075 3241 3207 3296 ergo
3238 3229 3496 3283 omnibus

1913 3318 2232 3374 hominibus
2287 3317 2427 3372 bene
2480 3316 2695 3380 facere,
2743 3331 2854 3370 non
2907 3317 3152 3373 studiose
3199 3328 3496 3388 pensantes

1915 3413 2082 3476 hunc,
2120 3412 2375 3483 quisnam
2409 3411 2501 3475 sit,
2536 3410 2623 3464 vel
2667 3409 2842 3465 illum.
2880 3408 3146 3465 Dominus
3188 3412 3335 3466 enim
3368 3413 3444 3465 ait
3475 3430 3491 3469 :

1919 3525 1938 3559 ι
1971 3505 2132 3561 Omni
2185 3503 2393 3574 petenti
2443 3510 2517 3566 te,
2573 3501 2754 3556 tribue
2780 3502 2866 3570 ἰς
2917 3520 2936 3554 ι
2989 3502 3266 3565 videlicet,
3300 3517 3494 3557 revera

1914 3598 2116 3668 egenti,
2168 3596 2285 3651 sive
2334 3594 2546 3649 amicus
2587 3594 2806 3657 existat,
2851 3592 2967 3648 sive
3023 3592 3321 3660 inimicus;
3379 3592 3497 3649 sive

1918 3696 2207 3762 cognatus,
2240 3688 2358 3745 sive
2410 3687 2658 3752 alienus;
2705 3684 2822 3740 sive
2864 3685 3083 3752 caelebs,
3119 3685 3234 3741 sive
3266 3686 3490 3755 coniux.
3535 3682 3541 3688 ’

1916 3781 1976 3837 In
1997 3781 2147 3837 omni
2176 3778 2443 3851 siquidem
2470 3775 2754 3847 Scriptura
2774 3776 3038 3833 Dominus
3064 3777 3134 3832 de
3162 3777 3497 3848 pauperibus

1916 3880 2123 3938 monet,
2156 3872 2368 3935 dicens,
2415 3884 2512 3939 per
2538 3867 2733 3924 Isaiam
2764 3868 2986 3939 quidem
3014 3889 3029 3925 :
3068 3886 3088 3922 ι
3126 3868 3339 3940 Frange
3359 3858 3490 3924 esu-

1918 3965 2081 4021 rienti
2111 3977 2308 4035 panem
2348 3969 2533 4029 tuum;
2565 3968 2620 4017 et
2648 3976 2918 4032 pauperes
2966 3961 3088 4018 sine
3121 3968 3288 4027 tecto,
3326 3959 3493 4016 indue

1541 4266 1911 4328 VARIORUM
1950 4268 2186 4325 NOTAE.

323 4486 418 4559 30)
698 4484 848 4538 Alter
870 4485 969 4559 τᾲς
997 4479 1165 4559 livet»;
1193 4476 1387 4547 χήρας.
1417 4472 1515 4559 (ξιτ
1546 4558 1553 4559 7
1586 4548 1619 4559 ν.
1643 4541 1655 4559 ε

325 4541 419 4627 313
448 4541 578 4611 Κῶ.
611 4541 738 4610 Haec
758 4541 963 4609 vocula
978 4557 1033 4606 et
1074 4541 1393 4615 duaz"s'eqq.
1424 4541 1699 4597 desuntin
1733 4541 1812 4595 al-

226 4627 526 4766 tergﬂln‘ii
544 4695 734 4766 χῆροι.
763 4693 973 4766 Desunt
1002 4692 1057 4744 in
1086 4683 1547 4766 antiquiore‘eod'.
1583 4681 1661 4737 In.

306 4700 395 4771 ('52
456 4699 734 4766 Ἦχῆροι.
765 4699 973 4749 Desunt
1003 4699 1057 4744 in
1088 4699 1395 4759 antiquiore
1425 4699 1547 4770 eoa;
1584 4699 1661 4737 ID.

306 4699 423 4893 (ὅδὲ
464 4767 612 4836 Λέγε
640 4765 707 4819 δὲ
735 4763 971 4844 αὺιςοῖς,
1006 4761 1103 4842 καί
1149 4761 1290 4826 τίςό
1321 4756 1607 4836 δεδωκως,
1641 4752 1811 4806 κ.τ.λ.

306 4850 385 4893 ter
428 4854 517 4893 um
537 4852 728 4892 eorum
756 4851 847 4893 ulll
871 4832 1205 4893 pauperibus
1229 4832 1365 4885 bene
1396 4825 1690 4885 faciebant,
1719 4831 1811 4875 aut

228 4825 517 4897 Interdum
537 4825 728 4892 eorum
756 4835 847 4901 qui
871 4825 1205 4903 pauperibus
1229 4832 1365 4903 bene
1396 4825 1690 4903 faciebant,
1719 4831 1814 4875 aut

230 4895 442 4981 aliquid
474 4895 1347 4981 oﬂ‘erebant:Ecclesiaeunomina
1374 4895 1715 4981 celabantur,
1738 4909 1811 4981 rex

232 4965 453 5036 Domini
477 4983 748 5047 ιιι-ποθι)ιο
773 4973 963 5028 Matth.
998 4989 1073 5035 vl,
1097 4971 1175 5047 2A:
1209 4970 1341 5047 Cum
1366 4967 1501 5037 facis
1532 4965 1814 5047 eleemosy-

232 5068 386 5114 nam,
418 5040 530 5103 no'ti
569 5040 693 5099 tuba
731 5061 936 5117 canere,
978 5050 1084 5117 etc.
1135 5040 1250 5117 Qua
1277 5040 1349 5117 _de
1390 5054 1450 5092 re
1479 5040 1814 5117 constitutor

233 5103 385 5177 intra
415 5134 540 5188 cap.
577 5118 662 5188 14.
694 5103 970 5188 Interdum
1000 5103 1183 5188 palatii
1208 5110 1427 5188 ﬁebant,
1459 5113 1525 5188 et.
1548 5106 1657 5158 alio
1705 5103 1811 5188 Do-

234 5176 445 5246 minico
486 5176 747 5258 mandato
786 5176 1075 5258 Matth._:v,
1118 5180 1185 5235 16
1220 5197 1232 5234 :
1264 5176 1601 5258 Luceatdua:
1636 5183 1813 5258 vestra

229 5277 419 5314 coram
464 5257 787 5320 hominibus,
830 5262 938 5310 etc.
973 5250 1042 5306 Ut
1072 5266 1298 5328 cernere
1325 5255 1408 5328 est
1440 5247 1552 5328 hic,
1598 5252 1654 5300 et
1684 5259 1807 5326 cap.

230 5330 327 5389 9.9.
360 5330 456 5383 lib.
486 5344 609 5390 vm,
660 5318 831 5396 utque
872 5321 1310 5396 pertestimonia
1339 5318 1586 5396 plurima
1617 5330 1647 5368 a
1677 5318 1812 5396 viris

234 5385 420 5455 doctis
459 5385 757 5469 probatur:
782 5385 1075 5469 Insigniter
1104 5390 1311 5469 et-l'iuic
1339 5385 1461 5469 loco
1483 5385 1811 5469 gonvenien-

235 5456 787 5540 tissime‘Cyprianns
816 5456 986 5540 epi'st.
1009 5462 1080 5540 εξο
1111 5479 1126 5516 :
1163 5458 1232 5514 Ut
1262 5468 1439 5540 autem
1478 5456 1671 5540 fratres
1706 5471 1811 5540 ,ηοξ

234 5549 380 5595 stros
412 5555 475 5593 ac
521 5531 749 5600 sorores,
790 5531 879 5606 qui
918 5531 1120 5606 adhoc
1148 5547 1276 5598 opus
1317 5539 1426 5581 tam
1455 5531 1809 5606 necessarium

234 5620 476 5679 prompte
489 5626 551 5663 ac
572 5607 793 5679 libenter
802 5602 1014 5679 operati
1034 5609 1185 5679 sunt,
1206 5609 1263 5653 ut
1294 5612 1493 5679 semper
1509 5602 1805 5679 operentur,

238 5670 295 5735 in
331 5670 555 5734 mentem
587 5677 823 5731 habeatis
843 5670 915 5727 'in
931 5670 1276 5743 orationibus
1288 5670 1498 5743 vestris,
1535 5672 1585 5717 et
1620 5670 1696 5743 eis
1723 5670 1802 5743 vi-

238 5767 352 5806 cem
366 5750 487 5803 boni
504 5748 677 5817 operis
691 5749 745 5801 in
756 5744 1037 5817 sacriﬁciis
1059 5752 1108 5796 et
1137 5739 1374 5817 precibus
1401 5739 1803 5817 reprazsentetis,

243 5819 459 5879 subdidi
484 5808 697 5876 nomina
731 5808 1093 5891 singulorum;
1139 5808 1233 5877 sed
1254 5816 1304 5865 et
1335 5808 1652 5878 collegarum
1678 5818 1805 5875 quo-

1915 4486 2012 4540 que
2039 4478 2091 4524 et
2109 4470 2541 4525 consacerdotum
2558 4478 2880 4543 nostrorum,
2902 4472 3059 4543 quiet
3087 4471 3191 4540 ipsi
3208 4488 3325 4543 cum
3346 4490 3488 4543 pra:-

1914 4539 2082 4615 sentes
2112 4549 2303 4604 essent,
2325 4551 2375 4615 et
2404 4558 2521 4604 suo,
2547 4550 2597 4596 et
2616 4539 2779 4615 plebis
2792 4539 3127 4615 sutenomine
3139 4539 3381 4612 quaedam
3392 4561 3490 4615 pro

1918 4612 2118 4683 viribus
2156 4612 2510 4683 contulerunt,
2545 4612 2759 4665 nomina
2783 4609 3001 4674 addidi;
3023 4620 3073 4663 et
3102 4609 3295 4680 praeter
3315 4609 3489 4683 quan:

1918 4682 2123 4733 titatem
2157 4682 2427 4752 propriam
2459 4692 2715 4742 nostram,
2750 4696 2931 4733 eorum
2955 4697 3155 4752 quoque
3193 4682 3488 4739 summulas

1917 4751 2235 4823 signiﬁcavi,
2254 4761 2305 4805 et
2322 4753 2481 4814 misi;
2514 4766 2737 4823 quorum
2768 4751 3322 4823 ontniumsecundum
3350 4764 3487 4823 quod

1917 4821 2047 4889 ﬁdes
2072 4830 2123 4875 et
2155 4821 2392 4876 charitas
2429 4820 2666 4891 exigunt,
2720 4820 3125 4891 inqorationibus
3161 4831 3210 4876 et
3244 4820 3486 4891 precibus

1921 4892 2107 4945 vestris
2121 4893 2420 4961 meminisse
2441 4888 2656 4945 debetis.
2677 4892 2733 4945 In
2755 4888 2936 4945 Gestis
2956 4888 3296 4961 purgationis
3317 4895 3485 4950 (lasci-

1915 4960 2167 5015 lianietF
2171 4962 2325 5018 elicis
2345 4979 2363 5018 :
2385 4961 2572 5030 Utique
2595 4964 2669 5015 vel
2696 4961 2895 5014 audisti
2922 4962 2999 5015 vel
3019 4960 3195 5017 vidisti
3221 4964 3266 5017 si
3288 4965 3486 5017 dictum

1914 5041 1995 5085 est
2018 5030 2467 5105 pauperibusﬂat
2481 5042 2529 5105 et
2544 5032 2686 5105 vobis
2700 5032 2764 5083 de
2794 5048 2848 5084 re
2867 5049 2965 5085 sua
2978 5031 3201 5105 Lucina.
3229 5032 3490 5105 Hierony-

1914 5117 2037 5157 mus
2069 5103 2171 5156 sub
2197 5102 2357 5156 ﬁnem
2379 5102 2503 5155 libri
2537 5119 2574 5156 ιι
2631 5100 3007 5156 Commentarii
3061 5104 3114 5157 in
3150 5100 3485 5160 Jeremiam‘:

1886 5172 1983 5223 'At
2013 5188 2150 5225 nunc
2175 5171 2378 5241 publice
2400 5173 2689 5225 recitantur
2711 5171 3041 5241 offerentium
3069 5189 3302 5236 nomina,
3329 5182 3377 5225 et
3403 5190 3487 5226 re»

1912 5240 2142 5311 demptio
2164 5251 2498 5311 peccatorum
2527 5250 2765 5294 mutatur
2792 5242 2847 5294 in
2879 5240 3107 5296 laudem.
3142 5241 3208 5295 Et
3246 5243 3314 5295 ad
3348 5241 3485 5295 Eze-

1911 5310 2105 5367 chielis
2128 5327 2280 5377 xvm,
2306 5312 2375 5365 16
2400 5330 2412 5365 :
2447 5310 2665 5365 Publice
2695 5311 2951 5365 diaconus
2973 5312 3027 5364 in
3050 5312 3269 5366 ecclesia
3297 5312 3485 5366 recitat

1912 5382 2243 5453 offerentium
2286 5382 2548 5453 nomina;
2590 5380 3174 5453 Tantumuoﬂ‘ertdilla
3201 5396 3220 5433 :
3253 5380 3485 5435 Tantum

1915 5449 2008 5505 ille
2033 5452 2301 5519 pollicitus
2321 5460 2399 5505 est
2422 5468 2441 5506 :
2470 5451 2774 5519 placentque
2796 5451 2897 5505 sibi
2919 5449 2986 5503 ad
3011 5449 3257 5510 plausum
3278 5452 3481 5519 populi,

1909 5521 2368 5591 etc.Scilicet_in
2409 5520 2723 5591 hujusmodi
2755 5520 2913 5591 factis
2942 5535 3080 5591 usus
3116 5534 3240 5575 esse
3280 5529 3482 5590 potest,

1909 5598 1965 5662 et
1985 5590 2212 5647 abusus.
2237 5589 2492 5662 Hincque‘
2509 5591 2743 5646 variatio
2762 5589 3063 5660 disciplina:
3081 5604 3181 5661 pro
3192 5589 3483 5661 prudentia

1909 5660 2236 5717 Christiana.
2265 5660 2403 5716 Cor.

1980 5731 2093 5804 (54)
2136 5732 2253 5800 Τίς.·
2280 5730 2445 5787 Addit
2473 5731 2612 5787 alter
2639 5729 2772 5787 ἐστι.
2804 5728 2972 5786 CLII.
