3876 6188
210 348 330 406 765

752 438 1151 493 ΚΕΦΑΛΑΙΟΝ
1191 440 1231 492 Γ
1243 446 1275 492 ’.

226 531 468 599 ὀποίας
490 530 646 586 εἷναι
670 531 790 605 χρὴ
817 531 925 597 τὰς
966 531 1157 605 χήρας
1198 531 1335 605 (50),
1365 532 1463 605 καὶ
1483 531 1653 599 ’ὅπως
1678 532 1807 587 ἐπι-

485 601 832 671 κουρεῒσθαι
860 601 1022 671 παρὰ
1048 602 1156 656 τοῦ
1184 601 1541 657 ἐπισκόπου.

284 716 355 769 Δί
383 715 439 769 δὲ
469 714 723 786 ἀληθιναὶ
750 714 921 787 χῆραί
950 717 1090 770 εἰσιν
1108 754 1123 779 ,
1152 716 1211 768 αἱ
1254 715 1537 787 μόνανδροι
1567 714 1812 788 ὑπάρξα-

248 824 329 870 αι,
355 806 800 879 μαρτυρούμεναι
822 806 929 860 ὑπὸ
962 806 1225 861 πλειόνων
1252 809 1311 860 ὲν
1340 807 1525 879 ἔργοις
1551 807 1809 876 ἀγαθοῖς,

247 900 385 970 ἦραι
413 898 492 970 τῷ
519 899 657 966 ὄντι,
688 897 990 970 σώφρονες,
1041 900 1226 968 ἁγναὶ,
1274 901 1495 966 πισταὶ,
1545 899 1809 967 εὐσεϐεῖς,

212 992 721 1063 τεκνοτροφήσασαι
768 990 971 1059 καλῶς,
1025 993 1120 1045 καὶ
1170 991 1588 1063 ξενοδοχήσασαι
1630 991 1812 1062 ἀμέμ-

208 1096 383 1147 πτως·
428 1076 504 1137 ὧν
535 1084 631 1138 καὶ
657 1082 1153 1155 ἀντιλαμϐάνεσθαι
1191 1083 1297 1155 χρὴ
1343 1083 1420 1147 ὡς
1446 1082 1565 1153 Θεῷ
1602 1084 1813 1136 ἀνακει-

211 1177 417 1249 μένων.
474 1175 633 1231 Ἀλλά
679 1175 786 1247 μὴν
830 1177 926 1230 καὶ
972 1175 1082 1229 τῶν
1128 1177 1398 1246 πενήτων,
1431 1167 1478 1229 ὦ
1506 1174 1771 1228 ἐπίσκοπε
1793 1217 1809 1242 ,

210 1267 549 1340 μνημόνευε,
605 1268 703 1321 καὶ
750 1268 938 1331 αὐτοῖς
995 1270 1155 1339 χεῖρα
1200 1267 1412 1339 ὀρέγων
1469 1266 1806 1338 ἐπικουρίας,

206 1360 311 1414 καὶ
343 1359 606 1432 πρόνοιαν
637 1359 819 1413 αὐτῶν
849 1359 1192 1431 ποιούμενος,
1225 1360 1302 1423 ὡς
1327 1354 1463 1412 Θεοῦ
1508 1360 1807 1430 οἰκονόμος,

205 1451 490 1522 εὐκαίρως
537 1450 756 1522 ἑκάστῳ
800 1450 1072 1522 διανέμων
1117 1451 1187 1504 τὰ
1243 1451 1552 1522 πρόσφορα,
1611 1451 1811 1522 χήραις

208 1545 309 1597 καὶ
330 1544 596 1615 ὀρφανοῖς
624 1544 719 1597 καὶ
739 1540 850 1614 (51)
872 1542 1258 1615 ἀπεριστάτοις
1285 1543 1380 1596 καὶ
1404 1545 1519 1606 τοῖς
1546 1543 1604 1594 ὲν
1632 1541 1809 1612 θλίψει

206 1632 410 1699 ἐξεταζ
413 1651 441 1687 ο
449 1635 655 1705 μένοις.

772 1748 1170 1801 ΚΕΦΑΛΑΙΟΝ
1207 1748 1281 1801 Δ¹.

321 1838 449 1893 Ὅτι
476 1836 649 1895 πάνθ’
673 1842 877 1899 ὅντινα
904 1838 1018 1893 οὖν
1043 1836 1221 1906 ἑνδεῆ
1251 1837 1516 1893 εὐποιεῖν
1544 1837 1681 1907 χρή.

283 1929 353 1983 Τί
385 1929 516 2001 γὰρ,
547 1929 601 1982 εί
623 1947 770 1993 τινες
810 1931 883 2002 μή
917 1932 1022 1983 είσι
1045 1930 1211 2002 χῆραι
1248 1929 1282 2001 ἢ
1322 1930 1481 2001 χῆροι
1511 1928 1650 2000 (52),
1672 1929 1799 2001 βοη-

206 2018 368 2083 θείας
394 2020 450 2073 δὲ
478 2018 740 2092 χρῄζουσι
782 2020 874 2075 διὰ
900 2022 1113 2085 πενίαν,
1147 2021 1180 2092 ἢ
1210 2020 1300 2074 διὰ
1326 2021 1502 2084 νόσον,
1533 2021 1566 2092 ἢ
1596 2020 1686 2075 διὰ
1726 2038 1809 2074 τε·

206 2112 573 2183 κνοτροφίαν;
605 2112 822 2177 Πάντας
852 2130 911 2167 σε
940 2113 1021 2166 δεῖ
1045 2114 1271 2185 ὲφορᾷν,
1301 2114 1397 2167 κα)⁵
1430 2114 1649 2167 πάντων
1685 2115 1807 2166 ἐπι-

208 2203 518 2274 μελεῖσθαι.
552 2205 615 2257 Οἱ
644 2203 754 2276 γὰρ
788 2204 859 2257 τὰ
886 2204 1095 2276 δόματα
1123 2205 1375 2269 διδόντες,
1407 2205 1509 2259 οὐκ
1548 2205 1807 2275 αὐτοσχε-

202 2295 343 2359 δίως
387 2295 531 2349 αὐτά
567 2296 774 2350 διδόασι
800 2299 926 2359 ταῖς
952 2298 1173 2369 χήραις,
1204 2296 1341 2351 ἀλλὰ
1363 2297 1807 2366 συνεισφέρουσιν

205 2386 423 2450 ἁπλῶς,
469 2386 692 2440 ἑκούσια
727 2387 870 2442 αὺτά
905 2388 1282 2460 ὀνομάζοντες·
1332 2389 1483 2451 ὅπως
1525 2388 1589 2441 σὺ
1618 2391 1646 2441 ό
1687 2390 1809 2441 ὲπι-

206 2478 486 2550 πτάμενος
514 2481 642 2542 τοὺς
670 2478 1043 2550 θλιϐομένους,
1074 2481 1320 2553 ἀκριϐῶς
1349 2483 1425 2547 ὼς
1444 2482 1646 2552 ἀγαθὸς
1672 2486 1811 2537 οίκο-

204 2570 379 2641 νόμος
428 2568 658 2641 μερίζῃς
699 2572 882 2635 αὐτοῖς
924 2573 990 2625 ὲκ
1031 2573 1125 2626 τοῦ
1166 2573 1418 2645 δόματοςο
1474 2577 1503 2628 ό
1540 2574 1649 2646 γὰρ
1677 2575 1809 2639 Θεὸς

204 2661 477 2732 γινώσκει
513 2663 604 2714 τὸν
631 2663 922 2727 δεδωκότα,
953 2664 1054 2718 κᾶν
1084 2665 1314 2730 ἀπόντος
1345 2666 1534 2731 αὑτοῦ,
1574 2667 1679 2720 ὑπὸ
1713 2666 1807 2719 σοῦ

203 2756 325 2817 τοῖς
369 2754 648 2825 δεομένοις
691 2754 1001 2826 μερίζηταιο
1059 2758 1155 2810 καὶ
1194 2757 1253 2821 ὃς
1297 2759 1394 2829 μὲν
1429 2757 1541 2829 ἔχει
1579 2758 1670 2811 τὸν
1709 2758 1810 2830 τῆς

206 2848 464 2909 εὐποιίας
503 2847 716 2918 μισθὸν,
758 2848 821 2900 σὺ
851 2847 909 2900 δὲ
935 2847 1027 2901 τὸν
1059 2849 1161 2919 τῆς
1200 2848 1575 2921 εὐσυνειδήτου
1605 2851 1810 2903 οἰκονο-

208 2938 347 3010 μίας
382 2939 748 3009 μακαρισμὸν.
772 2939 912 3007 Λέγε
942 2939 999 2993 δὲ
1018 2940 1200 3002 αὐτοῖς
1229 2939 1362 3011 (55),
1393 2942 1488 2993 καὶ
1517 2940 1601 3003 τίς
1633 2940 1744 3012 (54)
1780 2942 1810 2994 ὀ

203 3028 484 3093 δεδωκὼς,
524 3030 611 3082 ἵνα
649 3032 744 3083 καὶ
783 3030 844 3094 ἐξ
889 3030 1153 3101 ὀνόματος
1191 3032 1332 3103 ὑπὲρ
1372 3030 1537 3084 αὑτοῦ
1576 3031 1809 3103 προσεύ-

1151 342 1750 402 CONSTITUTIONES
1788 346 2469 405 APOSTOLICE.—LIB.
2511 347 2598 404 111.

1838 448 1885 504 Α

3381 351 3486 406 766

2521 440 2751 498 CAPUT
2790 440 2877 499 ΙΙΙ.

1912 554 2111 620 Quales
2154 571 2266 610 esse
2306 555 2486 611 deceat
2513 556 2726 628 Aviditas,
2748 565 2820 628 (et
2848 564 3107 627 quomodo
3140 563 3205 611 ab
3242 559 3484 628 episcopo

2436 626 2657 680 debeant
2686 626 2951 693 adjuvari.

1982 715 2137 772 Verte
2165 726 2343 773 autem
2376 718 2552 773 viduae
2575 725 2722 782 sunt,
2750 733 2871 788 qua:
2902 719 3154 782 univirae,
3181 735 3211 773 a
3237 721 3488 792 pluribus

1912 808 1968 863 in
1994 809 2157 867 bonis
2185 811 2443 881 Operibus
2473 812 2864 881 comprobatae,
2898 827 3087 866 revera
3120 813 3316 875 viduae,
3348 813 3487 867 bene

1912 909 2157 966 moratae,
2189 903 2418 973 pudicae,
2450 902 2669 970 ﬁdeles,
2703 904 2825 973 piae,
2868 919 2991 972 quae
3022 904 3229 959 liberos
3260 904 3490 974 pulchre

1910 991 2237 1054 eduxerunt.
2270 1002 2326 1049 et
2347 994 2591 1063 hospites
2629 1004 2957 1064 receperunt
2985 996 3365 1063 laudabiliter;
3404 996 3491 1052 his

1910 1090 2173 1154 tanquam
2199 1084 2311 1138 Deo
2339 1085 2682 1141 consecratis
2722 1088 3158 1142 succurrendum
3201 1097 3304 1143 est.
3346 1090 3488 1155 Quin

1910 1177 2096 1243 etiam,
2124 1178 2401 1247 episcope,
2446 1192 2746 1247 pauperum
2790 1195 3008 1250 quoque
3043 1190 3340 1247 memento,
3380 1183 3490 1238 illis

1911 1269 2234 1324 auxiliarem
2280 1284 2499 1323 manum
2538 1270 2846 1341 porrigens,
2869 1278 2923 1325 et
2945 1287 3134 1327 eorum
3167 1273 3331 1327 rebus
3362 1290 3490 1343 pro-

1911 1361 2125 1426 videns,
2158 1371 2417 1431 tanquam
2452 1360 2549 1416 Dei
2591 1361 2963 1432 dispensator,
3012 1371 3321 1434 opportune
3368 1367 3479 1421 sin-

1911 1452 2056 1522 gulis
2094 1454 2406 1508 necessaria
2456 1452 2702 1508 subsidia
2753 1454 3105 1523 impertiens,
3143 1456 3357 1522 viduis,
3388 1473 3493 1528 pu-

1910 1542 2080 1612 pillis,
2108 1542 2348 1596 humana
2381 1557 2482 1612 ope
2523 1541 2822 1611 destitutis,
2850 1552 2903 1600 ct
2937 1562 3060 1601 cum
3083 1546 3323 1617 qualibet
3355 1546 3492 1603 alni-

1910 1633 2092 1689 ctione
2111 1634 2554 1691 colluctantibus.

2522 1747 2754 1804 CAPUT
2795 1747 2883 1803 ιν.

2015 1842 2169 1907 Quod
2191 1851 2427 1911 oporteat
2461 1842 2739 1912 unicuique
2762 1842 3019 1912 indigenti
3057 1841 3376 1912 benefacere.

1979 1932 2121 1999 Quid
2151 1935 2320 1998 enim,
2362 1934 2409 1989 si
2450 1949 2561 1988 non
2584 1933 2763 1988 vidua:
2784 1941 2879 1987 aut
2907 1949 3017 1987 non
3042 1935 3190 1989 vidui
3244 1938 3488 1995 existen-

1907 2033 2013 2089 tes,
2045 2027 2250 2081 auxilio
2271 2036 2452 2082 tamen
2474 2026 2720 2096 indigent
2743 2033 2964 2096 propter
2986 2035 3383 2098 paupertatem,
3405 2032 3488 2086 vel

1908 2127 2131 2189 propter
2168 2118 2444 2186 morbum,
2474 2118 2561 2173 vel
2603 2118 2671 2171 ad
2707 2118 2935 2173 alendos
2990 2119 3232 2174 liberos?
3258 2120 3489 2178 Cunctis

1907 2218 2125 2280 oportet
2153 2210 2467 2280 prospicere
2511 2217 2586 2270 te,
2631 2216 2686 2264 et
2714 2220 3036 2264 cunctorum
3080 2226 3269 2265 curam
3310 2214 3489 2269 susci—

1907 2318 2055 2373 pere.
2093 2301 2196 2369 Qui
2220 2304 2364 2356 enim
2401 2302 2544 2355 dona
2568 2302 2897 2372 largiuntur,
2944 2318 3055 2357 non
3084 2319 3150 2358 ea
3194 2305 3376 2359 statim
3422 2322 3491 2363 ac

1908 2401 2115 2449 temere
2140 2393 2321 2449 viduis
2351 2394 2620 2455 tribuunt,
2653 2393 2747 2448 sed
2790 2392 3113 2463 simpliciter
3157 2394 3211 2449 in
3239 2411 3491 2452 commu-

1910 2502 2034 2541 nem
2065 2501 2248 2540 arcam
2296 2485 2609 2549 conferunt,
2643 2485 2951 2541 voluntaria
2992 2500 3057 2540 ea
3101 2488 3488 2558 appellantes;

1909 2593 2019 2647 quo
2047 2585 2105 2632 tu
2136 2577 2229 2648 qui
2261 2577 2613 2632 calamitosos
2644 2577 2959 2646 cognoscis,
2991 2585 3272 2642 accurate,
3305 2588 3364 2633 ut
3391 2580 3491 2636 bo-

1909 2686 2041 2725 num
2064 2684 2410 2725 meonomum
2440 2669 2614 2734 decet,
2633 2669 2931 2724 distribuas
2954 2670 3063 2724 illis
3081 2670 3150 2726 de
3168 2671 3332 2727 dono.
3352 2671 3489 2727 Nam

1909 2761 2054 2817 Deus
2084 2762 2398 2833 largitorem
2419 2761 2594 2826 novit,
2636 2760 2764 2815 licet
2784 2776 2851 2816 eo
2890 2761 3136 2831 absente,
3169 2762 3493 2819 distributio

1911 2858 1964 2909 in
1989 2863 2212 2927 egentes
2240 2870 2270 2909 a
2299 2862 2353 2909 te
2379 2855 2450 2908 sit
2481 2852 2626 2907 facta
2660 2872 2672 2908 :
2705 2868 2772 2908 ac
2818 2853 2911 2909 ille
2937 2853 3159 2924 quidem
3191 2854 3355 2910 habet
3394 2856 3489 2912 be-

1909 2945 2569 3012 neficentiannereedem,
2618 2955 2673 3001 tu
2721 2961 2853 3001 vero
2900 2946 2972 3000 ob
3019 2946 3487 3016 dispensationem

1910 3049 2059 3097 recta
2087 3039 2426 3095 conscientia
2452 3038 2894 3093 administratam
2928 3038 3121 3094 beatus
3153 3039 3490 3109 praedicabo-

206 3139 439 3193 χωνται.
480 3122 601 3193 Χρὴ
633 3121 742 3193 γὰρ
784 3119 844 3175 εὖ
885 3126 1057 3176 ποιεῖν
1094 3123 1304 3187 πάντας
1344 3124 1686 3196 ἀνθρώπους,
1733 3125 1806 3197 μὴ

1912 3135 2011 3189 ris.
2043 3133 2141 3187 Dic
2160 3139 2340 3187 autem
2367 3131 2643 3201 inopibus,
2671 3132 2796 3201 quis
2824 3130 3055 3196 dederit,
3082 3141 3141 3185 ut
3164 3133 3486 3187 nominatim

206 3215 662 3288 φιλοκρινοῦντας
701 3214 911 3279 τοῦτον,
949 3216 1008 3278 ὅς
1037 3232 1122 3278 τις
1160 3211 1219 3288 ᾖ,
1258 3214 1291 3286 ἢ
1334 3216 1561 3269 ἐκεῖνον.
1615 3215 1674 3269 '0
1701 3213 1812 3286 γάρ

209 3308 424 3380 Κύριός
452 3325 588 3378 φησι
614 3324 628 3337 ·
667 3326 685 3358 I
721 3308 894 3360 Παντὶ
919 3307 997 3378 τῷ
1029 3307 1269 3361 αἰτοῦντί
1300 3325 1360 3360 σε
1390 3307 1532 3361 δίδου
1558 3325 1572 3338 ·
1613 3327 1631 3359 ι
1653 3308 1811 3380 δῆλον

205 3400 270 3453 δὲ
296 3399 375 3463 ὡς
403 3398 484 3470 τῷ
513 3398 771 3470 χρῄζοντι
812 3399 954 3452 κατά
984 3398 1262 3470 ἀλήθειαν,
1298 3398 1401 3452 κᾶν
1444 3400 1598 3469 φίλος
1708 3400 1811 3454 κᾶν

208 3490 436 3562 εχθρὸς,
455 3490 558 3544 κᾶν
581 3490 849 3561 συγγενὴς
880 3489 983 3543 κᾶν
1013 3489 1311 3562 ἀλλότριος,
1335 3490 1437 3544 κᾶν
1466 3492 1679 3562 ἄγαμος
1708 3490 1810 3544 κάν

207 3581 550 3652 γεγαμηκὼς
582 3582 823 3654 ὑπάρχῃ.
870 3583 955 3635 Ἐν
993 3582 1144 3655 πάσῃ
1186 3581 1293 3654 γὰρ
1322 3582 1512 3654 Γραφῇ
1545 3585 1572 3636 ὁ
1602 3582 1811 3654 Κύριος

210 3673 475 3746 περὶτῶν
495 3658 740 3745 πενήτων
766 3678 1039 3745 παραινεῖ,
1064 3675 1260 3743 λέγων,
1288 3673 1378 3727 διὰ
1407 3675 1505 3745 μὲν
1556 3674 1801 3727 Ἡσαΐου·

216 3789 236 3821 ι
277 3768 588 3840 Διάθρυπτε
626 3766 881 3819 πεινῶντι
914 3766 1005 3819 τὸν
1047 3766 1210 3838 ἀρτον
1256 3781 1383 3819 σουο
1429 3765 1525 3819 καὶ
1556 3766 1806 3835 πτωχοὺς

209 3860 484 3929 ἀστέγους
524 3858 786 3927 εἰσάγαγε
824 3860 905 3921 είς
947 3858 1038 3911 τὸν
1072 3853 1220 3911 οἶκόν
1262 3875 1377 3912 σου.
1435 3856 1559 3912 Ἐὰν
1587 3856 1644 3910 δὲ
1690 3856 1806 3929 ίδῃς

212 3954 449 4027 γυμνὸν,
484 3952 765 4025 περίϐαλε·
818 3952 913 4006 καὶ
952 3951 1062 4005 ἀπὸ
1101 3950 1211 4004 τῶν
1251 3949 1468 4004 οἰκείων
1504 3948 1599 4003 τοῦ
1633 3951 1804 4019 σπέρ-

290 4129 337 4165 ⁷¹
376 4128 513 4186 Luc.
544 4144 636 4195 vI,
665 4128 759 4187 50.

1908 3240 2127 3297 quoque
2167 3239 2268 3295 pro
2308 3239 2375 3278 eo
2423 3229 2736 3293 precentur.
2797 3220 3029 3293 Oportet
3068 3239 3200 3293 ergo
3231 3226 3488 3281 omnibus

1906 3316 2225 3372 hominibus
2280 3316 2421 3370 bene
2474 3314 2687 3378 facere,
2734 3329 2847 3368 non
2900 3315 3145 3371 studiose
3192 3326 3489 3387 pensantes

1908 3412 2075 3475 hunc,
2113 3410 2367 3481 quisnam
2402 3409 2494 3473 sit,
2529 3408 2615 3463 vel
2660 3407 2834 3463 illum.
2872 3406 3138 3463 Dominus
3181 3409 3327 3463 enim
3361 3410 3437 3463 ait
3468 3428 3484 3467 :

1911 3523 1931 3558 ι
1963 3503 2125 3560 Omni
2178 3501 2385 3573 petenti
2435 3508 2511 3565 te,
2564 3499 2747 3553 tribue
2772 3500 2859 3568 “;
2909 3518 2928 3551 ι
2982 3499 3258 3563 videlicet,
3292 3514 3487 3555 revera

1907 3596 2109 3667 egenti,
2161 3595 2279 3650 sive
2328 3592 2538 3647 amicus
2580 3591 2799 3655 existat,
2844 3590 2960 3646 sive
3016 3590 3314 3658 inimicus;
3371 3589 3489 3647 sive

1910 3695 2200 3760 cognatus,
2233 3686 2350 3743 sive
2402 3684 2651 3751 alienus;
2698 3682 2814 3738 sive
2857 3683 3076 3749 caelebs,
3111 3683 3227 3739 sive
3259 3684 3483 3752 conjux.
3528 3679 3533 3685 ’

1908 3780 1969 3835 1η
1990 3779 2140 3835 omni
2169 3776 2435 3849 siquidem
2463 3774 2746 3845 Scriptura
2766 3773 3031 3831 Dominus
3057 3775 3126 3830 de
3155 3774 3489 3845 pauperibus

1909 3879 2115 3936 monet,
2148 3870 2361 3933 dicens,
2408 3883 2504 3937 per
2530 3865 2725 3922 Isaiam
2757 3866 2979 3937 quidem
3007 3887 3021 3923 :
3061 3884 3080 3920 ι
3119 3865 3331 3938 Frange
3352 3881 3483 3922 esu-

1911 3963 2073 4020 rienti
2104 3976 2301 4034 panem
2341 3967 2525 4027 tuum;
2557 3967 2613 4015 et
2640 3974 2911 4030 pauperes
2959 3958 3080 4016 sine
3114 3965 3281 4025 tecto,
3318 3957 3485 4014 induc

1534 4271 1621 4327 VA
1632 4265 1904 4325 RIORUM
1944 4266 2179 4324 NOTAE.

316 4486 411 4559 50)
442 4486 661 4559 Χήρας.
691 4483 841 4537 Alter
863 4483 962 4559 τᾲς
989 4478 1159 4559 bruus
1186 4475 1380 4547 χήρας·
1410 4470 1613 4559 (ξιτ-Λ
1636 4539 1648 4559 ε

318 4540 413 4627 5i)
440 4540 571 4611 Kawl.
602 4540 731 4610 llaec
751 4540 1027 4609 vocula'et
1067 4540 1386 4614 dua:"s'eqq.
1417 4540 1691 4596 desuntin
1726 4540 1805 4594 al-

221 4627 370 4687 tero.
404 4627 484 4681 In.

294 4680 410 4770 (δὲ)
432 4680 728 4770 ῨἪμχῆρ-ο-ι.
757 4693 966 4770 Desunt
996 4691 1049 4744 in
1079 4682 1540 4770 antiquiorefod;
1576 4680 1654 4736 lo.

457 4751 700 4835 Λέίιῖἔδὲ
727 4762 964 4841 ιιὺζοῒς,
998 4760 1108 4841 καί·
1142 4751 1283 4841 τίρό
1314 4751 1804 4841 δεδῳφςιίζςὶκτλξ

223 4824 511 4896 Interdum
531 4824 720 4892 eorum
749 4835 840 4901 qui
864 4824 1359 4902 pauperibus’bene
1390 4824 1683 4902 faciebant,
1712 4829 1808 4874 aut

224 4894 437 4980 aliquid
467 4894 1340 4980 oll‘erebant:_E6clesi:e,hnomina
1367 4894 1708 4980 celabaptur,
1732 4907 1805 4980 ex

225 4963 446 5035 Domini
471 4982 741 5048 praecepto
767 4973 956 5028 Matth.
990 4988 1065 5035 Vl,
1090 4971 1169 5048 23
1203 4970 1334 5048 Cum
1359 4966 1494 5037 facis
1525 4963 1808 5048 eleernosyf

227 5068 381 5114 nam,
413 5039 523 5102 ηοἹὶ
562 5039 687 5099 tuba
725 5060 930 5105 canere,
971 5049 1078 5115 etc.
1128 5040 1243 5115 Qua
1270 5039 1342 5115 _de
1382 5052 1444 5091 re
1472 5039 1807 5115 constitutor

228 5102 380 5177 ilia;
410 5134 533 5188 cap.
570 5117 656 5188 li.
688 5102 963 5188 Interdum
993 5102 1177 5188 palatii
1201 5109 1420 5188 ﬁebant,
1452 5112 1519 5188 et.
1542 5105 1650 5157 alio
1698 5102 1804 5188 Do-

228 5175 439 5246 minico
480 5175 740 5242 mandato
780 5175 1068 5256 Mattb._:v,
1112 5180 1179 5234 16
1213 5196 1225 5233 :
1256 5175 1594 5256 Luceatjua;
1630 5182 1807 5256 pestra

225 5276 413 5314 coram
458 5257 781 5319 hominibus,
824 5262 931 5309 etc.
967 5249 1035 5306 Ut
1065 5264 1292 5325 cernere
1318 5254 1402 5325 est
1434 5247 1545 5325 hic.
1592 5252 1648 5299 et
1677 5258 1801 5325 cap.

226 5330 321 5405 29.
354 5330 450 5405 lib.
480 5344 603 5405 VIII,
654 5314 824 5405 utque
866 5320 1303 5405 perhtestimlonia
1333 5314 1805 5405 ‘pIuri‘mga‘viris

229 5400 413 5455 doctis
452 5389 751 5469 probatur:
776 5389 1068 5469 Insigniter
1098 5389 1304 5469 etbuic
1333 5389 1455 5469 loco
1477 5389 1805 5469 convenien-

230 5454 781 5539 tissime'Cyprianus
810 5454 979 5539 epi'st.
1002 5462 1073 5539 6_0
1104 5479 1119 5516 :
1157 5457 1225 5513 Ut
1256 5466 1432 5511 autem
1472 5454 1665 5524 fratres
1700 5470 1805 5539 ,ηοξ

230 5549 374 5594 stros
407 5555 470 5593 ac
515 5532 744 5599 sorores,
784 5532 873 5606 qui
911 5532 1114 5606 ad‘lIoc
1142 5546 1269 5597 opus
1311 5539 1419 5580 tam
1448 5532 1803 5606 necessarium

230 5620 470 5679 prompte
483 5626 545 5663 ac
565 5602 1007 5679 libenter'operati
1027 5609 1178 5679 sunt,
1200 5608 1256 5653 ut
1288 5611 1487 5679 semper
1503 5602 1799 5679 operentur,

234 5670 290 5735 in
325 5670 548 5733 mentem
581 5677 817 5730 habeatis
837 5670 908 5727 "in
925 5670 1271 5744 orationibus
1282 5670 1492 5744 uestris,
1529 5672 1579 5717 et
1613 5670 1689 5744 eis
1717 5670 1795 5744 ui-

234 5767 345 5806 cem
358 5750 481 5803 boni
498 5748 740 5817 operisin
752 5744 1030 5817 sacriﬁciis
1053 5751 1101 5795 et
1131 5738 1368 5817 precibus
1395 5738 1797 5817 reprazsentetis,

238 5819 452 5878 subdidi
476 5808 692 5876 nomina
725 5808 1086 5890 singulorum;
1133 5808 1227 5876 sed
1248 5816 1299 5865 et
1328 5808 1646 5877 collegarum
1672 5818 1799 5875 quo-

1908 4484 2005 4538 que
2032 4476 2084 4522 et
2102 4468 2534 4523 consacerdotum
2550 4476 2873 4541 nostrorum,
2895 4469 2987 4538 qui
2999 4477 3051 4541 et
3079 4470 3183 4539 ipsi
3200 4487 3318 4524 cum
3338 4488 3481 4541 pra:-

1907 4549 2075 4613 se_n_t_es
2105 4548 2296 4603 essent,
2319 4549 2368 4613 _et
2397 4556 2514 4602 suo,
2540 4548 2589 4594 et
2609 4538 2772 4613 plebis
2785 4555 2901 4613 suae
2912 4538 3120 4613 nomine
3132 4538 3374 4610 quaedam
3385 4559 3483 4613 pro

1912 4610 2110 4682 viribus
2149 4609 2503 4682 contulerunt,
2537 4611 2752 4663 nomina
2776 4608 2994 4672 addidi;
3016 4618 3066 4663 et
3094 4608 3287 4678 praeter
3307 4608 3481 4682 quan:

1911 4680 2116 4751 titatem
2150 4681 2420 4751 propriam
2452 4690 2709 4739 nostram,
2743 4695 2924 4732 eorum
2948 4696 3148 4751 quoque
3187 4680 3482 4751 summulas

1910 4749 2227 4822 signiﬁcavi,
2247 4759 2298 4803 et
2315 4751 2474 4813 misi;
2507 4765 2730 4822 quorum
2762 4749 3315 4822 omniumsecundum
3344 4763 3481 4822 quod

1909 4819 2040 4887 ﬁdes
2065 4828 2116 4872 et
2148 4818 2385 4874 charitas
2422 4818 2659 4890 exigunt,
2712 4819 3118 4890 inAorationibus
3154 4831 3204 4875 et
3237 4818 3479 4890 precibus

1913 4890 2099 4960 vestris
2114 4891 2419 4960 meminisse
2433 4887 2649 4943 debetis.
2670 4890 2726 4943 III
2748 4887 2930 4944 Gestis
2950 4887 3289 4960 purgationis
3311 4895 3479 4949 (Σωσία

1908 4959 2106 5014 lianiet
2120 4958 2318 5016 Felicis
2338 4977 2356 5016 :
2377 4959 2565 5028 Utique
2588 4962 2662 5014 vel
2689 4960 2888 5013 audisti
2915 4958 2993 5015 vel
3012 4958 3188 5015 uidisti
3215 4963 3260 5016 si
3282 4965 3481 5018 dictum

1907 5039 1987 5084 est
2011 5029 2461 5105 pauperibusJIat
2474 5041 2522 5105 et
2538 5030 2679 5105 vobis
2694 5031 2757 5082 de
2787 5047 2842 5083 re
2861 5047 2959 5084 sua
2971 5030 3194 5105 Lucilla.
3223 5032 3484 5105 Hierony-

1907 5116 2030 5155 mus
2062 5101 2163 5155 sub
2191 5100 2350 5155 [inem
2373 5100 2496 5154 libri
2530 5117 2567 5154 II
2624 5098 3001 5156 Commentarii
3054 5103 3108 5157 in
3143 5098 3479 5160 let-entiam:

1880 5171 1976 5222 ‘At
2006 5186 2143 5223 nunc
2168 5170 2371 5240 publice
2392 5172 2683 5223 recitantur
2705 5170 3035 5239 o/ferentium
3063 5188 3296 5235 nomina,
3323 5183 3371 5225 et
3397 5190 3481 5226 νεη-

1905 5240 2135 5310 demptio
2157 5250 2491 5310 peccatorum
2521 5248 2759 5293 mutatur
2785 5241 2840 5293 in
2872 5240 3101 5295 laudem.
3135 5240 3202 5294 Et
3241 5242 3309 5295 ad
3342 5241 3479 5295 Eze-

1905 5309 2099 5365 chielis
2122 5326 2273 5376 ινιιι,
2300 5310 2368 5364 16
2393 5329 2405 5364 :
2440 5309 2659 5364 Publice
2689 5310 2944 5364 diaconus
2967 5312 3022 5364 in
3045 5312 3264 5365 ecclesia
3291 5313 3480 5366 recitat

1905 5381 2236 5449 o/ferentium
2279 5381 2494 5433 nomina
2521 5399 2542 5437 :
2584 5380 2815 5434 Tantum
2865 5382 3019 5449 offert
3054 5380 3168 5449 illa
3196 5395 3214 5433 :
3247 5380 3480 5436 Tantum

1909 5448 2002 5505 ille
2026 5451 2294 5519 pollicitus
2315 5459 2392 5504 est
2415 5467 2434 5505 :
2464 5451 2767 5520 placentque
2790 5448 2980 5505 sibiad
3005 5448 3251 5510 plausum
3273 5454 3476 5520 populi,

1903 5520 2361 5590 etc.rSeilicethin
2402 5519 2716 5590 hujusmodi
2748 5519 2908 5590 factis
2938 5535 3074 5575 usus
3111 5534 3235 5575 esse
3274 5519 3477 5590 potest,

1902 5598 1960 5662 et
1978 5589 2205 5662 abusus.
2231 5588 2485 5662 Hincque'
2502 5590 2736 5645 variatio
2755 5589 3057 5659 disciplinae
3074 5604 3176 5661 pro
3187 5588 3478 5662 prudentia

1903 5659 2230 5716 Christiana.
2258 5658 2396 5715 Cor.

1974 5730 2086 5803 (5i)
2130 5730 2245 5799 Τίς.
2273 5728 2438 5786 Addit
2467 5730 2605 5787 alter
2634 5728 2765 5786 ἔστι.
2798 5728 2967 5786 Cum.
