3876 6188
430 342 542 398 767

1290 332 1351 394 Β.
1381 331 1775 393 οιεκΕΝτιε
1808 335 1824 389 1
1867 331 2032 389 ROM.
2075 330 2280 389 ΡΟΝΤ.
2314 328 2545 388 OPERA
2580 328 2810 386 DUBIA.

3580 332 3687 389 768

428 463 485 516 in
517 462 740 514 domum
771 467 948 513 tuam.
1002 451 1059 511 ει
1091 460 1275 512 autem
1307 455 1510 512 videris
1536 456 1766 518 nudum,
1798 455 1950 525 operi
1984 472 1999 521 ;

2115 453 2277 524 ματός
2314 470 2404 507 σου
2433 453 2531 523 οὐχ
2572 450 2838 523 ὑπερόψῃο
2879 466 2900 501 ι
2940 448 3035 502 καὶ
3064 432 3153 502 διά
3193 445 3289 501 τοῦ
3308 447 3512 518 Δανιὴλ
3544 448 3697 517 λέγει

426 561 485 610 et
505 551 844 607 domesticos
877 548 1101 604 seminis
1123 549 1201 603 tui
1233 565 1302 605 ne
1330 547 1647 618 despexeris
1674 547 1750 612 ";
1775 565 1793 599 ι
1823 557 1878 601 et
1905 560 2001 615 per

431 644 710 698 Danielem
743 642 876 696 dicit
912 640 1147 710 principi
1191 658 1204 694 :
1235 658 1254 691 ι
1294 638 1504 694 Idcirco
1552 654 1671 701 rex,
1709 637 1999 691 consilium

431 750 612 790 meum
648 733 857 803 placeat
901 732 998 785 tibi
1029 742 1082 785 et
1115 738 1335 801 peccata
1374 739 1467 785 tua
1506 730 1869 801 eleemosynis
1916 744 2005 783 re-

431 826 600 889 dime,
650 832 704 879 et
760 822 1077 894 iniquitates
1124 830 1250 877 tuas
1299 821 1751 877 miserationibus
1800 834 2004 889 paupe-

434 933 557 971 rum
589 916 668 983 ";
702 934 720 967 ι
750 923 805 970 et
835 930 931 985 per
961 912 1307 968 Salomonem
1338 914 1413 967 ait
1442 932 1454 965 :
1498 931 1516 965 ι
1549 911 1919 982 Eleemosynis
1951 918 2005 965 et

433 1008 539 1062 ride
568 1014 868 1078 purgantur
899 1012 1120 1076 peccata
1150 1005 1227 1071 ";
1265 1025 1282 1057 ι
1308 1014 1362 1060 et
1397 1021 1493 1074 per
1522 1003 1779 1058 Davidem
1806 1004 2005 1058 iterum

432 1098 567 1153 dicit
599 1117 612 1153 :
643 1115 662 1149 ι
694 1097 889 1152 Beatus
919 1099 1013 1166 qui
1045 1096 1298 1167 intelligit
1327 1111 1494 1165 super
1522 1110 1755 1164 egenum
1784 1101 1841 1149 et
1871 1109 2007 1157 pau-

432 1204 616 1262 perem
644 1206 657 1241 :
684 1190 738 1244 iu
770 1188 859 1244 die
887 1189 1029 1244 mala
1066 1188 1319 1242 liberabit
1349 1202 1472 1241 eum
1508 1185 1771 1240 Dominus
1793 1185 1876 1252 "';
1909 1204 1927 1236 ι
1954 1192 2009 1238 et

432 1298 628 1338 rursus
656 1300 669 1336 :
706 1298 725 1332 ι
758 1280 1043 1351 Dispersit,
1080 1278 1229 1334 dedit
1259 1277 1625 1348 pauperibus;
1652 1276 1864 1347 justitia
1887 1275 2008 1345 ejus

433 1381 617 1428 manet
648 1373 702 1426 in
732 1372 989 1427 saeculum
1019 1371 1106 1437 ";
1146 1389 1164 1422 ι
1194 1370 1454 1425 Salomon
1482 1369 1646 1425 etiam
1694 1369 1805 1421 ait:
1841 1386 1859 1418 ι
1895 1366 1998 1433 Qui

432 1465 726 1519 miseretur
768 1464 1047 1533 pauperis,
1084 1462 1313 1517 Domino
1344 1459 1662 1515 feneratur:
1706 1460 2007 1515 secundum

434 1566 615 1612 autem
668 1557 856 1611 datum
903 1555 1025 1625 ejus
1061 1554 1403 1609 retribuetur
1443 1552 1493 1607 ei
1526 1553 1601 1616 7’;
1650 1570 1669 1602 ι
1709 1559 1764 1605 et
1817 1552 1958 1605 infra
1991 1570 2004 1607 :

439 1669 459 1701 ι
490 1650 594 1715 Qui
624 1649 847 1703 obturat
876 1662 1039 1702 aures
1071 1662 1222 1709 suas,
1246 1661 1313 1700 ne
1340 1643 1529 1698 audiat
1559 1644 1914 1713 indigentem,
1957 1650 2011 1697 et

436 1742 552 1812 ipse
578 1739 872 1804 invocabit,
893 1747 947 1794 et
969 1754 1078 1793 non
1100 1738 1206 1793 erit
1227 1737 1320 1808 qui
1343 1735 1598 1791 exaudiat
1619 1751 1744 1791 eum
1773 1735 1841 1788 "".
1882 1753 1901 1786 ι

1045 1910 1275 1969 CAPUT
1310 1910 1377 1967 ν.

541 2050 694 2121 Quod
713 2051 883 2106 tiduw
900 2049 1134 2119 probitas
1166 2062 1370 2101 morum
1395 2061 1538 2100 cura:
1560 2060 1673 2099 esse
1697 2043 1901 2098 debeat.

503 2146 772 2201 Caeterum
828 2142 1007 2196 omnis
1052 2138 1215 2193 vidua
1247 2138 1394 2193 mitis
1428 2137 1523 2201 sit,
1560 2136 1770 2206 quieta.
1821 2134 2009 2188 mode-

434 2245 575 2300 rata,
608 2235 829 2291 malitia:
858 2249 921 2288 ac
959 2233 1055 2287 ira:
1082 2246 1301 2303 expers,
1328 2244 1437 2283 non
1469 2228 1711 2299 garrula,
1746 2242 1858 2281 non
1895 2227 2009 2280 cla-

434 2341 610 2389 mosa,
644 2342 756 2381 non
786 2324 1041 2379 volubilis
1067 2322 1286 2393 linguas,
1315 2334 1426 2374 non
1457 2319 1744 2381 maledica,
1775 2333 1884 2372 non
1914 2316 2009 2372 de-

432 2421 547 2475 dita
573 2420 860 2474 verborum
885 2414 1139 2485 aucupio,
1168 2428 1276 2468 non
1307 2412 1542 2482 duplicis
1572 2410 1862 2472 sermonis,
1899 2424 2007 2463 non

434 2527 558 2567 sese
611 2511 664 2563 in
690 2510 866 2563 aliena
898 2507 1113 2577 negotia
1144 2505 1466 2560 immittens.
1517 2502 1655 2558 Cum
1685 2500 1882 2557 viderit
1921 2502 2007 2557 vel

434 2602 674 2659 audierit
694 2600 914 2671 aliquod
933 2599 1216 2669 indignum
1243 2597 1478 2660 facinus,
1495 2596 1567 2650 ita
1584 2611 1643 2650 se
1658 2603 1830 2665 gerat,
1846 2594 2007 2664 quasi

434 2709 537 2751 nec
555 2693 754 2749 viderit
782 2706 882 2746 nec
919 2690 1177 2753 audierit,
1197 2688 1439 2758 nihilque
1461 2685 1609 2741 aliud
1639 2695 1795 2742 curet
1819 2686 2006 2749 vidua,

433 2787 545 2843 nisi
559 2801 715 2841 orare
732 2800 831 2855 pro
851 2783 1109 2839 beneﬁcis
1122 2791 1175 2837 et
1197 2796 1294 2851 pro
1306 2788 1419 2835 tota
1445 2778 1710 2835 Ecclesia.
1725 2779 1808 2833 Ab
1825 2780 2009 2849 aliquo

433 2879 714 2951 quidpiam
746 2884 956 2947 rogata,
981 2890 1049 2929 ne
1071 2875 1233 2929 facile
1262 2871 1610 2944 respondeat,
1642 2878 2006 2942 praeterquam

435 2970 695 3025 derebus
719 2967 785 3021 ad
813 2965 995 3029 ﬁdem,
1025 2964 1319 3035 justitiam,
1350 2970 1405 3018 et
1436 2963 1489 3016 in
1521 2961 1690 3017 Deum
1715 2976 1864 3032 spem
1891 2977 2011 3032 per-

437 3062 738 3118 tinentibus
767 3077 783 3115 :
820 3072 1023 3128 eosque
1055 3056 1149 3126 qui
1197 3056 1252 3109 in
1303 3054 1522 3126 pietatis
1552 3052 1900 3125 dogmatibus
1932 3052 2008 3108 in-

434 3154 587 3211 stitui
616 3152 865 3222 cupiunt,
898 3149 964 3203 ad
995 3148 1319 3219 praepositos
1346 3146 1626 3211 remittat;
1660 3144 1716 3199 in
1739 3144 1848 3199 illis
1878 3160 2009 3200 vero

2103 544 2181 616 τῷ
2223 543 2479 616 δυνάστῃ·
2519 562 2538 595 ι
2588 543 2699 606 Διὸ,
2748 540 2991 613 βασιλεῦ,
3020 540 3055 611 ή
3084 537 3246 611 βουλή
3305 556 3406 610 μου
3436 539 3700 609 ἀρεσὰιιοι

2105 652 2209 699 σοι,
2242 636 2337 689 καὶ
2368 634 2466 699 τὰς
2507 635 2778 706 ἁμαρτίας
2821 649 2915 686 σου
2955 633 3014 684 ὲν
3056 629 3446 703 ὲλεημοσύναις
3493 630 3700 702 λύτρω-

2106 744 2217 805 σαι,
2258 728 2353 781 καὶ
2393 727 2492 790 τάς
2522 726 2737 789 ἀδικίας
2773 742 2867 778 σου
2904 724 2963 778 ὲν
3002 725 3308 794 οἱκτιρμοῖς
3337 724 3614 793 πενήτων
3675 742 3695 775 ι

2105 819 2199 873 καὶ
2238 817 2329 871 διά
2378 817 2687 888 Σολομῶνός
2718 833 2901 887 φησιν⁸
2954 833 2974 868 ι
3023 814 3440 886 Ἐλεημοσύναις
3468 815 3567 867 καὶ
3608 815 3699 873 πί-

2107 926 2286 963 στεσιν
2313 909 2767 981 ἀποκαθαίρονται
2801 908 3082 979 ἁμαρτίαν
3115 926 3134 959 ι
3168 908 3262 961 καὶ
3288 905 3379 960 διά
3404 906 3502 960 τοῦ
3532 906 3701 960 Δαῦὶδ

2110 1000 2273 1053 πάλιν
2307 1000 2476 1070 λέγει·
2525 1020 2545 1051 ι
2595 1000 2880 1072 Μακάριος
2912 1002 2942 1053 ὁ
2982 998 3181 1052 συνιὼν
3223 998 3317 1051 ἐπὶ
3351 998 3574 1068 πτωχὸν
3602 998 3701 1051 καὶ

2106 1093 2334 1163 πένητα·
2354 1094 2412 1145 ὲν
2427 1092 2609 1164 ἡμέρα
2620 1093 2831 1163 πονηρᾷ
2847 1089 3067 1162 ῥύσεται
3082 1090 3241 1143 αὑτὸν
3258 1092 3287 1143 ὁ
3302 1090 3529 1161 Κύριος·
3554 1109 3573 1141 ι
3598 1089 3700 1144 καὶ

2108 1183 2295 1237 πάλινο
2334 1203 2353 1236 ι
2405 1183 2778 1255 Ἐσκόρπισεν,
2811 1183 2979 1236 ἔδωκε
3006 1185 3121 1246 τοῖς
3152 1182 3397 1253 πένησιν,
3434 1182 3469 1251 ή
3498 1181 3701 1234 δικαιο-

2109 1276 2242 1347 σύνη
2282 1275 2446 1329 αὐτοῦ
2490 1275 2640 1346 μένει
2676 1276 2757 1338 είς
2795 1274 2887 1328 τὸν
2928 1273 3100 1327 αἰῶνα
3127 1290 3140 1303 ·
3183 1292 3201 1324 ι
3235 1274 3330 1326 καί
3370 1275 3400 1326 ὁ
3439 1272 3697 1343 Σολομῶν

2108 1369 2297 1441 φησιν’
2342 1388 2361 1421 ι
2412 1368 2470 1422 'U
2500 1368 2664 1422 ἐλεῶν
2693 1367 2927 1438 πτωχὸν,
2959 1367 3150 1437 Κυρίῳ
3176 1365 3412 1430 δανείζει
3430 1383 3444 1395 ’
3476 1366 3697 1420 κατάδὲ

2107 1461 2170 1514 τὸ
2212 1462 2351 1532 δόμα
2393 1460 2558 1514 αὐτοῦ
2599 1458 3086 1529 ἀνταποδοθήσεται
3122 1457 3288 1528 αὐτῷ·
3335 1475 3355 1509 ι
3402 1458 3500 1510 καὶ
3531 1456 3691 1527 ἑξῆς·

2115 1571 2134 1603 ι
2181 1554 2278 1615 Ὃς
2307 1551 2539 1623 φράσσει
2566 1550 2635 1604 τά
2663 1546 2777 1603 ῶτα
2805 1549 2970 1603 αὐτοῦ
3006 1548 3080 1622 μὴ
3109 1548 3428 1602 εἰσακοῦσαι
3454 1548 3555 1601 τοῦ
3581 1549 3697 1602 δεο-

2113 1644 2296 1715 μένου,
2328 1645 2423 1696 καὶ
2462 1642 2624 1706 αὐτὸς
2655 1641 3067 1705 ὲπικαλέσεται,
3096 1641 3192 1694 καὶ
3227 1639 3327 1693 οὐκ
3358 1638 3518 1694 ἔσται
3555 1641 3697 1693 εἰσα-

2113 1734 2287 1789 κούων
2314 1734 2498 1788 αὑτοῦ.
2539 1753 2558 1787 ι

2646 1891 3040 1947 ΚΕΦΑΛΔῙΟΝ
3068 1890 3143 1945 E'.

2148 2030 2267 2082 Ὅτι
2294 2028 2391 2082 καὶ
2417 2029 2523 2083 τοῦ
2551 2028 2737 2096 ἤθους·
2762 2025 3155 2095 ἐπιμελητέον
3171 2024 3284 2093 τὴν
3298 2024 3498 2093 χήρω-
3527 2025 3662 2096 ('55).

2191 2122 2510 2193 Ὑπαρχέτω
2537 2121 2594 2175 δὲ
2622 2122 2770 2174 πᾶσα
2788 2122 2930 2191 χήρα
2946 2121 3163 2191 πραεῖα,
3178 2119 3400 2188 ἥσυχος,
3419 2118 3697 2188 ἐπιεικὴς,

2110 2213 2335 2277 ἄκακος,
2365 2214 2651 2285 ἀόργητος,
2685 2212 2759 2283 μὴ
2791 2210 3107 2273 πολύλαλος,
3140 2209 3215 2281 μὴ
3245 2208 3588 2280 κραύγασος,
3626 2209 3700 2279 μὴ

2110 2304 2480 2375 πρόγλωσσος,
2516 2304 2589 2375 μὴ
2620 2302 2940 2365 κατάλαλος,
2976 2303 3049 2373 μὴ
3078 2299 3377 2371 λεξίθηρος,
3412 2301 3489 2372 μὴ
3528 2302 3701 2354 δισσο-

2109 2396 2286 2465 λόγος,
2320 2395 2397 2467 μὴ
2428 2394 2842 2466 φιλοπράγμων.
2882 2393 3163 2446 Βλέπουσά
3191 2408 3244 2444 τι
3271 2390 3489 2444 σκολιὸν
3530 2391 3565 2461 ἢ
3605 2392 3701 2443 καὶ

2108 2488 2381 2543 ἀκούουσα
2412 2487 2714 2557 γινόμενον,
2744 2486 2884 2539 ἔστω
2913 2483 3024 2554 (36)
3058 2483 3134 2547 ὡς
3168 2483 3241 2555 μὴ
3276 2482 3577 2553 βλέπουσα,
3607 2484 3700 2534 καὶ

2109 2582 2188 2645 ὡς
2234 2580 2307 2651 μὴ
2354 2578 2625 2632 ἀκούουσα
2679 2577 2988 2649 ὑπαρχέτωο
3051 2577 3143 2629 καὶ
3201 2575 3365 2646 μηδὲν
3396 2575 3590 2647 ἕτερον
3631 2577 3697 2645 τῇ

2108 2675 2255 2746 χήρᾳ
2286 2672 2512 2746 μελέτω,
2540 2673 2589 2724 εί
2611 2670 2684 2741 μὴ
2712 2669 2773 2721 τὸ
2799 2666 3196 2738 προσεύχεσθαι
3230 2666 3372 2737 ὑπὲρ
3398 2666 3512 2720 τῶν
3539 2666 3697 2719 διδόν.

2107 2782 2217 2819 των
2245 2765 2337 2818 καὶ
2364 2762 2505 2835 ὑπὲρ
2531 2762 2660 2832 ὅλης
2682 2761 2783 2831 τῆς
2801 2758 3147 2830 Ἐκκλησιας.
3167 2758 3606 2828 Ἐπερωτωμένη
3641 2757 3695 2810 δέ

2107 2873 2161 2909 τι
2192 2856 2296 2911 ὑπό
2322 2871 2487 2918 τινος,
2520 2852 2594 2926 μή
2617 2851 2815 2925 ῥᾳδίως
2843 2848 3243 2920 ἀποκρινέσθω,
3267 2849 3407 2920 πλὴν
3437 2850 3543 2901 ὅσα
3572 2848 3695 2918 περὶ

2112 2947 2376 3009 πίστεως,
2407 2946 2502 2999 καὶ
2530 2942 2898 3012 δικαιοσύνης,
2930 2943 3027 2995 καὶ
3060 2942 3159 3011 τῆς
3184 2942 3265 3003 είς
3292 2940 3429 2993 Θεὸν
3455 2940 3690 3002 ἐλπίδοςι

2108 3037 2507 3093 ἀποστέλλουσα
2546 3038 2655 3097 τοῖς
2691 3032 3015 3105 ἡγουμένοις
3067 3034 3193 3095 τοὺς
3234 3030 3489 3094 θέλοντας
3530 3047 3695 3101 κατηο

2109 3131 2319 3203 χεῖσθαι
2350 3130 2420 3183 τά
2450 3129 2550 3200 τῆς
2589 3126 2872 3190 εὐσεϐείας
2898 3125 3165 3195 δόγματα·
3214 3123 3351 3194 μόνα
3378 3122 3437 3175 δὲ
3464 3124 3695 3193 ἀποκρι-

435 3248 615 3303 solum
656 3214 1141 3314 respondeat—quae
1170 3239 1236 3294 ad
1268 3238 1619 3294 evertendum
1649 3236 1716 3292 de
1758 3237 2007 3292 multitu-

2115 3222 2281 3276 νέσθω
2332 3220 2403 3274 τὰ
2454 3220 2582 3291 περὶ
2622 3218 2932 3289 ἀνατροπῆς
2976 3214 3237 3269 πολυθέου
3295 3214 3531 3284 πλάνης,
3569 3215 3697 3267 ἀπο-

436 3338 565 3393 dine
612 3336 839 3392 deorum
890 3347 1131 3389 errorem
1161 3337 1433 3402 spectant,
1482 3330 1863 3384 demonstrans
1911 3327 2012 3383 do-

435 3430 670 3483 ctrinam
710 3427 778 3481 de
816 3424 908 3481 Dei
950 3425 1190 3490 unitate;
1233 3433 1287 3476 at
1314 3422 1369 3476 in
1396 3421 1614 3476 caeteris
1648 3419 1784 3475 nihil
1805 3426 2013 3475 temere

437 3527 687 3592 reponat.
733 3535 802 3573 ne
858 3516 1062 3588 aliquid
1108 3516 1304 3571 inscite
1358 3514 1667 3584 prolocuta,
1727 3510 2011 3566 infamiam

435 3615 606 3669 verbo
652 3611 747 3665 Dei
792 3610 991 3664 inurat.
1034 3607 1229 3663 Docuit
1266 3607 1411 3663 enim
1447 3605 1742 3669 Dominus,
1774 3603 2012 3660 Verbum

435 3705 617 3760 simile
658 3720 781 3759 esse
809 3716 979 3772 grano
1031 3700 1242 3770 sinapis
1264 3701 1349 3754 "z
1384 3700 1487 3753 hoc
1540 3706 1724 3752 autem
1782 3712 1911 3752 acre
1960 3704 2015 3753 et

437 3796 642 3855 ardens
670 3802 773 3857 est,
800 3809 908 3863 quo
939 3794 985 3849 si
1013 3794 1138 3862 quis
1179 3790 1431 3861 imperite
1459 3789 1735 3852 abutatur,
1768 3803 2013 3842 amarum

439 3886 574 3942 illud
601 3887 879 3950 inveniet;
904 3885 1135 3948 scilicet,
1168 3883 1224 3937 in
1253 3881 1500 3952 mysticis
1516 3886 1729 3950 oportet
1765 3893 1874 3932 non
1894 3894 2015 3934 esse

438 3977 796 4052 proditorem,
838 3975 932 4031 sed
956 3983 1195 4041 cautum,
1228 3973 1353 4045 quia
1378 3987 1479 4026 nos
1502 3970 1587 4026 bis
1616 3969 1798 4025 verbis
1828 3968 2015 4023 Domi-

440 4086 548 4125 nus
577 4068 831 4122 admonet
864 4086 877 4121 :
915 4084 934 4117 ι
965 4065 1141 4120 Nolite
1187 4065 1404 4119 mittere
1434 4061 1763 4132 margaritas
1806 4071 2015 4115 vestras

447 4170 574 4217 ante
599 4175 819 4231 porcos,
844 4174 911 4213 ne
953 4158 1092 4212 forte
1122 4155 1451 4211 conculcent
1471 4169 1567 4209 eas
1611 4152 1843 4223 pedibus
1875 4151 2013 4216 suis,

443 4263 500 4312 et
529 4252 780 4311 conversi
805 4251 1123 4321 dirumpant
1144 4262 1243 4303 vos
1262 4247 1331 4301 ⁸ο.
1357 4265 1376 4298 ι
1409 4245 1549 4301 Cum
1578 4245 1723 4301 enim
1747 4242 2014 4307 inﬁdeles,

449 4362 560 4401 non
610 4360 710 4416 pro
766 4343 1050 4414 dignitate,
1090 4338 1184 4395 sed
1216 4338 1398 4393 minus
1447 4351 1611 4407 quam
1648 4349 1748 4405 par
1799 4334 1893 4397 sit,
1948 4332 2016 4388 de

439 4439 661 4493 Christo
690 4435 918 4491 verbum
949 4431 1286 4502 acceperint,
1317 4427 1732 4499 praesertimque
1759 4425 1906 4496 quod
1932 4425 2018 4480 in-

438 4529 812 4587 carnationem
829 4526 913 4580 vel
929 4525 1242 4595 passionem
1264 4522 1383 4591 ejus
1399 4519 1589 4582 tradit,
1607 4518 1781 4588 magis
1804 4517 2016 4572 adunco
2050 4562 2090 4617 Β

442 4636 581 4681 naso
615 4618 926 4673 irridebunt
951 4614 1118 4671 veluti
1148 4614 1401 4676 mendax,
1430 4626 1591 4682 quam
1643 4608 1898 4662 laudibus
1923 4621 2015 4662 ce-

441 4713 736 4772 lebrabunt
756 4729 771 4774 ;
792 4710 1005 4779 eritque
1023 4723 1163 4762 anus
1193 4720 1285 4760 rea
1306 4703 1638 4760 temeritatis
1669 4710 1734 4754 ac
1757 4699 2015 4770 blasphe-

444 4805 587 4867 miae,
618 4810 673 4859 et
700 4817 781 4857 γε
803 4802 1081 4857 sortietur.
1112 4816 1131 4849 ι
1167 4796 1262 4851 Va:
1281 4803 1482 4858 autem,
1509 4795 1707 4864 inquit,
1735 4808 1832 4863 per
1853 4803 2014 4862 quem

444 4910 644 4959 nomen
670 4908 849 4949 meum
870 4892 1277 4961 blasphematur
1300 4889 1353 4942 in
1385 4887 1638 4958 gentibus
1665 4884 1731 4938 ⁸³.
1764 4906 1783 4938 ι

2113 3312 2431 3368 δεικνύουσα
2468 3311 2560 3364 τὸν
2601 3311 2729 3382 περὶ
2770 3308 3067 3380 μοναρχίας
3091 3307 3228 3360 Θεοῦ
3258 3306 3435 3373 λόγον’
3490 3305 3695 3376 περὶδὲ

2112 3404 2220 3457 τῶν
2255 3402 2381 3474 ἑξῆς
2409 3402 2694 3474 προπετῶς
2722 3417 2775 3454 τι
2813 3400 2887 3472 μὴ
2924 3397 3321 3470 ἀποκρινέσθω,
3352 3398 3505 3459 ὅπως
3537 3397 3611 3467 μή
3647 3411 3694 3447 τι

2113 3495 2337 3566 ἀμαθῶς
2356 3493 2701 3565 φθεγξαμένη
2721 3491 3065 3562 βλασφημίαν
3095 3488 3406 3561 προστρίψῃ
3417 3488 3500 3558 τῷ
3527 3486 3666 3557 λόγῳ
3680 3528 3692 3539 .

2115 3586 2316 3657 Κόκκῳ
2354 3585 2463 3655 γάρ
2504 3586 2773 3646 σινάπεως
2814 3583 3050 3636 ἑοικέναι
3098 3581 3187 3634 τὸν
3226 3580 3383 3648 λόγον
3424 3581 3455 3633 ὁ
3498 3579 3696 3649 Κύριος

2096 3666 2456 3749 ἐδογμάτισε.
2487 3676 2658 3731 Τοῦτο
2684 3676 2729 3730 δ’
2745 3676 2862 3729 ἐστὶ
2887 3675 3183 3743 διάπυρον,
3214 3665 3259 3740 ᾧ
3297 3670 3395 3724 ὲάν
3422 3684 3521 3733 τις
3542 3668 3694 3722 ἀπεί-

2119 3789 2226 3843 ρως
2254 3772 2543 3842 χρήσηται,
2558 3767 2756 3839 πικρὸν
2785 3767 2916 3820 αὐτὸ
2938 3766 3159 3837 εὑρήσει
3182 3781 3195 3793 ·
3228 3762 3333 3834 χρὴ
3361 3760 3473 3833 γὰρ
3504 3762 3565 3815 ἒν
3592 3762 3695 3822 τοῖς

2119 3865 2400 3933 μυστικοῖς
2431 3860 2506 3932 μή
2535 3860 2799 3932 προδότην
2827 3854 2988 3924 εῖναι,
3027 3854 3141 3909 ἀλλ’
3160 3853 3397 3923 ἀσφαλῆ’
3441 3854 3698 3923 παραινεῖ

2115 3956 2225 4028 γὰρ
2255 3958 2383 4027 ήμίν
2413 3956 2441 4007 ὁ
2465 3953 2670 4025 Κύριος
2707 3951 2901 4018 λέγων’
2938 3968 2957 4000 ι
3002 3946 3097 4017 Μὴ
3134 3945 3355 4016 βάλλετε
3390 3944 3523 4006 τοὺς
3554 3959 3697 4014 ’μαρ-

2116 4048 2345 4120 γαρίτας
2373 4045 2526 4116 ὑμῶν
2558 4042 2865 4115 ἔμπροσθεν
2894 4040 3002 4093 τῶν
3030 4039 3251 4109 χοίρων,
3284 4036 3500 4107 μήποτε
3531 4051 3695 4087 κατα-

2118 4140 2432 4210 πατήσωσιν
2453 4136 2647 4198 αὐτοὺς
2660 4136 2717 4187 ἐν
2743 4136 2855 4196 τοῖς
2872 4130 2998 4185 ποσὶ
3027 4129 3225 4194 αὐτῶν,
3240 4128 3335 4181 καὶ
3363 4125 3690 4197 στραφέντες

2120 4231 2354 4305 ῥήξωσιν
2383 4229 2544 4298 ὑμᾶς.
2569 4246 2587 4279 ι
2618 4225 2971 4286 Ἀκούσαντες
2995 4221 3105 4291 γὰρ
3131 4223 3182 4273 οἱ
3210 4220 3430 4273 ἄπιστοι
3458 4216 3554 4269 τὸν
3572 4215 3693 4286 περὶ

2118 4320 2355 4394 Χριστοῦ
2375 4319 2553 4387 λόγον,
2584 4317 2644 4370 οὐ
2674 4316 2922 4381 δεόντως,
2952 4312 3064 4367 ἀλλ’
3084 4310 3278 4373 ἐνδεῶς
3308 4308 3448 4380 (57),
3478 4308 3575 4361 καὶ

2117 4417 2274 4469 λιστα
2300 4413 2391 4466 τὸν
2408 4410 2535 4482 περὶ
2546 4405 3002 4479 ὲνσωματώσεως,
3031 4403 3171 4475 ἢτοῦ
3184 4401 3389 4463 πάθους
3399 4397 3590 4464 αὐτοῦ,
3606 4414 3691 4469 μυ-

2119 4505 2473 4577 κτηρίσαντες
2492 4500 2811 4575 χλευάσουσι
2836 4496 3033 4569 μᾶλλον
3042 4491 3365 4562 ὡςψευδῆ,ή
3385 4490 3688 4554 δοξάσουσι,

2119 4598 2231 4652 Καὶ
2265 4595 2445 4665 ἔνοχος
2483 4591 2593 4662 (58)
2633 4590 2784 4643 ἔσται
2830 4588 2929 4659 τῆς
2964 4583 3289 4657 προπετείας
3326 4584 3360 4653 ὴ
3403 4578 3689 4652 πρεσϐῦτις

2120 4688 2215 4747 καὶ
2266 4686 2365 4757 τῆς
2421 4680 2786 4755 βλασφημίας,
2843 4679 2939 4731 καὶ
2989 4677 3051 4730 τὸ
3102 4676 3224 4729 οὐαὶ
3275 4672 3685 4742 κληρονομήσει’

2125 4799 2144 4832 ι
2184 4778 2323 4839 Οὐαὶ,
2345 4776 2423 4841 δὲ,
2454 4774 2607 4845 φησὶ,
2636 4772 2701 4825 δι’
2721 4765 2782 4825 οῦ
2811 4770 2872 4823 τὸ
2900 4768 3072 4840 δνομά
3093 4784 3193 4838 μου
3212 4765 3611 4836 βλασφημεῖται
3636 4760 3688 4810 ὲν

2118 4874 2227 4935 τοῖς
2257 4870 2483 4924 ἔθνεσιν.
2514 4885 2534 4920 ι

515 5072 564 5105 τ’
596 5068 667 5128 Is.
701 5085 864 5130 ινιιι.
897 5070 949 5123 7.
1021 5068 1068 5101 "
1103 5066 1236 5120 Dan.
1270 5082 1344 5125 Iv.
1374 5064 1466 5118 24.
1541 5063 1588 5094 ’⁵
1620 5060 1781 5116 Prov.
1804 5072 1923 5130 μιν,
1954 5055 2025 5109 ‘27

2122 5053 2169 5130 τξ
2206 5050 2489 5130 Ps_al._x1.,
2518 5044 2573 5100 2.
2629 5043 2696 5130 :5
2732 5041 3000 5107 Psal.cxr,
3028 5038 3083 5095 9.
3158 5038 3201 5069 ⁷⁷
3242 5034 3405 5090 Prov.
3443 5051 3563 5097 XII.
3594 5034 3677 5089 Π-

441 5142 495 5191 ."
529 5114 864 5211 [ir-5631i},
882 5114 969 5196 1'5;
1042 5114 1479 5199 "naturus;
1516 5114 1640 5189 si.‘
1670 5114 1729 5163 1"
1771 5114 1961 5185 Μειιιιι.
1991 5139 2107 5192 νιι,
2138 5122 2195 5178 6.
2267 5121 2312 5154 ο·
2352 5119 2457 5174 lsa.
2482 5131 2597 5183 ιιι,
2627 5114 2682 5170 5.

1755 5383 2118 5445 VARIORUM
2151 5379 2384 5440 NOTE.

580 5663 633 5730 5)
675 5661 793 5730 Τὴν
811 5658 1022 5730 χήραν.
1059 5658 1184 5716 Τῶν
1206 5651 1424 5724 χηρῶν,
1448 5650 1607 5706 alter.
1640 5648 1815 5705 Casa.
1956 5716 1967 5727 .

580 5663 612 5717 ’ί
675 5663 793 5730 Τὴν
811 5663 1022 5729 χήραν.
1059 5663 1184 5716 Τῶν
1206 5663 1424 5724 χηρῶν,
1448 5663 1607 5706 alter.
1640 5663 1815 5705 una.

519 5663 633 5804 ελδί
673 5733 883 5804 ’Ἑρ-τω.
907 5728 1036 5804 Περ
1065 5742 1170 5782 vox
1198 5733 1254 5782 et
1297 5733 1411 5782 tres
1440 5738 1597 5793 seqq.
1632 5732 1916 5793 perperam
1954 5716 2011 5773 in

456 5795 625 5863 altero
645 5801 969 5857 omittuntur
1016 5795 1093 5854 lo.

2245 5640 2297 5698 '1)
2347 5631 2758 5698 Ἀλλ’ὲνδεῶς.
2789 5630 2999 5688 Desunt
3028 5630 3084 5685 in
3105 5630 3278 5685 altero
3296 5626 3424 5682 cod.
3453 5625 3534 5684 In.

2245 5640 2275 5691 7
2347 5640 2758 5698 'Au‘Msdic.
2791 5640 2999 5688 Desunt
3028 5640 3084 5685 in
3105 5640 3278 5685 altero
3296 5640 3424 5682 cod.
3455 5640 3534 5684 ID.

2185 5640 2300 5779 ἓξὲξ
2341 5709 2607 5779 Ἔνοχος.
2646 5704 2799 5779 ᾼιιθι·
2838 5700 2990 5759 addit
3025 5698 3237 5755 λοιπόν
3262 5705 3431 5770 atque
3481 5700 3674 5756 omittit

2117 5773 2229 5853 τῆς
2255 5773 2630 5854 ἁροκετειας.
2656 5773 2736 5831 in.
