3876 6188
196 311 307 365 ππ

1126 309 1724 368 CONSTITUTIONES
1746 310 2423 368 APOSTOLIC:E.—LIB.
2464 312 2552 367 111.

3342 313 3445 369 ’778

193 427 275 488 ὡς
304 425 358 478 οί
384 422 767 494 ἐγρηγορότες·
814 423 927 477 ἀλλ’
956 423 990 494 ἢ
1024 426 1404 493 νυστάζουσιν,
1434 426 1467 496 ἢ
1514 425 1774 497 φλυαροῦ-

1887 427 2198 491 adducunt,
2231 443 2342 481 non
2383 427 2626 482 sinentes
2666 426 2721 481 in
2752 426 2984 483 Domino
3010 443 3133 485 esse
3173 437 3411 487 attentos
3436 473 3451 497 ,

195 534 319 582 σιν,
364 515 397 585 ἢ
450 514 917 585 μαστροπεύουσιν
954 516 1095 587 (45),
1128 518 1161 587 ἢ
1192 518 1461 584 αἰτοῦσιν,
1491 518 1524 588 ἢ
1562 519 1779 589 ἐτέρους

191 606 692 678 αῖχμαλωτίζουσιν
715 648 729 673 ,
786 608 1157 679 προσάγοντες
1228 609 1308 679 τῷ
1364 609 1585 680 πονηρῷ
1608 651 1623 675 ,
1678 609 1777 661 οὐκ

188 702 398 763 ἐῶντες
444 700 642 763 αὐτοὺς
670 702 860 771 νήφειν
901 703 959 755 ἐν
990 703 1215 773 Κυρίῳ,
1260 702 1396 756 ἀλλὰ
1427 702 1778 770 παρασκευά-

189 790 388 857 ζοντες
404 793 681 856 τοιούτους
700 795 897 857 αὐτοὺς
924 793 1124 859 ἐξιέναι
1152 789 1252 848 οἶοι
1273 794 1368 848 καὶ
1394 795 1595 847 εἰσίασι
1613 836 1627 860 ,
1657 794 1775 847 διά-

187 902 347 938 κενοι
374 885 463 938 διὰ
476 885 536 938 τὸ
567 885 641 957 μὴ
659 886 879 940 ἀκούειν
898 886 1005 940 τῶν
1025 888 1380 940 διδασκόντων
1399 887 1432 958 ἢ
1458 886 1567 940 τῶν
1582 888 1775 955 ἀναγι-

187 979 517 1031 νωσκόντων
544 978 635 1031 τὸν
654 978 748 1031 τοῦ
766 980 972 1050 Κυρίου
1000 979 1175 1048 λόγον.
1195 980 1331 1051 Περὶ
1356 979 1465 1050 γὰρ
1484 980 1591 1031 τῶν
1611 977 1775 1030 τοιού-

1884 521 1992 573 imo
2031 519 2327 575 ellicientes
2377 527 2437 573 ut
2468 522 2607 574 tales
2651 528 2850 574 exeant
2896 520 3087 589 quales
3139 522 3452 585 intrarunt,

1885 626 2082 681 nempe
2109 613 2291 676 vacui,
2336 626 2403 666 eo
2448 612 2594 681 quod
2637 627 2747 665 non
2797 612 3070 666 audierint
3104 613 3227 667 illos
3249 613 3343 682 qui
3371 616 3457 668 vel

1884 703 2117 766 docent,
2153 705 2240 757 vel
2290 704 2478 774 legunt
2531 703 2759 759 verbum
2806 702 3041 758 Domini.
3082 703 3216 757 Nam
3249 706 3317 759 de
3347 705 3455 759 bu»

1878 795 2122 863 jusmodi
2158 794 2328 849 Isaias
2356 795 2621 865 propheta
2666 796 2841 849 dicit:
2882 814 2901 846 ι
2943 795 3146 849 Auditu
3178 794 3411 850 audietis
3435 835 3451 858 ,

1882 894 1936 940 et
1978 901 2088 940 non
2130 887 2484 956 intelligetis;
2532 896 2587 941 et
2626 887 2874 942 videntes
2908 887 3201 950 videbitis,
3242 896 3296 941 et
3342 902 3456 942 non

1883 978 2069 1034 scietis
2094 998 2107 1032 :
2142 980 2509 1034 incrassatum
2533 988 2617 1033 est
2656 980 2801 1033 enim
2832 994 2929 1033 cor
2948 980 3133 1049 populi
3154 980 3318 1047 hujus
3336 980 3401 1032 ⁸⁸.
3427 997 3450 1031 ι

188 1080 303 1116 των
332 1067 426 1118 καὶ
453 1067 678 1130 Ἡσαΐας
704 1068 732 1119 ὁ
764 1069 1047 1139 προφήτης
1092 1068 1258 1137 λέγει·
1295 1089 1314 1119 ι
1357 1070 1516 1139 Ἀκοῇ
1546 1066 1827 1129 ἀκούσετε,
1858 1065 1952 1118 καὶ
1982 1066 2044 1118 οὐ
2095 1066 2169 1136 μὴ
2202 1067 2416 1136 συνῆτε·
2443 1068 2535 1121 κα)⁵
2569 1066 2854 1136 βλέποντες
2882 1068 3101 1139 βλέψετε
3122 1112 3136 1134 ,
3167 1069 3261 1123 καὶ
3286 1069 3348 1122 οὐ
3378 1070 3454 1143 μὴ

190 1152 348 1227 ἴδητε
370 1173 382 1185 ’
403 1155 680 1226 ἐπαχύνθη
702 1156 811 1227 γὰρ
835 1159 869 1226 ή
895 1158 1091 1228 καρδία
1116 1157 1210 1210 τοῦ
1232 1156 1361 1211 λαοῦ
1390 1157 1579 1210 τούτου
1601 1154 1730 1225 (46).
1746 1173 1764 1204 ι

731 1251 1126 1303 ΚΕΦΑΛΑΙΟΝ
1163 1250 1234 1304 Ζ’.

546 1340 672 1395 Οἷαί
712 1343 873 1396 εἰσιν·
917 1345 975 1395 αἱ
1015 1341 1404 1411 ψευδοχῆραι.

262 1432 373 1485 Τὸν
418 1432 579 1485 αὐτὸν
639 1429 733 1486 οὖν
760 1433 960 1504 τρόπον
993 1435 1089 1486 καὶ
1139 1434 1247 1487 τῶν
1277 1433 1533 1486 τοιούτων
1588 1430 1772 1501 χηρῶν

184 1524 453 1594 ἐκλείσθη
483 1524 552 1576 τά
578 1518 692 1577 ὦτα
735 1526 834 1594 τῆς
887 1525 1136 1597 καρδίας,
1166 1529 1246 1589 είς
1274 1526 1335 1578 τὸ
1366 1526 1440 1595 μὴ
1471 1523 1774 1594 καθεζομέ-

185 1634 290 1679 νας
319 1615 466 1669 ἐνδον
494 1618 552 1668 ἐν
580 1618 699 1679 ταῖς
730 1616 947 1683 στέγαις
974 1616 1174 1681 αὐτῶν,
1206 1617 1528 1688 προσλαλεῖν
1553 1615 1632 1686 τῷ
1660 1617 1773 1669 Κυ-

2476 1244 2704 1299 CAPUT
2737 1244 2849 1299 VII.

2224 1336 2421 1401 Quales
2447 1347 2567 1391 sunt
2588 1338 2741 1406 falsa:
2768 1340 2957 1394 vidum.

1943 1428 2027 1482 Ad
2043 1428 2294 1483 eumdem
2324 1444 2452 1500 ergo
2476 1431 2721 1494 modum,
2748 1431 3259 1501 hujusmodividua:
3286 1434 3451 1489 obtu-

1873 1528 2024 1575 ratas
2054 1521 2258 1575 habent
2279 1537 2443 1577 aures
2482 1522 2707 1589 cordis;
2751 1539 2820 1579 ne
2864 1525 3015 1580 intus
3044 1527 3100 1580 in
3144 1526 3305 1582 tectis
3333 1527 3450 1582 suis

1874 1612 2147 1676 sedentes,
2171 1612 2461 1669 Dominum
2490 1616 2859 1685 alloquantur,
2891 1617 2987 1672 sed
3011 1619 3454 1674 circumcursan-

189 1706 319 1778 ρίῳ,
341 1707 478 1759 ἀλλὰ
507 1707 952 1778 περιτρεχούσας,
983 1709 1041 1761 ἐν
1089 1709 1305 1780 ἐπινοίᾳ
1343 1706 1638 1777 πορισμοῦ,
1680 1704 1771 1759 διὰ

1880 1710 1978 1769 tes,
2006 1712 2247 1773 quaestus
2270 1707 2464 1776 gratia,
2497 1723 2668 1777 nugas
2699 1709 2930 1779 agendo,
2959 1710 3243 1779 perliciant
3266 1712 3455 1768 adver-

183 1801 302 1854 τῶν
335 1801 609 1872 φλυαριῶν
627 1803 696 1865 ⁸⁷,
725 1800 794 1853 τὰ
821 1799 916 1852 τοῦ
958 1800 1335 1870 ἀντικειμένου
1381 1798 1773 1869 ἐπιθυμήματα

184 1893 485 1964 πράσσειν.
527 1894 594 1945 Ai.
641 1894 891 1947 τοιαῦται
919 1888 1013 1947 οὖν
1051 1894 1217 1963 χῆραι
1262 1894 1324 1945 ού
1367 1892 1772 1963 προσήρτηνται

180 1986 268 2056 τῷ
298 1985 669 2056 θυσιαστηρίῳ
686 1984 784 2038 τοῦ
812 1984 1068 2056 Χριστοῦ.
1102 1985 1221 2039 Elei.
1239 1984 1346 2054 γὰρ
1366 1982 1775 2052 ἕνιαιχῆραιέρ-

183 2078 393 2145 γασίαν
441 2077 739 2148 ἡγούμεναι
772 2078 831 2131 τὸ
862 2080 1112 2149 πρᾶγμα·
1148 2078 1243 2131 καὶ
1287 2076 1348 2140 ἐξ
1373 2070 1447 2129 ὧν
1485 2074 1775 2144 ἀναισχύν-

181 2186 299 2233 τως
360 2169 576 2223 αίτοῦσι
613 2170 706 2223 καὶ
753 2169 1047 2239 ἀπλήστως
1076 2168 1473 2239 λαμϐάνουσιν,
1524 2167 1622 2238 ἤδη
1678 2166 1772 2218 καὶ

180 2261 587 2333 ὀκνηροτέρους
614 2263 741 2323 τοὺς
770 2260 1001 2323 πολλοὺς
1027 2260 1166 2330 πρὸς
1194 2259 1255 2312 τὸ
1282 2259 1481 2311 διδόναι
1509 2259 1773 2327 κατέστη-

183 2369 310 2405 σαν·
376 2352 495 2405 δέον
525 2351 634 2423 γὰρ
660 2351 829 2414 αὑτὰς
855 2351 1144 2422 ἀρκεῖσθαι
1165 2353 1277 2413 τοῖς
1297 2350 1772 2421 ἐκκλησιαστικοῖς

179 2445 276 2499 διὰ
325 2444 657 2514 μετριότητα
687 2443 930 2514 γνώμης,
962 2424 1027 2496 ἐκ
1060 2442 1167 2495 τῶν
1214 2442 1493 2505 ἐναντίων,
1540 2442 1772 2511 ἐμπερια-

178 2537 481 2605 τρέχουσαι
502 2536 611 2606 (47)
642 2538 765 2599 τοὺς
781 2536 891 2587 τῶν
931 2535 1173 2606 πλησίων
1212 2535 1259 2569 ⁸⁸
1284 2536 1467 2597 οἴκους
1511 2534 1773 2588 διασείου-

182 2646 296 2689 σιν,
314 2629 579 2699 εὐπορίαν
604 2628 903 2699 χρημάτων
924 2630 1145 2691 ἑαυταῖς
1172 2627 1606 2697 ἐπισωρεύουσαι
1636 2627 1769 2698 (48),

179 2721 283 2773 καὶ
300 2721 400 2773 ἐπὶ
430 2723 647 2790 πικροῖς
665 2720 845 2782 τόκοις
873 2720 1196 2783 δανείζουσι,
1213 2721 1304 2773 καὶ
1324 2720 1484 2791 μόνου
1504 2720 1598 2773 τοῦ
1623 2738 1771 2791 μαμ-

182 2813 355 2883 μωνᾶ
382 2809 774 2883 φροντίζουσιν·
825 2805 899 2867 ὧν
944 2814 972 2865 ὀ
1018 2811 1151 2874 Θεὸς
1186 2812 1246 2864 τὸ
1285 2811 1584 2881 βαλάντιον·
1620 2812 1676 2865 αἳ
1712 2812 1774 2864 τὸ

180 2907 389 2973 φαγεῖν
419 2905 514 2959 καὶ
540 2904 603 2957 τὸ
633 2908 774 2958 πιεῖν
806 2905 1159 2976 προκρίνουσι
1205 2904 1385 2975 πάσης
1421 2904 1640 2974 ἀρετῆς,
1688 2903 1775 2957 λέ-

178 3013 410 3065 γουσαι·
452 3016 470 3047 ι
497 2997 764 3068 Φάγωμεν
794 2998 888 3050 καὶ
917 2998 1152 3068 πίωμεν,
1184 2996 1371 3067 αῦριον
1400 2995 1508 3066 γὰρ
1535 2996 1772 3068 ἀποθνή-
1798 3027 1842 3084 C

181 3106 418 3151 σκομεν·
454 3108 472 3140 ι
507 3090 562 3143 αἳ
590 3090 664 3152 ὡς
688 3088 899 3142 ἑστῶτα
934 3089 1107 3142 ταῦτα
1150 3088 1483 3156 ἐλογίσαντο,
1534 3087 1629 3141 καὶ
1672 3088 1771 3157 οὐχ

176 3182 263 3245 ὡς
294 3181 587 3251 φεύγοντα·
646 3183 678 3251 ἡ
727 3180 834 3252 γὰρ
864 3183 1139 3251 ὴσκηκυῖα
1169 3181 1299 3252 περ).
1342 3180 1403 3232 τὸ
1430 3197 1532 3251 χρη
1543 3179 1770 3249 ματολο-

181 3275 329 3335 γεῖν,
361 3273 482 3324 ἀντὶ
507 3271 602 3325 τοῦ
631 3270 766 3325 Θεοῦ
797 3271 1045 3342 λατρεύει
1077 3271 1155 3343 τῷ
1187 3274 1486 3343 μαμμωνᾷ,
1516 3272 1768 3326 τουτέστι

179 3363 432 3417 ὼυλεύει
468 3364 544 3434 τῷ
581 3363 781 3435 κέρδει·
836 3363 913 3434 τῷ
954 3364 1011 3417 δὲ
1037 3363 1155 3435 Θεῷ
1194 3364 1488 3434 εὐάρεστος
1533 3359 1672 3418 εἶναι
1709 3366 1771 3422 οὐ

178 3456 437 3519 δύναται,
471 3456 591 3509 οὐδὲ
645 3459 764 3519 ταῖς
804 3456 1078 3526 λατρείαις
1114 3455 1278 3509 αὑτοῦ
1332 3458 1590 3528 ὑπήκοος,
1644 3476 1771 3511 συν-

180 3550 332 3619 εχῶς
362 3549 425 3601 οὐ
454 3548 723 3618 δυναμένη
754 3548 1100 3617 ἐντυγχάνειν
1129 3549 1297 3620 αὐτῷ,
1332 3549 1425 3602 ἐπὶ
1453 3549 1513 3601 τὸ
1541 3551 1773 3622 ἀργυρο-

180 3641 371 3708 λογεῖν
392 3639 483 3692 τὸν
502 3638 625 3692 νοῦν
646 3642 738 3693 καὶ
766 3641 862 3712 τὴν
890 3640 1125 3695 διάθεσιν
1152 3641 1348 3711 ἔχουσα
1370 3640 1498 3714 (49)·
1543 3643 1773 3713 ἐπείπερ

182 3733 328 3785 ὅπου
361 3733 389 3784 ὁ
416 3730 706 3801 θησαυρὸς,
737 3733 852 3784 ἐκεῖ
891 3732 1045 3802 καὶὴ
1102 3733 1298 3803 καρδία
1341 3734 1529 3803 αὐτῆς·
1589 3735 1647 3787 ἐν
1698 3735 1773 3805 νῷ

183 3824 303 3895 γὰρ
335 3823 715 3893 διαλαμϐάνει,
746 3823 850 3876 ποῦ
900 3824 1138 3895 πορευθῇ
1180 3826 1464 3896 λήμματος
1511 3827 1689 3896 χάριν,
1739 3828 1772 3898 ἢ

183 3918 272 3970 ὅτι
316 3917 353 3985 ἡ
384 3914 531 3966 δεῖνα
580 3917 614 3985 ἡ
662 3916 790 3986 φίλη
840 3917 1008 3986 αὐτῆς
1044 3916 1429 3988 ἐπιλέλησται,
1479 3920 1572 3971 καὶ
1618 3919 1774 3987 λόγον

182 4007 312 4060 τίνα
343 4006 515 4078 ταύτῃ
540 4012 919 4078 προσενεγκεῖν
963 4009 1183 4078 ὀφείλει.
1249 4011 1312 4061 Ἠ
1348 4009 1405 4063 δὲ
1435 4010 1658 4063 τοιαῦτα
1685 4013 1775 4065 λο-

183 4099 484 4171 γιζομένη,
528 4102 714 4154 οὐκέτι
756 4105 822 4172 τῇ
878 4105 1150 4173 προσευχῇ
1209 4103 1483 4173 προσέξει,
1530 4104 1665 4157 ἀλλὰ
1708 4108 1774 4175 τῇ

186 4194 548 4264 ἐμπιπτούση
578 4194 774 4265 ἐννοίᾳ·
807 4195 889 4247 διὸ
935 4195 1034 4248 κᾶν
1068 4211 1197 4247 ποτε
1245 4194 1446 4266 θελήσῃ
1476 4196 1775 4265 προσεύξα-

186 4286 321 4339 σθαι
353 4286 495 4357 ὑπέρ
522 4304 684 4349 τινος,
706 4288 804 4339 οὐκ
824 4287 1323 4357 είσακουσθήσεται·
1346 4289 1406 4340 ού
1438 4288 1545 4360 γὰρ
1572 4289 1630 4353 ἐξ
1648 4290 1776 4360 ὅλης

1875 1798 2005 1850 sarii
2030 1797 2325 1853 desideria.
2358 1798 2453 1853 Hae
2484 1801 2651 1869 igitur
2673 1802 2869 1865 viduae,
2901 1818 3025 1856 cum
3055 1803 3261 1858 Christi
3286 1805 3449 1858 altari

1868 1902 1984 1945 non
2014 1896 2246 1957 possunt
2301 1892 2630 1960 comparari.
2691 1891 2830 1945 Sunt
2873 1894 3018 1948 enim
3067 1897 3340 1950 nonnullae
3367 1898 3450 1951 vi—

1875 1981 2016 2044 duae,
2044 1996 2167 2050 quae
2209 1982 2265 2035 in
2294 1982 2448 2035 lucro
2495 1999 2654 2038 omne
2687 1986 2930 2039 studium
2981 2003 3143 2042 suum
3195 1996 3447 2058 ponunt;

1874 2080 1928 2127 et
1956 2074 2081 2142 quia
2114 2073 2457 2141 impudenter
2506 2083 2716 2143 petunt,
2772 2092 2835 2130 ac
2867 2078 3250 2133 insatiabiliter
3298 2082 3449 2135 acci-

1874 2163 2049 2231 piunt,
2078 2164 2189 2233 jam
2221 2165 2421 2221 multos
2459 2166 2528 2219 ad
2558 2168 2903 2237 largiendum
2947 2170 3229 2238 segniores
3267 2171 3453 2226 reddi-

1874 2256 2073 2311 derunt
2102 2276 2115 2310 :
2150 2272 2383 2325 cumque
2428 2266 2725 2327 oporteret,
2770 2268 2828 2312 ut
2860 2275 2955 2330 per
3004 2260 3170 2315 animi
3201 2262 3453 2315 modera-

1874 2348 2081 2402 tionem
2137 2356 2410 2403 contentte
2467 2356 2651 2404 essent
2709 2351 3101 2407 ecclesiasticis
3146 2353 3448 2417 subsidiis,

1875 2447 2068 2493 contra
2152 2439 2649 2496 circumcurrentes
2747 2444 3069 2498 concutiunt
3144 2444 3449 2499 vicinorum

1873 2529 2107 2598 domos,
2199 2531 2406 2586 atlatim
2499 2535 2786 2603 pecuniam
2878 2536 2982 2590 sibi
3062 2539 3449 2606 congerendo,

1873 2639 2089 2679 necnon
2141 2625 2340 2679 acerbo
2390 2625 2579 2680 fenore
2635 2635 2885 2680 mutuum
2945 2627 3118 2691 dant,
3172 2630 3454 2699 soliusque

1874 2731 2199 2771 mammonae
2254 2732 2442 2771 curam
2494 2718 2731 2785 habent;
2762 2734 2992 2788 quarum
3016 2719 3169 2775 ﬁcus
3218 2729 3303 2776 est
3326 2737 3454 2775 cru—

1874 2824 2073 2875 mena;
2114 2824 2236 2879 qua:
2287 2810 2467 2864 cibum
2501 2825 2564 2863 ac
2603 2818 2792 2880 potum
2824 2813 2975 2866 omni
3002 2814 3187 2867 virtuti
3236 2824 3454 2885 antepo.

1874 2909 2031 2961 nunt,
2085 2901 2292 2955 aientes
2326 2920 2338 2954 :
2380 2921 2398 2951 ε
2434 2900 2671 2956 Edamus
2723 2909 2777 2955 et
2808 2902 3105 2971 bibamus;
3154 2919 3278 2959 cras
3308 2907 3452 2960 enim

1875 2993 2173 3046 moriemur
2196 2992 2242 3025 "
2270 3011 2283 3059 ;
2342 3013 2360 3045 ι
2394 3001 2557 3062 atque
2610 2993 2744 3048 istas
2777 3009 2866 3049 res
2896 3002 3157 3066 tanquam
3226 2998 3453 3053 stabiles

1875 3093 2225 3153 putaverunt,
2257 3093 2311 3139 et
2343 3100 2452 3139 non
2484 3094 2745 3155 tanquam
2776 3087 3017 3157 fugaces.
3068 3087 3204 3142 Nam
3239 3088 3295 3142 in
3317 3104 3457 3143 eon-

1870 3177 2151 3246 quirendis
2181 3177 2422 3231 nummis
2466 3178 2784 3241 exercitata,
2825 3193 2926 3246 pro
2955 3177 3067 3233 Deo
3114 3179 3247 3233 colit
3274 3195 3452 3233 mam—

1870 3283 2113 3329 monam,
2142 3268 2245 3322 hoc
2276 3276 2381 3329 est,
2426 3269 2593 3323 servit
2646 3268 2835 3331 lucro;
2867 3281 2920 3322 at
2951 3270 3094 3339 apud
3119 3269 3287 3323 Deum
3326 3285 3453 3341 gra-

1870 3362 2012 3417 tiosa
2043 3376 2166 3416 esse
2199 3376 2306 3415 non
2332 3367 2530 3431 potest,
2585 3376 2686 3415 nec
2725 3362 2971 3431 religioni
3000 3363 3145 3418 illius
3171 3363 3452 3434 obtempe-

1872 3470 2016 3520 rare,
2047 3470 2172 3509 cum
2222 3454 2443 3510 assidue
2486 3469 2689 3508 numen
2720 3455 2871 3509 adire
2912 3457 3139 3525 supplex
3194 3467 3450 3525 nequeat,

1871 3547 2311 3618 quandoquidem
2344 3554 2578 3601 mentem
2608 3554 2661 3600 et
2685 3548 3019 3602 voluntatem
3047 3548 3304 3617 parandis
3334 3550 3455 3619 opi-

1872 3641 1976 3695 bus
2004 3641 2269 3695 intentam
2300 3639 2496 3693 habeat
2533 3657 2545 3692 :
2579 3638 2837 3708 quoniam
2894 3640 2988 3694 ubi
3023 3640 3341 3704 thesaurus,
3378 3640 3454 3694 ibi

1873 3738 1929 3786 et
1957 3746 2052 3786 cor
2079 3731 2228 3785 illius
2258 3730 2303 3761 ⁹⁰
2340 3750 2352 3784 :
2387 3731 2657 3801 siquidem
2691 3738 2875 3785 mente
2897 3732 3126 3794 volutat,
3145 3745 3255 3800 quo
3296 3747 3457 3786 aceeo

1874 3823 1965 3877 det
2010 3830 2247 3893 capturae
2269 3824 2442 3892 gratia
2470 3842 2481 3877 :
2519 3831 2611 3878 aut
2642 3822 2786 3892 quod
2822 3824 2911 3876 illa
2940 3825 3226 3894 quaepiam,
3253 3826 3451 3885 amica,

1875 3915 2043 3968 oblita
2073 3923 2157 3970 est
2184 3916 2324 3985 ejus,
2350 3922 2404 3970 et
2453 3932 2562 3986 quo
2612 3914 2758 3969 illam
2817 3915 2978 3969 aliam
3024 3931 3275 3972 sermone
3303 3931 3455 3970 com-

1876 4006 2080 4075 pellare
2119 4005 2332 4060 debeat.
2385 4005 2659 4062 Caeterum
2714 4023 2835 4077 qua:
2884 4008 3013 4062 talia
3060 4016 3311 4079 reputat,
3343 4023 3454 4063 non

1876 4097 2113 4166 amplius
2146 4099 2380 4152 orationi
2436 4100 2686 4163 vacabit,
2722 4101 2817 4155 sed
2854 4102 3079 4156 instanti
3109 4102 3450 4171 cogitationi.

1877 4188 2218 4259 Quapropter
2241 4193 2286 4246 si
2309 4190 2450 4246 forte
2466 4207 2565 4261 pro
2586 4192 2767 4262 aliquo
2780 4193 2991 4262 precari
3006 4193 3153 4257 velit,
3173 4209 3282 4246 non
3295 4208 3455 4247 exau-

1876 4284 2062 4338 dietur
2090 4300 2102 4334 :
2138 4298 2249 4338 non
2281 4283 2427 4338 enim
2452 4300 2516 4338 ex
2551 4291 2667 4338 toto
2698 4284 2884 4346 corde,
2917 4284 3011 4338 sed
3041 4292 3222 4339 mente
3252 4283 3454 4337 distra-

187 4377 426 4448 καρδίας
464 4379 759 4448 προσφέρει
801 4379 901 4450 τὴν
951 4379 1136 4450 δέησιν
1176 4380 1385 4450 Κυρίῳ,
1432 4379 1569 4431 ἀλλὰ
1606 4381 1774 4451 μέμε-

1880 4384 1989 4440 cta,
2029 4374 2259 4429 Domino
2310 4375 2468 4430 offert
2519 4378 2911 4445 precationem.
2970 4376 3101 4441 Qua:
3131 4383 3311 4430 autem
3344 4374 3454 4430 Deo

192 4468 437 4540 ρισμένῃ
456 4470 679 4539 διανοίᾳ·
738 4471 854 4540 ήδέ
907 4470 1024 4541 Θεῴ
1070 4471 1367 4543 βουλομένη
1398 4473 1774 4543 προσανέχειν,

190 4560 487 4631 καθημένη
524 4560 689 4624 ἔνδον,
721 4564 906 4632 φρονεῖ
931 4562 999 4615 τὰ
1051 4562 1145 4615 τοῦ
1206 4564 1433 4634 Κυρίου,
1464 4564 1657 4627 νυκτὸς
1683 4568 1778 4618 καὶ¹

190 4654 415 4723 ἡμέρας
452 4654 857 4724 ἀκαταπαύστῳ
886 4655 1112 4725 στόματι
1158 4655 1341 4725 δέησιν
1398 4656 1781 4726 προσφέρουσα

190 4744 490 4815 εἰλικρινῆ.
528 4746 734 4816 Ὥσπερ
760 4742 853 4798 οῦν
884 4747 977 4798 καὶ
1007 4748 1039 4817 ή
1064 4746 1348 4816 σοφωτάτη
1392 4746 1615 4816 Ἰουδὴθ,
1644 4765 1781 4819 μαρ-

195 4836 514 4907 τυρουμένη
546 4838 637 4888 ἐπὶ
668 4837 1012 4908 σωφροσύνῃ,
1044 4839 1237 4902 νυκτὸς
1260 4839 1353 4892 καὶ
1376 4839 1587 4909 ἡμέρας
1616 4839 1783 4891 ἐδεῖτο

193 4926 293 4980 τοῦ
354 4926 490 4979 Θεοῦ
521 4928 660 4999 ὑπὲρ
688 4928 783 4981 τοῦ
828 4930 1058 5000 Ἰσραήλ·
1115 4930 1287 4992 οὕτως
1314 4927 1405 4984 οὖν
1442 4932 1535 4983 καὶ
1561 4934 1593 5001 ἡ
1623 4933 1784 5001 ὁμοία

198 5020 343 5090 αὐτῇ
361 5020 503 5090 χήρα
516 5019 749 5084 ἔντευξιν
761 5021 1177 5074 ἀκατάπαυστον
1191 5021 1330 5093 ὑπὲρ
1342 5023 1438 5093 τῆς
1464 5022 1658 5095 Ἐκκλη
1668 5024 1784 5088 σίας

273 5180 319 5251 3f
357 5177 465 5251 Isa.
496 5196 587 5245 γι,
619 5180 673 5235 9.
776 5181 821 5213 ⁸⁷
862 5181 933 5251 al.
971 5182 1289 5251 φλοιαριῶν.

198 5249 245 5280 ’⁸
277 5248 473 5304 Judith
504 5266 589 5317 ιι,
621 5261 674 5306 et
700 5267 800 5305 xu.
829 5251 867 5304 l.
894 5248 1066 5321 lgn’at.
1100 5248 1356 5321 interpol.
1388 5252 1457 5306 ad
1486 5252 1700 5308 Philad.
1732 5255 1785 5308 4.

1396 5181 1442 5214 ⁸⁸
1483 5182 1521 5237 1⁵.
1570 5183 1870 5247 πλουσίων,
1914 5184 2160 5240 divitum.

1882 4469 2124 4521 animum
2149 4466 2430 4522 intendere
2452 4465 2748 4531 desiderat,
2782 4467 2923 4520 intra
2953 4467 3193 4536 privatos
3221 4468 3454 4535 parietes

1885 4562 2100 4625 sedens,
2124 4562 2326 4631 cogitat
2382 4576 2504 4631 qua:
2551 4561 2617 4614 ad
2666 4559 2956 4614 Dominum
3015 4560 3309 4627 pertinent,
3358 4573 3456 4627 per

1883 4661 2099 4708 noetem
2148 4668 2213 4708 ac
2266 4654 2407 4709 diem
2458 4668 2554 4707 ore
2611 4668 2889 4721 nunquam
2944 4659 3199 4706 cessante
3238 4665 3455 4719 precem

1883 4748 2155 4801 sinceram
2188 4747 2299 4801 Deo
2344 4745 2617 4802 deferens.
2668 4742 3137 4809 Quemadmodum
3179 4756 3311 4811 ergo
3366 4756 3451 4795 sa-

1886 4840 2224 4909 pientissima
2271 4839 2493 4893 Juditha
2520 4838 2589 4902 ⁹¹,
2620 4835 2899 4907 pudicitiae
2956 4834 3273 4888 testimonio
3315 4832 3453 4886 cele-

1886 4935 2023 4997 bris,
2056 4942 2217 4987 nocte
2247 4947 2310 4986 ac
2348 4932 2436 4985 die
2464 4930 2633 4985 Deum
2667 4944 2764 4999 pro
2794 4926 2994 4983 lsraele
3022 4925 3414 4996 deprecabatur
3447 4935 3461 4984 ;

1884 5027 1960 5079 ita
1992 5040 2209 5097 quoque
2232 5024 2309 5077 illi
2338 5038 2436 5093 par
2462 5022 2644 5088 vidua,
2677 5020 3049 5075 indesinenter
3070 5034 3170 5089 pro
3212 5016 3459 5073 Ecclesia

2276 5182 2321 5213 θ’
2358 5180 2463 5234 lsa.
2506 5193 2655 5245 xm,
2689 5176 2778 5231 15.
2914 5177 2960 5208 ⁹⁰
3014 5175 3203 5230 Matth.
3236 5190 3311 5238 vi,
3362 5171 3453 5225 2|.

1506 5410 1871 5467 VARIORUM
1907 5410 2139 5468 ΝΟΤᾸΕ.

273 5540 388 5683 (45)
410 5543 1036 5612 ’⁸Ημαστροπεύουσιν.
1059 5547 1265 5602 Desunt
1284 5548 1338 5601 in
1366 5547 1577 5602 eodem.
1604 5547 1776 5604 Cum.

298 5613 391 5679 46)
436 5615 674 5667 Τούτου.
716 5617 866 5670 Alter
911 5618 1034 5673 cod.
1069 5618 1218 5673 addit
1261 5619 1355 5672 καὶ
1386 5621 1497 5680 τοῖς
1521 5618 1653 5671 ὠσὶν
1689 5620 1776 5683 βα-

298 5613 396 5686 46)
436 5615 674 5667 Τούτου.
716 5617 866 5670 Alter
911 5618 1034 5673 cod.
1069 5618 1218 5673 addit
1261 5619 1355 5672 καὶ
1386 5621 1497 5680 τοῖς
1521 5618 1653 5671 ὠσὶν
1689 5620 1784 5686 βα-

204 5684 630 5758 ρέως-ἥκουσαν,
665 5686 809 5758 quod
832 5689 1115 5758 sequentia
1145 5690 1308 5743 etiam
1334 5688 1630 5758 postulant.
1665 5684 1739 5743 la.

278 5753 403 5825 (47)
445 5753 1020 5823 Ἔμπεριτρέχουὰαι.
1076 5757 1136 5814 In
1174 5753 1349 5816 codtlf
1381 5758 1780 5828 ἐπιτρέχουσαι,

492 5846 761 5908 ΡΑτιιοι..
809 5848 925 5911 Gn.
961 5850 1009 5911 1.

1887 5550 1978 5633 veil
1994 5547 2375 5633 eiicpté‘xoucaz.
2411 5546 2487 5633 1ο.
2656 5617 2673 5633 Δ
2691 5619 2704 5633 ἰ
2899 5614 2935 5633 ν
3090 5611 3110 5633 1
3345 5608 3358 5626 O

1961 5620 2071 5689 (48)
2088 5611 2627 5737 ΙξΕὲὲιῖγωρεὺουσαι.
2644 5617 2798 5673 Alter
2816 5614 3062 5669 codicum
3090 5611 3456 5685 ἐπισωρεύου-

1961 5731 1964 5737 .
1999 5704 2083 5737 me
2109 5704 2210 5737 1118.
2262 5704 2316 5737 1).

1892 5688 1975 5753 σι,
1999 5688 2210 5742 melius.
2240 5688 2316 5742 lo.

1961 5757 2072 5829 (49)
2103 5759 2394 5825 Ἔχουσα.
2425 5755 2579 5815 Alter
2602 5755 2727 5815 cod.
2758 5753 2889 5827 ἔχει,
2907 5754 3132 5813 rectius.
3162 5748 3242 5808 In.

3048 5846 3131 5908 25
