3876 6188
462 295 567 353 T19

1313 297 1371 353 S.
1411 296 1812 355 CLEMENTIS
1849 300 1870 354 ι
1908 299 2075 358 ΒΟΜ.
2123 300 2326 357 ΡΟΝΤ.
2363 298 2593 355 OPERA
2630 297 2855 354 DUBIA.

3614 295 3728 351 780

461 414 571 470 Deo
608 412 981 485 supplicabit;
1028 415 1125 483 qui
1172 414 1429 470 exaudiet
1483 429 1627 481 eam,
1660 415 1921 486 quoniam
1975 416 2035 471 in

2145 416 2416 489 προσοίσει
2466 416 2605 486 Θεῷ,
2620 414 2713 467 καὶ
2725 410 3095 466 είσακούσεται
3115 410 3303 481 αὐτῆς,
3313 409 3473 465 διὰτὸ
3485 410 3586 482 τὴν
3600 411 3731 463 διὰ-

456 506 563 561 hoc
599 506 777 561 solum
820 512 1001 562 mente
1032 506 1254 576 alligata
1284 515 1389 570 est,
1434 515 1489 561 et
1515 522 1692 578 neque
1718 508 1786 563 ad
1808 509 2035 564 insatia-

454 604 566 651 tam
588 596 926 661 aviditatem,
963 612 1141 667 neque
1178 598 1246 653 ad
1276 607 1652 669 sumptuosam
1680 600 2035 670 cupiditatem

454 690 722 745 incumbit
746 708 761 756 ;
796 696 959 760 atque
984 691 1178 746 oculus
1203 690 1324 759 ejus
1344 699 1429 746 est
1451 700 1658 754 castus,
1698 692 1851 748 auris
1879 706 2034 745 mun-

450 780 544 845 da,
575 797 771 837 manus
803 780 1119 852 impollutae,
1153 781 1317 851 pedes
1347 782 1541 852 quieti,
1568 797 1630 837 os
1662 781 1901 853 denique
1930 798 2031 839 ne-

452 888 563 943 que
604 872 672 927 ad
702 873 1019 944 ingluviem,
1061 889 1240 944 neque
1278 874 1347 929 ad
1396 874 1633 945 ineptias
1678 882 2032 946 promptum;

452 963 547 1021 sed
578 965 806 1036 loquens
840 964 1061 1036 quidem
1111 982 1231 1037 quae
1260 966 1584 1031 condecent,
1635 981 1699 1022 ea
1730 981 1859 1022 vero
1893 966 2036 1021 dun-

454 1063 607 1110 taxat
664 1072 888 1113 sumens
938 1073 1060 1127 qua:
1101 1058 1475 1114 sustentandae
1510 1059 1634 1113 vitae
1673 1060 2031 1115 conveniunt.

452 1148 585 1214 Quae
617 1149 698 1205 sic
738 1149 900 1205 fuerit
928 1150 1119 1220 proba,
1178 1150 1363 1220 gravis
1407 1164 1472 1204 ac
1502 1151 1710 1215 sedata,
1743 1149 1855 1206 Deo
1884 1166 2035 1206 com-

454 1241 689 1310 placebit
708 1240 1016 1311 ;simulque
1038 1255 1101 1295 ac
1124 1241 1330 1311 aliquid
1348 1241 2036 1312 postulaverit,praevcniet

452 1348 573 1387 eam
602 1332 854 1403 largitio:
894 1352 913 1384 ι
948 1332 1142 1388 Adhuc
1187 1334 1355 1395 enim,
1409 1333 1609 1404 inquit,
1664 1334 1921 1404 loquente
1959 1342 2033 1398 te,

452 1424 633 1480 dicam
674 1446 685 1480 :
714 1424 852 1480 Ecce
881 1425 1075 1481 adsum
1107 1427 1171 1479 ".
1217 1446 1235 1478 ι
1264 1424 1312 1459 ’⁸
1345 1425 1546 1481 Eadem
1578 1427 1763 1497 igitur,
1795 1428 1867 1483 sit
1894 1428 2036 1482 divi-

454 1517 659 1571 tiarum
690 1518 1081 1586 contemptrix,
1112 1516 1257 1573 fastu
1297 1534 1515 1584 carens,
1551 1536 1660 1574 non
1703 1522 1849 1591 turpi
1882 1522 2039 1577 lucro

452 1606 660 1674 dedita,
689 1623 799 1663 non
851 1609 1223 1680 inexplebilis,
1271 1626 1382 1665 non
1411 1626 1623 1678 vorax;
1668 1612 1779 1667 imo
1826 1620 2037 1686 tempe-

2137 525 2290 563 νοιαν
2311 509 2479 579 αὐτῆς
2512 508 2647 579 πρὸς
2666 506 2809 577 μόνῳ
2825 504 2998 574 τούτῳ
3014 502 3298 574 ἠρτῆσθαι,
3311 502 3405 556 καὶ
3417 504 3555 573 μήτε
3585 502 3735 571 πρδς

2135 598 2463 669 ἀπληστίαν,
2490 600 2628 669 μήτε
2657 596 2799 669 πρὸς
2825 595 3119 666 ἐπιθυμίαν
3141 594 3514 648 πολυδάπανον
3540 596 3737 647 ἐκκεῖ-

2138 690 2283 745 σθαι·
2297 692 2385 744 ὅτε
2400 689 2677 760 ὀφθαλμὸς
2688 688 2856 759 αὐτῆς
2869 686 3051 756 ἁγνὸς,
3063 686 3155 740 καὶ
3173 688 3207 757 ή
3226 687 3363 758 ἀκοή
3376 686 3618 757 καθαρὰ,
3634 690 3736 739 καὶ

2138 785 2195 837 ai
2212 785 2391 855 χεῖρες
2420 782 2735 855 ἀμόλυντοι,
2768 779 2862 833 καὶ
2887 779 2937 831 οί
2967 778 3126 841 πόδες
3157 778 3351 848 ἥσυχοι
3388 776 3524 847 (50),
3546 777 3652 829 καὶ
3672 776 3737 829 τὺ

2138 875 2311 946 στόμα
2336 874 2461 928 οὕτε
2497 869 2995 945 πρὸςθλαιμαργίαν,
3016 868 3138 922 οὕτε
3154 869 3563 941 πρὺςφλυαρίαν
3582 868 3736 921 ἕτοι-

2140 984 2261 1037 μον,
2294 965 2429 1019 ἀλλὰ
2456 963 2649 1019 λαλοῦν
2672 965 2770 1035 μὲν
2784 963 2851 1016 τὰ
2877 962 3081 1025 δέοντα,
3106 959 3519 1033 μεταλαμϐάνον
3542 960 3605 1013 δὲ
3653 953 3733 1013 ὧν

2140 1057 2382 1127 προσῆκε
2410 1056 2498 1109 διὰ
2521 1056 2688 1127 μόνην
2703 1054 2801 1126 τὴν
2818 1053 3094 1108 σύστασιν.
3113 1051 3269 1107 Οὕτω
3281 1052 3449 1123 σεμνὴ
3470 1052 3565 1106 καὶ
3584 1053 3729 1106 ἀτά-

2140 1165 2302 1220 ραχος
2330 1148 2669 1221 ὑπάρχουσα,
2697 1146 2985 1217 εὐάρεστος
3011 1144 3161 1199 ἔσται
3205 1144 3283 1216 τῷ
3310 1144 3445 1215 Θεῷ·
3478 1146 3573 1199 καὶ
3606 1145 3732 1216 ἅμα

2136 1240 2215 1311 τῷ
2246 1240 2571 1310 αἰτήσασθαι
2598 1242 2768 1311 αὐτήν
2809 1257 2899 1301 τι,
2932 1238 3237 1309 προφθάσει
3292 1237 3460 1308 αὐτὴν
3488 1239 3523 1308 ή
3548 1237 3725 1301 δόσις·

2146 1334 2301 1386 ιἜτι
2319 1333 2427 1406 γὰρ
2447 1333 2563 1398 σοῦ,
2594 1335 2749 1405 φησὶ,
2768 1332 3054 1396 λαλοῦντος
3079 1331 3207 1404 ὲρῶ·
3269 1331 3399 1384 Ἰδοὺ
3430 1331 3721 1402 πάρειμι.»

2139 1426 2376 1497 Τοιαύτη
2407 1426 2465 1480 δὲ
2490 1423 2647 1490 οὖσα,
2706 1426 2997 1497 ὑπαρχέτω
3047 1424 3438 1495 ἀφιλάργυρος,
3493 1424 3725 1491 ἄτυφος,

2146 1520 2221 1591 μὴ
2251 1520 2665 1591 αἰσχροκερδὴς.
2717 1518 2791 1590 μὴ
2822 1519 3115 1590 ἄπληστος,
3148 1517 3223 1587 μὴ
3253 1517 3448 1586 λίχνος·
3480 1516 3594 1569 ἀλλ’
3628 1518 3726 1585 ὲγ-

2145 1614 2376 1685 κρατὴς,
2394 1615 2619 1683 πραεῖα,
2642 1613 2933 1683 ἀτάραχος,
2970 1609 3222 1681 εὐλαϐὴς,
3272 1610 3550 1679 αἰδήμων,
3581 1609 3723 1663 καθ-

452 1713 607 1763 rans,
640 1707 945 1766 mansueta,
968 1701 1578 1773 tranquilla,religiosa,
1601 1706 1931 1771 verecunda,
1962 1721 2041 1761 se-

2145 1706 2320 1776 ημένη
2360 1709 2417 1761 ὲν
2462 1710 2529 1777 τῇ
2560 1708 2708 1779 οἰκίᾳ
2740 1709 2929 1777 αὐτῆς,
2960 1705 3255 1776 ψάλλουσα,
3279 1703 3723 1774 προσευχομένη,

454 1792 592 1848 dens
616 1791 760 1847 domi
777 1808 908 1857 sua},
933 1793 1193 1864 psallens,
1209 1809 1395 1857 orans,
1414 1794 1619 1865 legens,
1634 1797 1887 1866 vigilans,
1900 1798 2042 1867 jeju-

2145 1798 2606 1867 άναγινὼσκουσα,
2642 1798 3016 1871 ὰγρυπνοῦοα,
3060 1797 3409 1868 νηστεύουσα,
3428 1794 3550 1865 θεῷ
3578 1794 3724 1847 πάνο

456 1898 745 1948 nans,cum
773 1883 1110 1955 Deosemper
1124 1886 1441 1955 colloquens
1470 1887 1703 1941 canticis
1718 1895 1772 1943 et
1802 1888 2037 1959 hymnis.

456 1974 661 2029 Lanam
687 1976 957 2041 faciendo,
1000 1977 1123 2033 aliis
1147 1978 1329 2047 potius
1357 1978 1685 2048 suppeditet,
1718 1996 1880 2049 quam
1906 1982 2023 2052 ipsa

454 2070 641 2140 aliquo
661 2070 927 2140 indigeat;
959 2085 1167 2125 memor
1184 2069 1361 2125 vidua:
1376 2086 1406 2123 a
1437 2069 1665 2125 Domino
1684 2070 1738 2124 in
1752 2071 2041 2142 Evangelio

455 2163 846 2233 comprobatae,
866 2177 987 2231 quae
1017 2162 1242 2217 veniens
1266 2160 1333 2215 ad
1366 2161 1650 2230 templum,
1685 2162 1739 2215 in
1769 2163 2043 2233 gazOphy-

456 2254 657 2308 lacium
690 2254 838 2309 misit
867 2253 978 2307 duo
1005 2268 1114 2307 aera
1160 2252 1371 2306 minuta
1394 2291 1409 2316 ,
1444 2252 1589 2322 quod
1618 2262 1701 2308 est
1726 2254 2037 2322 quadrans;

456 2354 513 2399 at
562 2360 685 2401 eam
714 2345 945 2400 intuitus
975 2345 1159 2400 cordis
1183 2344 1436 2414 cognitor
1493 2343 1747 2400 Christus
1778 2344 2041 2401 Dominus

455 2449 644 2493 noster
684 2453 749 2493 ac
789 2438 1071 2507 magister,
1104 2438 1178 2490 ait
1215 2454 1229 2491 :
1276 2455 1294 2487 ι
1328 2436 1499 2491 Amen
1530 2438 1653 2491 dico
1689 2438 1865 2504 vobis,
1896 2455 2037 2510 quo-

454 2528 602 2583 niam
628 2529 743 2584 haec
776 2528 937 2583 vidua
976 2530 1097 2599 plus
1125 2528 1383 2583 omnibus
1427 2530 1577 2583 misit
1610 2530 1665 2583 in
1713 2531 2041 2602 gazophyla-

455 2621 603 2675 cium
631 2641 645 2677 :
671 2621 800 2691 quia
833 2636 1027 2677 omnes
1070 2637 1137 2675 ex
1182 2619 1517 2676 abundantia
1568 2637 1668 2675 sua
1727 2623 2036 2689 miserunt;

455 2713 572 2769 haec
594 2724 795 2780 autem,
826 2712 893 2768 de
918 2714 1168 2783 penuria,
1195 2728 1414 2768 omnem
1451 2713 1659 2768 victum
1691 2730 1850 2769 suum
1876 2732 2038 2785 quem

456 2806 647 2861 habuit
668 2806 734 2859 ".
777 2826 795 2857 ι
830 2804 1015 2875 Itaque
1053 2813 1269 2875 oportet
1298 2806 1493 2861 viduas
1540 2806 1771 2862 honeste
1821 2817 2039 2863 mtatem

456 2913 638 2968 agere,
664 2898 979 2953 obedientes
1007 2897 1302 2967 episcOpis,
1326 2899 1663 2969 presbyteris
1682 2908 1737 2954 ct
1766 2899 2035 2964 diaconis,

455 2990 787 3060 insuperque
816 2997 870 3045 et
895 2989 1256 3057 diaconissis;
1295 2999 1627 3055 reverentes,
1664 2992 2035 3061 pudibundas,

2142 1906 2261 1943 τοτε
2284 1890 2686 1962 προσομιλοῦσα
2697 1892 2861 1961 ᾠδαῖς
2888 1891 2982 1944 καὶ⁵
3002 1888 3212 1960 ὕμνοις·
3236 1886 3357 1959 ἔριά
3374 1902 3432 1937 τε
3450 1885 3729 1956 ἐκλαμϐά-

2142 1999 2307 2036 νουσα
2326 2024 2341 2048 ,
2378 1982 2585 2053 ἑτέροις
2607 1981 2803 2051 μᾶλλον
2822 1980 3237 2051 ὲπιχορηγείτω,
3258 1980 3403 2049 ἢπερ
3421 1977 3559 2048 αὐτή
3576 1994 3728 2040 τινος

2140 2074 2359 2128 δεέσθω·
2386 2075 2798 2145 μιμνησκομένη
2828 2074 2925 2144 τῆς
2952 2074 3011 2125 ὲν
3037 2071 3116 2141 τῷ
3158 2069 3474 2139 Εύαγγελίῳ
3504 2086 3725 2139 μεμαρ-

2141 2168 2453 2239 τυρημένης
2500 2167 2607 2220 ὑπὸ
2650 2165 2745 2220 τοῦ
2777 2165 2983 2234 Κυρίου
3016 2166 3209 2235 χήρας,
3238 2162 3361 2232 ἥτις
3391 2160 3627 2213 ἐλθοῦσα
3666 2162 3725 2213 ἐν

2141 2261 2218 2331 τῷ
2265 2261 2412 2332 ἱερῷ,
2446 2260 2631 2313 ἔϐαλεν
2650 2261 2728 2323 είς
2756 2258 2817 2311 τὸ
2844 2257 3240 2326 γαζοφυλάκων
3299 2253 3369 2307 τά
3395 2253 3488 2307 δύο
3519 2252 3720 2317 λεπτὰ,

2140 2353 2276 2424 ὅπερ
2313 2353 2427 2405 ἐστὶ
2454 2352 2768 2422 κοδράντης·
2804 2351 2894 2403 καὶ
2920 2348 3249 2418 θεασάμενος
3293 2346 3462 2416 αὐτὴν
3506 2346 3536 2398 ό
3579 2361 3723 2416 καρ-

2139 2446 2468 2516 διογνώστης
2495 2444 2728 2516 Χριστὸς
2756 2446 2785 2496 ό
2830 2442 3031 2512 Κύριος
3058 2442 3211 2511 ήμῶν
3248 2442 3342 2493 καὶ
3378 2437 3721 2503 διδάσκαλος,

2141 2532 2312 2589 εἶπεν·
2333 2557 2351 2587 ι
2376 2537 2544 2607 Ἀμὴν
2574 2536 2717 2604 λέγω
2745 2536 2891 2605 ὑμῖν,
2914 2535 2995 2586 ὅτι
3015 2533 3150 2603 αῦτη
3172 2534 3206 2602 ή
3226 2532 3369 2602 χήρα
3390 2530 3571 2582 πλεῖον
3584 2529 3722 2582 πάν-

2140 2645 2247 2681 των
2291 2628 2478 2682 ἔϐαλεν
2507 2630 2585 2690 είς
2611 2628 2672 2680 τὸ
2685 2626 3095 2696 γαζοφυλάκων·
3136 2628 3219 2679 ὅτι
3244 2627 3295 2678 οἱ
3317 2623 3517 2686 πάντες
3540 2623 3605 2674 ὲκ
3623 2620 3721 2673 τοῦ

2142 2719 2573 2790 περισσεύματος
2602 2719 2779 2772 αὐτῶν
2808 2718 3017 2785 ἔϐαλον,
3048 2717 3185 2789 αὕτη
3222 2717 3278 2771 δὲ
3317 2719 3382 2769 ὲκ
3416 2714 3512 2767 τοῦ
3559 2716 3720 2767 ὑστε-

2142 2814 2385 2883 ρήματος
2418 2812 2539 2865 ὅλον
2568 2812 2735 2882 αὐτῆς
2775 2811 2865 2864 τὸν
2897 2810 3010 2881 βίον
3035 2810 3095 2863 ὃν
3140 2804 3273 2879 εἶχε.
3313 2827 3331 2859 ι
3379 2806 3591 2877 Σεμνάς
3624 2802 3722 2859 οὖν

2138 2906 2219 2958 δεῖ
2247 2901 2385 2958 εἶναι
2413 2906 2511 2968 τὰς
2538 2906 2732 2975 χήρας,
2767 2902 3097 2973 πειθομένας
3132 2903 3243 2963 τοῖς
3279 2899 3598 2959 ἐπισκόποις
3625 2898 3723 2951 καὶ

2140 3001 2251 3061 τοῖς
2278 2996 2667 3069 πρεσϐυτέροις
2717 2996 2812 3048 καὶ
2856 2996 2967 3057 τοῖς
3012 2992 3299 3056 διακόνοις,
3339 2990 3423 3043 ἐτι
3470 2989 3577 3060 μὴν
3623 2990 3723 3043 καὶ

455 3092 783 3146 metuentes,
812 3098 921 3137 non
954 3083 1180 3139 liberius
1214 3082 1398 3138 vivere
1428 3098 1492 3137 ac
1521 3083 1578 3137 in
1609 3100 1705 3139 sua
1736 3100 1857 3140 esse
1884 3093 2035 3155 pote-

2145 3094 2255 3155 ταῖς
2292 3091 2578 3156 διακόνοις,
2611 3087 3031 3158 εύλαϐουμένας,
3062 3083 3483 3156 ὲντρεπομένας,
3516 3085 3718 3152 φοϐου-

455 3183 597 3233 state
650 3176 908 3239 nitentes,
960 3191 1137 3245 neque
1186 3175 1325 3229 citra
1378 3176 1758 3247 praescriptum
1798 3177 2038 3231 volentes

454 3266 755 3337 quidquam
797 3266 975 3322 facere
1022 3267 1141 3322 sine
1191 3266 1408 3321 diaconi
1458 3267 2041 3339 voluntate;exempli

453 3374 644 3427 causa,
678 3360 726 3415 si
766 3358 1101 3431 pergendum
1133 3358 1205 3413 sit
1260 3358 1329 3414 ad
1387 3359 1625 3429 aliquem
1650 3400 1664 3424 ,
1714 3367 1775 3414 ut
1822 3375 1946 3414 cum
1976 3375 2042 3415 eo

455 3451 788 3517 manducent
836 3467 899 3505 ac
924 3452 1138 3514 bibant,
1178 3451 1262 3505 vel
1292 3451 1501 3521 aliquid
1537 3453 1606 3505 ab
1659 3452 1845 3522 aliquo
1896 3454 2043 3507 acci-

459 3545 631 3613 piant.
684 3542 782 3599 Sin
812 3560 939 3599 vero
966 3545 1175 3613 injussa
1210 3544 1407 3597 horum
1439 3544 1736 3614 quidquam
1763 3552 2042 3615 perpetra-

456 3637 552 3702 rit,
578 3636 787 3707 jejunio
816 3636 1076 3706 punietur
1127 3644 1221 3689 aut
1252 3643 1588 3706 segregetur,
1624 3644 1885 3707 tanquam
1916 3652 2042 3707 pro-

459 3735 611 3783 terva
634 3734 689 3782 et
718 3727 1156 3783 inconsiderans.

1044 3839 1277 3895 CAPUT
1316 3840 1457 3896 VIII.

463 3928 617 3998 Quod
647 3947 751 3987 non
778 3941 1006 4014 oportet,
1033 3942 1091 3985 ut
1132 3932 1197 3990 ab
1236 3933 1726 4017 indignisﬂqccipiat
1750 3933 1929 3999 vidua,
1962 3935 2039 3988 uel

844 4003 1138 4071 episcopus,
1175 4004 1253 4058 vel
1286 4003 1426 4059 alius
1452 4003 1648 4073 ﬁdelis.

522 4091 691 4149 ‘Unde
720 4093 867 4149 enim
910 4094 1073 4149 vidua
1111 4096 1285 4161 novit,
1329 4096 1508 4167 qualis
1558 4096 1629 4151 sit
1672 4110 1735 4150 ea
1782 4095 1978 4151 mulier
2007 4111 2039 4151 a

459 4199 568 4257 qua
596 4186 825 4257 accipit,
859 4195 954 4241 aut
995 4202 1063 4242 ex
1099 4202 1336 4259 quonam
1382 4188 1690 4243 ministerio
1721 4187 2037 4243 alimentum

460 4278 713 4349 apponit;
748 4287 933 4334 utrum
962 4296 1030 4336 ex
1054 4280 1265 4351 rapina,
1297 4288 1391 4334 aut
1410 4296 1475 4335 ex
1508 4280 1613 4334 alia
1642 4279 1896 4351 quapiam
1920 4287 2037 4334 arte

458 4369 682 4426 illicita?
702 4370 889 4428 Nescit
917 4373 1081 4428 vidua
1104 4372 1442 4429 reddituram
1468 4387 1528 4428 se
1550 4371 1659 4428 Deo
1679 4373 1946 4428 rationem
1966 4371 2035 4427 de

2148 3182 2335 3255 μένας,
2370 3182 2444 3254 μὴ
2473 3178 3016 3247 κατεξουσιαξούσας,
3050 3180 3186 3249 μήτε
3216 3175 3367 3247 παρὰ
3403 3174 3505 3245 τὴν
3533 3173 3721 3227 διατα-

2142 3279 2245 3350 γήν
2278 3295 2332 3330 τι
2378 3278 2550 3329 ποιεῖν
2599 3274 2855 3337 θελούσας
2888 3273 3011 3343 δίχα
3037 3270 3261 3342 γνώμης
3295 3267 3390 3321 τοῦ
3436 3267 3717 3331 διακόνου,

2141 3365 2253 3423 οἷον
2282 3369 2343 3421 τὸ
2374 3368 2509 3439 πρός
2544 3384 2666 3419 τινα
2710 3364 3047 3427 ἀπελθούσας
3095 3361 3207 3433 (51)
3261 3360 3355 3413 ἐπὶ
3406 3359 3471 3412 τὸ
3526 3362 3719 3428 φαγεῖν

2146 3464 2274 3533 παρ’
2296 3460 2444 3530 αὐτῷ
2474 3461 2568 3512 καὶ
2595 3460 2763 3524 πιεῖν,
2795 3457 2827 3527 ἦ
2856 3455 3038 3509 λαϐεῖν
3064 3472 3119 3507 τι
3156 3452 3308 3524 παρά
3358 3468 3527 3514 τινος.
3558 3451 3622 3503 Εἰ
3663 3450 3720 3506 δὲ

2146 3558 2220 3627 μὴ
2251 3555 2595 3610 κελευσθεῖσα
2615 3554 2813 3623 ποιήσῃ
2829 3551 2886 3603 ἓν
2906 3566 2960 3601 τι
2986 3547 3190 3601 τούτων
3212 3545 3344 3617 (5‘2),
3374 3542 3720 3614 ὲπιτιμάσθω

2143 3648 2388 3718 νηστείᾳ,
2420 3646 2453 3717 ἢ
2485 3643 2849 3716 άφοριζέσθω,
2879 3641 2955 3704 ὡς
2993 3638 3289 3711 προπετὴς.

2668 3824 3061 3881 ΚΕΦΔΛΑΙΟΝ
3104 3825 3185 3877 H'.

2144 3929 2267 3981 Ὅτι
2298 3927 2369 3979 οὐ
2399 3924 2512 3993 χρὴ
2543 3922 2700 3991 παρὰ
2720 3919 2983 3993 ἀναξξεεθν
3001 3916 3328 3993 λειμξςίϊειν
3356 3912 3471 3981 τὴν
3500 3912 3713 3993 Wa"

2283 3996 2322 4064 ἣ
2352 3986 2458 4048 td}
2487 3986 2823 4047 ἐπίσκοπον
2847 3990 2963 4060 (53)
2986 4028 3000 4051 ,
3036 3986 3300 4055 intuor
3334 3986 3576 4037 πιστόν.

2211 4089 2276 4141 Τί
2306 4086 2413 4156 γὰρ
2429 4086 2737 4143 ἐπίσταται,
2759 4082 2920 4135 ὁποία
2940 4081 3023 4142 τίς
3041 4081 3180 4139 ἐστι,
3199 4077 3328 4146 παρ’
3346 4070 3415 4145 ἦς
3430 4073 3713 4144 λαμϐάνει,

2140 4181 2173 4252 ἢ
2205 4182 2270 4233 ὲκ
2298 4178 2549 4247 ποταπῆς
2578 4175 2853 4238 διακονίας
2882 4170 3217 4244 παραϐάλλει
3240 4168 3349 4239 (54)
3370 4167 3468 4237 τὴν
3488 4165 3712 4237 τροφὴν,

2140 4274 2367 4344 πότερον
2383 4270 2442 4335 ἐξ
2458 4269 2735 4341 ἁρπαγῆς,
2756 4267 2789 4337 ἢ
2808 4268 2999 4337 ἑτέρας
3024 4264 3167 4327 τινὸς
3193 4263 3255 4315 οὗ
3275 4260 3449 4330 καλῆς
3468 4259 3710 4329 ἀγωγῆςς

2139 4366 2254 4419 Οὐκ
2286 4362 2624 4433 ἐπισταμένη
2658 4359 2771 4430 (55)
2803 4361 2836 4429 ή
2867 4359 3012 4430 χήρα
3051 4358 3133 4410 ὅτι
3171 4355 3310 4427 ὑπὲρ
3339 4354 3458 4418 ἑνὸς
3486 4356 3713 4409 ἑκάστου

463 4462 697 4534 singulis
728 4464 882 4521 hisce
912 4466 1102 4530 rebus,
1133 4463 1355 4536 quando
1383 4465 1614 4535 accipiet
1646 4465 1866 4535 indigne
1899 4463 2033 4519 Deo.

2145 4456 2340 4510 τούτων
2382 4454 2541 4507 δώσει
2585 4452 2740 4520 λόγον
2786 4450 2926 4521 Θεῷ,
2972 4448 3235 4520 δεχομένη
3280 4447 3520 4511 ἀναξίως
3563 4445 3708 4501 Θεοῦ·

458 4551 645 4624 Neque
668 4555 816 4610 enim
848 4556 1163 4613 sacerdotes
1194 4571 1436 4627 unquam
1478 4556 1769 4611 admittent
1798 4561 2032 4625 sponta-

459 4660 565 4699 uea
600 4645 915 4717 huiusmodi
946 4649 1194 4705 mulieris
1221 4648 1401 4713 dona;
1428 4647 1593 4703 veluti
1620 4646 1758 4703 furis
1787 4654 1881 4700 aut
1912 4660 2030 4700 me—

460 4737 696 4793 retricis.
725 4738 1001 4810 Scriptum
1028 4750 1115 4796 est
1135 4741 1314 4796 enim:
1355 4758 1375 4791 ι
1409 4738 1530 4795 Non
1558 4739 1914 4809 concupisces
1941 4752 2032 4792 res

2136 4549 2258 4603 οὔτε
2282 4548 2389 4619 γὰρ
2417 4547 2467 4599 οἱ
2500 4547 2664 4617 ἱερεῖς
2691 4542 2946 4612 τοιαύτης
2970 4539 3331 4610 ἑκουσιασμὸν
3358 4537 3603 4603 δέξονταί
3630 4553 3713 4590 πο-

2136 4658 2215 4703 τε,
2236 4637 2346 4693 οἷον
2391 4637 2662 4710 ἅρπαγος,
2695 4634 2728 4706 ἢ
2758 4634 2980 4705 πόρνης.
3028 4632 3341 4703 Γέγραπται
3378 4631 3521 4701 γάρ·
3560 4650 3579 4681 ι
3605 4630 3712 4683 Οὐκ

2140 4732 2495 4804 ἐπιθυμήσεις
2524 4730 2593 4783 τὰ
2619 4727 2714 4781 τοῦ
2736 4727 2847 4799 (56)
2876 4726 3119 4797 πλησίον·
3160 4744 3178 4776 ι
3217 4724 3331 4777 καί·
3386 4743 3407 4775 ι
3444 4724 3522 4776 Ού
3553 4737 3709 4793 προσ-

566 4894 612 4929 ⁹¹
649 4895 755 4950 lsa.
796 4910 966 4962 LVIII,
997 4896 1052 4953 9.
1128 4896 1173 4928 ³³
1203 4896 1240 4950 l.
1280 4893 1448 4967 lgnat.
1480 4895 1736 4965 interpol.
1767 4894 1836 4949 ad
1863 4890 2076 4947 Philad.
2106 4890 2161 4946 4.
2237 4890 2283 4922 ⁸⁸
2323 4888 2491 4944 Marc.
2526 4902 2639 4953 xu,
2667 4886 2774 4953 43;
2814 4884 2948 4940 Luc.
2979 4900 3108 4948 xu,
3139 4884 3193 4940 5.

1773 5060 2136 5127 VARIORUM
2172 5064 2404 5123 NOTAE.

537 5232 1101 5304 (50)"Ho'vzonAlter
1127 5231 1251 5287 cod.
1276 5233 1593 5304 Iaegquales
1630 5241 1757 5287 sunt
1787 5232 1879 5303 qui
1915 5248 2027 5285 non

465 5320 611 5359 nunc
628 5304 796 5429 οξιιὲο
817 5303 1011 5373 gradu,
1052 5318 1197 5357 nunc
1225 5304 1402 5369 tardo,
1426 5303 1685 5359 incedunt
1709 5322 1724 5371 ;
1758 5304 1851 5358 sed
1879 5303 2031 5372 gravi

465 5381 522 5429 et
551 5389 652 5429 nar
678 5416 691 5429 .
766 5390 890 5428 um.

589 5389 691 5430 art.
719 5389 890 5429 ULEB.

465 5381 522 5441 et
589 5381 691 5430 ari.
719 5381 890 5429 Cum.

469 5511 501 5514 η
540 5390 651 5514 ξεί)
670 5444 1093 5509 Ἀπελθούσας.
1126 5442 1277 5498 Alter
1299 5444 1421 5498 cod.
1455 5443 1725 5511 ἀπελθεῖν,
1756 5442 1900 5514 quod
1926 5458 2039 5499 me-

468 5511 578 5569 lius
605 5511 842 5571 videtur.
869 5516 945 5568 lu.

541 5582 653 5650 (52)
688 5586 933 5655 Τούτων.
992 5582 1164 5655 liabet
1214 5583 1353 5637 idem
1378 5584 1485 5636 τῶν
1534 5584 1856 5655 εἰρημένων,
1891 5583 2037 5654 quod

473 5650 743 5721 glossema
772 5654 999 5709 redolet.
1024 5652 1101 5707 In.

549 5718 736 5795 (55m
754 5724 858 5782 tor
879 5724 1230 5780 ἐπίσκοπον.
1259 5723 1381 5782 llaec
1407 5732 1461 5782 ct
1493 5726 1773 5797 sequentia
1802 5726 2035 5795 inscrip-

2138 5230 2305 5286 tionis
2334 5230 2686 5307 verbarecte
2733 5227 2937 5281 absunt
2984 5225 3039 5278 in
3085 5223 3260 5277 altero
3300 5221 3427 5278 cod.
3448 5219 3707 5345 lVindob.

3470 5308 3526 5345 ι).

2217 5371 2331 5440 (54)
2364 5369 2763 5440 Παραϐάμει.
2798 5366 2971 5440 Alter;
2984 5366 3229 5440 χορηγεῖ,
3257 5308 3627 5440 ςυοᾶ-ύιέὲοίο
3645 5378 3709 5417 an

2143 5434 2255 5497 non
2283 5434 2357 5524 sit
2375 5434 2580 5524 glossa.
2605 5438 2768 5493 Certe
2788 5434 3153 5506 παραϐάλλειν
3184 5436 3365 5489 rarius
3408 5434 3515 5488 hoc
3553 5449 3707 5490 sensu

2143 5510 2409 5567 occurrit.
2444 5510 2522 5565 lo.

2214 5583 2329 5653 (55)
2355 5586 2475 5636 Οὐκ
2505 5580 2892 5653 ἐξισταμένῃ,
2917 5577 3070 5653 Alter
3098 5577 3293 5653 άγνοεῖ⁵
3314 5576 3517 5628 τοίνυν.
3550 5575 3627 5631 ID.

2217 5642 2331 5726 (56)
2370 5653 2444 5708 Τὰ
2480 5650 2603 5705 τοῦ.
2636 5642 2787 5707 Alter
2830 5642 2897 5707 τά
2919 5648 3026 5702 τῶν
3048 5642 3162 5717 τοῦ,
3196 5647 3384 5704 eodem
3418 5660 3601 5703 sensu.
3636 5642 3702 5699 In.
