3876 6188
213 316 315 371 781

1066 330 1069 333 '
1102 311 1697 369 CONSTITUTIONES
1727 310 2403 387 APOSTOLICAE.-—LlB.
2444 312 2527 367 ΙΙΙ.

3358 314 3461 371 789.

209 430 382 489 οίσξις
411 423 667 496 μίσθωμα
702 422 903 493 πόρνης
936 423 1126 494 Κυρίῳ
1152 421 1229 493 τῷ
1264 421 1401 493 Θεῷ.
1435 442 1452 473 ι
1487 423 1561 475 Οὐ
1589 422 1668 474 δεῖ
1692 419 1779 474 οὖν

1890 424 2219 492 proximi”;
2268 442 2284 473 ι
2318 432 2411 477 et:
2453 443 2469 472 ι
2510 422 2627 476 Non
2656 421 2849 479 olieres
2877 424 3180 479 mercedem
3212 431 3463 481 meretri-

206 517 459 590 δέχεσθαι
502 516 654 588 παρὰ
696 515 805 568 τῶν
845 514 1101 568 τοιούτων
1146 514 1278 584 (57),
1327 514 1451 566 οὔτε
1492 513 1595 584 μὴν
1636 515 1788 585 παρά

206 610 622 682 ἀφωρισμένων.
654 607 993 661 Γινέσθωσαν
1037 607 1094 659 δὲ
1129 608 1185 659 αἱ
1216 606 1383 678 χῆραι
1413 607 1620 676 ἕτοιμοι
1651 607 1788 677 πρὸς

206 702 455 774 ὑπακοὴν
480 702 588 754 τῶν
616 700 1015 770 ἐντεταλμένων
1044 701 1236 762 αὐταῖς
1276 699 1381 751 ὑπὸ
1413 698 1520 751 τῶν
1548 698 1788 769 κρειττό-

202 814 335 859 νων,
365 797 459 849 καὶ
488 794 631 848 κατά
671 793 769 865 τὴν
801 792 1043 856 διάταξιν
1075 790 1169 844 τοῦ
1203 790 1502 843 ἐπισκόπου
1540 790 1786 843 ποιείτω-

204 905 331 951 σαν,
362 888 439 951 ὡς
466 886 584 957 Θεῷ
613 885 1003 939 ὑπακούουσαι·
1035 886 1065 937 ό
1091 883 1199 955 γὰρ
1228 882 1336 936 ἀπὸ
1363 882 1601 935 τοιούτου
1630 883 1786 953 ἐπιρ-

204 981 397 1051 ρήτου,
425 979 461 1050 ἢ
494 970 924 1046 ἀποσυναγώγου
955 976 1257 1046 δεχόμενος,
1289 977 1383 1028 καὶ
1414 975 1552 1046 ὑπὲρ
1594 974 1782 1027 τούτου

201 1072 658 1145 προσευχόμενος,
682 1069 937 1140 ἐμμένειν
965 1070 1076 1129 τοῖς
1106 1070 1296 1129 κακοῖς
1328 1066 1780 1137 προαιρουμένου,

197 1167 297 1219 καὶ
328 1164 402 1236 μὴ
419 1164 663 1226 Θέλοντος
688 1159 1125 1233 μεταμεληθῆναι
1158 1175 1309 1219 ποτε,
1341 1161 1584 1211 κοινωνεῖ
1610 1157 1783 1227 τούτῳ

195 1261 265 1331 τῇ
297 1259 574 1329 προσευχῇ
599 1294 614 1318 ,
653 1254 749 1308 καί
787 1253 944 1306 lum?
985 1251 1217 1325 Χριστὸν
1257 1252 1349 1304 τὸν
1396 1254 1521 1313 τοὺς
1567 1250 1782 1313 ἀδίκους

195 1348 674 1420 ἀποστρεφόμενον
693 1386 708 1410 ,
740 1348 834 1400 καὶ
862 1344 1132 1415 οἰκοδομεῖ
1173 1346 1369 1407 αὐτοὺς
1404 1342 1492 1395 διὰ
1520 1343 1620 1412 τῆς
1651 1343 1781 1394 ἀνα-

193 1441 314 1506 ξίου
337 1441 555 1503 δόσεως,
587 1440 684 1493 καὶ
709 1437 1106 1509 συμμολύνεται
1139 1437 1342 1499 αὐτοῖς,
1378 1436 1451 1506 μὴ
1483 1436 1656 1504 ἀερίων
1682 1435 1780 1487 αὺ-

191 1536 327 1597 τοὺς
373 1536 454 1597 είς
493 1532 779 1604 μετάνοιαν
817 1529 1014 1594 ἐλθεῖν,
1056 1529 1197 1582 ὥστε
1244 1528 1647 1600 προσκλαῦσαι,
1686 1528 1780 1581 καὶ

190 1626 459 1698 δεηθῆναι
485 1624 581 1679 τοῦ
602 1623 757 1679 Θεοῦ.
1488 1610 1490 1612 ⁷

742 1822 1136 1877 ΚΕΦΑΛΑῙΟΝ
1174 1822 1250 1874 8'.

242 1919 373 1971 Ὅτι
400 1919 470 1972 οὐ
500 1917 615 1986 χρὴ
646 1916 933 1987 γυναῖκας
954 1913 1281 1987 βαπτίζειν·
1321 1913 1551 1987 ἀσεϐὲς
1581 1913 1711 1982 γὰρ,

326 1988 424 2040 καὶ
456 1987 566 2056 τῆς
592 1985 850 2055 Χριστοῦ
877 1986 1275 2050 διδασκαλίας
1300 1985 1643 2051 ἀλλότριον.

256 2081 400 2151 Περὶ
429 2079 486 2133 δὲ
514 2078 608 2132 τοῦ
637 2081 899 2147 γυναῖκας
931 2077 1229 2147 βαπτίζειν,
1259 2076 1596 2147 γνωρίζομεν
1624 2077 1772 2145 ὑμῖν,

181 2173 274 2226 ὅτι
302 2172 542 2235 κίνδυνος
572 2172 635 2224 οὐ
659 2170 853 2242 μικρὸς
880 2173 1001 2233 ταῖς
1027 2168 1187 2221 τοῦτο
1215 2167 1637 2239 ἐπιχειρούσαις.
1685 2168 1776 2219 Διὸ

184 2267 249 2319 ού
282 2263 746 2336 συμϐουλεύομεν
793 2262 1090 2332 ἐπισφαλὲς
1108 2261 1237 2332 γὰρ,
1272 2261 1469 2332 μᾶλλον
1511 2261 1568 2314 δὲ
1596 2261 1776 2331 παρά-

182 2372 356 2427 νομον
385 2357 480 2409 καὶ
521 2355 735 2418 ἀσεϐές.
783 2355 847 2407 Εἰ
876 2355 985 2425 γὰρ
1018 2352 1226 2424 κεφαλὴ
1269 2352 1525 2421 γυναικὸς
1557 2353 1586 2404 ό
1612 2351 1770 2423 ἀνὴρ,

182 2442 349 2510 οὗτος
392 2446 449 2499 δὲ
494 2446 900 2518 προχειρίζεται
949 2447 1029 2508 είς
1074 2445 1393 2516 ἱερωσύνην,
1436 2444 1498 2496 οὐ
1544 2443 1771 2504 δίκαιον,

182 2539 455 2609 ἀθετῆσαι
482 2538 582 2609 τὴν
607 2538 989 2610 δημιουργίαν,
1020 2537 1115 2589 καὶ
1150 2535 1517 2589 καταλιπόντα
1544 2534 1642 2604 τὴν
1683 2534 1775 2604 ἀρ-

182 2630 310 2702 χὴν,
354 2632 448 2683 ἐπὶ
489 2631 551 2682 τὸ
586 2630 813 2701 ἔσχατον
854 2628 1029 2682 ἐλθεῖν
1060 2627 1239 2698 σῶμα.
1288 2626 1428 2697 Γυνὴ
1475 2625 1584 2696 γὰρ
1615 2625 1772 2695 σῶμα

181 2723 399 2794 ἀνδρὸς,
433 2723 496 2775 ὲκ
536 2722 772 2793 πλευρᾶς
810 2721 869 2775 ὃν
893 2759 909 2784 ,
951 2720 1046 2773 καὶ
1074 2718 1429 2789 ὑποκείμενον
1474 2717 1683 2787 ἐκείνῳ,
1713 2716 1774 2780 ἐξ

177 2807 361 2887 οὗπερ
377 2815 470 2867 καὶ
495 2814 718 2887 διῃρέθη
765 2816 842 2877 εἰς
889 2812 1095 2865 παίδων
1123 2812 1335 2879 γένεσιν
1362 2826 1374 2838 ·
1411 2828 1429 2860 ‹
1454 2808 1624 2872 Αὐτὸς
1656 2808 1769 2879 (58)

180 2908 294 2979 γάρ
327 2923 445 2969 σου,
494 2909 647 2977 φησι,
694 2906 1001 2978 κυριεύσει·
1046 2926 1065 2955 ι
1111 2903 1254 2975 ἀρχὴ
1297 2903 1406 2972 γὰρ
1445 2901 1700 2971 γυναικὸς
1743 2900 1772 2951 ὁ

180 2999 347 3071 ἀνὴρ,
378 2999 564 3069 ἐπειδὴ
607 3000 700 3052 καὶ
743 2997 975 3067 κεφαλή.
1008 2998 1071 3049 El
1101 2996 1157 3049 δὲ
1197 2997 1256 3048 ἐν
1300 2998 1413 3057 τοῖς
1445 2993 1772 3065 προλαϐοῦσι

179 3088 453 3143 διδάσκειν
483 3091 675 3154 αὐταῖς
701 3091 802 3143 οὐκ
846 3087 1253 3160 ἐπετρέψαμεν,
1303 3086 1423 3149 πῶς
1464 3084 1770 3156 ίερατεῦσαι

1891 516 1970 569 cis
2024 514 2254 569 Domino
2305 514 2496 569 Deo”.
2533 535 2550 565 ι
2600 515 2643 567 Α
2687 516 2888 571 talibus
2932 516 3098 586 igitur
3134 518 3458 587 capiendum

1890 624 1998 663 non
2016 616 2119 672 est,
2146 624 2322 678 neque
2344 609 2507 662 etiam
2529 608 2598 662 ab
2620 608 3125 663 excommunicatis.
3147 607 3342 664 Parent
3364 624 3461 663 au-

1888 710 1997 757 tem
2034 718 2092 756 se
2121 701 2298 755 vidua:
2326 701 2395 754 ad
2425 700 2789 755 obediendum
2815 701 3087 755 mandatis
3117 700 3218 755 sibi
3243 717 3340 771 per
3368 716 3462 756 su-

1889 794 2153 863 periores.
2191 801 2355 862 atque
2373 793 2531 862 juxta
2563 792 2943 861 prmscriptum
2967 791 3209 862 episcopi
3236 793 3457 853 faciant,

1887 893 2148 955 tanquam
2179 884 2290 939 Deo
2326 885 2720 939 auscultantes.
2756 881 2799 913 '7
2818 883 2979 939 Certe
3024 900 3149 938 cum
3194 885 3319 955 quis
3351 900 3458 939 non

1886 987 2106 1033 recusat
2129 993 2337 1031 munus
2366 978 2471 1031 viri
2504 976 2746 1040 infamis,
2781 984 2875 1029 aut
2915 977 2983 1031 ab
3015 975 3263 1031 Ecclesia
3296 977 3458 1046 ejecti

1885 1085 1949 1123 ac
1976 1084 2075 1139 pro
2091 1084 2155 1123 eo
2179 1077 2320 1134 orat,
2348 1070 2440 1138 qui
2458 1076 2512 1122 et
2544 1068 2597 1121 in
2629 1068 2867 1137 peccatis
2890 1068 3053 1138 gestit
3084 1084 3457 1138 perseverare,

1884 1176 1985 1215 nec
2012 1160 2129 1213 vult
2155 1166 2249 1213 aut
2281 1159 2347 1213 ad
2382 1159 2758 1228 pcenitentiam
2797 1175 3035 1228 unquam
3068 1161 3294 1227 reverti;
3325 1168 3458 1217 tunc

1883 1268 2006 1307 cum
2040 1253 2133 1306 illo
2161 1253 2218 1306 in
2248 1252 2497 1306 oratiOne
2544 1252 2931 1319 communicat,
2961 1260 3016 1306 et
3044 1253 3322 1307 Christum
3353 1255 3457 1308 ini-

1886 1359 2120 1413 quorum
2145 1344 2489 1412 depulsorem
2514 1343 2829 1408 contristat,
2856 1344 3210 1413 hominesque
3235 1360 3329 1399 eos
3360 1360 3456 1416 per

1881 1437 2161 1505 indignam
2194 1450 2358 1505 quam
2390 1435 2598 1488 faciunt
2643 1435 2992 1489 donationem
3032 1434 3264 1490 aediﬁcat
3289 1436 3363 1507 (et
3396 1437 3453 1491 in

1880 1528 2081 1583 delicto
2110 1526 2340 1597 stabilit)
2367 1543 2379 1577 :
2420 1542 2588 1596 seque
2609 1542 2734 1581 cum
2770 1527 2881 1581 illis
2921 1527 3202 1597 inquinat,
3234 1543 3343 1582 non
3373 1530 3451 1584 si-

1881 1635 2018 1673 nens
2049 1619 2114 1673 ad
2144 1619 2522 1689 paenitentiam
2559 1619 2750 1674 venire
2788 1619 2938 1688 ipsos
2960 1661 2975 1687 ,
3008 1627 3067 1672 ut
3097 1618 3332 1675 deﬂeant
3354 1660 3369 1685 ,
3399 1629 3454 1675 et

1883 1709 2050 1765 Deum
2080 1722 2391 1780 precentur.

2493 1823 2721 1878 CAPUT
2763 1823 2850 1879 IX.

1916 1913 2067 1981 Quod
2099 1931 2199 1967 non
2230 1924 2456 1985 oportet,
2489 1926 2546 1967 ut
2570 1917 2813 1970 mulieres
2846 1916 3109 1985 baptizent
3137 1931 3154 1969 :
3188 1916 3243 1969 id
3274 1917 3414 1970 enim

2087 1986 2327 2053 impium,
2356 1996 2405 2039 et
2428 2003 2460 2039 a
2491 1985 2693 2040 Christi
2721 1986 2961 2040 doctrina
2984 1986 3235 2041 alienum.

1942 2076 2026 2130 An
2054 2083 2251 2136 .autem
2295 2077 2568 2147 baptizare
2598 2077 2666 2131 ad
2706 2078 2961 2134 mulieres
3003 2080 3302 2148 pertineat;
3349 2093 3450 2131 no-

1875 2173 1990 2221 tum
2025 2169 2179 2222 vobis
2211 2167 2465 2234 facimus,
2509 2184 2619 2223 non
2648 2170 2913 2224 mediocri
2957 2170 3013 2224 in
3049 2171 3296 2241 periculo
3325 2185 3449 2224 ver—

1874 2260 1985 2314 sari
2016 2276 2111 2316 eas
2141 2277 2263 2330 quae
2296 2261 2398 2316 hoc
2422 2269 2779 2332 praesumunt.
2813 2260 2993 2327 Quare
3022 2277 3135 2316 non
3162 2262 3271 2316 tale
3316 2276 3449 2316 conv

1874 2353 2056 2407 silium
2086 2353 2281 2408 damus
2316 2372 2328 2407 :
2361 2354 2671 2424 periculosa
2695 2355 2901 2426 quippe
2932 2370 3020 2409 res
3041 2362 3145 2418 est,
3175 2353 3285 2407 imo
3318 2367 3447 2407 vero

1874 2443 2064 2496 illicita
2096 2454 2148 2497 ct
2175 2443 2362 2514 impia.
2386 2443 2522 2498 Nam
2549 2446 2594 2500 si
2618 2447 2702 2499 vir
2729 2454 2813 2501 est
2844 2454 3007 2521 caput
3038 2445 3360 2509 mulieris",
3394 2453 3448 2499 et

1872 2536 1920 2590 is
1959 2535 2180 2606 eligitur
2226 2537 2295 2590 ad
2345 2537 2745 2603 sacerdotium;
2786 2540 3016 2609 justitia:
3058 2546 3343 2608 repugnat,
3389 2546 3450 2591 ut

1872 2628 2167 2681 creationis
2197 2629 2399 2698 regula:
2429 2631 2859 2699 praescribatur,
2907 2639 2958 2685 et
3014 2631 3202 2685 relicto
3250 2629 3449 2700 princi-

1870 2727 2023 2788 patu,
2065 2718 2133 2773 ad
2176 2727 2485 2775 extremum
2529 2737 2732 2791 corpus
2771 2722 3042 2777 veniatur.
3089 2721 3281 2775 Mulier
3302 2720 3446 2774 enim

1870 2826 2072 2881 corpus
2100 2811 2205 2865 viri
2233 2821 2339 2878 est,
2380 2828 2447 2885 ex
2474 2820 2629 2868 costa
2660 2814 2783 2881 ejus
2809 2826 2991 2868 ortum
3023 2813 3255 2875 ducens,
3286 2811 3449 2880 eique

1872 2903 2202 2972 subjectum,
2237 2906 2468 2969 scilicet,
2502 2921 2534 2959 a
2556 2922 2666 2976 quo
2688 2906 2755 2960 ad
2783 2906 3081 2961 liberorum
3113 2904 3447 2975 procreatio-

1870 3010 1995 3050 nem
2041 3002 2252 3050 sectum
2292 2994 2438 3051 fuit:
2480 3016 2498 3048 ι
2537 2997 2689 3068 Ipse,
2745 2999 2959 3068 inquit,
3012 2998 3092 3051 tui
3138 2994 3446 3051 dominabi-

1873 3086 2055 3151 tur”;
2097 3107 2115 3139 ι
2151 3095 2206 3140 at
2235 3088 2321 3141 vir
2359 3088 2728 3158 principatum
2764 3091 3009 3145 mulieris
3042 3097 3210 3151 tenet,
3256 3096 3445 3158 utpote

180 3178 298 3253 (59)
334 3182 561 3244 ταύταις
592 3182 743 3253 παρὰ
771 3181 933 3251 φύσιν
962 3198 1045 3244 τις
1067 3179 1446 3250 συγχωρήσει;
1475 3175 1635 3231 τοῦτο
1661 3177 1770 3249 γὰρ

1875 3177 2021 3232 illius
2051 3184 2236 3248 caput.
2272 3178 2428 3245 Quod
2451 3180 2498 3235 si
2524 3181 2577 3233 in
2606 3181 3041 3251 praecedentibus
3060 3181 3148 3245 ¹⁰⁰,
3181 3196 3289 3235 ιιοιι
3317 3194 3444 3250 per-

250 3318 300 3349 ”
342 3315 515 3371 Exod.
541 3332 645 3379 xx,
684 3316 773 3374 l7.
845 3314 893 3347 ³⁸
932 3313 1089 3369 Deut.
1120 3327 1281 3379 nul,
1315 3312 1403 3367 18.
1479 3313 1522 3345 9"
1563 3312 1796 3368 Laudat.
1827 3312 2175 3378 Anastasius,
2208 3292 2518 3385 inlaesum.
2594 3317 2677 3370 ³⁸1
2707 3316 2838 3372 Cor;
2867 3333 2957 3381 XI,
2990 3318 3044 3374 5.
3121 3318 3320 3373 "Gen.
3356 3334 3438 3383 ιιι,

184 3387 276 3442 16.
363 3388 433 3417 ¹⁰⁰
472 3386 607 3456 Cap.
643 3402 721 3443 vt.

1494 3514 1805 3570 VARIORU
1815 3515 1861 3569 Μ
1898 3515 2126 3571 ΝΟΤᾸΕ.

253 3657 371 3729 (57)
388 3659 470 3711 Οὐ
490 3654 709 3729 δεῖᾼοῦν
725 3655 1005 3729 χεσθαι
1026 3653 1185 3729 παρᾲ
1202 3650 1319 3729 τῷν
1336 3651 1640 3729 τοιούτων,
1654 3656 1761 3702 etc.

180 3723 448 3783 Pluribus
479 3726 828 3788 testimoniis,
866 3724 1163 3795 quaeapud
1206 3723 1343 3777 alios
1385 3728 1645 3795 congesta
1680 3734 1761 3773 re-

182 3803 390 3870 peries,
428 3806 522 3850 aut
552 3802 669 3870 tute
680 3791 961 3870 congeres
993 3791 1173 3857 facile,
1196 3807 1372 3870 unum
1400 3791 1599 3870 adjicio
1623 3804 1761 3870 nonf

182 3860 316 3924 dum
340 3860 540 3929 visum,
568 3882 630 3920 ex
660 3867 767 3921 illis
791 3860 924 3920 mss.
952 3880 1184 3933 quorum
1216 3861 1436 3933 memini
1463 3860 1760 3933 antea.'Est

182 3947 371 3994 autem
429 3952 605 3990 canon
667 3938 736 3990 34
786 3931 1075 4004 Nicepliori
1131 3931 1757 4004 ConstantinOpolitani,

180 4008 526 4064 confessoris
553 4006 706 4067 dicti,
741 4016 796 4062 et
828 4002 1053 4059 Patrum
1084 4018 1211 4058 eum
1257 4002 1352 4056 illo
1396 4009 1757 4069 congregato-

180 4096 307 4135 rum
326 4099 351 4154 Δε
379 4072 1283 4154 Effci;_na).)taicijv__xaxrnpévog,
1328 4071 1393 4154 pb
1435 4070 1687 4154 βούλεται
1723 4069 1756 4139 ἢ

180 4149 503 4203 καταλιπεῖν
530 4147 717 4219 αὐτὴν,
832 4140 1231 4219 ἐύλογηθῆναι,
1257 4142 1350 4219 καὶ
1383 4140 1519 4219 μετὰ
1560 4140 1757 4219 ἱερολο-

180 4220 306 4287 γίας
335 4219 500 4288 ἔχειν,
518 4218 578 4268 ού
731 4211 1233 4288 δέχεσθαιίτά-παρ
1255 4211 1419 4288 αὐτοῦ
1447 4211 1758 4288 προσερερρ-

182 4236 306 4287 γιας
335 4236 500 4288 εχειν,
518 4236 578 4268 ου
600 4236 711 4337 gum
731 4236 977 4286 οεχεσυαι
1005 4236 1074 4266 τα
1104 4236 1217 4283 παρ
1255 4236 1419 4265 αυτυυ
1452 4236 1757 4281 πρτλυψερυ-

182 4308 323 4359 μενα
354 4290 421 4359 τῇ
470 4289 599 4340 Ἐκκ
633 4287 783 4359 ησίᾳ,
822 4282 1041 4359 ἦς-τους
1072 4284 1243 4359 θείους
1275 4281 1507 4359 θεσμρυς
1535 4279 1623 4359 δ.ιά
1650 4281 1757 4333 τῶν

179 4345 368 4431 ἔργων
396 4345 752 4431 καταφρονῶν
774 4345 1074 4431 ’ἐνυϐρίζεμ
1111 4352 1224 4431 Hoc
1245 4360 1330 4405 est
1356 4345 1456 4431 ε’.ᾃὶ
1483 4350 1601 4418 quis
1632 4367 1761 4404 con-

180 4421 434 4483 cubinam
463 4421 680 4489 habens,
714 4444 818 4479 non
853 4421 962 4479 vult
993 4436 1085 4477 aut
1131 4423 1283 4475 illam
1321 4421 1633 4489 relinquere,
1667 4430 1757 4474 aut

181 4500 460 4554 retinendo
530 4500 763 4565 accipere
817 4496 1223 4549 benedictionem
1276 4490 1755 4565 sacramentalem;

181 4588 287 4623 non
324 4577 528 4636 oportet
553 4561 777 4635 recipere
801 4583 917 4635 qua:
945 4565 1009 4618 ab
1037 4565 1129 4618 illo
1176 4562 1409 4636 ecclesiw
1438 4561 1753 4628 offeruntur,

180 4641 338 4708 cujus
360 4635 574 4693 divinas
606 4638 741 4707 leges
758 4638 915 4705 factis
939 4635 1442 4708 suiscontemni‘t‘et
1489 4642 1758 4708 contume-

181 4700 259 4764 [ἱᾶ
282 4711 469 4778 αηῖσίι.
492 4709 627 4763 COT.
654 4700 794 4762 'Hte'c
820 4708 987 4761 verba
1013 4706 1073 4757 ού
1102 4707 1182 4758 δεῖ
1206 4700 1308 4779 οὖνΔ
1327 4700 1573 4779 δέχεσθαι
1606 4702 1757 4772 παρὰ

180 4782 290 4832 τῶν
319 4775 606 4844 τοιούτων,
632 4780 838 4848 scripta
866 4784 995 4832 sunt
1020 4775 1312 4830 recentiori
1336 4786 1521 4835 manu,
1549 4775 1605 4823 in
1629 4780 1750 4827 cod.

182 4849 622 4904 Vindobonensi.

255 4920 375 4991 (58)
402 4920 612 4991 Αὐτός,
643 4918 809 4971 κ.τ.λ.
869 4917 933 4991 l_n_
982 4916 1155 4991 altero
1194 4914 1320 4968 cod.
1367 4912 1565 4983 legitur
1592 4913 1755 4977 αὐτός
1820 4966 1825 4971 ,

184 4986 301 5055 σού,
342 4986 528 5060 φησιν,
560 4991 710 5042 ἔσται
744 4988 952 5060 κεφ-αλὴ
979 4986 1098 5060 καί,
1130 4996 1235 5041 etc.
1266 4997 1419 5038 CLEn.

256 5052 374 5131 (59)
397 5052 802 5131 ίἾερατεῦσαι.
824 5052 1120 5131 Baptizare
1131 5054 1479 5131 sacerdotale
1501 5068 1621 5108 esse
1638 5052 1756 5106 ofﬁ-

183 5125 336 5185 cium
358 5125 581 5183 dicitur
622 5130 789 5184 etiam
837 5130 980 5181 infra
1024 5128 1201 5195 capite
1232 5126 1319 5182 15,
1358 5125 1449 5179 lib.
1481 5139 1557 5182 v1,
1584 5132 1637 5195 et
1665 5139 1754 5177 ea-

184 5217 333 5256 none
376 5198 779 5269 apostolico}?
808 5194 1133 5269 constatque
1168 5196 1362 5269 multis
1408 5194 1755 5269 auctoritati-

183 5272 309 5332 bus,
356 5264 630 5339 prmcipue
675 5268 998 5323 Tertulliani
1042 5264 1440 5339 Debaptismo,
1474 5279 1595 5339 cap.
1646 5264 1749 5339 l7;

184 5336 450 5411 Cypriani
480 5336 644 5409 epist.
675 5340 765 5411 69,
794 5340 888 5411 7ος
923 5336 1614 5411 conciliiCarthaginensis
1638 5336 1750 5411 Cy:

185 5404 422 5480 prianici
464 5404 612 5464 num.
656 5410 745 5469 l7,
792 5406 1349 5480 18,__19;74A_thanasii
1395 5404 1750 5480 Epistola_ad

184 5475 558 5541 Ilracontium,
593 5496 643 5549 p.
682 5480 822 5543 955;
873 5478 1062 5531 Hilarii
1100 5478 1163 5549 in
1210 5478 1406 5549 psalm.
1446 5475 1747 5549 va11,_52_;

187 5549 377 5605 Basilii
411 5545 621 5605 canone
650 5550 711 5609 l;
766 5549 1051 5618 Epiphanii
1099 5548 1290 5601 haeres.
1329 5546 1556 5618 _7,_cap.
1600 5545 1654 5606 5,
1692 5545 1747 5618 4,

187 5620 385 5691 haeres.
414 5620 501 5691 79,
528 5621 735 5691 (κινεῖ),
763 5613 825 5691 Ἱί
846 5613 1060 5691 (cujus
1074 5631 1137 5691 et
1155 5616 1379 5691 legenda
1411 5613 1685 5691 Vitacap.
1716 5616 1749 5668 6

183 5699 239 5743 et
266 5684 629 5753 li);Joannis
652 5684 869 5743 Moschi
893 5684 1012 5758 cap.
1043 5688 1163 5747 176,
1195 5684 1248 5741 et
1274 5684 1558 5758 Augustini
1590 5684 1684 5737 lib.
1709 5700 1747 5758 ιι

186 5762 439 5816 adversus
486 5760 784 5825 Epistolam
834 5753 1179 5813 Parmenioni
1209 5773 1329 5832 cap.
1365 5753 1456 5809 ’15.
1496 5753 1648 5808 Hanc
1678 5757 1748 5809 ob

1874 3663 1985 3700 rem
2018 3648 2290 3709 diaeonis,
2333 3656 2520 3717 utpote
2551 3663 2658 3701 non
2693 3648 3094 3713 sacerdotibus,
3128 3651 3225 3706 sed
3256 3668 3442 3711 sacer»

1872 3718 2059 3771 dolum
2093 3719 2385 3787 ministris,
2423 3735 2489 3773 ne
2520 3720 2853 3787 baptismum
2892 3721 3180 3775 conferant
3212 3724 3439 3781 interdi-

1870 3797 2002 3861 cunt
2031 3796 2217 3857 aperte
2247 3785 2683 3861 Constitutiones,
2718 3789 2881 3857 hujus
2931 3792 3053 3844 libri
3084 3806 3205 3861 cap.
3240 3796 3338 3849 ult.
3378 3805 3435 3853 et

1868 3858 1965 3936 lib.
1996 3874 2280 3936 vm,__cap.
2312 3859 2382 3911 28
2415 3869 2469 3936 et
2492 3860 2581 3913 46.
2623 3859 2809 3936 anue
2846 3858 3437 3936 in‘terdictio'pcompro-

1866 3928 2027 3999 batur
2056 3944 2086 3981 a
2118 3927 2352 3982 Maximo
2385 3930 2453 3982 ad
2483 3945 2604 3999 cap.
2631 3932 2663 3983 5
2695 3930 2931 3985 Calestis
2955 3931 3283 3998 hierarehia’,
3311 3927 3369 3990 et
3404 3952 3436 3990 a

1866 3998 2191 4069 Balsamone
2227 3999 2294 4052 ad
2326 3999 2395 4053 49
2428 3998 2693 4053 canonem
2736 4002 3136 4069 apostolorum;
3179 4020 3281 4059 nec
3323 4022 3435 4060 non

1869 4068 2230 4145 conﬁrmatur
2266 4084 2478 4145 cangne
2515 4070 2545 4120 7
2580 4068 2887 4145 eorum’qui
2919 4068 3199 4145 dicuntur,
3242 4075 3435 4145 synodi

1868 4138 2229 4191 Romanorum
2254 4139 2321 4191 ad
2354 4138 2536 4193 Gallos
2581 4142 2893 4262 episcogios;
2928 4142 2995 4195 de
3042 4143 3241 4211 quibus
3270 4138 3436 4199 cano-

1870 4209 2034 4261 nibus
2064 4210 2379 4262 coniectura
2410 4211 2699 4262 clarissimi
2786 4211 3039 4262 irmondi.
3064 4213 3235 4262 videri
3270 4213 3433 4262 Imm-

1870 4209 2034 4261 nibus
2064 4210 2379 4277 conjectura
2410 4211 2699 4263 clarissimi
2743 4209 3039 4275 Sirmondi,
3060 4209 3235 4268 'videri
3270 4213 3433 4269 luno-

1869 4279 2037 4351 centii
2074 4295 2247 4348 papze,
2282 4288 2520 4351 corruet,
2552 4280 2597 4334 si
2622 4280 2981 4351 conferantur
3014 4282 3225 4351 primus
3253 4292 3308 4337 et
3337 4301 3427 4340 se-

1870 4349 2084 4403 cundus
2115 4364 2239 4419 cum
2277 4365 2399 4419 cap.
2437 4349 2500 4401 12
2526 4357 2581 4402 et
2610 4350 2677 4403 15
2709 4351 2961 4419 Epistolas
2989 4349 3244 4406 secunda:
3282 4355 3430 4409 illius

1864 4419 2159 4503 pontificis.
2201 4418 2682 4503 linteg’rumjll‘um
2736 4418 3001 4503 caponem
3131 4437 3426 4503 apponam,

1860 4489 2339 4559 quemadmodum
2356 4504 2474 4542 meo
2492 4489 2703 4557 judicio
2730 4489 2888 4543 debet
2913 4489 3213 4544 constituii

1932 4558 2085 4625 Quod
2115 4561 2508 4629 diaconiextra
2533 4559 2756 4612 Pascha:
2788 4570 2985 4627 tempus
3010 4578 3113 4613 non
3140 4561 3426 4629 baptizent.

1860 4627 1985 4683 Non
2008 4646 2131 4699 ergo
2154 4646 2289 4682 nunc
2308 4628 2372 4682 de
2391 4629 2637 4696 baptismi
2658 4631 2880 4693 ratione,
2902 4630 2991 4683 sed
3017 4630 3080 4684 de
3102 4627 3430 4688 tradentium

1855 4714 2080 4765 persona
2101 4700 2350 4754 rescribo.
2388 4699 2606 4753 Paschte
2638 4710 2861 4767 tempore
2882 4699 3149 4770 presbyter
3168 4717 3218 4755 et
3238 4705 3427 4758 diaco-

1861 4786 1958 4822 nus
1990 4786 2081 4837 per
2109 4770 2387 4838 parochias
2417 4770 2546 4823 dare
2586 4771 2943 4823 remissionem
2974 4780 3329 4838 peccatorum,
3372 4784 3424 4828 et

1856 4842 2207 4892 ministerium
2257 4840 2469 4911 implere
2514 4851 2919 4911 consueverunt,
2962 4843 3126 4894 etiam
3168 4855 3426 4911 prtesente

1855 4911 2091 4977 episcopo
2137 4926 2155 4961 :
2194 4911 2247 4963 in
2278 4909 2473 4980 fontem
2509 4927 2707 4980 quoque
2736 4911 2839 4979 ipsi
2874 4909 3214 4978 descendunt,
3248 4914 3333 4968 illi
3368 4917 3423 4969 in

1856 4927 2091 4977 episcopo
2137 4927 2155 4961 .'
2194 4927 2247 4963 ιη
2278 4927 2473 4980 ιοηιειη
2509 4927 2609 4980 quo
2646 4927 2707 4964 ue
2736 4927 2838 4979 ipsi
2874 4927 3214 4978 descendunt,
3248 4927 3333 4968 tut
3368 4933 3423 4969 in

1856 4981 2034 5051 ofﬁcio
2085 4979 2378 5053 sunt;__sed
2424 4980 2573 5053 illius
2613 4927 2710 5051 ({al.
2754 4981 3003 5053 episcopi]
3046 4985 3246 5037 nomini
3288 4985 3423 5053 facti

1854 5050 2062 5103 summa
2077 5051 2395 5103 conceditur.
2416 5050 2645 5119 Reliquis
2667 5068 2784 5104 vero
2804 5050 3140 5120 temporibus,
3160 5054 3250 5106 ubi
3265 5050 3421 5120 tegri-

1856 5120 2052 5193 tudinis
2091 5122 2372 5193 necessitas
2414 5121 3106 5193 consequiunumquemque
3133 5120 3412 5193 compellit.

1853 5191 2150 5262 specialiter
2180 5190 2478 5262 presbytero
2505 5190 2714 5244 licentia
2738 5200 2834 5253 est,
2861 5190 2953 5261 per
2980 5190 3417 5262 salutaris'aquar

1853 5262 2083 5328 gratiam
2117 5260 2244 5313 dare
2270 5260 2649 5329 indulgentiam
2692 5260 3046 5332 peccatorum,
3081 5260 3330 5332 quoniam
3362 5274 3411 5316 et

1852 5347 2041 5383 munus
2072 5332 2171 5398 ipsi
2204 5332 2321 5384 licet
2349 5347 2511 5383 causa
2542 5332 2897 5385 mundationis
2920 5335 3145 5401 offerre:
3177 5334 3412 5386 diaconis

1852 5418 1970 5454 vero
1992 5401 2141 5453 nulla
2174 5402 2385 5454 licentia
2410 5401 2672 5454 invenitur
2695 5419 2806 5455 esse
2843 5418 3123 5465 concessa;
3154 5402 3243 5455 sed
3273 5403 3412 5471 quod

1851 5472 2009 5526 semel
2036 5472 2173 5538 forte
2200 5472 2417 5541 contigit
2438 5488 2716 5540 usurpare,
2737 5488 2827 5539 per
2847 5474 3204 5527 necessitatem
3226 5472 3415 5524 dicun-

1853 5552 1941 5594 tur
1979 5544 2239 5605 excusati,
2284 5558 2375 5594 nec
2408 5552 2586 5609 postea
2628 5543 2681 5595 in
2725 5544 3005 5595 securitate
3050 5543 3408 5595 commissum.

1850 5611 1969 5665 Non
2000 5613 2073 5665 ita
2111 5613 2395 5681 commode
2426 5627 2550 5666 cum
2574 5627 2783 5667 canone
2812 5612 3149 5680 prmcedente
3168 5614 3413 5681 jungun-

1849 5690 1941 5735 tur
1963 5683 2073 5752 ista
2105 5699 2117 5733 :
2154 5680 2276 5735 Non
2302 5699 2423 5752 ergo
2461 5698 2596 5735 nunc
2622 5683 2683 5735 de
2704 5683 2954 5752 baptismi
2980 5680 3203 5745 ratione,
3235 5681 3325 5735 sed
3348 5680 3412 5733 de

1852 5751 2171 5807 tradentium
2216 5751 2441 5818 persona
2486 5753 2735 5808 rescribo.
2782 5753 2886 5807 Alii
2936 5761 3117 5808 tamen
3162 5752 3409 5808 diaconis
