  <div class='ocr_page' id='page_1' title='image "/cluster/home/n/w/nwhite01/storage/ocr_20150623/1/nnc1.0022106693/435.png"; bbox 0 0 3876 6188; ppageno 0'>
   <div class='ocr_carea' id='block_1_1' title="bbox 449 282 557 341">
    <p class='ocr_par' dir='ltr' id='par_1_1' title="bbox 449 282 557 341">
     <span class='ocr_line' id='line_1_1' title="bbox 449 282 557 341; baseline 0.028 -3"><span class='ocrx_word' id='word_1_1' title='bbox 449 282 557 341; x_wconf 76' lang='grc'>799</span> 
     </span>
    </p>
   </div>
   <div class='ocr_carea' id='block_1_2' title="bbox 1011 394 1449 452">
    <p class='ocr_par' dir='ltr' id='par_1_2' title="bbox 1011 394 1449 452">
     <span class='ocr_line' id='line_1_2' title="bbox 1011 394 1449 452; baseline 0.005 -2"><span class='ocrx_word' id='word_1_2' title='bbox 1011 395 1242 451; x_wconf 86' lang='lat' dir='ltr'><strong>CAPUT</strong></span> <span class='ocrx_word' id='word_1_3' title='bbox 1282 394 1449 452; x_wconf 77' lang='lat' dir='ltr'><strong>XVII.</strong></span> 
     </span>
    </p>
   </div>
   <div class='ocr_carea' id='block_1_3' title="bbox 487 486 1991 557">
    <p class='ocr_par' dir='ltr' id='par_1_3' title="bbox 487 486 1991 557">
     <span class='ocr_line' id='line_1_3' title="bbox 487 486 1991 557; baseline -0.002 -14"><span class='ocrx_word' id='word_1_4' title='bbox 487 489 662 556; x_wconf 78' lang='lat' dir='ltr'><strong>Quam</strong></span> <span class='ocrx_word' id='word_1_5' title='bbox 692 502 910 542; x_wconf 90' lang='lat' dir='ltr'><strong>causam</strong></span> <span class='ocrx_word' id='word_1_6' title='bbox 950 487 1138 541; x_wconf 82' lang='lat' dir='ltr'><strong>habeat</strong></span> <span class='ocrx_word' id='word_1_7' title='bbox 1180 487 1472 557; x_wconf 84' lang='lat' dir='ltr'><strong>baptismus</strong></span> <span class='ocrx_word' id='word_1_8' title='bbox 1508 489 1562 542; x_wconf 87' lang='lat' dir='ltr'><strong>in</strong></span> <span class='ocrx_word' id='word_1_9' title='bbox 1594 486 1866 543; x_wconf 75' lang='lat' dir='ltr'><strong>Christum</strong></span> <span class='ocrx_word' id='word_1_10' title='bbox 1895 527 1910 552; x_wconf 98' lang='lat'><strong>,</strong></span> <span class='ocrx_word' id='word_1_11' title='bbox 1941 498 1991 542; x_wconf 85' lang='lat' dir='ltr'><strong>et</strong></span> 
     </span>
    </p>
   </div>
   <div class='ocr_carea' id='block_1_4' title="bbox 607 558 1862 630">
    <p class='ocr_par' dir='ltr' id='par_1_4' title="bbox 607 558 1862 630">
     <span class='ocr_line' id='line_1_4' title="bbox 607 558 1862 630; baseline 0 -18"><span class='ocrx_word' id='word_1_12' title='bbox 607 575 770 630; x_wconf 87' lang='lat' dir='ltr'><strong>quare</strong></span> <span class='ocrx_word' id='word_1_13' title='bbox 801 558 1013 628; x_wconf 86' lang='lat' dir='ltr'><strong>singula</strong></span> <span class='ocrx_word' id='word_1_14' title='bbox 1043 560 1097 612; x_wconf 87' lang='lat' dir='ltr'><strong>in</strong></span> <span class='ocrx_word' id='word_1_15' title='bbox 1126 576 1186 612; x_wconf 89' lang='lat' dir='ltr'><strong>eo</strong></span> <span class='ocrx_word' id='word_1_16' title='bbox 1211 599 1224 624; x_wconf 90' lang='lat'><strong>,</strong></span> <span class='ocrx_word' id='word_1_17' title='bbox 1253 572 1301 612; x_wconf 88' lang='lat' dir='ltr'><strong>ct</strong></span> <span class='ocrx_word' id='word_1_18' title='bbox 1331 560 1599 622; x_wconf 85' lang='lat' dir='ltr'><strong>dicantur,</strong></span> <span class='ocrx_word' id='word_1_19' title='bbox 1631 567 1680 612; x_wconf 90' lang='lat' dir='ltr'><strong>et</strong></span> <span class='ocrx_word' id='word_1_20' title='bbox 1705 559 1862 627; x_wconf 80' lang='lat' dir='ltr'><strong>ﬁant.</strong></span> 
     </span>
    </p>
   </div>
   <div class='ocr_carea' id='block_1_5' title="bbox 520 713 2027 786">
    <p class='ocr_par' dir='ltr' id='par_1_5' title="bbox 520 713 2027 786">
     <span class='ocr_line' id='line_1_5' title="bbox 520 713 2027 786; baseline -0.001 -16"><span class='ocrx_word' id='word_1_21' title='bbox 520 717 835 786; x_wconf 87' lang='lat' dir='ltr'><strong>Baptismus</strong></span> <span class='ocrx_word' id='word_1_22' title='bbox 881 715 1065 785; x_wconf 77' lang='lat' dir='ltr'><strong>igitur,</strong></span> <span class='ocrx_word' id='word_1_23' title='bbox 1115 715 1170 768; x_wconf 92' lang='lat' dir='ltr'><strong>in</strong></span> <span class='ocrx_word' id='word_1_24' title='bbox 1215 723 1445 769; x_wconf 89' lang='lat' dir='ltr'><strong>mortem</strong></span> <span class='ocrx_word' id='word_1_25' title='bbox 1487 713 1618 770; x_wconf 79' lang='lat' dir='ltr'><strong>Jesu</strong></span> <span class='ocrx_word' id='word_1_26' title='bbox 1667 715 1830 770; x_wconf 91' lang='lat' dir='ltr'><strong>datur</strong></span> <span class='ocrx_word' id='word_1_27' title='bbox 1856 716 1901 747; x_wconf 84' lang='grc'><strong>¹⁶</strong></span> <span class='ocrx_word' id='word_1_28' title='bbox 1930 735 1943 768; x_wconf 91' lang='lat'><strong>:</strong></span> <span class='ocrx_word' id='word_1_29' title='bbox 1973 723 2027 769; x_wconf 90' lang='lat' dir='ltr'><strong>et</strong></span> 
     </span>
    </p>
   </div>
   <div class='ocr_carea' id='block_1_6' title="bbox 448 806 2024 878">
    <p class='ocr_par' dir='ltr' id='par_1_6' title="bbox 448 806 2024 878">
     <span class='ocr_line' id='line_1_6' title="bbox 448 806 2024 878; baseline -0.002 -15"><span class='ocrx_word' id='word_1_30' title='bbox 448 823 589 878; x_wconf 85' lang='lat' dir='ltr'><strong>aqua</strong></span> <span class='ocrx_word' id='word_1_31' title='bbox 621 809 913 862; x_wconf 76' lang='lat' dir='ltr'><strong>adhibetur</strong></span> <span class='ocrx_word' id='word_1_32' title='bbox 944 823 1044 878; x_wconf 89' lang='lat' dir='ltr'><strong>pro</strong></span> <span class='ocrx_word' id='word_1_33' title='bbox 1076 809 1358 877; x_wconf 89' lang='lat' dir='ltr'><strong>sepultura</strong></span> <span class='ocrx_word' id='word_1_34' title='bbox 1387 825 1401 874; x_wconf 89' lang='lat'><strong>;</strong></span> <span class='ocrx_word' id='word_1_35' title='bbox 1431 808 1611 863; x_wconf 90' lang='lat' dir='ltr'><strong>oleum</strong></span> <span class='ocrx_word' id='word_1_36' title='bbox 1635 847 1648 870; x_wconf 94' lang='lat'><strong>,</strong></span> <span class='ocrx_word' id='word_1_37' title='bbox 1682 824 1782 877; x_wconf 91' lang='lat' dir='ltr'><strong>pro</strong></span> <span class='ocrx_word' id='word_1_38' title='bbox 1816 806 2024 877; x_wconf 91' lang='lat' dir='ltr'><strong>Spiritu</strong></span> 
     </span>
    </p>
   </div>
   <div class='ocr_carea' id='block_1_7' title="bbox 449 900 2026 970">
    <p class='ocr_par' dir='ltr' id='par_1_7' title="bbox 449 900 2026 970">
     <span class='ocr_line' id='line_1_7' title="bbox 449 900 2026 970; baseline -0.003 -14"><span class='ocrx_word' id='word_1_39' title='bbox 449 910 681 968; x_wconf 89' lang='lat' dir='ltr'><strong>sancto;</strong></span> <span class='ocrx_word' id='word_1_40' title='bbox 717 901 933 970; x_wconf 80' lang='lat' dir='ltr'><strong>signum</strong></span> <span class='ocrx_word' id='word_1_41' title='bbox 965 901 1179 962; x_wconf 88' lang='lat' dir='ltr'><strong>crucis,</strong></span> <span class='ocrx_word' id='word_1_42' title='bbox 1215 915 1314 969; x_wconf 93' lang='lat' dir='ltr'><strong>pro</strong></span> <span class='ocrx_word' id='word_1_43' title='bbox 1341 915 1506 954; x_wconf 83' lang='lat' dir='ltr'><strong>cruce</strong></span> <span class='ocrx_word' id='word_1_44' title='bbox 1537 920 1548 954; x_wconf 95' lang='lat'><strong>:</strong></span> <span class='ocrx_word' id='word_1_45' title='bbox 1583 900 1858 962; x_wconf 88' lang='lat' dir='ltr'><strong>chrisma,</strong></span> <span class='ocrx_word' id='word_1_46' title='bbox 1891 915 2026 954; x_wconf 82' lang='lat' dir='ltr'><strong>cou-</strong></span> 
     </span>
    </p>
   </div>
   <div class='ocr_carea' id='block_1_8' title="bbox 449 989 2026 1052">
    <p class='ocr_par' dir='ltr' id='par_1_8' title="bbox 449 989 2026 1052">
     <span class='ocr_line' id='line_1_8' title="bbox 449 989 2026 1052; baseline -0.002 -5"><span class='ocrx_word' id='word_1_47' title='bbox 449 993 684 1047; x_wconf 86' lang='lat' dir='ltr'><strong>lirmatio</strong></span> <span class='ocrx_word' id='word_1_48' title='bbox 710 1000 794 1046; x_wconf 89' lang='lat' dir='ltr'><strong>est</strong></span> <span class='ocrx_word' id='word_1_49' title='bbox 821 990 1190 1045; x_wconf 79' lang='lat' dir='ltr'><strong>confessionis</strong></span> <span class='ocrx_word' id='word_1_50' title='bbox 1216 1011 1228 1044; x_wconf 88' lang='lat'><strong>:</strong></span> <span class='ocrx_word' id='word_1_51' title='bbox 1262 989 1423 1044; x_wconf 89' lang='lat' dir='ltr'><strong>Pater</strong></span> <span class='ocrx_word' id='word_1_52' title='bbox 1452 998 1932 1052; x_wconf 83' lang='lat' dir='ltr'><strong>commemoratur,</strong></span> <span class='ocrx_word' id='word_1_53' title='bbox 1967 1000 2026 1044; x_wconf 91' lang='lat' dir='ltr'><strong>ut</strong></span> 
     </span>
    </p>
   </div>
   <div class='ocr_carea' id='block_1_9' title="bbox 449 1083 2024 1151">
    <p class='ocr_par' dir='ltr' id='par_1_9' title="bbox 449 1083 2024 1151">
     <span class='ocr_line' id='line_1_9' title="bbox 449 1083 2024 1151; baseline 0 -13"><span class='ocrx_word' id='word_1_54' title='bbox 449 1093 640 1140; x_wconf 86' lang='lat' dir='ltr'><strong>auctor</strong></span> <span class='ocrx_word' id='word_1_55' title='bbox 667 1099 731 1138; x_wconf 89' lang='lat' dir='ltr'><strong>ac</strong></span> <span class='ocrx_word' id='word_1_56' title='bbox 757 1085 988 1138; x_wconf 86' lang='lat' dir='ltr'><strong>emissor</strong></span> <span class='ocrx_word' id='word_1_57' title='bbox 1015 1101 1029 1148; x_wconf 89' lang='lat'>;</span> <span class='ocrx_word' id='word_1_58' title='bbox 1057 1083 1295 1151; x_wconf 87' lang='lat' dir='ltr'><strong>Spiritus</strong></span> <span class='ocrx_word' id='word_1_59' title='bbox 1324 1083 1714 1145; x_wconf 89' lang='lat' dir='ltr'><strong>coassumitur,</strong></span> <span class='ocrx_word' id='word_1_60' title='bbox 1745 1091 1806 1137; x_wconf 91' lang='lat' dir='ltr'><strong>ut</strong></span> <span class='ocrx_word' id='word_1_61' title='bbox 1836 1083 2024 1150; x_wconf 89' lang='lat' dir='ltr'><strong>testis;</strong></span> 
     </span>
    </p>
   </div>
   <div class='ocr_carea' id='block_1_10' title="bbox 450 1174 2022 1245">
    <p class='ocr_par' dir='ltr' id='par_1_10' title="bbox 450 1174 2022 1245">
     <span class='ocr_line' id='line_1_10' title="bbox 450 1174 2022 1245; baseline 0.001 -16"><span class='ocrx_word' id='word_1_62' title='bbox 450 1175 580 1230; x_wconf 91' lang='lat' dir='ltr'><strong>dum</strong></span> <span class='ocrx_word' id='word_1_63' title='bbox 625 1175 943 1243; x_wconf 81' lang='lat' dir='ltr'><strong>mergimur.</strong></span> <span class='ocrx_word' id='word_1_64' title='bbox 986 1176 1421 1241; x_wconf 82' lang='lat' dir='ltr'><strong>commorimur;</strong></span> <span class='ocrx_word' id='word_1_65' title='bbox 1467 1174 1597 1229; x_wconf 90' lang='lat' dir='ltr'><strong>dum</strong></span> <span class='ocrx_word' id='word_1_66' title='bbox 1646 1176 1980 1245; x_wconf 80' lang='lat' dir='ltr'><strong>enierginius</strong></span> <span class='ocrx_word' id='word_1_67' title='bbox 2007 1217 2022 1242; x_wconf 90' lang='lat'><strong>,</strong></span> 
     </span>
    </p>
   </div>
   <div class='ocr_carea' id='block_1_11' title="bbox 450 1265 2027 1336">
    <p class='ocr_par' dir='ltr' id='par_1_11' title="bbox 450 1265 2027 1336">
     <span class='ocr_line' id='line_1_11' title="bbox 450 1265 2027 1336; baseline -0.002 -13"><span class='ocrx_word' id='word_1_68' title='bbox 450 1269 907 1323; x_wconf 88' lang='lat' dir='ltr'><strong>consuscitainur.</strong></span> <span class='ocrx_word' id='word_1_69' title='bbox 963 1265 1124 1320; x_wconf 85' lang='lat' dir='ltr'><strong>Pater</strong></span> <span class='ocrx_word' id='word_1_70' title='bbox 1154 1275 1238 1320; x_wconf 89' lang='lat' dir='ltr'><strong>est</strong></span> <span class='ocrx_word' id='word_1_71' title='bbox 1265 1283 1428 1336; x_wconf 88' lang='lat' dir='ltr'><strong>super</strong></span> <span class='ocrx_word' id='word_1_72' title='bbox 1451 1267 1631 1320; x_wconf 86' lang='lat' dir='ltr'><strong>omnia</strong></span> <span class='ocrx_word' id='word_1_73' title='bbox 1659 1267 1800 1322; x_wconf 87' lang='lat' dir='ltr'><strong>Deus</strong></span> <span class='ocrx_word' id='word_1_74' title='bbox 1826 1286 1840 1334; x_wconf 93' lang='lat'><strong>;</strong></span> <span class='ocrx_word' id='word_1_75' title='bbox 1867 1267 2027 1323; x_wconf 92' lang='lat' dir='ltr'><strong>Chri-</strong></span> 
     </span>
    </p>
   </div>
   <div class='ocr_carea' id='block_1_12' title="bbox 452 1359 2026 1431">
    <p class='ocr_par' dir='ltr' id='par_1_12' title="bbox 452 1359 2026 1431">
     <span class='ocr_line' id='line_1_12' title="bbox 452 1359 2026 1431; baseline -0.001 -16"><span class='ocrx_word' id='word_1_76' title='bbox 452 1371 600 1423; x_wconf 88' lang='lat' dir='ltr'><strong>stus,</strong></span> <span class='ocrx_word' id='word_1_77' title='bbox 644 1361 958 1429; x_wconf 77' lang='lat' dir='ltr'><strong>unigenitus</strong></span> <span class='ocrx_word' id='word_1_78' title='bbox 998 1359 1171 1422; x_wconf 85' lang='lat' dir='ltr'><strong>Deus,</strong></span> <span class='ocrx_word' id='word_1_79' title='bbox 1213 1369 1267 1413; x_wconf 94' lang='lat' dir='ltr'><strong>et</strong></span> <span class='ocrx_word' id='word_1_80' title='bbox 1306 1359 1540 1415; x_wconf 91' lang='lat' dir='ltr'><strong>dilectus</strong></span> <span class='ocrx_word' id='word_1_81' title='bbox 1579 1359 1788 1425; x_wconf 81' lang='lat' dir='ltr'><strong>Filius,</strong></span> <span class='ocrx_word' id='word_1_82' title='bbox 1822 1369 1876 1415; x_wconf 90' lang='lat' dir='ltr'><strong>et</strong></span> <span class='ocrx_word' id='word_1_83' title='bbox 1909 1362 2026 1431; x_wconf 80' lang='lat' dir='ltr'><strong>glo-</strong></span> 
     </span>
    </p>
   </div>
   <div class='ocr_carea' id='block_1_13' title="bbox 451 1451 2021 1524">
    <p class='ocr_par' dir='ltr' id='par_1_13' title="bbox 451 1451 2021 1524">
     <span class='ocr_line' id='line_1_13' title="bbox 451 1451 2021 1524; baseline 0.001 -17"><span class='ocrx_word' id='word_1_84' title='bbox 451 1455 546 1507; x_wconf 80' lang='lat' dir='ltr'><strong>rize</strong></span> <span class='ocrx_word' id='word_1_85' title='bbox 583 1453 846 1507; x_wconf 91' lang='lat' dir='ltr'><strong>Dominus</strong></span> <span class='ocrx_word' id='word_1_86' title='bbox 875 1471 888 1516; x_wconf 85' lang='lat'><strong>;</strong></span> <span class='ocrx_word' id='word_1_87' title='bbox 927 1451 1173 1522; x_wconf 90' lang='lat' dir='ltr'><strong>Spiritus</strong></span> <span class='ocrx_word' id='word_1_88' title='bbox 1212 1462 1459 1518; x_wconf 86' lang='lat' dir='ltr'><strong>sanctus,</strong></span> <span class='ocrx_word' id='word_1_89' title='bbox 1488 1452 1833 1517; x_wconf 65' lang='lat' dir='ltr'><strong>ParacIc-tus,</strong></span> <span class='ocrx_word' id='word_1_90' title='bbox 1867 1456 1957 1524; x_wconf 91' lang='lat' dir='ltr'><strong>qui</strong></span> <span class='ocrx_word' id='word_1_91' title='bbox 1992 1471 2021 1508; x_wconf 92' lang='lat' dir='ltr'><strong>a</strong></span> 
     </span>
    </p>
   </div>
   <div class='ocr_carea' id='block_1_14' title="bbox 446 1545 2026 1618">
    <p class='ocr_par' dir='ltr' id='par_1_14' title="bbox 446 1545 2026 1618">
     <span class='ocr_line' id='line_1_14' title="bbox 446 1545 2026 1618; baseline 0.001 -18"><span class='ocrx_word' id='word_1_92' title='bbox 446 1545 667 1600; x_wconf 85' lang='lat' dir='ltr'><strong>Christo</strong></span> <span class='ocrx_word' id='word_1_93' title='bbox 699 1546 931 1598; x_wconf 87' lang='lat' dir='ltr'><strong>mittitur</strong></span> <span class='ocrx_word' id='word_1_94' title='bbox 965 1563 1027 1600; x_wconf 88' lang='lat' dir='ltr'><strong>ac</strong></span> <span class='ocrx_word' id='word_1_95' title='bbox 1057 1545 1306 1609; x_wconf 90' lang='lat' dir='ltr'><strong>docetur,</strong></span> <span class='ocrx_word' id='word_1_96' title='bbox 1339 1546 1542 1616; x_wconf 82' lang='lat' dir='ltr'><strong>quique</strong></span> <span class='ocrx_word' id='word_1_97' title='bbox 1573 1546 1853 1602; x_wconf 82' lang='lat' dir='ltr'><strong>Christum</strong></span> <span class='ocrx_word' id='word_1_98' title='bbox 1888 1563 2026 1618; x_wconf 71' lang='lat' dir='ltr'><strong>prte-</strong></span> 
     </span>
    </p>
   </div>
   <div class='ocr_carea' id='block_1_15' title="bbox 447 1639 695 1694">
    <p class='ocr_par' dir='ltr' id='par_1_15' title="bbox 447 1639 695 1694">
     <span class='ocr_line' id='line_1_15' title="bbox 447 1639 695 1694; baseline 0 0"><span class='ocrx_word' id='word_1_99' title='bbox 447 1640 594 1694; x_wconf 87' lang='lat' dir='ltr'><strong>dicat</strong></span> <span class='ocrx_word' id='word_1_100' title='bbox 626 1639 695 1694; x_wconf 77' lang='lat'><strong>&quot;.</strong></span> 
     </span>
    </p>
   </div>
   <div class='ocr_carea' id='block_1_16' title="bbox 1012 1817 1461 1876">
    <p class='ocr_par' dir='ltr' id='par_1_16' title="bbox 1012 1817 1461 1876">
     <span class='ocr_line' id='line_1_16' title="bbox 1012 1817 1461 1876; baseline 0.009 -4"><span class='ocrx_word' id='word_1_101' title='bbox 1012 1817 1242 1872; x_wconf 86' lang='lat' dir='ltr'><strong>CAPUT</strong></span> <span class='ocrx_word' id='word_1_102' title='bbox 1272 1818 1461 1876; x_wconf 76' lang='lat' dir='ltr'><strong>XVIII.</strong></span> 
     </span>
    </p>
   </div>
   <div class='ocr_carea' id='block_1_17' title="bbox 652 1909 1832 1980">
    <p class='ocr_par' dir='ltr' id='par_1_17' title="bbox 652 1909 1832 1980">
     <span class='ocr_line' id='line_1_17' title="bbox 652 1909 1832 1980; baseline 0.004 -18"><span class='ocrx_word' id='word_1_103' title='bbox 652 1910 843 1977; x_wconf 80' lang='lat' dir='ltr'><strong>Qualis</strong></span> <span class='ocrx_word' id='word_1_104' title='bbox 883 1927 995 1964; x_wconf 88' lang='lat' dir='ltr'><strong>csse</strong></span> <span class='ocrx_word' id='word_1_105' title='bbox 1035 1909 1220 1964; x_wconf 86' lang='lat' dir='ltr'><strong>debeat</strong></span> <span class='ocrx_word' id='word_1_106' title='bbox 1263 1911 1524 1980; x_wconf 84' lang='lat' dir='ltr'><strong>baptismo</strong></span> <span class='ocrx_word' id='word_1_107' title='bbox 1566 1912 1832 1969; x_wconf 80' lang='lat' dir='ltr'><strong>initiatus.</strong></span> 
     </span>
    </p>
   </div>
   <div class='ocr_carea' id='block_1_18' title="bbox 521 2003 2028 2074">
    <p class='ocr_par' dir='ltr' id='par_1_18' title="bbox 521 2003 2028 2074">
     <span class='ocr_line' id='line_1_18' title="bbox 521 2003 2028 2074; baseline 0.001 -16"><span class='ocrx_word' id='word_1_108' title='bbox 521 2005 566 2034; x_wconf 83' lang='lat'>“</span> <span class='ocrx_word' id='word_1_109' title='bbox 593 2004 862 2058; x_wconf 75' lang='lat' dir='ltr'><strong>Czeterum</strong></span> <span class='ocrx_word' id='word_1_110' title='bbox 891 2003 984 2073; x_wconf 93' lang='lat' dir='ltr'><strong>qui</strong></span> <span class='ocrx_word' id='word_1_111' title='bbox 1013 2003 1344 2072; x_wconf 87' lang='lat' dir='ltr'><strong>baptizatur,</strong></span> <span class='ocrx_word' id='word_1_112' title='bbox 1375 2020 1432 2058; x_wconf 93' lang='lat' dir='ltr'><strong>se</strong></span> <span class='ocrx_word' id='word_1_113' title='bbox 1458 2012 1676 2074; x_wconf 65' lang='lat' dir='ltr'><strong>praestet</strong></span> <span class='ocrx_word' id='word_1_114' title='bbox 1700 2005 1936 2059; x_wconf 89' lang='lat' dir='ltr'><strong>alienum</strong></span> <span class='ocrx_word' id='word_1_115' title='bbox 1961 2006 2028 2059; x_wconf 88' lang='lat' dir='ltr'><strong>ab</strong></span> 
     </span>
    </p>
   </div>
   <div class='ocr_carea' id='block_1_19' title="bbox 449 2093 2026 2165">
    <p class='ocr_par' dir='ltr' id='par_1_19' title="bbox 449 2093 2026 2165">
     <span class='ocr_line' id='line_1_19' title="bbox 449 2093 2026 2165; baseline 0.001 -16"><span class='ocrx_word' id='word_1_116' title='bbox 449 2095 598 2149; x_wconf 92' lang='lat' dir='ltr'><strong>omni</strong></span> <span class='ocrx_word' id='word_1_117' title='bbox 631 2095 938 2164; x_wconf 86' lang='lat' dir='ltr'><strong>impietate,</strong></span> <span class='ocrx_word' id='word_1_118' title='bbox 971 2093 1299 2149; x_wconf 85' lang='lat' dir='ltr'><strong>ineilicacem</strong></span> <span class='ocrx_word' id='word_1_119' title='bbox 1333 2096 1400 2148; x_wconf 89' lang='lat' dir='ltr'><strong>ad</strong></span> <span class='ocrx_word' id='word_1_120' title='bbox 1435 2105 1716 2165; x_wconf 87' lang='lat' dir='ltr'><strong>peccatum</strong></span> <span class='ocrx_word' id='word_1_121' title='bbox 1740 2136 1754 2160; x_wconf 96' lang='lat'><strong>,</strong></span> <span class='ocrx_word' id='word_1_122' title='bbox 1790 2097 2026 2150; x_wconf 90' lang='lat' dir='ltr'><strong>amicum</strong></span> 
     </span>
    </p>
   </div>
   <div class='ocr_carea' id='block_1_20' title="bbox 451 2186 2026 2254">
    <p class='ocr_par' dir='ltr' id='par_1_20' title="bbox 451 2186 2026 2254">
     <span class='ocr_line' id='line_1_20' title="bbox 451 2186 2026 2254; baseline 0.002 -14"><span class='ocrx_word' id='word_1_123' title='bbox 451 2187 582 2251; x_wconf 88' lang='lat' dir='ltr'><strong>Dei,</strong></span> <span class='ocrx_word' id='word_1_124' title='bbox 620 2187 835 2241; x_wconf 87' lang='lat' dir='ltr'><strong>hostem</strong></span> <span class='ocrx_word' id='word_1_125' title='bbox 876 2186 1116 2254; x_wconf 90' lang='lat' dir='ltr'><strong>diaboli,</strong></span> <span class='ocrx_word' id='word_1_126' title='bbox 1151 2188 1420 2242; x_wconf 69' lang='lat' dir='ltr'><strong>baaredem</strong></span> <span class='ocrx_word' id='word_1_127' title='bbox 1459 2187 1553 2242; x_wconf 85' lang='lat' dir='ltr'><strong>Dei</strong></span> <span class='ocrx_word' id='word_1_128' title='bbox 1592 2188 1807 2253; x_wconf 88' lang='lat' dir='ltr'><strong>Patris,</strong></span> <span class='ocrx_word' id='word_1_129' title='bbox 1841 2199 1895 2243; x_wconf 90' lang='lat' dir='ltr'><strong>et</strong></span> <span class='ocrx_word' id='word_1_130' title='bbox 1929 2205 2026 2243; x_wconf 89' lang='lat' dir='ltr'><strong>co-</strong></span> 
     </span>
    </p>
   </div>
   <div class='ocr_carea' id='block_1_21' title="bbox 449 2279 2028 2350">
    <p class='ocr_par' dir='ltr' id='par_1_21' title="bbox 449 2279 2028 2350">
     <span class='ocr_line' id='line_1_21' title="bbox 449 2279 2028 2350; baseline 0 -16"><span class='ocrx_word' id='word_1_131' title='bbox 449 2280 717 2334; x_wconf 65' lang='lat' dir='ltr'><strong>harredem</strong></span> <span class='ocrx_word' id='word_1_132' title='bbox 753 2279 874 2333; x_wconf 88' lang='lat' dir='ltr'><strong>Filii</strong></span> <span class='ocrx_word' id='word_1_133' title='bbox 904 2280 1027 2348; x_wconf 89' lang='lat' dir='ltr'><strong>ejus</strong></span> <span class='ocrx_word' id='word_1_134' title='bbox 1057 2299 1070 2346; x_wconf 91' lang='lat'><strong>;</strong></span> <span class='ocrx_word' id='word_1_135' title='bbox 1113 2297 1347 2350; x_wconf 88' lang='lat' dir='ltr'><strong>eumque</strong></span> <span class='ocrx_word' id='word_1_136' title='bbox 1378 2282 1471 2350; x_wconf 91' lang='lat' dir='ltr'><strong>qui</strong></span> <span class='ocrx_word' id='word_1_137' title='bbox 1503 2282 1897 2336; x_wconf 83' lang='lat' dir='ltr'><strong>renuntiaverit</strong></span> <span class='ocrx_word' id='word_1_138' title='bbox 1929 2281 2028 2334; x_wconf 89' lang='lat' dir='ltr'><strong>Sa—</strong></span> 
     </span>
    </p>
   </div>
   <div class='ocr_carea' id='block_1_22' title="bbox 449 2371 2024 2440">
    <p class='ocr_par' dir='ltr' id='par_1_22' title="bbox 449 2371 2024 2440">
     <span class='ocr_line' id='line_1_22' title="bbox 449 2371 2024 2440; baseline 0.003 -16"><span class='ocrx_word' id='word_1_139' title='bbox 449 2379 624 2434; x_wconf 63' lang='lat' dir='ltr'><strong>tanae,</strong></span> <span class='ocrx_word' id='word_1_140' title='bbox 656 2371 912 2440; x_wconf 88' lang='lat' dir='ltr'><strong>illiusque</strong></span> <span class='ocrx_word' id='word_1_141' title='bbox 939 2372 1279 2426; x_wconf 63' lang='lat' dir='ltr'><strong>daemonibus</strong></span> <span class='ocrx_word' id='word_1_142' title='bbox 1309 2388 1373 2426; x_wconf 87' lang='lat' dir='ltr'><strong>ac</strong></span> <span class='ocrx_word' id='word_1_143' title='bbox 1403 2372 1655 2428; x_wconf 84' lang='lat' dir='ltr'><strong>fallaciis.</strong></span> <span class='ocrx_word' id='word_1_144' title='bbox 1689 2372 1769 2426; x_wconf 86' lang='lat' dir='ltr'><strong>Sit</strong></span> <span class='ocrx_word' id='word_1_145' title='bbox 1802 2382 2024 2438; x_wconf 90' lang='lat' dir='ltr'><strong>castus,</strong></span> 
     </span>
    </p>
   </div>
   <div class='ocr_carea' id='block_1_23' title="bbox 451 2462 2025 2533">
    <p class='ocr_par' dir='ltr' id='par_1_23' title="bbox 451 2462 2025 2533">
     <span class='ocr_line' id='line_1_23' title="bbox 451 2462 2025 2533; baseline 0.003 -18"><span class='ocrx_word' id='word_1_146' title='bbox 451 2479 658 2533; x_wconf 84' lang='lat' dir='ltr'><strong>purus,</strong></span> <span class='ocrx_word' id='word_1_147' title='bbox 709 2472 970 2526; x_wconf 88' lang='lat' dir='ltr'><strong>sanctus,</strong></span> <span class='ocrx_word' id='word_1_148' title='bbox 1013 2462 1123 2518; x_wconf 91' lang='lat' dir='ltr'><strong>Deo</strong></span> <span class='ocrx_word' id='word_1_149' title='bbox 1154 2465 1366 2519; x_wconf 89' lang='lat' dir='ltr'><strong>amicus</strong></span> <span class='ocrx_word' id='word_1_150' title='bbox 1393 2503 1408 2528; x_wconf 90' lang='lat'><strong>,</strong></span> <span class='ocrx_word' id='word_1_151' title='bbox 1444 2465 1588 2520; x_wconf 86' lang='lat' dir='ltr'><strong>ﬁlius</strong></span> <span class='ocrx_word' id='word_1_152' title='bbox 1635 2464 1728 2518; x_wconf 86' lang='lat' dir='ltr'><strong>Dei</strong></span> <span class='ocrx_word' id='word_1_153' title='bbox 1760 2482 1774 2531; x_wconf 88' lang='lat'>;</span> <span class='ocrx_word' id='word_1_154' title='bbox 1817 2481 1984 2519; x_wconf 82' lang='lat' dir='ltr'><strong>orans</strong></span> <span class='ocrx_word' id='word_1_155' title='bbox 2009 2505 2025 2528; x_wconf 94' lang='lat'><strong>,</strong></span> 
     </span>
    </p>
   </div>
   <div class='ocr_carea' id='block_1_24' title="bbox 451 2555 2028 2625">
    <p class='ocr_par' dir='ltr' id='par_1_24' title="bbox 451 2555 2028 2625">
     <span class='ocr_line' id='line_1_24' title="bbox 451 2555 2028 2625; baseline 0.002 -18"><span class='ocrx_word' id='word_1_156' title='bbox 451 2563 714 2624; x_wconf 80' lang='lat' dir='ltr'><strong>tanquam</strong></span> <span class='ocrx_word' id='word_1_157' title='bbox 752 2555 897 2608; x_wconf 83' lang='lat' dir='ltr'><strong>illius</strong></span> <span class='ocrx_word' id='word_1_158' title='bbox 936 2564 1147 2624; x_wconf 85' lang='lat' dir='ltr'><strong>patrem</strong></span> <span class='ocrx_word' id='word_1_159' title='bbox 1181 2573 1194 2621; x_wconf 90' lang='lat'><strong>;</strong></span> <span class='ocrx_word' id='word_1_160' title='bbox 1255 2565 1418 2625; x_wconf 88' lang='lat' dir='ltr'><strong>atque</strong></span> <span class='ocrx_word' id='word_1_161' title='bbox 1456 2556 1560 2610; x_wconf 90' lang='lat' dir='ltr'><strong>hoc</strong></span> <span class='ocrx_word' id='word_1_162' title='bbox 1603 2557 1762 2608; x_wconf 85' lang='lat' dir='ltr'><strong>modo</strong></span> <span class='ocrx_word' id='word_1_163' title='bbox 1790 2593 1803 2617; x_wconf 94' lang='lat'><strong>,</strong></span> <span class='ocrx_word' id='word_1_164' title='bbox 1866 2557 2028 2610; x_wconf 73' lang='lat' dir='ltr'><strong>veluti</strong></span> 
     </span>
    </p>
   </div>
   <div class='ocr_carea' id='block_1_25' title="bbox 449 2646 2024 2717">
    <p class='ocr_par' dir='ltr' id='par_1_25' title="bbox 449 2646 2024 2717">
     <span class='ocr_line' id='line_1_25' title="bbox 449 2646 2024 2717; baseline 0.001 -17"><span class='ocrx_word' id='word_1_165' title='bbox 449 2648 670 2700; x_wconf 87' lang='lat' dir='ltr'><strong>nomine</strong></span> <span class='ocrx_word' id='word_1_166' title='bbox 716 2648 1026 2702; x_wconf 85' lang='lat' dir='ltr'><strong>communis</strong></span> <span class='ocrx_word' id='word_1_167' title='bbox 1099 2646 1338 2701; x_wconf 84' lang='lat' dir='ltr'><strong>ﬁdelium</strong></span> <span class='ocrx_word' id='word_1_168' title='bbox 1389 2657 1602 2710; x_wconf 73' lang='lat' dir='ltr'><strong>uetus,</strong></span> <span class='ocrx_word' id='word_1_169' title='bbox 1652 2649 2024 2717; x_wconf 87' lang='lat' dir='ltr'><strong>proloquens:</strong></span> 
     </span>
    </p>
   </div>
   <div class='ocr_carea' id='block_1_26' title="bbox 455 2737 2020 2808">
    <p class='ocr_par' dir='ltr' id='par_1_26' title="bbox 455 2737 2020 2808">
     <span class='ocr_line' id='line_1_26' title="bbox 455 2737 2020 2808; baseline 0.004 -21"><span class='ocrx_word' id='word_1_170' title='bbox 455 2757 476 2787; x_wconf 70' lang='grc' dir='ltr'>ι</span> <span class='ocrx_word' id='word_1_171' title='bbox 507 2737 666 2792; x_wconf 84' lang='lat' dir='ltr'><strong>Pater</strong></span> <span class='ocrx_word' id='word_1_172' title='bbox 696 2745 903 2799; x_wconf 88' lang='lat' dir='ltr'><strong>noster,</strong></span> <span class='ocrx_word' id='word_1_173' title='bbox 934 2739 1026 2808; x_wconf 91' lang='lat' dir='ltr'><strong>qui</strong></span> <span class='ocrx_word' id='word_1_174' title='bbox 1055 2755 1116 2793; x_wconf 93' lang='lat' dir='ltr'><strong>es</strong></span> <span class='ocrx_word' id='word_1_175' title='bbox 1147 2739 1201 2793; x_wconf 92' lang='lat' dir='ltr'><strong>in</strong></span> <span class='ocrx_word' id='word_1_176' title='bbox 1233 2740 2020 2803; x_wconf 64' lang='lat' dir='ltr'><strong>caelis,sanetiﬁceturnomen</strong></span> 
     </span>
    </p>
   </div>
   <div class='ocr_carea' id='block_1_27' title="bbox 454 2829 2024 2900">
    <p class='ocr_par' dir='ltr' id='par_1_27' title="bbox 454 2829 2024 2900">
     <span class='ocr_line' id='line_1_27' title="bbox 454 2829 2024 2900; baseline 0 -18"><span class='ocrx_word' id='word_1_177' title='bbox 454 2837 608 2883; x_wconf 89' lang='lat' dir='ltr'><strong>tuum</strong></span> <span class='ocrx_word' id='word_1_178' title='bbox 635 2847 650 2896; x_wconf 90' lang='lat'><strong>;</strong></span> <span class='ocrx_word' id='word_1_179' title='bbox 682 2829 934 2883; x_wconf 86' lang='lat' dir='ltr'><strong>adveniat</strong></span> <span class='ocrx_word' id='word_1_180' title='bbox 965 2846 1190 2900; x_wconf 85' lang='lat' dir='ltr'><strong>regnum</strong></span> <span class='ocrx_word' id='word_1_181' title='bbox 1224 2843 1374 2884; x_wconf 91' lang='lat' dir='ltr'><strong>tuum</strong></span> <span class='ocrx_word' id='word_1_182' title='bbox 1404 2851 1418 2896; x_wconf 89' lang='lat'><strong>;</strong></span> <span class='ocrx_word' id='word_1_183' title='bbox 1467 2832 1558 2884; x_wconf 83' lang='lat' dir='ltr'><strong>ﬁat</strong></span> <span class='ocrx_word' id='word_1_184' title='bbox 1599 2831 1854 2884; x_wconf 78' lang='lat' dir='ltr'><strong>voluntas</strong></span> <span class='ocrx_word' id='word_1_185' title='bbox 1898 2838 1990 2883; x_wconf 88' lang='lat' dir='ltr'><strong>tua</strong></span> <span class='ocrx_word' id='word_1_186' title='bbox 2011 2871 2024 2894; x_wconf 93' lang='lat'><strong>,</strong></span> 
     </span>
    </p>
   </div>
   <div class='ocr_carea' id='block_1_28' title="bbox 455 2921 2026 2992">
    <p class='ocr_par' dir='ltr' id='par_1_28' title="bbox 455 2921 2026 2992">
     <span class='ocr_line' id='line_1_28' title="bbox 455 2921 2026 2992; baseline -0.001 -15"><span class='ocrx_word' id='word_1_187' title='bbox 455 2922 601 2977; x_wconf 72' lang='lat' dir='ltr'><strong>sicut</strong></span> <span class='ocrx_word' id='word_1_188' title='bbox 631 2921 685 2975; x_wconf 92' lang='lat' dir='ltr'><strong>in</strong></span> <span class='ocrx_word' id='word_1_189' title='bbox 713 2923 852 2976; x_wconf 74' lang='lat' dir='ltr'><strong>cmlo</strong></span> <span class='ocrx_word' id='word_1_190' title='bbox 872 2961 887 2983; x_wconf 90' lang='lat'><strong>,</strong></span> <span class='ocrx_word' id='word_1_191' title='bbox 922 2930 975 2975; x_wconf 90' lang='lat' dir='ltr'><strong>et</strong></span> <span class='ocrx_word' id='word_1_192' title='bbox 1005 2923 1058 2975; x_wconf 90' lang='lat' dir='ltr'><strong>in</strong></span> <span class='ocrx_word' id='word_1_193' title='bbox 1091 2931 1237 2976; x_wconf 88' lang='lat' dir='ltr'><strong>terra</strong></span> <span class='ocrx_word' id='word_1_194' title='bbox 1267 2942 1278 2978; x_wconf 89' lang='lat'>:</span> <span class='ocrx_word' id='word_1_195' title='bbox 1315 2939 1509 2992; x_wconf 89' lang='lat' dir='ltr'><strong>panem</strong></span> <span class='ocrx_word' id='word_1_196' title='bbox 1549 2932 1801 2977; x_wconf 89' lang='lat' dir='ltr'><strong>nostrum</strong></span> <span class='ocrx_word' id='word_1_197' title='bbox 1842 2923 2026 2991; x_wconf 89' lang='lat' dir='ltr'><strong>quoti-</strong></span> 
     </span>
    </p>
   </div>
   <div class='ocr_carea' id='block_1_29' title="bbox 455 3012 2027 3068">
    <p class='ocr_par' dir='ltr' id='par_1_29' title="bbox 455 3012 2027 3068">
     <span class='ocr_line' id='line_1_29' title="bbox 455 3012 2027 3068; baseline -0.001 -1"><span class='ocrx_word' id='word_1_198' title='bbox 455 3012 679 3067; x_wconf 89' lang='lat' dir='ltr'><strong>dianum</strong></span> <span class='ocrx_word' id='word_1_199' title='bbox 723 3015 790 3068; x_wconf 92' lang='lat' dir='ltr'><strong>da</strong></span> <span class='ocrx_word' id='word_1_200' title='bbox 832 3014 994 3068; x_wconf 88' lang='lat' dir='ltr'><strong>nobis</strong></span> <span class='ocrx_word' id='word_1_201' title='bbox 1038 3014 1238 3068; x_wconf 89' lang='lat' dir='ltr'><strong>hodie:</strong></span> <span class='ocrx_word' id='word_1_202' title='bbox 1279 3023 1332 3068; x_wconf 89' lang='lat' dir='ltr'><strong>et</strong></span> <span class='ocrx_word' id='word_1_203' title='bbox 1378 3015 1589 3068; x_wconf 87' lang='lat' dir='ltr'><strong>dimitte</strong></span> <span class='ocrx_word' id='word_1_204' title='bbox 1635 3015 1795 3068; x_wconf 85' lang='lat' dir='ltr'><strong>nobis</strong></span> <span class='ocrx_word' id='word_1_205' title='bbox 1845 3013 2027 3067; x_wconf 88' lang='lat' dir='ltr'><strong>debita</strong></span> 
     </span>
    </p>
   </div>
   <div class='ocr_carea' id='block_1_30' title="bbox 458 3105 2095 3194">
    <p class='ocr_par' dir='ltr' id='par_1_30' title="bbox 458 3105 2095 3194">
     <span class='ocr_line' id='line_1_30' title="bbox 458 3105 2095 3194; baseline -0.002 -35"><span class='ocrx_word' id='word_1_206' title='bbox 458 3112 689 3170; x_wconf 83' lang='lat' dir='ltr'><strong>nostra;</strong></span> <span class='ocrx_word' id='word_1_207' title='bbox 737 3106 880 3159; x_wconf 89' lang='lat' dir='ltr'><strong>sicut</strong></span> <span class='ocrx_word' id='word_1_208' title='bbox 921 3113 975 3160; x_wconf 92' lang='lat' dir='ltr'><strong>et</strong></span> <span class='ocrx_word' id='word_1_209' title='bbox 1019 3121 1120 3160; x_wconf 91' lang='lat' dir='ltr'><strong>nos</strong></span> <span class='ocrx_word' id='word_1_210' title='bbox 1167 3106 1494 3161; x_wconf 89' lang='lat' dir='ltr'><strong>dimittimus</strong></span> <span class='ocrx_word' id='word_1_211' title='bbox 1536 3105 1874 3161; x_wconf 85' lang='lat' dir='ltr'><strong>debitoribus</strong></span> <span class='ocrx_word' id='word_1_212' title='bbox 1923 3121 2024 3158; x_wconf 90' lang='lat' dir='ltr'><strong>no-</strong></span> <span class='ocrx_word' id='word_1_213' title='bbox 2053 3138 2095 3194; x_wconf 62' lang='grc' dir='ltr'>ε</span> 
     </span>
    </p>
   </div>
   <div class='ocr_carea' id='block_1_31' title="bbox 453 3196 2025 3265">
    <p class='ocr_par' dir='ltr' id='par_1_31' title="bbox 453 3196 2025 3265">
     <span class='ocr_line' id='line_1_31' title="bbox 453 3196 2025 3265; baseline 0.001 -15"><span class='ocrx_word' id='word_1_214' title='bbox 453 3196 586 3251; x_wconf 89' lang='lat' dir='ltr'><strong>stris</strong></span> <span class='ocrx_word' id='word_1_215' title='bbox 614 3216 626 3250; x_wconf 92' lang='lat'>:</span> <span class='ocrx_word' id='word_1_216' title='bbox 657 3207 711 3252; x_wconf 93' lang='lat' dir='ltr'><strong>et</strong></span> <span class='ocrx_word' id='word_1_217' title='bbox 735 3213 801 3250; x_wconf 88' lang='lat' dir='ltr'><strong>ne</strong></span> <span class='ocrx_word' id='word_1_218' title='bbox 827 3213 927 3251; x_wconf 92' lang='lat' dir='ltr'><strong>nos</strong></span> <span class='ocrx_word' id='word_1_219' title='bbox 956 3198 1185 3252; x_wconf 88' lang='lat' dir='ltr'><strong>inducas</strong></span> <span class='ocrx_word' id='word_1_220' title='bbox 1213 3199 1266 3251; x_wconf 92' lang='lat' dir='ltr'><strong>in</strong></span> <span class='ocrx_word' id='word_1_221' title='bbox 1301 3200 1654 3254; x_wconf 87' lang='lat' dir='ltr'><strong>tentationem</strong></span> <span class='ocrx_word' id='word_1_222' title='bbox 1676 3241 1690 3265; x_wconf 94' lang='lat'><strong>,</strong></span> <span class='ocrx_word' id='word_1_223' title='bbox 1727 3198 1821 3253; x_wconf 90' lang='lat' dir='ltr'><strong>sed</strong></span> <span class='ocrx_word' id='word_1_224' title='bbox 1857 3199 2025 3252; x_wconf 88' lang='lat' dir='ltr'><strong>libera</strong></span> 
     </span>
    </p>
   </div>
   <div class='ocr_carea' id='block_1_32' title="bbox 451 3289 2021 3362">
    <p class='ocr_par' dir='ltr' id='par_1_32' title="bbox 451 3289 2021 3362">
     <span class='ocr_line' id='line_1_32' title="bbox 451 3289 2021 3362; baseline -0.001 -20"><span class='ocrx_word' id='word_1_225' title='bbox 451 3303 552 3342; x_wconf 86' lang='lat' dir='ltr'><strong>nos</strong></span> <span class='ocrx_word' id='word_1_226' title='bbox 583 3303 612 3341; x_wconf 90' lang='lat' dir='ltr'><strong>a</strong></span> <span class='ocrx_word' id='word_1_227' title='bbox 645 3289 830 3343; x_wconf 89' lang='lat' dir='ltr'><strong>malo:</strong></span> <span class='ocrx_word' id='word_1_228' title='bbox 883 3291 1010 3358; x_wconf 90' lang='lat' dir='ltr'><strong>quia</strong></span> <span class='ocrx_word' id='word_1_229' title='bbox 1060 3298 1212 3344; x_wconf 91' lang='lat' dir='ltr'><strong>tuum</strong></span> <span class='ocrx_word' id='word_1_230' title='bbox 1245 3297 1331 3347; x_wconf 88' lang='lat' dir='ltr'><strong>est</strong></span> <span class='ocrx_word' id='word_1_231' title='bbox 1365 3306 1624 3362; x_wconf 74' lang='lat' dir='ltr'><strong>regnum,</strong></span> <span class='ocrx_word' id='word_1_232' title='bbox 1660 3299 1714 3346; x_wconf 90' lang='lat' dir='ltr'><strong>et</strong></span> <span class='ocrx_word' id='word_1_233' title='bbox 1747 3289 2021 3361; x_wconf 88' lang='lat' dir='ltr'><strong>potentia,</strong></span> 
     </span>
    </p>
   </div>
   <div class='ocr_carea' id='block_1_33' title="bbox 447 3380 1453 3449">
    <p class='ocr_par' dir='ltr' id='par_1_33' title="bbox 447 3380 1453 3449">
     <span class='ocr_line' id='line_1_33' title="bbox 447 3380 1453 3449; baseline -0.004 -13"><span class='ocrx_word' id='word_1_234' title='bbox 447 3387 505 3436; x_wconf 85' lang='lat' dir='ltr'><strong>et</strong></span> <span class='ocrx_word' id='word_1_235' title='bbox 533 3381 701 3449; x_wconf 78' lang='lat' dir='ltr'><strong>gloria</strong></span> <span class='ocrx_word' id='word_1_236' title='bbox 725 3421 740 3445; x_wconf 96' lang='lat'><strong>,</strong></span> <span class='ocrx_word' id='word_1_237' title='bbox 771 3383 825 3435; x_wconf 93' lang='lat' dir='ltr'><strong>in</strong></span> <span class='ocrx_word' id='word_1_238' title='bbox 861 3382 1085 3437; x_wconf 68' lang='lat' dir='ltr'><strong>smcula.</strong></span> <span class='ocrx_word' id='word_1_239' title='bbox 1117 3380 1289 3436; x_wconf 84' lang='lat' dir='ltr'><strong>Amen</strong></span> <span class='ocrx_word' id='word_1_240' title='bbox 1321 3383 1390 3437; x_wconf 80' lang='lat'><strong>”.</strong></span> <span class='ocrx_word' id='word_1_241' title='bbox 1432 3397 1453 3432; x_wconf 78' lang='grc' dir='ltr'><strong>ι</strong></span> 
     </span>
    </p>
   </div>
   <div class='ocr_carea' id='block_1_34' title="bbox 521 3513 973 3579">
    <p class='ocr_par' dir='ltr' id='par_1_34' title="bbox 521 3513 973 3579">
     <span class='ocr_line' id='line_1_34' title="bbox 521 3513 973 3579; baseline 0.011 -13"><span class='ocrx_word' id='word_1_242' title='bbox 521 3515 569 3547; x_wconf 73' lang='grc'><strong>’⁸</strong></span> <span class='ocrx_word' id='word_1_243' title='bbox 606 3513 763 3571; x_wconf 84' lang='lat' dir='ltr'><strong>Rom.</strong></span> <span class='ocrx_word' id='word_1_244' title='bbox 795 3533 886 3579; x_wconf 80' lang='lat' dir='ltr'><strong>Vl,</strong></span> <span class='ocrx_word' id='word_1_245' title='bbox 922 3519 973 3572; x_wconf 74' lang='grc' dir='ltr'>ὅ.</span> 
     </span>
    </p>
   </div>
   <div class='ocr_carea' id='block_1_35' title="bbox 453 3584 1014 3653">
    <p class='ocr_par' dir='ltr' id='par_1_35' title="bbox 453 3584 1014 3653">
     <span class='ocr_line' id='line_1_35' title="bbox 453 3584 1014 3653; baseline 0.007 -15"><span class='ocrx_word' id='word_1_246' title='bbox 453 3584 507 3639; x_wconf 77' lang='grc'>1.</span> <span class='ocrx_word' id='word_1_247' title='bbox 531 3587 575 3617; x_wconf 75' lang='grc'><strong>’³</strong></span> <span class='ocrx_word' id='word_1_248' title='bbox 616 3585 807 3643; x_wconf 85' lang='lat' dir='ltr'><strong>Matth.</strong></span> <span class='ocrx_word' id='word_1_249' title='bbox 841 3604 924 3653; x_wconf 79' lang='lat' dir='ltr'><strong>Vl,</strong></span> <span class='ocrx_word' id='word_1_250' title='bbox 960 3588 1014 3642; x_wconf 91' lang='lat'><strong>9.</strong></span> 
     </span>
    </p>
   </div>
   <div class='ocr_carea' id='block_1_36' title="bbox 1299 275 2822 339">
    <p class='ocr_par' dir='ltr' id='par_1_36' title="bbox 1299 275 2822 339">
     <span class='ocr_line' id='line_1_36' title="bbox 1299 275 2822 339; baseline -0.003 -4"><span class='ocrx_word' id='word_1_251' title='bbox 1299 280 1356 335; x_wconf 94' lang='lat' dir='ltr'><strong>S.</strong></span> <span class='ocrx_word' id='word_1_252' title='bbox 1397 277 1794 339; x_wconf 69' lang='lat' dir='ltr'><strong>CLEMENTIS</strong></span> <span class='ocrx_word' id='word_1_253' title='bbox 1834 278 1853 332; x_wconf 92' lang='lat' dir='ltr'><strong>l</strong></span> <span class='ocrx_word' id='word_1_254' title='bbox 1893 278 2058 334; x_wconf 63' lang='lat' dir='ltr'><strong>R031.</strong></span> <span class='ocrx_word' id='word_1_255' title='bbox 2085 277 2288 333; x_wconf 77' lang='lat' dir='ltr'><strong>PONT.</strong></span> <span class='ocrx_word' id='word_1_256' title='bbox 2329 276 2559 332; x_wconf 73' lang='lat' dir='ltr'><strong>OPERA</strong></span> <span class='ocrx_word' id='word_1_257' title='bbox 2596 275 2822 332; x_wconf 64' lang='grc' dir='ltr'>υυιιιι.</span> 
     </span>
    </p>
   </div>
   <div class='ocr_carea' id='block_1_37' title="bbox 2057 413 2105 470">
    <p class='ocr_par' dir='ltr' id='par_1_37' title="bbox 2057 413 2105 470">
     <span class='ocr_line' id='line_1_37' title="bbox 2057 413 2105 470; baseline 0 0"><span class='ocrx_word' id='word_1_258' title='bbox 2057 413 2105 470; x_wconf 81' lang='grc' dir='ltr'><strong>Α</strong></span> 
     </span>
    </p>
   </div>
   <div class='ocr_carea' id='block_1_38' title="bbox 3601 276 3705 330">
    <p class='ocr_par' dir='ltr' id='par_1_38' title="bbox 3601 276 3705 330">
     <span class='ocr_line' id='line_1_38' title="bbox 3601 276 3705 330; baseline 0 0"><span class='ocrx_word' id='word_1_259' title='bbox 3601 276 3705 330; x_wconf 84' lang='lat'><strong>800</strong></span> 
     </span>
    </p>
   </div>
   <div class='ocr_carea' id='block_1_39' title="bbox 2656 392 3173 448">
    <p class='ocr_par' dir='ltr' id='par_1_39' title="bbox 2656 392 3173 448">
     <span class='ocr_line' id='line_1_39' title="bbox 2656 392 3173 448; baseline -0.006 -1"><span class='ocrx_word' id='word_1_260' title='bbox 2656 392 3048 448; x_wconf 79' lang='grc' dir='ltr'><strong>ΚΕΦΛΛᾹΙΟΝ</strong></span> <span class='ocrx_word' id='word_1_261' title='bbox 3078 394 3173 445; x_wconf 86' lang='grc' dir='ltr'><strong>ΙΖ’.</strong></span> 
     </span>
    </p>
   </div>
   <div class='ocr_carea' id='block_1_40' title="bbox 2127 481 3705 554">
    <p class='ocr_par' dir='ltr' id='par_1_40' title="bbox 2127 481 3705 554">
     <span class='ocr_line' id='line_1_40' title="bbox 2127 481 3705 554; baseline -0.004 -12"><span class='ocrx_word' id='word_1_262' title='bbox 2127 488 2313 542; x_wconf 77' lang='grc' dir='ltr'>Ποίαν</span> <span class='ocrx_word' id='word_1_263' title='bbox 2339 486 2535 541; x_wconf 72' lang='grc' dir='ltr'>αἰτίαν</span> <span class='ocrx_word' id='word_1_264' title='bbox 2561 485 2686 554; x_wconf 74' lang='grc' dir='ltr'>ἔχει</span> <span class='ocrx_word' id='word_1_265' title='bbox 2715 486 2778 538; x_wconf 86' lang='grc' dir='ltr'>τὸ</span> <span class='ocrx_word' id='word_1_266' title='bbox 2807 487 2893 550; x_wconf 82' lang='grc' dir='ltr'>εὶς</span> <span class='ocrx_word' id='word_1_267' title='bbox 2921 485 3026 537; x_wconf 81' lang='grc' dir='ltr'><strong>τὸν</strong></span> <span class='ocrx_word' id='word_1_268' title='bbox 3061 483 3318 554; x_wconf 70' lang='grc' dir='ltr'>Χριστέγ</span> <span class='ocrx_word' id='word_1_269' title='bbox 3352 481 3705 554; x_wconf 66' lang='grc' dir='ltr'>βάπτισμαξ</span> 
     </span>
    </p>
   </div>
   <div class='ocr_carea' id='block_1_41' title="bbox 2197 552 3708 695">
    <p class='ocr_par' dir='ltr' id='par_1_41' title="bbox 2197 552 3708 695">
     <span class='ocr_line' id='line_1_41' title="bbox 2197 552 3708 620; baseline -0.003 -10"><span class='ocrx_word' id='word_1_270' title='bbox 2197 557 2295 611; x_wconf 77' lang='grc' dir='ltr'>καὶ</span> <span class='ocrx_word' id='word_1_271' title='bbox 2321 557 2474 610; x_wconf 80' lang='grc' dir='ltr'>διατι</span> <span class='ocrx_word' id='word_1_272' title='bbox 2503 552 2627 610; x_wconf 44' lang='lat' dir='ltr'><strong>ﬂii?</strong></span> <span class='ocrx_word' id='word_1_273' title='bbox 2647 556 2718 608; x_wconf 81' lang='grc' dir='ltr'><strong>ἐν</strong></span> <span class='ocrx_word' id='word_1_274' title='bbox 2744 555 2904 620; x_wconf 85' lang='grc' dir='ltr'><strong>αὐτῷ</strong></span> <span class='ocrx_word' id='word_1_275' title='bbox 2927 554 3188 608; x_wconf 75' lang='grc' dir='ltr'>ἕκαστον</span> <span class='ocrx_word' id='word_1_276' title='bbox 3212 552 3449 620; x_wconf 75' lang='grc' dir='ltr'>λέγεται</span> <span class='ocrx_word' id='word_1_277' title='bbox 3506 569 3570 606; x_wconf 85' lang='grc' dir='ltr'><strong>τε</strong></span> <span class='ocrx_word' id='word_1_278' title='bbox 3615 552 3708 605; x_wconf 64' lang='grc' dir='ltr'>καὶ</span> 
     </span>
     <span class='ocr_line' id='line_1_42' title="bbox 2197 628 2532 695; baseline -0.003 -15"><span class='ocrx_word' id='word_1_279' title='bbox 2197 628 2532 695; x_wconf 63' lang='grc' dir='ltr'>πράττεται.</span> 
     </span>
    </p>
   </div>
   <div class='ocr_carea' id='block_1_42' title="bbox 2199 713 3712 786">
    <p class='ocr_par' dir='ltr' id='par_1_42' title="bbox 2199 713 3712 786">
     <span class='ocr_line' id='line_1_43' title="bbox 2199 713 3712 786; baseline -0.004 -16"><span class='ocrx_word' id='word_1_280' title='bbox 2199 719 2352 771; x_wconf 84' lang='grc' dir='ltr'>Ἐστι</span> <span class='ocrx_word' id='word_1_281' title='bbox 2377 733 2418 769; x_wconf 62' lang='grc' dir='ltr'><strong>τι</strong></span> <span class='ocrx_word' id='word_1_282' title='bbox 2458 735 2552 770; x_wconf 79' lang='grc' dir='ltr'>νυν</span> <span class='ocrx_word' id='word_1_283' title='bbox 2573 717 2634 770; x_wconf 81' lang='grc' dir='ltr'><strong>τὸ</strong></span> <span class='ocrx_word' id='word_1_284' title='bbox 2667 717 2764 786; x_wconf 84' lang='grc' dir='ltr'><strong>μὲν</strong></span> <span class='ocrx_word' id='word_1_285' title='bbox 2794 716 3099 786; x_wconf 76' lang='grc' dir='ltr'><strong>βάπτισμα,</strong></span> <span class='ocrx_word' id='word_1_286' title='bbox 3131 716 3212 777; x_wconf 88' lang='grc' dir='ltr'>εἰς</span> <span class='ocrx_word' id='word_1_287' title='bbox 3237 713 3328 767; x_wconf 85' lang='grc' dir='ltr'>τὸν</span> <span class='ocrx_word' id='word_1_288' title='bbox 3359 713 3591 767; x_wconf 85' lang='grc' dir='ltr'>θάνατον</span> <span class='ocrx_word' id='word_1_289' title='bbox 3620 714 3712 765; x_wconf 84' lang='grc' dir='ltr'><strong>τοῦ</strong></span> 
     </span>
    </p>
   </div>
   <div class='ocr_carea' id='block_1_43' title="bbox 2126 803 3716 880">
    <p class='ocr_par' dir='ltr' id='par_1_43' title="bbox 2126 803 3716 880">
     <span class='ocr_line' id='line_1_44' title="bbox 2126 803 3716 880; baseline -0.003 -17"><span class='ocrx_word' id='word_1_290' title='bbox 2126 809 2302 880; x_wconf 80' lang='grc' dir='ltr'>Ἰησοῦ</span> <span class='ocrx_word' id='word_1_291' title='bbox 2346 809 2640 880; x_wconf 63' lang='grc' dir='ltr'>ἐδόμενονο</span> <span class='ocrx_word' id='word_1_292' title='bbox 2683 807 2746 861; x_wconf 84' lang='grc' dir='ltr'>τὸ</span> <span class='ocrx_word' id='word_1_293' title='bbox 2783 807 2840 860; x_wconf 87' lang='grc' dir='ltr'>δὲ</span> <span class='ocrx_word' id='word_1_294' title='bbox 2883 807 3058 878; x_wconf 74' lang='grc' dir='ltr'>ὕδωρ,</span> <span class='ocrx_word' id='word_1_295' title='bbox 3096 806 3217 858; x_wconf 74' lang='grc' dir='ltr'>ἀντὶ</span> <span class='ocrx_word' id='word_1_296' title='bbox 3244 805 3442 876; x_wconf 75' lang='grc' dir='ltr'>ταφῆςο</span> <span class='ocrx_word' id='word_1_297' title='bbox 3479 805 3574 857; x_wconf 75' lang='grc' dir='ltr'>καὶ</span> <span class='ocrx_word' id='word_1_298' title='bbox 3604 803 3716 876; x_wconf 85' lang='grc'><strong>(96)</strong></span> 
     </span>
    </p>
   </div>
   <div class='ocr_carea' id='block_1_44' title="bbox 2123 897 3719 970">
    <p class='ocr_par' dir='ltr' id='par_1_44' title="bbox 2123 897 3719 970">
     <span class='ocr_line' id='line_1_45' title="bbox 2123 897 3719 970; baseline -0.003 -18"><span class='ocrx_word' id='word_1_299' title='bbox 2123 900 2185 953; x_wconf 86' lang='grc' dir='ltr'><strong>τδ</strong></span> <span class='ocrx_word' id='word_1_300' title='bbox 2214 900 2420 968; x_wconf 77' lang='grc' dir='ltr'>ἔλαιον,</span> <span class='ocrx_word' id='word_1_301' title='bbox 2467 901 2588 953; x_wconf 75' lang='grc' dir='ltr'>ἀντὶ</span> <span class='ocrx_word' id='word_1_302' title='bbox 2625 898 2942 970; x_wconf 83' lang='grc' dir='ltr'>Πνεύματος</span> <span class='ocrx_word' id='word_1_303' title='bbox 2981 898 3160 966; x_wconf 78' lang='grc' dir='ltr'>άγίου·</span> <span class='ocrx_word' id='word_1_304' title='bbox 3202 899 3236 968; x_wconf 84' lang='grc' dir='ltr'>ἠ</span> <span class='ocrx_word' id='word_1_305' title='bbox 3282 897 3558 968; x_wconf 74' lang='grc' dir='ltr'>σφραγὶς,</span> <span class='ocrx_word' id='word_1_306' title='bbox 3593 897 3719 948; x_wconf 79' lang='grc' dir='ltr'>ἀντὶ</span> 
     </span>
    </p>
   </div>
   <div class='ocr_carea' id='block_1_45' title="bbox 2124 987 3713 1062">
    <p class='ocr_par' dir='ltr' id='par_1_45' title="bbox 2124 987 3713 1062">
     <span class='ocr_line' id='line_1_46' title="bbox 2124 987 3713 1062; baseline -0.003 -19"><span class='ocrx_word' id='word_1_307' title='bbox 2124 991 2218 1045; x_wconf 86' lang='grc' dir='ltr'><strong>τοῦ</strong></span> <span class='ocrx_word' id='word_1_308' title='bbox 2268 991 2521 1062; x_wconf 79' lang='grc' dir='ltr'>σταυροῦ·</span> <span class='ocrx_word' id='word_1_309' title='bbox 2563 991 2625 1044; x_wconf 83' lang='grc' dir='ltr'>τὸ</span> <span class='ocrx_word' id='word_1_310' title='bbox 2665 991 2872 1062; x_wconf 81' lang='grc' dir='ltr'>μύρον,</span> <span class='ocrx_word' id='word_1_311' title='bbox 2915 989 3201 1060; x_wconf 79' lang='grc' dir='ltr'>βεδαίωσις</span> <span class='ocrx_word' id='word_1_312' title='bbox 3246 987 3347 1057; x_wconf 83' lang='grc' dir='ltr'>τῆς</span> <span class='ocrx_word' id='word_1_313' title='bbox 3395 987 3713 1057; x_wconf 80' lang='grc' dir='ltr'>ὁμολογίας·</span> 
     </span>
    </p>
   </div>
   <div class='ocr_carea' id='block_1_46' title="bbox 2125 1081 3716 1154">
    <p class='ocr_par' dir='ltr' id='par_1_46' title="bbox 2125 1081 3716 1154">
     <span class='ocr_line' id='line_1_47' title="bbox 2125 1081 3716 1154; baseline -0.001 -20"><span class='ocrx_word' id='word_1_314' title='bbox 2125 1082 2217 1136; x_wconf 89' lang='grc' dir='ltr'><strong>τοῦ</strong></span> <span class='ocrx_word' id='word_1_315' title='bbox 2251 1083 2513 1154; x_wconf 82' lang='grc' dir='ltr'>Πατρδςή</span> <span class='ocrx_word' id='word_1_316' title='bbox 2541 1084 2749 1154; x_wconf 87' lang='grc' dir='ltr'>μνήμη,</span> <span class='ocrx_word' id='word_1_317' title='bbox 2771 1083 2846 1144; x_wconf 84' lang='grc' dir='ltr'>ὡς</span> <span class='ocrx_word' id='word_1_318' title='bbox 2876 1083 3050 1136; x_wconf 72' lang='grc' dir='ltr'>αἰτίου</span> <span class='ocrx_word' id='word_1_319' title='bbox 3080 1081 3174 1134; x_wconf 74' lang='grc' dir='ltr'>καὶ</span> <span class='ocrx_word' id='word_1_320' title='bbox 3199 1081 3564 1145; x_wconf 78' lang='grc' dir='ltr'>ἀποστολέως·</span> <span class='ocrx_word' id='word_1_321' title='bbox 3617 1081 3716 1133; x_wconf 89' lang='grc' dir='ltr'><strong>τοῦ</strong></span> 
     </span>
    </p>
   </div>
   <div class='ocr_carea' id='block_1_47' title="bbox 2127 1173 3714 1246">
    <p class='ocr_par' dir='ltr' id='par_1_47' title="bbox 2127 1173 3714 1246">
     <span class='ocr_line' id='line_1_48' title="bbox 2127 1173 3714 1246; baseline 0.005 -20"><span class='ocrx_word' id='word_1_322' title='bbox 2127 1175 2442 1244; x_wconf 77' lang='grc' dir='ltr'>Πνεῦματος</span> <span class='ocrx_word' id='word_1_323' title='bbox 2484 1176 2516 1244; x_wconf 87' lang='grc' dir='ltr'><strong>ή</strong></span> <span class='ocrx_word' id='word_1_324' title='bbox 2570 1174 3030 1246; x_wconf 76' lang='grc' dir='ltr'>συμπαράληψις,</span> <span class='ocrx_word' id='word_1_325' title='bbox 3073 1173 3149 1237; x_wconf 84' lang='grc' dir='ltr'><strong>ὡς</strong></span> <span class='ocrx_word' id='word_1_326' title='bbox 3197 1173 3478 1245; x_wconf 83' lang='grc' dir='ltr'>μάρτυρος</span> <span class='ocrx_word' id='word_1_327' title='bbox 3513 1173 3648 1243; x_wconf 83' lang='grc'>(97)·</span> <span class='ocrx_word' id='word_1_328' title='bbox 3681 1177 3714 1243; x_wconf 84' lang='grc' dir='ltr'>ὴ</span> 
     </span>
    </p>
   </div>
   <div class='ocr_carea' id='block_1_48' title="bbox 2125 1265 3716 1337">
    <p class='ocr_par' dir='ltr' id='par_1_48' title="bbox 2125 1265 3716 1337">
     <span class='ocr_line' id='line_1_49' title="bbox 2125 1265 3716 1337; baseline 0.001 -19"><span class='ocrx_word' id='word_1_329' title='bbox 2125 1266 2438 1332; x_wconf 83' lang='grc' dir='ltr'><strong>κατάδυσις,</strong></span> <span class='ocrx_word' id='word_1_330' title='bbox 2469 1266 2529 1318; x_wconf 84' lang='grc' dir='ltr'>τὸ</span> <span class='ocrx_word' id='word_1_331' title='bbox 2557 1265 2665 1337; x_wconf 83' lang='grc'><strong>(98)</strong></span> <span class='ocrx_word' id='word_1_332' title='bbox 2697 1265 3100 1320; x_wconf 81' lang='grc' dir='ltr'><strong>συναποθανεῖν·</strong></span> <span class='ocrx_word' id='word_1_333' title='bbox 3127 1269 3159 1337; x_wconf 81' lang='grc' dir='ltr'>ὴ</span> <span class='ocrx_word' id='word_1_334' title='bbox 3184 1266 3436 1330; x_wconf 76' lang='grc' dir='ltr'><strong>ἀνάδυσις</strong></span> <span class='ocrx_word' id='word_1_335' title='bbox 3457 1308 3473 1324; x_wconf 87' lang='grc'><strong>.</strong></span> <span class='ocrx_word' id='word_1_336' title='bbox 3499 1267 3560 1319; x_wconf 79' lang='grc' dir='ltr'>τὸ</span> <span class='ocrx_word' id='word_1_337' title='bbox 3589 1285 3716 1320; x_wconf 82' lang='grc' dir='ltr'>συν-</span> 
     </span>
    </p>
   </div>
   <div class='ocr_carea' id='block_1_49' title="bbox 2126 1359 3718 1430">
    <p class='ocr_par' dir='ltr' id='par_1_49' title="bbox 2126 1359 3718 1430">
     <span class='ocr_line' id='line_1_50' title="bbox 2126 1359 3718 1430; baseline 0.001 -18"><span class='ocrx_word' id='word_1_338' title='bbox 2126 1359 2441 1428; x_wconf 83' lang='grc' dir='ltr'>αναστῆναι·</span> <span class='ocrx_word' id='word_1_339' title='bbox 2499 1360 2687 1430; x_wconf 80' lang='grc' dir='ltr'>Πατὴρ</span> <span class='ocrx_word' id='word_1_340' title='bbox 2741 1361 2769 1412; x_wconf 98' lang='lat'><strong>6</strong></span> <span class='ocrx_word' id='word_1_341' title='bbox 2819 1361 2908 1413; x_wconf 72' lang='grc' dir='ltr'><strong>ἐπὶ</strong></span> <span class='ocrx_word' id='word_1_342' title='bbox 2955 1360 3170 1412; x_wconf 78' lang='grc' dir='ltr'>πάντων</span> <span class='ocrx_word' id='word_1_343' title='bbox 3217 1359 3370 1424; x_wconf 84' lang='grc' dir='ltr'>Θεός·</span> <span class='ocrx_word' id='word_1_344' title='bbox 3415 1361 3660 1430; x_wconf 68' lang='grc' dir='ltr'>Χριστὸς</span> <span class='ocrx_word' id='word_1_345' title='bbox 3688 1363 3718 1413; x_wconf 92' lang='lat'><strong>6</strong></span> 
     </span>
    </p>
   </div>
   <div class='ocr_carea' id='block_1_50' title="bbox 2130 1451 3713 1522">
    <p class='ocr_par' dir='ltr' id='par_1_50' title="bbox 2130 1451 3713 1522">
     <span class='ocr_line' id='line_1_51' title="bbox 2130 1451 3713 1522; baseline 0.001 -19"><span class='ocrx_word' id='word_1_346' title='bbox 2130 1453 2421 1522; x_wconf 76' lang='grc' dir='ltr'>μονογενὴς</span> <span class='ocrx_word' id='word_1_347' title='bbox 2448 1452 2611 1517; x_wconf 78' lang='grc' dir='ltr'>Θεὸς,</span> <span class='ocrx_word' id='word_1_348' title='bbox 2643 1453 2672 1503; x_wconf 91' lang='lat'><strong>6</strong></span> <span class='ocrx_word' id='word_1_349' title='bbox 2701 1451 2984 1521; x_wconf 76' lang='grc' dir='ltr'>ἀγαπητὸς</span> <span class='ocrx_word' id='word_1_350' title='bbox 3013 1451 3173 1517; x_wconf 78' lang='grc' dir='ltr'>Υἱὸς,</span> <span class='ocrx_word' id='word_1_351' title='bbox 3202 1453 3230 1504; x_wconf 82' lang='lat'><strong>6</strong></span> <span class='ocrx_word' id='word_1_352' title='bbox 3267 1452 3368 1521; x_wconf 81' lang='grc' dir='ltr'>τῆς</span> <span class='ocrx_word' id='word_1_353' title='bbox 3399 1453 3564 1522; x_wconf 77' lang='grc' dir='ltr'>δόξης</span> <span class='ocrx_word' id='word_1_354' title='bbox 3597 1455 3713 1505; x_wconf 80' lang='grc' dir='ltr'><strong>Κῦ-</strong></span> 
     </span>
    </p>
   </div>
   <div class='ocr_carea' id='block_1_51' title="bbox 2131 1543 3713 1616">
    <p class='ocr_par' dir='ltr' id='par_1_51' title="bbox 2131 1543 3713 1616">
     <span class='ocr_line' id='line_1_52' title="bbox 2131 1543 3713 1616; baseline 0.001 -21"><span class='ocrx_word' id='word_1_355' title='bbox 2131 1561 2263 1613; x_wconf 86' lang='grc' dir='ltr'>ριος.</span> <span class='ocrx_word' id='word_1_356' title='bbox 2297 1543 2519 1614; x_wconf 78' lang='grc' dir='ltr'>Πνεῦμα</span> <span class='ocrx_word' id='word_1_357' title='bbox 2552 1543 2734 1611; x_wconf 79' lang='grc' dir='ltr'>ἀγιον,</span> <span class='ocrx_word' id='word_1_358' title='bbox 2763 1545 2791 1595; x_wconf 92' lang='lat'><strong>6</strong></span> <span class='ocrx_word' id='word_1_359' title='bbox 2825 1543 3210 1615; x_wconf 78' lang='grc' dir='ltr'>Παράκλήτος,</span> <span class='ocrx_word' id='word_1_360' title='bbox 3241 1544 3300 1596; x_wconf 84' lang='grc' dir='ltr'>τὸ</span> <span class='ocrx_word' id='word_1_361' title='bbox 3331 1545 3438 1596; x_wconf 75' lang='grc' dir='ltr'><strong>ὑπὸ</strong></span> <span class='ocrx_word' id='word_1_362' title='bbox 3469 1545 3713 1616; x_wconf 79' lang='grc' dir='ltr'>Χριστοῦ</span> 
     </span>
    </p>
   </div>
   <div class='ocr_carea' id='block_1_52' title="bbox 2127 1635 3715 1706">
    <p class='ocr_par' dir='ltr' id='par_1_52' title="bbox 2127 1635 3715 1706">
     <span class='ocr_line' id='line_1_53' title="bbox 2127 1635 3715 1706; baseline 0.001 -20"><span class='ocrx_word' id='word_1_363' title='bbox 2127 1635 2501 1704; x_wconf 82' lang='grc' dir='ltr'><strong>πεμπόμενον,</strong></span> <span class='ocrx_word' id='word_1_364' title='bbox 2549 1637 2643 1688; x_wconf 76' lang='grc' dir='ltr'>καὶ</span> <span class='ocrx_word' id='word_1_365' title='bbox 2686 1637 2777 1688; x_wconf 82' lang='grc' dir='ltr'><strong>ὑπ’</strong></span> <span class='ocrx_word' id='word_1_366' title='bbox 2807 1635 3016 1688; x_wconf 77' lang='grc' dir='ltr'>ἐκείνου</span> <span class='ocrx_word' id='word_1_367' title='bbox 3043 1635 3426 1706; x_wconf 76' lang='grc' dir='ltr'><strong>διδασκόμενον</strong></span> <span class='ocrx_word' id='word_1_368' title='bbox 3451 1637 3589 1706; x_wconf 86' lang='grc'>(99),</span> <span class='ocrx_word' id='word_1_369' title='bbox 3619 1637 3715 1689; x_wconf 73' lang='grc' dir='ltr'>καὶ</span> 
     </span>
    </p>
   </div>
   <div class='ocr_carea' id='block_1_53' title="bbox 2060 1728 2650 1824">
    <p class='ocr_par' dir='ltr' id='par_1_53' title="bbox 2060 1728 2650 1824">
     <span class='ocr_line' id='line_1_54' title="bbox 2060 1728 2650 1824; baseline -0.002 -43"><span class='ocrx_word' id='word_1_370' title='bbox 2060 1769 2100 1824; x_wconf 73' lang='grc' dir='ltr'><strong>Β</strong></span> <span class='ocrx_word' id='word_1_371' title='bbox 2129 1730 2334 1782; x_wconf 77' lang='grc' dir='ltr'>ἐκεῖνον</span> <span class='ocrx_word' id='word_1_372' title='bbox 2363 1745 2432 1798; x_wconf 85' lang='grc' dir='ltr'>κη</span> <span class='ocrx_word' id='word_1_373' title='bbox 2442 1728 2650 1799; x_wconf 76' lang='grc' dir='ltr'>ρύττον.</span> 
     </span>
    </p>
   </div>
   <div class='ocr_carea' id='block_1_54' title="bbox 2654 1818 3180 1872">
    <p class='ocr_par' dir='ltr' id='par_1_54' title="bbox 2654 1818 3180 1872">
     <span class='ocr_line' id='line_1_55' title="bbox 2654 1818 3180 1872; baseline 0.002 -1"><span class='ocrx_word' id='word_1_374' title='bbox 2654 1818 3047 1871; x_wconf 80' lang='grc' dir='ltr'><strong>ΚΕΦΑΔΑΙΟΝ</strong></span> <span class='ocrx_word' id='word_1_375' title='bbox 3074 1818 3180 1872; x_wconf 82' lang='lat' dir='ltr'><strong>lH‘.</strong></span> 
     </span>
    </p>
   </div>
   <div class='ocr_carea' id='block_1_55' title="bbox 2379 1909 3459 1979">
    <p class='ocr_par' dir='ltr' id='par_1_55' title="bbox 2379 1909 3459 1979">
     <span class='ocr_line' id='line_1_56' title="bbox 2379 1909 3459 1979; baseline -0.002 -15"><span class='ocrx_word' id='word_1_376' title='bbox 2379 1912 2516 1976; x_wconf 82' lang='grc' dir='ltr'>Οἷος</span> <span class='ocrx_word' id='word_1_377' title='bbox 2555 1911 2779 1979; x_wconf 59' lang='grc' dir='ltr'>ὀφείλει</span> <span class='ocrx_word' id='word_1_378' title='bbox 2817 1911 2967 1963; x_wconf 78' lang='grc' dir='ltr'>εἶναι</span> <span class='ocrx_word' id='word_1_379' title='bbox 3005 1912 3037 1963; x_wconf 83' lang='grc' dir='ltr'><strong>ό</strong></span> <span class='ocrx_word' id='word_1_380' title='bbox 3059 1909 3459 1979; x_wconf 78' lang='grc' dir='ltr'><strong>μεμυημένος.</strong></span> 
     </span>
    </p>
   </div>
   <div class='ocr_carea' id='block_1_56' title="bbox 2211 2001 3720 2076">
    <p class='ocr_par' dir='ltr' id='par_1_56' title="bbox 2211 2001 3720 2076">
     <span class='ocr_line' id='line_1_57' title="bbox 2211 2001 3720 2076; baseline -0.003 -19"><span class='ocrx_word' id='word_1_381' title='bbox 2211 2005 2268 2057; x_wconf 90' lang='lat'><strong>&#39;0</strong></span> <span class='ocrx_word' id='word_1_382' title='bbox 2295 2004 2351 2057; x_wconf 80' lang='grc' dir='ltr'>δὲ</span> <span class='ocrx_word' id='word_1_383' title='bbox 2407 2003 2798 2076; x_wconf 78' lang='grc' dir='ltr'><strong>βαπτιζόμενος</strong></span> <span class='ocrx_word' id='word_1_384' title='bbox 2828 2002 3122 2074; x_wconf 84' lang='grc' dir='ltr'><strong>ὑπαρχέτω</strong></span> <span class='ocrx_word' id='word_1_385' title='bbox 3150 2001 3426 2072; x_wconf 81' lang='grc' dir='ltr'><strong>ἀλλότριος</strong></span> <span class='ocrx_word' id='word_1_386' title='bbox 3457 2002 3720 2065; x_wconf 74' lang='grc' dir='ltr'>ἀσεϐείας</span> 
     </span>
    </p>
   </div>
   <div class='ocr_carea' id='block_1_57' title="bbox 2130 2091 3716 2168">
    <p class='ocr_par' dir='ltr' id='par_1_57' title="bbox 2130 2091 3716 2168">
     <span class='ocr_line' id='line_1_58' title="bbox 2130 2091 3716 2168; baseline -0.001 -20"><span class='ocrx_word' id='word_1_387' title='bbox 2130 2099 2348 2168; x_wconf 81' lang='grc' dir='ltr'>πάσης,</span> <span class='ocrx_word' id='word_1_388' title='bbox 2397 2097 2758 2166; x_wconf 78' lang='grc' dir='ltr'>ἀνενέργητος</span> <span class='ocrx_word' id='word_1_389' title='bbox 2808 2095 2945 2166; x_wconf 86' lang='grc' dir='ltr'>πρὸς</span> <span class='ocrx_word' id='word_1_390' title='bbox 2993 2094 3294 2165; x_wconf 84' lang='grc' dir='ltr'><strong>ἁμαρτίαν,</strong></span> <span class='ocrx_word' id='word_1_391' title='bbox 3343 2093 3500 2160; x_wconf 80' lang='grc' dir='ltr'>φίλος</span> <span class='ocrx_word' id='word_1_392' title='bbox 3534 2091 3716 2159; x_wconf 79' lang='grc' dir='ltr'>Θεοῦ,</span> 
     </span>
    </p>
   </div>
   <div class='ocr_carea' id='block_1_58' title="bbox 2130 2185 3721 2261">
    <p class='ocr_par' dir='ltr' id='par_1_58' title="bbox 2130 2185 3721 2261">
     <span class='ocr_line' id='line_1_59' title="bbox 2130 2185 3721 2261; baseline -0.003 -20"><span class='ocrx_word' id='word_1_393' title='bbox 2130 2190 2318 2261; x_wconf 76' lang='grc' dir='ltr'>ἐχθρὸς</span> <span class='ocrx_word' id='word_1_394' title='bbox 2349 2188 2593 2240; x_wconf 76' lang='grc' dir='ltr'>διαϐόλου</span> <span class='ocrx_word' id='word_1_395' title='bbox 2620 2231 2633 2252; x_wconf 91' lang='grc'><strong>,</strong></span> <span class='ocrx_word' id='word_1_396' title='bbox 2665 2187 2999 2257; x_wconf 86' lang='grc' dir='ltr'>κληρονόμος</span> <span class='ocrx_word' id='word_1_397' title='bbox 3026 2185 3159 2239; x_wconf 83' lang='grc' dir='ltr'>Θεοῦ</span> <span class='ocrx_word' id='word_1_398' title='bbox 3193 2186 3406 2256; x_wconf 82' lang='grc' dir='ltr'>Πατρὸς</span> <span class='ocrx_word' id='word_1_399' title='bbox 3428 2230 3442 2250; x_wconf 90' lang='grc'><strong>,</strong></span> <span class='ocrx_word' id='word_1_400' title='bbox 3477 2187 3721 2257; x_wconf 71' lang='grc' dir='ltr'>συγκλή-</span> 
     </span>
    </p>
   </div>
   <div class='ocr_carea' id='block_1_59' title="bbox 2133 2277 3721 2352">
    <p class='ocr_par' dir='ltr' id='par_1_59' title="bbox 2133 2277 3721 2352">
     <span class='ocr_line' id='line_1_60' title="bbox 2133 2277 3721 2352; baseline -0.003 -18"><span class='ocrx_word' id='word_1_401' title='bbox 2133 2283 2357 2352; x_wconf 91' lang='grc' dir='ltr'>ρονόμος</span> <span class='ocrx_word' id='word_1_402' title='bbox 2403 2281 2460 2334; x_wconf 78' lang='grc' dir='ltr'>δὲ</span> <span class='ocrx_word' id='word_1_403' title='bbox 2507 2280 2603 2333; x_wconf 90' lang='grc' dir='ltr'><strong>τοῦ</strong></span> <span class='ocrx_word' id='word_1_404' title='bbox 2656 2281 2784 2333; x_wconf 80' lang='grc' dir='ltr'>Υιοῦ</span> <span class='ocrx_word' id='word_1_405' title='bbox 2809 2322 2825 2346; x_wconf 94' lang='grc'><strong>,</strong></span> <span class='ocrx_word' id='word_1_406' title='bbox 2884 2279 3324 2349; x_wconf 79' lang='grc' dir='ltr'><strong>ἀποτεταγμένος</strong></span> <span class='ocrx_word' id='word_1_407' title='bbox 3372 2277 3451 2347; x_wconf 85' lang='grc' dir='ltr'>τῷ</span> <span class='ocrx_word' id='word_1_408' title='bbox 3500 2280 3721 2350; x_wconf 78' lang='grc' dir='ltr'>Σατανᾷ</span> 
     </span>
    </p>
   </div>
   <div class='ocr_carea' id='block_1_60' title="bbox 2130 2371 3714 2444">
    <p class='ocr_par' dir='ltr' id='par_1_60' title="bbox 2130 2371 3714 2444">
     <span class='ocr_line' id='line_1_61' title="bbox 2130 2371 3714 2444; baseline -0.002 -17"><span class='ocrx_word' id='word_1_409' title='bbox 2130 2375 2223 2427; x_wconf 70' lang='grc' dir='ltr'>καὶ</span> <span class='ocrx_word' id='word_1_410' title='bbox 2243 2377 2353 2436; x_wconf 90' lang='grc' dir='ltr'>τοῖς</span> <span class='ocrx_word' id='word_1_411' title='bbox 2381 2373 2601 2444; x_wconf 82' lang='grc' dir='ltr'>δαίμοσι</span> <span class='ocrx_word' id='word_1_412' title='bbox 2625 2374 2718 2426; x_wconf 77' lang='grc' dir='ltr'>καὶ</span> <span class='ocrx_word' id='word_1_413' title='bbox 2747 2375 2867 2434; x_wconf 89' lang='grc' dir='ltr'>ταῖς</span> <span class='ocrx_word' id='word_1_414' title='bbox 2887 2372 3126 2432; x_wconf 81' lang='grc' dir='ltr'>ἀπάταις</span> <span class='ocrx_word' id='word_1_415' title='bbox 3146 2371 3310 2424; x_wconf 83' lang='grc' dir='ltr'>αὑτοῦ</span> <span class='ocrx_word' id='word_1_416' title='bbox 3332 2371 3503 2441; x_wconf 85' lang='grc'><strong>(100)·</strong></span> <span class='ocrx_word' id='word_1_417' title='bbox 3529 2373 3714 2439; x_wconf 77' lang='grc' dir='ltr'>ἁγνὸς,</span> 
     </span>
    </p>
   </div>
   <div class='ocr_carea' id='block_1_61' title="bbox 2130 2462 3714 2537">
    <p class='ocr_par' dir='ltr' id='par_1_61' title="bbox 2130 2462 3714 2537">
     <span class='ocr_line' id='line_1_62' title="bbox 2130 2462 3714 2537; baseline -0.02 -3"><span class='ocrx_word' id='word_1_418' title='bbox 2130 2466 2398 2537; x_wconf 66' lang='grc' dir='ltr'><strong>καθαρὸςν</strong></span> <span class='ocrx_word' id='word_1_419' title='bbox 2431 2466 2604 2530; x_wconf 59' lang='grc' dir='ltr'><strong>ὅσιος,</strong></span> <span class='ocrx_word' id='word_1_420' title='bbox 2649 2465 2901 2535; x_wconf 72' lang='grc' dir='ltr'>θεοφιλὴς</span> <span class='ocrx_word' id='word_1_421' title='bbox 2926 2506 2941 2530; x_wconf 83' lang='lat'><strong>,</strong></span> <span class='ocrx_word' id='word_1_422' title='bbox 3135 2462 3230 2516; x_wconf 85' lang='grc' dir='ltr'><strong>τοῦ</strong></span> <span class='ocrx_word' id='word_1_423' title='bbox 3269 2463 3425 2516; x_wconf 67' lang='grc' dir='ltr'><strong>Θεοὖ⁹</strong></span> <span class='ocrx_word' id='word_1_424' title='bbox 3472 2481 3714 2534; x_wconf 71' lang='grc' dir='ltr'><strong>προςευ-</strong></span> 
     </span>
    </p>
   </div>
   <div class='ocr_carea' id='block_1_62' title="bbox 2129 2557 3713 2627">
    <p class='ocr_par' dir='ltr' id='par_1_62' title="bbox 2129 2557 3713 2627">
     <span class='ocr_line' id='line_1_63' title="bbox 2129 2557 3713 2627; baseline 0.002 -19"><span class='ocrx_word' id='word_1_425' title='bbox 2129 2557 2352 2627; x_wconf 85' lang='grc' dir='ltr'>χόμενος</span> <span class='ocrx_word' id='word_1_426' title='bbox 2376 2598 2390 2622; x_wconf 94' lang='grc'><strong>,</strong></span> <span class='ocrx_word' id='word_1_427' title='bbox 2438 2557 2512 2617; x_wconf 87' lang='grc' dir='ltr'>ὼς</span> <span class='ocrx_word' id='word_1_428' title='bbox 2552 2557 2664 2619; x_wconf 75' lang='grc' dir='ltr'><strong>υἱὸς</strong></span> <span class='ocrx_word' id='word_1_429' title='bbox 2712 2557 2877 2626; x_wconf 81' lang='grc' dir='ltr'>πατρὶ</span> <span class='ocrx_word' id='word_1_430' title='bbox 2902 2599 2916 2622; x_wconf 90' lang='grc'><strong>,</strong></span> <span class='ocrx_word' id='word_1_431' title='bbox 2955 2557 3049 2609; x_wconf 73' lang='grc' dir='ltr'>καὶ</span> <span class='ocrx_word' id='word_1_432' title='bbox 3076 2557 3252 2624; x_wconf 90' lang='grc' dir='ltr'>λέγων</span> <span class='ocrx_word' id='word_1_433' title='bbox 3280 2558 3356 2619; x_wconf 86' lang='grc' dir='ltr'>ὼς</span> <span class='ocrx_word' id='word_1_434' title='bbox 3394 2558 3503 2611; x_wconf 76' lang='grc' dir='ltr'>ἀπὸ</span> <span class='ocrx_word' id='word_1_435' title='bbox 3535 2559 3713 2611; x_wconf 79' lang='grc' dir='ltr'>κοινοῦ</span> 
     </span>
    </p>
   </div>
   <div class='ocr_carea' id='block_1_63' title="bbox 2127 2648 3714 2722">
    <p class='ocr_par' dir='ltr' id='par_1_63' title="bbox 2127 2648 3714 2722">
     <span class='ocr_line' id='line_1_64' title="bbox 2127 2648 3714 2722; baseline 0.001 -22"><span class='ocrx_word' id='word_1_436' title='bbox 2127 2649 2221 2701; x_wconf 88' lang='grc' dir='ltr'><strong>τοῦ</strong></span> <span class='ocrx_word' id='word_1_437' title='bbox 2250 2648 2359 2701; x_wconf 85' lang='grc' dir='ltr'>τῶν</span> <span class='ocrx_word' id='word_1_438' title='bbox 2387 2648 2594 2701; x_wconf 84' lang='grc' dir='ltr'>πιστῶν</span> <span class='ocrx_word' id='word_1_439' title='bbox 2618 2649 3083 2719; x_wconf 76' lang='grc' dir='ltr'>συναθροίσματος</span> <span class='ocrx_word' id='word_1_440' title='bbox 3109 2649 3528 2722; x_wconf 75' lang='grc' dir='ltr'>οὕτως-(Πάτερ</span> <span class='ocrx_word' id='word_1_441' title='bbox 3555 2652 3714 2721; x_wconf 69' lang='grc' dir='ltr'><strong>ἡμῶν</strong></span> 
     </span>
    </p>
   </div>
   <div class='ocr_carea' id='block_1_64' title="bbox 2128 2740 3712 2812">
    <p class='ocr_par' dir='ltr' id='par_1_64' title="bbox 2128 2740 3712 2812">
     <span class='ocr_line' id='line_1_65' title="bbox 2128 2740 3712 2812; baseline 0.002 -20"><span class='ocrx_word' id='word_1_442' title='bbox 2128 2741 2156 2792; x_wconf 92' lang='lat'><strong>6</strong></span> <span class='ocrx_word' id='word_1_443' title='bbox 2179 2740 2235 2791; x_wconf 79' lang='grc' dir='ltr'><strong>ὲν</strong></span> <span class='ocrx_word' id='word_1_444' title='bbox 2261 2744 2370 2802; x_wconf 86' lang='grc' dir='ltr'>τοῖς</span> <span class='ocrx_word' id='word_1_445' title='bbox 2394 2740 2658 2810; x_wconf 80' lang='grc' dir='ltr'>οὐρανοῖς,</span> <span class='ocrx_word' id='word_1_446' title='bbox 2693 2741 3006 2811; x_wconf 78' lang='grc' dir='ltr'>ἁγιασθήτω</span> <span class='ocrx_word' id='word_1_447' title='bbox 3034 2741 3094 2792; x_wconf 84' lang='grc' dir='ltr'>τὸ</span> <span class='ocrx_word' id='word_1_448' title='bbox 3137 2740 3308 2812; x_wconf 82' lang='grc' dir='ltr'>δνομά</span> <span class='ocrx_word' id='word_1_449' title='bbox 3337 2758 3451 2794; x_wconf 78' lang='grc' dir='ltr'>σου·</span> <span class='ocrx_word' id='word_1_450' title='bbox 3514 2743 3712 2796; x_wconf 75' lang='grc' dir='ltr'>ἐλθέτω</span> 
     </span>
    </p>
   </div>
   <div class='ocr_carea' id='block_1_65' title="bbox 2128 2831 3712 2902">
    <p class='ocr_par' dir='ltr' id='par_1_65' title="bbox 2128 2831 3712 2902">
     <span class='ocr_line' id='line_1_66' title="bbox 2128 2831 3712 2902; baseline 0.001 -19"><span class='ocrx_word' id='word_1_451' title='bbox 2128 2834 2160 2900; x_wconf 87' lang='grc' dir='ltr'><strong>ή</strong></span> <span class='ocrx_word' id='word_1_452' title='bbox 2193 2831 2436 2900; x_wconf 81' lang='grc' dir='ltr'>βασιλεία</span> <span class='ocrx_word' id='word_1_453' title='bbox 2470 2848 2562 2884; x_wconf 84' lang='grc' dir='ltr'><strong>σου</strong></span> <span class='ocrx_word' id='word_1_454' title='bbox 2583 2849 2594 2860; x_wconf 92' lang='grc'>·</span> <span class='ocrx_word' id='word_1_455' title='bbox 2626 2831 2908 2902; x_wconf 82' lang='grc' dir='ltr'><strong>γενηθήτω</strong></span> <span class='ocrx_word' id='word_1_456' title='bbox 2934 2832 2996 2884; x_wconf 83' lang='grc' dir='ltr'>τὸ</span> <span class='ocrx_word' id='word_1_457' title='bbox 3027 2832 3239 2902; x_wconf 82' lang='grc' dir='ltr'>θέλημά</span> <span class='ocrx_word' id='word_1_458' title='bbox 3268 2849 3362 2885; x_wconf 83' lang='grc' dir='ltr'>σου</span> <span class='ocrx_word' id='word_1_459' title='bbox 3385 2876 3399 2898; x_wconf 89' lang='grc'><strong>,</strong></span> <span class='ocrx_word' id='word_1_460' title='bbox 3433 2834 3511 2895; x_wconf 83' lang='grc' dir='ltr'><strong>ὡς</strong></span> <span class='ocrx_word' id='word_1_461' title='bbox 3539 2835 3596 2884; x_wconf 82' lang='grc' dir='ltr'><strong>ἐν</strong></span> <span class='ocrx_word' id='word_1_462' title='bbox 3625 2833 3712 2885; x_wconf 75' lang='grc' dir='ltr'><strong>οὗ·</strong></span> 
     </span>
    </p>
   </div>
   <div class='ocr_carea' id='block_1_66' title="bbox 2133 2921 3709 2995">
    <p class='ocr_par' dir='ltr' id='par_1_66' title="bbox 2133 2921 3709 2995">
     <span class='ocr_line' id='line_1_67' title="bbox 2133 2921 3709 2995; baseline 0.001 -21"><span class='ocrx_word' id='word_1_463' title='bbox 2133 2921 2277 2993; x_wconf 84' lang='grc' dir='ltr'><strong>ρανῴ</strong></span> <span class='ocrx_word' id='word_1_464' title='bbox 2304 2923 2395 2975; x_wconf 75' lang='grc' dir='ltr'><strong>καὶ</strong></span> <span class='ocrx_word' id='word_1_465' title='bbox 2420 2922 2512 2974; x_wconf 79' lang='grc' dir='ltr'><strong>ἐπὶ</strong></span> <span class='ocrx_word' id='word_1_466' title='bbox 2539 2923 2639 2992; x_wconf 81' lang='grc' dir='ltr'>τῆς</span> <span class='ocrx_word' id='word_1_467' title='bbox 2668 2923 2791 2992; x_wconf 79' lang='grc' dir='ltr'>γῆς’</span> <span class='ocrx_word' id='word_1_468' title='bbox 2821 2924 2912 2976; x_wconf 87' lang='grc' dir='ltr'><strong>τὸν</strong></span> <span class='ocrx_word' id='word_1_469' title='bbox 2944 2924 3108 2995; x_wconf 78' lang='grc' dir='ltr'>ἄρτον</span> <span class='ocrx_word' id='word_1_470' title='bbox 3134 2925 3293 2993; x_wconf 83' lang='grc' dir='ltr'>ἡμῶν</span> <span class='ocrx_word' id='word_1_471' title='bbox 3317 2924 3408 2976; x_wconf 81' lang='grc' dir='ltr'><strong>τὸν</strong></span> <span class='ocrx_word' id='word_1_472' title='bbox 3438 2925 3709 2976; x_wconf 74' lang='grc' dir='ltr'>ἐπιούσιον</span> 
     </span>
    </p>
   </div>
   <div class='ocr_carea' id='block_1_67' title="bbox 2128 3015 3708 3087">
    <p class='ocr_par' dir='ltr' id='par_1_67' title="bbox 2128 3015 3708 3087">
     <span class='ocr_line' id='line_1_68' title="bbox 2128 3015 3708 3087; baseline 0 -19"><span class='ocrx_word' id='word_1_473' title='bbox 2128 3016 2215 3082; x_wconf 86' lang='grc' dir='ltr'>δὸς</span> <span class='ocrx_word' id='word_1_474' title='bbox 2253 3019 2384 3087; x_wconf 88' lang='grc' dir='ltr'>ήμῖν</span> <span class='ocrx_word' id='word_1_475' title='bbox 2437 3017 2691 3086; x_wconf 70' lang='grc' dir='ltr'>σήμερον·</span> <span class='ocrx_word' id='word_1_476' title='bbox 2771 3015 2863 3068; x_wconf 76' lang='grc' dir='ltr'>καὶ</span> <span class='ocrx_word' id='word_1_477' title='bbox 2911 3015 3045 3083; x_wconf 82' lang='grc' dir='ltr'>ἄφες</span> <span class='ocrx_word' id='word_1_478' title='bbox 3075 3017 3207 3085; x_wconf 80' lang='grc' dir='ltr'>ἡμῖν</span> <span class='ocrx_word' id='word_1_479' title='bbox 3255 3015 3323 3068; x_wconf 78' lang='grc' dir='ltr'><strong>τὰ</strong></span> <span class='ocrx_word' id='word_1_480' title='bbox 3370 3017 3708 3086; x_wconf 74' lang='grc' dir='ltr'>ὀφειλήματα</span> 
     </span>
    </p>
   </div>
   <div class='ocr_carea' id='block_1_68' title="bbox 2127 3107 3705 3178">
    <p class='ocr_par' dir='ltr' id='par_1_68' title="bbox 2127 3107 3705 3178">
     <span class='ocr_line' id='line_1_69' title="bbox 2127 3107 3705 3178; baseline 0 -18"><span class='ocrx_word' id='word_1_481' title='bbox 2127 3107 2284 3178; x_wconf 82' lang='grc' dir='ltr'>ήμῶν</span> <span class='ocrx_word' id='word_1_482' title='bbox 2306 3150 2321 3171; x_wconf 95' lang='grc'><strong>,</strong></span> <span class='ocrx_word' id='word_1_483' title='bbox 2362 3108 2436 3170; x_wconf 88' lang='grc' dir='ltr'>ὼς</span> <span class='ocrx_word' id='word_1_484' title='bbox 2467 3108 2559 3160; x_wconf 74' lang='grc' dir='ltr'>καὶ</span> <span class='ocrx_word' id='word_1_485' title='bbox 2587 3109 2748 3178; x_wconf 77' lang='grc' dir='ltr'>ἡμεῖς</span> <span class='ocrx_word' id='word_1_486' title='bbox 2777 3107 3009 3177; x_wconf 84' lang='grc' dir='ltr'>ἀφίεμεν</span> <span class='ocrx_word' id='word_1_487' title='bbox 3038 3111 3151 3170; x_wconf 88' lang='grc' dir='ltr'>τοῖς</span> <span class='ocrx_word' id='word_1_488' title='bbox 3177 3107 3485 3175; x_wconf 74' lang='grc' dir='ltr'>ὀφειλέταις</span> <span class='ocrx_word' id='word_1_489' title='bbox 3513 3110 3545 3178; x_wconf 81' lang='grc' dir='ltr'><strong>ή</strong></span> <span class='ocrx_word' id='word_1_490' title='bbox 3555 3109 3669 3177; x_wconf 80' lang='grc' dir='ltr'><strong>μῶν</strong></span> <span class='ocrx_word' id='word_1_491' title='bbox 3691 3151 3705 3172; x_wconf 93' lang='grc'><strong>,</strong></span> 
     </span>
    </p>
   </div>
   <div class='ocr_carea' id='block_1_69' title="bbox 2129 3199 3707 3272">
    <p class='ocr_par' dir='ltr' id='par_1_69' title="bbox 2129 3199 3707 3272">
     <span class='ocr_line' id='line_1_70' title="bbox 2129 3199 3707 3272; baseline -0.001 -19"><span class='ocrx_word' id='word_1_492' title='bbox 2129 3201 2224 3254; x_wconf 73' lang='grc' dir='ltr'>καὶ</span> <span class='ocrx_word' id='word_1_493' title='bbox 2255 3202 2328 3272; x_wconf 80' lang='grc' dir='ltr'><strong>μὴ</strong></span> <span class='ocrx_word' id='word_1_494' title='bbox 2357 3201 2670 3270; x_wconf 78' lang='grc' dir='ltr'>εἰσενέγκῃς</span> <span class='ocrx_word' id='word_1_495' title='bbox 2694 3201 2843 3269; x_wconf 81' lang='grc' dir='ltr'><strong>ἡμᾶς</strong></span> <span class='ocrx_word' id='word_1_496' title='bbox 2868 3201 2946 3262; x_wconf 83' lang='grc' dir='ltr'>εἰς</span> <span class='ocrx_word' id='word_1_497' title='bbox 2977 3199 3282 3270; x_wconf 71' lang='grc' dir='ltr'>πειρασμὸν</span> <span class='ocrx_word' id='word_1_498' title='bbox 3305 3241 3319 3262; x_wconf 94' lang='grc'><strong>,</strong></span> <span class='ocrx_word' id='word_1_499' title='bbox 3376 3199 3513 3252; x_wconf 82' lang='grc' dir='ltr'><strong>ἀλλά</strong></span> <span class='ocrx_word' id='word_1_500' title='bbox 3554 3201 3707 3270; x_wconf 76' lang='grc' dir='ltr'>ῥῦσαι</span> 
     </span>
    </p>
   </div>
   <div class='ocr_carea' id='block_1_70' title="bbox 2129 3290 3705 3362">
    <p class='ocr_par' dir='ltr' id='par_1_70' title="bbox 2129 3290 3705 3362">
     <span class='ocr_line' id='line_1_71' title="bbox 2129 3290 3705 3362; baseline -0.001 -18"><span class='ocrx_word' id='word_1_501' title='bbox 2129 3293 2276 3362; x_wconf 81' lang='grc' dir='ltr'>ἡμᾶς</span> <span class='ocrx_word' id='word_1_502' title='bbox 2304 3292 2412 3345; x_wconf 85' lang='grc' dir='ltr'>ἀπὸ</span> <span class='ocrx_word' id='word_1_503' title='bbox 2439 3293 2533 3344; x_wconf 91' lang='grc' dir='ltr'><strong>τοῦ</strong></span> <span class='ocrx_word' id='word_1_504' title='bbox 2563 3290 2820 3361; x_wconf 84' lang='grc' dir='ltr'>πονηροῦ·</span> <span class='ocrx_word' id='word_1_505' title='bbox 2851 3292 2932 3343; x_wconf 84' lang='grc' dir='ltr'>ὅτι</span> <span class='ocrx_word' id='word_1_506' title='bbox 2965 3291 3058 3342; x_wconf 89' lang='grc' dir='ltr'><strong>σοῦ</strong></span> <span class='ocrx_word' id='word_1_507' title='bbox 3090 3293 3235 3343; x_wconf 77' lang='grc' dir='ltr'>ἐστιν</span> <span class='ocrx_word' id='word_1_508' title='bbox 3264 3294 3296 3360; x_wconf 85' lang='grc' dir='ltr'><strong>ή</strong></span> <span class='ocrx_word' id='word_1_509' title='bbox 3329 3290 3573 3360; x_wconf 81' lang='grc' dir='ltr'>βασιλεία</span> <span class='ocrx_word' id='word_1_510' title='bbox 3604 3292 3705 3360; x_wconf 79' lang='lat' dir='ltr'><strong>(l),</strong></span> 
     </span>
    </p>
   </div>
   <div class='ocr_carea' id='block_1_71' title="bbox 2129 3382 3701 3457">
    <p class='ocr_par' dir='ltr' id='par_1_71' title="bbox 2129 3382 3701 3457">
     <span class='ocr_line' id='line_1_72' title="bbox 2129 3382 3701 3457; baseline -0.004 -18"><span class='ocrx_word' id='word_1_511' title='bbox 2129 3387 2223 3440; x_wconf 72' lang='grc' dir='ltr'>καὶ</span> <span class='ocrx_word' id='word_1_512' title='bbox 2250 3389 2281 3457; x_wconf 85' lang='grc' dir='ltr'><strong>ή</strong></span> <span class='ocrx_word' id='word_1_513' title='bbox 2312 3386 2568 3456; x_wconf 81' lang='grc' dir='ltr'>δύναμις,</span> <span class='ocrx_word' id='word_1_514' title='bbox 2601 3385 2694 3438; x_wconf 71' lang='grc' dir='ltr'>καὶ</span> <span class='ocrx_word' id='word_1_515' title='bbox 2722 3387 2755 3454; x_wconf 85' lang='grc' dir='ltr'><strong>ή</strong></span> <span class='ocrx_word' id='word_1_516' title='bbox 2785 3382 2938 3450; x_wconf 79' lang='grc' dir='ltr'>δόξα,</span> <span class='ocrx_word' id='word_1_517' title='bbox 2967 3385 3046 3445; x_wconf 73' lang='grc' dir='ltr'><strong>εἰς</strong></span> <span class='ocrx_word' id='word_1_518' title='bbox 3076 3385 3202 3445; x_wconf 76' lang='grc' dir='ltr'>τοὺς</span> <span class='ocrx_word' id='word_1_519' title='bbox 3231 3382 3446 3444; x_wconf 77' lang='grc' dir='ltr'>αἰῶνας.</span> <span class='ocrx_word' id='word_1_520' title='bbox 3481 3384 3701 3453; x_wconf 71' lang='grc' dir='ltr'>Ἀμήν.»</span> 
     </span>
    </p>
   </div>
   <div class='ocr_carea' id='block_1_72' title="bbox 1084 3517 3705 3594">
    <p class='ocr_par' dir='ltr' id='par_1_72' title="bbox 1084 3517 3705 3594">
     <span class='ocr_line' id='line_1_73' title="bbox 1084 3517 3705 3594; baseline -0.002 -19"><span class='ocrx_word' id='word_1_521' title='bbox 1084 3520 1125 3551; x_wconf 77' lang='grc'><strong>³³</strong></span> <span class='ocrx_word' id='word_1_522' title='bbox 1168 3518 1384 3575; x_wconf 86' lang='lat' dir='ltr'><strong>Citatur</strong></span> <span class='ocrx_word' id='word_1_523' title='bbox 1413 3535 1443 3574; x_wconf 87' lang='lat' dir='ltr'><strong>a</strong></span> <span class='ocrx_word' id='word_1_524' title='bbox 1475 3519 1734 3587; x_wconf 80' lang='lat' dir='ltr'><strong>Maximo,</strong></span> <span class='ocrx_word' id='word_1_525' title='bbox 1766 3521 1834 3575; x_wconf 91' lang='lat' dir='ltr'><strong>ad</strong></span> <span class='ocrx_word' id='word_1_526' title='bbox 1861 3532 2026 3594; x_wconf 87' lang='lat' dir='ltr'><strong>caput</strong></span> <span class='ocrx_word' id='word_1_527' title='bbox 2058 3523 2121 3589; x_wconf 71' lang='lat'><strong>2,</strong></span> <span class='ocrx_word' id='word_1_528' title='bbox 2154 3521 2312 3578; x_wconf 90' lang='lat' dir='ltr'><strong>Dion.</strong></span> <span class='ocrx_word' id='word_1_529' title='bbox 2345 3524 2412 3580; x_wconf 92' lang='lat' dir='ltr'><strong>de</strong></span> <span class='ocrx_word' id='word_1_530' title='bbox 2439 3522 2592 3580; x_wconf 87' lang='lat' dir='ltr'><strong>Eccl.</strong></span> <span class='ocrx_word' id='word_1_531' title='bbox 2626 3519 2767 3576; x_wconf 84' lang='lat' dir='ltr'><strong>bier.</strong></span> <span class='ocrx_word' id='word_1_532' title='bbox 2845 3522 2892 3552; x_wconf 84' lang='lat'><strong>&quot;</strong></span> <span class='ocrx_word' id='word_1_533' title='bbox 2925 3518 3088 3575; x_wconf 89' lang='lat' dir='ltr'><strong>Citat.</strong></span> <span class='ocrx_word' id='word_1_534' title='bbox 3122 3517 3490 3582; x_wconf 75' lang='lat' dir='ltr'><strong>Anastasius,</strong></span> <span class='ocrx_word' id='word_1_535' title='bbox 3514 3523 3705 3588; x_wconf 67' lang='lat' dir='ltr'><strong>quast.</strong></span> 
     </span>
    </p>
   </div>
   <div class='ocr_carea' id='block_1_73' title="bbox 1751 3724 2385 3783">
    <p class='ocr_par' dir='ltr' id='par_1_73' title="bbox 1751 3724 2385 3783">
     <span class='ocr_line' id='line_1_74' title="bbox 1751 3724 2385 3783; baseline 0.008 -6"><span class='ocrx_word' id='word_1_536' title='bbox 1751 3724 2117 3783; x_wconf 76' lang='lat' dir='ltr'><strong>VARIORUM</strong></span> <span class='ocrx_word' id='word_1_537' title='bbox 2151 3724 2385 3782; x_wconf 72' lang='grc' dir='ltr'><strong>ΝΟΤᾹΞ.</strong></span> 
     </span>
    </p>
   </div>
   <div class='ocr_carea' id='block_1_74' title="bbox 525 3857 1945 3999">
    <p class='ocr_par' dir='ltr' id='par_1_74' title="bbox 525 3857 1945 3999">
     <span class='ocr_line' id='line_1_75' title="bbox 525 3857 1945 3999; baseline 0.005 -87"><span class='ocrx_word' id='word_1_538' title='bbox 525 3858 638 3999; x_wconf 55' lang='grc' dir='ltr'><strong>ἱθϐ)</strong></span> <span class='ocrx_word' id='word_1_539' title='bbox 675 3858 802 3938; x_wconf 63' lang='grc' dir='ltr'>Καί.</span> <span class='ocrx_word' id='word_1_540' title='bbox 835 3857 961 3914; x_wconf 88' lang='lat' dir='ltr'><strong>Dele</strong></span> <span class='ocrx_word' id='word_1_541' title='bbox 991 3875 1112 3913; x_wconf 89' lang='lat' dir='ltr'><strong>eum</strong></span> <span class='ocrx_word' id='word_1_542' title='bbox 1147 3863 1316 3917; x_wconf 87' lang='lat' dir='ltr'><strong>altero</strong></span> <span class='ocrx_word' id='word_1_543' title='bbox 1345 3863 1468 3916; x_wconf 88' lang='lat' dir='ltr'><strong>cod.</strong></span> <span class='ocrx_word' id='word_1_544' title='bbox 1504 3862 1742 3919; x_wconf 78' lang='lat' dir='ltr'><strong>Vindob.</strong></span> <span class='ocrx_word' id='word_1_545' title='bbox 1776 3864 1945 3920; x_wconf 70' lang='lat' dir='ltr'><strong>Cum.</strong></span> 
     </span>
     <span class='ocr_line' id='line_1_76' title="bbox 552 3929 1945 3999; baseline 0.003 -17"><span class='ocrx_word' id='word_1_546' title='bbox 552 3929 642 3997; x_wconf 86' lang='lat'><strong>9&#39;7)</strong></span> <span class='ocrx_word' id='word_1_547' title='bbox 688 3932 810 3999; x_wconf 15' lang='grc' dir='ltr'>Τουί</span> <span class='ocrx_word' id='word_1_548' title='bbox 869 3932 1210 3999; x_wconf 77' lang='grc' dir='ltr'>Πνεύματος</span> <span class='ocrx_word' id='word_1_549' title='bbox 1267 3936 1302 3999; x_wconf 76' lang='grc' dir='ltr'><strong><em>ἡ</em></strong></span> <span class='ocrx_word' id='word_1_550' title='bbox 1360 3933 1835 3999; x_wconf 66' lang='grc' dir='ltr'>συμπαράληψις</span> <span class='ocrx_word' id='word_1_551' title='bbox 1871 3978 1884 3998; x_wconf 91' lang='grc'><strong>,</strong></span> <span class='ocrx_word' id='word_1_552' title='bbox 1939 3960 1945 3986; x_wconf 78' lang='grc' dir='ltr'><strong>ι</strong></span> 
     </span>
    </p>
   </div>
   <div class='ocr_carea' id='block_1_75' title="bbox 552 3929 2019 4002">
    <p class='ocr_par' dir='ltr' id='par_1_75' title="bbox 552 3929 2019 4002">
     <span class='ocr_line' id='line_1_77' title="bbox 552 3929 2019 4002; baseline 0.004 -20"><span class='ocrx_word' id='word_1_553' title='bbox 552 3929 642 3997; x_wconf 81' lang='grc'>97)</span> <span class='ocrx_word' id='word_1_554' title='bbox 688 3929 813 4002; x_wconf 41' lang='grc' dir='ltr'>Τοῦ-</span> <span class='ocrx_word' id='word_1_555' title='bbox 869 3932 1210 4002; x_wconf 63' lang='grc' dir='ltr'>Πνεῦματος</span> <span class='ocrx_word' id='word_1_556' title='bbox 1267 3936 1302 4000; x_wconf 76' lang='grc' dir='ltr'><strong><em>ἡ</em></strong></span> <span class='ocrx_word' id='word_1_557' title='bbox 1360 3933 1835 4001; x_wconf 66' lang='grc' dir='ltr'>συμπαράληψις</span> <span class='ocrx_word' id='word_1_558' title='bbox 1871 3978 1884 3998; x_wconf 89' lang='grc'><strong>,</strong></span> <span class='ocrx_word' id='word_1_559' title='bbox 1939 3937 2019 4002; x_wconf 80' lang='grc' dir='ltr'>ὡς</span> 
     </span>
    </p>
   </div>
   <div class='ocr_carea' id='block_1_76' title="bbox 572 3998 2018 4073">
    <p class='ocr_par' dir='ltr' id='par_1_76' title="bbox 572 3998 2018 4073">
     <span class='ocr_line' id='line_1_78' title="bbox 572 3998 2018 4073; baseline 0.006 -23"><span class='ocrx_word' id='word_1_560' title='bbox 572 3998 872 4073; x_wconf 36' lang='grc' dir='ltr'>τυρρςηιιιι</span> <span class='ocrx_word' id='word_1_561' title='bbox 902 3998 1050 4073; x_wconf 82' lang='lat' dir='ltr'><strong>alibi.</strong></span> <span class='ocrx_word' id='word_1_562' title='bbox 1077 4002 1212 4066; x_wconf 81' lang='lat' dir='ltr'><strong>Quia</strong></span> <span class='ocrx_word' id='word_1_563' title='bbox 1238 4043 1252 4063; x_wconf 95' lang='lat'><strong>,</strong></span> <span class='ocrx_word' id='word_1_564' title='bbox 1280 3998 1492 4071; x_wconf 71' lang='lat' dir='ltr'><strong>Opinor,</strong></span> <span class='ocrx_word' id='word_1_565' title='bbox 1523 3998 1760 4073; x_wconf 77' lang='lat' dir='ltr'><strong>Spiritus</strong></span> <span class='ocrx_word' id='word_1_566' title='bbox 1793 3998 2018 4059; x_wconf 70' lang='lat' dir='ltr'><strong>sanctus</strong></span> 
     </span>
    </p>
   </div>
   <div class='ocr_carea' id='block_1_77' title="bbox 455 4070 2011 4138">
    <p class='ocr_par' dir='ltr' id='par_1_77' title="bbox 455 4070 2011 4138">
     <span class='ocr_line' id='line_1_79' title="bbox 455 4070 2011 4138; baseline 0.003 -14"><span class='ocrx_word' id='word_1_567' title='bbox 455 4070 510 4124; x_wconf 83' lang='lat' dir='ltr'><strong>in</strong></span> <span class='ocrx_word' id='word_1_568' title='bbox 541 4070 741 4123; x_wconf 80' lang='lat' dir='ltr'><strong>Christi</strong></span> <span class='ocrx_word' id='word_1_569' title='bbox 770 4071 1039 4138; x_wconf 75' lang='lat' dir='ltr'><strong>baptismo</strong></span> <span class='ocrx_word' id='word_1_570' title='bbox 1071 4074 1224 4126; x_wconf 84' lang='lat' dir='ltr'><strong>testis</strong></span> <span class='ocrx_word' id='word_1_571' title='bbox 1257 4070 1465 4125; x_wconf 67' lang='lat' dir='ltr'><strong>mum</strong></span> <span class='ocrx_word' id='word_1_572' title='bbox 1491 4095 1499 4126; x_wconf 91' lang='lat'>:</span> <span class='ocrx_word' id='word_1_573' title='bbox 1530 4070 1689 4128; x_wconf 80' lang='lat' dir='ltr'><strong>sicuti</strong></span> <span class='ocrx_word' id='word_1_574' title='bbox 1725 4075 1921 4127; x_wconf 63' lang='lat' dir='ltr'><strong>docent</strong></span> <span class='ocrx_word' id='word_1_575' title='bbox 1954 4076 2011 4129; x_wconf 90' lang='lat' dir='ltr'><strong>S.</strong></span> 
     </span>
    </p>
   </div>
   <div class='ocr_carea' id='block_1_78' title="bbox 450 4137 2022 4224">
    <p class='ocr_par' dir='ltr' id='par_1_78' title="bbox 450 4137 2022 4224">
     <span class='ocr_line' id='line_1_80' title="bbox 450 4137 2022 4224; baseline 0.004 -31"><span class='ocrx_word' id='word_1_576' title='bbox 450 4137 1178 4224; x_wconf 39' lang='lat' dir='ltr'><strong>Gregorius-N‘aziauaenus,</strong></span> <span class='ocrx_word' id='word_1_577' title='bbox 1213 4153 1352 4224; x_wconf 75' lang='lat' dir='ltr'><strong>orat.</strong></span> <span class='ocrx_word' id='word_1_578' title='bbox 1514 4161 1566 4224; x_wconf 67' lang='grc' dir='ltr'><strong>[ιἶ</strong></span> <span class='ocrx_word' id='word_1_579' title='bbox 1600 4146 1726 4224; x_wconf 65' lang='lat' dir='ltr'><strong>lilii;</strong></span> <span class='ocrx_word' id='word_1_580' title='bbox 1757 4153 1896 4224; x_wconf 78' lang='lat' dir='ltr'><strong>orat.</strong></span> <span class='ocrx_word' id='word_1_581' title='bbox 1931 4147 2022 4202; x_wconf 81' lang='lat'><strong>&#39;59.</strong></span> 
     </span>
    </p>
   </div>
   <div class='ocr_carea' id='block_1_79' title="bbox 453 4209 2022 4282">
    <p class='ocr_par' dir='ltr' id='par_1_79' title="bbox 453 4209 2022 4282">
     <span class='ocr_line' id='line_1_81' title="bbox 453 4209 2022 4282; baseline 0.001 -17"><span class='ocrx_word' id='word_1_582' title='bbox 453 4227 510 4282; x_wconf 68' lang='grc' dir='ltr'><strong>ιι.</strong></span> <span class='ocrx_word' id='word_1_583' title='bbox 544 4209 640 4282; x_wconf 11' lang='grc'><strong>6754</strong></span> <span class='ocrx_word' id='word_1_584' title='bbox 674 4226 690 4275; x_wconf 84' lang='grc'>;</span> <span class='ocrx_word' id='word_1_585' title='bbox 722 4216 774 4262; x_wconf 90' lang='lat' dir='ltr'><strong>et</strong></span> <span class='ocrx_word' id='word_1_586' title='bbox 820 4211 879 4262; x_wconf 85' lang='lat' dir='ltr'><strong>S.</strong></span> <span class='ocrx_word' id='word_1_587' title='bbox 913 4210 1246 4280; x_wconf 71' lang='lat' dir='ltr'><strong>Epiphanius</strong></span> <span class='ocrx_word' id='word_1_588' title='bbox 1278 4214 1330 4266; x_wconf 91' lang='lat' dir='ltr'><strong>in</strong></span> <span class='ocrx_word' id='word_1_589' title='bbox 1369 4209 1706 4282; x_wconf 56' lang='lat' dir='ltr'><strong>Expositione</strong></span> <span class='ocrx_word' id='word_1_590' title='bbox 1758 4217 1882 4282; x_wconf 62' lang='lat' dir='ltr'><strong>fidei</strong></span> <span class='ocrx_word' id='word_1_591' title='bbox 1933 4233 2022 4267; x_wconf 86' lang='lat' dir='ltr'><strong>ca-</strong></span> 
     </span>
    </p>
   </div>
   <div class='ocr_carea' id='block_1_80' title="bbox 454 4280 2024 4352">
    <p class='ocr_par' dir='ltr' id='par_1_80' title="bbox 454 4280 2024 4352">
     <span class='ocr_line' id='line_1_82' title="bbox 454 4280 2024 4352; baseline 0.002 -19"><span class='ocrx_word' id='word_1_592' title='bbox 454 4280 684 4352; x_wconf 79' lang='lat' dir='ltr'><strong>tliolicw,</strong></span> <span class='ocrx_word' id='word_1_593' title='bbox 711 4296 862 4352; x_wconf 72' lang='lat' dir='ltr'><strong>num.</strong></span> <span class='ocrx_word' id='word_1_594' title='bbox 887 4282 969 4334; x_wconf 82' lang='lat' dir='ltr'><strong>lb&#39;.</strong></span> <span class='ocrx_word' id='word_1_595' title='bbox 1001 4283 1267 4336; x_wconf 76' lang='lat' dir='ltr'><strong>Accedunt</strong></span> <span class='ocrx_word' id='word_1_596' title='bbox 1300 4285 1403 4336; x_wconf 89' lang='lat' dir='ltr'><strong>liuc</strong></span> <span class='ocrx_word' id='word_1_597' title='bbox 1421 4280 1528 4336; x_wconf 86' lang='lat' dir='ltr'><strong>duo</strong></span> <span class='ocrx_word' id='word_1_598' title='bbox 1554 4280 1848 4352; x_wconf 73' lang='lat' dir='ltr'><strong>Scripturzc</strong></span> <span class='ocrx_word' id='word_1_599' title='bbox 1873 4287 2024 4338; x_wconf 82' lang='lat' dir='ltr'><strong>testi-</strong></span> 
     </span>
    </p>
   </div>
   <div class='ocr_carea' id='block_1_81' title="bbox 452 4347 2024 4422">
    <p class='ocr_par' dir='ltr' id='par_1_81' title="bbox 452 4347 2024 4422">
     <span class='ocr_line' id='line_1_83' title="bbox 452 4347 2024 4422; baseline 0.002 -19"><span class='ocrx_word' id='word_1_600' title='bbox 452 4351 637 4404; x_wconf 86' lang='lat' dir='ltr'><strong>monia</strong></span> <span class='ocrx_word' id='word_1_601' title='bbox 661 4388 674 4411; x_wconf 88' lang='lat'><strong>,</strong></span> <span class='ocrx_word' id='word_1_602' title='bbox 710 4347 936 4422; x_wconf 75' lang='lat' dir='ltr'><strong>Roman.</strong></span> <span class='ocrx_word' id='word_1_603' title='bbox 973 4367 1097 4412; x_wconf 84' lang='lat' dir='ltr'><strong>vui,</strong></span> <span class='ocrx_word' id='word_1_604' title='bbox 1137 4353 1238 4408; x_wconf 78' lang='lat' dir='ltr'><strong>lli:</strong></span> <span class='ocrx_word' id='word_1_605' title='bbox 1274 4352 1392 4422; x_wconf 71' lang='lat' dir='ltr'><strong>Ipse</strong></span> <span class='ocrx_word' id='word_1_606' title='bbox 1431 4357 1568 4406; x_wconf 79' lang='lat' dir='ltr'><strong>enim</strong></span> <span class='ocrx_word' id='word_1_607' title='bbox 1610 4347 1838 4421; x_wconf 73' lang='lat' dir='ltr'><strong>Spiritus</strong></span> <span class='ocrx_word' id='word_1_608' title='bbox 1873 4357 2024 4406; x_wconf 80' lang='lat' dir='ltr'><strong>testi-</strong></span> 
     </span>
    </p>
   </div>
   <div class='ocr_carea' id='block_1_82' title="bbox 454 4419 2014 4493">
    <p class='ocr_par' dir='ltr' id='par_1_82' title="bbox 454 4419 2014 4493">
     <span class='ocr_line' id='line_1_84' title="bbox 454 4419 2014 4493; baseline 0.004 -22"><span class='ocrx_word' id='word_1_609' title='bbox 454 4423 689 4493; x_wconf 56' lang='lat' dir='ltr'><strong>inonium</strong></span> <span class='ocrx_word' id='word_1_610' title='bbox 720 4419 903 4493; x_wconf 58' lang='lat' dir='ltr'><strong>reddit</strong></span> <span class='ocrx_word' id='word_1_611' title='bbox 919 4422 1129 4489; x_wconf 84' lang='lat' dir='ltr'><strong>spiritui</strong></span> <span class='ocrx_word' id='word_1_612' title='bbox 1160 4419 1358 4480; x_wconf 75' lang='lat' dir='ltr'><strong>nostra.</strong></span> <span class='ocrx_word' id='word_1_613' title='bbox 1392 4424 1528 4493; x_wconf 84' lang='lat' dir='ltr'><strong>quod</strong></span> <span class='ocrx_word' id='word_1_614' title='bbox 1559 4419 1738 4477; x_wconf 77' lang='lat' dir='ltr'><strong>sumus</strong></span> <span class='ocrx_word' id='word_1_615' title='bbox 1765 4425 1864 4490; x_wconf 80' lang='lat' dir='ltr'><strong>ﬁlii</strong></span> <span class='ocrx_word' id='word_1_616' title='bbox 1899 4424 2014 4478; x_wconf 83' lang='lat' dir='ltr'><strong>Dei.</strong></span> 
     </span>
    </p>
   </div>
   <div class='ocr_carea' id='block_1_83' title="bbox 2125 3862 3710 3927">
    <p class='ocr_par' dir='ltr' id='par_1_83' title="bbox 2125 3862 3710 3927">
     <span class='ocr_line' id='line_1_85' title="bbox 2125 3862 3710 3927; baseline 0.001 -10"><span class='ocrx_word' id='word_1_617' title='bbox 2125 3866 2465 3918; x_wconf 82' lang='lat' dir='ltr'><strong>auditionem</strong></span> <span class='ocrx_word' id='word_1_618' title='bbox 2499 3866 2552 3918; x_wconf 90' lang='lat' dir='ltr'><strong>in</strong></span> <span class='ocrx_word' id='word_1_619' title='bbox 2590 3865 2683 3919; x_wconf 91' lang='lat' dir='ltr'><strong>illo</strong></span> <span class='ocrx_word' id='word_1_620' title='bbox 2711 3879 2834 3920; x_wconf 88' lang='lat' dir='ltr'><strong>esse</strong></span> <span class='ocrx_word' id='word_1_621' title='bbox 2863 3864 3186 3927; x_wconf 89' lang='lat' dir='ltr'><strong>scientiam,</strong></span> <span class='ocrx_word' id='word_1_622' title='bbox 3235 3862 3529 3918; x_wconf 86' lang='lat' dir='ltr'><strong>scientiam</strong></span> <span class='ocrx_word' id='word_1_623' title='bbox 3579 3878 3710 3919; x_wconf 79' lang='lat' dir='ltr'><strong>vero</strong></span> 
     </span>
    </p>
   </div>
   <div class='ocr_carea' id='block_1_84' title="bbox 2125 3934 3712 4004">
    <p class='ocr_par' dir='ltr' id='par_1_84' title="bbox 2125 3934 3712 4004">
     <span class='ocr_line' id='line_1_86' title="bbox 2125 3934 3712 4004; baseline 0 -16"><span class='ocrx_word' id='word_1_624' title='bbox 2125 3937 2466 3998; x_wconf 82' lang='lat' dir='ltr'><strong>essentiam;</strong></span> <span class='ocrx_word' id='word_1_625' title='bbox 2526 3951 2626 3990; x_wconf 89' lang='lat' dir='ltr'><strong>nec</strong></span> <span class='ocrx_word' id='word_1_626' title='bbox 2686 3937 2932 4004; x_wconf 82' lang='lat' dir='ltr'><strong>indigere</strong></span> <span class='ocrx_word' id='word_1_627' title='bbox 2982 3934 3252 4004; x_wconf 88' lang='lat' dir='ltr'><strong>Spiritum</strong></span> <span class='ocrx_word' id='word_1_628' title='bbox 3305 3945 3559 3988; x_wconf 84' lang='lat' dir='ltr'><strong>sanetum</strong></span> <span class='ocrx_word' id='word_1_629' title='bbox 3607 3936 3712 3988; x_wconf 84' lang='lat' dir='ltr'><strong>do-</strong></span> 
     </span>
    </p>
   </div>
   <div class='ocr_carea' id='block_1_85' title="bbox 2129 4005 3714 4073">
    <p class='ocr_par' dir='ltr' id='par_1_85' title="bbox 2129 4005 3714 4073">
     <span class='ocr_line' id='line_1_87' title="bbox 2129 4005 3714 4073; baseline 0 -15"><span class='ocrx_word' id='word_1_630' title='bbox 2129 4007 2329 4070; x_wconf 88' lang='lat' dir='ltr'><strong>ctrina,</strong></span> <span class='ocrx_word' id='word_1_631' title='bbox 2355 4013 2542 4073; x_wconf 77' lang='lat' dir='ltr'><strong>utpote</strong></span> <span class='ocrx_word' id='word_1_632' title='bbox 2577 4005 2975 4058; x_wconf 76' lang='grc' dir='ltr'>αὐτοδίδακτον.</span> <span class='ocrx_word' id='word_1_633' title='bbox 3030 4006 3279 4056; x_wconf 85' lang='lat' dir='ltr'><strong>Attamen</strong></span> <span class='ocrx_word' id='word_1_634' title='bbox 3309 4044 3321 4065; x_wconf 93' lang='lat'><strong>,</strong></span> <span class='ocrx_word' id='word_1_635' title='bbox 3361 4005 3493 4072; x_wconf 87' lang='lat' dir='ltr'><strong>quia</strong></span> <span class='ocrx_word' id='word_1_636' title='bbox 3533 4005 3714 4058; x_wconf 79' lang='lat' dir='ltr'><strong>scien-</strong></span> 
     </span>
    </p>
   </div>
   <div class='ocr_carea' id='block_1_86' title="bbox 2126 4073 3709 4144">
    <p class='ocr_par' dir='ltr' id='par_1_86' title="bbox 2126 4073 3709 4144">
     <span class='ocr_line' id='line_1_88' title="bbox 2126 4073 3709 4144; baseline 0 -16"><span class='ocrx_word' id='word_1_637' title='bbox 2126 4079 2256 4128; x_wconf 85' lang='lat' dir='ltr'><strong>tiam</strong></span> <span class='ocrx_word' id='word_1_638' title='bbox 2287 4084 2594 4144; x_wconf 64' lang='lat' dir='ltr'><strong>cieteraque</strong></span> <span class='ocrx_word' id='word_1_639' title='bbox 2623 4078 2806 4128; x_wconf 89' lang='lat' dir='ltr'><strong>omnia</strong></span> <span class='ocrx_word' id='word_1_640' title='bbox 2841 4077 3004 4129; x_wconf 87' lang='lat' dir='ltr'><strong>habet</strong></span> <span class='ocrx_word' id='word_1_641' title='bbox 3038 4073 3277 4144; x_wconf 87' lang='lat' dir='ltr'><strong>Spiritus</strong></span> <span class='ocrx_word' id='word_1_642' title='bbox 3310 4089 3338 4126; x_wconf 88' lang='lat' dir='ltr'><strong>a</strong></span> <span class='ocrx_word' id='word_1_643' title='bbox 3375 4074 3516 4127; x_wconf 83' lang='lat' dir='ltr'><strong>Filio</strong></span> <span class='ocrx_word' id='word_1_644' title='bbox 3538 4114 3551 4134; x_wconf 94' lang='lat'><strong>,</strong></span> <span class='ocrx_word' id='word_1_645' title='bbox 3585 4082 3709 4128; x_wconf 74' lang='lat' dir='ltr'><strong>tan-</strong></span> 
     </span>
    </p>
   </div>
   <div class='ocr_carea' id='block_1_87' title="bbox 2126 4145 3701 4214">
    <p class='ocr_par' dir='ltr' id='par_1_87' title="bbox 2126 4145 3701 4214">
     <span class='ocr_line' id='line_1_89' title="bbox 2126 4145 3701 4214; baseline 0.001 -18"><span class='ocrx_word' id='word_1_646' title='bbox 2126 4161 2288 4212; x_wconf 91' lang='lat' dir='ltr'><strong>quam</strong></span> <span class='ocrx_word' id='word_1_647' title='bbox 2329 4161 2356 4197; x_wconf 71' lang='grc' dir='ltr'><strong>ιι</strong></span> <span class='ocrx_word' id='word_1_648' title='bbox 2391 4146 2764 4214; x_wconf 89' lang='lat' dir='ltr'><strong>processionis</strong></span> <span class='ocrx_word' id='word_1_649' title='bbox 2808 4146 3114 4214; x_wconf 88' lang='lat' dir='ltr'><strong>principio,</strong></span> <span class='ocrx_word' id='word_1_650' title='bbox 3162 4145 3701 4214; x_wconf 15' lang='lat' dir='ltr'><strong>utcunquerratione</strong></span> 
     </span>
    </p>
   </div>
   <div class='ocr_carea' id='block_1_88' title="bbox 2126 4213 3708 4283">
    <p class='ocr_par' dir='ltr' id='par_1_88' title="bbox 2126 4213 3708 4283">
     <span class='ocr_line' id='line_1_90' title="bbox 2126 4213 3708 4283; baseline 0.002 -18"><span class='ocrx_word' id='word_1_651' title='bbox 2126 4215 2362 4283; x_wconf 71' lang='lat' dir='ltr'><strong>originis</strong></span> <span class='ocrx_word' id='word_1_652' title='bbox 2394 4213 2506 4268; x_wconf 83' lang='lat' dir='ltr'><strong>dici</strong></span> <span class='ocrx_word' id='word_1_653' title='bbox 2539 4223 2719 4283; x_wconf 85' lang='lat' dir='ltr'><strong>potest</strong></span> <span class='ocrx_word' id='word_1_654' title='bbox 2735 4213 2821 4283; x_wconf 80' lang='lat' dir='ltr'><strong>_ab</strong></span> <span class='ocrx_word' id='word_1_655' title='bbox 2841 4231 2914 4283; x_wconf 79' lang='lat' dir='ltr'><strong>eo</strong></span> <span class='ocrx_word' id='word_1_656' title='bbox 2943 4218 3169 4283; x_wconf 78' lang='lat' dir='ltr'><strong>edoctus</strong></span> <span class='ocrx_word' id='word_1_657' title='bbox 3197 4234 3208 4267; x_wconf 91' lang='lat'>:</span> <span class='ocrx_word' id='word_1_658' title='bbox 3241 4213 3708 4283; x_wconf 52' lang='lat' dir='ltr'><strong>queiiiatliiiodiim</strong></span> 
     </span>
    </p>
   </div>
   <div class='ocr_carea' id='block_1_89' title="bbox 2118 4275 3711 4345">
    <p class='ocr_par' dir='ltr' id='par_1_89' title="bbox 2118 4275 3711 4345">
     <span class='ocr_line' id='line_1_91' title="bbox 2118 4275 3711 4345; baseline -0.006 -10"><span class='ocrx_word' id='word_1_659' title='bbox 2118 4275 2306 4335; x_wconf 65' lang='lat' dir='ltr'><strong>eadem</strong></span> <span class='ocrx_word' id='word_1_660' title='bbox 2334 4281 2400 4333; x_wconf 91' lang='lat' dir='ltr'><strong>de</strong></span> <span class='ocrx_word' id='word_1_661' title='bbox 2423 4275 2587 4333; x_wconf 76' lang='lat' dir='ltr'><strong>causa</strong></span> <span class='ocrx_word' id='word_1_662' title='bbox 2613 4295 2705 4345; x_wconf 86' lang='lat' dir='ltr'><strong>per</strong></span> <span class='ocrx_word' id='word_1_663' title='bbox 2733 4279 2792 4330; x_wconf 85' lang='grc' dir='ltr'>Β.</span> <span class='ocrx_word' id='word_1_664' title='bbox 2827 4279 3190 4330; x_wconf 82' lang='lat' dir='ltr'><strong>Athanasium</strong></span> <span class='ocrx_word' id='word_1_665' title='bbox 3226 4275 3481 4329; x_wconf 71' lang='lat' dir='ltr'><strong>o&#39;ralione</strong></span> <span class='ocrx_word' id='word_1_666' title='bbox 3516 4275 3552 4328; x_wconf 73' lang='grc'>2</span> <span class='ocrx_word' id='word_1_667' title='bbox 3581 4291 3711 4326; x_wconf 85' lang='lat' dir='ltr'><strong>con-</strong></span> 
     </span>
    </p>
   </div>
   <div class='ocr_carea' id='block_1_90' title="bbox 2120 4345 3705 4418">
    <p class='ocr_par' dir='ltr' id='par_1_90' title="bbox 2120 4345 3705 4418">
     <span class='ocr_line' id='line_1_92' title="bbox 2120 4345 3705 4418; baseline -0.003 -16"><span class='ocrx_word' id='word_1_668' title='bbox 2120 4363 2204 4403; x_wconf 82' lang='lat' dir='ltr'><strong>tra</strong></span> <span class='ocrx_word' id='word_1_669' title='bbox 2239 4352 2488 4412; x_wconf 81' lang='lat' dir='ltr'><strong>Arianos,</strong></span> <span class='ocrx_word' id='word_1_670' title='bbox 2519 4365 2571 4418; x_wconf 91' lang='lat' dir='ltr'><strong>p.</strong></span> <span class='ocrx_word' id='word_1_671' title='bbox 2606 4349 2732 4412; x_wconf 76' lang='grc'>557,</span> <span class='ocrx_word' id='word_1_672' title='bbox 2760 4349 2940 4400; x_wconf 88' lang='lat' dir='ltr'><strong>minor</strong></span> <span class='ocrx_word' id='word_1_673' title='bbox 2967 4349 3058 4400; x_wconf 91' lang='lat' dir='ltr'><strong>illo</strong></span> <span class='ocrx_word' id='word_1_674' title='bbox 3086 4347 3435 4418; x_wconf 69' lang='lat' dir='ltr'><strong>praedicatur.</strong></span> <span class='ocrx_word' id='word_1_675' title='bbox 3478 4345 3705 4418; x_wconf 29' lang='lat' dir='ltr'><strong>Peticus</strong></span> 
     </span>
    </p>
   </div>
   <div class='ocr_carea' id='block_1_91' title="bbox 2121 4415 3712 4488">
    <p class='ocr_par' dir='ltr' id='par_1_91' title="bbox 2121 4415 3712 4488">
     <span class='ocr_line' id='line_1_93' title="bbox 2121 4415 3712 4488; baseline -0.004 -14"><span class='ocrx_word' id='word_1_676' title='bbox 2121 4422 2394 4474; x_wconf 84' lang='lat' dir='ltr'><strong>Iosissime</strong></span> <span class='ocrx_word' id='word_1_677' title='bbox 2421 4415 2547 4472; x_wconf 83' lang='lat' dir='ltr'><strong>\ero</strong></span> <span class='ocrx_word' id='word_1_678' title='bbox 2569 4419 2829 4488; x_wconf 82' lang='lat' dir='ltr'><strong>Origenes</strong></span> <span class='ocrx_word' id='word_1_679' title='bbox 2858 4429 3006 4488; x_wconf 68' lang='lat' dir='ltr'><strong>tonio</strong></span> <span class='ocrx_word' id='word_1_680' title='bbox 3031 4415 3097 4468; x_wconf 80' lang='lat' dir='ltr'><strong>ni</strong></span> <span class='ocrx_word' id='word_1_681' title='bbox 3131 4419 3186 4468; x_wconf 85' lang='lat' dir='ltr'><strong>in</strong></span> <span class='ocrx_word' id='word_1_682' title='bbox 3207 4415 3498 4479; x_wconf 84' lang='lat' dir='ltr'><strong>Joannem,</strong></span> <span class='ocrx_word' id='word_1_683' title='bbox 3528 4415 3712 4468; x_wconf 71' lang='lat' dir='ltr'><strong>vocari</strong></span> 
     </span>
    </p>
   </div>
   <div class='ocr_carea' id='block_1_92' title="bbox 455 4485 3710 4560">
    <p class='ocr_par' dir='ltr' id='par_1_92' title="bbox 455 4485 3710 4560">
     <span class='ocr_line' id='line_1_94' title="bbox 455 4485 3710 4560; baseline -0.002 -19"><span class='ocrx_word' id='word_1_684' title='bbox 455 4487 476 4541; x_wconf 85' lang='grc' dir='ltr'><strong>Ι</strong></span> <span class='ocrx_word' id='word_1_685' title='bbox 508 4489 665 4560; x_wconf 80' lang='lat' dir='ltr'><strong>Joan.</strong></span> <span class='ocrx_word' id='word_1_686' title='bbox 693 4505 746 4560; x_wconf 73' lang='grc' dir='ltr'><strong>ν,</strong></span> <span class='ocrx_word' id='word_1_687' title='bbox 775 4485 988 4543; x_wconf 85' lang='lat' dir='ltr'><strong>8:Tres</strong></span> <span class='ocrx_word' id='word_1_688' title='bbox 1022 4496 1254 4560; x_wconf 79' lang='lat' dir='ltr'><strong>suntqui</strong></span> <span class='ocrx_word' id='word_1_689' title='bbox 1287 4485 1640 4547; x_wconf 76' lang='lat' dir='ltr'><strong>testimonium</strong></span> <span class='ocrx_word' id='word_1_690' title='bbox 1670 4485 1798 4545; x_wconf 80' lang='lat' dir='ltr'><strong>dunt</strong></span> <span class='ocrx_word' id='word_1_691' title='bbox 1831 4495 1881 4544; x_wconf 88' lang='lat' dir='ltr'><strong>in</strong></span> <span class='ocrx_word' id='word_1_692' title='bbox 1914 4505 2018 4545; x_wconf 83' lang='lat' dir='ltr'><strong>ter-</strong></span> <span class='ocrx_word' id='word_1_693' title='bbox 2049 4485 2096 4543; x_wconf 88' lang='lat' dir='ltr'><strong>D</strong></span> <span class='ocrx_word' id='word_1_694' title='bbox 2123 4493 2236 4544; x_wconf 76' lang='lat' dir='ltr'><strong>vult</strong></span> <span class='ocrx_word' id='word_1_695' title='bbox 2287 4491 2338 4542; x_wconf 89' lang='lat' dir='ltr'><strong>in</strong></span> <span class='ocrx_word' id='word_1_696' title='bbox 2387 4485 2768 4560; x_wconf 62' lang='lat' dir='ltr'><strong>qumstionem,</strong></span> <span class='ocrx_word' id='word_1_697' title='bbox 2821 4505 2891 4560; x_wconf 83' lang='lat' dir='ltr'><strong>an</strong></span> <span class='ocrx_word' id='word_1_698' title='bbox 2940 4486 3178 4560; x_wconf 87' lang='lat' dir='ltr'><strong>Spiritus</strong></span> <span class='ocrx_word' id='word_1_699' title='bbox 3219 4496 3446 4560; x_wconf 69' lang='lat' dir='ltr'><strong>sanctus</strong></span> <span class='ocrx_word' id='word_1_700' title='bbox 3476 4525 3492 4546; x_wconf 95' lang='lat'><strong>,</strong></span> <span class='ocrx_word' id='word_1_701' title='bbox 3548 4500 3710 4560; x_wconf 81' lang='lat' dir='ltr'><strong>quem</strong></span> 
     </span>
    </p>
   </div>
   <div class='ocr_carea' id='block_1_93' title="bbox 452 4559 2020 4632">
    <p class='ocr_par' dir='ltr' id='par_1_93' title="bbox 452 4559 2020 4632">
     <span class='ocr_line' id='line_1_95' title="bbox 452 4559 2020 4632; baseline 0.002 -21"><span class='ocrx_word' id='word_1_702' title='bbox 452 4574 552 4632; x_wconf 67' lang='lat' dir='ltr'><strong>ra:</strong></span> <span class='ocrx_word' id='word_1_703' title='bbox 586 4559 839 4632; x_wconf 70' lang='lat' dir='ltr'><strong>Spiritus,</strong></span> <span class='ocrx_word' id='word_1_704' title='bbox 865 4577 999 4632; x_wconf 84' lang='lat' dir='ltr'><strong>aqua</strong></span> <span class='ocrx_word' id='word_1_705' title='bbox 1027 4572 1075 4632; x_wconf 75' lang='lat' dir='ltr'><strong>et</strong></span> <span class='ocrx_word' id='word_1_706' title='bbox 1105 4566 1340 4632; x_wconf 85' lang='lat' dir='ltr'><strong>sanguis.</strong></span> <span class='ocrx_word' id='word_1_707' title='bbox 1365 4565 1467 4628; x_wconf 82' lang='lat' dir='ltr'><strong>Qui</strong></span> <span class='ocrx_word' id='word_1_708' title='bbox 1499 4564 1532 4616; x_wconf 71' lang='grc'><strong>2</strong></span> <span class='ocrx_word' id='word_1_709' title='bbox 1562 4567 1714 4617; x_wconf 88' lang='lat' dir='ltr'><strong>locus</strong></span> <span class='ocrx_word' id='word_1_710' title='bbox 1743 4580 1770 4615; x_wconf 93' lang='lat' dir='ltr'><strong>a</strong></span> <span class='ocrx_word' id='word_1_711' title='bbox 1799 4563 1855 4616; x_wconf 84' lang='grc' dir='ltr'>Β.</span> <span class='ocrx_word' id='word_1_712' title='bbox 1877 4563 2020 4632; x_wconf 65' lang='lat' dir='ltr'><strong>Ani-</strong></span> 
     </span>
    </p>
   </div>
   <div class='ocr_carea' id='block_1_94' title="bbox 455 4630 2018 4703">
    <p class='ocr_par' dir='ltr' id='par_1_94' title="bbox 455 4630 2018 4703">
     <span class='ocr_line' id='line_1_96' title="bbox 455 4630 2018 4703; baseline 0.002 -21"><span class='ocrx_word' id='word_1_713' title='bbox 455 4630 678 4703; x_wconf 78' lang='lat' dir='ltr'><strong>brosio,</strong></span> <span class='ocrx_word' id='word_1_714' title='bbox 746 4630 839 4703; x_wconf 85' lang='lat' dir='ltr'><strong>lib.</strong></span> <span class='ocrx_word' id='word_1_715' title='bbox 881 4647 895 4682; x_wconf 87' lang='grc' dir='ltr'><strong>ι</strong></span> <span class='ocrx_word' id='word_1_716' title='bbox 936 4630 1242 4703; x_wconf 15' lang='lat' dir='ltr'><strong>DciSpiritu</strong></span> <span class='ocrx_word' id='word_1_717' title='bbox 1271 4644 1488 4694; x_wconf 72' lang='lat' dir='ltr'><strong>sancto,</strong></span> <span class='ocrx_word' id='word_1_718' title='bbox 1521 4650 1640 4703; x_wconf 79' lang='lat' dir='ltr'><strong>cap.</strong></span> <span class='ocrx_word' id='word_1_719' title='bbox 1671 4636 1703 4686; x_wconf 82' lang='lat'><strong>6</strong></span> <span class='ocrx_word' id='word_1_720' title='bbox 1729 4674 1742 4694; x_wconf 93' lang='lat'><strong>,</strong></span> <span class='ocrx_word' id='word_1_721' title='bbox 1775 4641 1827 4684; x_wconf 83' lang='lat' dir='ltr'><strong>et</strong></span> <span class='ocrx_word' id='word_1_722' title='bbox 1861 4631 2018 4685; x_wconf 76' lang='lat' dir='ltr'><strong>Libro</strong></span> 
     </span>
    </p>
   </div>
   <div class='ocr_carea' id='block_1_95' title="bbox 451 4699 1979 4773">
    <p class='ocr_par' dir='ltr' id='par_1_95' title="bbox 451 4699 1979 4773">
     <span class='ocr_line' id='line_1_97' title="bbox 451 4699 1979 4773; baseline 0.004 -23"><span class='ocrx_word' id='word_1_723' title='bbox 451 4699 518 4752; x_wconf 85' lang='lat' dir='ltr'><strong>de</strong></span> <span class='ocrx_word' id='word_1_724' title='bbox 542 4699 971 4773; x_wconf 63' lang='lat' dir='ltr'><strong>initiandiscap.</strong></span> <span class='ocrx_word' id='word_1_725' title='bbox 1006 4699 1394 4770; x_wconf 34' lang='lat' dir='ltr'><strong>Ilii-xpoxiittii&#39;</strong></span> <span class='ocrx_word' id='word_1_726' title='bbox 1421 4705 1488 4757; x_wconf 89' lang='lat' dir='ltr'><strong>de</strong></span> <span class='ocrx_word' id='word_1_727' title='bbox 1521 4699 1810 4773; x_wconf 78' lang='lat' dir='ltr'><strong>baptismo.</strong></span> <span class='ocrx_word' id='word_1_728' title='bbox 1843 4703 1979 4756; x_wconf 77' lang='lat' dir='ltr'><strong>Cor.</strong></span> 
     </span>
    </p>
   </div>
   <div class='ocr_carea' id='block_1_96' title="bbox 527 4769 2014 4842">
    <p class='ocr_par' dir='ltr' id='par_1_96' title="bbox 527 4769 2014 4842">
     <span class='ocr_line' id='line_1_98' title="bbox 527 4769 2014 4842; baseline 0.004 -22"><span class='ocrx_word' id='word_1_729' title='bbox 527 4769 638 4838; x_wconf 89' lang='lat'><strong>(98)</strong></span> <span class='ocrx_word' id='word_1_730' title='bbox 687 4769 773 4822; x_wconf 84' lang='lat' dir='ltr'><strong>Td.</strong></span> <span class='ocrx_word' id='word_1_731' title='bbox 808 4769 924 4823; x_wconf 81' lang='lat' dir='ltr'><strong>llic</strong></span> <span class='ocrx_word' id='word_1_732' title='bbox 960 4780 1012 4824; x_wconf 90' lang='lat' dir='ltr'><strong>et</strong></span> <span class='ocrx_word' id='word_1_733' title='bbox 1044 4769 1204 4839; x_wconf 83' lang='lat' dir='ltr'><strong>paulo</strong></span> <span class='ocrx_word' id='word_1_734' title='bbox 1260 4782 1382 4842; x_wconf 88' lang='lat' dir='ltr'><strong>post</strong></span> <span class='ocrx_word' id='word_1_735' title='bbox 1432 4773 1526 4825; x_wconf 86' lang='grc' dir='ltr'><strong>τοῦ</strong></span> <span class='ocrx_word' id='word_1_736' title='bbox 1562 4769 1606 4838; x_wconf 65' lang='grc'>,⁷</span> <span class='ocrx_word' id='word_1_737' title='bbox 1633 4773 2014 4828; x_wconf 88' lang='lat' dir='ltr'><strong>subaudiendo</strong></span> 
     </span>
    </p>
   </div>
   <div class='ocr_carea' id='block_1_97' title="bbox 455 4838 1652 4910">
    <p class='ocr_par' dir='ltr' id='par_1_97' title="bbox 455 4838 1652 4910">
     <span class='ocr_line' id='line_1_99' title="bbox 455 4838 1652 4910; baseline 0.008 -21"><span class='ocrx_word' id='word_1_738' title='bbox 455 4838 730 4910; x_wconf 53' lang='lat' dir='ltr'><strong>papa-pm;</strong></span> <span class='ocrx_word' id='word_1_739' title='bbox 752 4855 826 4910; x_wconf 22' lang='lat' dir='ltr'><strong>,Ae</strong></span> <span class='ocrx_word' id='word_1_740' title='bbox 857 4838 1227 4910; x_wconf 83' lang='lat' dir='ltr'><strong>superioribus</strong></span> <span class='ocrx_word' id='word_1_741' title='bbox 1257 4838 1456 4898; x_wconf 53' lang='lat' dir='ltr'><strong>uerbis.</strong></span> <span class='ocrx_word' id='word_1_742' title='bbox 1481 4843 1652 4898; x_wconf 72' lang='lat' dir='ltr'><strong>Cum.</strong></span> 
     </span>
    </p>
   </div>
   <div class='ocr_carea' id='block_1_98' title="bbox 529 4907 2016 4980">
    <p class='ocr_par' dir='ltr' id='par_1_98' title="bbox 529 4907 2016 4980">
     <span class='ocr_line' id='line_1_100' title="bbox 529 4907 2016 4980; baseline 0.005 -20"><span class='ocrx_word' id='word_1_743' title='bbox 529 4907 788 4975; x_wconf 25' lang='lat' dir='ltr'><strong>(99)’Kal</strong></span> <span class='ocrx_word' id='word_1_744' title='bbox 838 4907 939 4963; x_wconf 66' lang='grc' dir='ltr'><strong>ὑπἱ</strong></span> <span class='ocrx_word' id='word_1_745' title='bbox 985 4911 1220 4965; x_wconf 76' lang='grc' dir='ltr'>ἐκείνου</span> <span class='ocrx_word' id='word_1_746' title='bbox 1277 4911 1732 4980; x_wconf 76' lang='grc' dir='ltr'>διδασκόμενον.</span> <span class='ocrx_word' id='word_1_747' title='bbox 1787 4910 2016 4967; x_wconf 84' lang='lat' dir='ltr'><strong>Joannis</strong></span> 
     </span>
    </p>
   </div>
   <div class='ocr_carea' id='block_1_99' title="bbox 455 4981 2018 5046">
    <p class='ocr_par' dir='ltr' id='par_1_99' title="bbox 455 4981 2018 5046">
     <span class='ocr_line' id='line_1_101' title="bbox 455 4981 2018 5046; baseline -0.008 1"><span class='ocrx_word' id='word_1_748' title='bbox 455 4992 578 5046; x_wconf 62' lang='grc' dir='ltr'><strong>(ξηιλ</strong></span> <span class='ocrx_word' id='word_1_749' title='bbox 616 4993 740 5040; x_wconf 66' lang='grc' dir='ltr'><strong>ινιτ</strong></span> <span class='ocrx_word' id='word_1_750' title='bbox 789 4994 935 5033; x_wconf 84' lang='lat' dir='ltr'><strong>vers.</strong></span> <span class='ocrx_word' id='word_1_751' title='bbox 971 4981 1073 5041; x_wconf 79' lang='lat' dir='ltr'><strong>l3,</strong></span> <span class='ocrx_word' id='word_1_752' title='bbox 1110 4982 1214 5035; x_wconf 81' lang='lat' dir='ltr'><strong>M:</strong></span> <span class='ocrx_word' id='word_1_753' title='bbox 1269 4982 1402 5036; x_wconf 87' lang='lat' dir='ltr'><strong>Cum</strong></span> <span class='ocrx_word' id='word_1_754' title='bbox 1456 4994 1634 5035; x_wconf 87' lang='lat' dir='ltr'><strong>autem</strong></span> <span class='ocrx_word' id='word_1_755' title='bbox 1683 4984 1876 5035; x_wconf 82' lang='lat' dir='ltr'><strong>venerit</strong></span> <span class='ocrx_word' id='word_1_756' title='bbox 1928 4983 2018 5035; x_wconf 50' lang='lat' dir='ltr'><strong>ii’le</strong></span> 
     </span>
    </p>
   </div>
   <div class='ocr_carea' id='block_1_100' title="bbox 454 5045 2014 5114">
    <p class='ocr_par' dir='ltr' id='par_1_100' title="bbox 454 5045 2014 5114">
     <span class='ocr_line' id='line_1_102' title="bbox 454 5045 2014 5114; baseline 0.003 -14"><span class='ocrx_word' id='word_1_757' title='bbox 454 5045 687 5114; x_wconf 84' lang='lat' dir='ltr'><strong>Spiritus</strong></span> <span class='ocrx_word' id='word_1_758' title='bbox 737 5051 1007 5112; x_wconf 82' lang='lat' dir='ltr'><strong>veritatis,</strong></span> <span class='ocrx_word' id='word_1_759' title='bbox 1063 5050 1265 5104; x_wconf 84' lang='lat' dir='ltr'><strong>docebit</strong></span> <span class='ocrx_word' id='word_1_760' title='bbox 1316 5070 1402 5105; x_wconf 82' lang='lat' dir='ltr'><strong>vos</strong></span> <span class='ocrx_word' id='word_1_761' title='bbox 1446 5070 1649 5106; x_wconf 87' lang='lat' dir='ltr'><strong>omnem</strong></span> <span class='ocrx_word' id='word_1_762' title='bbox 1700 5054 2014 5105; x_wconf 73' lang='lat' dir='ltr'><strong>ceritatem:</strong></span> 
     </span>
    </p>
   </div>
   <div class='ocr_carea' id='block_1_101' title="bbox 453 5118 2018 5192">
    <p class='ocr_par' dir='ltr' id='par_1_101' title="bbox 453 5118 2018 5192">
     <span class='ocr_line' id='line_1_103' title="bbox 453 5118 2018 5192; baseline 0.004 -25"><span class='ocrx_word' id='word_1_763' title='bbox 453 5133 558 5192; x_wconf 75' lang='lat' dir='ltr'><strong>non</strong></span> <span class='ocrx_word' id='word_1_764' title='bbox 593 5119 729 5192; x_wconf 83' lang='lat' dir='ltr'><strong>enim</strong></span> <span class='ocrx_word' id='word_1_765' title='bbox 764 5118 1002 5188; x_wconf 85' lang='lat' dir='ltr'><strong>loquetur</strong></span> <span class='ocrx_word' id='word_1_766' title='bbox 1035 5137 1065 5172; x_wconf 92' lang='lat' dir='ltr'><strong><em>a</em></strong></span> <span class='ocrx_word' id='word_1_767' title='bbox 1098 5123 1413 5188; x_wconf 82' lang='lat' dir='ltr'><strong>semetipso;</strong></span> <span class='ocrx_word' id='word_1_768' title='bbox 1444 5122 1534 5175; x_wconf 86' lang='lat' dir='ltr'><strong>sed</strong></span> <span class='ocrx_word' id='word_1_769' title='bbox 1562 5139 1882 5192; x_wconf 76' lang='lat' dir='ltr'><strong>qumcunque</strong></span> <span class='ocrx_word' id='word_1_770' title='bbox 1919 5140 2018 5174; x_wconf 87' lang='lat' dir='ltr'><strong>au-</strong></span> 
     </span>
    </p>
   </div>
   <div class='ocr_carea' id='block_1_102' title="bbox 450 5186 2013 5259">
    <p class='ocr_par' dir='ltr' id='par_1_102' title="bbox 450 5186 2013 5259">
     <span class='ocr_line' id='line_1_104' title="bbox 450 5186 2013 5259; baseline 0.005 -21"><span class='ocrx_word' id='word_1_771' title='bbox 450 5186 560 5259; x_wconf 74' lang='lat' dir='ltr'><strong>diet</strong></span> <span class='ocrx_word' id='word_1_772' title='bbox 592 5186 845 5259; x_wconf 65' lang='lat' dir='ltr'><strong>loquetur.</strong></span> <span class='ocrx_word' id='word_1_773' title='bbox 876 5198 923 5241; x_wconf 87' lang='lat' dir='ltr'><strong>et</strong></span> <span class='ocrx_word' id='word_1_774' title='bbox 949 5207 1063 5259; x_wconf 72' lang='lat' dir='ltr'><strong>qua:</strong></span> <span class='ocrx_word' id='word_1_775' title='bbox 1093 5186 1306 5244; x_wconf 83' lang='lat' dir='ltr'><strong>ventura</strong></span> <span class='ocrx_word' id='word_1_776' title='bbox 1333 5202 1452 5244; x_wconf 77' lang='lat' dir='ltr'><strong>sunt</strong></span> <span class='ocrx_word' id='word_1_777' title='bbox 1485 5186 1816 5245; x_wconf 71' lang='lat' dir='ltr'><strong>annuntiabit</strong></span> <span class='ocrx_word' id='word_1_778' title='bbox 1850 5192 2013 5247; x_wconf 79' lang='lat' dir='ltr'><strong>vobis.</strong></span> 
     </span>
    </p>
   </div>
   <div class='ocr_carea' id='block_1_103' title="bbox 457 5254 2019 5331">
    <p class='ocr_par' dir='ltr' id='par_1_103' title="bbox 457 5254 2019 5331">
     <span class='ocr_line' id='line_1_105' title="bbox 457 5254 2019 5331; baseline 0.004 -24"><span class='ocrx_word' id='word_1_779' title='bbox 457 5254 667 5331; x_wconf 80' lang='lat' dir='ltr'><strong>l_lle_me</strong></span> <span class='ocrx_word' id='word_1_780' title='bbox 698 5254 1010 5331; x_wconf 48' lang='lat' dir='ltr'><strong>clariﬁcab&#39;it</strong></span> <span class='ocrx_word' id='word_1_781' title='bbox 1034 5276 1052 5322; x_wconf 91' lang='lat'><strong><em>;</em></strong></span> <span class='ocrx_word' id='word_1_782' title='bbox 1079 5263 1201 5329; x_wconf 87' lang='lat' dir='ltr'><strong>quia</strong></span> <span class='ocrx_word' id='word_1_783' title='bbox 1231 5261 1292 5314; x_wconf 87' lang='lat' dir='ltr'><strong>de</strong></span> <span class='ocrx_word' id='word_1_784' title='bbox 1321 5280 1432 5315; x_wconf 89' lang='lat' dir='ltr'><strong>meo</strong></span> <span class='ocrx_word' id='word_1_785' title='bbox 1459 5265 1705 5331; x_wconf 82' lang='lat' dir='ltr'><strong>accipiet,</strong></span> <span class='ocrx_word' id='word_1_786' title='bbox 1735 5272 1783 5315; x_wconf 90' lang='lat' dir='ltr'><strong>et</strong></span> <span class='ocrx_word' id='word_1_787' title='bbox 1812 5279 2019 5314; x_wconf 85' lang='lat' dir='ltr'><strong>annun-</strong></span> 
     </span>
    </p>
   </div>
   <div class='ocr_carea' id='block_1_104' title="bbox 458 5326 2018 5402">
    <p class='ocr_par' dir='ltr' id='par_1_104' title="bbox 458 5326 2018 5402">
     <span class='ocr_line' id='line_1_106' title="bbox 458 5326 2018 5402; baseline 0.004 -25"><span class='ocrx_word' id='word_1_788' title='bbox 458 5326 608 5402; x_wconf 72' lang='lat' dir='ltr'><strong>tiabit</strong></span> <span class='ocrx_word' id='word_1_789' title='bbox 639 5327 800 5402; x_wconf 61' lang='lat' dir='ltr'><strong>uobis.</strong></span> <span class='ocrx_word' id='word_1_790' title='bbox 830 5326 1037 5402; x_wconf 73' lang='lat' dir='ltr'><strong>Doguia</strong></span> <span class='ocrx_word' id='word_1_791' title='bbox 1058 5326 1298 5402; x_wconf 82' lang='lat' dir='ltr'><strong>_quidem</strong></span> <span class='ocrx_word' id='word_1_792' title='bbox 1339 5326 1667 5386; x_wconf 79' lang='lat' dir='ltr'><strong>catholicum</strong></span> <span class='ocrx_word' id='word_1_793' title='bbox 1706 5340 2018 5402; x_wconf 89' lang='lat' dir='ltr'><strong>proponunt</strong></span> 
     </span>
    </p>
   </div>
   <div class='ocr_carea' id='block_1_105' title="bbox 455 5393 2020 5470">
    <p class='ocr_par' dir='ltr' id='par_1_105' title="bbox 455 5393 2020 5470">
     <span class='ocr_line' id='line_1_107' title="bbox 455 5393 2020 5470; baseline 0.003 -22"><span class='ocrx_word' id='word_1_794' title='bbox 455 5393 713 5470; x_wconf 58' lang='lat' dir='ltr'><strong>Ecclesia:</strong></span> <span class='ocrx_word' id='word_1_795' title='bbox 765 5393 1012 5470; x_wconf 72' lang='lat' dir='ltr'><strong>magistri</strong></span> <span class='ocrx_word' id='word_1_796' title='bbox 1058 5393 1354 5470; x_wconf 71' lang='lat' dir='ltr'><strong>Didymus,</strong></span> <span class='ocrx_word' id='word_1_797' title='bbox 1400 5393 1843 5470; x_wconf 68' lang='lat' dir='ltr'><strong>Chrysostoinus.</strong></span> <span class='ocrx_word' id='word_1_798' title='bbox 1889 5401 2020 5453; x_wconf 76' lang='lat' dir='ltr'><strong>Ain-</strong></span> 
     </span>
    </p>
   </div>
   <div class='ocr_carea' id='block_1_106' title="bbox 452 5459 2014 5548">
    <p class='ocr_par' dir='ltr' id='par_1_106' title="bbox 452 5459 2014 5548">
     <span class='ocr_line' id='line_1_108' title="bbox 452 5459 2014 5548; baseline 0.003 -30"><span class='ocrx_word' id='word_1_799' title='bbox 452 5464 702 5548; x_wconf 84' lang='lat' dir='ltr'><strong>brosius,</strong></span> <span class='ocrx_word' id='word_1_800' title='bbox 748 5459 1089 5548; x_wconf 44' lang='lat' dir='ltr'><strong>Augustinus</strong></span> <span class='ocrx_word' id='word_1_801' title='bbox 1125 5459 1178 5523; x_wconf 73' lang='lat' dir='ltr'><strong>ei</strong></span> <span class='ocrx_word' id='word_1_802' title='bbox 1215 5459 1656 5548; x_wconf 70' lang='lat' dir='ltr'><strong>Theopbylactus</strong></span> <span class='ocrx_word' id='word_1_803' title='bbox 1686 5513 1700 5536; x_wconf 95' lang='lat'><strong>,</strong></span> <span class='ocrx_word' id='word_1_804' title='bbox 1748 5472 2014 5542; x_wconf 85' lang='lat' dir='ltr'><strong>Spiritum</strong></span> 
     </span>
    </p>
   </div>
   <div class='ocr_carea' id='block_1_107' title="bbox 455 5539 2016 5610">
    <p class='ocr_par' dir='ltr' id='par_1_107' title="bbox 455 5539 2016 5610">
     <span class='ocr_line' id='line_1_109' title="bbox 455 5539 2016 5610; baseline 0.005 -24"><span class='ocrx_word' id='word_1_805' title='bbox 455 5547 702 5610; x_wconf 72' lang='lat' dir='ltr'><strong>sanctum</strong></span> <span class='ocrx_word' id='word_1_806' title='bbox 717 5539 922 5610; x_wconf 47' lang='lat' dir='ltr'><strong>audire</strong></span> <span class='ocrx_word' id='word_1_807' title='bbox 966 5555 1028 5592; x_wconf 89' lang='lat' dir='ltr'><strong>ea</strong></span> <span class='ocrx_word' id='word_1_808' title='bbox 1074 5555 1194 5608; x_wconf 64' lang='lat' dir='ltr'><strong>qua:</strong></span> <span class='ocrx_word' id='word_1_809' title='bbox 1234 5556 1343 5593; x_wconf 86' lang='lat' dir='ltr'><strong>non</strong></span> <span class='ocrx_word' id='word_1_810' title='bbox 1370 5539 1636 5610; x_wconf 75' lang='lat' dir='ltr'><strong>ignorat;</strong></span> <span class='ocrx_word' id='word_1_811' title='bbox 1685 5539 1846 5595; x_wconf 79' lang='lat' dir='ltr'><strong>unain</strong></span> <span class='ocrx_word' id='word_1_812' title='bbox 1894 5556 2016 5594; x_wconf 86' lang='lat' dir='ltr'><strong>esse</strong></span> 
     </span>
    </p>
   </div>
   <div class='ocr_carea' id='block_1_108' title="bbox 455 5601 2017 5677">
    <p class='ocr_par' dir='ltr' id='par_1_108' title="bbox 455 5601 2017 5677">
     <span class='ocr_line' id='line_1_110' title="bbox 455 5601 2017 5677; baseline 0.005 -23"><span class='ocrx_word' id='word_1_813' title='bbox 455 5601 669 5677; x_wconf 82' lang='lat' dir='ltr'><strong>Patris,</strong></span> <span class='ocrx_word' id='word_1_814' title='bbox 711 5603 869 5677; x_wconf 70' lang='lat' dir='ltr'><strong>Filii,</strong></span> <span class='ocrx_word' id='word_1_815' title='bbox 910 5617 962 5661; x_wconf 89' lang='lat' dir='ltr'><strong>et</strong></span> <span class='ocrx_word' id='word_1_816' title='bbox 1003 5601 1175 5663; x_wconf 74' lang='lat' dir='ltr'><strong>salicti</strong></span> <span class='ocrx_word' id='word_1_817' title='bbox 1220 5601 1458 5677; x_wconf 66' lang='lat' dir='ltr'><strong>Spiritus</strong></span> <span class='ocrx_word' id='word_1_818' title='bbox 1502 5601 1822 5673; x_wconf 81' lang='lat' dir='ltr'><strong>scientiam,</strong></span> <span class='ocrx_word' id='word_1_819' title='bbox 1866 5619 1923 5662; x_wconf 87' lang='lat' dir='ltr'><strong>ut</strong></span> <span class='ocrx_word' id='word_1_820' title='bbox 1964 5619 2017 5663; x_wconf 87' lang='lat' dir='ltr'><strong>et</strong></span> 
     </span>
    </p>
   </div>
   <div class='ocr_carea' id='block_1_109' title="bbox 456 5674 2016 5749">
    <p class='ocr_par' dir='ltr' id='par_1_109' title="bbox 456 5674 2016 5749">
     <span class='ocr_line' id='line_1_111' title="bbox 456 5674 2016 5749; baseline 0.004 -25"><span class='ocrx_word' id='word_1_821' title='bbox 456 5674 853 5749; x_wconf 75' lang='lat' dir='ltr'><strong>substantiam;</strong></span> <span class='ocrx_word' id='word_1_822' title='bbox 889 5678 1075 5731; x_wconf 82' lang='lat' dir='ltr'><strong>audire</strong></span> <span class='ocrx_word' id='word_1_823' title='bbox 1106 5674 1366 5748; x_wconf 73' lang='lat' dir='ltr'><strong>Spiritum</strong></span> <span class='ocrx_word' id='word_1_824' title='bbox 1415 5693 1661 5734; x_wconf 79' lang='lat' dir='ltr'><strong>sanetum</strong></span> <span class='ocrx_word' id='word_1_825' title='bbox 1708 5695 1803 5749; x_wconf 88' lang='lat' dir='ltr'><strong>per</strong></span> <span class='ocrx_word' id='word_1_826' title='bbox 1835 5681 2016 5732; x_wconf 84' lang='lat' dir='ltr'><strong>unita-</strong></span> 
     </span>
    </p>
   </div>
   <div class='ocr_carea' id='block_1_110' title="bbox 455 5743 2012 5822">
    <p class='ocr_par' dir='ltr' id='par_1_110' title="bbox 455 5743 2012 5822">
     <span class='ocr_line' id='line_1_112' title="bbox 455 5743 2012 5822; baseline 0.008 -28"><span class='ocrx_word' id='word_1_827' title='bbox 455 5747 565 5796; x_wconf 88' lang='lat' dir='ltr'><strong>tem</strong></span> <span class='ocrx_word' id='word_1_828' title='bbox 622 5743 982 5813; x_wconf 75' lang='lat' dir='ltr'><strong>substantiac,</strong></span> <span class='ocrx_word' id='word_1_829' title='bbox 1036 5755 1087 5804; x_wconf 89' lang='lat' dir='ltr'><strong>et</strong></span> <span class='ocrx_word' id='word_1_830' title='bbox 1142 5743 1238 5819; x_wconf 77' lang='lat' dir='ltr'><strong>per</strong></span> <span class='ocrx_word' id='word_1_831' title='bbox 1293 5751 1677 5822; x_wconf 82' lang='lat' dir='ltr'><strong>proprietatem</strong></span> <span class='ocrx_word' id='word_1_832' title='bbox 1710 5743 2012 5817; x_wconf 59' lang='lat' dir='ltr'><strong>&#39;scieutiaa;</strong></span> 
     </span>
    </p>
   </div>
   <div class='ocr_carea' id='block_1_111' title="bbox 2119 4556 3712 4624">
    <p class='ocr_par' dir='ltr' id='par_1_111' title="bbox 2119 4556 3712 4624">
     <span class='ocr_line' id='line_1_113' title="bbox 2119 4556 3712 4624; baseline -0.005 -9"><span class='ocrx_word' id='word_1_833' title='bbox 2119 4561 2305 4615; x_wconf 89' lang='lat' dir='ltr'><strong>doceri</strong></span> <span class='ocrx_word' id='word_1_834' title='bbox 2341 4575 2371 4613; x_wconf 87' lang='lat' dir='ltr'><strong>a</strong></span> <span class='ocrx_word' id='word_1_835' title='bbox 2405 4556 2558 4612; x_wconf 19' lang='lat' dir='ltr'><strong>rFilio</strong></span> <span class='ocrx_word' id='word_1_836' title='bbox 2607 4576 2669 4612; x_wconf 86' lang='lat' dir='ltr'><strong>ex</strong></span> <span class='ocrx_word' id='word_1_837' title='bbox 2698 4558 2926 4612; x_wconf 83' lang='lat' dir='ltr'><strong>Joannis</strong></span> <span class='ocrx_word' id='word_1_838' title='bbox 2960 4575 3069 4621; x_wconf 74' lang='lat' dir='ltr'><strong>xiv,</strong></span> <span class='ocrx_word' id='word_1_839' title='bbox 3109 4559 3206 4619; x_wconf 75' lang='grc' dir='ltr'>Η,</span> <span class='ocrx_word' id='word_1_840' title='bbox 3242 4556 3487 4624; x_wconf 70' lang='lat' dir='ltr'><strong>colligit,</strong></span> <span class='ocrx_word' id='word_1_841' title='bbox 3527 4556 3712 4607; x_wconf 73' lang='lat' dir='ltr'><strong>omnia</strong></span> 
     </span>
    </p>
   </div>
   <div class='ocr_carea' id='block_1_112' title="bbox 2121 4624 3716 4700">
    <p class='ocr_par' dir='ltr' id='par_1_112' title="bbox 2121 4624 3716 4700">
     <span class='ocr_line' id='line_1_114' title="bbox 2121 4624 3716 4700; baseline -0.006 -14"><span class='ocrx_word' id='word_1_842' title='bbox 2121 4633 2303 4700; x_wconf 83' lang='lat' dir='ltr'><strong>capiat</strong></span> <span class='ocrx_word' id='word_1_843' title='bbox 2327 4647 2447 4698; x_wconf 69' lang='lat' dir='ltr'><strong>qua:</strong></span> <span class='ocrx_word' id='word_1_844' title='bbox 2495 4629 2666 4684; x_wconf 76' lang='lat' dir='ltr'><strong>Filius</strong></span> <span class='ocrx_word' id='word_1_845' title='bbox 2689 4629 3008 4694; x_wconf 62' lang='lat' dir='ltr'><strong>cognoscit;</strong></span> <span class='ocrx_word' id='word_1_846' title='bbox 3041 4628 3297 4700; x_wconf 67' lang='lat' dir='ltr'><strong>quamvis</strong></span> <span class='ocrx_word' id='word_1_847' title='bbox 3327 4636 3560 4700; x_wconf 82' lang='lat' dir='ltr'><strong>sanctus</strong></span> <span class='ocrx_word' id='word_1_848' title='bbox 3584 4624 3716 4700; x_wconf 78' lang='lat' dir='ltr'><strong>Spi-</strong></span> 
     </span>
    </p>
   </div>
   <div class='ocr_carea' id='block_1_113' title="bbox 2121 4695 3715 4766">
    <p class='ocr_par' dir='ltr' id='par_1_113' title="bbox 2121 4695 3715 4766">
     <span class='ocr_line' id='line_1_115' title="bbox 2121 4695 3715 4766; baseline -0.006 -10"><span class='ocrx_word' id='word_1_849' title='bbox 2121 4695 2261 4756; x_wconf 70' lang='lat' dir='ltr'><strong>ritiis</strong></span> <span class='ocrx_word' id='word_1_850' title='bbox 2301 4695 2607 4754; x_wconf 67' lang='grc' dir='ltr'>εὐλάϐειαν.</span> <span class='ocrx_word' id='word_1_851' title='bbox 2639 4701 3002 4761; x_wconf 78' lang='lat' dir='ltr'><strong>reverentiam,</strong></span> <span class='ocrx_word' id='word_1_852' title='bbox 3038 4695 3170 4751; x_wconf 85' lang='lat' dir='ltr'><strong>iiiibi</strong></span> <span class='ocrx_word' id='word_1_853' title='bbox 3205 4697 3551 4766; x_wconf 79' lang='lat' dir='ltr'><strong>proﬁteatur.</strong></span> <span class='ocrx_word' id='word_1_854' title='bbox 3575 4695 3715 4748; x_wconf 73' lang='lat' dir='ltr'><strong>Cor.</strong></span> 
     </span>
    </p>
   </div>
   <div class='ocr_carea' id='block_1_114' title="bbox 2193 4765 3719 4842">
    <p class='ocr_par' dir='ltr' id='par_1_114' title="bbox 2193 4765 3719 4842">
     <span class='ocr_line' id='line_1_116' title="bbox 2193 4765 3719 4842; baseline -0.005 -17"><span class='ocrx_word' id='word_1_855' title='bbox 2193 4770 2342 4842; x_wconf 68' lang='lat' dir='ltr'><strong>(lilii)</strong></span> <span class='ocrx_word' id='word_1_856' title='bbox 2385 4769 2884 4842; x_wconf 51' lang='lat' dir='ltr'><strong>‘Aaoteruwiég-og</strong></span> <span class='ocrx_word' id='word_1_857' title='bbox 2908 4767 2987 4833; x_wconf 79' lang='grc' dir='ltr'>τῷ</span> <span class='ocrx_word' id='word_1_858' title='bbox 3017 4765 3274 4842; x_wconf 55' lang='grc' dir='ltr'>Σατανᾷ,</span> <span class='ocrx_word' id='word_1_859' title='bbox 3321 4765 3541 4842; x_wconf 79' lang='lat' dir='ltr'><strong>etc._lta</strong></span> <span class='ocrx_word' id='word_1_860' title='bbox 3576 4766 3719 4842; x_wconf 84' lang='lat' dir='ltr'><strong>apud</strong></span> 
     </span>
    </p>
   </div>
   <div class='ocr_carea' id='block_1_115' title="bbox 2124 4837 3723 4908">
    <p class='ocr_par' dir='ltr' id='par_1_115' title="bbox 2124 4837 3723 4908">
     <span class='ocr_line' id='line_1_117' title="bbox 2124 4837 3723 4908; baseline -0.004 -12"><span class='ocrx_word' id='word_1_861' title='bbox 2124 4837 2477 4896; x_wconf 80' lang='lat' dir='ltr'><strong>Anastasium</strong></span> <span class='ocrx_word' id='word_1_862' title='bbox 2509 4837 2725 4895; x_wconf 75' lang='lat' dir='ltr'><strong>Codices</strong></span> <span class='ocrx_word' id='word_1_863' title='bbox 2758 4840 2908 4908; x_wconf 73' lang='lat' dir='ltr'><strong>Regii</strong></span> <span class='ocrx_word' id='word_1_864' title='bbox 2945 4857 2958 4891; x_wconf 91' lang='lat'>:</span> <span class='ocrx_word' id='word_1_865' title='bbox 2999 4840 3091 4891; x_wconf 92' lang='lat' dir='ltr'><strong>ubi</strong></span> <span class='ocrx_word' id='word_1_866' title='bbox 3122 4841 3175 4891; x_wconf 92' lang='lat' dir='ltr'><strong>in</strong></span> <span class='ocrx_word' id='word_1_867' title='bbox 3213 4838 3368 4908; x_wconf 81' lang='lat' dir='ltr'><strong>libris</strong></span> <span class='ocrx_word' id='word_1_868' title='bbox 3434 4837 3723 4908; x_wconf 68' lang='lat' dir='ltr'><strong>impressis</strong></span> 
     </span>
    </p>
   </div>
   <div class='ocr_carea' id='block_1_116' title="bbox 2125 4905 3722 4980">
    <p class='ocr_par' dir='ltr' id='par_1_116' title="bbox 2125 4905 3722 4980">
     <span class='ocr_line' id='line_1_118' title="bbox 2125 4905 3722 4980; baseline -0.005 -14"><span class='ocrx_word' id='word_1_869' title='bbox 2125 4915 2407 4973; x_wconf 74' lang='lat' dir='ltr'><strong>inseritur,</strong></span> <span class='ocrx_word' id='word_1_870' title='bbox 2456 4913 2549 4965; x_wconf 74' lang='grc' dir='ltr'>καὶ</span> <span class='ocrx_word' id='word_1_871' title='bbox 2584 4914 2716 4964; x_wconf 78' lang='grc' dir='ltr'>πᾶσι</span> <span class='ocrx_word' id='word_1_872' title='bbox 2751 4905 2863 4972; x_wconf 73' lang='grc' dir='ltr'>τοῖς</span> <span class='ocrx_word' id='word_1_873' title='bbox 2907 4909 3088 4980; x_wconf 75' lang='grc' dir='ltr'>ἔργοις</span> <span class='ocrx_word' id='word_1_874' title='bbox 3121 4907 3317 4980; x_wconf 79' lang='grc' dir='ltr'>αὐτοῦ,</span> <span class='ocrx_word' id='word_1_875' title='bbox 3351 4917 3406 4980; x_wconf 83' lang='lat' dir='ltr'><strong>et</strong></span> <span class='ocrx_word' id='word_1_876' title='bbox 3454 4908 3549 4960; x_wconf 87' lang='lat' dir='ltr'><strong>ubi</strong></span> <span class='ocrx_word' id='word_1_877' title='bbox 3581 4905 3722 4980; x_wconf 54' lang='lat' dir='ltr'><strong>Genf</strong></span> 
     </span>
    </p>
   </div>
   <div class='ocr_carea' id='block_1_117' title="bbox 2128 4976 3724 5051">
    <p class='ocr_par' dir='ltr' id='par_1_117' title="bbox 2128 4976 3724 5051">
     <span class='ocr_line' id='line_1_119' title="bbox 2128 4976 3724 5051; baseline -0.007 -13"><span class='ocrx_word' id='word_1_878' title='bbox 2128 4985 2308 5038; x_wconf 89' lang='lat' dir='ltr'><strong>tianus</strong></span> <span class='ocrx_word' id='word_1_879' title='bbox 2343 4983 2606 5036; x_wconf 80' lang='lat' dir='ltr'><strong>llenetus</strong></span> <span class='ocrx_word' id='word_1_880' title='bbox 2657 4983 2855 5051; x_wconf 75' lang='lat' dir='ltr'><strong>legisse</strong></span> <span class='ocrx_word' id='word_1_881' title='bbox 2884 4976 3116 5042; x_wconf 75' lang='lat' dir='ltr'><strong>videtur,</strong></span> <span class='ocrx_word' id='word_1_882' title='bbox 3153 4979 3524 5051; x_wconf 46' lang='lat' dir='ltr'><strong>TOEQSJHLOS}</strong></span> <span class='ocrx_word' id='word_1_883' title='bbox 3551 5015 3568 5040; x_wconf 90' lang='lat'><strong>,</strong></span> <span class='ocrx_word' id='word_1_884' title='bbox 3629 4976 3724 5028; x_wconf 73' lang='grc' dir='ltr'>καὶ</span> 
     </span>
    </p>
   </div>
   <div class='ocr_carea' id='block_1_118' title="bbox 2123 5049 3722 5117">
    <p class='ocr_par' dir='ltr' id='par_1_118' title="bbox 2123 5049 3722 5117">
     <span class='ocr_line' id='line_1_120' title="bbox 2123 5049 3722 5117; baseline -0.006 -11"><span class='ocrx_word' id='word_1_885' title='bbox 2123 5057 2246 5117; x_wconf 83' lang='grc' dir='ltr'>ταῖς</span> <span class='ocrx_word' id='word_1_886' title='bbox 2297 5055 2537 5114; x_wconf 84' lang='grc' dir='ltr'>ἀπάταις</span> <span class='ocrx_word' id='word_1_887' title='bbox 2572 5049 2784 5106; x_wconf 56' lang='grc' dir='ltr'>αὐτῶν</span> <span class='ocrx_word' id='word_1_888' title='bbox 2835 5052 2995 5103; x_wconf 72' lang='lat' dir='ltr'><strong>vertit</strong></span> <span class='ocrx_word' id='word_1_889' title='bbox 3049 5051 3194 5103; x_wconf 82' lang='lat' dir='ltr'><strong>enim</strong></span> <span class='ocrx_word' id='word_1_890' title='bbox 3249 5049 3630 5117; x_wconf 60' lang='lat' dir='ltr'><strong>divisionibus,</strong></span> <span class='ocrx_word' id='word_1_891' title='bbox 3673 5055 3722 5100; x_wconf 79' lang='lat' dir='ltr'><strong>et</strong></span> 
     </span>
    </p>
   </div>
   <div class='ocr_carea' id='block_1_119' title="bbox 2124 5116 3652 5191">
    <p class='ocr_par' dir='ltr' id='par_1_119' title="bbox 2124 5116 3652 5191">
     <span class='ocr_line' id='line_1_121' title="bbox 2124 5116 3652 5191; baseline -0.007 -11"><span class='ocrx_word' id='word_1_892' title='bbox 2124 5116 2306 5180; x_wconf 83' lang='lat' dir='ltr'><strong>eorum</strong></span> <span class='ocrx_word' id='word_1_893' title='bbox 2344 5123 2642 5191; x_wconf 76' lang='lat' dir='ltr'><strong>fraudibus.</strong></span> <span class='ocrx_word' id='word_1_894' title='bbox 2679 5123 2808 5176; x_wconf 75' lang='lat' dir='ltr'><strong>Vide</strong></span> <span class='ocrx_word' id='word_1_895' title='bbox 2846 5121 2986 5174; x_wconf 79' lang='lat' dir='ltr'><strong>infra</strong></span> <span class='ocrx_word' id='word_1_896' title='bbox 3026 5135 3144 5189; x_wconf 90' lang='lat' dir='ltr'><strong>cap.</strong></span> <span class='ocrx_word' id='word_1_897' title='bbox 3179 5120 3267 5182; x_wconf 67' lang='grc'><strong>41,</strong></span> <span class='ocrx_word' id='word_1_898' title='bbox 3299 5120 3395 5172; x_wconf 91' lang='lat' dir='ltr'><strong>lib.</strong></span> <span class='ocrx_word' id='word_1_899' title='bbox 3423 5135 3526 5191; x_wconf 66' lang='lat' dir='ltr'><strong>vii.</strong></span> <span class='ocrx_word' id='word_1_900' title='bbox 3573 5116 3652 5170; x_wconf 86' lang='lat' dir='ltr'><strong>lo.</strong></span> 
     </span>
    </p>
   </div>
   <div class='ocr_carea' id='block_1_120' title="bbox 2197 5187 3722 5264">
    <p class='ocr_par' dir='ltr' id='par_1_120' title="bbox 2197 5187 3722 5264">
     <span class='ocr_line' id='line_1_122' title="bbox 2197 5187 3722 5264; baseline -0.005 -18"><span class='ocrx_word' id='word_1_901' title='bbox 2197 5197 2277 5264; x_wconf 82' lang='grc'><strong>(1)</strong></span> <span class='ocrx_word' id='word_1_902' title='bbox 2315 5187 2446 5264; x_wconf 70' lang='grc' dir='ltr'>’Ὅτι</span> <span class='ocrx_word' id='word_1_903' title='bbox 2499 5193 2615 5246; x_wconf 86' lang='grc' dir='ltr'><strong>σοῦ</strong></span> <span class='ocrx_word' id='word_1_904' title='bbox 2667 5193 2838 5264; x_wconf 65' lang='grc' dir='ltr'>ἐστιν</span> <span class='ocrx_word' id='word_1_905' title='bbox 2867 5192 2906 5258; x_wconf 74' lang='grc' dir='ltr'>ἡ</span> <span class='ocrx_word' id='word_1_906' title='bbox 2951 5187 3280 5264; x_wconf 14' lang='grc' dir='ltr'>βασίλειαν.</span> <span class='ocrx_word' id='word_1_907' title='bbox 3310 5200 3416 5264; x_wconf 70' lang='lat' dir='ltr'><strong>etc.</strong></span> <span class='ocrx_word' id='word_1_908' title='bbox 3463 5187 3722 5264; x_wconf 78' lang='lat' dir='ltr'><strong>Clausula</strong></span> 
     </span>
    </p>
   </div>
   <div class='ocr_carea' id='block_1_121' title="bbox 2127 5259 3724 5325">
    <p class='ocr_par' dir='ltr' id='par_1_121' title="bbox 2127 5259 3724 5325">
     <span class='ocr_line' id='line_1_123' title="bbox 2127 5259 3724 5325; baseline -0.006 -6"><span class='ocrx_word' id='word_1_909' title='bbox 2127 5259 2396 5319; x_wconf 82' lang='lat' dir='ltr'><strong>orationis</strong></span> <span class='ocrx_word' id='word_1_910' title='bbox 2432 5263 2727 5317; x_wconf 80' lang='lat' dir='ltr'><strong>Dominica:</strong></span> <span class='ocrx_word' id='word_1_911' title='bbox 2766 5261 2954 5315; x_wconf 82' lang='lat' dir='ltr'><strong>Matth.</strong></span> <span class='ocrx_word' id='word_1_912' title='bbox 2991 5277 3076 5322; x_wconf 75' lang='lat' dir='ltr'><strong>v1,</strong></span> <span class='ocrx_word' id='word_1_913' title='bbox 3125 5263 3213 5325; x_wconf 77' lang='grc'><strong>15,</strong></span> <span class='ocrx_word' id='word_1_914' title='bbox 3247 5263 3299 5313; x_wconf 91' lang='lat' dir='ltr'><strong>in</strong></span> <span class='ocrx_word' id='word_1_915' title='bbox 3341 5259 3541 5313; x_wconf 58' lang='lat' dir='ltr'><strong>Gra‘co</strong></span> <span class='ocrx_word' id='word_1_916' title='bbox 3581 5261 3724 5311; x_wconf 86' lang='lat' dir='ltr'><strong>dun-</strong></span> 
     </span>
    </p>
   </div>
   <div class='ocr_carea' id='block_1_122' title="bbox 2129 5331 3726 5403">
    <p class='ocr_par' dir='ltr' id='par_1_122' title="bbox 2129 5331 3726 5403">
     <span class='ocr_line' id='line_1_124' title="bbox 2129 5331 3726 5403; baseline -0.005 -15"><span class='ocrx_word' id='word_1_917' title='bbox 2129 5345 2313 5403; x_wconf 48' lang='lat' dir='ltr'><strong>taxat.‘</strong></span> <span class='ocrx_word' id='word_1_918' title='bbox 2332 5337 2507 5400; x_wconf 82' lang='lat' dir='ltr'><strong>Quam</strong></span> <span class='ocrx_word' id='word_1_919' title='bbox 2547 5344 2725 5386; x_wconf 90' lang='lat' dir='ltr'><strong>tamen</strong></span> <span class='ocrx_word' id='word_1_920' title='bbox 2746 5333 2939 5403; x_wconf 83' lang='lat' dir='ltr'><strong>majori</strong></span> <span class='ocrx_word' id='word_1_921' title='bbox 2963 5348 3026 5403; x_wconf 68' lang='lat' dir='ltr'><strong>ex</strong></span> <span class='ocrx_word' id='word_1_922' title='bbox 3049 5343 3201 5399; x_wconf 85' lang='lat' dir='ltr'><strong>parte</strong></span> <span class='ocrx_word' id='word_1_923' title='bbox 3235 5331 3510 5403; x_wconf 62' lang='lat' dir='ltr'><strong>agnoscit</strong></span> <span class='ocrx_word' id='word_1_924' title='bbox 3536 5340 3726 5382; x_wconf 88' lang='lat' dir='ltr'><strong>auctor</strong></span> 
     </span>
    </p>
   </div>
   <div class='ocr_carea' id='block_1_123' title="bbox 2133 5399 3723 5474">
    <p class='ocr_par' dir='ltr' id='par_1_123' title="bbox 2133 5399 3723 5474">
     <span class='ocr_line' id='line_1_125' title="bbox 2133 5399 3723 5474; baseline -0.008 -13"><span class='ocrx_word' id='word_1_925' title='bbox 2133 5399 2319 5472; x_wconf 80' lang='lat' dir='ltr'><strong>Operis</strong></span> <span class='ocrx_word' id='word_1_926' title='bbox 2360 5399 2653 5474; x_wconf 79' lang='lat' dir='ltr'><strong>imperfecti</strong></span> <span class='ocrx_word' id='word_1_927' title='bbox 2687 5405 2740 5456; x_wconf 91' lang='lat' dir='ltr'><strong>in</strong></span> <span class='ocrx_word' id='word_1_928' title='bbox 2781 5399 2912 5455; x_wconf 88' lang='lat' dir='ltr'><strong>illud</strong></span> <span class='ocrx_word' id='word_1_929' title='bbox 2937 5473 2942 5474; x_wconf 12' lang='grc' dir='ltr'>ί</span> <span class='ocrx_word' id='word_1_930' title='bbox 2967 5401 3319 5471; x_wconf 78' lang='lat' dir='ltr'><strong>Evangeliuin</strong></span> <span class='ocrx_word' id='word_1_931' title='bbox 3343 5441 3358 5461; x_wconf 90' lang='lat'><strong>,</strong></span> <span class='ocrx_word' id='word_1_932' title='bbox 3395 5399 3634 5474; x_wconf 72' lang='lat' dir='ltr'><strong>Latinus</strong></span> <span class='ocrx_word' id='word_1_933' title='bbox 3671 5408 3723 5449; x_wconf 87' lang='lat' dir='ltr'><strong>ut</strong></span> 
     </span>
    </p>
   </div>
   <div class='ocr_carea' id='block_1_124' title="bbox 2134 5470 3723 5542">
    <p class='ocr_par' dir='ltr' id='par_1_124' title="bbox 2134 5470 3723 5542">
     <span class='ocr_line' id='line_1_126' title="bbox 2134 5470 3723 5542; baseline -0.006 -13"><span class='ocrx_word' id='word_1_934' title='bbox 2134 5470 2369 5530; x_wconf 78' lang='lat' dir='ltr'><strong>videtur.</strong></span> <span class='ocrx_word' id='word_1_935' title='bbox 2410 5470 2539 5529; x_wconf 73' lang='lat' dir='ltr'><strong>Eani</strong></span> <span class='ocrx_word' id='word_1_936' title='bbox 2571 5475 2672 5528; x_wconf 82' lang='lat' dir='ltr'><strong>viri</strong></span> <span class='ocrx_word' id='word_1_937' title='bbox 2708 5474 2853 5527; x_wconf 90' lang='lat' dir='ltr'><strong>docti</strong></span> <span class='ocrx_word' id='word_1_938' title='bbox 2897 5473 3082 5542; x_wconf 87' lang='lat' dir='ltr'><strong>plures</strong></span> <span class='ocrx_word' id='word_1_939' title='bbox 3131 5470 3363 5525; x_wconf 81' lang='lat' dir='ltr'><strong>censent</strong></span> <span class='ocrx_word' id='word_1_940' title='bbox 3407 5487 3473 5524; x_wconf 81' lang='lat' dir='ltr'><strong>ex</strong></span> <span class='ocrx_word' id='word_1_941' title='bbox 3512 5470 3723 5523; x_wconf 73' lang='lat' dir='ltr'><strong>Consti-</strong></span> 
     </span>
    </p>
   </div>
   <div class='ocr_carea' id='block_1_125' title="bbox 2133 5541 3728 5613">
    <p class='ocr_par' dir='ltr' id='par_1_125' title="bbox 2133 5541 3728 5613">
     <span class='ocr_line' id='line_1_127' title="bbox 2133 5541 3728 5613; baseline -0.006 -13"><span class='ocrx_word' id='word_1_942' title='bbox 2133 5547 2427 5600; x_wconf 86' lang='lat' dir='ltr'><strong>tutionibus</strong></span> <span class='ocrx_word' id='word_1_943' title='bbox 2459 5545 2766 5613; x_wconf 81' lang='lat' dir='ltr'><strong>apostolicis</strong></span> <span class='ocrx_word' id='word_1_944' title='bbox 2796 5553 2848 5596; x_wconf 89' lang='lat' dir='ltr'><strong>et</strong></span> <span class='ocrx_word' id='word_1_945' title='bbox 2881 5541 2946 5596; x_wconf 76' lang='lat' dir='ltr'><strong>ex</strong></span> <span class='ocrx_word' id='word_1_946' title='bbox 2973 5541 3235 5610; x_wconf 82' lang='lat' dir='ltr'><strong>Liturgiis</strong></span> <span class='ocrx_word' id='word_1_947' title='bbox 3276 5543 3328 5613; x_wconf 86' lang='lat' dir='ltr'><strong>in</strong></span> <span class='ocrx_word' id='word_1_948' title='bbox 3355 5557 3584 5594; x_wconf 86' lang='lat' dir='ltr'><strong>sacrum</strong></span> <span class='ocrx_word' id='word_1_949' title='bbox 3627 5552 3728 5592; x_wconf 71' lang='lat' dir='ltr'><strong>tex-</strong></span> 
     </span>
    </p>
   </div>
   <div class='ocr_carea' id='block_1_126' title="bbox 2131 5612 3720 5686">
    <p class='ocr_par' dir='ltr' id='par_1_126' title="bbox 2131 5612 3720 5686">
     <span class='ocr_line' id='line_1_128' title="bbox 2131 5612 3720 5686; baseline -0.006 -16"><span class='ocrx_word' id='word_1_950' title='bbox 2131 5628 2246 5670; x_wconf 90' lang='lat' dir='ltr'><strong>tum</strong></span> <span class='ocrx_word' id='word_1_951' title='bbox 2313 5612 2601 5686; x_wconf 84' lang='lat' dir='ltr'><strong>irrepsisse</strong></span> <span class='ocrx_word' id='word_1_952' title='bbox 2625 5657 2640 5679; x_wconf 97' lang='lat'><strong>,</strong></span> <span class='ocrx_word' id='word_1_953' title='bbox 2687 5613 2977 5686; x_wconf 88' lang='lat' dir='ltr'><strong>probabili_</strong></span> <span class='ocrx_word' id='word_1_954' title='bbox 3009 5630 3140 5668; x_wconf 89' lang='lat' dir='ltr'><strong>sane</strong></span> <span class='ocrx_word' id='word_1_955' title='bbox 3186 5612 3396 5686; x_wconf 72' lang='lat' dir='ltr'><strong>judicio</strong></span> <span class='ocrx_word' id='word_1_956' title='bbox 3417 5651 3433 5672; x_wconf 96' lang='lat'><strong>,</strong></span> <span class='ocrx_word' id='word_1_957' title='bbox 3459 5623 3720 5686; x_wconf 55' lang='lat' dir='ltr'><strong>anaxime</strong></span> 
     </span>
    </p>
   </div>
   <div class='ocr_carea' id='block_1_127' title="bbox 2132 5681 3718 5756">
    <p class='ocr_par' dir='ltr' id='par_1_127' title="bbox 2132 5681 3718 5756">
     <span class='ocr_line' id='line_1_129' title="bbox 2132 5681 3718 5756; baseline -0.009 -14"><span class='ocrx_word' id='word_1_958' title='bbox 2132 5689 2259 5756; x_wconf 55' lang='lat' dir='ltr'><strong>quia</strong></span> <span class='ocrx_word' id='word_1_959' title='bbox 2295 5681 2443 5741; x_wconf 77' lang='lat' dir='ltr'><strong>varie</strong></span> <span class='ocrx_word' id='word_1_960' title='bbox 2465 5681 2705 5740; x_wconf 60' lang='lat' dir='ltr'><strong>cﬂ‘ertun</strong></span> <span class='ocrx_word' id='word_1_961' title='bbox 2721 5696 2829 5756; x_wconf 82' lang='lat' dir='ltr'><strong>tam</strong></span> <span class='ocrx_word' id='word_1_962' title='bbox 2867 5685 2928 5756; x_wconf 90' lang='lat' dir='ltr'><strong>in</strong></span> <span class='ocrx_word' id='word_1_963' title='bbox 2960 5683 3222 5756; x_wconf 79' lang='lat' dir='ltr'><strong>Liturgiis</strong></span> <span class='ocrx_word' id='word_1_964' title='bbox 3257 5694 3307 5736; x_wconf 83' lang='lat' dir='ltr'><strong>et</strong></span> <span class='ocrx_word' id='word_1_965' title='bbox 3337 5681 3718 5756; x_wconf 48' lang='lat' dir='ltr'><strong>Etlcllnlugltl,</strong></span> 
     </span>
    </p>
   </div>
   <div class='ocr_carea' id='block_1_128' title="bbox 2133 5748 3717 5834">
    <p class='ocr_par' dir='ltr' id='par_1_128' title="bbox 2133 5748 3717 5834">
     <span class='ocr_line' id='line_1_130' title="bbox 2133 5748 3717 5834; baseline 0.001 -25"><span class='ocrx_word' id='word_1_966' title='bbox 2133 5748 2299 5834; x_wconf 66' lang='lat' dir='ltr'><strong>quam</strong></span> <span class='ocrx_word' id='word_1_967' title='bbox 2323 5761 2376 5814; x_wconf 88' lang='lat' dir='ltr'><strong>in</strong></span> <span class='ocrx_word' id='word_1_968' title='bbox 2402 5758 2523 5815; x_wconf 85' lang='lat' dir='ltr'><strong>aliis</strong></span> <span class='ocrx_word' id='word_1_969' title='bbox 2546 5757 2718 5815; x_wconf 76' lang='lat' dir='ltr'><strong>libris.</strong></span> <span class='ocrx_word' id='word_1_970' title='bbox 2741 5755 2966 5827; x_wconf 77' lang='lat' dir='ltr'><strong>Legcsis</strong></span> <span class='ocrx_word' id='word_1_971' title='bbox 2992 5748 3453 5826; x_wconf 59' lang='lat' dir='ltr'><strong>Clu-isostomum</strong></span> <span class='ocrx_word' id='word_1_972' title='bbox 3479 5748 3636 5808; x_wconf 82' lang='lat' dir='ltr'><strong>tonio</strong></span> <span class='ocrx_word' id='word_1_973' title='bbox 3659 5748 3717 5811; x_wconf 61' lang='grc' dir='ltr'><strong>ἵν</strong></span> 
     </span>
    </p>
   </div>
  </div>
