3876 6188
164 295 265 350 801

699 405 1093 460 ΚΕΦᾹΛΑΙΟΝ
1129 406 1210 459 18'
1217 448 1228 458 .

484 497 619 563 Οἷος
650 498 877 566 ὀφείλει
908 498 1062 552 εἶναι
1091 501 1122 551 ό
1151 497 1446 563 διάκονος.

243 593 530 645 Ἔστωσαν
559 591 616 643 δὲ
646 592 740 644 καὶ
765 592 819 644 οἱ
847 591 1082 643 διάκονοι
1113 590 1171 642 ὲν
1203 591 1367 642 πᾶσιν
1396 590 1616 660 ἄμωμοι
1639 631 1653 655 ,
1684 591 1760 654 ὼς

163 685 262 737 καὶ
291 685 322 736 6
356 683 672 746 ἐπίσκοπος·
720 683 880 753 μόνον
923 683 982 735 δὲ
1029 682 1463 753 εὐσκυλτότεροιο
1501 682 1757 750 ἀνάλογοι

160 774 307 845 πρὸς
338 774 400 827 τὸ
431 773 634 843 πλῆθος
660 775 760 845 τῆς
794 774 1138 845 Ἐκκλησίας·
1164 774 1251 826 ἵνα
1280 775 1374 826 καὶ
1399 777 1512 836 τοῖς
1533 773 1608 845 (2)
1628 773 1756 826 ἀδυ-

157 867 353 930 νάτοις
394 866 782 938 ὑπηρετεῖσθαι
821 865 894 938 (5)
923 866 1212 931 δύνωνται,
1241 865 1317 929 ὡς
1345 865 1572 936 ἐργάται
1593 866 1757 919 ἀνεπ-

153 961 465 1030 αίσχυντοι.
512 959 622 1012 Καὶ
662 961 694 1030 ἠ
743 959 842 1029 μὲν
886 959 1022 1028 γυνὴ
1081 957 1182 1021 τὰς
1213 961 1476 1026 γυναῖκας
1526 957 1756 1011 σπουδά-

158 1050 341 1116 ζουσα
362 1049 704 1121 θεραπεύειν·
729 1051 1029 1122 ἀμφάτεροι
1051 1049 1108 1102 δὲ
1127 1049 1196 1102 τὰ
1220 1050 1356 1121 πρὸς
1375 1049 1633 1118 ἀγγελίαν
1655 1049 1752 1121 (4),

157 1142 469 1213 ἐκδημίαν,
515 1141 851 1213 ὑπηρεσίαν,
901 1141 1166 1195 δουλείαν·
1218 1142 1295 1205 ὡς
1350 1143 1442 1196 καὶ
1488 1143 1615 1213 περὶ
1659 1142 1752 1196 τοῦ

157 1233 380 1304 Κυρίου
415 1232 642 1296 Ἦσαῒας
661 1232 814 1301 ἔλεγε
837 1273 853 1299 ,
885 1233 1130 1301 φάσκων’
1168 1252 1186 1283 ι
1215 1233 1514 1286 Δικαιῶσαι
1545 1233 1751 1288 δίκαιον

156 1322 222 1376 εὖ
249 1324 574 1378 δουλεύοντα
594 1325 828 1388 πολλοῖς.
843 1343 863 1374 ι
890 1325 1158 1388 Ἕκαστος
1181 1321 1275 1378 οὖν
1298 1325 1388 1378 τὸν
1409 1326 1536 1378 ἴδιον
1555 1343 1754 1398 γνωρι-

156 1417 308 1481 ζέτω
337 1417 501 1469 τόπον
520 1460 534 1483 ,
576 1418 670 1470 καὶ
721 1417 1008 1470 ἐκτελείτω
1030 1417 1191 1471 αὐτὸν
1239 1419 1546 1481 σπουδαίως
1572 1459 1587 1484 ,
1623 1419 1752 1490 ὁμο-

157 1508 416 1578 φρόνως,
477 1507 786 1579 όμοψύχως·
822 1507 1184 1577 γινώσκοντες
1211 1509 1303 1563 τὸν
1336 1510 1439 1578 τῆς
1478 1509 1751 1573 διακονίας

158 1599 383 1670 μισθόν.
419 1601 698 1654 Ἔστωσαν
710 1601 766 1654 δὲ
782 1603 874 1655 καὶ
903 1603 1320 1672 ἀνεπαίσχυντοι
1349 1605 1429 1666 εἰς
1449 1603 1510 1656 τὸ
1536 1605 1746 1674 ὑπηρεο

153 1691 378 1744 τεῖσθαι
404 1694 516 1755 τοῖς
540 1692 830 1763 δεομένοις·
863 1693 938 1757 ὡς
964 1693 1060 1746 καὶ
1086 1694 1114 1746 6
1134 1694 1336 1765 Κύριος
1353 1693 1510 1766 ἡμῶν
1545 1694 1750 1766 Ἰησοῦς

153 1785 184 1835 6
215 1783 461 1854 Χριστὸς
491 1783 590 1837 οὐκ
617 1780 748 1855 ἦλθε
774 1783 1162 1856 διακονηθῆναι
1186 1829 1200 1851 ,
1231 1786 1367 1840 ἀλλὰ
1399 1788 1748 1859 διακονῆσαι,

153 1875 258 1927 καὶ
289 1873 474 1927 δοῦναι
515 1875 613 1947 τὴν
642 1875 820 1948 ψυχὴν
867 1876 1063 1944 αὑτοῦ,
1110 1877 1303 1950 λύτρον
1351 1880 1474 1932 ἀντὶ
1519 1880 1746 1934 πολλῶν-

153 1965 341 2029 οὕτως
373 1963 466 2019 οὖν
498 1967 590 2020 κα)⁴
622 1967 818 2032 αὐτοὺς
846 1967 927 2021 δεῖ
956 1972 1147 2023 ποιεῖν.
1180 1971 1300 2024 Κᾶν
1331 1972 1427 2042 δέῃ
1459 1971 1535 2043 (5)
1573 1971 1751 2045 ψυχὴν

155 2059 306 2129 ὑπὲρ
330 2057 404 2130 (6)
428 2059 657 2128 ἀδελφοῦ
678 2060 1006 2126 ἀποθέσθαι,
1035 2061 1108 2132 μὴ
1127 2063 1472 2116 διστάσωσιν·
1497 2064 1618 2116 οὐδὲ
1642 2065 1751 2137 γὰρ

152 2153 183 2203 6
217 2151 430 2223 Κύριος
458 2153 552 2204 καὶ
579 2153 768 2224 Σωτὴρ
789 2154 946 2224 ἡμῶν
979 2155 1187 2226 Ἰησοῦς
1205 2155 1232 2208 6
1252 2157 1486 2228 Χριστὸς
1504 2157 1752 2212 ὲδίστασε

151 2245 260 2315 τὴν
289 2244 469 2315 ψυχὴν
499 2244 661 2298 αὑτοῦ
693 2246 860 2300 θεῖναι
890 2246 986 2318 (7),
1017 2248 1093 2312 ὡς
1119 2247 1284 2313 αὐτὸς
1314 2249 1440 2321 ἔφη,
1475 2251 1614 2322 ὑπὲρ
1643 2252 1752 2306 τῶν

153 2338 335 2405 φίλων
366 2335 550 2391 αὐτοῦ.
586 2339 648 2392 El
679 2335 770 2393 οὖν
799 2341 826 2392 ὁ
859 2339 1062 2412 Κύριος
1105 2338 1199 2395 τοῦ
1248 2341 1481 2412 ούρανοῦ
1529 2343 1622 2396 καὶ
1651 2343 1754 2413 τῆς

153 2430 267 2499 γῆς
300 2431 480 2483 πάντα
509 2431 767 2501 ὑπέμεινε
796 2431 862 2483 δι’
883 2433 1050 2502 ἡμᾶς,
1071 2433 1188 2497 πῶς
1218 2433 1284 2487 ἂν
1313 2434 1470 2504 ὑμεῖς
1499 2433 1751 2504 διακονῆ-

155 2539 254 2575 σαι
287 2525 402 2584 τοῖς
460 2522 730 2593 δεομένοις
789 2523 1115 2596 ὲνδοιάσητε·
1162 2527 1395 2597 μιμηταὶ
1448 2526 1752 2594 ὀφείλοντες

151 2612 331 2666 αὐτοῦ
365 2610 523 2678 εἶναι,
558 2615 652 2668 τοῦ
691 2617 786 2668 καὶ
813 2616 1074 2681 δουλείαν,
1115 2618 1208 2671 καὶ
1254 2617 1460 2671 ἔνδειαν
1500 2618 1606 2690 (8),
1657 2621 1753 2673 καὶ

151 2705 403 2776 πληγὰς,
433 2708 526 2760 κα)¹
557 2708 785 2778 σταυρὸν
811 2709 921 2780 δι’ή
932 2711 1036 2779 μᾶς
1059 2710 1478 2780 ὑπομείναντος;
1509 2713 1629 2783 Χρὴ
1659 2709 1750 2767 οὖν

151 2798 258 2851 καὶ
284 2799 437 2868 ἡμᾶς
464 2798 730 2852 δουλεύειν
755 2801 867 2863 τοῖς
895 2800 1160 2870 ἀδελφοῖς,
1191 2803 1267 2865 ὡς
1313 2803 1549 2874 Χριστοῦ
1583 2823 1754 2877 μιμη-

148 2891 282 2954 τάς.
321 2911 341 2942 ι
391 2893 448 2944 '0
480 2891 648 2945 θέλων
679 2892 817 2964 γὰρ,
851 2895 1046 2965 φησὶν,
1087 2896 1145 2947 ἐν
1191 2896 1317 2965 ὑμῖν
1365 2892 1501 2950 εἶναι
1549 2899 1748 2968 μέγας,

151 2985 306 3037 ἔστω
338 2983 491 3054 ὑμῶν
521 2985 784 3048 διάκονος·
821 2986 916 3039 καὶ
946 2986 975 3037 ὁ
995 2986 1162 3040 θέλων
1190 2989 1249 3040 ὲν
1278 2989 1405 3059 ὑμῖν
1439 2987 1578 3043 εἶναι
1611 2990 1755 3062 πρῶ-

1092 293 1696 351 CONSTITUTIONES
1730 294 2412 352 APOSTOLICE.—LIB.
2440 295 2531 350 lll.

1789 414 1836 470 A

3329 293 3437 352 802

2439 405 2670 461 CAPUT
2707 406 2850 463 XIX.

2213 499 2402 565 Qualis
2439 516 2553 554 esse
2589 499 2777 554 debeat
2815 499 3092 554 diaconus.

1936 592 2057 646 Sint
2112 600 2290 647 autem
2328 593 2547 646 diaconi
2581 593 2733 646 omni
2769 593 2904 646 vitio
2949 593 3250 655 immunes,
3293 593 3438 648 sicut

1860 694 1914 738 et
1943 685 2238 755 episcopus
2267 702 2282 750 ;
2319 685 2701 738 tantummodo
2735 684 3068 750 aetiviores;
3103 685 3440 739 multitudini

1859 777 2120 834 Ecclesia:
2153 789 2562 846 congruentes;
2601 785 2661 830 ut
2701 784 2755 830 et
2789 777 3045 831 invalidis
3085 776 3298 846 possint
3335 776 3442 829 mi-

1857 871 2397 940 nistrare,tanquam
2427 869 2698 940 Operarii,
2737 869 2872 922 nihil
2915 869 3124 938 pudore
3161 869 3436 924 deterriti.

1856 963 1934 1016 Ac
1963 964 2158 1017 mulier
2194 962 2414 1032 quidem
2458 962 2785 1016 mulieribus
2834 961 3125 1030 providere
3166 960 3437 1015 studeat:

1857 1055 2078 1124 utrique
2115 1070 2244 1109 vero
2281 1053 2466 1107 munia
2505 1053 2830 1116 nuntiandi,
2865 1053 3240 1122 digrediendi,
3276 1055 3442 1107 mini-

1856 1146 2066 1200 strandi
2087 1186 2102 1211 ,
2123 1145 2394 1201 serviendi
2419 1145 2655 1212 obeant;
2684 1144 3144 1214 quemadmodum
3169 1146 3234 1199 de
3257 1144 3442 1199 Domi-

1854 1253 1926 1291 no
1952 1237 2090 1291 dixit
2118 1238 2322 1293 Isaias:
2355 1255 2373 1288 ι
2405 1235 2718 1292 Justiticare
2740 1277 2754 1300 ,
2781 1237 2959 1306 inquit
2982 1277 2997 1299 ,
3019 1237 3232 1307 justum
3251 1278 3266 1303 ,
3297 1238 3442 1294 bene

1853 1330 2183 1385 servientem
2213 1330 2402 1385 multis
2429 1328 2498 1383 “.
2533 1348 2552 1379 ι
2585 1327 2797 1398 Singuli
2845 1329 3014 1400 igitur
3053 1331 3234 1384 locum
3278 1346 3439 1385 suum

1853 1437 1916 1475 ac
1949 1438 2149 1477 munus
2181 1428 2521 1492 agnoscant,
2556 1420 2929 1490 impleantque
2963 1421 3277 1490 diligenter,
3310 1436 3440 1475 eon-

1852 1513 2006 1567 cordi
2038 1522 2218 1568 mente
2247 1520 2301 1568 et
2331 1513 2512 1566 anima
2541 1531 2555 1577 ;
2591 1513 2829 1567 scientes
2859 1512 3164 1566 mercedem
3192 1511 3440 1566 ministe-

1851 1605 1940 1659 rii.
1959 1603 2071 1660 Nec
2087 1621 2214 1659 vero
2231 1605 2432 1674 pudeat
2448 1620 2543 1659 eos
2566 1605 2854 1674 egentibus
2875 1604 3192 1657 ministrare
3217 1621 3230 1657 :
3257 1623 3275 1652 ι
3296 1604 3440 1663 sicut

1852 1697 2116 1754 Dominus
2139 1709 2326 1753 noster
2350 1697 2516 1753 Jesus
2539 1696 2798 1752 Christus
2823 1712 2933 1750 non
2959 1696 3108 1750 venit
3133 1703 3191 1748 ut
3215 1695 3318 1750 sibi
3343 1695 3439 1748 mi-

1853 1789 2190 1844 nistraretur
2220 1809 2234 1856 ;
2265 1790 2360 1845 sed
2399 1798 2460 1844 ut
2495 1789 2873 1848 ministraret,
2915 1795 2968 1842 et
3003 1787 3162 1841 daret
3196 1786 3437 1840 animam

1853 1897 2006 1938 suam
2028 1923 2043 1948 ,
2077 1883 2504 1953 redemptionem
2537 1897 2636 1952 pro
2666 1881 2852 1936 multis
2885 1881 2950 1935 ’⁵.
2987 1900 3005 1932 ι
3037 1878 3193 1933 Hunc
3223 1894 3353 1948 ergo
3380 1877 3439 1934 in

1852 1974 2073 2027 modum
2108 1982 2162 2027 et
2199 1975 2353 2046 ipsos
2388 1973 2568 2028 facere
2599 1980 2834 2043 oportet.
2871 1971 2940 2024 Et
2969 1971 3223 2041 quamvis
3253 1969 3438 2024 anima

1853 2081 1952 2136 pro
1974 2065 2144 2120 fratre
2169 2064 2418 2134 ponenda
2445 2065 2514 2120 sit
2539 2103 2554 2130 ,
2585 2078 2932 2134 nequaquam
2957 2063 3197 2116 haereant
3222 2079 3236 2128 ;
3260 2075 3438 2131 neque

1853 2159 1998 2212 enim
2024 2157 2288 2212 Dominus
2310 2165 2364 2211 et
2391 2156 2644 2210 Salvator
2669 2164 2858 2210 noster
2881 2154 3042 2210 Jesus
3067 2154 3344 2218 Christus,
3375 2162 3437 2208 ut

1854 2247 1971 2318 ipse
1997 2251 2094 2314 ait,
2127 2265 2227 2318 pro
2275 2249 2468 2305 amicis
2515 2249 2634 2304 suis
2666 2247 2941 2303 haesitavit
2993 2248 3230 2301 animam
3278 2262 3436 2300 suam

1852 2358 2056 2412 ponere
2088 2342 2154 2396 “.
2187 2340 2345 2408 Quod
2380 2341 2426 2396 si
2458 2342 2584 2396 cmli
2631 2356 2699 2395 ac
2745 2348 2905 2396 terrae
2939 2339 3204 2394 Dominus
3249 2339 3436 2393 omnia

1853 2443 2078 2504 propter
2115 2449 2216 2489 nos
2260 2433 2559 2498 sustinuit;
2592 2432 2869 2502 quomodo
2918 2447 3016 2486 vos
3063 2429 3439 2500 indigentibus

1853 2528 2168 2582 ministrare
2214 2526 2498 2592 dubitetis,
2531 2541 2656 2580 cum
2699 2524 2997 2580 teneamini
3043 2539 3166 2578 cum
3207 2522 3434 2587 imitari,

1852 2620 1946 2690 qui
2008 2619 2367 2683 servitutem,
2419 2625 2713 2688 egestatem
2741 2656 2754 2681 ,
2817 2617 3045 2671 verbera
3103 2624 3157 2669 et
3214 2629 3437 2668 erucem

1852 2719 2074 2781 propter
2104 2726 2206 2765 nos
2247 2709 2511 2780 pertulit?
2541 2708 2768 2778 Oportet
2817 2709 2983 2779 igitur
3011 2713 3066 2762 et
3113 2721 3215 2760 nos
3251 2704 3438 2758 fratri-

1852 2804 1957 2858 bus
2007 2803 2236 2868 servire,
2287 2814 2548 2872 tanquam
2601 2801 2808 2856 (lhristi
2887 2799 3210 2854 imitatores.
3261 2816 3279 2849 ι
3330 2796 3437 2864 Qui

1852 2897 2019 2960 enim,
2057 2895 2256 2964 inquit,
2288 2895 2404 2948 vult
2436 2895 2578 2947 inter
2604 2908 2703 2947 vos
2726 2907 2848 2947 esse
2873 2907 3124 2961 magnus,
3154 2891 3226 2944 sit
3255 2897 3438 2944 vester

1854 2988 2134 3054 minister;
2164 2994 2220 3041 et
2243 2986 2337 3055 qui
2370 2987 2486 3039 vult
2514 2986 2658 3039 inter
2689 2999 2787 3038 vos
2814 2999 2937 3038 esse
2962 2983 3193 3052 primus,
3219 2982 3291 3036 sit
3346 2997 3438 3035 ve-

149 3095 274 3140 τος,
307 3077 452 3129 ἔστω
481 3077 633 3148 ὑμῶν
660 3077 862 3142 δοῦλος.
903 3096 921 3130 ι
958 3079 1114 3133 Οὕτω
1145 3080 1254 3152 γὰρ
1299 3083 1393 3134 καὶ
1422 3083 1580 3146 αὐτὸς
1609 3083 1748 3154 ἔργῳ

1860 3092 1970 3136 ster
2020 3095 2212 3136 servus
2241 3081 2307 3134 ³⁷.
2345 3099 2364 3131 ι
2397 3077 2533 3131 Nam
2585 3078 2665 3132 sic
2709 3077 2825 3146 ipse
2853 3076 3019 3130 etiam
3082 3072 3213 3126 illud
3244 3092 3257 3126 :
3291 3073 3438 3127 Bene

153 3171 496 3242 πεπλήρωκε
540 3170 600 3223 τὸ
644 3168 703 3224 εὖ
749 3171 1013 3225 δουλεύειν
1059 3172 1291 3235 πολλοῖς,
1343 3175 1438 3226 καὶ
1484 3175 1545 3227 οὐ
1586 3174 1747 3246 λόγῳ.

151 3262 361 3317 Λαϐὼν
388 3262 497 3335 γὰρ
524 3262 748 3327 λέντιον,
779 3263 1089 3327 διεζώσατο·
1123 3261 1241 3317 εἶτα
1293 3264 1472 3333 βάλλει
1503 3266 1577 3338 (9)
1608 3266 1752 3340 ὕδωρ

152 3357 242 3418 εἰς
287 3355 381 3407 τὸν
423 3355 682 3426 νιπτῆρα·
736 3357 830 3408 καὶ
873 3357 1032 3428 ήμῶν
1070 3357 1440 3427 ἀνακειμένων
1487 3357 1749 3421 ἐπελθὼν,

154 3449 385 3503 πάντων
415 3448 572 3518 ἡμῶν
604 3447 752 3516 ένιψε
793 3449 919 3511 τοὺς
966 3447 1149 3511 πόδας,
1180 3449 1274 3501 καὶ
1312 3447 1390 3519 τῷ
1419 3447 1608 3519 λεντίῳ
1637 3449 1753 3514 ἑξέ-

158 3539 326 3612 μαξε.
364 3539 533 3593 Τοῦτο
555 3539 610 3592 δὲ
638 3539 827 3602 ποιῶν,
858 3539 1197 3594 ἐπεδείκνυεν
1227 3542 1356 3611 ἡμῖν
1385 3540 1444 3592 τὸ
1469 3541 1568 3610 τῆς
1598 3540 1754 3609 φιλα-

151 3633 384 3702 δελφίας
413 3631 774 3702 ἀγαπητικὸν,
805 3631 891 3684 ἵνα
919 3633 1013 3685 καὶ
1041 3635 1200 3703 ἡμεῖς
1229 3634 1308 3695 είς
1335 3633 1592 3704 ἀλλήλους
1619 3633 1751 3686 αὐτὸ

155 3725 430 3794 ποιῶμεν.
474 3725 537 3776 Εἰ
565 3719 657 3776 οὖν
702 3725 731 3775 6
777 3723 980 3794 Κύριος
1011 3723 1189 3794 ἡμῶν,
1220 3725 1368 3778 καὶὸ
1413 3724 1749 3788 διδάσκαλος,

153 3817 341 3880 οὕτως
370 3817 732 3870 ἐταπείνωσεν
762 3816 969 3869 ἑαυτόν·
1002 3816 1119 3879 πῶς
1163 3815 1228 3870 ἂν
1278 3818 1434 3887 ὑμεῖς
1462 3817 1754 3886 ἐπαισχυν-

155 3909 397 3982 θήσεσθε
414 3908 572 3962 τοῦτο
594 3909 813 3978 ποιῆσαι
831 3913 940 3972 τοῖς
972 3908 1247 3972 ἀδυνάτοις
1267 3909 1359 3961 καὶ
1378 3908 1626 3962 ἀσθενέσι
1643 3909 1751 3963 τῶν

155 4001 430 4070 ἀδελφῶν.
460 4001 686 4073 ἐργάται
714 4001 864 4064 ὄντες
893 4000 1178 4072 ἀληθείας,
1209 4003 1302 4055 καῖ
1331 4003 1428 4073 τῆς
1467 4004 1747 4068 εὐσεϐείας

156 4093 498 4165 προστάται;
543 4093 952 4165 Ἐξυπηρετεῖτε
983 4090 1074 4147 οὖν
1103 4095 1489 4164 ἀγαπητικῶς,
1524 4097 1598 4168 μὴ
1627 4098 1747 4150 ὲπι-

1855 3171 2059 3229 Servire
2107 3172 2293 3227 multis
2323 3173 2403 3235 ’⁸,
2447 3185 2610 3240 opere
2641 3168 2906 3239 implevit,
2937 3179 3047 3220 non
3096 3164 3301 3219 verbis.
3348 3162 3436 3215 Si-

1854 3266 2096 3337 quidem,
2132 3272 2359 3334 accepto
2392 3264 2579 3328 linteo,
2607 3261 2889 3332 praecinxit
2920 3275 3008 3325 se;
3041 3255 3238 3311 deinde
3285 3255 3436 3310 misit

1855 3374 2051 3428 aquam
2083 3360 2140 3411 in
2169 3357 2399 3427 pelvim;
2426 3363 2479 3410 et
2503 3355 2571 3409 ad
2606 3371 2707 3410 nos
2738 3355 3118 3410 recumbentes
3143 3352 3432 3414 accedens,

1855 3451 2099 3507 omnium
2138 3458 2389 3506 nostrum
2429 3449 2594 3519 pedes
2640 3449 2771 3501 lavit
2816 3463 2880 3501 ac
2913 3448 3081 3500 linteo
3109 3445 3335 3499 extersit
3364 3443 3430 3497 ".

1854 3543 2009 3610 Quod
2042 3543 2270 3606 faciens,
2310 3541 2550 3596 ostendit
2583 3541 2741 3596 nobis
2771 3539 3023 3593 fraterna:
3045 3535 3436 3592 benevolentia:

1853 3636 2212 3701 eharitatem;
2248 3641 2306 3688 ut
2335 3641 2389 3688 et
2420 3648 2521 3688 nos
2546 3633 2688 3687 idem
2714 3639 2904 3686 mutuo
2927 3631 3211 3686 faciamus.
3247 3629 3436 3700 Itaque

1855 3728 1901 3783 si
1935 3727 2196 3782 Dominus
2226 3733 2414 3781 noster
2444 3740 2508 3779 ac
2549 3733 2852 3794 praeceptor
2897 3731 3106 3778 tantum
3157 3739 3216 3778 se
3260 3721 3433 3775 demi-

1856 3822 1962 3887 sit;
1996 3838 2104 3891 quo
2127 3828 2288 3890 pacto
2311 3835 2409 3875 vos
2453 3820 2794 3874 erubescetis
2827 3818 2929 3872 hoc
2961 3833 3122 3887 agere
3161 3831 3290 3886 erga
3321 3815 3434 3867 fra-

1854 3923 1968 3969 tres
1998 3915 2206 3968 debiles
2240 3928 2304 3966 ac
2336 3912 2605 3976 inﬁrmos,
2638 3927 2764 3965 eum
2797 3911 2921 3966 sitis
2951 3910 3198 3964 veritatis
3233 3922 3432 3978 opera-

1853 4007 1945 4072 rii,
1972 4014 2027 4062 et
2066 4006 2328 4076 praesides
2377 4005 2633 4076 pietatis?
2675 4002 2947 4070 Quocirca
2991 4017 3116 4056 eum
3165 4000 3435 4054 charitate

1853 4100 2185 4156 ministrate.
2219 4113 2329 4152 non
2356 4103 2786 4153 murmurantes.
2810 4111 2913 4150 nec
2933 4094 3162 4149 dissidia
3191 4107 3434 4148 commo-

235 4231 282 4261 ³⁸
323 4229 429 4304 Isa.
465 4245 601 4304 un,
637 4232 696 4286 Η
727 4272 741 4295 ,
774 4231 828 4285 in
863 4229 1026 4304 LXX.
1104 4232 1148 4263 "
1190 4231 1376 4291 Matth.
1412 4250 1516 4301 xx,
1543 4233 1634 4290 28.
1711 4235 1748 4265 ’ί

1860 4250 1949 4290 an.
1979 4253 2046 4303 x,
2081 4236 2188 4304 15;
2223 4245 2277 4291 et
2304 4252 2411 4300 xv,
2447 4235 2538 4290 15.
2615 4234 2660 4266 ’⁷
2703 4231 2896 4286 Matth.
2932 4249 3038 4296 xx,
3068 4231 3158 4286 26.
3236 4231 3280 4262 ⁸⁸
3320 4229 3428 4284 lsa.

154 4316 290 4367 Lm,
329 4301 415 4356 H.
493 4302 537 4332 ²⁹
572 4301 732 4356 Joan.
759 4317 859 4355 xm
882 4341 897 4367 ,
930 4303 985 4357 4.

1468 4411 1841 4468 VARIORUM
1881 4414 2112 4470 NOTAE.

156 4568 420 4610 sermone
449 4554 548 4616 10,
580 4562 634 4608 et
661 4553 726 4606 ad
757 4555 937 4624 locum
967 4551 1203 4624 Matthaei
1232 4568 1246 4612 ;
1279 4549 1740 4624 IsidorumPelu-
1767 4554 1814 4612 Ι)
1842 4569 1991 4624 ξκιν,
2021 4553 2092 4608 23
2117 4594 2131 4614 ,
2170 4554 2251 4609 sic
2285 4553 2489 4623 passim
2531 4553 2673 4624 apud
2717 4551 3130 4622 Xenophontem
3182 4551 3428 4621 aliosque

159 4629 367 4680 siotam
401 4624 495 4677 lih.
531 4640 605 4686 iv,
639 4625 801 4693 epist.
834 4623 904 4676 21
933 4641 948 4688 ;
979 4623 1278 4677 Οιιξδεινίυιη
1306 4622 1523 4691 dialogo
1554 4622 1605 4693 1,
1631 4620 1740 4675 Re-

155 4710 361 4765 spons.
399 4694 466 4747 ad
499 4690 762 4765 interrog.
793 4693 862 4748 29
897 4711 911 4758 ;
939 4701 1002 4765 et
1029 4693 1376 4765 Ambrosium
1397 4690 1510 4765 λιιι,
1545 4690 1622 4743 De
1649 4709 1740 4765 sa:

157 4760 453 4820 crementis
483 4765 581 4817 ult.
614 4760 787 4818 Por'ro
813 4763 954 4832 apud
980 4762 1282 4817 Lucianum
1315 4761 1369 4815 in
1397 4761 1620 4831 Dialogo
1651 4760 1738 4815 cui

155 4836 361 4890 titulus
385 4833 736 4902 Philopatris,
763 4831 976 4886 initium
1001 4848 1066 4886 ac
1091 4833 1214 4887 finis
1244 4832 1344 4886 iste
1366 4831 1744 4902 orationis_iu-

156 4906 464 4974 dicantur:
496 4899 605 4974 Τὴν
634 4904 940 4974 summa“
973 4904 1159 4974 nescio
1199 4903 1333 4974 quis
1353 4903 1472 4974 ille,
1507 4902 1613 4974 ἀπὸ
1633 4899 1746 4974 [Iu-

155 4976 292 5045 τρὸς
322 4971 627 5044 ἀρξάμενος
649 5017 664 5040 ,
696 4971 796 5044 τὴν
832 4973 896 5045 δὲ
927 4971 1278 5045 πολυώνυμον
1307 4972 1448 5042 ᾠδὴν
1473 4973 1564 5045 ,είς
1597 4971 1750 5032 τέλος

159 5040 400 5107 ἐπιθείς,
448 5040 735 5098 orationem
753 5040 792 5096 ἀ
824 5042 984 5097 Patre
1016 5040 1269 5111 incipiens
1293 5081 1307 5103 ,
1326 5040 1378 5095 ἐι
1406 5040 1602 5111 celebre
1628 5058 1750 5094 can-

161 5119 335 5169 ticum
366 5113 434 5166 ad
465 5114 621 5183 ﬁdem
650 5130 933 5184 apponens.
967 5110 1212 5184 Addeeig
1234 5110 1745 5184 ΔΙλιιῐῃιιοοὶοήδοιιοζ-

161 5187 303 5239 lium
338 5181 472 5237 libri»
493 5181 728 5238 Caesarei
758 5182 948 5237 Theol.
978 5182 1151 5236 Grece.
1186 5182 1256 5235 29
1287 5201 1299 5236 :
1333 5182 1406 5233 Τὸ
1434 5183 1489 5234 δὲ
1528 5182 1609 5233 ὅτι
1649 5181 1743 5234 σοῦ

161 5257 368 5324 ἐστι,νὴ
396 5253 640 5322 βασιλεία
672 5255 765 5306 καὶ
790 5256 822 5324 ἡ
846 5253 1072 5324 δύναμις
1104 5253 1198 5306 καὶ
1236 5255 1269 5322 ἡ
1309 5250 1461 5317 δόξα,
1493 5254 1550 5303 ὲν
1601 5251 1742 5304 τισὶν

159 5325 228 5380 οὐ
256 5321 451 5396 κεῖται
470 5325 629 5396 μέχρι
656 5324 750 5377 τοῦ
778 5321 1079 5396 ’ᾼμήνζιικ

241 5395 324 5464 (2)
361 5391 507 5459 Τοῒῤ.
541 5391 697 5464 Alter
726 5391 987 5464 eodeit'év
1015 5395 1158 5464 τοῖς,
1191 5391 1374 5446 minus
1402 5391 1582 5464 bene,
1616 5405 1739 5464 eum

165 5461 357 5519 sermo
387 5466 458 5518 sit
488 5465 556 5520 de
584 5463 775 5519 ofﬁciis
803 5479 832 5516 a
865 5463 1114 5516 diaeonis
1145 5461 1472 5531 praestandis
1501 5461 1741 5513 homini-

165 5535 313 5595 bus,
371 5534 465 5604 qui
515 5535 623 5589 sibi
672 5532 1360 5604 necessariaiprospicere
1410 5537 1740 5600 nequeunt,

168 5605 368 5673 quales
392 5603 648 5657 ἀδύνατοι
675 5605 956 5658 dicuntur.
988 5603 1160 5656 Cum.

245 5674 326 5744 (3)
361 5673 823 5742 ’Υπηρετεῒσθαι.
849 5672 998 5726 Alter
1018 5673 1140 5726 cod.
1170 5672 1479 5744 ὑπηρετεῖν,
1503 5669 1743 5734 rectius;

169 5742 318 5799 solet
344 5745 489 5797 enim
511 5746 738 5798 verbum
772 5745 874 5797 hoc
905 5745 960 5796 in
991 5744 1166 5812 activa
1194 5742 1598 5812 conjugatione,
1628 5755 1739 5812 non

172 5815 235 5869 in
268 5813 488 5884 media,
517 5814 786 5872 adhiberi.
821 5813 956 5870 Vide
1003 5811 1146 5868 infra
1195 5821 1249 5868 et
1297 5810 1415 5868 Act.
1465 5827 1574 5876 xx,
1625 5810 1735 5876 ὄις

1844 4621 2063 4678 Graecos
2093 4621 2413 4693 scriptores.
2447 4625 2524 4678 In.

1921 4693 1997 4764 (4)
2033 4689 2375 4764 Ἀμφότεροι
2416 4693 2482 4746 δὲ
2524 4695 2596 4748 τὰ
2638 4693 2786 4762 πρὸς
2829 4692 3150 4760 ἀγγελίαν,
3197 4699 3328 4764 θιοᾈ
3353 4689 3430 4764 De

1851 4759 2185 4819 diaconissis
2220 4759 2434 4834 egimus
2467 4781 2652 4834 supra.
2677 4759 3060 4816 'Diaeontirum
3089 4759 3426 4834 ver_o_oflieia

1851 4840 1906 4904 et.
1939 4835 2241 4889 ministeria
2257 4829 2397 4904 'quis
2428 4829 2639 4904 culi-cla
2667 4842 2831 4904 queat
2863 4831 3194 4886 numerare?
3223 4829 3428 4904 Notatu

1853 4903 2078 4973 dignum
2131 4900 2306 4967 illud,
2362 4907 2414 4958 in
2451 4905 2569 4957 Vita
2617 4900 2695 4958 Sf
2725 4903 3049 4972 Epiphanii,
3103 4917 3262 4955 num.
3317 4900 3422 4963 56,

1854 4975 2001 5042 quod
2033 4977 2344 5043 pertinebat
2385 4976 2448 5027 ad
2483 4984 2816 5043 postremum
2855 4973 3148 5027 diaconum
3173 5011 3199 5043 ,γ
3234 4973 3426 5023 ὲπικου

1855 5047 2012 5113 σμεῖν
2035 5042 2133 5096 τὸν
2163 5045 2349 5115 θρόνον
2380 5042 2824 5115 τοῦἑπισκόπου,
2849 5057 3123 5097 exornare
3165 5042 3425 5095 thronum

1851 5127 1944 5167 seu
1979 5113 2297 5169 cathedram
2328 5116 2717 5184 episcopalem.
2752 5113 2892 5184 Cor.

1921 5183 1998 5253 (5)
2030 5185 2162 5252 Δέῃ.
2196 5181 2684 5239 Αιῐοι-“‹;ο‹1.ὀ(1(1ὶι
2709 5183 2810 5253 τὴν
2841 5181 3069 5247 ἑαυτῶν,
3103 5197 3256 5236 suam
3281 5181 3424 5247 ipso-

1849 5269 1967 5305 rum
2001 5256 2256 5310 am'mam.
2287 5255 2457 5311 CLER.

1918 5324 1996 5393 (6)
2038 5325 2236 5392 ’Υπέρ.
2267 5326 2417 5378 Alter
2448 5324 2570 5380 eod.
2603 5324 2758 5389 ἀντί,
2793 5332 2847 5378 et
2876 5323 3039 5394 paulo
3068 5329 3192 5390 post
3234 5317 3421 5372 διστά-

1848 5408 1965 5456 σαι,
1998 5395 2189 5449 eodem
2217 5411 2402 5450 sensu.
2432 5396 2508 5448 in.

1937 5462 1993 5529 7)
2034 5465 2246 5518 Θεῖναι.
2279 5466 2429 5518 Alter
2459 5465 2590 5529 θείς,
2620 5479 2729 5518 non
2760 5463 2918 5516 male.
2955 5459 3027 5513 In.

1844 5600 1863 5654 l
1915 5526 1993 5604 (8)
2034 5534 2329 5590 Ἐνδειαν.
2365 5526 2620 5599 ὐνειδος,
2663 5536 2800 5588 alter
2840 5530 2961 5586 cod.
3009 5543 3118 5582 non
3160 5526 3417 5582 absurde.

1871 5618 1920 5654 0.

1916 5671 1993 5755 (ἐξ)
2031 5673 2272 5796 litauit.
2303 5675 2452 5731 Alter
2480 5675 2676 5745 βαλών,
2695 5671 2944 5744 quodest
2967 5667 3420 5726 uarrationicon-

1916 5760 2042 5796 men
2071 5761 2178 5796 HIS-
2238 5758 2290 5796 Ι).

1850 5745 2178 5800 venientius.
2215 5745 2290 5798 ID.
