3876 6188
465 316 573 373 805

1313 312 1373 371 S.
1403 310 1802 369 CLEMENTIS
1835 312 1855 366 1
1891 310 2057 368 ROM.
2097 311 2298 367 PONT.
2337 312 2564 368 OPERA
2600 310 2827 368 DUBIA.

3619 310 3716 364 80!

463 440 695 497 ventes;
745 430 872 502 quia
926 447 1034 485 non
1091 437 1315 502 propter
1365 431 1641 486 hominem
1696 431 2078 502 operamini“

2175 429 2520 499 ὀγγύζοντες,
2571 430 2702 502 μηδὲ
2747 425 3234 491 διαστασιάζοντες,
3266 426 3326 479 οὗ
3371 425 3484 496 γὰρ
3522 424 3615 477 διὰ
3641 428 3720 478 ἄνι

465 525 561 580 sed
611 532 831 594 propter
882 522 1081 591 Deum;
1134 539 1163 577 a
1212 540 1324 594 quo
1373 525 1676 578 merce-lem
1731 523 2037 588 ministerii,

466 617 521 670 in
551 617 638 670 die
685 615 1018 670 visitationis
1060 623 1275 679 vestrae,
1324 617 1622 686 recipietis.
1670 614 1895 686 Oportet
1942 616 2044 670 ita-

463 725 572 779 que
603 717 662 762 ut
690 724 790 763 vos
818 707 1034 761 diaconi
1090 710 1325 763 visitetis
1349 725 1539 763 omnes
1568 709 1662 778 qui
1712 709 2043 764 visitationis

466 802 729 870 indigent.
767 801 840 855 De
871 802 1088 855 miseris
1117 803 1306 864 etiam,
1339 803 1406 856 ad
1445 805 1761 873 episcopum
1810 803 2042 870 referte;

466 894 684 948 debetis
712 895 858 947 enim
920 908 1044 947 esse
1071 895 1252 948 anima
1285 895 1452 957 illius,
1480 911 1543 949 ae
1575 895 1845 950 sentiendi
1929 897 2042 962 vis;

468 987 640 1056 parati
669 986 736 1038 ad
771 985 1190 1039 ministrandum
1223 987 1297 1039 illi
1322 1003 1385 1040 ac
1418 988 1780 1042 obcdiendum
1813 990 1867 1042 in
1897 991 2047 1043 omni

466 1093 654 1146 opera,
688 1078 853 1130 veluti
899 1077 1156 1147 episcopo
1201 1090 1403 1143 vestro,
1447 1088 1506 1135 et
1554 1082 1717 1150 patri,
1769 1090 1822 1136 et
1869 1082 2039 1152 magi-

469 1176 603 1224 Sll'O.

1065 1288 1294 1344 CAPUT
1334 1289 1451 1344 XX.

471 1399 638 1476 Quod
651 1401 925 1476 episcopus
954 1421 985 1455 a
1022 1404 1189 1459 tribus
1234 1407 1312 1459 vel
1347 1406 1550 1460 duobus
1580 1408 1830 1476 episcopis
1871 1407 2054 1462 debeat

541 1471 818 1536 ordinari;
865 1491 969 1526 non
1008 1485 1183 1528 autem
1229 1477 1294 1529 ab
1342 1495 1469 1540 uno,
1510 1478 1562 1530 id
1608 1471 1760 1531 enim
1782 1496 1893 1532 esse
1924 1481 2051 1532 irri-

545 1551 680 1597 tum.

545 1634 872 1706 EpiscOpum
921 1654 1052 1692 vero
1096 1640 1444 1710 praecipimus
1495 1641 1740 1695 ordinari
1790 1656 1819 1694 a
1881 1642 2056 1698 tribus

471 1729 776 1798 episcopis;
815 1741 908 1786 aut
939 1740 997 1784 ut
1045 1733 1329 1786 minimmn
1377 1748 1406 1786 a
1458 1734 1706 1798 duobus;
1747 1750 1853 1788 non
1892 1734 2057 1790 licere

2149 523 2366 595 θρωπον
2397 525 2617 587 ποιεῖτε,
2649 523 2784 576 ἀλλὰ
2827 522 2913 576 διὰ
2948 523 3037 574 τὸν
3081 521 3230 573 Θεόνο
3272 520 3365 572 καὶ
3405 519 3500 571 τὸν
3540 519 3727 589 μισθὸν

2144 617 2245 686 τῆς
2286 617 2560 679 διακονίας
2611 618 2739 688 παρ’
2772 617 2978 668 ἐκείνου
3044 612 3385 684 ἀπολήψεσθε
3441 613 3500 663 ὲν
3548 611 3731 681 ἡμέρᾳ.

2147 710 2448 779 ὲπισκοπῆι,
2482 709 2654 779 ὑμῶν’
2694 709 2798 780 χρὴ
2836 705 2928 761 οὖν
2966 709 3110 777 ὑμᾶς
3136 708 3262 768 τοὺς
3301 704 3586 765 διακόνους
3619 704 3733 754 ἐπι-

2149 803 2478 856 σκέπτεσθαι
2517 803 2724 866 πάντας
2753 804 2878 865 τοὺς
2914 801 3196 871 δεομένους
3241 798 3611 866 ἐπισκέψεως·
3645 798 3734 847 καὶ

2149 897 2278 966 περὶ
2332 895 2438 947 τῶν
2502 894 2831 965 θλιϐομένων
2892 893 3251 962 ἀναγγέλλετε
3307 893 3385 962 τῷ
3449 889 3734 958 ὲπισιοὸπῳ

2151 988 2322 1057 ὑμῶν’
2357 987 2502 1059 ψυχὴ
2539 987 2648 1059 γὰρ
2676 987 2862 1048 αὑτοῦ,
2895 989 2989 1041 καὶ
3019 987 3272 1058 αἴσθησις
3299 982 3438 1038 εἶναι
3469 983 3732 1052 ὀφείλετε]

2151 1079 2429 1134 εῠσκυλτοι
2477 1082 2570 1133 καὶ
2617 1082 2829 1152 εὐήκοοι
2882 1081 2990 1151 (10)
3021 1083 3098 1144 εἰς
3141 1080 3318 1132 πάντα
3361 1079 3515 1140 ὄντες
3564 1075 3733 1145 αὐτῷ,

2151 1173 2226 1236 ὼς
2255 1174 2536 1244 ὲπισκόπῳ
2565 1174 2738 1244 ὑμῶν,
2771 1175 2864 1226 καί⁵
2893 1173 3080 1244 πατρὶ,
3113 1174 3207 1226 κα)⁵
3231 1171 3559 1240 διδασκάλῳ.

2679 1289 3072 1344 ΚΕΦΑΛΑΙΟΝ
3106 1290 3190 1341 κ’.

2157 1404 2282 1456 Ὀτι
2314 1403 2429 1457 ὑπὸ
2469 1404 2643 1471 τριῶν
2671 1404 2709 1470 ἢ
2759 1406 2867 1457 δύο
2893 1404 3238 1457 ἐπισκόπων
3277 1401 3522 1471 ὀφείλειν
3553 1415 3738 1471 χειρο-

2225 1470 2523 1527 τονεῖσθαι
2575 1478 2606 1527 ό
2651 1475 3018 1539 ἐπίσκοπος,
3065 1473 3204 1527 ἀλλ’
3259 1475 3371 1541 οὐχ
3415 1470 3531 1524 ὑπὸ
3578 1470 3736 1534 ἑνός-

2225 1544 2503 1597 ἀϐέϐαιον
2530 1545 2659 1614 γάρ.

2239 1635 2564 1690 Ἐπίσκοπον
2607 1638 2664 1691 δὲ
2709 1637 3122 1710 προστάσσομεν
3169 1632 3592 1706 χειροτονεῖσθαι
3641 1631 3743 1684 ὑπὸ

2157 1733 2323 1806 τριῶν
2347 1733 2662 1785 ἐπισκόπων
2692 1731 2823 1802 (11)·
2871 1730 2904 1801 ἢ
2950 1731 3011 1783 τὸ
3038 1729 3168 1797 γοῦν
3211 1728 3448 1788 ἔλαττον,
3484 1725 3593 1778 ὑπὸ
3629 1723 3723 1775 δύο

475 1828 654 1874 autem
712 1822 868 1877 vobis
919 1823 988 1876 ab
1044 1839 1153 1876 uno
1195 1827 1479 1881 constitui.
1531 1826 1663 1879 Nam
1709 1827 1940 1881 duorum
1995 1838 2048 1883 et

2175 1828 2228 1899 ιὴ
2264 1825 2460 1890 ἐξεῖναι
2507 1825 2564 1878 δὲ
2612 1825 2716 1878 ὑπὸ
2759 1823 2878 1887 ένδς
2919 1825 3046 1894 ὑμῖν
3095 1819 3476 1875 καθίστασθαι.
3520 1818 3589 1870 Ἡ
3637 1816 3746 1885 γὰρ

474 1913 640 1966 trium
670 1915 1042 1969 testimonium
1076 1915 1742 1972 firmiusestetindubium
1764 1919 2052 1975 "-"Jtem

472 2003 730 2072 iubemus
763 2014 820 2059 ut
851 2009 1130 2079 presbyter
1166 2017 1220 2063 et
1251 2011 1517 2065 diaconus
1543 2012 1611 2065 ab
1658 2028 1768 2066 uno
1797 2014 2056 2084 episcopo

477 2097 794 2166 ordinetur;
826 2111 880 2154 et
909 2102 1104 2170 reliqui
1143 2103 1329 2156 clerici
1359 2123 1371 2157 :
1407 2111 1573 2174 utque
1611 2120 1709 2158 nec
1749 2107 2054 2177 presbyter.

477 2205 580 2244 nec
607 2191 873 2247 diaconus
904 2194 1135 2249 clericos
1174 2211 1240 2249 ex
1287 2195 1444 2250 laicis
1489 2196 1776 2260 ordinent;
1828 2198 1921 2252 sed
1966 2213 2058 2254 so-

480 2282 779 2352 lummodo,
811 2287 1098 2358 presbyter
1125 2286 1344 2356 quidem
1379 2287 1592 2354 doceat,
1636 2289 1848 2353 offerat,
1879 2291 2052 2360 bapti-

479 2382 604 2439 ιρι,
659 2376 945 2432 benedicat
1007 2380 1236 2448 populo;
1281 2379 1550 2434 diaconus
1605 2396 1736 2437 vero
1782 2383 2057 2439 ministret

555 2511 676 2550 ³⁰-³¹
716 2510 874 2568 Joan.
909 2529 1008 2567 vm
1033 2554 1048 2578 ,
1083 2515 1178 2573 17;
1215 2513 1407 2570 Matth.
1443 2533 1602 2581 xvm,
1642 2518 1728 2573 l6.

2155 1922 2264 1973 τῶν
2290 1920 2383 1973 δύο
2410 1921 2504 1972 καὶ
2531 1919 2696 1990 τριῶν
2729 1917 3000 1988 μαρτυρία
3023 1914 3338 1985 βεϐαιοτέρα
3358 1913 3450 1964 καὶ
3471 1909 3743 1978 ἀσφαλής.

2158 2015 2532 2086 Πρεσϐύτερον
2569 2013 2625 2066 δὲ
2670 2012 2763 2065 καὶ
2809 2010 3053 2064 διάκονον
3104 2006 3208 2060 ὑπὸ
3255 2005 3373 2067 ἑνὸς
3416 2001 3743 2060 ἐπισκόπου,

2157 2109 2250 2160 καὶ
2277 2107 2384 2162 τῶν
2411 2105 2613 2158 λοιπῶν
2643 2104 2918 2174 κληρικῶν
2948 2102 3077 2172 (12)·
3116 2103 3252 2172 μήτε
3279 2099 3334 2152 δὲ
3379 2098 3474 2151 καὶ
3506 2095 3749 2165 πρεσϐύ-

2157 2216 2334 2271 τερον,
2370 2200 2506 2270 μήτε
2532 2197 2797 2259 διάκονον,
2827 2196 3150 2266 χειροτονεῖν
3196 2193 3259 2245 ὲκ
3303 2190 3510 2243 λαῖκῶν
3564 2188 3749 2258 κληρι-

2160 2291 2289 2356 κούς
2317 2292 2446 2363 (15)·
2477 2290 2612 2345 ἀλλὰ
2633 2290 2811 2360 μόνον,
2839 2288 2929 2340 τὸν
2962 2287 3058 2358 μὲν
3074 2283 3438 2357 πρεσϐύτερον
3450 2281 3748 2343 διδάσκειν,

2161 2386 2474 2457 ἀναφέρειν,
2505 2381 2806 2454 βαπτίζειν,
2834 2380 3073 2448 εὐλογεῖν
3116 2378 3205 2430 τὸν
3235 2377 3359 2430 λαόν
3389 2375 3522 2447 (M)'
3551 2373 3649 2426 τὸν
3692 2371 3749 2424 δὲ

1717 2655 2078 2710 ιτΑιιιυιιυΜ
2113 2654 2347 2711 NOTAE.

559 2786 668 2862 (10)
709 2787 983 2862 Ερήκοοι.
1027 2788 1150 2862 llaec
1178 2806 1278 2862 vox
1307 2805 1430 2862 cum
1461 2790 2059 2862 tribtts_seqq._etgqu

485 2858 693 2930 voculae
711 2858 788 2930 τῷ
818 2860 1006 2930 πατρί,
1034 2860 1232 2915 desunt
1253 2861 1306 2913 in
1321 2861 1492 2930 altero
1517 2858 2059 2930 cod.Vindob.CLr.it.

557 2928 670 3000 (11)
722 2928 1090 2982 Ἐπίσκοπον
1115 2930 1183 2983 δὲ
1227 2929 1720 2998 προστάσσομεν,
1779 2937 1885 2984 etc.
1938 2928 2065 2998 Epi-

487 3014 782 3070 scoporum
830 3015 1093 3070 numerus
1151 3000 1465 3068 episcopum
1528 3001 1930 3061 ordinantium,
1976 3015 2064 3070 res

487 3079 573 3142 est
594 3069 968 3142 ecclesiastici
975 3070 1277 3142 juris,quze
1318 3079 1610 3142 eapropter
1634 3071 1951 3142 varietatem
1979 3069 2065 3123 di-

2163 2791 2355 2843 audeat
2395 2787 2660 2842 ordinare.
2705 2785 2972 2857 [ntegrum
3013 2785 3152 2838 enim
3183 2781 3444 2857 judicium
3475 2791 3578 2849 est,
3612 2797 3749 2853 quoa

2162 2863 2514 2930 plurimorum
2541 2860 2796 2930 sententia
2820 2853 3172 2926 consequitur.
3197 2855 3258 2907 Il.
3280 2853 3360 2905 Ne
3385 2869 3520 2906 unus
3548 2857 3752 2922 cpisco-

2166 2929 2262 3000 pus
2291 2933 2587 2999 episcopum
2627 2929 2878 2982 ordinare
2918 2936 3204 3000 prtcsumat
3244 2933 3452 3000 propter
3489 2941 3753 3000 arrogan-

2168 2995 2329 3064 tiam,
2384 2995 2749 3060 ne'furtivum
2800 2999 3110 3067 bene/icium
3152 2997 3445 3064 pra’stitum
3474 2995 3753 3067 rideatur.

2177 3073 2286 3125 Iloc
2313 3073 2452 3125 enim
2481 3073 2536 3124 in
2571 3071 2771 3141 synodo
2804 3065 3028 3122 Nicct'na
3057 3076 3262 3141 constat
3301 3082 3412 3141 esse
3447 3065 3750 3141 deﬁnitam}.

488 3141 734 3211 st‘iplinze
763 3135 1019 3195 admittit.
1053 3135 1134 3195 Et
1153 3135 1329 3212 primo
1359 3135 1576 3212 quidem
1594 3157 1856 3194 canonem
1893 3139 2065 3194 Nicas-
2091 3143 2136 3203 C
2167 3144 2298 3209 Quae
2321 3144 2462 3212 hunc
2476 3142 2540 3195 ad
2559 3135 2775 3194 modum
2792 3148 3108 3212 secutusest
3131 3135 3752 3212 lnnoce_ntius,epist.2_,

489 3209 621 3267 num
670 3218 929 3282 quartum,
969 3212 1043 3266 ita
1087 3209 1415 3282 acceperunt
1457 3209 1644 3266 Patres
1675 3212 2067 3282 Constantino-

489 3283 600 3353 poli
624 3281 958 3353 eongregati,
981 3284 1123 3352 apud
1153 3281 1542 3337 Tlieodoritum
1573 3281 1713 3335 Ilist.
1745 3281 1872 3336 eccl.
1899 3282 1992 3335 lib.
2011 3297 2064 3345 v,

491 3352 614 3422 cap.
643 3352 766 3416 9,ut
793 3354 979 3423 liceret
1010 3354 1303 3423 provincia:
1332 3353 1605 3422 episc0pis
1636 3353 1873 3423 collegas
1909 3353 2070 3406 finiti-

491 3421 612 3479 mos
627 3424 694 3476 ad
711 3421 1111 3478 ordinationem
1139 3421 1460 3478 convocare.
1487 3423 1590 3488 Qui
1619 3431 1673 3478 et
1703 3421 1912 3477 addunt
1933 3437 1963 3475 a
2009 3438 2069 3476 se

493 3493 808 3548 ordinatum
842 3495 1010 3549 fuisse
1028 3494 1362 3548 Nectarium.
1393 3493 1581 3547 Patres
1610 3508 1741 3547 vero
1773 3493 2068 3547 Sardicen—

493 3579 586 3618 ses
605 3577 738 3634 ειη.
767 3563 1292 3634 6,quemadmodum
1309 3563 1605 3627 etNicaani,
1641 3579 1850 3618 canone
1879 3563 2068 3627 citato,

494 3642 550 3688 et
586 3633 906 3688 Antioclieni
932 3650 1056 3690 can.
1093 3636 1181 3698 19,
1219 3643 1408 3704 optant
1436 3651 1627 3689 omnes
1655 3634 1948 3704 provinciae
1969 3649 2069 3686 an-

497 3705 700 3775 tistites
742 3705 1075 3759 ordinationi
1127 3706 1605 3775 comprovincialis
1649 3705 1733 3759 sui
1784 3706 2068 3758 interesse.

497 3774 558 3828 In
590 3775 1016 3845 concilioautcm
1045 3774 1459 3845 Carthaginiensi
1491 3776 1544 3837 '5,
1570 3791 1692 3831 can.
1726 3776 1814 3836 39,
1843 3775 2074 3845 legimus

495 3844 826 3900 sententiam
860 3847 1220 3914 quorumdam
1251 3843 1318 3900 {le
1344 3863 1452 3900 non
1483 3846 1824 3900 celebrandis
1853 3843 2074 3897 ordina-

497 3915 762 3978 tionibus,
794 3914 900 3970 nisi
929 3932 959 3970 a
990 3917 1298 3971 duodecim.
1329 3918 1432 3972 Sed
1465 3923 1519 3971 et
1553 3924 1680 3970 octo
1705 3915 2071 3978 ordinatores,

501 4001 625 4040 cum
676 3985 791 4040 fieri
825 3994 1042 4109 dpotest,
1091 3988 1258 4056 exigit
1307 3987 1600 4042 concilium
1651 3986 1969 4040 Arelatense
2033 4001 2070 4047 l,

501 4071 622 4109 ean.
654 4055 744 4109 20.
777 4055 821 4109 A
901 4058 1015 4109 haec
1059 4058 1207 4109 circa
1251 4065 1504 4109 quatuor.
1555 4065 1826 4109 testantur
1853 4056 2070 4109 ordina—

499 4071 622 4109 can.
654 4055 744 4110 20.
777 4055 858 4109 Ad
901 4058 1015 4111 hinc
1059 4055 1207 4110 circa
1251 4065 1504 4126 quatuor,
1555 4065 1826 4111 testantur
1853 4056 2077 4109 ordina—

499 4127 677 4181 tiones
707 4125 1020 4182 Graacorum
1050 4125 1350 4196 impressae,
1368 4138 1420 4183 et
1451 4126 1829 4192 duzeGregorii
1867 4126 2070 4196 papas],

503 4198 839 4269 respondens
898 4197 965 4251 ad
1024 4199 1355 4269 interregata
1411 4199 1747 4267 Augustini,
1808 4214 1890 4269 n._
1931 4198 2077 4269 87in

499 4267 666 4333 Beda,
703 4268 1073 4339 [list.eccles.,
1097 4271 1136 4333 1,
1163 4267 1255 4330 27,
1285 4278 1338 4323 et
1369 4271 1421 4333 5,
1453 4270 1681 4339 epistola
1715 4269 1735 4322 1
1773 4267 2078 4335 adBonifa—

499 4339 662 4395 cium.
693 4338 814 4392 Jam
845 4341 1007 4394 trium
1038 4357 1160 4396 esse
1202 4340 1435 4394 ollicium
1466 4338 1851 4409 coepiscopum
1887 4354 2078 4392 consc-

500 4425 678 4472 crare,
719 4412 1004 4489 innumera
1035 4411 1253 4489 decreta
1298 4426 1362 4465 ac
1393 4412 1702 4489 testimonia
1748 4411 2077 4489 loquuntur;

2169 3207 2289 3282 cap.
2327 3215 2351 3267 1
2374 3232 2387 3268 :
2409 3211 2475 3265 Ut
2499 3223 2651 3265 extra
2682 3211 3057 3264 conscientiam
3083 3207 3474 3282 metropolitani
3497 3209 3730 3282 episcopi

2170 3276 2348 3337 nullus
2393 3283 2588 3336 audeat
2636 3281 2884 3334 ordinare
2928 3296 3248 3350 episcopum.
3299 3276 3572 3350 integrum
3615 3281 3756 3331 enim

2169 3364 2246 3407 est
2260 3355 2545 3423 judicium,
2563 3352 2701 3420 quod
2725 3353 3076 3423 plurimorum
3091 3348 3359 3405 sententiis
3381 3348 3754 3423 confirmatur.

2175 3419 2285 3478 Nec
2308 3442 2443 3478 unus
2486 3419 2756 3493 episcopus
2805 3422 3053 3493 ordinare
3098 3428 3385 3493 praesumat
3425 3419 3755 3493 episcopum,

2172 3512 2232 3548 ne
2264 3488 2829 3564 furtivum'prtestitum
2861 3488 3164 3560 beneﬁcium
3185 3489 3442 3543 videatur.
3476 3488 3597 3564 Hoc
3619 3493 3759 3544 enim

2171 3578 2220 3618 et
2253 3561 2285 3618 ιι
2315 3565 2515 3636 synodo
2538 3561 2763 3618 'Nicaana
2790 3563 3133 3617 constitutum
3165 3573 3242 3616 est
3273 3571 3426 3629 atque
3449 3561 3753 3626 deﬁnitum.

2175 3635 2399 3700 Verum,
2429 3645 2486 3689 ut
2531 3636 2598 3690 ad
2636 3635 2946 3689 institutum
2989 3648 3296 3688 sermonem
3335 3640 3603 3693 revertar,
3631 3648 3760 3686 nar-

2174 3717 2299 3761 rant
2340 3706 2627 3778 Pelagium
2669 3720 2883 3778 papam_
2913 3715 3168 3778 coactum
3209 3702 3379 3778 fuisse
3419 3702 3760 3770 pontiﬁciam

2174 3773 2497 3848 dignitatte
2519 3773 2766 3846 accipere
2796 3789 2827 3827 a
2852 3773 3066 3848 duobus
3085 3773 3359 3848 episc0pis
3381 3782 3436 3848 et
3490 3789 3606 3848 uno
3637 3790 3762 3842 pre-

2176 3844 2416 3920 sb'ytero.
2449 3844 2705 3920 Refertur
2731 3860 2946 3920 quoque
2974 3845 3042 3898 de
3085 3845 3207 3920 aliis
3249 3844 3543 3920 permissis
3566 3844 3624 3896 in
3659 3861 3760 3898 ne-

2175 3913 2437 3976 cessitate
2465 3917 2709 3972 ordinari
2749 3913 2828 3970 ab
2861 3913 2981 3969 uno
3023 3917 3286 3986 episcOpo
3323 3923 3386 3986 et,
3415 3913 3653 3986 duobus
3668 3923 3763 3967 aut

2176 3991 2428 4068 pluribus
2456 3989 2764 4068 abbatibus.
2799 3984 3116 4068 l)enique{a
3139 4002 3248 4068 quo
3273 3984 3613 4068 ordiendum
3631 3984 3757 4067 fuit.

2177 4055 2518 4130 temporibus
2534 4058 2851 4130 apostolicis
2874 4055 3009 4130 satis
3033 4065 3247 4111 constat
3273 4055 3564 4130 episcopos
3587 4055 3766 4110 fuisse

2177 4128 2511 4188 constitutos
2536 4129 2806 4184 interdum
2850 4128 2918 4180 ab
2947 4143 3056 4182 uno
3088 4128 3358 4196 apostolo,
3382 4139 3489 4196 seu
3538 4136 3764 4195 aposto-

2179 4203 2312 4268 lico;
2347 4201 2617 4256 interdum
2640 4216 2670 4253 a
2700 4194 3148 4270 pluribus,juxta
3167 4197 3299 4250 illud
3325 4199 3338 4249 Ι
3381 4194 3634 4270 Tim._iv,
3662 4197 3758 4251 ﬂ:

2181 4266 2311 4326 Noli
2356 4272 2614 4342 negligere
2645 4266 2875 4341 gratiam
2914 4285 3031 4338 quoa
3069 4269 3194 4342 inte
3223 4276 3334 4330 est;
3365 4282 3486 4335 qua:
3515 4266 3648 4320 data
3677 4277 3766 4342 est

2181 4343 2382 4413 tibiper
2411 4338 2761 4412 prophetiam,
2785 4357 2904 4393 cum
2935 4340 3530 4413 impositionemanuum
3545 4338 3766 4413 presby-

2183 4406 2317 4478 teri';
2355 4406 2461 4468 hoc
2493 4406 2599 4477 est,
2640 4429 2707 4466 ex
2753 4406 3207 4480 interpretatione
3246 4407 3305 4464 S.
3352 4406 3761 4480 C_brysostonii,

500 4495 733 4554 quorum
761 4481 817 4554 in
850 4481 1101 4550 plurimis
1143 4491 1400 4550 tanquam
1433 4483 1654 4554 minime
1687 4476 1961 4554 sufﬁciens
1993 4495 2077 4554 re-
2107 4497 2152 4551 ι)
2179 4476 2560 4554 episcoporum
2589 4476 2702 4552 qui
2753 4497 2880 4538 eum
2901 4476 3336 4554 ‘0rdinaver_ant.
3391 4476 3529 4533 Vide
3579 4478 3761 4554 infra,

494 4547 683 4620 jicitur
711 4547 890 4604 minor
918 4569 1199 4612 numerus,
1233 4547 1535 4620 praesertim
1569 4551 1885 4621 singularis.
1918 4547 2075 4603 Unde

500 4621 836 4676 Novatianus
878 4632 987 4693 tres
1030 4631 1316 4693 episc0pos
1359 4622 1555 4691 coegit,
1607 4630 1666 4673 ut
1710 4621 1813 4675 sibi
1852 4635 2073 4673 manum

501 4693 879 4760 imponerent;
901 4691 1175 4747 Julianitae
1198 4691 1348 4757 vero,
1375 4708 1498 4746 cum
1522 4699 1635 4745 tres
1657 4699 1866 4746 tantum
1891 4699 2077 4745 essent

501 4762 767 4831 episcopi,
795 4770 1011 4816 mortuo
1061 4763 1277 4818 Juliano
1301 4779 1411 4817 uno
1454 4777 1520 4816 ex
1572 4761 1710 4825 illis,
1757 4776 1866 4831 quo
1907 4763 2073 4814 alium

502 4833 918 4899 substituerent,
946 4833 1190 4888 defuncti
1222 4848 1466 4896 manum,
1501 4846 1740 4902 suasque
1779 4832 1946 4900 capiti
1977 4831 2076 4884 ho-

501 4903 668 4956 minis
718 4917 748 4955 a
803 4917 860 4957 se
917 4904 1207 4959 ordinandi
1254 4905 1660 4974 imposuerunt;
1693 4901 1858 4958 sicuti
1905 4902 2077 4956 refer-

501 4981 593 5036 tur
615 4974 670 5026 in
700 4973 1013 5029 narratione
1043 4974 1118 5028 De
1140 4974 1292 5028 rebus
1315 4973 1596 5034 Armeniae,
1623 4981 1756 5026 tom.
1790 4974 1856 5035 IL
1890 4981 2078 5025 aucta-

502 5044 572 5104 rii
621 5041 962 5098 Bibliotheca:
1008 5045 1236 5098 Patrum
1283 5044 1688 5099 Combelisiani.
1741 5043 1918 5112 Atque
1973 5043 2076 5096 hoc

502 5115 624 5170 loco
648 5114 879 5168 celatum
908 5116 1072 5168 nolitn
1104 5117 1361 5170 lectorem
1393 5129 1632 5184 errorem
1657 5119 1954 5184 geminum,
1982 5112 2076 5184 qui

503 5192 733 5257 apparet
759 5185 820 5257 in
839 5185 1168 5240 Breviatione
1198 5203 1457 5239 canonum
1491 5183 1755 5254 Fulgentii
1788 5183 2074 5257 Ferrandi,

504 5253 626 5324 cap.
657 5255 690 5308 6
724 5274 736 5310 :
777 5253 843 5326 ι
875 5273 1009 5309 unus
1029 5258 1300 5326 episcopus
1348 5253 1642 5326 episcopum
1691 5272 1793 5308 non
1826 5254 2076 5326 ordinet;

503 5337 720 5394 excepta
778 5325 1019 5380 Ecclesia
1052 5324 1310 5381 Romana.
1336 5326 1573 5380 Concilio
1599 5324 1848 5388 Zellensi,
1882 5340 1947 5378 ea:
1975 5324 2080 5393 epi-

505 5397 645 5450 stola
717 5413 866 5466 papa:
933 5398 1134 5453 Siricii.
1192 5397 1403 5451 Etenim
1454 5398 1562 5450 duo
1625 5397 1797 5466 prima
1857 5395 2078 5466 decreta

503 5464 749 5538 epistola:
787 5464 832 5521 ’4
866 5466 1046 5522 Siricii
1091 5483 1372 5538 perperam
1403 5464 1860 5522 conunis'centurz
1894 5474 1948 5520 et
1981 5464 2079 5519 Se-

505 5536 601 5608 des
634 5539 932 5608 apostolica
966 5536 1212 5608 primatis
1244 5553 1340 5592 seu
1386 5539 1803 5606 metropolitana
1835 5545 2080 5608 mutatur

507 5607 562 5659 in
595 5607 777 5679 sedem
806 5607 1162 5678 apostolicam
1199 5608 1528 5674 Romanam;
1553 5624 1664 5662 non
1695 5609 1854 5678 culpa
1883 5607 2083 5679 (suspi-

508 5680 625 5746 cor)
661 5677 943 5743 Ferrandi,
981 5681 1076 5735 sed
1117 5679 1420 5749 ignorantia
1454 5681 1535 5732 vel
1559 5679 1750 5749 fraude
1791 5677 2077 5748 cujusdam

512 5745 854 5820 recentioris.
907 5749 985 5803 En
1037 5745 1309 5820 pontificis
1331 5749 1532 5803 verba:
1568 5747 1611 5805 l.
1647 5745 1713 5802 Ut
1756 5745 1909 5803 extra
1953 5765 2080 5801 con-

512 5819 786 5872 scientiam
815 5820 952 5874 sedis
989 5819 1308 5888 apostolicw,
1341 5820 1434 5875 hoc
1479 5828 1557 5874 est
1619 5821 1896 5890 primatis,
1930 5836 2079 5875 nemo

2177 4549 2276 4682 gs.
2298 4549 2396 4620 vlt",
2415 4570 2538 4624 cap.
2562 4549 2662 4621 46';
2683 4554 2916 4617 lib.vul,
2933 4566 3054 4621 cap.
3081 4550 3139 4615 4,
3170 4550 3262 4614 27,
3279 4559 3334 4604 et
3354 4564 3484 4604 can.
3509 4560 3691 4621 apost.
3708 4549 3761 4602 1.

2222 4643 2313 4681 οτ.

2222 4643 2313 4681 Οτ.

2250 4719 2361 4790 (12)
2406 4718 2514 4772 Καὶ
2543 4716 2661 4771 τῶν
2685 4717 2917 4772 λοιπῶν
2936 4713 3264 4790 πλτιφπῶν.
3289 4711 3532 4790 omnino
3552 4729 3621 4769 ex
3645 4729 3770 4790 seu:

2179 4782 2268 4851 su,
2297 4782 2353 4845 et
2375 4805 2443 4844 ex
2486 4803 2696 4842 canone
2739 4788 3041 4858 apostolico
3064 4786 3132 4858 ,1,
3181 4784 3623 4858 rescribendum,
3673 4782 3768 4839 καὶ

2175 4862 2302 4922 τοὺς
2327 4860 2546 4922 λοιποὺς
2573 4853 2892 4930 κληρικούς.
2922 4856 3081 4923 Quod
3103 4855 3284 4930 _vertit
3325 4853 3664 4930 Tun-ianus.
3704 4859 3782 4930 _At

2179 4946 2208 4984 a
2242 4930 2407 4984 Bovio
2438 4931 2639 4985 lectum
2663 4925 2912 4989 "videtur,
2941 4930 3036 4981 καὶ
3060 4927 3168 4979 τῶν
3197 4926 3398 4978 λοιπῶν
3426 4925 3659 4998 κλῆρον.
3703 4927 3780 4983 In.

2188 5002 2463 5064 Ὡσαύτως
2494 5001 2588 5052 καὶ
2615 4999 2706 5052 τὸν
2747 4999 2932 5052 λοιπὸν
2961 4998 3186 5069 κλῆρον,
3217 4999 3354 5050 alter
3393 4995 3783 5053 codeindo—

2178 5071 2460 5126 bonensis.
2493 5070 2666 5126 Cum.

2250 5165 2362 5235 (15)
2395 5163 2560 5230 Mnes
2586 5163 2680 5235 es;
2703 5161 2801 5215 καὶ
2847 5162 3273 5235 πρεσϐύτερον,
3323 5167 3432 5235 etc.
3466 5158 3618 5230 Sequ
3633 5161 3782 5216 entia

2181 5231 2385 5291 szecula
2416 5235 2470 5288 in
2500 5233 2794 5288 collatione
2817 5233 3049 5286 minoris
3099 5231 3230 5285 cieri
3260 5232 3641 5286 variaverunt.
3686 5235 3784 5284 Ca-

2180 5323 2290 5386 non
2320 5304 2602 5386 ἀνέκδοτος
2619 5303 2910 5386 Nicephori
2933 5302 3296 5386 confessoris:
3339 5303 3396 5352 Ὀ
3425 5302 3570 5386 ἔχων
3597 5296 3783 5386 εὒχῂν

2177 5377 2512 5448 ἡγουμένου,
2564 5371 2932 5448 πρεσϐύτερος
2963 5373 3100 5448 ᾉῶν,
3163 5371 3487 5448 χειροτονεῖ(
3522 5371 3774 5448 avaritia-

2181 5443 2434 5517 στηνκα).
2463 5443 2808 5500 ὐπώιξάκονον
2834 5443 2894 5517 έν
2923 5445 2990 5514 τῇ
3028 5444 3133 5517 ὶδιᾳ.
3159 5446 3312 5517 μονῇ.
3339 5443 3446 5508 Qui
3467 5443 3625 5517 habet
3654 5459 3774 5496 con-

2180 5513 2546 5580 secrationem,
2571 5515 2844 5588 hegumeni
2875 5530 2966 5567 seu
2996 5513 3225 5588 abbatis,
3255 5513 3768 5588 estquepresbyter,

2181 5589 2428 5642 ordinare
2456 5584 2896 5658 potest'lectorem
2925 5595 2974 5638 et
3025 5584 3405 5640 subdiaconum
3443 5585 3500 5637 in
3528 5601 3626 5638 suo
3657 5600 3773 5636 mo-

2180 5661 2436 5715 nasterio.
2462 5659 2536 5712 lo.

2254 5750 2380 5821 (14)⁸
2425 5749 2730 5821 ηΕὺλογ-εἷν
2776 5750 2882 5821 τὸν
2928 5750 3104 5804 λαόν.
3132 5819 3144 5821 _
3169 5749 3229 5802 ln
3284 5745 3771 5821 Responsiouibus

2183 5809 2380 5893 syria"
2407 5820 2509 5880 C01
2531 5809 3030 5892 rs'ntinopolitanae
3063 5819 3166 5877 sub
3196 5809 3509 5890 patriarcha
3542 5816 3772 5872 Nicolao
