3876 6188
134 306 239 360 809

1003 306 1602 367 CONSTITUTIONES
1656 307 2358 369 APOSTOLICE..——-LIB.
2403 307 2492 362 iV.

3297 306 3400 356 810

133 423 378 489 διδόντα,
420 425 563 498 ἥπερ
602 427 694 480 τὸν
738 425 1087 498 λαμϐάνοντα
1129 426 1170 455 ²¹
1200 441 1212 453 ·
1251 424 1471 495 καὶγὰρ
1505 424 1719 495 εἴρηται

1837 438 1949 478 eum
1974 424 2065 493 qui
2089 424 2182 477 dat
2208 436 2371 492 quam
2396 421 2490 492 qui
2521 420 2721 489 accipit
2742 419 2818 486 “;
2849 418 2942 475 sed
2972 424 3023 471 et
3048 417 3116 471 ab
3143 431 3208 470 eo
3236 418 3401 471 etiam

133 518 299 571 πάλιν
324 518 415 571 ὑπ’
431 520 597 574 αὑτοῦ
618 522 661 552 ¹¹
678 539 691 551 ·
720 521 854 575 Οὐαὶ
870 520 984 583 τοῖς
1015 517 1227 589 ἔχουσιν
1246 518 1378 589 (‘25),
1401 519 1495 571 καὶ
1514 519 1571 571 ἐν
1589 518 1722 570 ὑπο-

137 610 315 681 κρίσει
358 608 747 678 λαμϐάνουσιν,
795 607 1179 678 ἧδυναμένοις
1224 607 1435 677 βοηθεῖν
1489 609 1719 671 ἑαυτοῖς,

135 701 229 753 καὶ
270 700 567 770 λαμϐάνειν
620 701 750 771 παρ’
808 699 1008 771 ἐτέρων
1052 697 1422 769 βουλομένοιςο
1467 697 1723 767 ἑκάτερος

135 792 242 863 γάρ
270 792 537 846 ἀποδώσει
554 792 708 859 λόγον
728 791 917 863 Κυρίῳ
938 790 1016 862 τῷ
1034 789 1152 861 Θεῷ
1173 793 1229 842 ὲν
1259 789 1442 861 ἡμέρᾳ
1469 790 1721 861 κρίσεως.

146 884 204 937 Ὀ
235 886 335 955 μὲν
364 884 473 954 γὰρ
508 884 571 937 δι’
616 884 827 954 ἡλικίαν
858 884 904 914 ’⁸
930 883 1211 955 ὀρφανίας,
1244 883 1277 953 ἢ
1308 884 1492 953 γήρως
1520 883 1565 913 ³⁵
1596 884 1722 936 ἀτο-

132 976 276 1039 νίαν,
319 975 353 1047 ἢ
409 975 562 1028 νόσου
617 974 1054 1046 πρόσπτωσιν,ἢ
1096 975 1302 1027 τέκνων
1358 972 1724 1044 πολυτροφίαν

133 1067 461 1138 λαμϐάνων·
519 1069 547 1119 ὁ
600 1066 839 1129 τοιοῦτος
892 1066 956 1118 οὐ
1015 1064 1173 1135 μόνον
1217 1065 1278 1117 οὐ
1325 1063 1721 1135 μεμφθήσεται,

133 1158 272 1211 ἀλλά
299 1159 395 1211 καὶ
421 1156 865 1226 ἐπαινεθήσεται·
901 1155 1283 1228 θυσιαστήριον
1334 1155 1443 1227 γὰρ
1487 1157 1563 1227 τῷ
1608 1155 1725 1226 Θεῷ

131 1249 533 1318 λελογισμένος,
589 1249 693 1301 ὑπὸ
746 1247 841 1300 τοῦ
893 1248 1029 1300 Θεοῦ
1080 1248 1460 1318 τιμηθήσεται,
1520 1249 1726 1312 ἀόκνως

132 1341 277 1411 ὑπὲρ
316 1340 424 1391 τῶν
477 1338 719 1392 διδόντων
764 1338 912 1410 αὐτῷ
947 1338 1205 1410 διηνεκῶς
1258 1340 1722 1411 προσευχόμενος’

129 1434 233 1486 οὐκ
262 1431 447 1503 ἀργῶς
474 1432 786 1501 λαμϐάνων,
817 1432 954 1484 ἀλλὰ
1004 1432 1101 1502 τῆς
1144 1431 1254 1503 (Ἦ)
1297 1431 1493 1494 δόσεως
1537 1430 1724 1494 αὐτοῦ,

130 1526 230 1595 ὅση
260 1521 509 1594 δύναμις,
539 1524 628 1575 τὸν
677 1522 866 1593 μισθὸν
907 1522 1081 1586 διδοὺς
1121 1522 1210 1575 διὰ
1245 1525 1343 1594 τῆς
1385 1524 1722 1595 προσευχῆς

130 1618 160 1667 ὁ
189 1615 433 1678 τοιοῦτος
479 1612 570 1669 οὖν
600 1618 654 1667 ὲν
692 1618 757 1685 τῇ
788 1616 991 1685 αἰωνίῳ
1023 1613 1135 1686 ζωῇ
1168 1616 1271 1668 ὑπὸ
1312 1615 1446 1668 Θεοῦ
1493 1634 1727 1687 μακαρι-

132 1705 395 1776 σθήσεται
427 1706 497 1737 ³⁸·
547 1708 575 1759 ὁ
618 1707 673 1759 δὲ
706 1706 861 1776 ἔχων,
895 1708 988 1759 καὶ
1049 1708 1104 1759 ὲν
1126 1707 1412 1777 ὑποκρίσει
1441 1708 1483 1737 ’⁷
1514 1707 1726 1777 λαμϐά-

132 1816 258 1862 νων,
293 1797 326 1868 ἢ
355 1798 420 1850 δι’
450 1799 668 1870 ἀργίαν,
699 1799 819 1851 ἀντὶ
858 1797 952 1851 τοῦ
996 1776 1356 1869 ἐργαζόμενον
1388 1776 1600 1870 βοηθεῖν
1631 1800 1726 1852 καὶ
1760 1776 1798 1829 Β

129 1889 362 1959 ἑτέροις,
392 1889 546 1942 δίκην
572 1890 796 1960 ὀφλήσει
817 1885 895 1959 τῷ
910 1889 1047 1961 Θεῷ,
1076 1891 1157 1943 ὅτι
1178 1892 1420 1963 πενήτων
1438 1893 1483 1924 ³⁸
1510 1894 1724 1963 ἥρπασε

126 1982 218 2035 dum
227 1981 348 2034 αόν.

688 2095 1087 2149 ΚΕΦΑΛΑΙΟΝ
1122 2099 1195 2149 A'.

639 2186 782 2253 Περὶ
819 2188 1231 2256 φιλαργιφίας.

214 2275 273 2329 ’0
303 2274 411 2347 γὰρ
440 2274 577 2346 ἔχων
615 2276 874 2349 ἀργύρια,
906 2278 999 2330 καὶ
1040 2278 1113 2350 μὴ
1148 2279 1458 2349 μεταδιδοὺς
1497 2280 1721 2351 ἑτέροις,

126 2370 270 2440 μήτε
300 2368 410 2439 μὴν
438 2368 597 2431 αὐτὸ(³
636 2368 935 2439 χρώμενος,
965 2370 1128 2422 τόπον
1154 2370 1328 2438 ὄφεως
1357 2371 1722 2442 κεκλήρωκεν,

124 2462 187 2512 ὃν
217 2475 383 2528 φασιν
425 2460 482 2511 ὲν
522 2462 635 2522 τοῖς
674 2458 968 2531 θησαυροῖς
1007 2459 1283 2514 καθεύδειν
1315 2462 1567 2532 (25)·καὶ
1610 2461 1725 2515 ἔστι

124 2553 225 2605 καὶ
243 2550 355 2619 (9.6)
370 2552 454 2604 ἐπ’
470 2552 619 2621 αὐτῷ
638 2550 846 2622 ἀληθὴς
873 2553 906 2622 ἡ
940 2552 1199 2623 Γραφὴ,ή
1224 2553 1531 2621 φάσκουσα-
1555 2573 1572 2605 ι
1594 2555 1727 2606 Συν-

128 2646 308 2715 ήγαγε
352 2642 582 2695 πλοῦτον
610 2642 669 2707 ἐξ
696 2636 757 2695 οὗ
793 2644 854 2696 οὐ
882 2643 1164 2711 γεύσεται·
1206 2664 1224 2695 ι
1259 2646 1353 2697 καὶ
1392 2644 1542 2698 οὐδὲν
1578 2645 1726 2716 αὐτῷ

122 2734 343 2804 ὗφελος,
382 2734 741 2805 ἀπολλυμένῳ
778 2734 930 2805 παρά
973 2736 1073 2807 τῆς
1108 2735 1282 2808 δίκης.
1320 2755 1337 2787 ι
1376 2737 1491 2789 Οὐκ
1516 2737 1728 2808 ὠφελή-

124 2844 213 2878 σει
259 2824 399 2896 γὰρ,
449 2827 633 2897 φησὶν,
683 2827 997 2898 ὑπάρχοντα
1046 2828 1104 2880 ἐν
1154 2829 1335 2900 ἡμέρᾳ
1376 2830 1561 2900 ὀργῆς.
1602 2849 1621 2881 ι
1669 2831 1727 2883 Ὁ

118 2919 238 2989 γὰρ
266 2917 507 2981 τοιοῦτος
547 2920 608 2971 οὐ
648 2918 725 2991 τῷ
754 2919 871 2990 Θεῷ
918 2920 1300 2985 πεπίστευκεν,
1332 2921 1468 2975 ἀλλὰ
1493 2922 1571 2993 τῷ
1601 2924 1728 2977 ἐαυ-

118 3010 223 3064 ττοῦ
254 3010 483 3081 χρυσίῳ,
514 3011 645 3064 Θεὸν
672 3012 832 3066 τοῦτο
860 3014 993 3084 ήγού
1003 3031 1179 3085 μενος,
1214 3016 1307 3067 καὶ
1335 3016 1420 3068 ἐπ’
1450 3016 1600 3087 αὐτῷ
1628 3032 1728 3070 πε·-

1820 513 2025 568 dictum
2052 522 2137 568 est
2170 533 2184 567 :
2217 512 2310 568 Va:
2332 513 2399 567 iis
2427 512 2521 582 qui
2551 510 2774 574 habent,
2807 517 2861 564 et
2900 509 2955 562 in
2998 508 3274 579 hypocrisi
3310 522 3408 561 ac-

1820 606 2030 674 cipiunt
2057 607 2132 668 ”;
2164 615 2259 659 aut
2290 606 2383 675 qui
2418 619 2569 668 cum,
2595 602 2700 658 sibi
2738 602 2953 672 possint
2994 598 3273 669 suppetias
3320 598 3406 651 af-

1823 696 1985 761 ferre,
2016 697 2083 751 ab
2122 697 2246 752 aliis
2286 698 2533 767 accipere
2575 695 2767 750 volunt
2795 712 2810 749 :
2843 701 3072 762 uterque
3115 690 3262 745 enim
3296 689 3405 743 Do-

1822 790 1970 843 mino
1998 787 2109 842 Deo
2134 788 2322 842 reddet
2346 787 2613 842 rationem
2640 788 2695 841 in
2723 785 2811 839 die
2832 785 3046 853 judicii.
3065 781 3172 839 Sed
3203 783 3295 853 qui
3321 796 3408 835 ac,

1822 880 1975 950 cipit,
2005 887 2099 933 aut
2131 886 2351 949 propter
2379 886 2592 934 aetatem
2624 878 3092 948 pupillarem,-aut
3133 874 3205 927 ob
3246 888 3408 929 sene-

1824 974 1988 1028 ctutis
2016 971 2375 1037 debilitatem,
2406 978 2500 1024 aut
2528 981 2752 1040 propter
2774 969 3023 1022 morbum
3052 965 3404 1025 incidentem,

1826 1072 1919 1119 aut
1950 1072 2171 1135 propter
2200 1065 2518 1119 alendorum
2550 1064 2847 1117 liberorum
2880 1058 3319 1124 multitudinem;
3359 1058 3409 1111 is

1826 1172 1936 1211 non
1962 1157 2123 1211 modo
2163 1171 2273 1209 non
2309 1154 2756 1226 reprehendetur,
2780 1168 2967 1208 verum
3017 1151 3179 1206 etiam
3219 1149 3409 1203 lauda-

1828 1248 1974 1301 bitur
2001 1265 2014 1300 :
2046 1247 2315 1318 siquidem
2341 1262 2371 1300 a
2397 1246 2507 1302 Deo
2529 1248 2699 1301 altare
2728 1252 3032 1315 reputatus,
3056 1244 3123 1297 ab
3144 1257 3209 1297 eo
3234 1241 3409 1295 hono-

1827 1339 2070 1406 rabitnr;
2114 1340 2341 1410 impigre
2388 1354 2488 1408 pro
2523 1338 2873 1409 largitoribus
2912 1336 3029 1390 suis
3077 1348 3141 1388 ac
3187 1332 3410 1387 assidue

1827 1432 2156 1502 deprecans;
2190 1447 2297 1486 non
2328 1432 2500 1486 otiose
2538 1446 2783 1493 sumens,
2815 1427 2910 1485 sed
2938 1425 3119 1497 quoad
3149 1424 3269 1495 ejus
3298 1435 3407 1490 est,

1828 1538 1925 1593 per
1951 1538 2141 1592 preces
2169 1537 2321 1585 suas,
2346 1521 2475 1575 doni
2502 1521 2804 1575 mercedem
2830 1517 3108 1590 praebitori
3137 1517 3406 1574 tribuens.

1828 1613 1928 1668 Hic
1979 1614 2143 1685 igitur
2175 1616 2227 1668 in
2261 1615 2368 1666 vita
2410 1614 2742 1683 sempiterna
2782 1612 2974 1666 beatus
3004 1624 3034 1663 a
3069 1608 3179 1664 Deo
3213 1609 3412 1679 praedi-

1828 1706 2062 1761 cabitur.
2089 1705 2190 1772 Qui
2226 1720 2353 1761 vero
2381 1705 2561 1769 habet,
2595 1713 2648 1761 et
2697 1705 2753 1759 in
2802 1702 3079 1775 hypocrisi
3118 1703 3285 1774 capit,
3316 1708 3413 1755 aut

1829 1806 2051 1869 propter
2073 1798 2347 1861 inertiam,
2378 1812 2501 1850 cum
2533 1796 2753 1850 deberet
2798 1811 2864 1850 ex
2910 1810 3075 1864 opere
3120 1810 3222 1849 suo
3247 1794 3413 1849 etiam

1827 1890 1963 1945 alios
1993 1889 2287 1959 adjuvare;
2319 1890 2367 1944 is
2398 1888 2508 1943 Deo
2554 1902 2747 1958 pmnas
2796 1889 3090 1957 persolvet,
3122 1887 3250 1957 quia
3277 1902 3415 1957 pau-

1828 1997 2017 2051 perum
2051 1982 2355 2037 buccellam
2385 1981 2587 2051 rapuit.

2440 2094 2668 2150 CAPUT
2707 2094 2796 2149 IV.

2447 2189 2519 2241 De
2551 2189 2799 2242 avaritia.

1896 2278 2031 2332 Nam
2070 2279 2162 2349 qui
2193 2279 2354 2335 habet
2386 2280 2667 2349 pecunias,
2697 2286 2752 2334 et
2786 2278 2909 2334 aliis
2946 2292 3055 2333 non
3081 2275 3411 2345 impertitur,

1827 2386 2005 2441 neque
2042 2386 2174 2425 vero
2201 2370 2317 2441 ipse
2349 2371 2554 2437 utitur;
2587 2371 2676 2425 hic
2700 2372 2930 2425 sortitus
2968 2376 3054 2424 est
3087 2368 3267 2422 locum
3298 2381 3416 2423 ser-

1827 2463 2028 2532 pentis,
2058 2474 2219 2532 quem
2245 2462 2399 2516 aiunt
2429 2463 2705 2518 thesauris
2741 2462 3025 2519 incubare.
3038 2475 3097 2515 ac
3130 2460 3199 2516 de
3222 2474 3290 2515 eo
3316 2459 3419 2513 ho-

1829 2553 1974 2608 mine
2026 2568 2156 2609 vera
2203 2564 2287 2610 est
2330 2552 2639 2624 Scriptura,
2669 2569 2793 2625 quae
2839 2553 2959 2607 ait:
3000 2571 3020 2604 ε
3056 2552 3419 2622 Congregavit

1827 2645 2067 2710 divitias,
2098 2661 2166 2702 ex
2196 2647 2395 2717 quibus
2424 2661 2531 2701 non
2570 2647 2812 2718 gustabit
2836 2647 2908 2712 ⁸⁸,
2929 2653 3011 2701 iet
3025 2644 3161 2699 nihil
3189 2644 3238 2699 ei
3263 2657 3420 2699 etno-

1828 2737 2077 2802 lumenti,
2110 2738 2365 2808 pereunti
2397 2752 2427 2791 a
2461 2738 2731 2809 supplicio
2764 2759 2780 2795 :
2819 2757 2837 2789 ι
2876 2736 2994 2791 Non
3043 2737 3186 2791 enim
3222 2735 3419 2807 prode-

1828 2838 1978 2895 runt,
2012 2849 2031 2882 ι
2056 2829 2254 2901 inquit,
2284 2847 2303 2882 ι
2339 2845 2470 2899 opes
2494 2831 2549 2884 in
2601 2830 2690 2884 die
2720 2829 2894 2884 irae”.
2938 2848 2956 2880 ι
2992 2826 3272 2897 Siquidem
3324 2827 3419 2896 qui

1828 2923 1955 2978 talis
1979 2930 2086 2987 est,
2108 2936 2220 2977 non
2239 2921 2472 2977 credidit
2493 2920 2627 2987 Deo,
2652 2920 2745 2975 sed
2777 2934 2912 2974 auro
2934 2934 3056 2983 suo,
3080 2918 3225 2988 quod
3244 2916 3417 2972 Deum

1830 3024 2003 3085 putat,
2028 3023 2083 3071 et
2129 3015 2184 3069 in
2221 3030 2331 3085 quo
2364 3012 2608 3068 conlidit.
2644 3010 2813 3076 Idem,
2851 3010 3140 3067 simulator
3167 3008 3418 3063 veritatis

122 3102 355 3167 ποιθὼς.
415 3104 743 3177 ’Υποκριτὴς
789 3105 1048 3177 ἀληθείας
1075 3108 1103 3159 ὁ
1130 3106 1388 3171 τοιοῦτος,
1440 3123 1728 3179 προσωπο-

1837 3114 1936 3172 est,
1975 3121 2337 3177 personarum
2386 3114 2661 3174 acceptor,
2708 3101 2965 3167 inﬁdelis,
3010 3100 3315 3164 cavillator,
3356 3099 3422 3153 ti-

122 3197 363 3266 Αὴπτης,
408 3196 655 3260 ἄπιστος,
700 3196 883 3268 εἴρων,
930 3197 1134 3261 δειλὸς,
1182 3198 1457 3270 ἄνανδρος,
1505 3197 1726 3267 κοῦφος.

124 3288 382 3359 εὐχερὴς,
416 3288 800 3360 μεμψίμοιρος,
832 3288 1101 3353 ὲπώδυνος
1131 3290 1261 3361 (27),
1311 3289 1505 3343 ἑαυτοῦ
1536 3290 1729 3363 ἐχθρὸς

124 3380 223 3432 καὶ
248 3378 466 3442 οὐδενὸς
492 3380 665 3448 φίλος.
710 3380 912 3433 Τούτου
954 3379 1025 3434 τὰ
1061 3383 1320 3452 χρήματα
1360 3382 1588 3435 ὀλεῖται’
1634 3385 1728 3437 καὶ

123 3470 269 3541 ἀνὴρ
332 3468 481 3534 ξένος
535 3470 708 3524 ἔδεται
764 3471 923 3535 αὐτὰ,
972 3471 1005 3543 ἢ
1060 3470 1260 3536 ζῶντος
1313 3473 1725 3546 ὑφελόμενος,ἢ

122 3563 386 3625 θανόντος
414 3564 867 3635 καρπωσάμενος.
907 3583 924 3614 ι
965 3562 1203 3627 Πλοῦτος
1231 3563 1339 3636 γὰρ
1368 3563 1569 3628 ἀδίκως
1612 3581 1728 3618 συν-

122 3654 422 3723 αγόμενος,
450 3651 857 3726 ὲξεμεθήσεται.
899 3673 917 3705 ι

684 3746 1078 3799 ΚΕΦΑΛΑΙΟΝ
1118 3747 1191 3798 Ε’.

123 3838 295 3893 Μετὰ
343 3839 519 3893 ποίου
572 3839 760 3908 φόϐου
791 3838 908 3907 χρὴ
940 3837 1077 3915 τῶν⁸
1108 3837 1420 3905 Κυριακῶν
1452 3838 1727 3909 μετέχειν

707 3924 1145 3977 συνεισφομον.

197 3999 587 4071 Παραινοῦμεν
626 3996 720 4053 οὖν
760 4002 879 4062 ταῖς
920 4000 1115 4070 χήραις
1156 3998 1250 4051 καὶ
1288 4001 1402 4061 τοῖς
1448 4002 1720 4070 ὀρφανοῖς,

122 4093 270 4163 μετά
298 4092 501 4155 παντὸς
546 4092 711 4160 φόϐου
754 4093 848 4145 καὶ
902 4092 1082 4163 πάσης
1126 4091 1412 4155 εὐλαϐείας
1446 4093 1723 4164 μεταλαμ-

120 4184 317 4237 ϐάνειν
360 4184 473 4237 τῶν
512 4185 694 4247 αὐτοῖς
738 4184 1196 4255 χορηγουμένων,
1246 4186 1340 4238 καὶ
1383 4186 1722 4256 εὐχαριστεῖν

122 4277 267 4345 Θεῷ,
300 4276 380 4346 τῷ
406 4276 594 4329 διδόντι
634 4278 748 4339 τοῖς
793 4276 1015 4329 πεινῶσι
1059 4276 1286 4347 τροφὴν,
1318 4278 1411 4329 καὶ
1450 4278 1534 4330 ἐπ’
1574 4279 1722 4349 αὐτῷ

126 4369 256 4430 τοὺς
300 4367 613 4438 ὀφθαλμοὺς
652 4368 931 4421 ἐκτείνειν.
969 4387 986 4419 ι
1026 4369 1122 4430 Τίς
1166 4368 1293 4439 γὰρ,
1342 4370 1524 4439 φησὶν,
1569 4372 1721 4441 ὑμῶν

1831 3199 2033 3264 midus,
2064 3200 2315 3270 ignavus,
2358 3198 2525 3259 levis,
2580 3195 2819 3264 ineptus,
2853 3193 3140 3263 querulus,
3178 3192 3417 3262 seipsunt

1830 3292 2173 3354 excrucians,
2203 3290 2461 3343 inimicus
2491 3288 2595 3343 sibi
2636 3302 2701 3341 ac
2750 3286 2954 3341 nemini
2986 3286 3217 3338 amicus.
3244 3281 3421 3352 Hujus

1830 3382 1972 3437 bona
2002 3381 2295 3451 peribunt,
2327 3388 2382 3436 et
2424 3380 2586 3435 homo
2616 3385 2911 3433 extraneus
2958 3375 3210 3431 comedet
3240 3389 3305 3430 ea
3338 3374 3378 3406 ³⁸
3401 3413 3418 3440 ,

1829 3475 1913 3529 vel
1946 3488 2011 3528 eo
2043 3475 2260 3528 vivente
2304 3473 2593 3535 auferens,
2638 3471 2722 3525 vel
2777 3478 3016 3532 mortuo,
3064 3473 3418 3522 consecutus.

1834 3584 1853 3616 ι
1892 3564 2100 3620 Divitis:
2144 3566 2288 3619 enim
2319 3564 2503 3634 inique
2545 3570 2887 3632 congregatae
2934 3565 3256 3615 evomentur
3284 3558 3352 3613 ".
3395 3575 3417 3609 ο

2457 3742 2684 3797 CAPUT
2726 3742 2791 3796 Υ.

1828 3840 1962 3896 Cum
2001 3849 2196 3911 quanto
2242 3841 2427 3893 timore
2476 3848 2715 3907 oporteat
2762 3835 3070 3888 collatianes
3121 3832 3423 3888 Dominicas

2519 3924 2741 3962 sumere.

1896 4001 2202 4057 Consilium
2233 4000 2399 4073 igitur
2420 4001 2615 4056 damus
2636 3999 2817 4055 viduis
2844 4009 2898 4054 et
2930 3998 3175 4068 pupillis,
3206 4004 3264 4050 ut
3298 4011 3423 4051 cum

1827 4108 2041 4149 summo
2071 4102 2219 4148 metu
2246 4102 2304 4149 et
2336 4108 2551 4148 summa
2580 4092 2888 4147 reverentia
2920 4091 3155 4160 capiant
3185 4104 3307 4159 quae
3340 4089 3422 4142 cis

1827 4186 2265 4256 suppeditantur,
2292 4192 2459 4255 utque
2475 4183 2584 4238 Deo
2604 4199 2786 4238 escam
2802 4183 2955 4237 danti
2970 4180 3343 4237 esurientibus
3357 4178 3421 4232 ".

1828 4283 2033 4349 gratias
2067 4285 2252 4349 agant,
2284 4285 2339 4332 et
2381 4278 2437 4331 in
2464 4292 2588 4332 eum
2634 4281 2823 4330 oculos
2878 4274 3183 4329 intendant.
3238 4291 3255 4323 ι
3286 4271 3422 4337 Quis

1824 4373 1992 4436 enim,
2038 4389 2056 4423 ι
2091 4370 2287 4439 inquit,
2324 4386 2344 4419 ι
2382 4376 2623 4423 vestrum
2660 4366 2930 4429 comedet,
2961 4373 3055 4418 aut
3111 4364 3235 4433 quis
3277 4363 3428 4417 bibet

124 4457 388 4527 Ἰφάγεται,
434 4458 468 4531 ἢ
513 4459 597 4521 τίς
642 4459 843 4522 πίεται,
889 4457 1063 4530 παρὲξ
1102 4458 1303 4524 αὑτοῦ;
1344 4479 1362 4510 ι
1395 4461 1567 4525 Αὐτὸς
1614 4463 1722 4537 γάρ

1837 4466 1945 4521 sine
1972 4464 2128 4533 ipso?
2154 4482 2170 4513 ι
2192 4460 2237 4492 ⁸⁸
2260 4459 2380 4530 Ipse
2409 4460 2555 4513 enim
2586 4458 2761 4528 aperit
2787 4471 3007 4510 manum
3030 4471 3207 4518 suam,
3243 4462 3297 4508 et
3328 4454 3432 4508 im-

218 4586 290 4617 ²¹⁶
324 4585 446 4637 Act.
478 4599 573 4647 xx,
602 4582 693 4637 35.
766 4586 813 4616 ¹²
844 4583 1038 4638 Anast.
1090 4582 1215 4635 οὐαὶ
1257 4579 1367 4650 γὰρ
1387 4582 1521 4643 τοῖς,
1566 4586 1681 4650 etc.

1837 4576 2017 4629 Matth.
2051 4591 2227 4650 axili,
2249 4649 2252 4650 ν
2278 4576 2364 4630 14.

148 4654 515 4725 ἀδυναμίας.Δ
565 4656 610 4687 ³⁸
638 4654 829 4725 Anast.
850 4654 927 4719 ὡς
953 4652 1189 4725 εἴρηται.
1216 4720 1231 4725 _
1272 4647 1315 4725 '_"’
1336 4647 1529 4725 Anast.
1563 4648 1629 4701 δι’
1662 4648 1745 4725 ὑπι

1837 4663 1970 4725 ιισιν.

3075 4573 3119 4604 ’⁵
3146 4571 3334 4627 Anast.
3371 4576 3404 4632 ἢ

2444 4575 2490 4606 ³⁸
2531 4576 2721 4629 Anast.
2764 4571 3000 4645 ἡλικίας.
3075 4573 3119 4604 ’⁸
3146 4571 3334 4627 Anast.
3371 4576 3404 4646 ἡ

2495 4647 2539 4677 ’θ
2575 4644 2747 4699 Eccle.
2796 4660 2847 4700 ν.
2888 4642 2940 4697 9.
3047 4642 3092 4673 ³⁰
3125 4641 3281 4695 Ι³ι·ον.
3321 4659 3377 4700 ιι

2049 4646 2092 4675 ’⁸
2119 4647 2189 4698 nl.
2230 4649 2418 4702 Anast.
2495 4647 2539 4677 ²⁹
2575 4644 2747 4699 Eccle.
2787 4642 2847 4705 'v,
2888 4642 2940 4697 9.

150 4730 220 4790 4,
250 4709 354 4796 σμ’
378 4709 541 4779 LXX.
618 4725 662 4756 ³¹
692 4723 870 4780 Eccle.
902 4709 974 4791 6.,
998 4709 1076 4777 ὲ]
1133 4724 1177 4754 ³⁸
1204 4720 1307 4776 Job
1334 4736 1429 4785 xx,
1463 4718 1552 4781 15,
1581 4719 1723 4787 apud

1846 4716 1912 4769 Χ.
1991 4715 2035 4746 ³³
2065 4716 2379 4781 νέομεην,
2408 4717 2461 4769 7.
2540 4716 2583 4747 “
2611 4713 2787 4769 Eccle.
2823 4728 2883 4778 ll,
2907 4712 2998 4777 25,
3027 4712 3081 4766 in
3114 4709 3274 4766 LXX.

1512 4823 1823 4882 VARIORU
1832 4826 1880 4881 Μ
1913 4822 2148 4882 NOTAE.

126 4910 552 4979 Quaestionibus
587 4928 721 4968 mss.
754 4911 1001 4981 ejusdem
1051 4912 1307 4976 libraria,
1342 4914 1604 4981 scriptum
1640 4915 1734 4969 in-

129 4983 261 5064 veni
289 5002 306 5036 :
346 4983 424 5034 At’
454 4982 667 5064 ἡλικίαν
696 4983 1056 5064 όρφτανίαςηιῆ
1084 4985 1288 5064 γήρως,
1334 4984 1368 5055 ἢ
1416 4982 1736 5064 ἀδυναμίαν,

195 5053 362 5105 νόσου
393 5052 762 5122 πρόσπτωσιν.
787 5052 892 5108 Pro
915 5052 1115 5123 quibus
1144 5052 1415 5122 interpres
1436 5052 1632 5123 legisse
1659 5057 1741 5109 vi-

124 5123 303 5204 detur
333 5123 712 5204 :_At"ﬂ).txiav
732 5123 811 5204 κῇ
841 5124 1151 5204 ὀρφανίαν,Δ
1177 5123 1209 5195 ἦ
1260 5123 1511 5204 γῆραςὶῇ
1541 5125 1738 5204 ἀδυνα-

178 5194 293 5253 ἱαν,
328 5200 435 5246 etc.
469 5190 642 5263 Nicon
682 5190 942 5248 collector
989 5190 1250 5258 ineditus,
1274 5190 1414 5263 cap.
1442 5190 1532 5258 '56,
1566 5196 1738 5251 citat:

196 5262 440 5384 γήὲους,
457 5262 777 5343 ἀδυναμίαν,
806 5264 877 5318 al.
901 5264 935 5334 ἢ
961 5266 1183 5335 γήρους,
1203 5264 1235 5334 ἦ
1254 5262 1574 5335 ἀδυναμίαν.
1600 5266 1738 5321 Cor.

205 5329 266 5401 (2
311 5336 330 5401 )
368 5332 512 5404 Qval
538 5350 664 5398 τοις
710 5332 982 5401 ἔχουσιν,
1024 5343 1157 5397 etc.,
1208 5334 1279 5404 ad,
1306 5335 1738 5404 βουλομένοις.

205 5356 330 5401 κιο)
368 5356 512 5386 υυιιι
538 5356 664 5398 τοῖς
710 5356 982 5401 εχυυσιν,
1024 5356 1157 5397 etc.,
1208 5356 1273 5389 au
1318 5356 1741 5404 ρουλομενοις.

124 5400 379 5475 Exstant
401 5400 455 5475 in
488 5405 821 5475 membranis
839 5404 1006 5473 regiis
1028 5404 1245 5475 codicis
1261 5402 1396 5458 22M
1424 5403 1638 5475 Eclogae
1652 5421 1743 5460 sa—

122 5472 547 5545 cra:_ined_it_aa.
604 5473 719 5526 lllic
747 5472 1015 5545 sententia
1042 5475 1155 5528 haec
1183 5473 1500 5545 Κλήμεντος
1523 5472 1745 5531 nomine

124 5556 193 5615 se
217 5538 403 5615 offert,
421 5541 567 5615 λόγῳ
597 5550 664 5596 ια’
684 5544 780 5615 qui
808 5542 1129 5615 inscribitur
1153 5538 1376 5615 ε”Οτίοὺ
1401 5543 1561 5615 μόνον
1578 5547 1745 5614 ἐργάν-

122 5609 645 5686 ζεσθαι-ὀφείλομεν
666 5609 804 5686 πρὸς
840 5611 902 5686 τὸ
935 5609 1461 5686 ὲπαρκεῖνῌὲαυτοῖς,
1480 5609 1623 5670 ἀλλά’
1648 5609 1745 5671 καὶ

124 5679 832 5768 πρρέιτηνςῶνέδεομένων
850 5679 1163 5768 διατροφην.
1196 5683 1333 5768 ροτ.

206 5748 334 5821 (ει)
359 5748 498 5821 Τῆς.
520 5748 671 5807 Alter
688 5752 861 5807 codex
885 5748 1025 5825 ὑπὲρ
1044 5748 1165 5827 τῆς.
1197 5756 1365 5814 Cum.

429 5847 704 5909 Ρηιιοι.
744 5848 861 5909 Gn.
895 5849 945 5911 ι.

1914 4916 2028 4987 (25)
2060 4916 2176 4987 ᾖον
2223 4914 2531 4987 φασιν
2589 4913 2713 4987 τοῖς
2747 4915 3069 4987 θησαυροῖς
3107 4919 3419 4974 καθεύδειν
3441 4960 3452 4971 .

1849 4984 2185 5041 8.’Β;ιείιίυε
2234 4987 2301 5039 de
2354 4986 2556 5056 utiliter
2611 4984 2853 5055 legendis
2901 4990 3187 5056 gentilium
3229 4992 3383 5046 libris
3437 5004 3449 5037 :

1848 5056 1995 5130 Πλὴν
2044 5058 2091 5108 εί
2140 5054 2402 5130 μὴ,κατά
2448 5056 2575 5130 τοὺς
2601 5054 2679 5108 ὲνί
2711 5059 2824 5130 τοῖς
2875 5054 3065 5126 μ’ύθοις
3111 5058 3435 5130 δράκοντας,

1846 5124 2038 5197 ἡδονήν
2078 5124 2225 5199 ,τινα
2260 5126 2418 5199 φέροι
2479 5124 2772 5199 θησαυροῖς
2800 5124 3245 5199 κατωρυγμένοις
3299 5124 3405 5185 ἐπα
3427 5152 3448 5161 -

1846 5194 2163 5267 γρυπνςῖνα
2186 5194 2424 5260 Scilicet,
2462 5194 2697 5267 docente
2722 5212 2846 5249 cum
2888 5194 3009 5252 aliis
3036 5194 3310 5254 Macrobio
3334 5202 3437 5255 Sa-

1849 5265 2047 5321 turnal.
2107 5265 2200 5320 lib.
2228 5283 2267 5329 ι,
2300 5281 2423 5335 cap.
2452 5266 2543 5335 29,
2575 5266 2955 5321 thesaurorum
3004 5269 3252 5324 custodia
3307 5270 3437 5323 dra-

1846 5337 2079 5409 conibus
2118 5333 2713 5409 assignatur._Vide.gsi
2747 5347 2909 5409 vacat
2928 5350 2981 5392 et
3021 5340 3187 5404 luhct,
3218 5340 3436 5409 elegan-

1848 5415 1957 5461 tem
1991 5406 2227 5460 fabulam
2258 5405 2491 5471 Phaedri,
2528 5407 2615 5470 l9,
2645 5407 2741 5461 lib.
2774 5422 2847 5462 IV.
2881 5408 3017 5463 Cor.

1845 5546 1885 5603 Ο
1919 5477 2031 5548 (26)
2053 5477 2184 5530 Καί.
2205 5476 2365 5532 Deest
2389 5478 2443 5531 in
2473 5477 2646 5532 altero
2674 5477 2865 5532 codice
2886 5486 2939 5532 et
2965 5478 3181 5548 quidem
3213 5479 3429 5536 melius.

1894 5564 2017 5601 ten.

1894 5564 2017 5601 ιει.

1918 5617 2032 5689 (27)
2072 5618 2428 5684 Ἐπώδυνος.
2459 5617 2621 5673 Deest
2658 5616 2713 5672 in
2741 5618 2914 5675 altero
2943 5619 3089 5686 cod.,
3125 5618 3254 5689 quia
3283 5617 3428 5676 idem

1848 5705 2001 5760 seqq.
2033 5689 2215 5745 verbis
2243 5689 2586 5758 exprimitur.
2624 5689 2700 5744 in.

2985 5847 3064 5907 ‘26
