  <div class='ocr_page' id='page_1' title='image "/cluster/home/n/w/nwhite01/storage/ocr_20150623/1/nnc1.0022106693/446.png"; bbox 0 0 3876 6188; ppageno 0'>
   <div class='ocr_carea' id='block_1_1' title="bbox 178 296 3449 364">
    <p class='ocr_par' dir='ltr' id='par_1_1' title="bbox 178 296 3449 364">
     <span class='ocr_line' id='line_1_1' title="bbox 178 296 3449 364; baseline -0.002 -4"><span class='ocrx_word' id='word_1_1' title='bbox 178 304 283 360; x_wconf 76' lang='lat' dir='ltr'><strong>sci</strong></span> <span class='ocrx_word' id='word_1_2' title='bbox 1104 296 1709 354; x_wconf 83' lang='lat' dir='ltr'><strong>CONSTITUTIONES</strong></span> <span class='ocrx_word' id='word_1_3' title='bbox 1746 297 2433 358; x_wconf 65' lang='lat' dir='ltr'><strong>APOSTOLICIE.—LIB.</strong></span> <span class='ocrx_word' id='word_1_4' title='bbox 2470 302 2555 359; x_wconf 86' lang='lat' dir='ltr'><strong>IV.</strong></span> <span class='ocrx_word' id='word_1_5' title='bbox 3336 311 3449 364; x_wconf 52' lang='grc' dir='ltr'>εει)</span> 
     </span>
    </p>
   </div>
   <div class='ocr_carea' id='block_1_2' title="bbox 3375 347 3442 366">
    <p class='ocr_par' dir='ltr' id='par_1_2' title="bbox 3375 347 3442 366">
     <span class='ocr_line' id='line_1_2' title="bbox 3375 347 3442 366; baseline 0.03 -2"><span class='ocrx_word' id='word_1_6' title='bbox 3375 347 3442 366; x_wconf 71' lang='grc' dir='ltr'><strong>ιη·</strong></span> 
     </span>
    </p>
   </div>
   <div class='ocr_carea' id='block_1_3' title="bbox 179 410 1764 490">
    <p class='ocr_par' dir='ltr' id='par_1_3' title="bbox 179 410 1764 489">
     <span class='ocr_line' id='line_1_3' title="bbox 179 410 1764 489; baseline -0.006 -18"><span class='ocrx_word' id='word_1_7' title='bbox 179 423 205 459; x_wconf 72' lang='grc'><em>⁸</em></span> <span class='ocrx_word' id='word_1_8' title='bbox 232 418 384 489; x_wconf 85' lang='grc' dir='ltr'>Τίμα</span> <span class='ocrx_word' id='word_1_9' title='bbox 429 416 520 469; x_wconf 78' lang='grc' dir='ltr'><strong>τὸν</strong></span> <span class='ocrx_word' id='word_1_10' title='bbox 566 413 768 486; x_wconf 89' lang='grc' dir='ltr'>Κύριον</span> <span class='ocrx_word' id='word_1_11' title='bbox 812 411 921 467; x_wconf 82' lang='grc' dir='ltr'><strong>ἀπὸ</strong></span> <span class='ocrx_word' id='word_1_12' title='bbox 964 411 1072 465; x_wconf 86' lang='grc' dir='ltr'><strong>σῶν</strong></span> <span class='ocrx_word' id='word_1_13' title='bbox 1115 410 1337 465; x_wconf 86' lang='grc' dir='ltr'>δικαίων</span> <span class='ocrx_word' id='word_1_14' title='bbox 1397 410 1575 464; x_wconf 85' lang='grc' dir='ltr'>πόνων</span> <span class='ocrx_word' id='word_1_15' title='bbox 1601 427 1615 441; x_wconf 77' lang='grc' dir='ltr'><strong>ο</strong></span> <span class='ocrx_word' id='word_1_16' title='bbox 1674 410 1764 463; x_wconf 64' lang='grc' dir='ltr'>καὶ</span> 
     </span>
    </p>
   </div>
   <div class='ocr_carea' id='block_1_4' title="bbox 1872 410 3443 490">
    <p class='ocr_par' dir='ltr' id='par_1_4' title="bbox 1872 410 3443 490">
     <span class='ocr_line' id='line_1_4' title="bbox 1872 410 3443 490; baseline 0.01 -27"><span class='ocrx_word' id='word_1_17' title='bbox 1872 411 2091 481; x_wconf 82' lang='lat' dir='ltr'><strong>sapiens</strong></span> <span class='ocrx_word' id='word_1_18' title='bbox 2116 410 2375 466; x_wconf 82' lang='lat' dir='ltr'><strong>Salomon</strong></span> <span class='ocrx_word' id='word_1_19' title='bbox 2405 433 2416 467; x_wconf 95' lang='lat'>:</span> <span class='ocrx_word' id='word_1_20' title='bbox 2449 432 2467 463; x_wconf 75' lang='grc' dir='ltr'><strong>ι</strong></span> <span class='ocrx_word' id='word_1_21' title='bbox 2496 412 2714 469; x_wconf 84' lang='lat' dir='ltr'><strong>Honora</strong></span> <span class='ocrx_word' id='word_1_22' title='bbox 2744 415 3030 470; x_wconf 86' lang='lat' dir='ltr'><strong>Dominum</strong></span> <span class='ocrx_word' id='word_1_23' title='bbox 3054 431 3119 473; x_wconf 79' lang='lat' dir='ltr'><strong>ex</strong></span> <span class='ocrx_word' id='word_1_24' title='bbox 3149 419 3257 475; x_wconf 89' lang='lat' dir='ltr'><strong>tuis</strong></span> <span class='ocrx_word' id='word_1_25' title='bbox 3279 418 3443 490; x_wconf 76' lang='lat' dir='ltr'><strong>iustis</strong></span> 
     </span>
    </p>
   </div>
   <div class='ocr_carea' id='block_1_5' title="bbox 175 501 1764 581">
    <p class='ocr_par' dir='ltr' id='par_1_5' title="bbox 175 501 1764 580">
     <span class='ocr_line' id='line_1_5' title="bbox 175 501 1764 580; baseline -0.006 -17"><span class='ocrx_word' id='word_1_26' title='bbox 175 508 433 580; x_wconf 75' lang='grc' dir='ltr'>ἀπάρχου</span> <span class='ocrx_word' id='word_1_27' title='bbox 476 506 626 577; x_wconf 81' lang='grc' dir='ltr'>αὐτῷ</span> <span class='ocrx_word' id='word_1_28' title='bbox 668 505 780 560; x_wconf 85' lang='grc' dir='ltr'>ἀπὸ</span> <span class='ocrx_word' id='word_1_29' title='bbox 825 503 933 557; x_wconf 90' lang='grc' dir='ltr'><strong>σῶν</strong></span> <span class='ocrx_word' id='word_1_30' title='bbox 979 502 1207 575; x_wconf 82' lang='grc' dir='ltr'><strong>καρπῶν</strong></span> <span class='ocrx_word' id='word_1_31' title='bbox 1248 501 1593 573; x_wconf 84' lang='grc' dir='ltr'><strong>δικαιοσύνης</strong></span> <span class='ocrx_word' id='word_1_32' title='bbox 1616 518 1630 531; x_wconf 77' lang='grc' dir='ltr'><strong>ο</strong></span> <span class='ocrx_word' id='word_1_33' title='bbox 1680 501 1764 554; x_wconf 86' lang='grc' dir='ltr'><strong>ἴνα</strong></span> 
     </span>
    </p>
   </div>
   <div class='ocr_carea' id='block_1_6' title="bbox 1872 501 3443 581">
    <p class='ocr_par' dir='ltr' id='par_1_6' title="bbox 1872 503 3443 581">
     <span class='ocr_line' id='line_1_6' title="bbox 1872 503 3443 581; baseline 0.009 -26"><span class='ocrx_word' id='word_1_34' title='bbox 1872 503 2185 570; x_wconf 81' lang='lat' dir='ltr'><strong>laboribus;</strong></span> <span class='ocrx_word' id='word_1_35' title='bbox 2219 512 2273 559; x_wconf 91' lang='lat' dir='ltr'><strong>et</strong></span> <span class='ocrx_word' id='word_1_36' title='bbox 2308 504 2582 575; x_wconf 81' lang='lat' dir='ltr'><strong>primitias</strong></span> <span class='ocrx_word' id='word_1_37' title='bbox 2609 504 2679 560; x_wconf 89' lang='lat' dir='ltr'><strong>da</strong></span> <span class='ocrx_word' id='word_1_38' title='bbox 2709 506 2760 561; x_wconf 91' lang='lat' dir='ltr'><strong>ei</strong></span> <span class='ocrx_word' id='word_1_39' title='bbox 2802 506 2869 563; x_wconf 92' lang='lat' dir='ltr'><strong>de</strong></span> <span class='ocrx_word' id='word_1_40' title='bbox 2901 507 3011 563; x_wconf 91' lang='lat' dir='ltr'><strong>tuis</strong></span> <span class='ocrx_word' id='word_1_41' title='bbox 3046 507 3317 567; x_wconf 79' lang='lat' dir='ltr'><strong>fructibus</strong></span> <span class='ocrx_word' id='word_1_42' title='bbox 3352 512 3443 581; x_wconf 88' lang='lat' dir='ltr'><strong>ju-</strong></span> 
     </span>
    </p>
   </div>
   <div class='ocr_carea' id='block_1_7' title="bbox 138 591 1764 671">
    <p class='ocr_par' dir='ltr' id='par_1_7' title="bbox 138 591 1764 671">
     <span class='ocr_line' id='line_1_7' title="bbox 138 591 1764 671; baseline -0.008 -14"><span class='ocrx_word' id='word_1_43' title='bbox 138 654 143 658; x_wconf 74' lang='grc'><strong>,</strong></span> <span class='ocrx_word' id='word_1_44' title='bbox 176 600 493 671; x_wconf 75' lang='grc' dir='ltr'>πιμπλᾶται</span> <span class='ocrx_word' id='word_1_45' title='bbox 519 597 591 651; x_wconf 81' lang='grc' dir='ltr'>τὰ</span> <span class='ocrx_word' id='word_1_46' title='bbox 617 596 840 667; x_wconf 83' lang='grc' dir='ltr'>ταμιεῖά</span> <span class='ocrx_word' id='word_1_47' title='bbox 871 612 964 649; x_wconf 92' lang='grc' dir='ltr'><strong>σου</strong></span> <span class='ocrx_word' id='word_1_48' title='bbox 996 594 1315 665; x_wconf 79' lang='grc' dir='ltr'><strong>πλησμονῆς</strong></span> <span class='ocrx_word' id='word_1_49' title='bbox 1344 592 1489 646; x_wconf 80' lang='grc' dir='ltr'><strong>σίτου</strong></span> <span class='ocrx_word' id='word_1_50' title='bbox 1515 608 1528 622; x_wconf 83' lang='lat'><strong><em>°</em></strong></span> <span class='ocrx_word' id='word_1_51' title='bbox 1560 593 1685 662; x_wconf 75' lang='grc' dir='ltr'>οϊνῳ</span> <span class='ocrx_word' id='word_1_52' title='bbox 1709 591 1764 643; x_wconf 86' lang='grc' dir='ltr'>δὲ</span> 
     </span>
    </p>
   </div>
   <div class='ocr_carea' id='block_1_8' title="bbox 1872 591 3442 671">
    <p class='ocr_par' dir='ltr' id='par_1_8' title="bbox 1872 594 3442 667">
     <span class='ocr_line' id='line_1_8' title="bbox 1872 594 3442 667; baseline 0.008 -20"><span class='ocrx_word' id='word_1_53' title='bbox 1872 594 2035 650; x_wconf 62' lang='lat' dir='ltr'><strong>stitia:</strong></span> <span class='ocrx_word' id='word_1_54' title='bbox 2071 603 2173 650; x_wconf 91' lang='lat' dir='ltr'><strong>:ut</strong></span> <span class='ocrx_word' id='word_1_55' title='bbox 2223 596 2552 667; x_wconf 82' lang='lat' dir='ltr'><strong>impleantur</strong></span> <span class='ocrx_word' id='word_1_56' title='bbox 2591 598 2812 653; x_wconf 87' lang='lat' dir='ltr'><strong>cellaria</strong></span> <span class='ocrx_word' id='word_1_57' title='bbox 2846 605 2940 653; x_wconf 90' lang='lat' dir='ltr'><strong>tua</strong></span> <span class='ocrx_word' id='word_1_58' title='bbox 2990 600 3276 657; x_wconf 83' lang='lat' dir='ltr'><strong>saturitate</strong></span> <span class='ocrx_word' id='word_1_59' title='bbox 3324 603 3442 659; x_wconf 83' lang='lat' dir='ltr'><strong>fru-</strong></span> 
     </span>
    </p>
   </div>
   <div class='ocr_carea' id='block_1_9' title="bbox 176 678 1765 764">
    <p class='ocr_par' dir='ltr' id='par_1_9' title="bbox 176 678 1765 764">
     <span class='ocr_line' id='line_1_9' title="bbox 176 678 1765 764; baseline -0.007 -18"><span class='ocrx_word' id='word_1_60' title='bbox 176 695 235 746; x_wconf 85' lang='grc' dir='ltr'><strong>αί</strong></span> <span class='ocrx_word' id='word_1_61' title='bbox 266 692 420 764; x_wconf 88' lang='grc' dir='ltr'>ληνοί</span> <span class='ocrx_word' id='word_1_62' title='bbox 453 708 546 744; x_wconf 87' lang='grc' dir='ltr'><strong>σου</strong></span> <span class='ocrx_word' id='word_1_63' title='bbox 577 687 932 751; x_wconf 80' lang='grc' dir='ltr'>ὲκϐλύζωσιν.</span> <span class='ocrx_word' id='word_1_64' title='bbox 966 706 985 738; x_wconf 80' lang='grc' dir='ltr'><strong>ι</strong></span> <span class='ocrx_word' id='word_1_65' title='bbox 1033 687 1127 740; x_wconf 85' lang='grc' dir='ltr'>Ἐκ</span> <span class='ocrx_word' id='word_1_66' title='bbox 1155 685 1249 739; x_wconf 79' lang='grc' dir='ltr'>τοῦ</span> <span class='ocrx_word' id='word_1_67' title='bbox 1279 684 1489 738; x_wconf 83' lang='grc' dir='ltr'>δικαίου</span> <span class='ocrx_word' id='word_1_68' title='bbox 1538 678 1632 736; x_wconf 81' lang='grc' dir='ltr'><strong>οὐν</strong></span> <span class='ocrx_word' id='word_1_69' title='bbox 1672 683 1765 736; x_wconf 85' lang='grc' dir='ltr'>κό-</span> 
     </span>
    </p>
   </div>
   <div class='ocr_carea' id='block_1_10' title="bbox 178 776 1766 852">
    <p class='ocr_par' dir='ltr' id='par_1_10' title="bbox 178 776 1766 852">
     <span class='ocr_line' id='line_1_10' title="bbox 178 776 1766 852; baseline -0.007 -14"><span class='ocrx_word' id='word_1_70' title='bbox 178 801 283 838; x_wconf 87' lang='grc' dir='ltr'><strong>που</strong></span> <span class='ocrx_word' id='word_1_71' title='bbox 313 783 424 836; x_wconf 91' lang='grc' dir='ltr'><strong>τῶν</strong></span> <span class='ocrx_word' id='word_1_72' title='bbox 454 781 683 845; x_wconf 83' lang='grc' dir='ltr'>πιστῶν,</span> <span class='ocrx_word' id='word_1_73' title='bbox 711 780 939 852; x_wconf 80' lang='grc' dir='ltr'>τρέφετε</span> <span class='ocrx_word' id='word_1_74' title='bbox 966 779 1059 832; x_wconf 73' lang='grc' dir='ltr'><strong>καὶ</strong></span> <span class='ocrx_word' id='word_1_75' title='bbox 1088 777 1415 850; x_wconf 81' lang='grc' dir='ltr'>ἀμφιέννυτε</span> <span class='ocrx_word' id='word_1_76' title='bbox 1454 777 1579 839; x_wconf 82' lang='grc' dir='ltr'>τοὺς</span> <span class='ocrx_word' id='word_1_77' title='bbox 1609 776 1766 829; x_wconf 87' lang='grc' dir='ltr'>ὑστε-</span> 
     </span>
    </p>
   </div>
   <div class='ocr_carea' id='block_1_11' title="bbox 178 869 1765 945">
    <p class='ocr_par' dir='ltr' id='par_1_11' title="bbox 178 869 1765 945">
     <span class='ocr_line' id='line_1_11' title="bbox 178 869 1765 945; baseline -0.006 -17"><span class='ocrx_word' id='word_1_78' title='bbox 178 874 520 945; x_wconf 85' lang='grc' dir='ltr'>ρουμένους·</span> <span class='ocrx_word' id='word_1_79' title='bbox 570 874 666 927; x_wconf 74' lang='grc' dir='ltr'><strong>καὶ</strong></span> <span class='ocrx_word' id='word_1_80' title='bbox 716 871 787 925; x_wconf 88' lang='grc' dir='ltr'><strong>τά</strong></span> <span class='ocrx_word' id='word_1_81' title='bbox 839 870 899 937; x_wconf 74' lang='grc' dir='ltr'><strong>ἐξ</strong></span> <span class='ocrx_word' id='word_1_82' title='bbox 949 870 1151 934; x_wconf 89' lang='grc' dir='ltr'>αὐτῶν,</span> <span class='ocrx_word' id='word_1_83' title='bbox 1207 869 1283 933; x_wconf 84' lang='grc' dir='ltr'>ὡς</span> <span class='ocrx_word' id='word_1_84' title='bbox 1338 870 1765 941; x_wconf 76' lang='grc' dir='ltr'>προειρήκαμεν,</span> 
     </span>
    </p>
   </div>
   <div class='ocr_carea' id='block_1_12' title="bbox 176 950 1769 1039">
    <p class='ocr_par' dir='ltr' id='par_1_12' title="bbox 176 950 1769 1039">
     <span class='ocr_line' id='line_1_12' title="bbox 176 950 1769 1039; baseline -0.006 -18"><span class='ocrx_word' id='word_1_85' title='bbox 176 966 548 1039; x_wconf 76' lang='grc' dir='ltr'>ἀθροιζόμενα</span> <span class='ocrx_word' id='word_1_86' title='bbox 592 966 849 1037; x_wconf 83' lang='grc' dir='ltr'>χρήματα</span> <span class='ocrx_word' id='word_1_87' title='bbox 890 963 1238 1027; x_wconf 85' lang='grc' dir='ltr'>διατάσσετε,</span> <span class='ocrx_word' id='word_1_88' title='bbox 1278 950 1650 1024; x_wconf 77' lang='grc' dir='ltr'>διακονοῦντες</span> <span class='ocrx_word' id='word_1_89' title='bbox 1688 960 1769 1022; x_wconf 89' lang='grc' dir='ltr'><strong>είς</strong></span> 
     </span>
    </p>
   </div>
   <div class='ocr_carea' id='block_1_13' title="bbox 176 1051 1765 1128">
    <p class='ocr_par' dir='ltr' id='par_1_13' title="bbox 176 1051 1765 1128">
     <span class='ocr_line' id='line_1_13' title="bbox 176 1051 1765 1128; baseline -0.006 -16"><span class='ocrx_word' id='word_1_90' title='bbox 176 1062 312 1122; x_wconf 77' lang='grc' dir='ltr'>τοὺς</span> <span class='ocrx_word' id='word_1_91' title='bbox 366 1058 718 1128; x_wconf 88' lang='grc' dir='ltr'>ἀγορασμούς</span> <span class='ocrx_word' id='word_1_92' title='bbox 760 1055 869 1109; x_wconf 91' lang='grc' dir='ltr'><strong>τῶν</strong></span> <span class='ocrx_word' id='word_1_93' title='bbox 917 1054 1087 1123; x_wconf 81' lang='grc' dir='ltr'>ἁγίων</span> <span class='ocrx_word' id='word_1_94' title='bbox 1108 1055 1181 1085; x_wconf 71' lang='grc' dir='ltr'><strong>⁶²ο</strong></span> <span class='ocrx_word' id='word_1_95' title='bbox 1227 1053 1477 1125; x_wconf 82' lang='grc' dir='ltr'>ρυόμενοι</span> <span class='ocrx_word' id='word_1_96' title='bbox 1528 1051 1765 1113; x_wconf 84' lang='grc' dir='ltr'><strong>δούλους,</strong></span> 
     </span>
    </p>
   </div>
   <div class='ocr_carea' id='block_1_14' title="bbox 177 1144 1768 1221">
    <p class='ocr_par' dir='ltr' id='par_1_14' title="bbox 177 1144 1768 1221">
     <span class='ocr_line' id='line_1_14' title="bbox 177 1144 1768 1221; baseline -0.006 -17"><span class='ocrx_word' id='word_1_97' title='bbox 177 1150 587 1221; x_wconf 76' lang='grc' dir='ltr'><strong>αἰχμαλώτους,</strong></span> <span class='ocrx_word' id='word_1_98' title='bbox 616 1147 887 1219; x_wconf 82' lang='grc' dir='ltr'>δεσμίους,</span> <span class='ocrx_word' id='word_1_99' title='bbox 920 1144 1411 1218; x_wconf 78' lang='grc' dir='ltr'>ὲπηρεαζομένους,</span> <span class='ocrx_word' id='word_1_100' title='bbox 1440 1144 1675 1215; x_wconf 70' lang='grc' dir='ltr'>ἥκοντας</span> <span class='ocrx_word' id='word_1_101' title='bbox 1704 1144 1768 1195; x_wconf 83' lang='grc' dir='ltr'>ὲκ</span> 
     </span>
    </p>
   </div>
   <div class='ocr_carea' id='block_1_15' title="bbox 178 1236 1767 1313">
    <p class='ocr_par' dir='ltr' id='par_1_15' title="bbox 178 1236 1767 1313">
     <span class='ocr_line' id='line_1_15' title="bbox 178 1236 1767 1313; baseline -0.005 -17"><span class='ocrx_word' id='word_1_102' title='bbox 178 1242 484 1313; x_wconf 80' lang='grc' dir='ltr'>καταδίκης</span> <span class='ocrx_word' id='word_1_103' title='bbox 510 1241 599 1295; x_wconf 88' lang='grc' dir='ltr'>διὰ</span> <span class='ocrx_word' id='word_1_104' title='bbox 624 1241 686 1295; x_wconf 82' lang='grc' dir='ltr'><strong>τὸ</strong></span> <span class='ocrx_word' id='word_1_105' title='bbox 724 1240 894 1311; x_wconf 76' lang='grc' dir='ltr'>ὄνομα</span> <span class='ocrx_word' id='word_1_106' title='bbox 929 1239 1023 1293; x_wconf 78' lang='grc' dir='ltr'>τοῦ</span> <span class='ocrx_word' id='word_1_107' title='bbox 1066 1237 1303 1311; x_wconf 79' lang='grc' dir='ltr'>Χριστοῦ</span> <span class='ocrx_word' id='word_1_108' title='bbox 1345 1238 1450 1290; x_wconf 82' lang='grc' dir='ltr'><strong>ὐπὸ</strong></span> <span class='ocrx_word' id='word_1_109' title='bbox 1490 1236 1767 1308; x_wconf 86' lang='grc' dir='ltr'>τυράννων</span> 
     </span>
    </p>
   </div>
   <div class='ocr_carea' id='block_1_16' title="bbox 178 1328 1763 1405">
    <p class='ocr_par' dir='ltr' id='par_1_16' title="bbox 178 1328 1763 1405">
     <span class='ocr_line' id='line_1_16' title="bbox 178 1328 1763 1405; baseline 0 -20"><span class='ocrx_word' id='word_1_110' title='bbox 178 1336 264 1398; x_wconf 86' lang='grc' dir='ltr'>εἰς</span> <span class='ocrx_word' id='word_1_111' title='bbox 311 1333 641 1405; x_wconf 84' lang='grc' dir='ltr'>μονομαχίαν</span> <span class='ocrx_word' id='word_1_112' title='bbox 686 1333 777 1386; x_wconf 77' lang='grc' dir='ltr'><strong>καὶ</strong></span> <span class='ocrx_word' id='word_1_113' title='bbox 819 1332 1065 1386; x_wconf 88' lang='grc' dir='ltr'>θάνατον.</span> <span class='ocrx_word' id='word_1_114' title='bbox 1112 1330 1275 1399; x_wconf 81' lang='grc' dir='ltr'><strong>Λέγει</strong></span> <span class='ocrx_word' id='word_1_115' title='bbox 1320 1328 1428 1400; x_wconf 84' lang='grc' dir='ltr'>γὰρ</span> <span class='ocrx_word' id='word_1_116' title='bbox 1474 1328 1763 1401; x_wconf 84' lang='grc' dir='ltr'><strong>ήΓραφή⁶</strong></span> 
     </span>
    </p>
   </div>
   <div class='ocr_carea' id='block_1_17' title="bbox 184 1421 1767 1498">
    <p class='ocr_par' dir='ltr' id='par_1_17' title="bbox 184 1421 1767 1498">
     <span class='ocr_line' id='line_1_17' title="bbox 184 1421 1767 1498; baseline -0.004 -19"><span class='ocrx_word' id='word_1_117' title='bbox 184 1447 205 1479; x_wconf 85' lang='grc'><em>‹</em></span> <span class='ocrx_word' id='word_1_118' title='bbox 248 1426 441 1480; x_wconf 86' lang='grc' dir='ltr'>Ῥῦσαι</span> <span class='ocrx_word' id='word_1_119' title='bbox 468 1426 772 1498; x_wconf 82' lang='grc' dir='ltr'>ἀγομένους</span> <span class='ocrx_word' id='word_1_120' title='bbox 798 1425 877 1488; x_wconf 86' lang='grc' dir='ltr'><strong>είς</strong></span> <span class='ocrx_word' id='word_1_121' title='bbox 905 1423 1151 1487; x_wconf 83' lang='grc' dir='ltr'>θάνατον,</span> <span class='ocrx_word' id='word_1_122' title='bbox 1182 1421 1277 1476; x_wconf 81' lang='grc' dir='ltr'>καὶ</span> <span class='ocrx_word' id='word_1_123' title='bbox 1304 1421 1532 1493; x_wconf 82' lang='grc' dir='ltr'>ὲκπρίου</span> <span class='ocrx_word' id='word_1_124' title='bbox 1563 1436 1767 1475; x_wconf 88' lang='grc' dir='ltr'>κτεινο-</span> 
     </span>
    </p>
   </div>
   <div class='ocr_carea' id='block_1_18' title="bbox 182 1516 801 1589">
    <p class='ocr_par' dir='ltr' id='par_1_18' title="bbox 182 1516 801 1589">
     <span class='ocr_line' id='line_1_18' title="bbox 182 1516 801 1589; baseline -0.006 -16"><span class='ocrx_word' id='word_1_125' title='bbox 182 1519 386 1589; x_wconf 83' lang='grc' dir='ltr'>μένους</span> <span class='ocrx_word' id='word_1_126' title='bbox 406 1535 421 1549; x_wconf 72' lang='grc' dir='ltr'>σ</span> <span class='ocrx_word' id='word_1_127' title='bbox 454 1517 530 1589; x_wconf 87' lang='grc' dir='ltr'>μὴ</span> <span class='ocrx_word' id='word_1_128' title='bbox 560 1516 742 1589; x_wconf 79' lang='grc' dir='ltr'>φείσῃ.</span> <span class='ocrx_word' id='word_1_129' title='bbox 783 1535 801 1568; x_wconf 78' lang='grc' dir='ltr'><strong>ι</strong></span> 
     </span>
    </p>
   </div>
   <div class='ocr_carea' id='block_1_19' title="bbox 731 1608 1225 1663">
    <p class='ocr_par' dir='ltr' id='par_1_19' title="bbox 731 1608 1225 1663">
     <span class='ocr_line' id='line_1_19' title="bbox 731 1608 1225 1663; baseline -0.006 0"><span class='ocrx_word' id='word_1_130' title='bbox 731 1608 1124 1663; x_wconf 80' lang='grc' dir='ltr'><strong>ΚΕΦΑΛΑΙΟΝ</strong></span> <span class='ocrx_word' id='word_1_131' title='bbox 1170 1610 1225 1661; x_wconf 89' lang='lat' dir='ltr'><strong>I&#39;.</strong></span> 
     </span>
    </p>
   </div>
   <div class='ocr_carea' id='block_1_20' title="bbox 176 1697 1764 1767">
    <p class='ocr_par' dir='ltr' id='par_1_20' title="bbox 176 1697 1764 1767">
     <span class='ocr_line' id='line_1_20' title="bbox 176 1697 1764 1767; baseline -0.003 -13"><span class='ocrx_word' id='word_1_132' title='bbox 176 1701 489 1767; x_wconf 80' lang='grc' dir='ltr'>Διάταξις,</span> <span class='ocrx_word' id='word_1_133' title='bbox 521 1702 599 1755; x_wconf 84' lang='grc' dir='ltr'><strong>ἵν’</strong></span> <span class='ocrx_word' id='word_1_134' title='bbox 627 1701 738 1755; x_wconf 82' lang='grc' dir='ltr'><strong>ἐάν</strong></span> <span class='ocrx_word' id='word_1_135' title='bbox 764 1718 852 1766; x_wconf 85' lang='grc' dir='ltr'><strong>τις</strong></span> <span class='ocrx_word' id='word_1_136' title='bbox 878 1699 998 1753; x_wconf 83' lang='grc' dir='ltr'><strong>τῶν</strong></span> <span class='ocrx_word' id='word_1_137' title='bbox 1023 1699 1277 1762; x_wconf 78' lang='grc' dir='ltr'>ἀσεϐῶν,</span> <span class='ocrx_word' id='word_1_138' title='bbox 1315 1697 1414 1765; x_wconf 79' lang='grc' dir='ltr'>ϐίᾳ</span> <span class='ocrx_word' id='word_1_139' title='bbox 1458 1698 1764 1765; x_wconf 69' lang='grc' dir='ltr'>προσρίψῃ</span> 
     </span>
    </p>
   </div>
   <div class='ocr_carea' id='block_1_21' title="bbox 1867 688 3443 763">
    <p class='ocr_par' dir='ltr' id='par_1_21' title="bbox 1867 688 3443 763">
     <span class='ocr_line' id='line_1_21' title="bbox 1867 688 3443 763; baseline 0.008 -24"><span class='ocrx_word' id='word_1_140' title='bbox 1867 688 2075 751; x_wconf 89' lang='lat' dir='ltr'><strong>menti,</strong></span> <span class='ocrx_word' id='word_1_141' title='bbox 2105 694 2160 742; x_wconf 91' lang='lat' dir='ltr'><strong>et</strong></span> <span class='ocrx_word' id='word_1_142' title='bbox 2187 689 2314 743; x_wconf 88' lang='lat' dir='ltr'><strong>vino</strong></span> <span class='ocrx_word' id='word_1_143' title='bbox 2336 688 2630 743; x_wconf 82' lang='lat' dir='ltr'><strong>toreularia</strong></span> <span class='ocrx_word' id='word_1_144' title='bbox 2653 696 2747 744; x_wconf 92' lang='lat' dir='ltr'><strong>tua</strong></span> <span class='ocrx_word' id='word_1_145' title='bbox 2772 689 3077 746; x_wconf 89' lang='lat' dir='ltr'><strong>redundent</strong></span> <span class='ocrx_word' id='word_1_146' title='bbox 3096 689 3281 746; x_wconf 63' lang='lat' dir='ltr'><strong>“.rEx</strong></span> <span class='ocrx_word' id='word_1_147' title='bbox 3289 693 3443 763; x_wconf 87' lang='lat' dir='ltr'><strong>justo</strong></span> 
     </span>
    </p>
   </div>
   <div class='ocr_carea' id='block_1_22' title="bbox 1869 775 3443 847">
    <p class='ocr_par' dir='ltr' id='par_1_22' title="bbox 1869 775 3443 847">
     <span class='ocr_line' id='line_1_22' title="bbox 1869 775 3443 847; baseline 0.008 -19"><span class='ocrx_word' id='word_1_148' title='bbox 1869 775 2035 847; x_wconf 80' lang='lat' dir='ltr'><strong>igitur</strong></span> <span class='ocrx_word' id='word_1_149' title='bbox 2064 775 2304 833; x_wconf 88' lang='lat' dir='ltr'><strong>ﬁdelium</strong></span> <span class='ocrx_word' id='word_1_150' title='bbox 2349 780 2557 844; x_wconf 88' lang='lat' dir='ltr'><strong>labore,</strong></span> <span class='ocrx_word' id='word_1_151' title='bbox 2587 780 2717 836; x_wconf 88' lang='lat' dir='ltr'><strong>alite</strong></span> <span class='ocrx_word' id='word_1_152' title='bbox 2757 796 2822 835; x_wconf 89' lang='lat' dir='ltr'><strong>ac</strong></span> <span class='ocrx_word' id='word_1_153' title='bbox 2850 783 3045 837; x_wconf 83' lang='lat' dir='ltr'><strong>vestite</strong></span> <span class='ocrx_word' id='word_1_154' title='bbox 3071 783 3219 837; x_wconf 90' lang='lat' dir='ltr'><strong>victu</strong></span> <span class='ocrx_word' id='word_1_155' title='bbox 3254 798 3319 838; x_wconf 91' lang='lat' dir='ltr'><strong>ac</strong></span> <span class='ocrx_word' id='word_1_156' title='bbox 3347 800 3443 840; x_wconf 88' lang='lat' dir='ltr'><strong>ve-</strong></span> 
     </span>
    </p>
   </div>
   <div class='ocr_carea' id='block_1_23' title="bbox 1869 868 3439 944">
    <p class='ocr_par' dir='ltr' id='par_1_23' title="bbox 1869 868 3439 944">
     <span class='ocr_line' id='line_1_23' title="bbox 1869 868 3439 944; baseline 0.006 -23"><span class='ocrx_word' id='word_1_157' title='bbox 1869 868 2002 922; x_wconf 89' lang='lat' dir='ltr'><strong>stitu</strong></span> <span class='ocrx_word' id='word_1_158' title='bbox 2030 869 2363 937; x_wconf 91' lang='lat' dir='ltr'><strong>destitutos;</strong></span> <span class='ocrx_word' id='word_1_159' title='bbox 2407 878 2461 926; x_wconf 93' lang='lat' dir='ltr'><strong>et</strong></span> <span class='ocrx_word' id='word_1_160' title='bbox 2492 871 2801 941; x_wconf 78' lang='lat' dir='ltr'><strong>pecuniam,</strong></span> <span class='ocrx_word' id='word_1_161' title='bbox 2852 882 2911 927; x_wconf 89' lang='lat' dir='ltr'><strong>ut</strong></span> <span class='ocrx_word' id='word_1_162' title='bbox 2960 888 3127 944; x_wconf 88' lang='lat' dir='ltr'><strong>supra</strong></span> <span class='ocrx_word' id='word_1_163' title='bbox 3176 874 3439 941; x_wconf 81' lang='lat' dir='ltr'><strong>diximus,</strong></span> 
     </span>
    </p>
   </div>
   <div class='ocr_carea' id='block_1_24' title="bbox 1869 958 3439 1035">
    <p class='ocr_par' dir='ltr' id='par_1_24' title="bbox 1869 958 3439 1035">
     <span class='ocr_line' id='line_1_24' title="bbox 1869 958 3439 1035; baseline 0.007 -24"><span class='ocrx_word' id='word_1_164' title='bbox 1869 958 1995 1013; x_wconf 92' lang='lat' dir='ltr'><strong>inde</strong></span> <span class='ocrx_word' id='word_1_165' title='bbox 2022 970 2266 1015; x_wconf 89' lang='lat' dir='ltr'><strong>coactam</strong></span> <span class='ocrx_word' id='word_1_166' title='bbox 2298 962 2643 1033; x_wconf 88' lang='lat' dir='ltr'><strong>dispensate,</strong></span> <span class='ocrx_word' id='word_1_167' title='bbox 2677 972 2895 1020; x_wconf 87' lang='lat' dir='ltr'><strong>utentes</strong></span> <span class='ocrx_word' id='word_1_168' title='bbox 2924 964 2977 1018; x_wconf 92' lang='lat' dir='ltr'><strong>in</strong></span> <span class='ocrx_word' id='word_1_169' title='bbox 3012 965 3439 1035; x_wconf 87' lang='lat' dir='ltr'><strong>redemptionem</strong></span> 
     </span>
    </p>
   </div>
   <div class='ocr_carea' id='block_1_25' title="bbox 1869 1053 3439 1125">
    <p class='ocr_par' dir='ltr' id='par_1_25' title="bbox 1869 1053 3439 1125">
     <span class='ocr_line' id='line_1_25' title="bbox 1869 1053 3439 1125; baseline 0.005 -20"><span class='ocrx_word' id='word_1_170' title='bbox 1869 1060 2221 1118; x_wconf 84' lang='lat' dir='ltr'><strong>sanctorum,</strong></span> <span class='ocrx_word' id='word_1_171' title='bbox 2278 1053 2572 1108; x_wconf 89' lang='lat' dir='ltr'><strong>liberantes</strong></span> <span class='ocrx_word' id='word_1_172' title='bbox 2618 1069 2838 1120; x_wconf 85' lang='lat' dir='ltr'><strong>servos,</strong></span> <span class='ocrx_word' id='word_1_173' title='bbox 2885 1056 3151 1125; x_wconf 88' lang='lat' dir='ltr'><strong>captivos,</strong></span> <span class='ocrx_word' id='word_1_174' title='bbox 3204 1057 3439 1123; x_wconf 86' lang='lat' dir='ltr'><strong>vinctos,</strong></span> 
     </span>
    </p>
   </div>
   <div class='ocr_carea' id='block_1_26' title="bbox 1868 1143 3444 1220">
    <p class='ocr_par' dir='ltr' id='par_1_26' title="bbox 1868 1143 3444 1220">
     <span class='ocr_line' id='line_1_26' title="bbox 1868 1143 3444 1220; baseline 0.005 -23"><span class='ocrx_word' id='word_1_175' title='bbox 1868 1143 2195 1197; x_wconf 89' lang='lat' dir='ltr'><strong>calumniam</strong></span> <span class='ocrx_word' id='word_1_176' title='bbox 2236 1160 2456 1215; x_wconf 84' lang='lat' dir='ltr'><strong>passos,</strong></span> <span class='ocrx_word' id='word_1_177' title='bbox 2497 1146 2770 1200; x_wconf 87' lang='lat' dir='ltr'><strong>sententia</strong></span> <span class='ocrx_word' id='word_1_178' title='bbox 2814 1154 3173 1218; x_wconf 84' lang='lat' dir='ltr'><strong>tyrannorum</strong></span> <span class='ocrx_word' id='word_1_179' title='bbox 3221 1158 3444 1220; x_wconf 90' lang='lat' dir='ltr'><strong>pr0pter</strong></span> 
     </span>
    </p>
   </div>
   <div class='ocr_carea' id='block_1_27' title="bbox 1868 1235 3435 1298">
    <p class='ocr_par' dir='ltr' id='par_1_27' title="bbox 1868 1235 3435 1298">
     <span class='ocr_line' id='line_1_27' title="bbox 1868 1235 3435 1298; baseline 0.006 -10"><span class='ocrx_word' id='word_1_180' title='bbox 1868 1249 2066 1291; x_wconf 91' lang='lat' dir='ltr'><strong>nomen</strong></span> <span class='ocrx_word' id='word_1_181' title='bbox 2094 1235 2297 1292; x_wconf 81' lang='lat' dir='ltr'><strong>Christi</strong></span> <span class='ocrx_word' id='word_1_182' title='bbox 2319 1236 2519 1293; x_wconf 87' lang='lat' dir='ltr'><strong>missos</strong></span> <span class='ocrx_word' id='word_1_183' title='bbox 2547 1238 2614 1293; x_wconf 89' lang='lat' dir='ltr'><strong>ad</strong></span> <span class='ocrx_word' id='word_1_184' title='bbox 2644 1240 3081 1295; x_wconf 87' lang='lat' dir='ltr'><strong>monomachiam</strong></span> <span class='ocrx_word' id='word_1_185' title='bbox 3103 1249 3157 1296; x_wconf 91' lang='lat' dir='ltr'><strong>et</strong></span> <span class='ocrx_word' id='word_1_186' title='bbox 3185 1252 3435 1298; x_wconf 87' lang='lat' dir='ltr'><strong>mortem.</strong></span> 
     </span>
    </p>
   </div>
   <div class='ocr_carea' id='block_1_28' title="bbox 1869 1326 3442 1403">
    <p class='ocr_par' dir='ltr' id='par_1_28' title="bbox 1869 1326 3442 1403">
     <span class='ocr_line' id='line_1_28' title="bbox 1869 1326 3442 1403; baseline 0.008 -25"><span class='ocrx_word' id='word_1_187' title='bbox 1869 1326 2011 1381; x_wconf 87' lang='lat' dir='ltr'><strong>Dicit</strong></span> <span class='ocrx_word' id='word_1_188' title='bbox 2054 1328 2201 1382; x_wconf 88' lang='lat' dir='ltr'><strong>enim</strong></span> <span class='ocrx_word' id='word_1_189' title='bbox 2258 1327 2587 1399; x_wconf 90' lang='lat' dir='ltr'><strong>Scriptura:</strong></span> <span class='ocrx_word' id='word_1_190' title='bbox 2622 1327 2861 1385; x_wconf 72' lang='lat' dir='ltr'><strong>«Libera</strong></span> <span class='ocrx_word' id='word_1_191' title='bbox 2904 1346 3001 1388; x_wconf 90' lang='lat' dir='ltr'><strong>eos</strong></span> <span class='ocrx_word' id='word_1_192' title='bbox 3041 1334 3136 1403; x_wconf 86' lang='lat' dir='ltr'><strong>qui</strong></span> <span class='ocrx_word' id='word_1_193' title='bbox 3163 1334 3442 1390; x_wconf 88' lang='lat' dir='ltr'><strong>ducuntur</strong></span> 
     </span>
    </p>
   </div>
   <div class='ocr_carea' id='block_1_29' title="bbox 1870 1416 3440 1493">
    <p class='ocr_par' dir='ltr' id='par_1_29' title="bbox 1870 1416 3440 1493">
     <span class='ocr_line' id='line_1_29' title="bbox 1870 1416 3440 1493; baseline 0.008 -24"><span class='ocrx_word' id='word_1_194' title='bbox 1870 1416 1936 1471; x_wconf 92' lang='lat' dir='ltr'><strong>ad</strong></span> <span class='ocrx_word' id='word_1_195' title='bbox 1984 1425 2215 1473; x_wconf 90' lang='lat' dir='ltr'><strong>mortem</strong></span> <span class='ocrx_word' id='word_1_196' title='bbox 2242 1458 2259 1485; x_wconf 87' lang='lat'><strong>,</strong></span> <span class='ocrx_word' id='word_1_197' title='bbox 2305 1428 2361 1476; x_wconf 90' lang='lat' dir='ltr'><strong>et</strong></span> <span class='ocrx_word' id='word_1_198' title='bbox 2394 1420 2600 1477; x_wconf 90' lang='lat' dir='ltr'><strong>redime</strong></span> <span class='ocrx_word' id='word_1_199' title='bbox 2627 1436 2722 1477; x_wconf 91' lang='lat' dir='ltr'><strong>eos</strong></span> <span class='ocrx_word' id='word_1_200' title='bbox 2760 1421 2855 1493; x_wconf 90' lang='lat' dir='ltr'><strong>qui</strong></span> <span class='ocrx_word' id='word_1_201' title='bbox 2888 1423 3323 1492; x_wconf 89' lang='lat' dir='ltr'><strong>interﬁciuntur;</strong></span> <span class='ocrx_word' id='word_1_202' title='bbox 3370 1442 3440 1482; x_wconf 85' lang='lat' dir='ltr'><strong>ne</strong></span> 
     </span>
    </p>
   </div>
   <div class='ocr_carea' id='block_1_30' title="bbox 1869 1511 2206 1579">
    <p class='ocr_par' dir='ltr' id='par_1_30' title="bbox 1869 1511 2206 1579">
     <span class='ocr_line' id='line_1_30' title="bbox 1869 1511 2206 1579; baseline 0.003 -17"><span class='ocrx_word' id='word_1_203' title='bbox 1869 1524 2063 1579; x_wconf 89' lang='lat' dir='ltr'><strong>parcas</strong></span> <span class='ocrx_word' id='word_1_204' title='bbox 2079 1511 2147 1560; x_wconf 78' lang='grc'><strong>⁸³.</strong></span> <span class='ocrx_word' id='word_1_205' title='bbox 2186 1529 2206 1563; x_wconf 84' lang='grc' dir='ltr'><strong>ι</strong></span> 
     </span>
    </p>
   </div>
   <div class='ocr_carea' id='block_1_31' title="bbox 2483 1604 2820 1662">
    <p class='ocr_par' dir='ltr' id='par_1_31' title="bbox 2483 1604 2820 1662">
     <span class='ocr_line' id='line_1_31' title="bbox 2483 1604 2820 1662; baseline -0.003 0"><span class='ocrx_word' id='word_1_206' title='bbox 2483 1604 2712 1662; x_wconf 79' lang='lat' dir='ltr'><strong>CAPUT</strong></span> <span class='ocrx_word' id='word_1_207' title='bbox 2751 1605 2820 1661; x_wconf 84' lang='lat' dir='ltr'><strong>X.</strong></span> 
     </span>
    </p>
   </div>
   <div class='ocr_carea' id='block_1_32' title="bbox 1874 1690 3442 1781">
    <p class='ocr_par' dir='ltr' id='par_1_32' title="bbox 1874 1690 3442 1781">
     <span class='ocr_line' id='line_1_32' title="bbox 1874 1690 3442 1781; baseline 0.007 -35"><span class='ocrx_word' id='word_1_208' title='bbox 1874 1690 2216 1781; x_wconf 58' lang='lat' dir='ltr'><strong>Constitutio,</strong></span> <span class='ocrx_word' id='word_1_209' title='bbox 2248 1706 2305 1750; x_wconf 88' lang='lat' dir='ltr'><strong>ut</strong></span> <span class='ocrx_word' id='word_1_210' title='bbox 2337 1700 2385 1781; x_wconf 72' lang='lat' dir='ltr'><strong>si</strong></span> <span class='ocrx_word' id='word_1_211' title='bbox 2414 1699 2539 1781; x_wconf 43' lang='lat' dir='ltr'><strong>quis.</strong></span> <span class='ocrx_word' id='word_1_212' title='bbox 2586 1698 2775 1781; x_wconf 86' lang='lat' dir='ltr'><strong>impius</strong></span> <span class='ocrx_word' id='word_1_213' title='bbox 2820 1699 2869 1781; x_wconf 65' lang='lat' dir='ltr'><strong>ui</strong></span> <span class='ocrx_word' id='word_1_214' title='bbox 2894 1700 3168 1781; x_wconf 79' lang='lat' dir='ltr'><strong>pecuniam</strong></span> <span class='ocrx_word' id='word_1_215' title='bbox 3193 1703 3442 1759; x_wconf 86' lang='lat' dir='ltr'><strong>sacerdo-</strong></span> 
     </span>
    </p>
   </div>
   <div class='ocr_carea' id='block_1_33' title="bbox 249 1760 1764 1852">
    <p class='ocr_par' dir='ltr' id='par_1_33' title="bbox 249 1760 1764 1852">
     <span class='ocr_line' id='line_1_33' title="bbox 249 1760 1764 1852; baseline -0.005 -26"><span class='ocrx_word' id='word_1_216' title='bbox 249 1760 531 1852; x_wconf 56' lang='grc' dir='ltr'>χρήλέᾴἐα</span> <span class='ocrx_word' id='word_1_217' title='bbox 558 1772 681 1836; x_wconf 85' lang='grc' dir='ltr'>τοῖς</span> <span class='ocrx_word' id='word_1_218' title='bbox 709 1760 997 1852; x_wconf 59' lang='grc' dir='ltr'>ἱερεῦσιν,</span> <span class='ocrx_word' id='word_1_219' title='bbox 1017 1760 1417 1852; x_wconf 31' lang='grc' dir='ltr'>είςβύτῖαᾳκάὶ</span> <span class='ocrx_word' id='word_1_220' title='bbox 1443 1760 1764 1852; x_wconf 66' lang='grc' dir='ltr'>ἀνθράκίὰν</span> 
     </span>
    </p>
   </div>
   <div class='ocr_carea' id='block_1_34' title="bbox 1872 1760 3437 1852">
    <p class='ocr_par' dir='ltr' id='par_1_34' title="bbox 1946 1760 3437 1852">
     <span class='ocr_line' id='line_1_34' title="bbox 1946 1760 3437 1852; baseline 0.008 -37"><span class='ocrx_word' id='word_1_221' title='bbox 1946 1763 2081 1818; x_wconf 82' lang='lat' dir='ltr'><strong>tibus</strong></span> <span class='ocrx_word' id='word_1_222' title='bbox 2098 1767 2393 1852; x_wconf 71' lang='lat' dir='ltr'><strong>projecerit,</strong></span> <span class='ocrx_word' id='word_1_223' title='bbox 2416 1760 2472 1821; x_wconf 78' lang='lat' dir='ltr'><strong>in</strong></span> <span class='ocrx_word' id='word_1_224' title='bbox 2501 1769 2643 1839; x_wconf 85' lang='lat' dir='ltr'><strong>ligna</strong></span> <span class='ocrx_word' id='word_1_225' title='bbox 2658 1760 2710 1822; x_wconf 79' lang='lat' dir='ltr'><strong>et</strong></span> <span class='ocrx_word' id='word_1_226' title='bbox 2733 1760 2983 1825; x_wconf 74' lang='lat' dir='ltr'><strong>carbones</strong></span> <span class='ocrx_word' id='word_1_227' title='bbox 3003 1787 3119 1825; x_wconf 87' lang='lat' dir='ltr'><strong>eam</strong></span> <span class='ocrx_word' id='word_1_228' title='bbox 3143 1772 3437 1839; x_wconf 87' lang='lat' dir='ltr'><strong>insumant,</strong></span> 
     </span>
    </p>
   </div>
   <div class='ocr_carea' id='block_1_35' title="bbox 246 1836 1627 1908">
    <p class='ocr_par' dir='ltr' id='par_1_35' title="bbox 246 1836 1627 1908">
     <span class='ocr_line' id='line_1_35' title="bbox 246 1836 1627 1908; baseline -0.005 -12"><span class='ocrx_word' id='word_1_229' title='bbox 246 1836 616 1898; x_wconf 70' lang='grc' dir='ltr'>ἂναξλώσωσι</span> <span class='ocrx_word' id='word_1_230' title='bbox 644 1836 850 1903; x_wconf 68' lang='grc' dir='ltr'>ταῦτα,</span> <span class='ocrx_word' id='word_1_231' title='bbox 879 1840 1040 1894; x_wconf 71' lang='grc' dir='ltr'>ἀλλὰ</span> <span class='ocrx_word' id='word_1_232' title='bbox 1062 1838 1148 1908; x_wconf 81' lang='grc' dir='ltr'>μὴ</span> <span class='ocrx_word' id='word_1_233' title='bbox 1178 1841 1264 1904; x_wconf 81' lang='grc' dir='ltr'><strong>είς</strong></span> <span class='ocrx_word' id='word_1_234' title='bbox 1292 1836 1627 1906; x_wconf 66' lang='grc' dir='ltr'>διατροφάς.</span> 
     </span>
    </p>
   </div>
   <div class='ocr_carea' id='block_1_36' title="bbox 264 1927 1761 2003">
    <p class='ocr_par' dir='ltr' id='par_1_36' title="bbox 264 1927 1761 2003">
     <span class='ocr_line' id='line_1_36' title="bbox 264 1927 1761 2003; baseline -0.004 -16"><span class='ocrx_word' id='word_1_235' title='bbox 264 1933 395 1987; x_wconf 79' lang='grc' dir='ltr'><strong>Ἐὰν</strong></span> <span class='ocrx_word' id='word_1_236' title='bbox 424 1934 481 1986; x_wconf 88' lang='grc' dir='ltr'><strong>δέ</strong></span> <span class='ocrx_word' id='word_1_237' title='bbox 509 1950 640 1987; x_wconf 78' lang='grc' dir='ltr'>ποτε</span> <span class='ocrx_word' id='word_1_238' title='bbox 670 1932 879 2003; x_wconf 82' lang='grc' dir='ltr'>ἀνάγκη</span> <span class='ocrx_word' id='word_1_239' title='bbox 909 1931 1150 2003; x_wconf 86' lang='grc' dir='ltr'>γένηται,</span> <span class='ocrx_word' id='word_1_240' title='bbox 1172 1929 1326 2001; x_wconf 87' lang='grc' dir='ltr'><strong>παρά</strong></span> <span class='ocrx_word' id='word_1_241' title='bbox 1350 1946 1493 1992; x_wconf 91' lang='grc' dir='ltr'>τινος</span> <span class='ocrx_word' id='word_1_242' title='bbox 1509 1927 1761 1993; x_wconf 84' lang='grc' dir='ltr'>δέξασθαι</span> 
     </span>
    </p>
   </div>
   <div class='ocr_carea' id='block_1_37' title="bbox 169 2019 1762 2095">
    <p class='ocr_par' dir='ltr' id='par_1_37' title="bbox 169 2019 1762 2095">
     <span class='ocr_line' id='line_1_37' title="bbox 169 2019 1762 2095; baseline -0.005 -15"><span class='ocrx_word' id='word_1_243' title='bbox 169 2026 400 2080; x_wconf 84' lang='grc' dir='ltr'>ἀνοσίου</span> <span class='ocrx_word' id='word_1_244' title='bbox 436 2026 659 2089; x_wconf 77' lang='grc' dir='ltr'>ἄκοντες</span> <span class='ocrx_word' id='word_1_245' title='bbox 678 2024 724 2057; x_wconf 69' lang='grc'><strong>⁸⁸</strong></span> <span class='ocrx_word' id='word_1_246' title='bbox 759 2025 1040 2095; x_wconf 87' lang='grc' dir='ltr'>ἀργύριον,</span> <span class='ocrx_word' id='word_1_247' title='bbox 1070 2024 1150 2086; x_wconf 79' lang='grc' dir='ltr'><strong>εἰς</strong></span> <span class='ocrx_word' id='word_1_248' title='bbox 1178 2021 1309 2087; x_wconf 81' lang='grc' dir='ltr'>ξύλα</span> <span class='ocrx_word' id='word_1_249' title='bbox 1341 2022 1436 2075; x_wconf 74' lang='grc' dir='ltr'><strong>καὶ</strong></span> <span class='ocrx_word' id='word_1_250' title='bbox 1462 2019 1762 2092; x_wconf 82' lang='grc' dir='ltr'>ἀνθρακιὰν</span> 
     </span>
    </p>
   </div>
   <div class='ocr_carea' id='block_1_38' title="bbox 170 2110 1761 2188">
    <p class='ocr_par' dir='ltr' id='par_1_38' title="bbox 170 2110 1761 2188">
     <span class='ocr_line' id='line_1_38' title="bbox 170 2110 1761 2188; baseline -0.005 -16"><span class='ocrx_word' id='word_1_251' title='bbox 170 2119 315 2174; x_wconf 83' lang='grc' dir='ltr'>αὐτὸ</span> <span class='ocrx_word' id='word_1_252' title='bbox 330 2117 695 2188; x_wconf 76' lang='grc' dir='ltr'>δαπανήσατε’</span> <span class='ocrx_word' id='word_1_253' title='bbox 720 2116 808 2169; x_wconf 84' lang='grc' dir='ltr'><strong>ἵνα</strong></span> <span class='ocrx_word' id='word_1_254' title='bbox 829 2114 902 2186; x_wconf 81' lang='grc' dir='ltr'>μὴ</span> <span class='ocrx_word' id='word_1_255' title='bbox 920 2113 1157 2167; x_wconf 79' lang='grc' dir='ltr'>λαϐοῦσα</span> <span class='ocrx_word' id='word_1_256' title='bbox 1176 2115 1209 2184; x_wconf 79' lang='grc' dir='ltr'>ἡ</span> <span class='ocrx_word' id='word_1_257' title='bbox 1237 2114 1380 2185; x_wconf 80' lang='grc' dir='ltr'>χήρα</span> <span class='ocrx_word' id='word_1_258' title='bbox 1396 2112 1454 2177; x_wconf 74' lang='grc' dir='ltr'><strong>ἐξ</strong></span> <span class='ocrx_word' id='word_1_259' title='bbox 1472 2111 1620 2182; x_wconf 87' lang='grc' dir='ltr'>αὐτῷ</span> <span class='ocrx_word' id='word_1_260' title='bbox 1650 2110 1761 2183; x_wconf 70' lang='grc'><strong>(46)</strong></span> 
     </span>
    </p>
   </div>
   <div class='ocr_carea' id='block_1_39' title="bbox 168 2203 1761 2281">
    <p class='ocr_par' dir='ltr' id='par_1_39' title="bbox 168 2203 1761 2281">
     <span class='ocr_line' id='line_1_39' title="bbox 168 2203 1761 2281; baseline -0.004 -18"><span class='ocrx_word' id='word_1_261' title='bbox 168 2225 252 2273; x_wconf 86' lang='grc' dir='ltr'><strong>τι,</strong></span> <span class='ocrx_word' id='word_1_262' title='bbox 301 2210 337 2281; x_wconf 81' lang='grc' dir='ltr'>ἢ</span> <span class='ocrx_word' id='word_1_263' title='bbox 381 2213 411 2264; x_wconf 84' lang='grc' dir='ltr'><strong>ὁ</strong></span> <span class='ocrx_word' id='word_1_264' title='bbox 450 2209 705 2281; x_wconf 77' lang='grc' dir='ltr'>ὀρφανὸς,</span> <span class='ocrx_word' id='word_1_265' title='bbox 764 2207 1083 2277; x_wconf 80' lang='grc' dir='ltr'>ἀναγκασθῇ</span> <span class='ocrx_word' id='word_1_266' title='bbox 1126 2204 1436 2278; x_wconf 80' lang='grc' dir='ltr'>ὠνήσασθαι</span> <span class='ocrx_word' id='word_1_267' title='bbox 1479 2203 1685 2276; x_wconf 83' lang='grc' dir='ltr'>τροφὴν</span> <span class='ocrx_word' id='word_1_268' title='bbox 1728 2204 1761 2275; x_wconf 81' lang='grc' dir='ltr'>ἢ</span> 
     </span>
    </p>
   </div>
   <div class='ocr_carea' id='block_1_40' title="bbox 171 2295 1765 2375">
    <p class='ocr_par' dir='ltr' id='par_1_40' title="bbox 171 2295 1765 2375">
     <span class='ocr_line' id='line_1_40' title="bbox 171 2295 1765 2375; baseline -0.006 -18"><span class='ocrx_word' id='word_1_269' title='bbox 171 2304 335 2375; x_wconf 77' lang='grc' dir='ltr'>πόμα</span> <span class='ocrx_word' id='word_1_270' title='bbox 360 2302 511 2374; x_wconf 82' lang='grc' dir='ltr'>παρὰ</span> <span class='ocrx_word' id='word_1_271' title='bbox 534 2301 598 2355; x_wconf 79' lang='grc' dir='ltr'><strong>τὸ</strong></span> <span class='ocrx_word' id='word_1_272' title='bbox 625 2301 898 2372; x_wconf 83' lang='grc' dir='ltr'>προσῆκον</span> <span class='ocrx_word' id='word_1_273' title='bbox 917 2316 931 2329; x_wconf 76' lang='grc'><strong><em>“</em></strong></span> <span class='ocrx_word' id='word_1_274' title='bbox 961 2298 1166 2352; x_wconf 87' lang='grc' dir='ltr'>δίκαιον</span> <span class='ocrx_word' id='word_1_275' title='bbox 1195 2296 1303 2370; x_wconf 81' lang='grc' dir='ltr'>γὰρ</span> <span class='ocrx_word' id='word_1_276' title='bbox 1334 2296 1403 2349; x_wconf 81' lang='grc' dir='ltr'>τὰ</span> <span class='ocrx_word' id='word_1_277' title='bbox 1449 2295 1601 2368; x_wconf 89' lang='grc' dir='ltr'><strong>παρά</strong></span> <span class='ocrx_word' id='word_1_278' title='bbox 1640 2296 1765 2348; x_wconf 88' lang='grc' dir='ltr'>ἀσε-</span> 
     </span>
    </p>
   </div>
   <div class='ocr_carea' id='block_1_41' title="bbox 170 2386 1764 2464">
    <p class='ocr_par' dir='ltr' id='par_1_41' title="bbox 170 2386 1764 2464">
     <span class='ocr_line' id='line_1_41' title="bbox 170 2386 1764 2464; baseline -0.006 -16"><span class='ocrx_word' id='word_1_279' title='bbox 170 2395 293 2448; x_wconf 83' lang='grc' dir='ltr'><strong>ϐῶν</strong></span> <span class='ocrx_word' id='word_1_280' title='bbox 324 2393 525 2456; x_wconf 80' lang='grc' dir='ltr'>ταῦτα,</span> <span class='ocrx_word' id='word_1_281' title='bbox 554 2392 727 2464; x_wconf 84' lang='grc' dir='ltr'>πυρὸς</span> <span class='ocrx_word' id='word_1_282' title='bbox 754 2386 894 2443; x_wconf 73' lang='grc' dir='ltr'>εἶναι</span> <span class='ocrx_word' id='word_1_283' title='bbox 932 2388 1323 2459; x_wconf 83' lang='grc' dir='ltr'>κατανάλωμα,</span> <span class='ocrx_word' id='word_1_284' title='bbox 1381 2388 1482 2441; x_wconf 90' lang='grc' dir='ltr'><strong>οὐκ</strong></span> <span class='ocrx_word' id='word_1_285' title='bbox 1526 2387 1764 2440; x_wconf 89' lang='grc' dir='ltr'>εὐσεϐῶν</span> 
     </span>
    </p>
   </div>
   <div class='ocr_carea' id='block_1_42' title="bbox 171 2479 1764 2558">
    <p class='ocr_par' dir='ltr' id='par_1_42' title="bbox 171 2479 1764 2558">
     <span class='ocr_line' id='line_1_42' title="bbox 171 2479 1764 2558; baseline -0.003 -19"><span class='ocrx_word' id='word_1_286' title='bbox 171 2486 397 2558; x_wconf 79' lang='grc' dir='ltr'>βρῶμα.</span> <span class='ocrx_word' id='word_1_287' title='bbox 454 2484 640 2540; x_wconf 77' lang='grc' dir='ltr'>Ταῦτα</span> <span class='ocrx_word' id='word_1_288' title='bbox 679 2484 736 2537; x_wconf 88' lang='grc' dir='ltr'>δὲ</span> <span class='ocrx_word' id='word_1_289' title='bbox 776 2483 871 2537; x_wconf 76' lang='grc' dir='ltr'>καὶ</span> <span class='ocrx_word' id='word_1_290' title='bbox 916 2484 945 2536; x_wconf 84' lang='grc' dir='ltr'><strong>ὁ</strong></span> <span class='ocrx_word' id='word_1_291' title='bbox 983 2482 1147 2553; x_wconf 87' lang='grc' dir='ltr'>νόμος</span> <span class='ocrx_word' id='word_1_292' title='bbox 1185 2481 1524 2553; x_wconf 85' lang='grc' dir='ltr'>διαγορεύει,</span> <span class='ocrx_word' id='word_1_293' title='bbox 1573 2479 1764 2534; x_wconf 90' lang='grc' dir='ltr'>θυσίαν</span> 
     </span>
    </p>
   </div>
   <div class='ocr_carea' id='block_1_43' title="bbox 169 2572 1765 2649">
    <p class='ocr_par' dir='ltr' id='par_1_43' title="bbox 169 2572 1765 2649">
     <span class='ocr_line' id='line_1_43' title="bbox 169 2572 1765 2649; baseline -0.004 -17"><span class='ocrx_word' id='word_1_294' title='bbox 169 2578 491 2648; x_wconf 75' lang='grc' dir='ltr'>ὀψισθεϊσαν</span> <span class='ocrx_word' id='word_1_295' title='bbox 548 2577 795 2649; x_wconf 79' lang='grc' dir='ltr'>ἄϐρωτον</span> <span class='ocrx_word' id='word_1_296' title='bbox 850 2574 1139 2629; x_wconf 84' lang='grc' dir='ltr'>ἀποκαλῶν</span> <span class='ocrx_word' id='word_1_297' title='bbox 1162 2614 1177 2639; x_wconf 96' lang='grc'><strong>,</strong></span> <span class='ocrx_word' id='word_1_298' title='bbox 1230 2574 1325 2628; x_wconf 76' lang='grc' dir='ltr'>καὶ</span> <span class='ocrx_word' id='word_1_299' title='bbox 1378 2574 1512 2645; x_wconf 75' lang='grc' dir='ltr'>πυρὶ</span> <span class='ocrx_word' id='word_1_300' title='bbox 1562 2572 1765 2644; x_wconf 89' lang='grc' dir='ltr'>ταύτην</span> 
     </span>
    </p>
   </div>
   <div class='ocr_carea' id='block_1_44' title="bbox 166 2663 1767 2738">
    <p class='ocr_par' dir='ltr' id='par_1_44' title="bbox 166 2663 1767 2738">
     <span class='ocr_line' id='line_1_44' title="bbox 166 2663 1767 2738; baseline -0.004 -14"><span class='ocrx_word' id='word_1_301' title='bbox 166 2668 568 2724; x_wconf 75' lang='grc' dir='ltr'>ἀναλίσκεσθαι</span> <span class='ocrx_word' id='word_1_302' title='bbox 599 2667 852 2722; x_wconf 84' lang='grc' dir='ltr'>κελεύων.</span> <span class='ocrx_word' id='word_1_303' title='bbox 897 2667 973 2720; x_wconf 89' lang='grc' dir='ltr'>Οὐ</span> <span class='ocrx_word' id='word_1_304' title='bbox 1015 2665 1125 2738; x_wconf 85' lang='grc' dir='ltr'>γὰρ</span> <span class='ocrx_word' id='word_1_305' title='bbox 1162 2668 1231 2738; x_wconf 81' lang='grc' dir='ltr'>τῇ</span> <span class='ocrx_word' id='word_1_306' title='bbox 1275 2665 1435 2735; x_wconf 84' lang='grc' dir='ltr'>φύσει</span> <span class='ocrx_word' id='word_1_307' title='bbox 1477 2664 1656 2734; x_wconf 82' lang='grc' dir='ltr'>φαῦλα</span> <span class='ocrx_word' id='word_1_308' title='bbox 1697 2663 1767 2718; x_wconf 90' lang='grc' dir='ltr'><strong>τά</strong></span> 
     </span>
    </p>
   </div>
   <div class='ocr_carea' id='block_1_45' title="bbox 172 2755 1767 2834">
    <p class='ocr_par' dir='ltr' id='par_1_45' title="bbox 172 2755 1767 2834">
     <span class='ocr_line' id='line_1_45' title="bbox 172 2755 1767 2834; baseline -0.003 -19"><span class='ocrx_word' id='word_1_309' title='bbox 172 2761 639 2834; x_wconf 82' lang='grc' dir='ltr'>προσφερόμενα,</span> <span class='ocrx_word' id='word_1_310' title='bbox 685 2759 820 2813; x_wconf 89' lang='grc' dir='ltr'><strong>ἀλλά</strong></span> <span class='ocrx_word' id='word_1_311' title='bbox 871 2761 939 2831; x_wconf 77' lang='grc' dir='ltr'>τῇ</span> <span class='ocrx_word' id='word_1_312' title='bbox 982 2757 1179 2831; x_wconf 79' lang='grc' dir='ltr'>γνώμῃ</span> <span class='ocrx_word' id='word_1_313' title='bbox 1222 2757 1331 2811; x_wconf 92' lang='grc' dir='ltr'><strong>τῶν</strong></span> <span class='ocrx_word' id='word_1_314' title='bbox 1374 2755 1767 2830; x_wconf 79' lang='grc' dir='ltr'>προσκομιζόν-</span> 
     </span>
    </p>
   </div>
   <div class='ocr_carea' id='block_1_46' title="bbox 168 2847 1767 2925">
    <p class='ocr_par' dir='ltr' id='par_1_46' title="bbox 168 2847 1767 2925">
     <span class='ocr_line' id='line_1_46' title="bbox 168 2847 1767 2925; baseline -0.004 -18"><span class='ocrx_word' id='word_1_315' title='bbox 168 2872 289 2907; x_wconf 87' lang='grc' dir='ltr'><strong>των</strong></span> <span class='ocrx_word' id='word_1_316' title='bbox 323 2854 433 2925; x_wconf 74' lang='grc'><strong>(47)</strong></span> <span class='ocrx_word' id='word_1_317' title='bbox 462 2853 620 2907; x_wconf 80' lang='grc' dir='ltr'>αὐτὰ.</span> <span class='ocrx_word' id='word_1_318' title='bbox 663 2851 835 2905; x_wconf 80' lang='grc' dir='ltr'>Τοῦτο</span> <span class='ocrx_word' id='word_1_319' title='bbox 870 2850 929 2903; x_wconf 84' lang='grc' dir='ltr'>δὲ</span> <span class='ocrx_word' id='word_1_320' title='bbox 970 2849 1408 2922; x_wconf 82' lang='grc' dir='ltr'>προστάσσομεν,</span> <span class='ocrx_word' id='word_1_321' title='bbox 1451 2849 1545 2902; x_wconf 70' lang='grc' dir='ltr'><strong>ἐπὶ</strong></span> <span class='ocrx_word' id='word_1_322' title='bbox 1587 2847 1649 2901; x_wconf 82' lang='grc' dir='ltr'><strong>τὸ</strong></span> <span class='ocrx_word' id='word_1_323' title='bbox 1691 2848 1767 2920; x_wconf 83' lang='grc' dir='ltr'><strong>μὴ</strong></span> 
     </span>
    </p>
   </div>
   <div class='ocr_carea' id='block_1_47' title="bbox 169 2940 1767 3017">
    <p class='ocr_par' dir='ltr' id='par_1_47' title="bbox 169 2940 1767 3017">
     <span class='ocr_line' id='line_1_47' title="bbox 169 2940 1767 3017; baseline -0.004 -16"><span class='ocrx_word' id='word_1_324' title='bbox 169 2946 546 3017; x_wconf 72' lang='grc' dir='ltr'>ἀποστρέφειν</span> <span class='ocrx_word' id='word_1_325' title='bbox 571 2945 699 3008; x_wconf 83' lang='grc' dir='ltr'><strong>τούς</strong></span> <span class='ocrx_word' id='word_1_326' title='bbox 726 2943 1122 3015; x_wconf 80' lang='grc' dir='ltr'>πλησιάζοντας</span> <span class='ocrx_word' id='word_1_327' title='bbox 1149 2942 1277 3014; x_wconf 81' lang='grc' dir='ltr'>ύμῖν</span> <span class='ocrx_word' id='word_1_328' title='bbox 1294 2959 1307 2973; x_wconf 78' lang='lat'>&#39;</span> <span class='ocrx_word' id='word_1_329' title='bbox 1333 2941 1532 3005; x_wconf 79' lang='grc' dir='ltr'>ειδότες</span> <span class='ocrx_word' id='word_1_330' title='bbox 1550 2941 1643 2996; x_wconf 76' lang='grc' dir='ltr'><strong>καὶ</strong></span> <span class='ocrx_word' id='word_1_331' title='bbox 1668 2940 1767 3013; x_wconf 81' lang='grc' dir='ltr'>τὴν</span> 
     </span>
    </p>
   </div>
   <div class='ocr_carea' id='block_1_48' title="bbox 174 3032 1763 3109">
    <p class='ocr_par' dir='ltr' id='par_1_48' title="bbox 174 3032 1763 3109">
     <span class='ocr_line' id='line_1_48' title="bbox 174 3032 1763 3109; baseline -0.003 -18"><span class='ocrx_word' id='word_1_332' title='bbox 174 3038 475 3109; x_wconf 79' lang='grc' dir='ltr'>συντυχίαν</span> <span class='ocrx_word' id='word_1_333' title='bbox 495 3036 752 3100; x_wconf 81' lang='grc' dir='ltr'>πολλάκις</span> <span class='ocrx_word' id='word_1_334' title='bbox 772 3035 1022 3107; x_wconf 82' lang='grc' dir='ltr'>ὲπωφελῆ</span> <span class='ocrx_word' id='word_1_335' title='bbox 1049 3036 1162 3098; x_wconf 82' lang='grc' dir='ltr'>τοῖς</span> <span class='ocrx_word' id='word_1_336' title='bbox 1181 3033 1399 3088; x_wconf 87' lang='grc' dir='ltr'>ἀσεϐέσι</span> <span class='ocrx_word' id='word_1_337' title='bbox 1418 3032 1763 3105; x_wconf 82' lang='grc' dir='ltr'>γεγενῆσθαι,</span> 
     </span>
    </p>
   </div>
   <div class='ocr_carea' id='block_1_49' title="bbox 170 3106 1832 3201">
    <p class='ocr_par' dir='ltr' id='par_1_49' title="bbox 170 3106 1832 3201">
     <span class='ocr_line' id='line_1_49' title="bbox 170 3106 1832 3201; baseline -0.003 -18"><span class='ocrx_word' id='word_1_338' title='bbox 170 3130 277 3201; x_wconf 79' lang='grc' dir='ltr'>τὴν</span> <span class='ocrx_word' id='word_1_339' title='bbox 470 3130 596 3193; x_wconf 86' lang='grc' dir='ltr'><strong>τούς</strong></span> <span class='ocrx_word' id='word_1_340' title='bbox 624 3128 867 3192; x_wconf 86' lang='grc' dir='ltr'>εὐσεϐεῖς</span> <span class='ocrx_word' id='word_1_341' title='bbox 907 3126 1040 3199; x_wconf 70' lang='grc'><strong>(48),</strong></span> <span class='ocrx_word' id='word_1_342' title='bbox 1087 3126 1352 3198; x_wconf 80' lang='grc' dir='ltr'>ὲπιϐλαϐἦ</span> <span class='ocrx_word' id='word_1_343' title='bbox 1384 3126 1440 3179; x_wconf 84' lang='grc' dir='ltr'>δὲ</span> <span class='ocrx_word' id='word_1_344' title='bbox 1473 3126 1639 3197; x_wconf 84' lang='grc' dir='ltr'>μόνην</span> <span class='ocrx_word' id='word_1_345' title='bbox 1666 3125 1763 3197; x_wconf 85' lang='grc' dir='ltr'>τὴν</span> <span class='ocrx_word' id='word_1_346' title='bbox 1790 3106 1832 3164; x_wconf 75' lang='lat' dir='ltr'><strong>C</strong></span> 
     </span>
    </p>
   </div>
   <div class='ocr_carea' id='block_1_50' title="bbox 172 3214 1767 3294">
    <p class='ocr_par' dir='ltr' id='par_1_50' title="bbox 172 3214 1767 3294">
     <span class='ocr_line' id='line_1_50' title="bbox 172 3214 1767 3294; baseline -0.004 -17"><span class='ocrx_word' id='word_1_347' title='bbox 172 3222 324 3277; x_wconf 83' lang='grc' dir='ltr'><strong>κατά</strong></span> <span class='ocrx_word' id='word_1_348' title='bbox 366 3220 467 3294; x_wconf 79' lang='grc' dir='ltr'>τὴν</span> <span class='ocrx_word' id='word_1_349' title='bbox 508 3220 806 3294; x_wconf 88' lang='grc' dir='ltr'>θρησκείαν</span> <span class='ocrx_word' id='word_1_350' title='bbox 848 3219 1155 3275; x_wconf 89' lang='grc' dir='ltr'>κοινωνίαν.</span> <span class='ocrx_word' id='word_1_351' title='bbox 1206 3217 1390 3272; x_wconf 81' lang='grc' dir='ltr'>Ταῦτα</span> <span class='ocrx_word' id='word_1_352' title='bbox 1426 3218 1524 3290; x_wconf 77' lang='grc' dir='ltr'><strong>μὲν</strong></span> <span class='ocrx_word' id='word_1_353' title='bbox 1550 3214 1643 3271; x_wconf 76' lang='grc' dir='ltr'><strong>οὐν</strong></span> <span class='ocrx_word' id='word_1_354' title='bbox 1675 3219 1767 3271; x_wconf 79' lang='grc' dir='ltr'>ἐπὶ</span> 
     </span>
    </p>
   </div>
   <div class='ocr_carea' id='block_1_51' title="bbox 169 3309 1766 3384">
    <p class='ocr_par' dir='ltr' id='par_1_51' title="bbox 169 3309 1766 3384">
     <span class='ocr_line' id='line_1_51' title="bbox 169 3309 1766 3384; baseline -0.003 -16"><span class='ocrx_word' id='word_1_355' title='bbox 169 3314 454 3379; x_wconf 74' lang='grc' dir='ltr'>τοσοῦτον,</span> <span class='ocrx_word' id='word_1_356' title='bbox 498 3313 795 3384; x_wconf 73' lang='grc' dir='ltr'>ἀγαπητοὶ,</span> <span class='ocrx_word' id='word_1_357' title='bbox 840 3310 1078 3383; x_wconf 76' lang='grc' dir='ltr'>εἰρήσθω</span> <span class='ocrx_word' id='word_1_358' title='bbox 1120 3312 1250 3381; x_wconf 79' lang='grc' dir='ltr'>ὑμῖν</span> <span class='ocrx_word' id='word_1_359' title='bbox 1297 3310 1433 3382; x_wconf 81' lang='grc' dir='ltr'>πρὸς</span> <span class='ocrx_word' id='word_1_360' title='bbox 1471 3309 1766 3378; x_wconf 84' lang='grc' dir='ltr'>ἀσφάλειαν</span> 
     </span>
    </p>
   </div>
   <div class='ocr_carea' id='block_1_52' title="bbox 169 3406 354 3477">
    <p class='ocr_par' dir='ltr' id='par_1_52' title="bbox 169 3406 354 3477">
     <span class='ocr_line' id='line_1_52' title="bbox 169 3406 354 3477; baseline 0 -17"><span class='ocrx_word' id='word_1_361' title='bbox 169 3406 354 3477; x_wconf 85' lang='grc' dir='ltr'>ὐμῶν.</span> 
     </span>
    </p>
   </div>
   <div class='ocr_carea' id='block_1_53' title="bbox 710 3497 1239 3552">
    <p class='ocr_par' dir='ltr' id='par_1_53' title="bbox 710 3497 1239 3552">
     <span class='ocr_line' id='line_1_53' title="bbox 710 3497 1239 3552; baseline -0.006 -1"><span class='ocrx_word' id='word_1_362' title='bbox 710 3497 1106 3552; x_wconf 78' lang='grc' dir='ltr'><strong>ΚΕΦΑΛΑΙΟΝ</strong></span> <span class='ocrx_word' id='word_1_363' title='bbox 1136 3497 1239 3549; x_wconf 82' lang='lat' dir='ltr'><strong>IA&#39;.</strong></span> 
     </span>
    </p>
   </div>
   <div class='ocr_carea' id='block_1_54' title="bbox 576 3587 1375 3659">
    <p class='ocr_par' dir='ltr' id='par_1_54' title="bbox 576 3587 1375 3659">
     <span class='ocr_line' id='line_1_54' title="bbox 576 3587 1375 3659; baseline -0.004 -15"><span class='ocrx_word' id='word_1_364' title='bbox 576 3589 719 3658; x_wconf 79' lang='grc' dir='ltr'>Περὶ</span> <span class='ocrx_word' id='word_1_365' title='bbox 747 3590 971 3659; x_wconf 79' lang='grc' dir='ltr'>γονέων</span> <span class='ocrx_word' id='word_1_366' title='bbox 996 3587 1093 3642; x_wconf 73' lang='grc' dir='ltr'>καὶ</span> <span class='ocrx_word' id='word_1_367' title='bbox 1121 3587 1375 3642; x_wconf 79' lang='grc' dir='ltr'>παίδων.</span> 
     </span>
    </p>
   </div>
   <div class='ocr_carea' id='block_1_55' title="bbox 247 3679 1767 3755">
    <p class='ocr_par' dir='ltr' id='par_1_55' title="bbox 247 3679 1767 3755">
     <span class='ocr_line' id='line_1_55' title="bbox 247 3679 1767 3755; baseline -0.002 -17"><span class='ocrx_word' id='word_1_368' title='bbox 247 3684 317 3738; x_wconf 82' lang='grc' dir='ltr'><strong>Οἱ</strong></span> <span class='ocrx_word' id='word_1_369' title='bbox 367 3682 552 3754; x_wconf 86' lang='grc' dir='ltr'>μέντοι</span> <span class='ocrx_word' id='word_1_370' title='bbox 580 3683 835 3755; x_wconf 83' lang='grc' dir='ltr'>πατέρες,</span> <span class='ocrx_word' id='word_1_371' title='bbox 870 3680 1150 3735; x_wconf 86' lang='grc' dir='ltr'>παιδεύετε</span> <span class='ocrx_word' id='word_1_372' title='bbox 1180 3679 1251 3734; x_wconf 84' lang='grc' dir='ltr'><strong>τὰ</strong></span> <span class='ocrx_word' id='word_1_373' title='bbox 1294 3680 1461 3735; x_wconf 86' lang='grc' dir='ltr'>τέκνα</span> <span class='ocrx_word' id='word_1_374' title='bbox 1505 3681 1677 3754; x_wconf 88' lang='grc' dir='ltr'>ὐμῶν,</span> <span class='ocrx_word' id='word_1_375' title='bbox 1709 3683 1767 3735; x_wconf 84' lang='grc' dir='ltr'><strong>ἐν</strong></span> 
     </span>
    </p>
   </div>
   <div class='ocr_carea' id='block_1_56' title="bbox 174 3772 1769 3848">
    <p class='ocr_par' dir='ltr' id='par_1_56' title="bbox 174 3772 1769 3848">
     <span class='ocr_line' id='line_1_56' title="bbox 174 3772 1769 3848; baseline -0.002 -19"><span class='ocrx_word' id='word_1_376' title='bbox 174 3776 377 3847; x_wconf 81' lang='grc' dir='ltr'>Κυρίῳ</span> <span class='ocrx_word' id='word_1_377' title='bbox 433 3777 789 3848; x_wconf 72' lang='grc' dir='ltr'>ἐκτρέφοντες</span> <span class='ocrx_word' id='word_1_378' title='bbox 833 3774 972 3828; x_wconf 89' lang='grc' dir='ltr'><strong>αὐτά</strong></span> <span class='ocrx_word' id='word_1_379' title='bbox 1009 3775 1067 3826; x_wconf 79' lang='grc' dir='ltr'>ὲν</span> <span class='ocrx_word' id='word_1_380' title='bbox 1116 3772 1336 3844; x_wconf 79' lang='grc' dir='ltr'>παιδείᾳ</span> <span class='ocrx_word' id='word_1_381' title='bbox 1381 3773 1476 3827; x_wconf 74' lang='grc' dir='ltr'><strong>καὶ</strong></span> <span class='ocrx_word' id='word_1_382' title='bbox 1519 3774 1769 3845; x_wconf 77' lang='grc' dir='ltr'>νουθεσίᾳ</span> 
     </span>
    </p>
   </div>
   <div class='ocr_carea' id='block_1_57' title="bbox 174 3865 1769 3941">
    <p class='ocr_par' dir='ltr' id='par_1_57' title="bbox 174 3865 1769 3941">
     <span class='ocr_line' id='line_1_57' title="bbox 174 3865 1769 3941; baseline -0.005 -17"><span class='ocrx_word' id='word_1_383' title='bbox 174 3867 411 3941; x_wconf 80' lang='grc' dir='ltr'>Κυρίου,</span> <span class='ocrx_word' id='word_1_384' title='bbox 459 3870 555 3923; x_wconf 80' lang='grc' dir='ltr'>καὶ</span> <span class='ocrx_word' id='word_1_385' title='bbox 588 3868 866 3923; x_wconf 81' lang='grc' dir='ltr'>διδάσκετε</span> <span class='ocrx_word' id='word_1_386' title='bbox 915 3865 1055 3922; x_wconf 89' lang='grc' dir='ltr'><strong>αὐτά</strong></span> <span class='ocrx_word' id='word_1_387' title='bbox 1092 3865 1431 3937; x_wconf 73' lang='grc' dir='ltr'>ἐπιτηδείους</span> <span class='ocrx_word' id='word_1_388' title='bbox 1466 3867 1561 3919; x_wconf 72' lang='grc' dir='ltr'>καὶ</span> <span class='ocrx_word' id='word_1_389' title='bbox 1600 3867 1769 3936; x_wconf 87' lang='grc' dir='ltr'>ἁρμο-</span> 
     </span>
    </p>
   </div>
   <div class='ocr_carea' id='block_1_58' title="bbox 176 3956 1769 4032">
    <p class='ocr_par' dir='ltr' id='par_1_58' title="bbox 176 3956 1769 4032">
     <span class='ocr_line' id='line_1_58' title="bbox 176 3956 1769 4032; baseline -0.003 -17"><span class='ocrx_word' id='word_1_390' title='bbox 176 3962 382 4027; x_wconf 81' lang='grc' dir='ltr'>ζούσας</span> <span class='ocrx_word' id='word_1_391' title='bbox 425 3961 505 4032; x_wconf 83' lang='grc' dir='ltr'>τῷ</span> <span class='ocrx_word' id='word_1_392' title='bbox 548 3961 692 4031; x_wconf 85' lang='grc' dir='ltr'>λόγῳ</span> <span class='ocrx_word' id='word_1_393' title='bbox 740 3960 953 4031; x_wconf 79' lang='grc' dir='ltr'>τέχνας,</span> <span class='ocrx_word' id='word_1_394' title='bbox 985 3959 1071 4013; x_wconf 81' lang='grc' dir='ltr'><strong>ἵνα</strong></span> <span class='ocrx_word' id='word_1_395' title='bbox 1119 3957 1193 4030; x_wconf 79' lang='grc' dir='ltr'>μὴ</span> <span class='ocrx_word' id='word_1_396' title='bbox 1237 3956 1328 4011; x_wconf 84' lang='grc' dir='ltr'>διὰ</span> <span class='ocrx_word' id='word_1_397' title='bbox 1357 3956 1458 4029; x_wconf 75' lang='grc' dir='ltr'>τῆς</span> <span class='ocrx_word' id='word_1_398' title='bbox 1485 3958 1769 4029; x_wconf 81' lang='grc' dir='ltr'>εὐκαιρίας</span> 
     </span>
    </p>
   </div>
   <div class='ocr_carea' id='block_1_59' title="bbox 177 4049 1770 4126">
    <p class='ocr_par' dir='ltr' id='par_1_59' title="bbox 177 4049 1770 4126">
     <span class='ocr_line' id='line_1_59' title="bbox 177 4049 1770 4126; baseline -0.003 -19"><span class='ocrx_word' id='word_1_399' title='bbox 177 4054 603 4126; x_wconf 82' lang='grc' dir='ltr'>στρηνιάσαντα,</span> <span class='ocrx_word' id='word_1_400' title='bbox 637 4053 730 4106; x_wconf 79' lang='grc' dir='ltr'><strong>καὶ</strong></span> <span class='ocrx_word' id='word_1_401' title='bbox 755 4052 1118 4123; x_wconf 87' lang='grc' dir='ltr'>ἀνεπιτίμητα</span> <span class='ocrx_word' id='word_1_402' title='bbox 1148 4049 1251 4103; x_wconf 84' lang='grc' dir='ltr'><strong>ὐπὸ</strong></span> <span class='ocrx_word' id='word_1_403' title='bbox 1277 4050 1384 4103; x_wconf 89' lang='grc' dir='ltr'><strong>τῶν</strong></span> <span class='ocrx_word' id='word_1_404' title='bbox 1421 4050 1621 4118; x_wconf 88' lang='grc' dir='ltr'>γονέων</span> <span class='ocrx_word' id='word_1_405' title='bbox 1654 4051 1770 4121; x_wconf 87' lang='grc' dir='ltr'>μεί-</span> 
     </span>
    </p>
   </div>
   <div class='ocr_carea' id='block_1_60' title="bbox 174 4141 1767 4217">
    <p class='ocr_par' dir='ltr' id='par_1_60' title="bbox 174 4141 1767 4217">
     <span class='ocr_line' id='line_1_60' title="bbox 174 4141 1767 4217; baseline -0.003 -18"><span class='ocrx_word' id='word_1_406' title='bbox 174 4163 373 4209; x_wconf 89' lang='grc' dir='ltr'>ναντα,</span> <span class='ocrx_word' id='word_1_407' title='bbox 403 4145 509 4217; x_wconf 76' lang='grc' dir='ltr'><strong>πρὸ</strong></span> <span class='ocrx_word' id='word_1_408' title='bbox 536 4144 685 4215; x_wconf 87' lang='grc' dir='ltr'>ὥρας</span> <span class='ocrx_word' id='word_1_409' title='bbox 723 4143 959 4206; x_wconf 90' lang='grc' dir='ltr'>ἀνέσεως</span> <span class='ocrx_word' id='word_1_410' title='bbox 999 4142 1253 4212; x_wconf 85' lang='grc' dir='ltr'>τυχόντα,</span> <span class='ocrx_word' id='word_1_411' title='bbox 1300 4142 1646 4214; x_wconf 81' lang='grc' dir='ltr'>ἀφηνιάσωσι</span> <span class='ocrx_word' id='word_1_412' title='bbox 1672 4141 1767 4195; x_wconf 80' lang='grc' dir='ltr'><strong>τοῦ</strong></span> 
     </span>
    </p>
   </div>
   <div class='ocr_carea' id='block_1_61' title="bbox 176 4234 1770 4308">
    <p class='ocr_par' dir='ltr' id='par_1_61' title="bbox 176 4234 1770 4308">
     <span class='ocr_line' id='line_1_61' title="bbox 176 4234 1770 4308; baseline -0.003 -17"><span class='ocrx_word' id='word_1_413' title='bbox 176 4236 372 4291; x_wconf 86' lang='grc' dir='ltr'>καλοῦ.</span> <span class='ocrx_word' id='word_1_414' title='bbox 407 4236 498 4290; x_wconf 79' lang='grc' dir='ltr'><strong>Διὸ</strong></span> <span class='ocrx_word' id='word_1_415' title='bbox 528 4238 601 4308; x_wconf 86' lang='grc' dir='ltr'>μὴ</span> <span class='ocrx_word' id='word_1_416' title='bbox 647 4234 959 4291; x_wconf 85' lang='grc' dir='ltr'>εὐλαϐεῖσθε</span> <span class='ocrx_word' id='word_1_417' title='bbox 1004 4235 1190 4298; x_wconf 89' lang='grc' dir='ltr'>αὐτοῖς</span> <span class='ocrx_word' id='word_1_418' title='bbox 1237 4236 1614 4305; x_wconf 78' lang='grc' dir='ltr'>ὲπιπλήσσειν,</span> <span class='ocrx_word' id='word_1_419' title='bbox 1666 4251 1770 4287; x_wconf 92' lang='grc' dir='ltr'>σω-</span> 
     </span>
    </p>
   </div>
   <div class='ocr_carea' id='block_1_62' title="bbox 176 4325 1767 4402">
    <p class='ocr_par' dir='ltr' id='par_1_62' title="bbox 176 4325 1767 4402">
     <span class='ocr_line' id='line_1_62' title="bbox 176 4325 1767 4402; baseline -0.001 -20"><span class='ocrx_word' id='word_1_420' title='bbox 176 4330 530 4402; x_wconf 77' lang='grc' dir='ltr'>φρονίζοντες</span> <span class='ocrx_word' id='word_1_421' title='bbox 556 4328 696 4382; x_wconf 89' lang='grc' dir='ltr'><strong>αὐτά</strong></span> <span class='ocrx_word' id='word_1_422' title='bbox 726 4327 864 4399; x_wconf 86' lang='grc' dir='ltr'>μετὰ</span> <span class='ocrx_word' id='word_1_423' title='bbox 907 4326 1258 4399; x_wconf 82' lang='grc' dir='ltr'>ὲμϐριθείας·</span> <span class='ocrx_word' id='word_1_424' title='bbox 1301 4327 1363 4380; x_wconf 93' lang='grc' dir='ltr'><strong>οὐ</strong></span> <span class='ocrx_word' id='word_1_425' title='bbox 1392 4325 1502 4396; x_wconf 81' lang='grc' dir='ltr'>γὰρ</span> <span class='ocrx_word' id='word_1_426' title='bbox 1530 4326 1767 4380; x_wconf 80' lang='grc' dir='ltr'>ἀποκτε-</span> 
     </span>
    </p>
   </div>
   <div class='ocr_carea' id='block_1_63' title="bbox 1932 1839 2532 1894">
    <p class='ocr_par' dir='ltr' id='par_1_63' title="bbox 1932 1839 2532 1894">
     <span class='ocr_line' id='line_1_63' title="bbox 1932 1839 2532 1894; baseline 0.013 -8"><span class='ocrx_word' id='word_1_427' title='bbox 1932 1850 2036 1887; x_wconf 82' lang='grc' dir='ltr'><strong>ηοη</strong></span> <span class='ocrx_word' id='word_1_428' title='bbox 2066 1846 2240 1891; x_wconf 86' lang='lat' dir='ltr'><strong>autem</strong></span> <span class='ocrx_word' id='word_1_429' title='bbox 2271 1839 2327 1891; x_wconf 81' lang='lat' dir='ltr'><strong>in</strong></span> <span class='ocrx_word' id='word_1_430' title='bbox 2363 1854 2532 1894; x_wconf 83' lang='lat' dir='ltr'><strong>escas.</strong></span> 
     </span>
    </p>
   </div>
   <div class='ocr_carea' id='block_1_64' title="bbox 1932 1928 3441 2001">
    <p class='ocr_par' dir='ltr' id='par_1_64' title="bbox 1932 1928 3441 2001">
     <span class='ocr_line' id='line_1_64' title="bbox 1932 1928 3441 2001; baseline 0.003 -18"><span class='ocrx_word' id='word_1_431' title='bbox 1932 1928 2085 1998; x_wconf 86' lang='lat' dir='ltr'><strong>Quod</strong></span> <span class='ocrx_word' id='word_1_432' title='bbox 2119 1928 2166 1984; x_wconf 91' lang='lat' dir='ltr'><strong>si</strong></span> <span class='ocrx_word' id='word_1_433' title='bbox 2189 1929 2485 2001; x_wconf 85' lang='lat' dir='ltr'><strong>aliquando</strong></span> <span class='ocrx_word' id='word_1_434' title='bbox 2505 1931 2809 1987; x_wconf 82' lang='lat' dir='ltr'><strong>necessitas</strong></span> <span class='ocrx_word' id='word_1_435' title='bbox 2839 1930 3170 1997; x_wconf 88' lang='lat' dir='ltr'><strong>incubuerit,</strong></span> <span class='ocrx_word' id='word_1_436' title='bbox 3199 1939 3259 1987; x_wconf 90' lang='lat' dir='ltr'><strong>ut</strong></span> <span class='ocrx_word' id='word_1_437' title='bbox 3286 1934 3441 1989; x_wconf 77' lang='lat' dir='ltr'><strong>inviti</strong></span> 
     </span>
    </p>
   </div>
   <div class='ocr_carea' id='block_1_65' title="bbox 1864 2020 3441 2097">
    <p class='ocr_par' dir='ltr' id='par_1_65' title="bbox 1864 2020 3441 2097">
     <span class='ocr_line' id='line_1_65' title="bbox 1864 2020 3441 2097; baseline 0.003 -22"><span class='ocrx_word' id='word_1_438' title='bbox 1864 2038 1893 2075; x_wconf 87' lang='lat' dir='ltr'><strong>a</strong></span> <span class='ocrx_word' id='word_1_439' title='bbox 1922 2020 2181 2093; x_wconf 80' lang='lat' dir='ltr'><strong>quapiam</strong></span> <span class='ocrx_word' id='word_1_440' title='bbox 2210 2022 2381 2093; x_wconf 89' lang='lat' dir='ltr'><strong>impio</strong></span> <span class='ocrx_word' id='word_1_441' title='bbox 2408 2030 2693 2094; x_wconf 88' lang='lat' dir='ltr'><strong>argentum</strong></span> <span class='ocrx_word' id='word_1_442' title='bbox 2720 2023 2987 2093; x_wconf 89' lang='lat' dir='ltr'><strong>capiatis;</strong></span> <span class='ocrx_word' id='word_1_443' title='bbox 3033 2023 3167 2078; x_wconf 92' lang='lat' dir='ltr'><strong>illud</strong></span> <span class='ocrx_word' id='word_1_444' title='bbox 3208 2025 3265 2078; x_wconf 91' lang='lat' dir='ltr'><strong>in</strong></span> <span class='ocrx_word' id='word_1_445' title='bbox 3294 2025 3441 2097; x_wconf 88' lang='lat' dir='ltr'><strong>ligna</strong></span> 
     </span>
    </p>
   </div>
   <div class='ocr_carea' id='block_1_66' title="bbox 1862 2115 3441 2187">
    <p class='ocr_par' dir='ltr' id='par_1_66' title="bbox 1862 2115 3441 2187">
     <span class='ocr_line' id='line_1_66' title="bbox 1862 2115 3441 2187; baseline 0.003 -17"><span class='ocrx_word' id='word_1_446' title='bbox 1862 2124 1917 2170; x_wconf 78' lang='lat' dir='ltr'><strong>et</strong></span> <span class='ocrx_word' id='word_1_447' title='bbox 1950 2115 2221 2171; x_wconf 89' lang='lat' dir='ltr'><strong>carbones</strong></span> <span class='ocrx_word' id='word_1_448' title='bbox 2252 2115 2583 2185; x_wconf 89' lang='lat' dir='ltr'><strong>impendite;</strong></span> <span class='ocrx_word' id='word_1_449' title='bbox 2617 2131 2688 2171; x_wconf 91' lang='lat' dir='ltr'><strong>ne</strong></span> <span class='ocrx_word' id='word_1_450' title='bbox 2729 2131 2796 2172; x_wconf 80' lang='lat' dir='ltr'><strong>ex</strong></span> <span class='ocrx_word' id='word_1_451' title='bbox 2825 2130 2891 2171; x_wconf 89' lang='lat' dir='ltr'><strong>eo</strong></span> <span class='ocrx_word' id='word_1_452' title='bbox 2925 2122 3133 2187; x_wconf 89' lang='lat' dir='ltr'><strong>partem</strong></span> <span class='ocrx_word' id='word_1_453' title='bbox 3165 2117 3441 2187; x_wconf 86' lang='lat' dir='ltr'><strong>accipiens</strong></span> 
     </span>
    </p>
   </div>
   <div class='ocr_carea' id='block_1_67' title="bbox 1864 2206 3444 2277">
    <p class='ocr_par' dir='ltr' id='par_1_67' title="bbox 1864 2206 3444 2277">
     <span class='ocr_line' id='line_1_67' title="bbox 1864 2206 3444 2277; baseline 0.002 -16"><span class='ocrx_word' id='word_1_454' title='bbox 1864 2206 2048 2274; x_wconf 84' lang='lat' dir='ltr'><strong>vidua,</strong></span> <span class='ocrx_word' id='word_1_455' title='bbox 2079 2213 2175 2261; x_wconf 86' lang='lat' dir='ltr'><strong>aut</strong></span> <span class='ocrx_word' id='word_1_456' title='bbox 2212 2206 2474 2277; x_wconf 89' lang='lat' dir='ltr'><strong>pupillus,</strong></span> <span class='ocrx_word' id='word_1_457' title='bbox 2526 2214 2753 2277; x_wconf 81' lang='lat' dir='ltr'><strong>cogatur</strong></span> <span class='ocrx_word' id='word_1_458' title='bbox 2798 2207 2854 2260; x_wconf 90' lang='lat' dir='ltr'><strong>in</strong></span> <span class='ocrx_word' id='word_1_459' title='bbox 2899 2206 3131 2261; x_wconf 88' lang='lat' dir='ltr'><strong>emendo</strong></span> <span class='ocrx_word' id='word_1_460' title='bbox 3178 2208 3303 2263; x_wconf 88' lang='lat' dir='ltr'><strong>cibo</strong></span> <span class='ocrx_word' id='word_1_461' title='bbox 3350 2219 3444 2265; x_wconf 87' lang='lat' dir='ltr'><strong>aut</strong></span> 
     </span>
    </p>
   </div>
   <div class='ocr_carea' id='block_1_68' title="bbox 1866 2298 3442 2371">
    <p class='ocr_par' dir='ltr' id='par_1_68' title="bbox 1866 2298 3442 2371">
     <span class='ocr_line' id='line_1_68' title="bbox 1866 2298 3442 2371; baseline 0.003 -18"><span class='ocrx_word' id='word_1_462' title='bbox 1866 2307 1995 2370; x_wconf 81' lang='lat' dir='ltr'><strong>potu</strong></span> <span class='ocrx_word' id='word_1_463' title='bbox 2018 2298 2254 2354; x_wconf 83' lang='lat' dir='ltr'><strong>oﬁicium</strong></span> <span class='ocrx_word' id='word_1_464' title='bbox 2278 2300 2587 2370; x_wconf 78' lang='lat' dir='ltr'><strong>transgredi</strong></span> <span class='ocrx_word' id='word_1_465' title='bbox 2612 2319 2625 2354; x_wconf 91' lang='lat'><strong>:</strong></span> <span class='ocrx_word' id='word_1_466' title='bbox 2649 2315 2864 2371; x_wconf 64' lang='lat' dir='ltr'><strong>aaquum</strong></span> <span class='ocrx_word' id='word_1_467' title='bbox 2887 2303 3088 2371; x_wconf 90' lang='lat' dir='ltr'><strong>quippe</strong></span> <span class='ocrx_word' id='word_1_468' title='bbox 3114 2309 3218 2366; x_wconf 88' lang='lat' dir='ltr'><strong>est,</strong></span> <span class='ocrx_word' id='word_1_469' title='bbox 3243 2308 3303 2355; x_wconf 92' lang='lat' dir='ltr'><strong>ut</strong></span> <span class='ocrx_word' id='word_1_470' title='bbox 3324 2302 3442 2358; x_wconf 71' lang='lat' dir='ltr'><strong>haec</strong></span> 
     </span>
    </p>
   </div>
   <div class='ocr_carea' id='block_1_69' title="bbox 1866 2390 3441 2462">
    <p class='ocr_par' dir='ltr' id='par_1_69' title="bbox 1866 2390 3441 2462">
     <span class='ocr_line' id='line_1_69' title="bbox 1866 2390 3441 2462; baseline 0.001 -17"><span class='ocrx_word' id='word_1_471' title='bbox 1866 2392 2159 2462; x_wconf 86' lang='lat' dir='ltr'><strong>impiorum</strong></span> <span class='ocrx_word' id='word_1_472' title='bbox 2189 2406 2420 2447; x_wconf 90' lang='lat' dir='ltr'><strong>munera</strong></span> <span class='ocrx_word' id='word_1_473' title='bbox 2473 2391 2618 2462; x_wconf 88' lang='lat' dir='ltr'><strong>ignis</strong></span> <span class='ocrx_word' id='word_1_474' title='bbox 2640 2390 2752 2445; x_wconf 90' lang='lat' dir='ltr'><strong>sint</strong></span> <span class='ocrx_word' id='word_1_475' title='bbox 2778 2390 3059 2461; x_wconf 83' lang='lat' dir='ltr'><strong>pabulum,</strong></span> <span class='ocrx_word' id='word_1_476' title='bbox 3092 2406 3202 2445; x_wconf 93' lang='lat' dir='ltr'><strong>non</strong></span> <span class='ocrx_word' id='word_1_477' title='bbox 3226 2393 3441 2461; x_wconf 89' lang='lat' dir='ltr'><strong>piorum</strong></span> 
     </span>
    </p>
   </div>
   <div class='ocr_carea' id='block_1_70' title="bbox 1863 2482 3445 2554">
    <p class='ocr_par' dir='ltr' id='par_1_70' title="bbox 1863 2482 3445 2554">
     <span class='ocr_line' id='line_1_70' title="bbox 1863 2482 3445 2554; baseline 0.001 -16"><span class='ocrx_word' id='word_1_478' title='bbox 1863 2499 2012 2541; x_wconf 89' lang='lat' dir='ltr'><strong>esca.</strong></span> <span class='ocrx_word' id='word_1_479' title='bbox 2068 2482 2129 2539; x_wconf 82' lang='lat' dir='ltr'><strong>Id</strong></span> <span class='ocrx_word' id='word_1_480' title='bbox 2170 2499 2395 2554; x_wconf 91' lang='lat' dir='ltr'><strong>quoque</strong></span> <span class='ocrx_word' id='word_1_481' title='bbox 2442 2484 2525 2540; x_wconf 82' lang='lat' dir='ltr'><strong>lex</strong></span> <span class='ocrx_word' id='word_1_482' title='bbox 2573 2483 2769 2546; x_wconf 88' lang='lat' dir='ltr'><strong>sancit,</strong></span> <span class='ocrx_word' id='word_1_483' title='bbox 2826 2482 2955 2537; x_wconf 92' lang='lat' dir='ltr'><strong>dum</strong></span> <span class='ocrx_word' id='word_1_484' title='bbox 3004 2482 3238 2539; x_wconf 91' lang='lat' dir='ltr'><strong>hostiam</strong></span> <span class='ocrx_word' id='word_1_485' title='bbox 3272 2484 3445 2539; x_wconf 86' lang='lat' dir='ltr'><strong>nimio</strong></span> 
     </span>
    </p>
   </div>
   <div class='ocr_carea' id='block_1_71' title="bbox 1866 2572 3445 2648">
    <p class='ocr_par' dir='ltr' id='par_1_71' title="bbox 1866 2572 3445 2648">
     <span class='ocr_line' id='line_1_71' title="bbox 1866 2572 3445 2648; baseline 0 -17"><span class='ocrx_word' id='word_1_486' title='bbox 1866 2585 2111 2648; x_wconf 82' lang='lat' dir='ltr'><strong>tempore</strong></span> <span class='ocrx_word' id='word_1_487' title='bbox 2155 2583 2428 2632; x_wconf 81' lang='lat' dir='ltr'><strong>servatam</strong></span> <span class='ocrx_word' id='word_1_488' title='bbox 2478 2589 2587 2630; x_wconf 92' lang='lat' dir='ltr'><strong>non</strong></span> <span class='ocrx_word' id='word_1_489' title='bbox 2633 2572 3025 2630; x_wconf 90' lang='lat' dir='ltr'><strong>comedendam</strong></span> <span class='ocrx_word' id='word_1_490' title='bbox 3068 2575 3333 2645; x_wconf 80' lang='lat' dir='ltr'><strong>appellat,</strong></span> <span class='ocrx_word' id='word_1_491' title='bbox 3388 2584 3445 2633; x_wconf 87' lang='lat' dir='ltr'><strong>et</strong></span> 
     </span>
    </p>
   </div>
   <div class='ocr_carea' id='block_1_72' title="bbox 1869 2666 3442 2741">
    <p class='ocr_par' dir='ltr' id='par_1_72' title="bbox 1869 2666 3442 2741">
     <span class='ocr_line' id='line_1_72' title="bbox 1869 2666 3442 2741; baseline -0.001 -17"><span class='ocrx_word' id='word_1_492' title='bbox 1869 2671 1993 2741; x_wconf 83' lang='lat' dir='ltr'><strong>igne</strong></span> <span class='ocrx_word' id='word_1_493' title='bbox 2020 2670 2165 2726; x_wconf 88' lang='lat' dir='ltr'><strong>hanc</strong></span> <span class='ocrx_word' id='word_1_494' title='bbox 2194 2667 2443 2725; x_wconf 82' lang='lat' dir='ltr'><strong>consumi</strong></span> <span class='ocrx_word' id='word_1_495' title='bbox 2477 2668 2653 2738; x_wconf 87' lang='lat' dir='ltr'><strong>jubet.</strong></span> <span class='ocrx_word' id='word_1_496' title='bbox 2700 2666 2885 2739; x_wconf 84' lang='lat' dir='ltr'><strong>Neque</strong></span> <span class='ocrx_word' id='word_1_497' title='bbox 2925 2682 3057 2723; x_wconf 90' lang='lat' dir='ltr'><strong>vero</strong></span> <span class='ocrx_word' id='word_1_498' title='bbox 3097 2675 3295 2722; x_wconf 87' lang='lat' dir='ltr'><strong>natura</strong></span> <span class='ocrx_word' id='word_1_499' title='bbox 3343 2684 3442 2725; x_wconf 86' lang='lat' dir='ltr'><strong>sua</strong></span> 
     </span>
    </p>
   </div>
   <div class='ocr_carea' id='block_1_73' title="bbox 1866 2760 3445 2831">
    <p class='ocr_par' dir='ltr' id='par_1_73' title="bbox 1866 2760 3445 2831">
     <span class='ocr_line' id='line_1_73' title="bbox 1866 2760 3445 2831; baseline 0.001 -16"><span class='ocrx_word' id='word_1_500' title='bbox 1866 2762 2023 2817; x_wconf 59' lang='lat' dir='ltr'><strong>mala</strong></span> <span class='ocrx_word' id='word_1_501' title='bbox 2050 2769 2179 2818; x_wconf 90' lang='lat' dir='ltr'><strong>sunt</strong></span> <span class='ocrx_word' id='word_1_502' title='bbox 2206 2777 2285 2817; x_wconf 66' lang='lat' dir='ltr'><strong>ea:</strong></span> <span class='ocrx_word' id='word_1_503' title='bbox 2311 2761 2640 2829; x_wconf 88' lang='lat' dir='ltr'><strong>oblationes,</strong></span> <span class='ocrx_word' id='word_1_504' title='bbox 2668 2760 2765 2816; x_wconf 89' lang='lat' dir='ltr'><strong>sed</strong></span> <span class='ocrx_word' id='word_1_505' title='bbox 2793 2767 3016 2831; x_wconf 89' lang='lat' dir='ltr'><strong>propter</strong></span> <span class='ocrx_word' id='word_1_506' title='bbox 3045 2760 3286 2815; x_wconf 89' lang='lat' dir='ltr'><strong>animum</strong></span> <span class='ocrx_word' id='word_1_507' title='bbox 3311 2762 3445 2817; x_wconf 76' lang='lat' dir='ltr'><strong>oﬁe-</strong></span> 
     </span>
    </p>
   </div>
   <div class='ocr_carea' id='block_1_74' title="bbox 1865 2852 3443 2924">
    <p class='ocr_par' dir='ltr' id='par_1_74' title="bbox 1865 2852 3443 2924">
     <span class='ocr_line' id='line_1_74' title="bbox 1865 2852 3443 2924; baseline 0.001 -15"><span class='ocrx_word' id='word_1_508' title='bbox 1865 2854 2125 2909; x_wconf 83' lang='lat' dir='ltr'><strong>rentium.</strong></span> <span class='ocrx_word' id='word_1_509' title='bbox 2160 2852 2336 2910; x_wconf 84' lang='lat' dir='ltr'><strong>Porro</strong></span> <span class='ocrx_word' id='word_1_510' title='bbox 2357 2854 2465 2908; x_wconf 88' lang='lat' dir='ltr'><strong>hoc</strong></span> <span class='ocrx_word' id='word_1_511' title='bbox 2488 2853 2610 2908; x_wconf 91' lang='lat' dir='ltr'><strong>ideo</strong></span> <span class='ocrx_word' id='word_1_512' title='bbox 2641 2853 3007 2924; x_wconf 62' lang='lat' dir='ltr'><strong>praecipimus,</strong></span> <span class='ocrx_word' id='word_1_513' title='bbox 3036 2868 3108 2908; x_wconf 90' lang='lat' dir='ltr'><strong>ne</strong></span> <span class='ocrx_word' id='word_1_514' title='bbox 3131 2861 3443 2910; x_wconf 84' lang='lat' dir='ltr'><strong>avertamus</strong></span> 
     </span>
    </p>
   </div>
   <div class='ocr_carea' id='block_1_75' title="bbox 1866 2943 3440 3018">
    <p class='ocr_par' dir='ltr' id='par_1_75' title="bbox 1866 2943 3440 3018">
     <span class='ocr_line' id='line_1_75' title="bbox 1866 2943 3440 3018; baseline -0.001 -17"><span class='ocrx_word' id='word_1_515' title='bbox 1866 2961 1962 3002; x_wconf 90' lang='lat' dir='ltr'><strong>eos</strong></span> <span class='ocrx_word' id='word_1_516' title='bbox 1991 2947 2086 3018; x_wconf 89' lang='lat' dir='ltr'><strong>qui</strong></span> <span class='ocrx_word' id='word_1_517' title='bbox 2121 2946 2190 3001; x_wconf 92' lang='lat' dir='ltr'><strong>ad</strong></span> <span class='ocrx_word' id='word_1_518' title='bbox 2219 2963 2322 3005; x_wconf 90' lang='lat' dir='ltr'><strong>nos</strong></span> <span class='ocrx_word' id='word_1_519' title='bbox 2350 2945 2633 3001; x_wconf 87' lang='lat' dir='ltr'><strong>accedunt.</strong></span> <span class='ocrx_word' id='word_1_520' title='bbox 2670 2943 2887 3001; x_wconf 88' lang='lat' dir='ltr'><strong>Scimus</strong></span> <span class='ocrx_word' id='word_1_521' title='bbox 2914 2944 3059 3000; x_wconf 87' lang='lat' dir='ltr'><strong>enim</strong></span> <span class='ocrx_word' id='word_1_522' title='bbox 3088 2960 3440 3016; x_wconf 88' lang='lat' dir='ltr'><strong>congressum</strong></span> 
     </span>
    </p>
   </div>
   <div class='ocr_carea' id='block_1_76' title="bbox 1866 3036 3443 3109">
    <p class='ocr_par' dir='ltr' id='par_1_76' title="bbox 1866 3036 3443 3109">
     <span class='ocr_line' id='line_1_76' title="bbox 1866 3036 3443 3109; baseline -0.001 -15"><span class='ocrx_word' id='word_1_523' title='bbox 1866 3054 1991 3094; x_wconf 92' lang='lat' dir='ltr'><strong>cum</strong></span> <span class='ocrx_word' id='word_1_524' title='bbox 2014 3039 2138 3109; x_wconf 86' lang='lat' dir='ltr'><strong>piis,</strong></span> <span class='ocrx_word' id='word_1_525' title='bbox 2164 3053 2307 3109; x_wconf 59' lang='lat' dir='ltr'><strong>sape</strong></span> <span class='ocrx_word' id='word_1_526' title='bbox 2330 3037 2513 3107; x_wconf 84' lang='lat' dir='ltr'><strong>impiis</strong></span> <span class='ocrx_word' id='word_1_527' title='bbox 2536 3036 2839 3107; x_wconf 78' lang='lat' dir='ltr'><strong>profuisse;</strong></span> <span class='ocrx_word' id='word_1_528' title='bbox 2869 3037 3088 3091; x_wconf 79' lang='lat' dir='ltr'><strong>noxiam</strong></span> <span class='ocrx_word' id='word_1_529' title='bbox 3111 3044 3290 3092; x_wconf 90' lang='lat' dir='ltr'><strong>autem</strong></span> <span class='ocrx_word' id='word_1_530' title='bbox 3319 3053 3443 3093; x_wconf 89' lang='lat' dir='ltr'><strong>esse</strong></span> 
     </span>
    </p>
   </div>
   <div class='ocr_carea' id='block_1_77' title="bbox 1867 3127 3441 3201">
    <p class='ocr_par' dir='ltr' id='par_1_77' title="bbox 1867 3127 3441 3201">
     <span class='ocr_line' id='line_1_77' title="bbox 1867 3127 3441 3201; baseline -0.001 -16"><span class='ocrx_word' id='word_1_531' title='bbox 1867 3130 2044 3185; x_wconf 88' lang='lat' dir='ltr'><strong>solam</strong></span> <span class='ocrx_word' id='word_1_532' title='bbox 2098 3129 2507 3201; x_wconf 84' lang='lat' dir='ltr'><strong>superstitionis</strong></span> <span class='ocrx_word' id='word_1_533' title='bbox 2568 3128 3032 3183; x_wconf 89' lang='lat' dir='ltr'><strong>communionem.</strong></span> <span class='ocrx_word' id='word_1_534' title='bbox 3099 3127 3278 3197; x_wconf 84' lang='lat' dir='ltr'><strong>Atque</strong></span> <span class='ocrx_word' id='word_1_535' title='bbox 3326 3128 3441 3183; x_wconf 77' lang='lat' dir='ltr'><strong>haec</strong></span> 
     </span>
    </p>
   </div>
   <div class='ocr_carea' id='block_1_78' title="bbox 1868 3218 3440 3291">
    <p class='ocr_par' dir='ltr' id='par_1_78' title="bbox 1868 3218 3440 3291">
     <span class='ocr_line' id='line_1_78' title="bbox 1868 3218 3440 3291; baseline 0.001 -16"><span class='ocrx_word' id='word_1_536' title='bbox 1868 3220 2109 3291; x_wconf 91' lang='lat' dir='ltr'><strong>quidem,</strong></span> <span class='ocrx_word' id='word_1_537' title='bbox 2151 3219 2489 3281; x_wconf 83' lang='lat' dir='ltr'><strong>charissimi,</strong></span> <span class='ocrx_word' id='word_1_538' title='bbox 2532 3218 2797 3274; x_wconf 89' lang='lat' dir='ltr'><strong>hactenus</strong></span> <span class='ocrx_word' id='word_1_539' title='bbox 2825 3218 2980 3275; x_wconf 82' lang='lat' dir='ltr'><strong>vobis</strong></span> <span class='ocrx_word' id='word_1_540' title='bbox 3026 3219 3136 3277; x_wconf 89' lang='lat' dir='ltr'><strong>sint</strong></span> <span class='ocrx_word' id='word_1_541' title='bbox 3183 3220 3325 3275; x_wconf 89' lang='lat' dir='ltr'><strong>dicta</strong></span> <span class='ocrx_word' id='word_1_542' title='bbox 3371 3222 3440 3276; x_wconf 87' lang='lat' dir='ltr'><strong>ad</strong></span> 
     </span>
    </p>
   </div>
   <div class='ocr_carea' id='block_1_79' title="bbox 1868 3313 2469 3369">
    <p class='ocr_par' dir='ltr' id='par_1_79' title="bbox 1868 3313 2469 3369">
     <span class='ocr_line' id='line_1_79' title="bbox 1868 3313 2469 3369; baseline -0.008 -1"><span class='ocrx_word' id='word_1_543' title='bbox 1868 3313 2176 3369; x_wconf 89' lang='lat' dir='ltr'><strong>cautionem</strong></span> <span class='ocrx_word' id='word_1_544' title='bbox 2207 3320 2469 3369; x_wconf 80' lang='lat' dir='ltr'><strong>vestram.</strong></span> 
     </span>
    </p>
   </div>
   <div class='ocr_carea' id='block_1_80' title="bbox 2464 3490 2827 3547">
    <p class='ocr_par' dir='ltr' id='par_1_80' title="bbox 2464 3490 2827 3547">
     <span class='ocr_line' id='line_1_80' title="bbox 2464 3490 2827 3547; baseline -0.003 -1"><span class='ocrx_word' id='word_1_545' title='bbox 2464 3490 2696 3547; x_wconf 86' lang='lat' dir='ltr'><strong>CAPUT</strong></span> <span class='ocrx_word' id='word_1_546' title='bbox 2736 3490 2827 3545; x_wconf 67' lang='grc' dir='ltr'>ιιι.</span> 
     </span>
    </p>
   </div>
   <div class='ocr_carea' id='block_1_81' title="bbox 2327 3582 2980 3653">
    <p class='ocr_par' dir='ltr' id='par_1_81' title="bbox 2327 3582 2980 3653">
     <span class='ocr_line' id='line_1_81' title="bbox 2327 3582 2980 3653; baseline -0.003 -16"><span class='ocrx_word' id='word_1_547' title='bbox 2327 3584 2404 3639; x_wconf 86' lang='lat' dir='ltr'><strong>De</strong></span> <span class='ocrx_word' id='word_1_548' title='bbox 2426 3582 2732 3653; x_wconf 79' lang='lat' dir='ltr'><strong>parentibus</strong></span> <span class='ocrx_word' id='word_1_549' title='bbox 2761 3592 2810 3637; x_wconf 86' lang='lat' dir='ltr'><strong>et</strong></span> <span class='ocrx_word' id='word_1_550' title='bbox 2832 3583 2980 3651; x_wconf 86' lang='lat' dir='ltr'><strong>ﬁliis.</strong></span> 
     </span>
    </p>
   </div>
   <div class='ocr_carea' id='block_1_82' title="bbox 1938 3672 3438 3747">
    <p class='ocr_par' dir='ltr' id='par_1_82' title="bbox 1938 3672 3438 3747">
     <span class='ocr_line' id='line_1_82' title="bbox 1938 3672 3438 3747; baseline -0.003 -16"><span class='ocrx_word' id='word_1_551' title='bbox 1938 3677 2007 3731; x_wconf 86' lang='lat' dir='ltr'><strong>At</strong></span> <span class='ocrx_word' id='word_1_552' title='bbox 2029 3692 2149 3742; x_wconf 90' lang='lat' dir='ltr'><strong>vos,</strong></span> <span class='ocrx_word' id='word_1_553' title='bbox 2189 3684 2395 3747; x_wconf 91' lang='lat' dir='ltr'><strong>patres,</strong></span> <span class='ocrx_word' id='word_1_554' title='bbox 2422 3676 2563 3732; x_wconf 90' lang='lat' dir='ltr'><strong>ﬁlios</strong></span> <span class='ocrx_word' id='word_1_555' title='bbox 2592 3684 2809 3732; x_wconf 88' lang='lat' dir='ltr'><strong>vestros</strong></span> <span class='ocrx_word' id='word_1_556' title='bbox 2845 3674 3059 3731; x_wconf 89' lang='lat' dir='ltr'><strong>erudite</strong></span> <span class='ocrx_word' id='word_1_557' title='bbox 3098 3675 3153 3728; x_wconf 87' lang='lat' dir='ltr'><strong>in</strong></span> <span class='ocrx_word' id='word_1_558' title='bbox 3185 3672 3438 3737; x_wconf 80' lang='lat' dir='ltr'><strong>Domino,</strong></span> 
     </span>
    </p>
   </div>
   <div class='ocr_carea' id='block_1_83' title="bbox 1870 3766 3443 3839">
    <p class='ocr_par' dir='ltr' id='par_1_83' title="bbox 1870 3766 3443 3839">
     <span class='ocr_line' id='line_1_83' title="bbox 1870 3766 3443 3839; baseline -0.003 -13"><span class='ocrx_word' id='word_1_559' title='bbox 1870 3772 2099 3826; x_wconf 90' lang='lat' dir='ltr'><strong>educate</strong></span> <span class='ocrx_word' id='word_1_560' title='bbox 2122 3770 2179 3824; x_wconf 90' lang='lat' dir='ltr'><strong>in</strong></span> <span class='ocrx_word' id='word_1_561' title='bbox 2205 3768 2499 3839; x_wconf 89' lang='lat' dir='ltr'><strong>disciplina</strong></span> <span class='ocrx_word' id='word_1_562' title='bbox 2532 3776 2586 3823; x_wconf 92' lang='lat' dir='ltr'><strong>et</strong></span> <span class='ocrx_word' id='word_1_563' title='bbox 2624 3767 2971 3825; x_wconf 89' lang='lat' dir='ltr'><strong>institutione</strong></span> <span class='ocrx_word' id='word_1_564' title='bbox 3002 3766 3238 3831; x_wconf 89' lang='lat' dir='ltr'><strong>Domini,</strong></span> <span class='ocrx_word' id='word_1_565' title='bbox 3260 3775 3314 3823; x_wconf 92' lang='lat' dir='ltr'><strong>et</strong></span> <span class='ocrx_word' id='word_1_566' title='bbox 3344 3767 3443 3822; x_wconf 87' lang='lat' dir='ltr'><strong>do-</strong></span> 
     </span>
    </p>
   </div>
   <div class='ocr_carea' id='block_1_84' title="bbox 1869 3859 3431 3930">
    <p class='ocr_par' dir='ltr' id='par_1_84' title="bbox 1869 3859 3431 3930">
     <span class='ocr_line' id='line_1_84' title="bbox 1869 3859 3431 3930; baseline -0.003 -11"><span class='ocrx_word' id='word_1_567' title='bbox 1869 3870 1987 3919; x_wconf 86' lang='lat' dir='ltr'><strong>cete</strong></span> <span class='ocrx_word' id='word_1_568' title='bbox 2038 3869 2183 3917; x_wconf 87' lang='lat' dir='ltr'><strong>artes</strong></span> <span class='ocrx_word' id='word_1_569' title='bbox 2230 3860 2455 3917; x_wconf 87' lang='lat' dir='ltr'><strong>idoneas</strong></span> <span class='ocrx_word' id='word_1_570' title='bbox 2495 3876 2561 3915; x_wconf 90' lang='lat' dir='ltr'><strong>ac</strong></span> <span class='ocrx_word' id='word_1_571' title='bbox 2608 3860 2777 3916; x_wconf 90' lang='lat' dir='ltr'><strong>verbo</strong></span> <span class='ocrx_word' id='word_1_572' title='bbox 2807 3859 2901 3915; x_wconf 90' lang='lat' dir='ltr'><strong>Dei</strong></span> <span class='ocrx_word' id='word_1_573' title='bbox 2925 3866 3311 3930; x_wconf 88' lang='lat' dir='ltr'><strong>congruentes,</strong></span> <span class='ocrx_word' id='word_1_574' title='bbox 3342 3876 3431 3923; x_wconf 89' lang='lat' dir='ltr'><strong>ne,</strong></span> 
     </span>
    </p>
   </div>
   <div class='ocr_carea' id='block_1_85' title="bbox 1869 3951 3445 4023">
    <p class='ocr_par' dir='ltr' id='par_1_85' title="bbox 1869 3951 3445 4023">
     <span class='ocr_line' id='line_1_85' title="bbox 1869 3951 3445 4023; baseline -0.003 -12"><span class='ocrx_word' id='word_1_575' title='bbox 1869 3956 1995 4011; x_wconf 89' lang='lat' dir='ltr'><strong>data</strong></span> <span class='ocrx_word' id='word_1_576' title='bbox 2024 3955 2316 4011; x_wconf 88' lang='lat' dir='ltr'><strong>occasione</strong></span> <span class='ocrx_word' id='word_1_577' title='bbox 2345 3953 2614 4017; x_wconf 79' lang='lat' dir='ltr'><strong>eﬁ‘renati,</strong></span> <span class='ocrx_word' id='word_1_578' title='bbox 2639 3968 2669 4007; x_wconf 92' lang='lat' dir='ltr'><strong>a</strong></span> <span class='ocrx_word' id='word_1_579' title='bbox 2696 3952 3014 4023; x_wconf 89' lang='lat' dir='ltr'><strong>parentibus</strong></span> <span class='ocrx_word' id='word_1_580' title='bbox 3041 3951 3248 4022; x_wconf 91' lang='lat' dir='ltr'><strong>absque</strong></span> <span class='ocrx_word' id='word_1_581' title='bbox 3268 3953 3445 4007; x_wconf 74' lang='lat' dir='ltr'><strong>incre~</strong></span> 
     </span>
    </p>
   </div>
   <div class='ocr_carea' id='block_1_86' title="bbox 1868 4043 3443 4118">
    <p class='ocr_par' dir='ltr' id='par_1_86' title="bbox 1868 4043 3443 4118">
     <span class='ocr_line' id='line_1_86' title="bbox 1868 4043 3443 4118; baseline -0.002 -18"><span class='ocrx_word' id='word_1_582' title='bbox 1868 4048 2087 4118; x_wconf 86' lang='lat' dir='ltr'><strong>patione</strong></span> <span class='ocrx_word' id='word_1_583' title='bbox 2120 4046 2317 4109; x_wconf 92' lang='lat' dir='ltr'><strong>relicti,</strong></span> <span class='ocrx_word' id='word_1_584' title='bbox 2358 4052 2413 4101; x_wconf 91' lang='lat' dir='ltr'><strong>et</strong></span> <span class='ocrx_word' id='word_1_585' title='bbox 2469 4052 2595 4099; x_wconf 93' lang='lat' dir='ltr'><strong>ante</strong></span> <span class='ocrx_word' id='word_1_586' title='bbox 2622 4053 2838 4115; x_wconf 90' lang='lat' dir='ltr'><strong>tempus</strong></span> <span class='ocrx_word' id='word_1_587' title='bbox 2868 4044 3175 4099; x_wconf 89' lang='lat' dir='ltr'><strong>libertatem</strong></span> <span class='ocrx_word' id='word_1_588' title='bbox 3207 4043 3379 4107; x_wconf 91' lang='lat' dir='ltr'><strong>nacti,</strong></span> <span class='ocrx_word' id='word_1_589' title='bbox 3414 4060 3443 4097; x_wconf 88' lang='lat' dir='ltr'><strong>a</strong></span> 
     </span>
    </p>
   </div>
   <div class='ocr_carea' id='block_1_87' title="bbox 1869 4135 3445 4201">
    <p class='ocr_par' dir='ltr' id='par_1_87' title="bbox 1869 4135 3445 4201">
     <span class='ocr_line' id='line_1_87' title="bbox 1869 4135 3445 4201; baseline -0.003 -8"><span class='ocrx_word' id='word_1_590' title='bbox 1869 4140 2068 4194; x_wconf 88' lang='lat' dir='ltr'><strong>virtute</strong></span> <span class='ocrx_word' id='word_1_591' title='bbox 2096 4136 2496 4193; x_wconf 88' lang='lat' dir='ltr'><strong>contumaciter</strong></span> <span class='ocrx_word' id='word_1_592' title='bbox 2518 4135 2829 4191; x_wconf 84' lang='lat' dir='ltr'><strong>deﬁectant.</strong></span> <span class='ocrx_word' id='word_1_593' title='bbox 2853 4135 3123 4201; x_wconf 83' lang='lat' dir='ltr'><strong>Quocirca</strong></span> <span class='ocrx_word' id='word_1_594' title='bbox 3160 4150 3231 4191; x_wconf 92' lang='lat' dir='ltr'><strong>ne</strong></span> <span class='ocrx_word' id='word_1_595' title='bbox 3256 4151 3445 4191; x_wconf 60' lang='lat' dir='ltr'><strong>verea.</strong></span> 
     </span>
    </p>
   </div>
   <div class='ocr_carea' id='block_1_88' title="bbox 1870 4226 3440 4301">
    <p class='ocr_par' dir='ltr' id='par_1_88' title="bbox 1870 4226 3440 4301">
     <span class='ocr_line' id='line_1_88' title="bbox 1870 4226 3440 4301; baseline -0.003 -16"><span class='ocrx_word' id='word_1_596' title='bbox 1870 4231 2005 4286; x_wconf 88' lang='lat' dir='ltr'><strong>mini</strong></span> <span class='ocrx_word' id='word_1_597' title='bbox 2031 4230 2326 4301; x_wconf 74' lang='lat' dir='ltr'><strong>obiurgare</strong></span> <span class='ocrx_word' id='word_1_598' title='bbox 2350 4228 2493 4293; x_wconf 90' lang='lat' dir='ltr'><strong>illos,</strong></span> <span class='ocrx_word' id='word_1_599' title='bbox 2520 4234 2719 4284; x_wconf 90' lang='lat' dir='ltr'><strong>etcum</strong></span> <span class='ocrx_word' id='word_1_600' title='bbox 2750 4227 3041 4283; x_wconf 87' lang='lat' dir='ltr'><strong>severitate</strong></span> <span class='ocrx_word' id='word_1_601' title='bbox 3070 4227 3344 4297; x_wconf 88' lang='lat' dir='ltr'><strong>castigare</strong></span> <span class='ocrx_word' id='word_1_602' title='bbox 3373 4226 3440 4280; x_wconf 82' lang='lat'><strong>“.</strong></span> 
     </span>
    </p>
   </div>
   <div class='ocr_carea' id='block_1_89' title="bbox 1870 4317 3445 4388">
    <p class='ocr_par' dir='ltr' id='par_1_89' title="bbox 1870 4317 3445 4388">
     <span class='ocr_line' id='line_1_89' title="bbox 1870 4317 3445 4388; baseline -0.003 -12"><span class='ocrx_word' id='word_1_603' title='bbox 1870 4322 1988 4378; x_wconf 88' lang='lat' dir='ltr'><strong>Non</strong></span> <span class='ocrx_word' id='word_1_604' title='bbox 2020 4323 2166 4378; x_wconf 89' lang='lat' dir='ltr'><strong>enim</strong></span> <span class='ocrx_word' id='word_1_605' title='bbox 2220 4319 2561 4375; x_wconf 87' lang='lat' dir='ltr'><strong>interﬁcietis</strong></span> <span class='ocrx_word' id='word_1_606' title='bbox 2589 4334 2683 4374; x_wconf 90' lang='lat' dir='ltr'><strong>eos</strong></span> <span class='ocrx_word' id='word_1_607' title='bbox 2726 4317 3106 4388; x_wconf 87' lang='lat' dir='ltr'><strong>corripiendo,</strong></span> <span class='ocrx_word' id='word_1_608' title='bbox 3166 4320 3274 4372; x_wconf 91' lang='lat' dir='ltr'><strong>imo</strong></span> <span class='ocrx_word' id='word_1_609' title='bbox 3314 4334 3445 4373; x_wconf 90' lang='lat' dir='ltr'><strong>vero</strong></span> 
     </span>
    </p>
   </div>
   <div class='ocr_carea' id='block_1_90' title="bbox 176 4407 1764 4493">
    <p class='ocr_par' dir='ltr' id='par_1_90' title="bbox 176 4418 1761 4491">
     <span class='ocr_line' id='line_1_90' title="bbox 176 4418 1761 4491; baseline -0.001 -16"><span class='ocrx_word' id='word_1_610' title='bbox 176 4427 327 4476; x_wconf 81' lang='grc' dir='ltr'>νεῖτε</span> <span class='ocrx_word' id='word_1_611' title='bbox 380 4422 523 4476; x_wconf 86' lang='grc' dir='ltr'><strong>αὐτά</strong></span> <span class='ocrx_word' id='word_1_612' title='bbox 569 4420 945 4485; x_wconf 87' lang='grc' dir='ltr'>παιδεύοντες,</span> <span class='ocrx_word' id='word_1_613' title='bbox 1002 4419 1199 4491; x_wconf 82' lang='grc' dir='ltr'>μᾶλλον</span> <span class='ocrx_word' id='word_1_614' title='bbox 1244 4418 1303 4472; x_wconf 80' lang='grc' dir='ltr'>δὲ</span> <span class='ocrx_word' id='word_1_615' title='bbox 1350 4418 1553 4471; x_wconf 88' lang='grc' dir='ltr'>σώσετε</span> <span class='ocrx_word' id='word_1_616' title='bbox 1602 4420 1761 4474; x_wconf 85' lang='grc' dir='ltr'>αὐτά·</span> 
     </span>
    </p>
   </div>
   <div class='ocr_carea' id='block_1_91' title="bbox 1872 4407 3443 4493">
    <p class='ocr_par' dir='ltr' id='par_1_91' title="bbox 1872 4407 3443 4483">
     <span class='ocr_line' id='line_1_91' title="bbox 1872 4407 3443 4483; baseline -0.007 -11"><span class='ocrx_word' id='word_1_617' title='bbox 1872 4415 2189 4481; x_wconf 87' lang='lat' dir='ltr'><strong>servabitis;</strong></span> <span class='ocrx_word' id='word_1_618' title='bbox 2214 4412 2674 4483; x_wconf 88' lang='lat' dir='ltr'><strong>quemadmodum</strong></span> <span class='ocrx_word' id='word_1_619' title='bbox 2724 4410 2983 4464; x_wconf 87' lang='lat' dir='ltr'><strong>Salomon</strong></span> <span class='ocrx_word' id='word_1_620' title='bbox 3024 4410 3099 4463; x_wconf 89' lang='lat' dir='ltr'><strong>ait</strong></span> <span class='ocrx_word' id='word_1_621' title='bbox 3127 4410 3180 4463; x_wconf 91' lang='lat' dir='ltr'><strong>in</strong></span> <span class='ocrx_word' id='word_1_622' title='bbox 3209 4407 3443 4479; x_wconf 84' lang='lat' dir='ltr'><strong>Sapien-</strong></span> 
     </span>
    </p>
   </div>
   <div class='ocr_carea' id='block_1_92' title="bbox 177 4510 1762 4585">
    <p class='ocr_par' dir='ltr' id='par_1_92' title="bbox 177 4510 1762 4585">
     <span class='ocr_line' id='line_1_92' title="bbox 177 4510 1762 4585; baseline -0.002 -17"><span class='ocrx_word' id='word_1_623' title='bbox 177 4513 369 4579; x_wconf 85' lang='grc' dir='ltr'>καθώς</span> <span class='ocrx_word' id='word_1_624' title='bbox 398 4532 500 4568; x_wconf 87' lang='grc' dir='ltr'><strong>που</strong></span> <span class='ocrx_word' id='word_1_625' title='bbox 529 4516 623 4570; x_wconf 78' lang='grc' dir='ltr'><strong>καὶ</strong></span> <span class='ocrx_word' id='word_1_626' title='bbox 649 4516 678 4568; x_wconf 81' lang='grc' dir='ltr'><strong>ὁ</strong></span> <span class='ocrx_word' id='word_1_627' title='bbox 705 4511 957 4585; x_wconf 88' lang='grc' dir='ltr'>Σολομὼν</span> <span class='ocrx_word' id='word_1_628' title='bbox 991 4513 1049 4566; x_wconf 82' lang='grc' dir='ltr'><strong>ἐν</strong></span> <span class='ocrx_word' id='word_1_629' title='bbox 1078 4514 1145 4583; x_wconf 84' lang='grc' dir='ltr'>τῇ</span> <span class='ocrx_word' id='word_1_630' title='bbox 1177 4510 1347 4581; x_wconf 79' lang='grc' dir='ltr'>Σοφίᾳ</span> <span class='ocrx_word' id='word_1_631' title='bbox 1375 4510 1536 4581; x_wconf 81' lang='grc' dir='ltr'>φησί·</span> <span class='ocrx_word' id='word_1_632' title='bbox 1567 4530 1585 4563; x_wconf 76' lang='grc' dir='ltr'><strong>ι</strong></span> <span class='ocrx_word' id='word_1_633' title='bbox 1622 4513 1762 4566; x_wconf 90' lang='grc' dir='ltr'>Παί-</span> 
     </span>
    </p>
   </div>
   <div class='ocr_carea' id='block_1_93' title="bbox 254 4640 1330 4711">
    <p class='ocr_par' dir='ltr' id='par_1_93' title="bbox 254 4640 1330 4711">
     <span class='ocr_line' id='line_1_93' title="bbox 254 4640 1330 4711; baseline -0.006 -10"><span class='ocrx_word' id='word_1_634' title='bbox 254 4647 302 4680; x_wconf 80' lang='lat'>“</span> <span class='ocrx_word' id='word_1_635' title='bbox 319 4646 481 4703; x_wconf 86' lang='lat' dir='ltr'><strong>Prov.</strong></span> <span class='ocrx_word' id='word_1_636' title='bbox 520 4664 603 4711; x_wconf 90' lang='grc' dir='ltr'>ιιι,</span> <span class='ocrx_word' id='word_1_637' title='bbox 638 4646 693 4703; x_wconf 88' lang='grc'>9.</span> <span class='ocrx_word' id='word_1_638' title='bbox 769 4646 813 4677; x_wconf 82' lang='grc'><strong>⁶¹</strong></span> <span class='ocrx_word' id='word_1_639' title='bbox 838 4644 1031 4700; x_wconf 82' lang='lat' dir='ltr'><strong>Anast.</strong></span> <span class='ocrx_word' id='word_1_640' title='bbox 1062 4640 1330 4711; x_wconf 78' lang='grc' dir='ltr'>πενήτων.</span> 
     </span>
    </p>
   </div>
   <div class='ocr_carea' id='block_1_94' title="bbox 1434 4636 2579 4708">
    <p class='ocr_par' dir='ltr' id='par_1_94' title="bbox 1434 4636 2579 4708">
     <span class='ocr_line' id='line_1_94' title="bbox 1434 4636 2579 4708; baseline -0.009 -12"><span class='ocrx_word' id='word_1_641' title='bbox 1434 4642 1480 4675; x_wconf 85' lang='grc'><strong><em>⁸³</em></strong></span> <span class='ocrx_word' id='word_1_642' title='bbox 1508 4640 1669 4698; x_wconf 86' lang='lat' dir='ltr'><strong>Prov.</strong></span> <span class='ocrx_word' id='word_1_643' title='bbox 1712 4660 1861 4708; x_wconf 80' lang='lat' dir='ltr'><strong>xxw,</strong></span> <span class='ocrx_word' id='word_1_644' title='bbox 1882 4644 1969 4699; x_wconf 81' lang='grc'><strong>11.</strong></span> <span class='ocrx_word' id='word_1_645' title='bbox 2045 4640 2089 4671; x_wconf 79' lang='lat'><strong>“</strong></span> <span class='ocrx_word' id='word_1_646' title='bbox 2119 4638 2307 4692; x_wconf 83' lang='lat' dir='ltr'><strong>Anast.</strong></span> <span class='ocrx_word' id='word_1_647' title='bbox 2333 4636 2579 4696; x_wconf 87' lang='grc' dir='ltr'>ἀκοντας.</span> 
     </span>
    </p>
   </div>
   <div class='ocr_carea' id='block_1_95' title="bbox 1870 4500 3440 4575">
    <p class='ocr_par' dir='ltr' id='par_1_95' title="bbox 1870 4500 3440 4575">
     <span class='ocr_line' id='line_1_95' title="bbox 1870 4500 3440 4575; baseline -0.006 -11"><span class='ocrx_word' id='word_1_648' title='bbox 1870 4510 1947 4564; x_wconf 91' lang='lat' dir='ltr'><strong>tia</strong></span> <span class='ocrx_word' id='word_1_649' title='bbox 1975 4529 1987 4563; x_wconf 95' lang='lat'>:</span> <span class='ocrx_word' id='word_1_650' title='bbox 2021 4527 2039 4559; x_wconf 80' lang='grc' dir='ltr'><strong>ι</strong></span> <span class='ocrx_word' id='word_1_651' title='bbox 2067 4505 2297 4575; x_wconf 87' lang='lat' dir='ltr'><strong>Corripe</strong></span> <span class='ocrx_word' id='word_1_652' title='bbox 2329 4502 2500 4556; x_wconf 93' lang='lat' dir='ltr'><strong>ﬁlium</strong></span> <span class='ocrx_word' id='word_1_653' title='bbox 2554 4510 2731 4565; x_wconf 89' lang='lat' dir='ltr'><strong>tuum,</strong></span> <span class='ocrx_word' id='word_1_654' title='bbox 2757 4510 2811 4555; x_wconf 92' lang='lat' dir='ltr'><strong>et</strong></span> <span class='ocrx_word' id='word_1_655' title='bbox 2850 4501 3093 4571; x_wconf 89' lang='lat' dir='ltr'><strong>requiem</strong></span> <span class='ocrx_word' id='word_1_656' title='bbox 3125 4500 3275 4554; x_wconf 84' lang='lat' dir='ltr'><strong>dabit</strong></span> <span class='ocrx_word' id='word_1_657' title='bbox 3298 4500 3392 4553; x_wconf 91' lang='lat' dir='ltr'><strong>tibi</strong></span> <span class='ocrx_word' id='word_1_658' title='bbox 3425 4518 3440 4555; x_wconf 91' lang='lat'><strong>:</strong></span> 
     </span>
    </p>
   </div>
   <div class='ocr_carea' id='block_1_96' title="bbox 2694 4630 3248 4697">
    <p class='ocr_par' dir='ltr' id='par_1_96' title="bbox 2694 4630 3248 4697">
     <span class='ocr_line' id='line_1_96' title="bbox 2694 4630 3248 4697; baseline 0.004 -12"><span class='ocrx_word' id='word_1_659' title='bbox 2694 4633 2739 4665; x_wconf 79' lang='grc'><strong>⁸⁸</strong></span> <span class='ocrx_word' id='word_1_660' title='bbox 2762 4630 2923 4686; x_wconf 89' lang='lat' dir='ltr'><strong>Prov.</strong></span> <span class='ocrx_word' id='word_1_661' title='bbox 2960 4648 3096 4687; x_wconf 65' lang='grc' dir='ltr'>χχιιι</span> <span class='ocrx_word' id='word_1_662' title='bbox 3116 4672 3132 4697; x_wconf 90' lang='grc'><strong>,</strong></span> <span class='ocrx_word' id='word_1_663' title='bbox 3162 4633 3248 4687; x_wconf 75' lang='grc'><strong>15.</strong></span> 
     </span>
    </p>
   </div>
   <div class='ocr_carea' id='block_1_97' title="bbox 1527 4750 2169 4809">
    <p class='ocr_par' dir='ltr' id='par_1_97' title="bbox 1527 4750 2169 4809">
     <span class='ocr_line' id='line_1_97' title="bbox 1527 4750 2169 4809; baseline -0.003 -2"><span class='ocrx_word' id='word_1_664' title='bbox 1527 4752 1891 4809; x_wconf 52' lang='grc' dir='ltr'>νέιιιιοιιυιί</span> <span class='ocrx_word' id='word_1_665' title='bbox 1932 4750 2139 4808; x_wconf 67' lang='lat' dir='ltr'><strong>NOTAE</strong></span> <span class='ocrx_word' id='word_1_666' title='bbox 2153 4789 2169 4805; x_wconf 94' lang='lat'><strong>.</strong></span> 
     </span>
    </p>
   </div>
   <div class='ocr_carea' id='block_1_98' title="bbox 176 4894 1757 4965">
    <p class='ocr_par' dir='ltr' id='par_1_98' title="bbox 176 4894 1757 4965">
     <span class='ocr_line' id='line_1_98' title="bbox 176 4894 1757 4965; baseline -0.009 -4"><span class='ocrx_word' id='word_1_667' title='bbox 176 4919 310 4965; x_wconf 81' lang='lat' dir='ltr'><strong>suo,</strong></span> <span class='ocrx_word' id='word_1_668' title='bbox 342 4908 582 4954; x_wconf 87' lang='lat' dir='ltr'><strong>attamen</strong></span> <span class='ocrx_word' id='word_1_669' title='bbox 610 4914 739 4955; x_wconf 88' lang='lat' dir='ltr'><strong>vere</strong></span> <span class='ocrx_word' id='word_1_670' title='bbox 767 4897 1135 4953; x_wconf 89' lang='lat' dir='ltr'><strong>Tertullianus</strong></span> <span class='ocrx_word' id='word_1_671' title='bbox 1157 4896 1295 4965; x_wconf 83' lang='lat' dir='ltr'><strong>libro</strong></span> <span class='ocrx_word' id='word_1_672' title='bbox 1318 4894 1387 4946; x_wconf 83' lang='lat' dir='ltr'><strong>De</strong></span> <span class='ocrx_word' id='word_1_673' title='bbox 1428 4894 1757 4957; x_wconf 81' lang='lat' dir='ltr'><strong>idolatatria,</strong></span> 
     </span>
    </p>
   </div>
   <div class='ocr_carea' id='block_1_99' title="bbox 178 4964 1762 5044">
    <p class='ocr_par' dir='ltr' id='par_1_99' title="bbox 178 4964 1762 5044">
     <span class='ocr_line' id='line_1_99' title="bbox 178 4964 1762 5044; baseline -0.008 -15"><span class='ocrx_word' id='word_1_674' title='bbox 178 4964 313 5044; x_wconf 71' lang='lat' dir='ltr'><strong>cap.</strong></span> <span class='ocrx_word' id='word_1_675' title='bbox 344 4972 428 5044; x_wconf 6' lang='grc' dir='ltr'>ὅγε</span> <span class='ocrx_word' id='word_1_676' title='bbox 475 4968 636 5044; x_wconf 71' lang='lat' dir='ltr'><strong>Fides</strong></span> <span class='ocrx_word' id='word_1_677' title='bbox 678 4970 873 5039; x_wconf 83' lang='lat' dir='ltr'><strong>famem</strong></span> <span class='ocrx_word' id='word_1_678' title='bbox 903 4984 1015 5044; x_wconf 39' lang='lat' dir='ltr'><strong>non.</strong></span> <span class='ocrx_word' id='word_1_679' title='bbox 1040 4967 1206 5035; x_wconf 75' lang='lat' dir='ltr'><strong>timet.</strong></span> <span class='ocrx_word' id='word_1_680' title='bbox 1239 4964 1353 5019; x_wconf 86' lang='lat' dir='ltr'><strong>Scit</strong></span> <span class='ocrx_word' id='word_1_681' title='bbox 1381 4966 1540 5044; x_wconf 59' lang='lat' dir='ltr'><strong>etiam</strong></span> <span class='ocrx_word' id='word_1_682' title='bbox 1568 4964 1762 5033; x_wconf 84' lang='lat' dir='ltr'><strong>[amem</strong></span> 
     </span>
    </p>
   </div>
   <div class='ocr_carea' id='block_1_100' title="bbox 180 5033 1761 5104">
    <p class='ocr_par' dir='ltr' id='par_1_100' title="bbox 180 5033 1761 5104">
     <span class='ocr_line' id='line_1_100' title="bbox 180 5033 1761 5104; baseline -0.008 -5"><span class='ocrx_word' id='word_1_683' title='bbox 180 5033 291 5099; x_wconf 65' lang='lat' dir='ltr'><strong>non</strong></span> <span class='ocrx_word' id='word_1_684' title='bbox 321 5042 495 5094; x_wconf 85' lang='lat' dir='ltr'><strong>minus</strong></span> <span class='ocrx_word' id='word_1_685' title='bbox 534 5039 637 5093; x_wconf 87' lang='lat' dir='ltr'><strong>sibi</strong></span> <span class='ocrx_word' id='word_1_686' title='bbox 677 5033 1105 5093; x_wconf 70' lang='lat' dir='ltr'><strong>contemnendam</strong></span> <span class='ocrx_word' id='word_1_687' title='bbox 1133 5033 1343 5104; x_wconf 77' lang='lat' dir='ltr'><strong>propter</strong></span> <span class='ocrx_word' id='word_1_688' title='bbox 1370 5033 1571 5100; x_wconf 82' lang='lat' dir='ltr'><strong>Deum,</strong></span> <span class='ocrx_word' id='word_1_689' title='bbox 1602 5050 1761 5103; x_wconf 87' lang='lat' dir='ltr'><strong>quam</strong></span> 
     </span>
    </p>
   </div>
   <div class='ocr_carea' id='block_1_101' title="bbox 180 5104 1760 5179">
    <p class='ocr_par' dir='ltr' id='par_1_101' title="bbox 180 5104 1760 5179">
     <span class='ocr_line' id='line_1_101' title="bbox 180 5104 1760 5179; baseline -0.008 -10"><span class='ocrx_word' id='word_1_690' title='bbox 180 5128 341 5169; x_wconf 83' lang='lat' dir='ltr'><strong>omne</strong></span> <span class='ocrx_word' id='word_1_691' title='bbox 387 5110 572 5163; x_wconf 86' lang='lat' dir='ltr'><strong>mortis</strong></span> <span class='ocrx_word' id='word_1_692' title='bbox 624 5126 804 5179; x_wconf 85' lang='lat' dir='ltr'><strong>genus.</strong></span> <span class='ocrx_word' id='word_1_693' title='bbox 861 5107 1061 5179; x_wconf 54' lang='lat' dir='ltr'><strong>Didicit</strong></span> <span class='ocrx_word' id='word_1_694' title='bbox 1109 5122 1212 5157; x_wconf 85' lang='lat' dir='ltr'><strong>non</strong></span> <span class='ocrx_word' id='word_1_695' title='bbox 1259 5104 1512 5173; x_wconf 79' lang='lat' dir='ltr'><strong>respicere</strong></span> <span class='ocrx_word' id='word_1_696' title='bbox 1555 5104 1760 5179; x_wconf 77' lang='lat' dir='ltr'><strong>vitam:</strong></span> 
     </span>
    </p>
   </div>
   <div class='ocr_carea' id='block_1_102' title="bbox 180 5174 1762 5247">
    <p class='ocr_par' dir='ltr' id='par_1_102' title="bbox 180 5174 1762 5247">
     <span class='ocr_line' id='line_1_102' title="bbox 180 5174 1762 5247; baseline -0.005 -10"><span class='ocrx_word' id='word_1_697' title='bbox 180 5190 387 5247; x_wconf 80' lang='lat' dir='ltr'><strong>quanto</strong></span> <span class='ocrx_word' id='word_1_698' title='bbox 415 5181 584 5247; x_wconf 81' lang='lat' dir='ltr'><strong>magis</strong></span> <span class='ocrx_word' id='word_1_699' title='bbox 615 5174 805 5232; x_wconf 63' lang='lat' dir='ltr'><strong>ﬁctum</strong></span> <span class='ocrx_word' id='word_1_700' title='bbox 829 5179 854 5231; x_wconf 86' lang='lat'><strong><em>?</em></strong></span> <span class='ocrx_word' id='word_1_701' title='bbox 879 5176 1164 5247; x_wconf 81' lang='lat' dir='ltr'><strong>Eleganter</strong></span> <span class='ocrx_word' id='word_1_702' title='bbox 1189 5190 1348 5247; x_wconf 69' lang='lat' dir='ltr'><strong>vero,</strong></span> <span class='ocrx_word' id='word_1_703' title='bbox 1384 5181 1442 5226; x_wconf 91' lang='lat' dir='ltr'><strong>ut</strong></span> <span class='ocrx_word' id='word_1_704' title='bbox 1470 5174 1676 5247; x_wconf 82' lang='lat' dir='ltr'><strong>omnia,</strong></span> <span class='ocrx_word' id='word_1_705' title='bbox 1708 5185 1762 5229; x_wconf 90' lang='lat' dir='ltr'><strong>et</strong></span> 
     </span>
    </p>
   </div>
   <div class='ocr_carea' id='block_1_103' title="bbox 183 5244 1761 5324">
    <p class='ocr_par' dir='ltr' id='par_1_103' title="bbox 183 5244 1761 5324">
     <span class='ocr_line' id='line_1_103' title="bbox 183 5244 1761 5324; baseline -0.008 -16"><span class='ocrx_word' id='word_1_706' title='bbox 183 5244 427 5324; x_wconf 73' lang='lat' dir='ltr'><strong>genuine</strong></span> <span class='ocrx_word' id='word_1_707' title='bbox 441 5244 524 5324; x_wconf 75' lang='lat' dir='ltr'><strong>ad</strong></span> <span class='ocrx_word' id='word_1_708' title='bbox 537 5250 732 5324; x_wconf 58' lang='lat' dir='ltr'><strong>locum</strong></span> <span class='ocrx_word' id='word_1_709' title='bbox 759 5245 1179 5324; x_wconf 63' lang='lat' dir='ltr'><strong>Constitutoris,</strong></span> <span class='ocrx_word' id='word_1_710' title='bbox 1208 5244 1761 5324; x_wconf 35' lang='lat' dir='ltr'><strong>Clirynsos‘tomusnho-</strong></span> 
     </span>
    </p>
   </div>
   <div class='ocr_carea' id='block_1_104' title="bbox 183 5312 1759 5386">
    <p class='ocr_par' dir='ltr' id='par_1_104' title="bbox 183 5312 1759 5386">
     <span class='ocr_line' id='line_1_104' title="bbox 183 5312 1759 5386; baseline -0.008 -9"><span class='ocrx_word' id='word_1_711' title='bbox 183 5312 306 5377; x_wconf 75' lang='grc' dir='ltr'>ἶιιὶι.</span> <span class='ocrx_word' id='word_1_712' title='bbox 338 5321 408 5377; x_wconf 88' lang='lat'><strong>86</strong></span> <span class='ocrx_word' id='word_1_713' title='bbox 439 5320 496 5373; x_wconf 91' lang='lat' dir='ltr'><strong>in</strong></span> <span class='ocrx_word' id='word_1_714' title='bbox 537 5317 773 5372; x_wconf 66' lang='lat' dir='ltr'><strong>Matthaai</strong></span> <span class='ocrx_word' id='word_1_715' title='bbox 805 5312 1594 5386; x_wconf 23' lang='lat' dir='ltr'><strong>Evangelium‘;Ob‘ﬁodleaat</strong></span> <span class='ocrx_word' id='word_1_716' title='bbox 1622 5314 1759 5386; x_wconf 78' lang='grc' dir='ltr'>Χρι-</span> 
     </span>
    </p>
   </div>
   <div class='ocr_carea' id='block_1_105' title="bbox 186 5382 1762 5459">
    <p class='ocr_par' dir='ltr' id='par_1_105' title="bbox 186 5382 1762 5459">
     <span class='ocr_line' id='line_1_105' title="bbox 186 5382 1762 5459; baseline -0.008 -13"><span class='ocrx_word' id='word_1_717' title='bbox 186 5392 317 5455; x_wconf 81' lang='grc' dir='ltr'>στὸς</span> <span class='ocrx_word' id='word_1_718' title='bbox 358 5387 641 5459; x_wconf 79' lang='grc' dir='ltr'>πλεονεξίᾳ</span> <span class='ocrx_word' id='word_1_719' title='bbox 683 5382 1043 5459; x_wconf 52' lang='grc' dir='ltr'><strong>τρέφεσθαι)Δ</strong></span> <span class='ocrx_word' id='word_1_720' title='bbox 1060 5385 1136 5459; x_wconf 65' lang='grc' dir='ltr'><strong>οὐΔ</strong></span> <span class='ocrx_word' id='word_1_721' title='bbox 1165 5382 1624 5459; x_wconf 40' lang='grc' dir='ltr'>δέχεται-ταύτην</span> <span class='ocrx_word' id='word_1_722' title='bbox 1661 5382 1762 5452; x_wconf 80' lang='grc' dir='ltr'>τὴν</span> 
     </span>
    </p>
   </div>
   <div class='ocr_carea' id='block_1_106' title="bbox 183 5452 1761 5533">
    <p class='ocr_par' dir='ltr' id='par_1_106' title="bbox 183 5452 1761 5533">
     <span class='ocr_line' id='line_1_106' title="bbox 183 5452 1761 5533; baseline -0.007 -18"><span class='ocrx_word' id='word_1_723' title='bbox 183 5452 415 5533; x_wconf 66' lang='grc' dir='ltr'>τροέρήν.</span> <span class='ocrx_word' id='word_1_724' title='bbox 434 5460 525 5533; x_wconf 26' lang='grc' dir='ltr'><strong>’Τί</strong></span> <span class='ocrx_word' id='word_1_725' title='bbox 551 5452 641 5533; x_wconf 65' lang='grc' dir='ltr'><strong>τὸν</strong></span> <span class='ocrx_word' id='word_1_726' title='bbox 664 5452 946 5533; x_wconf 36' lang='grc' dir='ltr'>-ᾼὲσπόῖην</span> <span class='ocrx_word' id='word_1_727' title='bbox 972 5452 1255 5533; x_wconf 69' lang='grc' dir='ltr'>ύϐρίξεις,</span> <span class='ocrx_word' id='word_1_728' title='bbox 1280 5452 1563 5523; x_wconf 85' lang='grc' dir='ltr'>ἀκάθαρτα</span> <span class='ocrx_word' id='word_1_729' title='bbox 1586 5452 1761 5533; x_wconf 46' lang='grc' dir='ltr'>προσ-ς</span> 
     </span>
    </p>
   </div>
   <div class='ocr_carea' id='block_1_107' title="bbox 184 5522 1761 5611">
    <p class='ocr_par' dir='ltr' id='par_1_107' title="bbox 184 5522 1761 5611">
     <span class='ocr_line' id='line_1_107' title="bbox 184 5522 1761 5611; baseline -0.001 1"><span class='ocrx_word' id='word_1_730' title='bbox 184 5522 361 5611; x_wconf 49' lang='grc' dir='ltr'><strong>ἀλκάν·</strong></span> <span class='ocrx_word' id='word_1_731' title='bbox 386 5528 568 5611; x_wconf 48' lang='lat' dir='ltr'><strong>ante:</strong></span> <span class='ocrx_word' id='word_1_732' title='bbox 618 5527 822 5611; x_wconf 50' lang='grc' dir='ltr'>βέιτιον</span> <span class='ocrx_word' id='word_1_733' title='bbox 865 5522 1019 5611; x_wconf 46' lang='lat' dir='ltr'><strong>tua.</strong></span> <span class='ocrx_word' id='word_1_734' title='bbox 1049 5522 1349 5611; x_wconf 46' lang='lat' dir='ltr'><strong>*Wl‘fl&quot;?</strong></span> <span class='ocrx_word' id='word_1_735' title='bbox 1366 5522 1703 5611; x_wconf 55' lang='grc' dir='ltr'><strong>λτέρξρρξν,</strong></span> <span class='ocrx_word' id='word_1_736' title='bbox 1718 5522 1761 5611; x_wconf 72' lang='grc' dir='ltr'>,ἢ</span> 
     </span>
    </p>
   </div>
   <div class='ocr_carea' id='block_1_108' title="bbox 184 5591 1762 5673">
    <p class='ocr_par' dir='ltr' id='par_1_108' title="bbox 184 5591 1762 5673">
     <span class='ocr_line' id='line_1_108' title="bbox 184 5591 1762 5673; baseline -0.008 -19"><span class='ocrx_word' id='word_1_737' title='bbox 184 5591 409 5673; x_wconf 72' lang='grc' dir='ltr'>τρέφειν</span> <span class='ocrx_word' id='word_1_738' title='bbox 438 5591 848 5673; x_wconf 44' lang='grc' dir='ltr'>ἀτέδτὸιούτωνί</span> <span class='ocrx_word' id='word_1_739' title='bbox 876 5591 1077 5673; x_wconf 53' lang='grc' dir='ltr'>Ἐκεῖνο</span> <span class='ocrx_word' id='word_1_740' title='bbox 1097 5591 1279 5673; x_wconf 52' lang='grc' dir='ltr'>ὦμοῐι,</span> <span class='ocrx_word' id='word_1_741' title='bbox 1300 5592 1577 5673; x_wconf 34' lang='grc' dir='ltr'>τοῦτοικαὶ</span> <span class='ocrx_word' id='word_1_742' title='bbox 1608 5591 1762 5660; x_wconf 58' lang='grc' dir='ltr'>ὐϐριὲ</span> 
     </span>
    </p>
   </div>
   <div class='ocr_carea' id='block_1_109' title="bbox 187 5660 1761 5738">
    <p class='ocr_par' dir='ltr' id='par_1_109' title="bbox 187 5660 1761 5738">
     <span class='ocr_line' id='line_1_109' title="bbox 187 5660 1761 5738; baseline -0.006 -14"><span class='ocrx_word' id='word_1_743' title='bbox 187 5660 339 5725; x_wconf 61' lang='grc' dir='ltr'>οἶτού.</span> <span class='ocrx_word' id='word_1_744' title='bbox 372 5669 585 5721; x_wconf 85' lang='grc' dir='ltr'>Βέλτιον</span> <span class='ocrx_word' id='word_1_745' title='bbox 620 5668 785 5738; x_wconf 83' lang='grc' dir='ltr'>μηδὲν</span> <span class='ocrx_word' id='word_1_746' title='bbox 814 5665 1016 5738; x_wconf 83' lang='grc' dir='ltr'>δοῦναι,</span> <span class='ocrx_word' id='word_1_747' title='bbox 1045 5663 1078 5734; x_wconf 84' lang='grc' dir='ltr'>ἢ</span> <span class='ocrx_word' id='word_1_748' title='bbox 1114 5660 1183 5738; x_wconf 73' lang='grc' dir='ltr'><strong>τά</strong></span> <span class='ocrx_word' id='word_1_749' title='bbox 1198 5662 1369 5717; x_wconf 81' lang='grc' dir='ltr'>ἄλλων</span> <span class='ocrx_word' id='word_1_750' title='bbox 1398 5660 1621 5738; x_wconf 75' lang='grc' dir='ltr'>ἑτέροις,</span> <span class='ocrx_word' id='word_1_751' title='bbox 1656 5668 1761 5738; x_wconf 72' lang='lat' dir='ltr'><strong>etc.</strong></span> 
     </span>
    </p>
   </div>
   <div class='ocr_carea' id='block_1_110' title="bbox 188 5728 1761 5804">
    <p class='ocr_par' dir='ltr' id='par_1_110' title="bbox 188 5728 1761 5804">
     <span class='ocr_line' id='line_1_110' title="bbox 188 5728 1761 5804; baseline -0.009 -10"><span class='ocrx_word' id='word_1_752' title='bbox 188 5741 318 5795; x_wconf 78' lang='lat' dir='ltr'><strong>Non</strong></span> <span class='ocrx_word' id='word_1_753' title='bbox 347 5740 457 5793; x_wconf 81' lang='lat' dir='ltr'><strong>vult</strong></span> <span class='ocrx_word' id='word_1_754' title='bbox 488 5728 731 5793; x_wconf 57' lang='lat' dir='ltr'><strong>Christus</strong></span> <span class='ocrx_word' id='word_1_755' title='bbox 763 5736 953 5804; x_wconf 85' lang='lat' dir='ltr'><strong>rapina</strong></span> <span class='ocrx_word' id='word_1_756' title='bbox 983 5728 1177 5804; x_wconf 72' lang='lat' dir='ltr'><strong>nutriri</strong></span> <span class='ocrx_word' id='word_1_757' title='bbox 1206 5746 1223 5784; x_wconf 92' lang='lat'><strong><em>:</em></strong></span> <span class='ocrx_word' id='word_1_758' title='bbox 1255 5749 1359 5785; x_wconf 91' lang='lat' dir='ltr'><strong>non</strong></span> <span class='ocrx_word' id='word_1_759' title='bbox 1386 5728 1620 5804; x_wconf 77' lang='lat' dir='ltr'><strong>admittit</strong></span> <span class='ocrx_word' id='word_1_760' title='bbox 1664 5728 1761 5804; x_wconf 59' lang='lat' dir='ltr'><strong>Iru-</strong></span> 
     </span>
    </p>
   </div>
   <div class='ocr_carea' id='block_1_111' title="bbox 184 5799 1768 5877">
    <p class='ocr_par' dir='ltr' id='par_1_111' title="bbox 184 5799 1768 5877">
     <span class='ocr_line' id='line_1_111' title="bbox 184 5799 1768 5877; baseline -0.007 -13"><span class='ocrx_word' id='word_1_761' title='bbox 184 5810 429 5876; x_wconf 68' lang='lat' dir='ltr'><strong>[usmadi</strong></span> <span class='ocrx_word' id='word_1_762' title='bbox 461 5809 733 5863; x_wconf 85' lang='lat' dir='ltr'><strong>alimenta.</strong></span> <span class='ocrx_word' id='word_1_763' title='bbox 768 5799 945 5874; x_wconf 79' lang='lat' dir='ltr'><strong>Quare</strong></span> <span class='ocrx_word' id='word_1_764' title='bbox 974 5800 1608 5877; x_wconf 74' lang='lat' dir='ltr'><strong>Dominum_contumelia</strong></span> <span class='ocrx_word' id='word_1_765' title='bbox 1638 5799 1768 5871; x_wconf 65' lang='lat' dir='ltr'><strong>affu-</strong></span> 
     </span>
    </p>
   </div>
   <div class='ocr_carea' id='block_1_112' title="bbox 1862 4882 3443 4958">
    <p class='ocr_par' dir='ltr' id='par_1_112' title="bbox 1862 4882 3443 4958">
     <span class='ocr_line' id='line_1_112' title="bbox 1862 4882 3443 4958; baseline -0.006 -10"><span class='ocrx_word' id='word_1_766' title='bbox 1862 4895 1957 4958; x_wconf 85' lang='lat' dir='ltr'><strong>cis,</strong></span> <span class='ocrx_word' id='word_1_767' title='bbox 1988 4888 2264 4947; x_wconf 84' lang='lat' dir='ltr'><strong>immunda</strong></span> <span class='ocrx_word' id='word_1_768' title='bbox 2292 4889 2339 4943; x_wconf 89' lang='lat' dir='ltr'><strong>ei</strong></span> <span class='ocrx_word' id='word_1_769' title='bbox 2378 4885 2650 4958; x_wconf 63' lang='grc' dir='ltr'><strong>θῆαι-εηεῖ</strong></span> <span class='ocrx_word' id='word_1_770' title='bbox 2690 4883 2883 4958; x_wconf 69' lang='lat' dir='ltr'><strong>Melius</strong></span> <span class='ocrx_word' id='word_1_771' title='bbox 2909 4891 2987 4937; x_wconf 81' lang='lat' dir='ltr'><strong>est</strong></span> <span class='ocrx_word' id='word_1_772' title='bbox 3015 4882 3443 4958; x_wconf 38' lang='lat' dir='ltr'><strong>[amentabentem</strong></span> 
     </span>
    </p>
   </div>
   <div class='ocr_carea' id='block_1_113' title="bbox 1860 4952 3443 5031">
    <p class='ocr_par' dir='ltr' id='par_1_113' title="bbox 1860 4952 3443 5031">
     <span class='ocr_line' id='line_1_113' title="bbox 1860 4952 3443 5031; baseline -0.006 -15"><span class='ocrx_word' id='word_1_773' title='bbox 1860 4952 2143 5030; x_wconf 75' lang='lat' dir='ltr'><strong>despicere,</strong></span> <span class='ocrx_word' id='word_1_774' title='bbox 2173 4976 2331 5031; x_wconf 91' lang='lat' dir='ltr'><strong>quam</strong></span> <span class='ocrx_word' id='word_1_775' title='bbox 2356 4952 2437 5031; x_wconf 65' lang='lat' dir='ltr'><strong>Itis</strong></span> <span class='ocrx_word' id='word_1_776' title='bbox 2468 4952 2732 5010; x_wconf 80' lang='lat' dir='ltr'><strong>alimentis</strong></span> <span class='ocrx_word' id='word_1_777' title='bbox 2754 4962 3062 5031; x_wconf 59' lang='lat' dir='ltr'><strong>sustentare</strong></span> <span class='ocrx_word' id='word_1_778' title='bbox 3092 4967 3113 5005; x_wconf 86' lang='lat'><strong><em>:</em></strong></span> <span class='ocrx_word' id='word_1_779' title='bbox 3143 4952 3311 5031; x_wconf 44' lang='lat' dir='ltr'><strong>illud,</strong></span> <span class='ocrx_word' id='word_1_780' title='bbox 3329 4970 3443 5007; x_wconf 88' lang='lat' dir='ltr'><strong>cru-</strong></span> 
     </span>
    </p>
   </div>
   <div class='ocr_carea' id='block_1_114' title="bbox 1858 5021 3442 5096">
    <p class='ocr_par' dir='ltr' id='par_1_114' title="bbox 1858 5021 3442 5096">
     <span class='ocr_line' id='line_1_114' title="bbox 1858 5021 3442 5096; baseline -0.007 -9"><span class='ocrx_word' id='word_1_781' title='bbox 1858 5021 1992 5087; x_wconf 79' lang='lat' dir='ltr'><strong>delis</strong></span> <span class='ocrx_word' id='word_1_782' title='bbox 2020 5042 2096 5086; x_wconf 88' lang='lat' dir='ltr'><strong>est</strong></span> <span class='ocrx_word' id='word_1_783' title='bbox 2113 5021 2141 5096; x_wconf 70' lang='grc'><strong>;’</strong></span> <span class='ocrx_word' id='word_1_784' title='bbox 2165 5021 2283 5091; x_wconf 77' lang='grc' dir='ltr'>Ιὶοσ,</span> <span class='ocrx_word' id='word_1_785' title='bbox 2314 5029 2477 5084; x_wconf 86' lang='lat' dir='ltr'><strong>etiam</strong></span> <span class='ocrx_word' id='word_1_786' title='bbox 2502 5024 2897 5096; x_wconf 58' lang='lat' dir='ltr'><strong>contumeliosi.</strong></span> <span class='ocrx_word' id='word_1_787' title='bbox 2921 5021 3156 5096; x_wconf 54' lang='lat' dir='ltr'><strong>Praesta!</strong></span> <span class='ocrx_word' id='word_1_788' title='bbox 3179 5022 3442 5096; x_wconf 67' lang='lat' dir='ltr'><strong>nihilom-</strong></span> 
     </span>
    </p>
   </div>
   <div class='ocr_carea' id='block_1_115' title="bbox 1860 5090 3443 5174">
    <p class='ocr_par' dir='ltr' id='par_1_115' title="bbox 1860 5090 3443 5174">
     <span class='ocr_line' id='line_1_115' title="bbox 1860 5090 3443 5174; baseline -0.007 -18"><span class='ocrx_word' id='word_1_789' title='bbox 1860 5090 2157 5174; x_wconf 15' lang='lat' dir='ltr'><strong>ninordare,</strong></span> <span class='ocrx_word' id='word_1_790' title='bbox 2189 5090 2347 5174; x_wconf 81' lang='lat' dir='ltr'><strong>quam</strong></span> <span class='ocrx_word' id='word_1_791' title='bbox 2373 5114 2455 5152; x_wconf 88' lang='lat' dir='ltr'><strong>res</strong></span> <span class='ocrx_word' id='word_1_792' title='bbox 2480 5096 2707 5174; x_wconf 58' lang='lat' dir='ltr'><strong>aliorum</strong></span> <span class='ocrx_word' id='word_1_793' title='bbox 2732 5094 2855 5174; x_wconf 48' lang='lat' dir='ltr'><strong>aliis</strong></span> <span class='ocrx_word' id='word_1_794' title='bbox 2879 5092 3084 5174; x_wconf 62' lang='lat' dir='ltr'><strong>largiri.</strong></span> <span class='ocrx_word' id='word_1_795' title='bbox 3120 5090 3443 5174; x_wconf 45' lang='lat' dir='ltr'><strong>sedhmitior</strong></span> 
     </span>
    </p>
   </div>
   <div class='ocr_carea' id='block_1_116' title="bbox 1859 5161 3440 5231">
    <p class='ocr_par' dir='ltr' id='par_1_116' title="bbox 1859 5161 3440 5231">
     <span class='ocr_line' id='line_1_116' title="bbox 1859 5161 3440 5231; baseline -0.008 -3"><span class='ocrx_word' id='word_1_796' title='bbox 1859 5173 2073 5228; x_wconf 82' lang='lat' dir='ltr'><strong>exstitit</strong></span> <span class='ocrx_word' id='word_1_797' title='bbox 2099 5161 2371 5227; x_wconf 76' lang='lat' dir='ltr'><strong>sententia</strong></span> <span class='ocrx_word' id='word_1_798' title='bbox 2399 5165 2621 5221; x_wconf 89' lang='lat' dir='ltr'><strong>concilii</strong></span> <span class='ocrx_word' id='word_1_799' title='bbox 2664 5164 2719 5218; x_wconf 92' lang='lat' dir='ltr'><strong>S.</strong></span> <span class='ocrx_word' id='word_1_800' title='bbox 2756 5161 3003 5226; x_wconf 85' lang='lat' dir='ltr'><strong>Patricii,</strong></span> <span class='ocrx_word' id='word_1_801' title='bbox 3035 5161 3179 5231; x_wconf 93' lang='lat' dir='ltr'><strong>quod</strong></span> <span class='ocrx_word' id='word_1_802' title='bbox 3229 5161 3304 5214; x_wconf 91' lang='lat' dir='ltr'><strong>ita</strong></span> <span class='ocrx_word' id='word_1_803' title='bbox 3342 5162 3440 5216; x_wconf 91' lang='lat' dir='ltr'><strong>de-</strong></span> 
     </span>
    </p>
   </div>
   <div class='ocr_carea' id='block_1_117' title="bbox 1864 5233 3437 5311">
    <p class='ocr_par' dir='ltr' id='par_1_117' title="bbox 1864 5233 3437 5311">
     <span class='ocr_line' id='line_1_117' title="bbox 1864 5233 3437 5311; baseline -0.008 -15"><span class='ocrx_word' id='word_1_804' title='bbox 1864 5242 2057 5303; x_wconf 89' lang='lat' dir='ltr'><strong>crevit,</strong></span> <span class='ocrx_word' id='word_1_805' title='bbox 2091 5256 2214 5311; x_wconf 87' lang='lat' dir='ltr'><strong>cap.</strong></span> <span class='ocrx_word' id='word_1_806' title='bbox 2245 5238 2618 5311; x_wconf 75' lang='lat' dir='ltr'><strong>2:_Contentus</strong></span> <span class='ocrx_word' id='word_1_807' title='bbox 2646 5242 3016 5311; x_wconf 69' lang='lat' dir='ltr'><strong>tegumentoet</strong></span> <span class='ocrx_word' id='word_1_808' title='bbox 3046 5233 3302 5311; x_wconf 69' lang='lat' dir='ltr'><strong>alimenta</strong></span> <span class='ocrx_word' id='word_1_809' title='bbox 3316 5239 3437 5311; x_wconf 71' lang='lat' dir='ltr'><strong>tuo.</strong></span> 
     </span>
    </p>
   </div>
   <div class='ocr_carea' id='block_1_118' title="bbox 1865 5301 3439 5377">
    <p class='ocr_par' dir='ltr' id='par_1_118' title="bbox 1865 5301 3439 5377">
     <span class='ocr_line' id='line_1_118' title="bbox 1865 5301 3439 5377; baseline -0.01 -11"><span class='ocrx_word' id='word_1_810' title='bbox 1865 5301 2058 5366; x_wconf 65' lang='lat' dir='ltr'><strong>caetera</strong></span> <span class='ocrx_word' id='word_1_811' title='bbox 2082 5301 2225 5364; x_wconf 68' lang='lat' dir='ltr'><strong>dona</strong></span> <span class='ocrx_word' id='word_1_812' title='bbox 2253 5301 2837 5377; x_wconf 23' lang='lat' dir='ltr'><strong>iniquorumhreprbba;</strong></span> <span class='ocrx_word' id='word_1_813' title='bbox 2876 5304 3002 5377; x_wconf 83' lang='lat' dir='ltr'><strong>quia</strong></span> <span class='ocrx_word' id='word_1_814' title='bbox 3030 5317 3133 5355; x_wconf 86' lang='lat' dir='ltr'><strong>non</strong></span> <span class='ocrx_word' id='word_1_815' title='bbox 3163 5301 3323 5354; x_wconf 85' lang='lat' dir='ltr'><strong>sumit</strong></span> <span class='ocrx_word' id='word_1_816' title='bbox 3353 5303 3439 5352; x_wconf 85' lang='lat' dir='ltr'><strong>lu-</strong></span> 
     </span>
    </p>
   </div>
   <div class='ocr_carea' id='block_1_119' title="bbox 1866 5375 2679 5449">
    <p class='ocr_par' dir='ltr' id='par_1_119' title="bbox 1866 5375 2679 5449">
     <span class='ocr_line' id='line_1_119' title="bbox 1866 5375 2679 5449; baseline -0.006 -14"><span class='ocrx_word' id='word_1_817' title='bbox 1866 5398 2044 5444; x_wconf 86' lang='lat' dir='ltr'><strong>cerna,</strong></span> <span class='ocrx_word' id='word_1_818' title='bbox 2075 5379 2180 5434; x_wconf 86' lang='lat' dir='ltr'><strong>nisi</strong></span> <span class='ocrx_word' id='word_1_819' title='bbox 2206 5396 2308 5449; x_wconf 88' lang='lat' dir='ltr'><strong>quo</strong></span> <span class='ocrx_word' id='word_1_820' title='bbox 2332 5375 2516 5449; x_wconf 70' lang='lat' dir='ltr'><strong>alitur.</strong></span> <span class='ocrx_word' id='word_1_821' title='bbox 2540 5375 2679 5449; x_wconf 57' lang='lat' dir='ltr'><strong>Co}.</strong></span> 
     </span>
    </p>
   </div>
   <div class='ocr_carea' id='block_1_120' title="bbox 1936 5437 3440 5575">
    <p class='ocr_par' dir='ltr' id='par_1_120' title="bbox 1936 5437 3440 5575">
     <span class='ocr_line' id='line_1_120' title="bbox 1936 5437 3440 5575; baseline -0.008 -70"><span class='ocrx_word' id='word_1_822' title='bbox 1936 5437 2048 5575; x_wconf 41' lang='lat' dir='ltr'><strong>ﬁt?)</strong></span> <span class='ocrx_word' id='word_1_823' title='bbox 2100 5437 2394 5513; x_wconf 62' lang='grc' dir='ltr'><strong>Ὲξλιὺτῷ.</strong></span> <span class='ocrx_word' id='word_1_824' title='bbox 2423 5446 2561 5516; x_wconf 85' lang='lat' dir='ltr'><strong>Lege</strong></span> <span class='ocrx_word' id='word_1_825' title='bbox 2581 5444 2639 5511; x_wconf 78' lang='grc' dir='ltr'>ἐξ</span> <span class='ocrx_word' id='word_1_826' title='bbox 2662 5442 2848 5506; x_wconf 66' lang='grc' dir='ltr'>αὐτοῦ,</span> <span class='ocrx_word' id='word_1_827' title='bbox 2879 5449 2973 5496; x_wconf 89' lang='lat' dir='ltr'><strong>aut</strong></span> <span class='ocrx_word' id='word_1_828' title='bbox 2998 5454 3122 5495; x_wconf 89' lang='lat' dir='ltr'><strong>cum</strong></span> <span class='ocrx_word' id='word_1_829' title='bbox 3149 5437 3440 5494; x_wconf 88' lang='lat' dir='ltr'><strong>Anastasio</strong></span> 
     </span>
     <span class='ocr_line' id='line_1_121' title="bbox 1998 5517 2632 5575; baseline -0.014 0"><span class='ocrx_word' id='word_1_830' title='bbox 1998 5522 2151 5575; x_wconf 92' lang='lat' dir='ltr'><strong>icone</strong></span> <span class='ocrx_word' id='word_1_831' title='bbox 2176 5518 2236 5575; x_wconf 81' lang='grc' dir='ltr'>ἐξ</span> <span class='ocrx_word' id='word_1_832' title='bbox 2264 5518 2463 5572; x_wconf 88' lang='grc' dir='ltr'>αὐτῶν.</span> <span class='ocrx_word' id='word_1_833' title='bbox 2497 5517 2632 5570; x_wconf 76' lang='lat' dir='ltr'><strong>Cor.</strong></span> 
     </span>
    </p>
   </div>
   <div class='ocr_carea' id='block_1_121' title="bbox 1865 5517 2632 5583">
    <p class='ocr_par' dir='ltr' id='par_1_121' title="bbox 1865 5517 2632 5583">
     <span class='ocr_line' id='line_1_122' title="bbox 1865 5517 2632 5583; baseline -0.014 -6"><span class='ocrx_word' id='word_1_834' title='bbox 1865 5530 1920 5577; x_wconf 87' lang='lat' dir='ltr'><strong>et</strong></span> <span class='ocrx_word' id='word_1_835' title='bbox 1946 5517 2151 5575; x_wconf 82' lang='lat' dir='ltr'><strong>Nicone</strong></span> <span class='ocrx_word' id='word_1_836' title='bbox 2176 5518 2236 5583; x_wconf 81' lang='grc' dir='ltr'>ἐξ</span> <span class='ocrx_word' id='word_1_837' title='bbox 2264 5518 2463 5572; x_wconf 88' lang='grc' dir='ltr'>αὐτῶν.</span> <span class='ocrx_word' id='word_1_838' title='bbox 2497 5517 2632 5570; x_wconf 76' lang='lat' dir='ltr'><strong>Cor.</strong></span> 
     </span>
    </p>
   </div>
   <div class='ocr_carea' id='block_1_122' title="bbox 1960 5578 3244 5657">
    <p class='ocr_par' dir='ltr' id='par_1_122' title="bbox 1960 5578 3244 5657">
     <span class='ocr_line' id='line_1_123' title="bbox 1960 5578 3244 5657; baseline -0.009 -13"><span class='ocrx_word' id='word_1_839' title='bbox 1960 5591 2049 5657; x_wconf 67' lang='lat'><strong>47)</strong></span> <span class='ocrx_word' id='word_1_840' title='bbox 2087 5578 2625 5657; x_wconf 78' lang='grc' dir='ltr'>Προσκομιζόντων.</span> <span class='ocrx_word' id='word_1_841' title='bbox 2651 5582 3037 5657; x_wconf 52' lang='grc' dir='ltr'><strong>⁸Αιιειχίιιιὶιει.</strong></span> <span class='ocrx_word' id='word_1_842' title='bbox 3077 5578 3244 5657; x_wconf 54' lang='lat' dir='ltr'><strong>Curi.</strong></span> 
     </span>
    </p>
   </div>
   <div class='ocr_carea' id='block_1_123' title="bbox 1937 5590 3436 5731">
    <p class='ocr_par' dir='ltr' id='par_1_123' title="bbox 1937 5590 3436 5731">
     <span class='ocr_line' id='line_1_124' title="bbox 1960 5590 3244 5657; baseline -0.009 -13"><span class='ocrx_word' id='word_1_843' title='bbox 1960 5592 2024 5644; x_wconf 67' lang='lat'><strong>47</strong></span> <span class='ocrx_word' id='word_1_844' title='bbox 2087 5590 2625 5657; x_wconf 79' lang='grc' dir='ltr'>Προσκομιζόντων.</span> <span class='ocrx_word' id='word_1_845' title='bbox 2666 5590 2817 5637; x_wconf 83' lang='lat' dir='ltr'><strong>Alter</strong></span> <span class='ocrx_word' id='word_1_846' title='bbox 2854 5590 3037 5637; x_wconf 73' lang='lat' dir='ltr'><strong>habet.</strong></span> <span class='ocrx_word' id='word_1_847' title='bbox 3077 5590 3244 5634; x_wconf 64' lang='lat' dir='ltr'><strong>utan.</strong></span> 
     </span>
     <span class='ocr_line' id='line_1_125' title="bbox 1937 5590 3436 5731; baseline -0.013 -11"><span class='ocrx_word' id='word_1_848' title='bbox 1937 5590 2049 5731; x_wconf 38' lang='lat'><strong>348%</strong></span> <span class='ocrx_word' id='word_1_849' title='bbox 2083 5659 2238 5731; x_wconf 74' lang='grc' dir='ltr'>Πρὸς</span> <span class='ocrx_word' id='word_1_850' title='bbox 2266 5658 2407 5731; x_wconf 66' lang='grc' dir='ltr'>ζοὺς</span> <span class='ocrx_word' id='word_1_851' title='bbox 2434 5654 2729 5721; x_wconf 79' lang='grc' dir='ltr'>εὐσεϐεῖς..</span> <span class='ocrx_word' id='word_1_852' title='bbox 2781 5652 2926 5709; x_wconf 83' lang='lat' dir='ltr'><strong>Idem</strong></span> <span class='ocrx_word' id='word_1_853' title='bbox 2965 5648 3115 5722; x_wconf 82' lang='grc' dir='ltr'>παρὰ</span> <span class='ocrx_word' id='word_1_854' title='bbox 3145 5648 3253 5702; x_wconf 83' lang='grc' dir='ltr'><strong>τῶν</strong></span> <span class='ocrx_word' id='word_1_855' title='bbox 3285 5647 3436 5702; x_wconf 81' lang='grc' dir='ltr'>εὐσε-</span> 
     </span>
    </p>
   </div>
   <div class='ocr_carea' id='block_1_124' title="bbox 1871 5727 2361 5796">
    <p class='ocr_par' dir='ltr' id='par_1_124' title="bbox 1871 5727 2361 5796">
     <span class='ocr_line' id='line_1_126' title="bbox 1871 5727 2361 5796; baseline -0.002 -12"><span class='ocrx_word' id='word_1_856' title='bbox 1871 5727 2001 5796; x_wconf 76' lang='grc' dir='ltr'>ϐῶν,</span> <span class='ocrx_word' id='word_1_857' title='bbox 2032 5727 2251 5787; x_wconf 81' lang='lat' dir='ltr'><strong>melius.</strong></span> <span class='ocrx_word' id='word_1_858' title='bbox 2283 5727 2361 5784; x_wconf 82' lang='lat' dir='ltr'><strong>lu.</strong></span> 
     </span>
    </p>
   </div>
  </div>
