3876 6188
443 272 555 327 823

1297 273 1354 329 S.
1397 272 1792 327 CLEMENTIS
1847 273 1868 326 ι
1902 272 2073 328 ROM.
2111 272 2315 328 ΡΟΝΤ.
2355 270 2584 330 ΟΡΕΒΑ
2620 272 2848 329 DUBIA.

3613 278 3713 333 εει

443 383 523 436 sic
539 380 794 436 enimtibi
810 381 1083 436 eritbonae
1106 384 1243 453 spei.
1258 384 1392 438 Nam
1415 394 1470 440 tu
1494 385 1714 456 quidem
1740 387 1889 456 virga
1905 402 2028 455 per-

2133 386 2246 440 δευε
2277 387 2388 441 υἱόν
2422 405 2537 449 σου,
2556 389 2650 442 καὶ
2677 387 2983 442 ἀναπαύσει
3019 404 3097 442 σε·
3130 388 3274 443 οὑτω
3303 390 3414 461 γάρ
3442 389 3602 445 ἐσται
3632 410 3711 446 σοι

441 473 616 531 cuties
642 489 765 528 eum
788 491 802 541 ;
828 475 1070 529 animum
1094 484 1276 530 autem
1305 476 1425 546 ejus
1454 492 1485 532 e
1518 485 1693 533 morte
1721 477 1963 532 erues".
1994 496 2013 531 ι

444 563 509 618 Et
558 566 753 620 iterum
811 566 952 622 idem
1000 567 1107 622 hoc
1159 568 1320 624 modo
1376 568 1655 639 loquitur:
1695 588 1712 619 ι
1742 567 1845 635 Qui
1892 585 2021 639 par-

442 657 516 711 cit
538 658 734 713 baculo
786 675 912 723 suo,
945 659 1061 715 odit
1113 660 1283 716 lilium
1344 678 1504 717 suum
1557 661 1657 719 ⁸⁷.»
1704 661 1770 717 Et
1796 662 2015 719 adhuc:

445 747 673 805 c'l’undc
702 752 874 806 latera
898 754 1042 822 ejus,
1069 754 1197 807 dum
1238 754 1422 809 infans
1444 762 1563 820 est,
1592 770 1663 809 ne
1686 754 1824 809 forte
1860 754 2021 809 indu-

441 850 594 897 ratus
625 858 732 898 non
778 844 965 898 credat
1005 846 1101 900 tibi
1158 846 1258 899 ⁸⁸.»
1295 844 1398 911 Qui
1452 862 1585 915 ergo
1631 844 1925 902 admonere
1968 855 2023 901 et

441 936 715 1007 castigare
769 935 936 990 lilium
986 954 1146 991 suum
1192 938 1723 1009 desinit,pr0priam
1776 938 2019 993 sobolem

440 1026 570 1082 odio
613 1029 794 1083 habet.
843 1029 1022 1095 Quare
1082 1031 1220 1085 lilios
1263 1040 1475 1086 vestros
1526 1030 1753 1086 edocete
1794 1031 2019 1086 verbum

445 1118 695 1187 Domini;
730 1123 859 1190 quin
896 1129 951 1176 et
981 1123 1304 1179 verberibus
1360 1124 1735 1192 comprimite,
1798 1139 1862 1179 ac
1894 1124 2024 1179 obe-

443 1212 657 1267 clientes
683 1214 1071 1283 subjectosque
1100 1214 1348 1270 reddite:
1372 1215 1438 1267 ab
1463 1214 1688 1269 infantia
1716 1215 1906 1271 docete
1929 1229 2023 1269 eos

443 1305 657 1361 litteras
689 1320 898 1369 sacras,
934 1322 1029 1361 seu
1080 1318 1292 1365 vestras
1332 1323 1395 1363 ac
1454 1307 1689 1371 divinas,
1722 1316 1777 1364 et
1806 1323 2023 1363 onmem

442 1397 683 1452 divinam
716 1396 1059 1466 Scripturam
1092 1398 1328 1462 tradite;
1382 1416 1485 1453 nec
1524 1400 1667 1457 detis
1716 1400 1825 1455 illis
1854 1400 2024 1455 licen-

442 1493 595 1553 tiam,
632 1507 739 1561 qua
770 1500 965 1546 contra
1021 1502 1258 1547 vestram
1319 1494 1654 1547 voluntatem
1706 1493 1811 1549 sibi
1845 1494 1899 1547 in
1927 1508 2026 1547 vos

443 1590 767 1651 potestatem
801 1592 1082 1654 arrogent.
1114 1583 1192 1639 Ne
1246 1586 1577 1655 permittatis
1608 1586 1688 1639 eis
1713 1593 1771 1639 ut
1808 1585 2027 1655 symbo-

2122 478 2358 544 εὑελπις.
2402 481 2474 534 Σὺ
2526 480 2625 550 μὲν
2653 480 2763 550 γάρ
2804 480 2984 552 ῥάϐδῳ
3013 480 3273 546 πατάξεις
3317 484 3509 544 αὑτὸν,
3539 485 3636 556 τὴν
3658 485 3711 537 δὲ

2121 570 2297 641 ψυχὴν
2339 570 2503 625 αὑτοῦ
2538 572 2675 642 ῥύσῃ
2705 574 2769 625 ὲκ
2815 572 3102 626 θανάτου.»
3154 575 3263 628 Καὶ
3302 575 3463 628 πάλιν
3516 576 3660 643 λέγει
3685 578 3714 629 6

2122 662 2282 725 αὐτὸς
2303 662 2475 727 οὕτως
2490 664 2619 732 (49)·
2643 684 2659 713 ι
2679 666 2774 727 Ὃς
2795 664 3036 733 φείδεται
3054 665 3153 735 τῆς
3172 666 3367 721 ἑαυτοῦ
3393 667 3712 738 βακτηρίας,

2126 758 2273 825 μισεῖ
2299 756 2388 808 τὸν
2410 756 2602 809 ἑαυτοῦ
2634 756 2802 809 υἱόν.»
2836 758 2947 810 Καὶ
2976 756 3103 827 ἑξῆς
3132 758 3244 829 (50)
3273 776 3287 789 ·
3324 780 3341 812 ι
3374 760 3597 813 Κλάσον
3622 760 3715 821 τὰς

2125 847 2569 919 πλευράςαὺτοῦ,
2600 848 2705 911 ἓως
2725 849 2841 902 ἐστὶ
2870 851 3062 921 νήπιος
3082 892 3096 916 ,
3124 852 3331 921 μήποτε
3363 851 3501 921 σκλη
3513 851 3717 921 ρυνθεὶς

2124 940 2395 1011 ἀπειθήσῃ
2426 957 2564 992 σοι.»
2608 943 2705 1003 ’ος
2736 941 2977 1010 φείδεται
3017 939 3111 996 οὖν
3147 946 3431 1013 παραινεῖν
3460 944 3584 996 καὶ
3613 960 3714 995 σω-

2126 1032 2397 1102 φρονίζειν
2440 1032 2533 1085 τὸν
2586 1032 2780 1086 ἑαυτοῦ
2838 1033 2983 1096 υἱὸν,
3032 1036 3178 1103 μισεί
3222 1034 3316 1089 τὸν
3366 1034 3501 1086 [διον
3532 1033 3696 1086 παῖδα

2140 1123 2510 1179 Ἐκδιδάσκετε
2540 1120 2634 1179 οὖν
2662 1124 2816 1195 ὑμῶν
2845 1124 2915 1177 τά
2942 1126 3109 1179 τέκνα
3133 1125 3224 1178 τὸν
3267 1125 3427 1193 λόγον
3459 1125 3672 1196 Κυρίου
3698 1143 3709 1154 ·

2128 1216 2356 1283 στύφετε
2386 1215 2442 1269 δὲ
2478 1217 2618 1270 αὑτά
2647 1217 2741 1269 καὶ
2768 1216 2994 1287 δαρμοίς
3018 1216 3255 1288 (finirat
3282 1221 3489 1269 ποιεῖτε
3521 1218 3720 1269 ὑποτα-

2127 1308 2325 1362 κτικά·
2358 1308 2467 1361 ἀπὸ
2516 1307 2749 1379 βρέφους
2804 1308 3149 1371 διδάσκοντες
3196 1308 3335 1363 αὑτά
3371 1308 3491 1379 ἱερά
3538 1310 3719 1380 γράμ-

2131 1418 2296 1471 ματα,
2325 1400 2564 1472 ὑμέτερά
2600 1401 2712 1471 (52)
2747 1418 2804 1455 τε
2835 1403 2928 1455 καὶ
2958 1401 3094 1463 θεῖα,
3126 1402 3221 1454 καὶ
3266 1402 3447 1454 πᾶσαν
3495 1402 3723 1471 Γραφὴν

2126 1494 2275 1547 θείαν
2306 1495 2689 1564 παραδιδόντες
2739 1494 2849 1563 (55)
2877 1512 2889 1524 ·
2934 1495 3007 1565 μὴ
3038 1494 3270 1557 διδόντες
3297 1496 3481 1549 ἄνεσιν
3512 1496 3722 1556 αὑτοῖς,

2127 1587 2564 1653 κατεξουσιάζειν
2622 1587 2775 1657 ὑμῶν
2806 1586 2957 1656 παρά
2984 1587 3082 1657 τὴν
3129 1586 3403 1657 ὑμετέραν
3452 1585 3684 1655 γνώμην
3708 1606 3722 1617 ·

442 1676 555 1729 lum
595 1675 725 1731 dent
752 1674 818 1730 ad
866 1676 1269 1731 convivandum
1319 1693 1445 1732 cum
1495 1678 1800 1748 a:qualibus
1828 1678 1871 1709 "
1898 1696 1914 1745 ;
1944 1678 2025 1733 sic

2133 1678 2269 1748 μετά
2296 1678 2571 1749 ὁμηλίκων
2600 1681 2679 1742 εἰς
2710 1680 3013 1750 συμπόσιον
3048 1680 3123 1750 μὴ
3176 1680 3373 1743 ἐῶντες
3408 1681 3555 1734 αὑτά
3586 1698 3723 1751 συμ-

440 1767 586 1821 enim
623 1767 689 1821 ad
721 1768 1075 1837 petulantiam
1107 1768 1418 1833 deﬂectent,
1449 1777 1503 1823 et
1544 1744 1599 1823 in
1630 1770 2019 1824 scortationem

2133 1744 2358 1826 θάλλειν·
2391 1744 2535 1825 οὑτω
2586 1772 2694 1842 γὰρ
2727 1744 2806 1834 είς
2835 1744 3062 1839 ἀταξίαν
3111 1744 3579 1843 ἐκτραπήσονται,
3629 1744 3723 1825 καὶ

441 1860 705 1915 incident.
736 1861 793 1914 ld
827 1877 991 1931 porro
1018 1862 1060 1917 si
1083 1862 1163 1917 eis
1190 1862 1259 1917 ob
1284 1871 1571 1932 parentum
1631 1862 1900 1916 incuriam
1924 1862 2023 1917 ob-

439 1954 944 2023 tigerit,genitores
995 1956 1074 2009 rei
1118 1963 1281 2009 erunt
1310 1956 1377 2011 de
1431 1956 1719 2009 animabus
1779 1956 2018 2009 illorum.

440 2044 576 2099 Nam
627 2046 671 2099 si
726 2045 978 2100 socordia
1030 2055 1319 2116 parentum
1370 2054 1747 2103 consuescunt
1779 2062 1901 2101 cum
1939 2047 2021 2101 in-

440 2140 727 2210 castigatis
759 2155 854 2193 seu
892 2140 1407 2210 iutemperantibus,
1442 2156 1550 2193 non
1602 2138 1705 2193 soli
1757 2138 1852 2209 qui
1886 2138 2025 2193 deli-

440 2241 678 2303 querunt
737 2233 829 2287 lilii
879 2234 1297 2303 castigabuntur
1351 2248 1415 2286 ac
1462 2233 1783 2304 punientur,
1833 2232 1927 2289 sed
1970 2240 2024 2287 et

441 2327 682 2395 ipcorum
715 2340 881 2379 causa
942 2332 1197 2395 parentes
1239 2324 1777 2379 condemnabuntur.
1804 2321 1850 2353 ⁷⁰
1884 2323 2025 2391 Quo-

441 2420 586 2471 circa
619 2431 841 2487 operam
890 2416 1050 2479 date,
1101 2424 1162 2470 ut
1192 2431 1315 2470 cum
1364 2415 1431 2470 ad
1488 2424 1706 2486 tempus
1768 2417 2024 2487 coniugio

442 2516 623 2580 aptum
665 2509 1033 2580 pervenerint,
1063 2523 1159 2563 eos
1197 2509 1549 2562 matrimonio
1570 2507 1814 2580 jungatis
1844 2524 1907 2563 ac
1930 2524 2025 2564 co-

441 2601 667 2671 pulctis;
704 2615 771 2654 ue
800 2600 943 2654 inter
984 2607 1198 2654 aetatem
1259 2600 1314 2654 in
1346 2599 1477 2654 ﬂore
1531 2617 1631 2656 suo
1696 2600 2019 2663 ferventem,

443 2706 623 2747 mores
665 2700 1033 2747 scortatorum
1070 2692 1426 2756 contrahant,
1474 2702 1528 2748 et
1558 2708 1655 2747 vos
1684 2692 1738 2746 in
1764 2692 1852 2747 die
1876 2692 2025 2763 judi-

441 2784 510 2838 cii
543 2784 810 2840 rationem
845 2799 875 2838 a
900 2781 1135 2840 Domino
1166 2783 1278 2839 Deo
1307 2784 1695 2857 reposcamini.

1028 2897 1261 2954 CAPUT
1294 2896 1409 2952 XII.

900 2991 973 3047 De
993 2992 1209 3062 [anzulis
1231 3002 1279 3046 et
1312 2992 1560 3049 dominis.

2124 1868 2204 1929 είς
2224 1865 2481 1937 πορνείαν
2511 1864 2955 1937 περιπεσοῦνται.
3006 1864 3117 1916 Καὶ
3157 1862 3250 1915 ἐὰν
3296 1863 3451 1932 παρά
3486 1865 3591 1933 τὴν
3618 1864 3726 1917 τῶν

2122 1958 2322 2025 γονέων
2368 1956 2626 2029 ἀμέλειαν
2670 1956 2828 2009 τοῦτο
2860 1955 3104 2009 πάθωσιν
3125 1994 3139 2019 ,
3175 1955 3345 2025 ἔνοχοι
3377 1955 3487 2007 τῶν
3537 1955 3726 2025 ᾁυχῶν

2124 2050 2303 2105 αὑτῶν
2331 2050 2381 2103 οἱ
2428 2050 2787 2119 γεννήσαντες
2835 2046 3187 2118 ὑπάρξουσιν.
3238 2048 3300 2100 Ei
3357 2046 3471 2118 γὰρ
3519 2050 3590 2118 τῇ
3618 2046 3729 2099 τῶν

2123 2142 2459 2212 γειναμένων
2520 2140 2631 2211 (54)
2688 2140 2931 2212 ῥᾳθυμίᾳ
2991 2140 3227 2191 σύνεισιν
3282 2138 3647 2203 ἀκολάστοις,
3677 2137 3727 2189 οἱ

2126 2235 2315 2297 παῖδες
2343 2235 2761 2305 ἀμαρτήσαντες
2779 2234 2880 2285 οὑκ
2909 2232 3063 2284 αὑτοὶ
3087 2231 3237 2302 μόνοι
3266 2230 3724 2302 κολασθήσονται,

2124 2325 2259 2379 ἀλλά
2288 2326 2381 2380 καὶ
2426 2324 2567 2396 ὑπὲρ
2598 2325 2775 2377 αὐτῶν
2821 2324 2871 2376 oi
2902 2327 3081 2391 γονεῖς
3110 2322 3286 2376 αὑτῶν
3341 2322 3722 2392 κριθήσονται.

2126 2416 2223 2469 Διά
2246 2416 2403 2470 τοῦτο
2425 2414 2752 2479 σπουδάζετε
2774 2415 2891 2485 ὥρᾳ
2910 2415 3088 2485 γάμου
3115 2413 3400 2483 ζευγνύναι
3422 2414 3519 2465 καὶ
3534 2412 3725 2465 συναλ-

2126 2508 2345 2562 λάσσειν
2367 2508 2525 2570 αὑτὰ,
2546 2508 2630 2560 ἴνα
2664 2508 2739 2579 μὴ
2772 2508 2871 2577 τῆς
2899 2506 3118 2578 ἡλικίας
3138 2509 3194 2559 ἐν
3206 2509 3271 2578 τῇ
3294 2508 3449 2577 ἀκμῇ
3466 2506 3723 2575 ζεοὺσης,

2127 2600 2222 2671 ἔθη
2254 2600 2565 2671 πορνοκόπα
2738 2600 2938 2667 ἀποὸἦ,
2963 2600 3058 2652 καὶ
3089 2600 3243 2669 ὑμεῖς
3274 2596 3721 2667 ἀπαιτηθήσεσθε

2125 2692 2216 2745 τὸν
2244 2691 2398 2762 λόγον
2428 2694 2486 2745 ὲν
2514 2696 2580 2763 τῇ
2612 2691 2795 2764 ἡμέρα
2846 2689 2947 2761 τῆς
2976 2690 3212 2765 κρίσεως
3242 2689 3347 2741 ὑπὸ
3387 2689 3599 2760 Κυρίου
3628 2686 3721 2741 τοιῖ

2126 2784 2284 2839 Θεοῦ.

2644 2897 3041 2953 ΚΕΦΑΛΑΙΟΝ
3072 2897 3172 2950 IB'.

2471 2990 2613 3061 Περὶ
2636 2989 2881 3044 οἰκετῶν
2911 2989 3007 3043 καὶ
3037 2986 3370 3043 δεσποτῶν.

517 3085 589 3143 0e
618 3084 838 3141 famulis
872 3101 1001 3141 vero
1032 3084 1162 3157 quid
1196 3086 1431 3156 amplius
1474 3084 1745 3150 dicamus,
1774 3098 1937 3155 quam
1964 3088 2022 3136 ut

2196 3084 2331 3157 Περὶ
2356 3083 2415 3138 δὲ
2441 3083 2666 3137 οἰκετῶν
2696 3082 2748 3135 τί
2779 3082 2843 3135 ἂν
2873 3082 3124 3151 εἴποιμεν
3183 3081 3388 3141 πλεῖον,
3451 3078 3485 3148 ἢ
3517 3080 3600 3131 ὅτι
3630 3078 3725 3131 καὶ

442 3190 656 3241 servus,
689 3192 813 3232 cum
845 3177 1042 3232 timore
1068 3175 1163 3231 Dei
1194 3176 1262 3239 ⁷¹,
1309 3176 1594 3231 dominum
1644 3174 2019 3231 benevolentia

441 3270 871 3339 complectatur,
915 3270 1169 3339 quamvis
1218 3269 1469 3338 impium,
1496 3266 1749 3337 quamvis
1786 3266 2021 3322 scelera-

441 3370 587 3426 tum;
619 3376 729 3414 non
760 3368 944 3414 tamen
977 3375 1101 3414 cum
1154 3374 1220 3413 eo
1277 3360 1331 3413 in
1376 3359 1640 3429 religione
1688 3357 2017 3411 consentiat.

443 3454 572 3507 Item
598 3451 853 3507 dominus
885 3451 1147 3505 famulum
1178 3453 1406 3522 diligat;
1459 3459 1513 3506 et
1548 3450 1799 3521 quamvis
1849 3447 2023 3517 major

442 3546 535 3606 sit,
569 3559 627 3597 se
648 3550 831 3597 tamen
863 3545 1125 3614 aequalem
1153 3544 1382 3611 iudicet,
1416 3544 1501 3599 vel
1556 3550 1828 3613 quatenus
1860 3540 2023 3593 homo

441 3644 545 3690 est.
578 3634 681 3700 Qui
713 3643 893 3689 autem
924 3635 1208 3689 dominum
1241 3636 1405 3690 habet
1437 3634 1671 3696 lidelem,
1696 3634 1848 3690 salvo
1874 3632 2023 3686 illius

443 3727 746 3788 dominatu.
773 3742 899 3781 eum
936 3734 1103 3790 amet,
1136 3737 1190 3781 et
1220 3735 1279 3780 ut
1323 3728 1629 3791 dominum,
1672 3735 1726 3780 et
1781 3733 1839 3778 ut
1897 3722 2020 3777 ﬁdei

443 3824 778 3881 consortem,
811 3825 865 3872 et
922 3826 981 3870 ut
1027 3820 1338 3887 patrem";
1382 3836 1490 3874 non
1521 3827 1781 3889 tanquam
1830 3831 2021 3872 servus

444 3910 699 3966 simulate
730 3917 784 3964 et
839 3908 907 3963 ad
955 3911 1175 3965 oculum
1228 3911 1473 3965 serviens
1498 3912 1564 3976 ",
1616 3910 1711 3966 sed
1757 3918 2018 3980 tanquam

444 4001 649 4055 domini
699 4014 911 4063 amans,
964 4002 1144 4057 sciens
1202 4001 1373 4057 Deum
1415 4004 1466 4057 ei
1520 4004 2016 4057 remunerationem

444 4094 739 4149 famulatus
763 4095 1192 4164 persoluturum.
1227 4094 1491 4150 Similiter
1527 4094 1784 4151 dominus
1814 4096 1908 4165 qui
1938 4094 2018 4148 fa-

444 4186 652 4242 mulum
693 4187 938 4257 possidet
966 4186 1201 4250 ﬁdelem,
1249 4188 1401 4243 salvo
1424 4188 1571 4243 illius
1625 4187 2016 4254 famulatu,di-

2127 3178 2158 3229 6
2185 3176 2370 3241 δοῦλος
2400 3174 2613 3229 εὑνοιαν
2669 3174 2969 3245 είσφερέτω
3000 3174 3137 3245 πρὸς
3166 3171 3276 3244 (56)
3306 3173 3397 3225 τὸν
3426 3172 3721 3241 δεσπότην,

2131 3269 2269 3340 μετά
2298 3268 2461 3338 φόὸου
2490 3267 2648 3330 Θεοῦ,
2681 3266 2781 3320 κᾶν
2811 3266 3034 3337 ἀσεϐὴς,
3065 3266 3166 3319 κᾶν
3196 3266 3435 3335 πονηρὸς
3455 3265 3682 3336 ὑπάρχῃ
3706 3279 3721 3293 ’

2125 3361 2312 3415 οὑκέτι
2380 3360 2565 3431 μέντοι
2622 3359 2717 3412 καὶ
2763 3359 3015 3429 ὁμόνοιαν
3061 3356 3201 3410 κατά
3236 3358 3335 3427 τὴν
3379 3356 3720 3427 θρησκείανο

2126 3456 2219 3507 καὶ
2237 3456 2265 3506 6
2295 3454 2561 3525 δεσπότης
2585 3452 2857 3522 ἀγαπάτω
2900 3452 2993 3505 τὸν
3022 3450 3239 3519 οἰκέτην
3263 3467 3277 3480 ο
3319 3448 3423 3502 κᾶν
3462 3449 3725 3520 διάφορος

2122 3542 2179 3618 ᾖ,
2212 3546 2274 3598 τὸ
2305 3546 2419 3598 ἴσον
2447 3545 2703 3615 κρινέτω.
2735 3544 2771 3616 ἢ
2801 3544 2935 3597 καθὸ
2966 3544 3079 3614 (57)
3127 3544 3414 3613 ἀνθρωπκ
3448 3542 3722 3612 ὑπάρχει’

2122 3638 2151 3689 6
2181 3638 2237 3692 δὲ
2285 3637 2475 3692 πιστὸν
2522 3637 2661 3707 ἔχων
2701 3636 2990 3708 δεσπότην,
3048 3633 3365 3706 σωζομένης
3413 3634 3567 3704 αὑτῷ
3620 3634 3724 3702 τῆς

2124 3728 2341 3799 κυρίας,
2371 3729 2662 3797 ἀγαπάτω,
2698 3729 2792 3782 καὶ
2826 3728 2902 3792 ὡς
2948 3728 3237 3798 δεσπότην,
3272 3726 3368 3781 καὶ
3396 3727 3475 3790 ὡς
3519 3726 3722 3797 όμόπι-

2127 3838 2270 3884 στον,
2328 3822 2423 3874 καὶ
2452 3821 2527 3885 ὼς
2575 3821 2820 3891 πατέρα·
2874 3815 2948 3891 μη
2996 3820 3072 3883 ὡς
3116 3818 3573 3889 ὀφθαλμόδουλος,
3606 3817 3721 3870 ἀλλ’

2126 3913 2202 3975 ὡς
2232 3912 2632 3981 φιλοδέσποτος,
2665 3911 2841 3974 εἰδὼς,
2871 3913 2953 3964 ὅτι
2982 3912 3010 3963 6
3040 3911 3173 3975 Θεὸς
3204 3910 3357 3980 αὐτῷ
3381 3911 3483 3980 τὴν
3518 3910 3722 3981 μισθα-

2126 4006 2380 4059 ποδοσίαν
2408 4006 2655 4059 ἀποτίσει
2713 4004 2815 4073 τῆς
2870 4002 3196 4074 ὑπηρεσίας.
3241 4002 3521 4066 Ὡσαύτως
3570 4004 3666 4055 καὶ
3693 4004 3722 4053 6

2126 4097 2313 4168 κύριος
2344 4100 2372 4152 6
2404 4095 2595 4150 πιστὸν
2627 4097 2765 4166 ἔχων
2793 4094 3033 4166 οἰκέτην,
3090 4095 3406 4166 σωζομένης
3434 4094 3589 4165 αὐτῷ
3618 4094 3722 4163 τῆς

2126 4190 2443 4260 θεραπείας,
2474 4188 2742 4257 ἀγαπάτω
2770 4188 2847 4251 ὡς
2875 4188 3011 4251 υἱὸν,
3043 4186 3078 4258 ἢ
3114 4187 3192 4250 ὡς
3217 4186 3469 4254 ἀδελφὸν,
3499 4186 3593 4239 διὰ
3622 4185 3719 4256 τὴν

444 4280 571 4350 ligat
601 4296 723 4335 eum
758 4280 907 4335 velut
954 4280 1147 4344 ﬁlium,
1198 4288 1292 4334 aut
1330 4280 1477 4334 velut
1520 4278 1769 4344 fratrem,
1798 4286 2020 4349 propter

2133 4282 2221 4352 τῆς
2248 4283 2481 4344 πίστεως
2511 4280 2817 4335 κοινωνίαν.

447 4374 570 4431 fidei
599 4374 963 4429 consortium.

516 4529 560 4559 “
591 4528 752 4584 Prov.
788 4547 939 4591 χχιχ,
969 4532 1127 4583 l7.et
1170 4545 1284 4592 χιι,
1326 4531 1419 4591 l8;
1450 4538 1502 4582 ct
1539 4546 1695 4590 xxiii,
1726 4530 1809 4584 Μ.
1887 4531 1928 4560 ⁸⁷
1961 4530 2041 4583 Pri

2156 4532 2392 4595 nihil.
2472 4533 2521 4564 ⁸⁸
2557 4531 2725 4586 Eccli.
2777 4548 2908 4589 xxx.
2965 4529 3052 4583 1‘2.

444 4598 491 4630 "°
522 4601 628 4660 (1L,
654 4603 817 4669 epist.
846 4604 909 4655 ad
932 4600 1189 4656 .lacob.c.
1220 4600 1271 4654 7.
1347 4602 1390 4630 '“
1422 4601 1620 4669 Ephes.
1645 4617 1721 4663 vt,
1745 4602 1806 4666 5;
1833 4599 1849 4651 Ι
1876 4599 1991 4655 Pet.
2027 4617 2089 4666 ιι,
2128 4605 2213 4657 18.

444 4669 562 4723 Col.
596 4685 679 4734 ιιι,
711 4671 782 4723 22

3160 4531 3205 4561 “
3229 4528 3393 4582 Prov.
3422 4544 3591 4589 nni,
3620 4531 3710 4581 20.

2318 4604 2363 4633 ⁷⁸
2386 4602 2505 4656 Col.
2540 4619 2614 4667 tv,
2646 4604 2707 4669 1',
2762 4600 2946 4656 l'l‘im.
2972 4616 3045 4665 v1,
3067 4600 3123 4655 2.
3235 4600 3283 4631 ⁷³
3309 4598 3511 4669 Ephes.
3549 4599 3710 4652 v1.6.

1772 4841 2137 4899 VARIORUM
2172 4841 2405 4900 NOTAE.

524 5001 635 5083 (Lg)
663 5002 880 5068 Οὕτως.
937 5002 1097 5059 Deest
1148 5002 1204 5056 in
1235 5002 1427 5065 altero,
1475 5014 1575 5054 nec
1617 5016 1747 5083 sane
1778 5015 1845 5054 eo
1874 5016 2012 5068 opus

338 5088 345 5092 '
444 5085 549 5132 est.
579 5072 747 5128 Cum.

515 5142 862 5215 (50)_'E£ﬁc.
897 5142 1046 5199 Alias
1071 5163 1083 5199 :
1108 5145 1277 5200 Πάλιν
1309 5144 1471 5212 σοφός
1498 5161 1578 5206 τις
1612 5142 1818 5213 ἕτερος,
1854 5154 2033 5215 recte;

443 5212 571 5271 nam
611 5212 988 5338 'Eicclesiastici
1038 5228 1229 5271 auctor
1272 5215 1363 5270 hic
1412 5212 1849 5277 laudatur,’non
1879 5212 2038 5269 Salo-

444 5304 596 5338 mon.
660 5300 717 5338 Ι)-

444 5304 596 5342 ιιιυιι.
636 5300 717 5339 ID.

513 5356 628 5427 (5i)
668 5355 937 5427 Δαρμοῖς.
967 5354 1051 5407 ΑΙ.
1093 5354 1385 5427 ι-πληγαῖς
1428 5357 1523 5409 καὶ
1582 5352 2035 5427 δαρμρῖςᾼίεδξμ

443 5424 649 5481 chius:
687 5424 1058 5498 Σπαράγμασι
1080 5442 1093 5455 ·
1127 5424 1367 5496 ξεσμοῖς,
1396 5424 2034 5498 ταραχαῖς,⁷ἀπο6ολαῖς,

441 5498 691 5570 δαρμοῖς.
716 5495 775 5570 S_.
808 5495 1389 5570 Masimus,_tlenturia
1420 5495 1579 5570 ἤρα
1596 5496 1877 5570 cliap'tate,
1910 5512 2034 5570 cap.

441 5562 563 5622 813'
581 5567 663 5620 Τά
694 5566 794 5637 τὴν
811 5567 1033 5636 ἀγάπην
1052 5566 1270 5630 λύοντα,
1294 5567 1400 5620 εἰσὶ
1422 5567 1597 5620 ταῦτα
1619 5584 1632 5596 ·
1662 5562 1795 5629 οἷον,
1817 5562 2035 5636 ἀτιμία,

443 5638 636 5709 ζημία,
679 5638 1033 5709 συκοφαντία,
1070 5638 1101 5707 ἢ
1130 5640 1219 5709 εἰς
1252 5638 1453 5704 πίστιν,
1479 5638 1513 5707 ἢ
1548 5640 1627 5701 είς
1653 5637 1786 5707 βίον,
1814 5638 2035 5709 δαρμοὶ,

446 5708 674 5778 πληγαὶ,
710 5708 802 5760 καὶ
832 5708 898 5765 τὰ
929 5707 1075 5778 ἑξῆς.
1112 5707 1248 5763 Cur.

2120 5143 2300 5216 ἄνεσιν
2330 5145 2513 5207 αὐτοῖς
2542 5145 2615 5216 μὴ

2334 5004 2637 5083 ’ἐμέτςρειτ
2659 5006 2810 5061 Alter
2824 5007 2953 5083 legit
2974 5006 3173 5083 melius
3192 5007 3495 5083 ἡμετέρας.
3534 5009 3710 5066 Cum.

2191 5072 2303 5141 (55)
2339 5072 2794 5141 Παραδιδόντες.
2848 5072 2994 5131 Idem
3050 5072 3247 5131 addit'f
3305 5072 3671 5134 θεόπνευστον
3695 5097 3710 5114 ο

2191 5158 2300 5194 εσιν
2330 5145 2513 5198 αὐτοῖς
2543 5145 2614 5198 μὴ
2646 5146 2897 5198 διδόντες.
2932 5144 3007 5198 lo.

2680 5162 2897 5208 ιοοντες.
2932 5162 3007 5201 ιιι.

2507 5214 2722 5283 μένων.
2756 5215 2902 5269 Idem
2934 5217 3095 5272 habet
3127 5218 3347 5284 γονέων.
3378 5215 3458 5275 In.

2326 5282 2844 5362 Πορνοκόίαλὶὲιτι
2858 5301 3000 5362 ιρι,
3017 5282 3341 5362 (ιιιῳιιιιιιειι
3374 5290 3522 5362 apud
3536 5289 3710 5362 Hesy-

3074 5359 3199 5411 abet
3253 5359 3389 5413 alter
3421 5359 3551 5415 cod.
3586 5359 3705 5413 νεα·

2124 5421 2373 5501 ζούσηςζ-
2401 5424 2548 5501 quod
2590 5426 2875 5501 _glo_ssema
2929 5421 3175 5491 redolet;
3217 5436 3276 5501 _et
3328 5446 3431 5501 pro
3462 5430 3565 5497 ἔθη
3594 5432 3711 5487 haec

2124 5493 2288 5564 verba
2322 5493 2447 5563 ἔθνη
2477 5494 2613 5546 αὑτά
2648 5496 2767 5564 μέν,
2802 5496 2985 5550 minus
3020 5504 3182 5552 recte.
3217 5497 3293 5552 In.

2198 5562 2309 5625 (56)
2340 5562 2513 5629 Πρός.
2548 5562 2726 5627 Εἰςήίιι
2755 5564 2927 5620 altero
2955 5581 3059 5621 ms.
3088 5568 3166 5620 In.

2193 5212 2303 5349 $56)
2335 5216 2509 5282 Γεινιι

2326 5286 2509 5349 [lepra

2122 5352 2305 5427 citium
2358 5361 2554 5427 exstat.
2606 5354 2714 5427 Pro
2751 5355 2979 5427 ζεούσης

2198 5632 2312 5700 (57)
2356 5634 2432 5706 ‘_I_I
2458 5636 2621 5706 aca0_0'.
2657 5634 2755 5692 Ms.
2802 5636 2940 5691 alter
2970 5631 3025 5706 ᾖ,
3059 5639 3238 5693 deleto
3289 5638 3444 5691 καθὸ.
3484 5639 3704 5698 Alteru-

2127 5710 2271 5756 trum
2303 5703 2520 5761 sullicit.
2557 5704 2632 5758 In.
