3876 6188
186 312 297 368 8‘25

723 427 1120 481 ΚΕΦΑΛΑΙΟΝ
1152 427 1249 482 II".

200 522 308 577 Ἑν
363 525 529 575 τίσιν
582 519 1042 643 ῠποτάσΞεσθαι
1113 518 1228 589 χρὴ
1281 517 1405 585 τοῖς
1467 522 1778 591 κοσμικοῑς

278 604 281 607 '
868 607 1141 643 ογουσιν.

278 604 281 607 '
826 604 1141 659 αρχουσιν.

261 694 419 764 [Ιάσῃ
477 691 723 763 βασιλείᾳ
768 690 864 744 καὶ
914 692 1057 763 ἀρχῇ
1114 690 1423 761 ὑποτάγητε
1470 692 1528 745 ὲν
1554 687 1635 756 οἷς
1665 691 1775 764 (58)

185 787 417 858 ἀρέσκει
444 784 584 855 Θεῷ,
634 784 710 847 ὡς
739 782 873 836 Θεοῦ
928 782 1227 847 διακόνοις,
1279 783 1518 836 καὶτῶν
1566 783 1777 838 ἀσεϐῶν

184 880 455 949 τιμωροῖς
478 894 491 907 ο
527 876 706 929 πάντα
735 875 897 945 φόϐον
936 876 1026 929 τὸν
1054 876 1401 947 ὀφειλόμενον
1429 878 1613 940 αὐτοῖς
1642 878 1779 930 ἁπο-

188 969 541 1041 τεληρώσατε,
567 971 745 1024 πᾶσαν
766 968 1046 1041 εἰσφορὰν,
1068 971 1176 1024 πᾶν
1207 970 1379 1034 τέλος,
1395 973 1573 1024 πᾶσαν
1591 970 1777 1041 τιμὴν,

184 1063 359 1125 δόσιν,
390 1062 609 1131 κῆνσον.
668 1061 803 1114 Θεοῦ
831 1061 940 1132 γάρ
966 1061 1125 1114 τοῦτο
1178 1062 1469 1135 διάταγμα,
1507 1063 1693 1134 μηδενί
1726 1080 1778 1116 τι

188 1157 520 1223 χρεωστεῖν,
562 1155 611 1207 εί
660 1154 734 1224 μὴ
763 1154 823 1206 τὸ
852 1154 953 1223 τῆς
982 1152 1164 1223 φιλίας
1211 1153 1476 1225 σύμϐολον
1523 1154 1664 1225 (59),
1696 1154 1724 1207 ὃ
1750 1155 1778 1207 ὁ

187 1246 323 1309 Θεὸς
353 1244 635 1310 διετάξατο
664 1244 753 1298 διὰ
779 1244 1038 1317 Χριστοῦ.

653 1346 1123 1400 ΚΕΦΑΛΑΙΟΝ
1167 1348 1270 1399 ΙΔ’.

721 1438 859 1507 Περὶ
888 1437 1213 1507 παρθένων.

262 1532 403 1602 Περὶ
430 1530 489 1583 δὲ
517 1530 812 1602 παρθενίας
872 1530 1092 1602 ἐντολὴν
1144 1532 1245 1584 οὐκ
1299 1529 1595 1601 ἐλάϐομεν,
1626 1534 1693 1603 τῇ
1722 1531 1779 1584 δὲ

189 1624 303 1677 τῶν
361 1622 702 1694 βουλομένων
757 1624 973 1694 ἐξουσίᾳ
1026 1624 1185 1676 τοῦτο
1239 1624 1647 1695 ὲπιτρέπομεν’
1704 1624 1781 1688 ὡς

189 1718 362 1788 εὐχήν
387 1734 401 1746 ·
433 1719 609 1771 ἐκεῖνο
641 1717 740 1788 μὲν
765 1714 858 1770 οῦν
907 1716 1018 1787 (60)
1048 1717 1233 1779 αὐτοῖς
1260 1716 1671 1787 παραινοῦντες,
1704 1716 1777 1787 μὴ

189 1810 505 1881 προχείρως
552 1827 605 1862 τι
663 1809 1129 1879 ὲαιταγγειλασθαι⁹
1170 1810 1473 1881 ἐπείπελό
1530 1808 1778 1879 Σολομῶν

190 1919 362 1973 φησιν
388 1920 400 1933 ·
464 1922 483 1954 ι
536 1901 762 1971 Ἀγαθὸν
793 1902 854 1954 τὸ
886 1901 960 1973 μὴ
1018 1899 1299 1965 εῦξασθαι,
1330 1900 1364 1971 ἢ
1408 1897 1473 1953 τὸ
1498 1898 1776 1966 εὔξασθαι,

190 1994 293 2047 καὶ
324 1994 400 2065 μὴ
453 1993 799 2047 ἀποδοῦναι.»
872 1994 937 2046 Ἦ
992 1993 1263 2064 παρθένος
1318 1992 1412 2048 οῦν
1468 1994 1605 2065 αῦτη
1637 1994 1779 2049 ἔστω

193 2088 329 2155 ἁγία
361 2085 571 2159 σώματι
600 2087 693 2140 καὶ
720 2086 888 2158 ψυχῇ,
918 2086 994 2150 ὡς
1022 2087 1148 2150 ναὸς
1177 2086 1332 2151 Θεοῦ,
1364 2087 1441 2151 ὡς
1466 2082 1615 2151 οἶκος
1641 2090 1777 2159 Χρι-

194 2179 351 2241 στοῦ,
382 2180 459 2242 ὡς
490 2179 807 2250 Πνεῦματος
828 2179 984 2246 ἁγίου
1016 2179 1127 2249 (61)
1160 2178 1524 2247 καταγώγιον.
1556 2182 1647 2231 Δεῖ
1672 2180 1781 2251 γὰρ

193 2273 298 2342 τὴν
329 2271 825 2343 ὲπαγγειλαμένην,
857 2269 982 2337 ἄξια
1009 2270 1111 2339 τῆς
1138 2270 1469 2338 ἐπαγγελίας
1498 2271 1633 2342 ἔργα
1666 2272 1781 2324 δια-

195 2364 612 2435 πρασσομένην,
664 2362 933 2416 δεικνύειν
976 2362 1037 2415 τὸ
1096 2362 1420 2433 ἐπάγγελμα
1470 2364 1661 2432 αὐτῆς,
1700 2364 1782 2417 ὅτι

194 2457 347 2509 ἐστὶν
376 2456 602 2527 ἀληθὲς,
654 2456 748 2509 καὶ
791 2453 881 2508 διὰ
939 2453 1133 2525 σχολὴν
1178 2454 1478 2517 εὐσεϐείας,
1526 2455 1588 2507 οὐ
1642 2456 1781 2508 κατὰ

192 2558 450 2630 διαϐολὴν
476 2557 656 2629 γάμου
683 2555 1002 2627 γενόμενον.
1037 2554 1218 2606 Ἔστω
1246 2554 1303 2607 δὲ
1328 2556 1403 2626 μὴ
1427 2554 1778 2626 ρεμϐἁςῌίὶ),

198 2650 336 2722 μηδὲ
365 2648 957 2722 ἁκαιροπεριπάτητος,
990 2646 1064 2718 μὴ
1092 2645 1389 2716 δίγνωμος’
1426 2645 1558 2698 ἀλλὰ
1589 2647 1779 2718 σεμνὴ,

195 2744 495 2814 ἐγκρατὴς,
521 2741 775 2813 σώφρων,
808 2739 970 2811 ἁγνὴ,
1006 2739 1283 2807 φεύγουσα
1310 2738 1410 2801 τὰς
1438 2738 1544 2792 τῶν
1572 2739 1781 2793 πολλῶν

200 2834 514 2905 συντυχίας,
546 2836 642 2887 nat
673 2833 905 2905 μάλιστα
922 2830 1030 2885 τῶν
1057 2830 1308 2902 ἀσέμνων
1340 2830 1469 2902 (63).

1109 309 1713 368 CONSTITUTIONES
1744 310 2426 371 APOSTOLICJE.—LIB.
2467 312 2530 369 V.

1808 434 1855 491 Δ

3345 322 3452 377 826

2470 427 2701 483 CAPUT
2740 427 2873 485 XIII.

1882 519 1947 574 In
1971 519 2159 590 quibus
2209 528 2447 587 oporteat
2502 520 2693 589 subjici
2726 522 3071 577 stecularibus
3098 526 3450 595 principibus.

1948 610 2217 667 Omnibus
2277 612 2500 683 regibus
2540 628 2605 667 ac
2649 615 3012 684 principibus,
3043 616 3097 670 in
3137 618 3301 674 rebus
3331 636 3455 689 qua!

1877 706 2094 774 placent
2141 703 2284 769 Deo,
2342 704 2578 774 subjecti
2624 714 2821 770 estote,
2874 714 3130 778 tanquam
3185 710 3456 768 ministris

1879 799 1996 863 Dei,
2026 806 2081 853 et
2109 798 2455 869 punitorihus
2484 798 2777 868 impiorum
2805 800 2880 855 ’δε
2912 802 3166 857 exhibete
3195 803 3303 859 illis
3334 819 3451 859 om-

1879 906 2004 945 nem
2035 889 2277 945 debitum
2307 891 2583 956 timorem,
2612 906 2775 946 omne
2804 894 3057 964 vectigal,
3090 910 3253 950 omne
3276 897 3453 951 tribu-

1879 990 2015 1047 tum,
2050 996 2264 1037 omnem
2294 983 2578 1049 honorem,
2609 984 2981 1054 collationem,
3030 1002 3278 1043 censum.
3337 988 3453 1045 Hoc

1877 1074 2025 1129 enim
2055 1080 2141 1129 est
2175 1072 2267 1128 Dei
2296 1075 2634 1142 mandatum,
2666 1077 2868 1132 nemini
2906 1078 3202 1149 quidquam
3231 1079 3452 1139 debere.

1879 1165 1986 1221 nisi
2014 1166 2272 1221 amicitia:
2300 1174 2589 1230 tesseram,
2642 1185 2809 1239 quam
2857 1170 3001 1227 Deus
3028 1187 3125 1241 per
3170 1173 3450 1230 Christum

1879 1259 2184 1314 constituit.

2409 1352 2675 1408 CAPUT
2735 1353 2888 1409 XIV.

2460 1445 2540 1500 De
2567 1445 2873 1516 virginibus.

1949 1540 2023 1594 De
2040 1539 2349 1609 virginitate
2366 1546 2548 1594 autem
2578 1537 2890 1591 mandatum
2924 1550 3030 1588 non
3056 1532 3452 1603 accepimus",

1879 1629 1976 1684 sed
2023 1645 2135 1683 rem
2182 1629 2477 1683 volentium
2530 1628 2787 1699 potestati
2822 1626 3205 1697 permittimus,
3247 1632 3307 1677 ut
3356 1638 3455 1675 vo-

1880 1731 2034 1787 tum;
2071 1722 2199 1776 illud
2235 1731 2414 1777 tamen
2451 1722 2517 1776 iis
2547 1720 2861 1783 suadentes,
2898 1734 2963 1771 ne
2995 1715 3124 1786 quid
3153 1729 3456 1786 properan-

1884 1819 1968 1864 ter
2004 1827 2067 1864 ae
2098 1821 2301 1866 temere
2332 1812 2684 1881 promittant:
2719 1806 3159 1879 quandoquidem
3194 1804 3457 1859 Salomon

1884 1901 1992 1954 ait:
2031 1920 2049 1952 ι
2090 1900 2283 1958 Melius
2312 1912 2532 1958 estnon
2578 1918 2799 1968 vovere,
2841 1917 3004 1970 quam
3038 1914 3233 1956 vovere
3261 1907 3314 1951 et
3349 1912 3458 1950 non

1884 1997 2111 2053 reddere
2138 1995 2227 2049 7".
2260 2014 2277 2046 ι
2318 1993 2400 2049 Sit
2432 1996 2597 2067 igitur
2622 1994 2776 2065 virgo
2799 2002 2987 2048 sancta
3018 2006 3247 2062 corpore
3275 1999 3327 2045 et
3345 1987 3464 2043 ani-

1885 2104 2002 2154 ma,
2037 2097 2096 2141 ut
2127 2088 2387 2157 templum
2421 2086 2537 2150 Dei,
2573 2095 2631 2140 ut
2654 2088 2849 2142 domus
2877 2087 3103 2155 Christi,
3137 2098 3194 2141 ut
3220 2085 3459 2158 Spiritus

1886 2181 2065 2236 sancti
2101 2181 2312 2235 mansio
2336 2181 2403 2235 ⁷⁶.
2458 2178 2684 2249 Oportet
2735 2180 2881 2234 enim
2912 2195 3033 2234 eam
3066 2195 3187 2249 quae
3210 2179 3459 2249 professa

1884 2282 1991 2339 est,
2025 2273 2219 2345 dignas
2243 2273 2589 2343 professione
2631 2274 2878 2328 actiones
2914 2272 3222 2328 exercendo
3268 2280 3459 2328 osten-

1886 2368 2036 2432 dere,
2069 2383 2256 2422 verum
2280 2382 2403 2421 esse
2433 2366 2763 2435 promissum
2795 2382 2978 2428 suum,
3030 2372 3083 2420 et
3130 2366 3313 2420 studio
3344 2366 3462 2435 pie-

1885 2460 2034 2524 tatis,
2065 2476 2175 2515 non
2206 2467 2388 2514 autem
2422 2462 2477 2513 in
2511 2459 2965 2513 obtrectationem
3013 2459 3348 2512 matrimonii
3375 2458 3458 2513 ia-

1886 2562 2058 2611 ctum.
2089 2554 2131 2586 ⁷⁷
2160 2552 2245 2606 Sit
2269 2553 2433 2607 etiam
2481 2569 2591 2607 non
2643 2567 2803 2622 vaga,
2859 2567 3040 2621 neque
3080 2552 3463 2621 intempestive

1887 2645 2271 2709 obambulans,
2304 2660 2414 2700 non
2445 2645 2705 2715 ancipitis
2736 2644 2931 2711 animi;
2972 2643 3066 2699 sed
3093 2645 3298 2714 gravis,
3328 2660 3464 2698 con-

1889 2740 2092 2803 tinens,
2142 2745 2462 2808 temperata,
2495 2738 2717 2808 pudica,
2773 2736 2989 2807 fugiens
3035 2737 3307 2808 colloquia
3336 2752 3463 2791 eum

1890 2833 2099 2896 multis,
2132 2831 2545 2902 praesertimque
2574 2846 2698 2885 cum
2731 2829 3057 2886 inhonestis.

272 2972 320 3003 “
361 2970 551 3027 lPetr.
582 2986 644 3031 ιι,
676 2969 775 3035 l5;
822 2967 933 3022 Tit.
960 2981 1044 3031 nl,
1078 2966 1102 3020 l
1129 2985 1144 3035 ;
1174 2963 1332 3022 Rom.
1362 2983 1486 3034 xm,
1520 2969 1570 3023 l.
1646 2970 1695 3001 "'
1725 2968 1745 3023 I
1770 2970 1898 3027 Cor.
1932 2985 2031 3036 vn,
2061 2969 2159 3029 25.
2204 2960 2596 3031 "‘Eccle.v,4-
2641 2967 2688 2999 ⁷⁸
2718 2968 2738 3022 I
2769 2965 2896 3021 Cor.
2921 2982 3017 3031 vn,
3040 2965 3129 3020 54.
3204 2965 3250 2998 ⁷⁷
3288 2962 3462 3036 Ignat.

197 3044 459 3114 iuterpol.
488 3042 555 3095 ad
583 3040 800 3094 Philad.
824 3039 879 3094 4.

1502 3128 1868 3187 VARIORUM
1904 3106 2143 3187 Num:

296 3270 386 3334 58)
430 3271 531 3326 Ἐν
550 3262 664 3334 οἷς.
695 3268 847 3323 Alter
867 3265 991 3322 cod.
1027 3266 1207 3331 καθώς
1258 3267 1427 3323 Cum.

296 3338 387 3408 59)
418 3341 747 3408 Σύμϐολον.
780 3338 938 3392 Deest
984 3338 1039 3391 in
1071 3339 1242 3391 altero
1271 3338 1490 3403 codice,
1517 3354 1617 3392 nec
1640 3339 1776 3395 satis

199 3430 253 3467 in
284 3408 440 3465 hunc
498 3414 679 3479 locum,
725 3408 958 3479 quadrat
1013 3409 1265 3461 amicitia:
1323 3416 1548 3479 tessera.
1576 3410 1649 3461 Τὸ
1675 3409 1778 3479 τῆς

198 3480 384 3551 φιλίας
414 3487 557 3551 recte
578 3478 685 3551 dici
719 3485 881 3551 queat
910 3478 957 3532 si
988 3479 1286 3533 subaudias
1310 3478 1490 3549 χρέος,
1514 3477 1774 3543 debitum,

198 3548 265 3607 ex
299 3549 772 3604 antecedentibus.
808 3548 885 3603 Io.

273 3620 385 3691 (60)
424 3619 552 3673 Μὲν
594 3618 726 3691 οὖν.
786 3617 1082 3691 Antiquior
1119 3618 1244 3691 cod.
1295 3617 1478 3691 μονον,
1538 3619 1767 3686 rectius,

198 3700 261 3746 ut
284 3687 551 3745 videtur:
586 3688 639 3742 id
663 3698 871 3742 tantum
901 3688 966 3743 iis
989 3687 1307 3744 suadentes;
1328 3690 1406 3745 lo.

379 3990 729 4044 ΚΕΦΑΛΑῘΑ
766 3988 902 4042 ΤΟΥ
938 3987 1275 4041 ΠΕΜΠΤΟΥ
1312 3986 1601 4040 ΒΙΒΛΙΟΥ.

196 4108 273 4164 a'.
316 4109 439 4160 Ὅτι
473 4104 597 4170 τοῖς
633 4103 730 4157 διὰ
755 4102 1011 4171 Χριστὸν
1037 4100 1405 4169 θλιϐομένοις
1457 4099 1616 4168 παρὰ
1644 4100 1779 4154 ἀπί-

272 4215 457 4260 στων,
486 4196 716 4249 δίκαιον
742 4193 866 4260 τοῖς
892 4192 1127 4257 πιστοῖς
1155 4191 1219 4264 [ἶ.
1238 4191 1380 4257 τοὺς
1407 4190 1683 4262 πιστοὺς]
1714 4190 1785 4244 τὰ

274 4290 494 4345 δέοντα
510 4286 810 4355 παρέχειν,
826 4284 975 4339 κατὰ
998 4283 1112 4353 τὴν
1130 4284 1235 4337 τοῦ
1249 4283 1472 4351 Κιιρίου
1492 4280 1780 4345 διάταξιν.

194 4384 279 4449 β’.
324 4384 445 4435 Ὅτι
496 4378 788 4449 φευκτέον
826 4376 938 4445 τῆς
980 4376 1045 4448 [1⁵.
1081 4373 1210 4448 τὰς]
1242 4375 1391 4443 πρὸς
1426 4373 1568 4439 τοὺς
1595 4371 1782 4441 ψευδ-

1806 3274 1849 3332 ⁸
1954 3269 2064 3411 $23

2116 3271 2334 3340 Ἀγίου.
2365 3270 2535 3325 Abest
2571 3268 2625 3322 in
2655 3266 2966 3340 antiquiore
2991 3266 3113 3321 cod.
3148 3266 3221 3324 In.

2117 3337 2380 3411 Ῥεμϐάς.
2410 3341 2561 3395 Alter
2610 3338 2802 3411 eodex_
2832 3337 3178 3411 φιλοκοσμος,
3221 3352 3342 3411 qmc
3372 3353 3469 3392 vo-

1882 3408 1996 3480 ces,
2023 3408 2147 3465 cum
2172 3408 2348 3480 neque
2377 3425 2534 3471 sono,
2564 3423 2739 3480 neque
2760 3408 3069 3480 signiﬁcatu
3097 3409 3465 3480 consentiant,

1883 3479 2030 3535 forte
2058 3490 2186 3535 sunt
2214 3476 2318 3535 una
2346 3476 2716 3545 admittendie,
2756 3476 2860 3533 hoc
2890 3476 3052 3531 modo
3077 3494 3090 3529 :
3114 3476 3205 3547 Μὴ
3236 3477 3466 3548 ῥεμϐὰς,

1884 3550 2234 3620 φιλόκοσμος.
2269 3549 2347 3606 In.

1950 3620 2063 3689 (65)
2110 3617 2189 3675 Ad
2229 3622 2431 3675 calcem
2468 3620 2590 3674 libri
2629 3617 2871 3689 additum
2894 3626 2994 3689 est
3027 3617 3080 3671 in
3104 3617 3277 3673 altero
3315 3618 3466 3683 cod.,

1882 3692 2011 3761 περὶ
2046 3688 2308 3762 ὀρφανῶν
2337 3690 2630 3763 ἐπληρώθη
2653 3688 2856 3760 βιϐλίον
2886 3688 2946 3741 δ’.
2979 3688 3055 3743 In.

2289 3987 2543 4044 CAPITA
2583 3987 2765 4042 LIBRI
2806 3985 3068 4053 QUINTI.

1892 4104 1933 4160 Ι.
1974 4103 2127 4170 Quod
2154 4104 2243 4168 iis,
2271 4103 2361 4173 qui
2386 4112 2597 4172 propter
2626 4101 2895 4157 Christum
2925 4100 2989 4154 ab
3012 4100 3311 4168 inﬁdelibus
3336 4103 3464 4173 σηιίη

1960 4208 2178 4268 guntur,
2204 4214 2410 4267 a‘quum
2439 4197 2510 4251 sit
2548 4204 2606 4248 ut
2633 4194 2814 4265 ﬁdeles
2837 4195 3136 4249 necessaria
3176 4194 3471 4265 prwbeant,

1963 4289 2248 4345 secundum
2281 4288 2496 4342 Domini
2516 4288 2967 4342 constitutionem.

1893 4381 1956 4438 ll.
2002 4382 2156 4449 Quod
2178 4380 2429 4450 fugienda
2451 4381 2520 4433 sit
2542 4396 2660 4431 cum
2674 4379 2834 4448 falsis
2849 4377 3106 4447 fratribus
3124 4380 3469 4445 consuetudo,

273 4473 581 4543 αδέλςρους
614 4470 971 4535 συνουσίας,
1011 4467 1157 4522 ὅταν
1187 4466 1510 4536 ἐπιμένωσι
1534 4464 1611 4534 τῇ
1639 4480 1781 4534 φαυ-

1963 4474 2088 4529 dum
2117 4476 2171 4528 in
2200 4474 2408 4527 malitia
2438 4481 2790 4542 perseverant.

274 4567 506 4634 λότητι.

201 4660 272 4730 γ’.
319 4659 442 4711 Ὅτι
466 4656 592 4723 τοῖς
612 4656 709 4710 διὰ
734 4654 993 4724 Χριστὸν
1020 4652 1449 4723 πορθουμένοις
1468 4652 1584 4721 χρὴ
1621 4650 1790 4721 χεῷα

276 4749 528 4819 ὀρέγειν,
557 4748 673 4802 κᾶν
698 4747 981 4813 κίνδυνος
1009 4745 1189 4814 παρῇ.

200 4848 251 4901 δ’
259 4890 273 4902 .
319 4848 441 4899 Ὅτι
468 4842 715 4913 φρικτὸν
740 4840 839 4895 καὶ
867 4839 1168 4921 ολέθριον,
1199 4837 1263 4892 τὸ
1313 4836 1624 4906 ἀρνεῖσθαι
1652 4838 1786 4904 Χρι-

274 4938 448 4993 στόν.

198 5038 267 5087 ε’.
312 5031 433 5081 ’Ότι
473 5024 760 5097 μιμητέον
802 5024 1059 5093 Χριστὸν
1111 5022 1181 5075 ἐν
1233 5021 1315 5088 τῷ
1350 5021 1640 5091 πάσχειν,
1690 5022 1789 5076 καὶ

275 5118 570 5187 ζηλωτέον
594 5116 711 5185 τὴν
735 5115 921 5169 αὐτοῦ
950 5114 1282 5183 ὑπομονήν.

202 5221 283 5281 ς’,
302 5215 423 5265 Ὀτι
442 5208 558 5279 χρὴ
587 5208 692 5263 τὸν
710 5206 927 5261 πιστὸν
940 5205 1091 5276 μήτε
1101 5206 1539 5275 ῥιψοκίνδυνον
1548 5207 1698 5260 εἶναι
1712 5207 1770 5260 δι
1784 5214 1801 5237 ’

273 5303 638 5373 ἀσφάλειαν,
664 5300 816 5371 μήτε
860 5298 1100 5368 περιδεῆ
1146 5298 1220 5352 δι’
1249 5299 1604 5366 ἀνανδρίαν⁹
1628 5299 1791 5353 ἀλλὰ

275 5397 375 5451 καὶ
402 5396 643 5465 φεύγειν
657 5393 732 5447 δι’
750 5392 1085 5456 εὐλάϐειαν,
1116 5390 1214 5446 καὶ
1241 5391 1601 5460 ἐμπεσόντα,
1644 5390 1792 5460 ἀγω-

274 5488 535 5551 νίζεσθαι
562 5487 659 5541 διὰ
686 5486 792 5541 τὸν
817 5484 1214 5553 ἀποκείμενον
1231 5484 1555 5551 στέφανον.

201 5582 271 5644 ζ’.
314 5580 457 5650 Περὶ
508 5577 895 5645 ἀναστάσεως
946 5574 1281 5642 ἀποδείξεις
1327 5573 1594 5643 διάφοροι
1615 5590 1629 5603 ο
1660 5572 1793 5643 περὶ

277 5675 577 5739 Σιϐύλλης
598 5689 612 5702 ⁸
662 5670 759 5726 καὶ
796 5671 851 5725 τί
881 5673 933 5726 οἱ
964 5668 1205 5725 Στωϊκοὶ
1228 5666 1361 5737 περὶ
1390 5667 1497 5723 τοῦ
1526 5666 1793 5739 φοίνικος

279 5766 382 5822 τοῦ
411 5764 639 5833 ὀρνέου.

1889 4657 1977 4713 Ill.
2017 4656 2169 4723 Quod
2195 4664 2407 4723 propter
2432 4652 2701 4708 Christum
2736 4652 2996 4721 oppressis
3024 4660 3225 4720 oportet
3250 4670 3467 4708 manum

1961 4750 2276 4819 adjntricem
2320 4748 2616 4816 porrigere,
2666 4747 2905 4817 quamvis
2955 4746 3097 4799 adsit
3151 4746 3465 4815 periculum,

1890 4842 1979 4898 IV.
2022 4842 2175 4910 Quod
2230 4840 2550 4895 horrendum
2585 4857 2647 4894 ac
2694 4838 2911 4895 exitiale
2955 4840 3025 4894 sit
3075 4855 3265 4902 neqare
3306 4838 3467 4893 Chri-

1960 4923 2123 4969 stum.

1890 5004 1956 5062 V.
1999 5005 2153 5072 Quod
2189 5006 2392 5059 imitari
2426 5011 2663 5073 oporteat
2693 5000 2966 5057 Christum
3011 5001 3067 5055 in
3100 5001 3372 5071 patiendo,
3418 5012 3467 5067 et

1958 5100 2203 5153 wmulari
2237 5098 2383 5152 illius
2409 5098 2763 5151 tolerantiam.

1894 5191 1980 5247 VI.
2024 5191 2176 5259 Quod
2198 5191 2340 5245 decet
2366 5189 2573 5259 fidelem
2604 5206 2765 5259 neque
2796 5188 3132 5243 temerarium
3180 5202 3292 5240 esse
3346 5201 3469 5253 pro-

1961 5296 2075 5356 pter
2118 5286 2473 5347 securitatem,
2498 5298 2658 5352 neque
2688 5280 3052 5335 meticulosum
3073 5287 3283 5346 propter
3318 5277 3471 5345 igna-

1962 5377 2238 5434 viam:sed
2255 5376 2431 5447 fugere
2452 5385 2663 5445 propter
2677 5374 2973 5427 cautionem
2991 5388 3009 5435 ;
3028 5379 3077 5424 et
3106 5385 3224 5422 cum
3248 5369 3300 5421 in
3330 5368 3469 5435 peri-

1964 5473 2141 5528 culum
2172 5470 2437 5532 inciderit,
2469 5469 2736 5523 decertare
2770 5465 2831 5519 ob
2876 5464 3158 5533 repositam
3194 5476 3465 5514 coronam.

1897 5566 2006 5624 VII.
2074 5565 2152 5620 De
2210 5563 2592 5619 resurrectione
2642 5559 2803 5614 varia:
2849 5554 3360 5618 demonstrationes;
3404 5550 3470 5611 ἀι

1965 5660 2195 5733 sibylla;
2230 5668 2277 5714 et
2310 5655 2436 5731 quid
2472 5654 2627 5711 stoici
2657 5652 2720 5705 de
2739 5649 2971 5721 pltoruice
2992 5661 3103 5703 ave.
