3876 6188
437 244 549 299 823

1291 244 1349 301 S.
1391 243 1786 299 CLEMENHS
1841 244 1861 297 l
1896 242 2067 299 ROM.
2104 242 2309 299 PONT.
2349 241 2578 301 OPERA
2614 242 2842 301 DUBIA.

3622 248 3734 304 εει

437 355 517 409 sic
533 353 1077 409 enimtibieritbonze
1101 355 1386 425 spei.Nam
1408 365 1464 411 tu
1489 356 1708 427 quidem
1733 358 1883 427 virga
1899 373 2022 426 per-

2134 357 2240 410 Ξευε
2270 358 2382 412 υίόν
2415 376 2531 421 σου,
2550 359 2643 414 καί
2671 357 2977 412 ἀναπαύσει
3012 375 3091 412 σε’
3124 359 3268 414 οὕτω
3297 360 3408 431 γάρ
3437 359 3608 415 ἔσται
3646 380 3733 416 σοι

435 446 609 503 cuties
636 462 797 513 eum;
822 446 1064 501 animum
1088 455 1270 502 autem
1299 448 1419 517 ejus
1448 464 1479 504 e
1512 456 1688 505 morte
1715 448 1957 504 erues“.
1988 467 2007 502 ι

438 535 503 590 Et
552 538 747 592 iterum
805 538 947 594 idem
995 539 1101 594 hoc
1153 540 1314 595 modo
1370 540 1649 611 loquitur:
1689 560 1706 591 ‹
1736 539 1839 606 Qui
1886 556 2015 610 par-

437 630 510 683 cit
532 631 729 685 baculo
780 647 906 695 suo,
939 631 1056 687 odit
1108 632 1278 688 ﬁlium
1338 650 1498 688 suum
1551 633 1651 691 ⁸⁷.»
1698 632 1764 689 Et
1790 633 2009 691 adhuc:

440 719 667 777 «Tunde
696 724 869 778 latera
893 726 1036 794 ejus,
1063 726 1192 781 dum
1232 725 1416 780 infans
1439 733 1557 792 est,
1586 741 1657 780 ne
1680 725 1819 780 forte
1854 725 2015 780 indu-

436 822 589 870 ratus
619 831 727 869 non
772 816 959 871 credat
999 818 1097 871 tibi
1153 817 1252 871 ⁸⁸.»
1289 816 1392 883 Qui
1446 834 1579 887 ergo
1625 816 1919 873 admonere
1962 825 2017 871 et

436 908 710 979 castigare
764 908 930 962 ﬁlium
980 925 1140 963 suum
1186 909 1412 972 desinit,
1440 910 1718 979 propriam
1770 909 2014 964 sobolem

435 999 564 1055 odio
608 1001 789 1055 habet.
838 1001 1017 1067 Quare
1076 1003 1215 1057 lilios
1257 1011 1470 1057 vestros
1520 1002 1747 1057 edocete
1789 1002 2013 1056 verbum

439 1091 690 1159 Domini;
725 1095 854 1162 quin
891 1101 945 1149 et
974 1095 1299 1149 verberibus
1355 1095 1729 1163 comprimite,
1793 1110 1857 1150 ac
1888 1095 2018 1149 obc-

2116 449 2352 515 εῦελπις.
2396 451 2468 504 Σὺ
2520 451 2619 520 μὲν
2646 451 2757 521 γάρ
2798 450 2978 523 ῥάϐδῳ
3006 451 3267 516 πατάξεις
3311 454 3508 514 αὐτὸν,
3541 455 3651 526 τὴν
3677 455 3733 508 δὲ

2115 541 2291 612 ψυχὴν
2333 541 2497 596 αὐτοῦ
2532 542 2669 613 ρύση
2698 544 2764 595 ὲκ
2810 542 3096 596 θανάτου.»
3148 545 3257 598 Καὶ
3296 546 3459 598 πάλιν
3515 546 3678 614 λέγει
3708 548 3735 599 0

2116 633 2277 696 αὐτὸς
2297 633 2469 697 οὓτως
2484 636 2613 703 (Ml)-
2637 654 2653 683 ι
2673 637 2768 697 Ὃς
2790 634 3031 703 φείδεται
3048 636 3146 705 τῆς
3166 636 3362 691 ἑαυτοῦ
3387 637 3733 708 βακτηρίας,

2121 729 2268 796 μισεῖ
2293 726 2382 779 τὸν
2404 726 2596 779 ἑαυτοῦ
2628 727 2796 779 υἱόν.)
2831 728 2941 781 Καὶ
2969 726 3098 798 ἑξῆς
3126 728 3239 799 (50)
3267 746 3281 759 ·
3318 750 3335 782 ι
3368 730 3601 783 Κλάσον
3631 730 3735 791 τὰς

2119 818 2563 889 πὴυράςαὺτοῦ,
2594 819 2698 882 ἕως
2719 819 2835 873 ἐστὶ
2864 821 3057 891 νήπιος
3076 862 3090 887 ,
3118 822 3326 891 μήποτε
3358 821 3499 891 σκλη
3511 821 3734 891 ρυνθεὶς

2118 911 2389 982 ἀπειθήσῃ
2420 927 2558 963 σοι.»
2602 912 2699 974 ⁸ος
2730 912 2971 981 φείδεται
3010 909 3105 966 οὖν
3141 916 3426 983 παραινεῖν
3455 914 3587 966 ’καὶ
3619 929 3732 965 σω-

2120 1003 2391 1073 φρονίζειν
2434 1003 2528 1055 τὸν
2580 1002 2775 1056 ἑαυτοῦ
2833 1003 2977 1066 υἱὸν,
3026 1007 3173 1074 μισεῖ
3217 1004 3311 1059 τὸν
3360 1004 3499 1057 ἴδιον
3532 1004 3710 1056 παῖδα

2134 1094 2505 1151 Ἐκδιδάσκετε
2534 1090 2628 1149 οὖν
2656 1094 2811 1166 ὑμῶν
2839 1094 2909 1147 τά
2936 1096 3103 1150 τέκνα
3128 1095 3219 1148 τὸν
3262 1095 3422 1163 λόγον
3454 1096 3683 1167 Κυρίου
3713 1113 3724 1125 '

438 1184 652 1240 dientes
678 1186 1066 1255 subjectosque
1096 1186 1343 1242 reddite:
1366 1187 1433 1239 ab
1458 1186 1683 1240 infantia
1710 1187 1901 1241 docete
1923 1200 2017 1241 eos

2134 1186 2351 1254 ττύφετε
2380 1186 2437 1239 δὲ
2473 1188 2612 1241 αὐτά
2641 1187 2736 1240 καὶ
2762 1187 2989 1257 δαρμοίς
3012 1186 3249 1257 (51)»καὶ
3277 1191 3486 1240 ποιεῖτε
3520 1189 3732 1240 ὑποτα-

438 1278 651 1333 litteras
683 1293 893 1340 sacras,
928 1294 1025 1333 seu
1074 1291 1287 1337 vestras
1326 1294 1390 1334 ac
1448 1278 1685 1342 divinas,
1716 1287 1772 1335 et
1800 1294 2017 1334 onmem

2134 1278 2319 1332 ιιτικά·
2353 1279 2461 1331 ἀπὸ
2510 1277 2743 1349 βρέφους
2798 1279 3144 1342 διδάσκοντες
3190 1278 3330 1333 αὐτὰ
3366 1278 3487 1349 ἱερά
3538 1280 3730 1350 γράμ-

437 1369 678 1424 divinam
711 1369 1054 1438 Scripturam
1086 1370 1322 1434 tradite;
1377 1387 1479 1425 nec
1519 1371 1661 1429 detis
1711 1371 1820 1426 illis
1848 1370 2018 1426 licen-

2134 1389 2290 1440 ματα,
2319 1371 2559 1442 ὑμέτερά
2594 1372 2707 1441 (52)
2741 1389 2799 1427 τε
2830 1373 2922 1426 καὶ
2952 1371 3089 1433 θεῖα,
3120 1372 3216 1424 καὶ
3260 1372 3442 1423 πᾶσαν
3491 1372 3732 1442 Γραφὴν

436 1465 590 1525 tiam,
626 1479 733 1533 qua
765 1472 960 1518 contra
1015 1474 1253 1519 vestram
1313 1465 1649 1518 voluntatem
1700 1464 1805 1520 sibi
1839 1464 1893 1518 in
1922 1480 2020 1518 vos

2134 1465 2270 1518 isiav
2300 1465 2684 1535 παραδιδόντες
2733 1465 2844 1534 (55)
2872 1482 2883 1494 ·
2929 1465 3002 1535 μὴ
3032 1464 3264 1527 διδόντες
3292 1465 3477 1519 ἄνεσιν
3510 1466 3730 1527 αὺτοῖς,

438 1562 762 1623 potestatem
796 1563 1077 1625 arrogent.
1110 1555 1187 1610 Ne
1241 1556 1572 1627 permittatis
1602 1557 1683 1610 eis
1708 1564 1766 1609 ut
1803 1556 2022 1627 symbo-

2134 1557 2559 1623 ιατεξουσιάζειν
2616 1557 2770 1628 ὑμῶν
2801 1556 2952 1626 παρά
2978 1558 3077 1627 τὴν
3124 1556 3397 1628 ὑμετέραν
3447 1556 3690 1626 γνώμην
3715 1576 3729 1587 ο

436 1648 550 1701 1ιιιιι
590 1647 719 1703 dent
747 1647 813 1702 ad
861 1648 1265 1703 convivandum
1314 1665 1440 1703 cum
1490 1649 1795 1719 aequalibus
1822 1649 1867 1681 "
1893 1666 1909 1715 ;
1939 1648 2020 1704 sic

2134 1648 2263 1719 μετά
2290 1648 2564 1720 ὁμηλίκων
2594 1652 2673 1712 εἰς
2705 1650 3008 1720 συμπόσιον
3043 1650 3119 1721 μὴ
3171 1650 3368 1713 ἐῶντες
3403 1650 3554 1704 αύτά
3588 1669 3729 1721 συμ-

435 1739 581 1793 cnirn
618 1738 684 1793 ad
716 1740 1070 1809 petulantiam
1102 1740 1413 1804 deﬁectent,
1444 1748 1498 1794 et
1538 1714 1593 1794 in
1624 1714 2014 1795 scortationem

2134 1743 2353 1796 Ξάλλειν·
2386 1743 2530 1796 οὕτω
2580 1743 2689 1812 γὰρ
2722 1745 2800 1805 είς
2830 1742 3057 1810 ἀταξίαν
3105 1743 3579 1813 ἐκτραπήσονται,
3632 1743 3728 1795 καὶ

436 1832 700 1887 incident.
732 1832 788 1886 ld
822 1848 986 1903 porro
1012 1834 1055 1888 si
1078 1834 1157 1889 eis
1185 1834 1254 1887 ob
1278 1841 1567 1903 parentum
1626 1834 1895 1888 incuriam
1919 1834 2017 1887 ob-

434 1925 639 1993 tigerit,
666 1926 939 1995 genitores
990 1927 1069 1980 rei
1113 1934 1276 1980 erunt
1306 1927 1373 1982 de
1425 1927 1714 1980 animabus
1774 1927 2013 1980 illorum.

436 2015 571 2070 Nam
622 2018 666 2071 si
722 2016 974 2072 socordia
1026 2026 1315 2088 parentum
1365 2025 1742 2074 consuescunt
1774 2033 1896 2073 cum
1934 2018 2015 2072 in-

434 2111 722 2182 castigatis
754 2127 849 2165 seu
886 2111 1402 2181 intemperantibus,
1437 2127 1545 2164 non
1597 2109 1701 2165 soli
1752 2109 1847 2181 qui
1881 2109 2020 2164 deli-

436 2212 673 2275 querunt
732 2204 825 2258 ﬁlii
874 2205 1292 2274 castigabuntur
1346 2219 1410 2257 ac
1456 2205 1777 2275 punientur,
1827 2203 1922 2259 sed
1965 2210 2019 2258 et

436 2299 677 2366 ipsorum
711 2311 876 2351 causa
937 2304 1192 2366 parentes
1235 2295 1772 2351 condemnabuntur.
1798 2292 1845 2323 ⁷⁰
1879 2294 2021 2362 Quo-

436 2392 582 2443 circa
615 2402 837 2458 operam
886 2388 1045 2451 date,
1097 2395 1157 2441 ut
1187 2402 1311 2441 eum
1360 2386 1427 2441 ad
1483 2394 1701 2457 tempus
1763 2388 2019 2458 conjugio

438 2488 619 2552 aptum
660 2481 1028 2551 pervenerint,
1058 2494 1155 2534 eos
1193 2480 1544 2533 matrimonio
1565 2478 1809 2551 jungatis
1839 2495 1902 2534 ac
1926 2496 2020 2535 co-

437 2573 663 2642 puletis;
700 2587 767 2625 ne
796 2572 939 2625 inter
980 2579 1193 2625 aetatem
1255 2571 1309 2625 in
1341 2570 1472 2625 ﬂore
1527 2587 1627 2627 suo
1691 2571 2014 2634 ferventem,

439 2679 619 2719 mores
661 2671 1029 2719 scortatorum
1066 2663 1422 2727 contrahant,
1469 2673 1524 2719 et
1553 2679 1651 2719 vos
1679 2663 1733 2717 in
1759 2664 1847 2718 die
1872 2663 2019 2734 judi-

437 2757 506 2809 cii
539 2756 806 2811 rationem
840 2771 871 2809 a
896 2753 1130 2812 Domino
1162 2754 1274 2810 Deo
1302 2755 1691 2828 reposcamini.

1024 2868 1256 2925 CAPUT
1290 2867 1405 2923 XII.

896 2963 969 3019 De
988 2964 1205 3033 famulis
1226 2973 1275 3017 et
1307 2963 1556 3020 dominis.

2119 1839 2199 1900 είς
2218 1835 2476 1908 πορνείαν
2506 1834 2949 1906 περιπεσοῦνται.
3000 1834 3112 1886 Καὶ
3152 1833 3245 1886 ἐὰν
3292 1833 3446 1903 παρά
3482 1835 3591 1903 τὴν
3620 1834 3730 1887 τῶν

2117 1928 2317 1996 γονέων
2363 1927 2620 2000 ἀμέλειαν
2664 1926 2823 1980 τοῦτο
2854 1926 3099 1979 πάθωσιν
3120 1965 3134 1989 ,
3170 1924 3340 1995 ἔνοχοι
3373 1925 3483 1977 τῶν
3534 1926 3730 1995 ψυχῶν

2118 2021 2298 2075 αὐτῶν
2326 2021 2375 2073 οἱ
2422 2021 2783 2089 γεννήσαντες
2830 2017 3182 2088 ὑπάρξουσιν.
3234 2018 3296 2070 Εἰ
3353 2015 3467 2088 γὰρ
3516 2020 3591 2088 τῇ
3619 2016 3732 2069 τῶν

2118 2113 2454 2183 γειναμένων
2514 2111 2626 2182 (54)
2683 2110 2926 2183 ῥᾳθυμίᾳ
2986 2110 3222 2162 σύνεισιν
3277 2108 3648 2173 ἀκολάστοις,
3679 2107 3729 2161 οἱ

2121 2206 2310 2268 παῖδες
2337 2206 2756 2275 ἀμαρτήσαντες
2774 2204 2875 2255 ούκ
2904 2203 3059 2255 αὐτοὶ
3082 2202 3232 2272 μόνοι
3261 2200 3727 2272 κολασθήσονται,

2120 2296 2255 2350 ἀλλά
2284 2297 2376 2351 καὶ
2421 2295 2562 2366 ὑπὲρ
2592 2295 2770 2347 αὐτῶν
2816 2296 2866 2347 οἱ
2896 2298 3076 2362 γονεῖς
3104 2293 3281 2347 αὐτῶν
3337 2292 3725 2363 κριθήσονται.

2120 2387 2218 2440 Διά
2241 2387 2398 2440 τοῦτο
2420 2385 2747 2450 σπουδάζετε
2768 2385 2885 2456 ὦρᾳ
2904 2385 3084 2455 γάμου
3110 2384 3395 2453 ζευγνύναι
3418 2385 3516 2436 καὶ
3532 2383 3726 2436 συναλ-

2121 2478 2341 2533 λάσσειν
2362 2479 2520 2540 αὐτὰ,
2541 2478 2626 2530 ἵνα
2660 2478 2734 2550 μὴ
2767 2478 2867 2547 τῆς
2894 2476 3113 2548 ἡλικίας
3134 2479 3189 2529 ὲν
3202 2480 3267 2548 τῇ
3290 2478 3444 2547 ἀκμῇ
3462 2477 3724 2547 ζεούσης,

2122 2570 2216 2641 ἔθη
2248 2571 2560 2642 πορνοκόπα
2592 2570 2702 2642 (55)
2732 2570 2934 2637 ἀποϐἧ,
2958 2570 3053 2622 καὶ
3083 2570 3238 2639 ὑμεῖς
3270 2567 3721 2639 ἀπαιτηθήσεσθε

2120 2663 2210 2716 τὸν
2240 2662 2394 2732 λόγον
2423 2665 2481 2716 έν
2509 2667 2576 2733 τῇ
2607 2662 2790 2734 ἡμέρᾳ
2842 2659 2943 2731 τῆς
2971 2661 3208 2736 κρίσεως
3238 2660 3343 2712 ὑπὸ
3382 2660 3600 2731 Κυρίου
3629 2657 3720 2711 10E-

2121 2755 2279 2809 Θεοῦ.

2640 2868 3037 2923 ΚΕΦΑΛΑῙΟΝ
3068 2867 3168 2920 1Β’.

2466 2961 2609 3031 Περὶ
2632 2960 2877 3015 οἰκετῶν
2906 2959 3003 3013 καὶ
3034 2956 3366 3013 δεσποτῶν.

513 3056 585 3114 0e
614 3056 833 3112 famulis
868 3072 997 3112 vero
1028 3055 1158 3127 quid
1192 3056 1427 3127 amplius
1470 3056 1740 3121 dicamus,
1770 3069 1932 3125 quam
1960 3059 2018 3107 ut

2192 3054 2327 3127 Περὶ
2352 3053 2410 3109 δὲ
2437 3053 2662 3108 οἰκετῶν
2692 3053 2744 3105 τί
2775 3052 2839 3106 ἂν
2869 3051 3119 3122 εἴποιμεν
3179 3051 3383 3112 πλεῖον,
3448 3049 3481 3119 ἧ
3514 3050 3601 3101 ὅτι
3630 3049 3720 3102 καὶ

438 3163 651 3213 servus,
685 3164 809 3203 cum
842 3149 1038 3203 timore
1064 3146 1159 3202 Dei
1190 3148 1258 3211 “,
1305 3147 1590 3202 dominum
1639 3145 2014 3202 benevolentia

437 3242 866 3311 complectatur,
911 3242 1165 3310 quamvis
1214 3240 1466 3309 impium,
1492 3237 1745 3309 quamvis
1782 3237 2017 3293 scelera-

437 3342 583 3397 tum;
615 3339 940 3386 nontamen
973 3346 1097 3386 cum
1150 3346 1217 3384 eo
1273 3331 1327 3384 in
1372 3330 1636 3401 religione
1684 3328 2013 3383 consentiat.

439 3425 569 3478 Item
594 3423 849 3478 dominus
880 3422 1143 3476 famulum
1175 3424 1402 3494 diligat;
1455 3430 1509 3477 et
1545 3421 1795 3493 quamvis
1845 3418 2019 3488 major

439 3517 531 3578 sit,
566 3531 624 3569 se
645 3522 827 3569 tamen
859 3516 1121 3585 aequalem
1149 3515 1379 3583 judicet,
1413 3515 1498 3570 vel
1552 3521 1824 3584 quatenus
1856 3511 2019 3565 homo

437 3616 541 3661 est.
575 3605 678 3672 Qui
709 3614 889 3661 autem
920 3606 1205 3660 dominum
1237 3607 1401 3661 habet
1433 3606 1667 3667 ﬁdelem,
1692 3605 1844 3661 salvo
1871 3604 2019 3657 illius

439 3698 742 3759 dominatu,
769 3713 894 3752 eum
932 3705 1100 3761 amet,
1133 3708 1186 3753 et
1216 3706 1276 3751 ut
1320 3699 1625 3763 dominum,
1669 3705 1723 3751 et
1776 3704 1835 3750 ut
1894 3694 2016 3749 ﬁdei

440 3795 775 3852 consortem,
807 3797 862 3843 et
918 3797 978 3841 ut
1024 3792 1334 3858 patrem";
1379 3806 1486 3845 non
1517 3799 1777 3860 tanquam
1826 3802 2017 3844 servus

441 3881 696 3937 simulate
726 3888 781 3935 et
836 3880 904 3934 ad
952 3882 1171 3936 oculum
1224 3882 1561 3947 serviens",
1612 3881 1708 3937 sed
1754 3889 2015 3952 tanquam

441 3972 646 4026 domini
696 3985 908 4035 amans,
960 3973 1141 4027 sciens
1198 3972 1369 4027 Deum
1412 3974 1463 4028 ei
1516 3976 2013 4027 remunerationem

441 4065 735 4120 famulatus
759 4066 1189 4135 persoluturum.
1224 4064 1487 4121 Similiter
1524 4064 1780 4123 dominus
1811 4066 1904 4135 qui
1934 4065 2014 4119 fa—

441 4158 649 4213 mulum
690 4158 935 4228 possidet
963 4157 1199 4221 ﬁdelem,
1246 4159 1397 4213 salvo
1420 4158 1569 4214 illius
1621 4158 2013 4225 famulatu,di-

2123 3149 2154 3201 0
2180 3147 2366 3212 δοῧλος
2395 3144 2609 3199 εὔνοιαν
2664 3144 2966 3216 είσφερέτω
2996 3144 3133 3215 πρὸς
3161 3142 3272 3214 (56)
3303 3143 3394 3195 τὸν
3422 3142 3717 3213 δεσπότην,

2127 3240 2265 3311 μετά
2294 3239 2457 3309 φόϐου
2486 3238 2644 3300 Θεοῦ,
2676 3236 2777 3291 κᾶν
2807 3236 3029 3308 ἀσεϐὴς,
3060 3236 3161 3289 κᾶν
3192 3236 3431 3306 πονηρὸς
3451 3236 3679 3307 ὑπάρχῃ
3701 3249 3715 3263 ·

2121 3332 2307 3386 οὐκέτι
2376 3331 2561 3402 μέντοι
2617 3330 2712 3383 καὶ
2759 3329 3010 3399 ὁμόνοιαν
3057 3326 3197 3381 κατά
3232 3329 3332 3397 τὴν
3375 3326 3713 3397 θρησκείαν·

2122 3426 2215 3478 καὶ
2233 3427 2261 3477 0
2290 3425 2557 3496 δεσπότης
2581 3423 2853 3493 ἀγαπάτω
2896 3422 2989 3475 τὸν
3018 3420 3235 3491 οἰκέτην
3259 3438 3273 3451 ’
3315 3418 3419 3473 κᾶν
3458 3419 3717 3491 διάφορος

2118 3512 2175 3589 ᾖ,
2208 3517 2270 3569 τὸ
2301 3516 2415 3569 ἴσον
2442 3516 2699 3586 κρινέτω.
2731 3515 2765 3587 ἢ
2796 3514 2931 3568 καθὸ
2962 3515 3075 3585 (57)
3123 3515 3411 3583 ἄνθρωπος
3445 3512 3713 3582 ὑπάρχει·

2118 3610 2148 3660 0
2177 3608 2233 3662 δὲ
2281 3608 2471 3663 πιστὴν
2518 3608 2657 3679 ἔχων
2696 3607 2986 3679 δεσπότην,
3044 3604 3361 3677 σωζομένης
3408 3605 3563 3675 αὐτῷ
3617 3605 3715 3673 τῆς

2120 3700 2338 3771 κυρίας,
2368 3700 2659 3768 ἀγαπάτω,
2694 3700 2788 3753 καὶ
2822 3699 2899 3762 ὡς
2944 3698 3233 3769 δεσπότην,
3269 3697 3363 3751 καὶ
3392 3698 3471 3760 ὡς
3515 3697 3713 3767 ὁμόπι-

2123 3810 2267 3855 στον,
2325 3793 2420 3845 καὶ
2449 3792 2524 3857 ὡς
2572 3793 2817 3861 πατέρα·
2870 3785 2945 3862 μη
2992 3791 3068 3853 ὼς
3112 3788 3569 3859 ὀφθαλμόδουλος,
3602 3788 3712 3841 ἀλλ’

2122 3884 2199 3946 ὡς
2229 3883 2628 3953 φιλοδέσποτος,
2661 3882 2837 3945 εἰδὼς,
2867 3884 2949 3935 ὅτι
2978 3883 3006 3934 0
3036 3882 3170 3946 Θεὸς
3201 3880 3351 3950 αύτῷ
3376 3881 3479 3951 τὴν
3514 3880 3711 3951 μισθα-

2122 3977 2377 4031 ποδοσίαν
2404 3977 2652 4030 ἀποτίσει
2709 3975 2811 4044 τῆς
2867 3973 3193 4045 ὑπηρεσίας.
3237 3973 3516 4037 Ὡσαύτως
3564 3975 3657 4026 καὶ
3684 3974 3711 4024 0

2122 4068 2310 4139 κύριος
2341 4071 2369 4123 0
2399 4066 2591 4122 πιστὸν
2624 4068 2761 4137 ἔχων
2790 4067 3029 4137 οἰκέτην,
3086 4065 3402 4136 σωζομένης
3429 4064 3584 4135 αὐτῷ
3611 4065 3710 4134 ἧς

2122 4162 2440 4232 θεραπείας,
2471 4159 2738 4228 ἀγαπάτω
2766 4159 2843 4221 ὡς
2872 4159 3007 4222 υἱὸν,
3039 4157 3074 4229 ἢ
3110 4158 3188 4221 ὡς
3214 4156 3465 4225 ἀδελφὺν,
3494 4156 3587 4210 διά
3614 4156 3707 4227 τὴν

442 4252 568 4321 ligat
598 4267 720 4306 eum
754 4251 904 4306 velut
950 4251 1144 4315 ﬁlium,
1195 4258 1289 4305 aut
1327 4251 1474 4305 velut
1516 4250 1765 4315 fratrem,
1795 4258 2016 4321 propter

2134 4254 2218 4323 τῆς
2245 4254 2478 4315 πίστεως
2508 4250 2814 4306 κοινωνίαν.

444 4346 566 4401 ﬁdei
596 4345 959 4400 consortium.

513 4501 557 4531 “
588 4500 748 4555 Prov.
784 4518 935 4561 xxix,
966 4503 1123 4554 l7.ct
1167 4516 1281 4562 χιι,
1323 4502 1416 4565 18;
1447 4510 1499 4553 et
1535 4518 1692 4559 χχιιι,
1720 4502 1806 4555 14.
1884 4503 1925 4532 ⁸⁷
1959 4502 2039 4555 Ρη

2152 4503 2389 4567 χιιι,⁶24.
2469 4504 2519 4535 ⁸⁸
2554 4502 2721 4557 Eccli.
2774 4519 2905 4559 xxx.
2962 4500 3048 4554 12.

441 4570 487 4602 "°
519 4572 625 4632 (1L,
651 4574 815 4641 epist.
842 4574 907 4627 ad
930 4571 1186 4627 .Iacob.c.
1216 4571 1267 4625 7.
1344 4573 1387 4601 ⁷⁸
1418 4572 1616 4640 Ephes.
1642 4589 1718 4635 vl,
1741 4573 1803 4638 5;
1830 4570 1846 4624 l
1872 4571 1988 4627 Pet.
2024 4588 2037 4625 ι

2134 4577 2210 4629 18.

441 4641 559 4695 Col.
592 4657 675 4705 ιιι,
708 4642 779 4694 22‘.

3157 4501 3201 4532 '”
3225 4499 3389 4553 Prov.
3418 4514 3583 4560 nm,
3612 4502 3698 4552 '20.

2314 4576 2360 4604 ⁷⁸
2383 4572 2503 4628 Col.
2536 4590 2612 4639 Iv,
2643 4575 2703 4640 l',
2758 4571 2942 4627 l'l‘im.
2968 4587 3041 4636 vl,
3064 4572 3119 4626 2.
3231 4571 3279 4602 "
3305 4569 3507 4640 Ephes.
3542 4570 3698 4623 vui-

1769 4813 2134 4870 VARIORUM
2170 4813 2402 4871 NOTAE.

521 4973 631 5055 (ιο)
661 4974 877 5039 Οὕτως.
934 4973 1095 5033 Deest
1145 4973 1201 5028 in
1233 4974 1424 5036 altero,
1472 4986 1572 5026 nec
1614 4987 1744 5055 sane
1776 4987 1842 5026 eo
1871 4987 2009 5040 Opus

336 5059 341 5064 '
441 5058 546 5105 est.
576 5044 744 5100 Cum.

512 5114 859 5189 (50)_'E§ﬁg.
894 5114 1043 5189 Alias
1068 5135 1081 5171 :
1105 5116 1282 5189 Πάλιν
1306 5116 1469 5189 σοφός
1495 5132 1575 5189 τις
1609 5114 1815 5185 ἕτερος,
1850 5125 2030 5189 recte;

440 5185 569 5243 nam
610 5185 985 5310 Eicelesiastici
1035 5200 1226 5242 auctor
1269 5187 1360 5241 hic
1409 5186 1687 5248 laudatur,
1736 5201 1846 5240 non
1877 5185 2035 5240 Salo-

441 5276 593 5310 ΙΙΙΟΠ.
657 5273 714 5310 ι).

440 5276 593 5315 tuon.
633 5273 714 5312 ID.

510 5329 625 5412 (51)
665 5327 935 5412 ξαρμοξς,
964 5326 1049 5380 Al.
1090 5326 1382 5412 ε’πληγαίς
1425 5329 1520 5381 καὶ
1579 5324 2031 5412 δαρμρῖς.ρ11(θξγο

440 5395 646 5455 οίιίιι5’;
684 5395 1055 5470 Σπαράγμασι
1077 5414 1091 5427 ’
1125 5395 1364 5468 ξεσμοῖς,
1393 5395 2031 5470 ταραχαῖς⁷,“ἀποϐολαῖς,

438 5472 689 5544 δαρμοῖς.
805 5468 1386 5544 Ma;imu_s,_(lenturia
1417 5468 1576 5544 θρα
1593 5468 1874 5544 εΙιαῄιαιε,
1908 5484 2031 5544 cap.

439 5534 559 5596 81’;’
578 5540 660 5593 Τά
691 5539 792 5611 τὴν
808 5539 1030 5609 ἀγάπην
1050 5538 1267 5611 λύοντα,
1291 5539 1397 5611 εἰσὶ
1419 5539 1595 5593 ταῦτα
1617 5556 1629 5569 ’
1658 5534 1793 5611 οἷον,
1814 5534 2032 5611 ἀτιμία,

440 5611 633 5680 ζημία,
676 5609 1031 5681 συκοφαντία,
1067 5610 1099 5680 ἦ
1128 5612 1217 5681 εἰς
1249 5610 1451 5676 πίστιν,
1476 5611 1511 5680 ἢ
1546 5612 1624 5674 είς
1651 5609 1783 5679 βίον,
1811 5609 2032 5681 δαρμοὶ,

444 5682 671 5751 πληγαὶ,
707 5682 799 5734 καὶ
829 5681 895 5739 τὰ
926 5680 1071 5751 ἑξῆς.
1109 5680 1246 5736 C01.

2188 4974 2302 5111 $52)
2332 4975 2627 5045 ἠιέτερα,
2657 4978 2807 5032 Alter
2821 4978 2950 5046 legit
2970 4976 3164 5033 melius
3188 4978 3491 5049 ἡμετέρας.
3528 4980 3695 5036 Cum.

2210 5044 2301 5111 55)
2334 5046 2792 5111 Παραδιδόντες.
2844 5046 2990 5102 Idem
3046 5048 3241 5102 addit:
3301 5046 3695 5105 θεόπνευστονυ

2210 5044 2301 5113 55)
2334 5044 2792 5112 Παραδιδόντες.
2844 5044 2990 5102 Idem
3046 5044 3243 5102 addit'i
3301 5044 3695 5105 θεόπνευστονυ

2117 5114 2297 5187 ἄνεσιν
2327 5117 2511 5179 αὐτοῖς
2539 5116 2612 5187 μὴ
2643 5117 2893 5187 διδόντες.
2928 5116 3003 5172 In.

2190 5184 2300 5320 (54)
2331 5184 2719 5255 Γειναμέφὲων.
2753 5186 2898 5241 Idem
2930 5187 3091 5242 habet
3123 5188 3343 5255 γονέων.
3373 5186 3453 5245 ID.

2213 5254 2303 5320 55)
2322 5256 2841 5320 Πορνοκόπαᾚιιτιι
2872 5272 3135 5320 vox,qute
3152 5267 3337 5313 tamen
3370 5275 3453 5320 api

2213 5253 2303 5324 55)
2322 5253 2841 5331 Πορνόκόξαλῖιιτιι
2855 5272 2996 5331 _vox,
3013 5253 3337 5331 quartamen
3370 5260 3517 5331 apud
3529 5260 3695 5331 Hesy-

2119 5324 2302 5398 chium
2354 5333 2551 5398 exstat.
2604 5326 2711 5398 Pro
2749 5326 2975 5398 ζεούσης
3004 5324 3195 5398 Δἱιειὶιθῑ
3250 5330 3385 5383 alter
3406 5324 3544 5386 'cod.
3576 5324 3689 5383 vei-

2121 5393 2370 5471 ξούσης,Δ
2398 5395 2545 5471 quod
2586 5397 2873 5471 glossema
2925 5393 3172 5462 redolet;
3212 5406 3273 5471 _et
3324 5416 3425 5471 pro
3458 5400 3558 5467 ἔθη
3584 5401 3693 5457 hac

2121 5464 2286 5536 verba
2319 5464 2445 5535 έθνη
2474 5465 2611 5517 αὐτά
2645 5467 2764 5536 μέν,
2790 5466 2981 5536 minus
3016 5474 3178 5522 recte.
3212 5468 3290 5523 lo.

2195 5534 2306 5599 (56)
2337 5534 2510 5601 Πρός.
2546 5534 2724 5598 Εἰςὶιι
2752 5535 2924 5591 altero
2952 5552 3057 5592 ms.
3086 5539 3162 5592 ID.

2195 5604 2309 5672 (57)
2352 5606 2431 5678 ’ῃ
2456 5607 2619 5678 χαρά.
2654 5606 2752 5663 Ms.
2798 5607 2936 5663 alter
2966 5602 3022 5678 ᾖ.
3057 5610 3235 5665 deleto
3286 5609 3439 5662 καθὸ.
3479 5609 3687 5668 Alteru-

2124 5681 2268 5727 trum
2300 5674 2516 5732 sullicit.
2555 5676 2630 5729 ιι).
