  <div class='ocr_page' id='page_1' title='image "/cluster/home/n/w/nwhite01/storage/ocr_20150623/1/nnc1.0022106693/450.png"; bbox 0 0 3876 6188; ppageno 0'>
   <div class='ocr_carea' id='block_1_1' title="bbox 207 323 315 379">
    <p class='ocr_par' dir='ltr' id='par_1_1' title="bbox 207 323 315 379">
     <span class='ocr_line' id='line_1_1' title="bbox 207 323 315 379; baseline 0 0"><span class='ocrx_word' id='word_1_1' title='bbox 207 323 315 379; x_wconf 62' lang='lat'><strong>825</strong></span> 
     </span>
    </p>
   </div>
   <div class='ocr_carea' id='block_1_2' title="bbox 740 440 1266 496">
    <p class='ocr_par' dir='ltr' id='par_1_2' title="bbox 740 440 1266 496">
     <span class='ocr_line' id='line_1_2' title="bbox 740 440 1266 496; baseline 0.004 -3"><span class='ocrx_word' id='word_1_2' title='bbox 740 440 1138 494; x_wconf 71' lang='grc' dir='ltr'><strong>ΚΕΦΑΛΑῙΟΝ</strong></span> <span class='ocrx_word' id='word_1_3' title='bbox 1170 442 1266 496; x_wconf 81' lang='lat' dir='ltr'>II&quot;.</span> 
     </span>
    </p>
   </div>
   <div class='ocr_carea' id='block_1_3' title="bbox 218 531 1795 606">
    <p class='ocr_par' dir='ltr' id='par_1_3' title="bbox 218 531 1795 606">
     <span class='ocr_line' id='line_1_3' title="bbox 218 531 1795 606; baseline 0.002 -18"><span class='ocrx_word' id='word_1_4' title='bbox 218 533 325 588; x_wconf 84' lang='grc' dir='ltr'>Ἐν</span> <span class='ocrx_word' id='word_1_5' title='bbox 379 536 545 587; x_wconf 84' lang='grc' dir='ltr'>τίσιν</span> <span class='ocrx_word' id='word_1_6' title='bbox 598 532 1059 606; x_wconf 79' lang='grc' dir='ltr'>ὑποτάσσεσθαι</span> <span class='ocrx_word' id='word_1_7' title='bbox 1130 533 1245 603; x_wconf 70' lang='grc' dir='ltr'><strong>χρὴ</strong></span> <span class='ocrx_word' id='word_1_8' title='bbox 1298 531 1422 601; x_wconf 85' lang='grc' dir='ltr'>τοῖς</span> <span class='ocrx_word' id='word_1_9' title='bbox 1484 538 1795 606; x_wconf 80' lang='grc' dir='ltr'>κοσμικοῑς</span> 
     </span>
    </p>
   </div>
   <div class='ocr_carea' id='block_1_4' title="bbox 292 604 1158 672">
    <p class='ocr_par' dir='ltr' id='par_1_4' title="bbox 292 604 1158 672">
     <span class='ocr_line' id='line_1_4' title="bbox 292 604 1158 672; baseline 0.002 -16"><span class='ocrx_word' id='word_1_10' title='bbox 292 615 298 618; x_wconf 75' lang='lat'><em>‘</em></span> <span class='ocrx_word' id='word_1_11' title='bbox 844 604 1158 672; x_wconf 86' lang='grc' dir='ltr'>ἄρχουσιν.</span> 
     </span>
    </p>
   </div>
   <div class='ocr_carea' id='block_1_5' title="bbox 276 702 1792 781">
    <p class='ocr_par' dir='ltr' id='par_1_5' title="bbox 276 702 1792 781">
     <span class='ocr_line' id='line_1_5' title="bbox 276 702 1792 781; baseline 0.001 -22"><span class='ocrx_word' id='word_1_12' title='bbox 276 706 434 776; x_wconf 57' lang='lat' dir='ltr'><strong>[Ida-9</strong></span> <span class='ocrx_word' id='word_1_13' title='bbox 493 703 738 776; x_wconf 76' lang='grc' dir='ltr'><strong>βασιλείᾳ</strong></span> <span class='ocrx_word' id='word_1_14' title='bbox 784 704 881 758; x_wconf 76' lang='grc' dir='ltr'><strong>καὶ</strong></span> <span class='ocrx_word' id='word_1_15' title='bbox 931 705 1074 777; x_wconf 79' lang='grc' dir='ltr'>ἀρχῇ</span> <span class='ocrx_word' id='word_1_16' title='bbox 1130 705 1439 776; x_wconf 80' lang='grc' dir='ltr'><strong>ὑποτάγητε</strong></span> <span class='ocrx_word' id='word_1_17' title='bbox 1486 707 1544 761; x_wconf 79' lang='grc' dir='ltr'>ἐν</span> <span class='ocrx_word' id='word_1_18' title='bbox 1570 702 1652 771; x_wconf 70' lang='grc' dir='ltr'><strong>οἷς</strong></span> <span class='ocrx_word' id='word_1_19' title='bbox 1681 707 1792 781; x_wconf 79' lang='grc'>(58)</span> 
     </span>
    </p>
   </div>
   <div class='ocr_carea' id='block_1_6' title="bbox 203 795 1793 869">
    <p class='ocr_par' dir='ltr' id='par_1_6' title="bbox 203 795 1793 869">
     <span class='ocr_line' id='line_1_6' title="bbox 203 795 1793 869; baseline 0.002 -18"><span class='ocrx_word' id='word_1_20' title='bbox 203 798 433 869; x_wconf 82' lang='grc' dir='ltr'>ἀρέσκει</span> <span class='ocrx_word' id='word_1_21' title='bbox 460 796 600 868; x_wconf 84' lang='grc' dir='ltr'>Θεῷ,</span> <span class='ocrx_word' id='word_1_22' title='bbox 649 796 725 860; x_wconf 82' lang='grc' dir='ltr'><strong>ὡς</strong></span> <span class='ocrx_word' id='word_1_23' title='bbox 754 795 888 849; x_wconf 89' lang='grc' dir='ltr'>Θεοῦ</span> <span class='ocrx_word' id='word_1_24' title='bbox 944 796 1243 861; x_wconf 82' lang='grc' dir='ltr'><strong>διακόνοις,</strong></span> <span class='ocrx_word' id='word_1_25' title='bbox 1295 798 1534 852; x_wconf 80' lang='grc' dir='ltr'>καὶτῶν</span> <span class='ocrx_word' id='word_1_26' title='bbox 1581 799 1793 854; x_wconf 85' lang='grc' dir='ltr'>ἀσεϐῶν</span> 
     </span>
    </p>
   </div>
   <div class='ocr_carea' id='block_1_7' title="bbox 201 888 1794 961">
    <p class='ocr_par' dir='ltr' id='par_1_7' title="bbox 201 888 1794 961">
     <span class='ocr_line' id='line_1_7' title="bbox 201 888 1794 961; baseline 0.003 -20"><span class='ocrx_word' id='word_1_27' title='bbox 201 892 471 960; x_wconf 81' lang='grc' dir='ltr'>τιμωροίς</span> <span class='ocrx_word' id='word_1_28' title='bbox 493 907 507 919; x_wconf 73' lang='grc' dir='ltr'>ο</span> <span class='ocrx_word' id='word_1_29' title='bbox 542 889 721 942; x_wconf 85' lang='grc' dir='ltr'>πάντα</span> <span class='ocrx_word' id='word_1_30' title='bbox 750 888 913 958; x_wconf 79' lang='grc' dir='ltr'>φόϐον</span> <span class='ocrx_word' id='word_1_31' title='bbox 951 890 1042 942; x_wconf 81' lang='grc' dir='ltr'>τὸν</span> <span class='ocrx_word' id='word_1_32' title='bbox 1070 891 1417 961; x_wconf 77' lang='grc' dir='ltr'>ὀφειλόμενον</span> <span class='ocrx_word' id='word_1_33' title='bbox 1445 893 1629 956; x_wconf 80' lang='grc' dir='ltr'>αὐτοῖς</span> <span class='ocrx_word' id='word_1_34' title='bbox 1658 895 1794 946; x_wconf 86' lang='grc' dir='ltr'>ἀπο-</span> 
     </span>
    </p>
   </div>
   <div class='ocr_carea' id='block_1_8' title="bbox 204 974 1792 1058">
    <p class='ocr_par' dir='ltr' id='par_1_8' title="bbox 204 974 1792 1058">
     <span class='ocr_line' id='line_1_8' title="bbox 204 974 1792 1058; baseline 0.004 -25"><span class='ocrx_word' id='word_1_35' title='bbox 204 974 556 1053; x_wconf 75' lang='grc' dir='ltr'>πληρώσατε,</span> <span class='ocrx_word' id='word_1_36' title='bbox 583 983 760 1036; x_wconf 75' lang='grc' dir='ltr'>πᾶσαν</span> <span class='ocrx_word' id='word_1_37' title='bbox 781 982 1061 1054; x_wconf 76' lang='grc' dir='ltr'>εἰσφορὰν,</span> <span class='ocrx_word' id='word_1_38' title='bbox 1084 985 1191 1037; x_wconf 85' lang='grc' dir='ltr'><strong>πᾶν</strong></span> <span class='ocrx_word' id='word_1_39' title='bbox 1222 984 1394 1049; x_wconf 85' lang='grc' dir='ltr'>τέλος,</span> <span class='ocrx_word' id='word_1_40' title='bbox 1410 988 1589 1040; x_wconf 84' lang='grc' dir='ltr'>πᾶσαν</span> <span class='ocrx_word' id='word_1_41' title='bbox 1606 986 1792 1058; x_wconf 77' lang='grc' dir='ltr'>τιμὴν,</span> 
     </span>
    </p>
   </div>
   <div class='ocr_carea' id='block_1_9' title="bbox 200 1073 1793 1150">
    <p class='ocr_par' dir='ltr' id='par_1_9' title="bbox 200 1073 1793 1150">
     <span class='ocr_line' id='line_1_9' title="bbox 200 1073 1793 1150; baseline 0.004 -24"><span class='ocrx_word' id='word_1_42' title='bbox 200 1073 373 1136; x_wconf 75' lang='grc' dir='ltr'>δύσιν,</span> <span class='ocrx_word' id='word_1_43' title='bbox 404 1074 624 1143; x_wconf 81' lang='grc' dir='ltr'>κῆνσον.</span> <span class='ocrx_word' id='word_1_44' title='bbox 683 1074 818 1127; x_wconf 89' lang='grc' dir='ltr'>Θεοῦ</span> <span class='ocrx_word' id='word_1_45' title='bbox 846 1075 955 1145; x_wconf 86' lang='grc' dir='ltr'>γὰρ</span> <span class='ocrx_word' id='word_1_46' title='bbox 981 1075 1140 1129; x_wconf 87' lang='grc' dir='ltr'>τοῦτο</span> <span class='ocrx_word' id='word_1_47' title='bbox 1192 1076 1485 1150; x_wconf 82' lang='grc' dir='ltr'><strong>διάταγμα,</strong></span> <span class='ocrx_word' id='word_1_48' title='bbox 1522 1079 1708 1150; x_wconf 84' lang='grc' dir='ltr'>μηδενί</span> <span class='ocrx_word' id='word_1_49' title='bbox 1740 1097 1793 1133; x_wconf 86' lang='grc' dir='ltr'><strong>τι</strong></span> 
     </span>
    </p>
   </div>
   <div class='ocr_carea' id='block_1_10' title="bbox 203 1167 1793 1241">
    <p class='ocr_par' dir='ltr' id='par_1_10' title="bbox 203 1167 1793 1241">
     <span class='ocr_line' id='line_1_10' title="bbox 203 1167 1793 1241; baseline 0.004 -23"><span class='ocrx_word' id='word_1_50' title='bbox 203 1169 535 1235; x_wconf 84' lang='grc' dir='ltr'>χρεωστεῖν,</span> <span class='ocrx_word' id='word_1_51' title='bbox 576 1168 625 1218; x_wconf 85' lang='grc' dir='ltr'>εί</span> <span class='ocrx_word' id='word_1_52' title='bbox 675 1168 748 1237; x_wconf 86' lang='grc' dir='ltr'>μὴ</span> <span class='ocrx_word' id='word_1_53' title='bbox 778 1167 838 1219; x_wconf 82' lang='grc' dir='ltr'>τὸ</span> <span class='ocrx_word' id='word_1_54' title='bbox 866 1167 968 1237; x_wconf 82' lang='grc' dir='ltr'>τῆς</span> <span class='ocrx_word' id='word_1_55' title='bbox 997 1167 1178 1237; x_wconf 80' lang='grc' dir='ltr'>φιλίας</span> <span class='ocrx_word' id='word_1_56' title='bbox 1225 1168 1491 1240; x_wconf 83' lang='grc' dir='ltr'>σύμϐολον</span> <span class='ocrx_word' id='word_1_57' title='bbox 1538 1170 1678 1241; x_wconf 83' lang='grc'>(59),</span> <span class='ocrx_word' id='word_1_58' title='bbox 1711 1170 1739 1223; x_wconf 86' lang='grc' dir='ltr'><strong>ὃ</strong></span> <span class='ocrx_word' id='word_1_59' title='bbox 1764 1171 1793 1223; x_wconf 89' lang='grc' dir='ltr'>ὁ</span> 
     </span>
    </p>
   </div>
   <div class='ocr_carea' id='block_1_11' title="bbox 202 1257 1052 1330">
    <p class='ocr_par' dir='ltr' id='par_1_11' title="bbox 202 1257 1052 1330">
     <span class='ocr_line' id='line_1_11' title="bbox 202 1257 1052 1330; baseline 0.001 -20"><span class='ocrx_word' id='word_1_60' title='bbox 202 1257 337 1320; x_wconf 81' lang='grc' dir='ltr'>Θεὸς</span> <span class='ocrx_word' id='word_1_61' title='bbox 367 1257 649 1323; x_wconf 79' lang='grc' dir='ltr'>διετάξατο</span> <span class='ocrx_word' id='word_1_62' title='bbox 678 1257 768 1311; x_wconf 81' lang='grc' dir='ltr'>διὰ</span> <span class='ocrx_word' id='word_1_63' title='bbox 794 1258 1052 1330; x_wconf 80' lang='grc' dir='ltr'><strong>Χριστοῦ.</strong></span> 
     </span>
    </p>
   </div>
   <div class='ocr_carea' id='block_1_12' title="bbox 666 1360 1284 1414">
    <p class='ocr_par' dir='ltr' id='par_1_12' title="bbox 666 1360 1284 1414">
     <span class='ocr_line' id='line_1_12' title="bbox 666 1360 1284 1414; baseline 0.002 -3"><span class='ocrx_word' id='word_1_64' title='bbox 666 1360 1137 1413; x_wconf 82' lang='grc' dir='ltr'><strong>ΚΕΦΑΛΑΙΟΝ</strong></span> <span class='ocrx_word' id='word_1_65' title='bbox 1181 1363 1284 1414; x_wconf 85' lang='grc' dir='ltr'><strong>1Δ’.</strong></span> 
     </span>
    </p>
   </div>
   <div class='ocr_carea' id='block_1_13' title="bbox 735 1451 1227 1521">
    <p class='ocr_par' dir='ltr' id='par_1_13' title="bbox 735 1451 1227 1521">
     <span class='ocr_line' id='line_1_13' title="bbox 735 1451 1227 1521; baseline 0.002 -17"><span class='ocrx_word' id='word_1_66' title='bbox 735 1451 872 1520; x_wconf 80' lang='grc' dir='ltr'>Περὶ</span> <span class='ocrx_word' id='word_1_67' title='bbox 901 1451 1227 1521; x_wconf 81' lang='grc' dir='ltr'>παρθένων.</span> 
     </span>
    </p>
   </div>
   <div class='ocr_carea' id='block_1_14' title="bbox 274 1541 1792 1618">
    <p class='ocr_par' dir='ltr' id='par_1_14' title="bbox 274 1541 1792 1618">
     <span class='ocr_line' id='line_1_14' title="bbox 274 1541 1792 1618; baseline 0.003 -22"><span class='ocrx_word' id='word_1_68' title='bbox 274 1543 415 1615; x_wconf 71' lang='grc' dir='ltr'>Περὶ</span> <span class='ocrx_word' id='word_1_69' title='bbox 443 1541 502 1595; x_wconf 77' lang='grc' dir='ltr'>δὲ</span> <span class='ocrx_word' id='word_1_70' title='bbox 531 1543 825 1615; x_wconf 79' lang='grc' dir='ltr'>παρθενίας</span> <span class='ocrx_word' id='word_1_71' title='bbox 885 1544 1105 1617; x_wconf 80' lang='grc' dir='ltr'>ἐντολὴν</span> <span class='ocrx_word' id='word_1_72' title='bbox 1158 1547 1259 1599; x_wconf 77' lang='grc' dir='ltr'>οὐκ</span> <span class='ocrx_word' id='word_1_73' title='bbox 1312 1544 1608 1617; x_wconf 79' lang='grc' dir='ltr'>ἐλάϐομεν,</span> <span class='ocrx_word' id='word_1_74' title='bbox 1640 1550 1706 1618; x_wconf 81' lang='grc' dir='ltr'><strong>τῇ</strong></span> <span class='ocrx_word' id='word_1_75' title='bbox 1735 1547 1792 1600; x_wconf 85' lang='grc' dir='ltr'>δὲ</span> 
     </span>
    </p>
   </div>
   <div class='ocr_carea' id='block_1_15' title="bbox 201 1635 1795 1710">
    <p class='ocr_par' dir='ltr' id='par_1_15' title="bbox 201 1635 1795 1710">
     <span class='ocr_line' id='line_1_15' title="bbox 201 1635 1795 1710; baseline 0.003 -21"><span class='ocrx_word' id='word_1_76' title='bbox 201 1636 316 1689; x_wconf 86' lang='grc' dir='ltr'><strong>τῶν</strong></span> <span class='ocrx_word' id='word_1_77' title='bbox 373 1635 715 1707; x_wconf 84' lang='grc' dir='ltr'>βουλομένων</span> <span class='ocrx_word' id='word_1_78' title='bbox 770 1637 986 1707; x_wconf 80' lang='grc' dir='ltr'><strong>ἐξουσίᾳ</strong></span> <span class='ocrx_word' id='word_1_79' title='bbox 1038 1638 1198 1690; x_wconf 86' lang='grc' dir='ltr'>τοῦτο</span> <span class='ocrx_word' id='word_1_80' title='bbox 1252 1639 1660 1710; x_wconf 75' lang='grc' dir='ltr'>ἐπιτρέπομεν,</span> <span class='ocrx_word' id='word_1_81' title='bbox 1716 1640 1795 1705; x_wconf 84' lang='grc' dir='ltr'>ὡς</span> 
     </span>
    </p>
   </div>
   <div class='ocr_carea' id='block_1_16' title="bbox 200 1728 1790 1804">
    <p class='ocr_par' dir='ltr' id='par_1_16' title="bbox 200 1728 1790 1804">
     <span class='ocr_line' id='line_1_16' title="bbox 200 1728 1790 1804; baseline 0.003 -23"><span class='ocrx_word' id='word_1_82' title='bbox 200 1729 373 1800; x_wconf 80' lang='grc' dir='ltr'>εὐχήν</span> <span class='ocrx_word' id='word_1_83' title='bbox 398 1746 412 1758; x_wconf 76' lang='grc'><strong><em>⁸</em></strong></span> <span class='ocrx_word' id='word_1_84' title='bbox 445 1730 621 1783; x_wconf 81' lang='grc' dir='ltr'><strong>ὲκεῖνο</strong></span> <span class='ocrx_word' id='word_1_85' title='bbox 654 1730 752 1801; x_wconf 87' lang='grc' dir='ltr'>μὲν</span> <span class='ocrx_word' id='word_1_86' title='bbox 777 1728 870 1783; x_wconf 77' lang='grc' dir='ltr'><strong>οὖν</strong></span> <span class='ocrx_word' id='word_1_87' title='bbox 919 1728 1030 1801; x_wconf 87' lang='grc'><strong>(60)</strong></span> <span class='ocrx_word' id='word_1_88' title='bbox 1060 1731 1245 1794; x_wconf 74' lang='grc' dir='ltr'>αὐτοῖς</span> <span class='ocrx_word' id='word_1_89' title='bbox 1272 1731 1683 1802; x_wconf 80' lang='grc' dir='ltr'><strong>παραινοῦντες,</strong></span> <span class='ocrx_word' id='word_1_90' title='bbox 1717 1733 1790 1804; x_wconf 81' lang='grc' dir='ltr'>μὴ</span> 
     </span>
    </p>
   </div>
   <div class='ocr_carea' id='block_1_17' title="bbox 199 1821 1790 1896">
    <p class='ocr_par' dir='ltr' id='par_1_17' title="bbox 199 1821 1790 1896">
     <span class='ocr_line' id='line_1_17' title="bbox 199 1821 1790 1896; baseline 0.004 -24"><span class='ocrx_word' id='word_1_91' title='bbox 199 1821 516 1892; x_wconf 85' lang='grc' dir='ltr'>προχείρως</span> <span class='ocrx_word' id='word_1_92' title='bbox 564 1840 616 1875; x_wconf 91' lang='grc' dir='ltr'><strong>τι</strong></span> <span class='ocrx_word' id='word_1_93' title='bbox 675 1823 1141 1892; x_wconf 75' lang='grc' dir='ltr'>ἐπαγγείλασθαι·</span> <span class='ocrx_word' id='word_1_94' title='bbox 1182 1824 1486 1896; x_wconf 72' lang='grc' dir='ltr'>ἐπείπεριό</span> <span class='ocrx_word' id='word_1_95' title='bbox 1542 1824 1790 1896; x_wconf 81' lang='grc' dir='ltr'>Σολομῶν</span> 
     </span>
    </p>
   </div>
   <div class='ocr_carea' id='block_1_18' title="bbox 201 1913 1788 1986">
    <p class='ocr_par' dir='ltr' id='par_1_18' title="bbox 201 1913 1788 1986">
     <span class='ocr_line' id='line_1_18' title="bbox 201 1913 1788 1986; baseline 0.013 -23"><span class='ocrx_word' id='word_1_96' title='bbox 201 1931 373 1985; x_wconf 71' lang='grc' dir='ltr'>φησιν</span> <span class='ocrx_word' id='word_1_97' title='bbox 399 1932 412 1945; x_wconf 82' lang='grc'><em>’</em></span> <span class='ocrx_word' id='word_1_98' title='bbox 475 1934 494 1966; x_wconf 82' lang='grc' dir='ltr'><strong>ι</strong></span> <span class='ocrx_word' id='word_1_99' title='bbox 547 1914 773 1983; x_wconf 83' lang='grc' dir='ltr'><strong>Ἀγαθὸν</strong></span> <span class='ocrx_word' id='word_1_100' title='bbox 804 1915 866 1967; x_wconf 85' lang='grc' dir='ltr'>τὸ</span> <span class='ocrx_word' id='word_1_101' title='bbox 898 1914 972 1986; x_wconf 83' lang='grc' dir='ltr'>μὴ</span> <span class='ocrx_word' id='word_1_102' title='bbox 1030 1913 1311 1979; x_wconf 77' lang='grc' dir='ltr'>εῦξασθαι,</span> <span class='ocrx_word' id='word_1_103' title='bbox 1342 1916 1376 1986; x_wconf 82' lang='grc' dir='ltr'>ἢ</span> <span class='ocrx_word' id='word_1_104' title='bbox 1420 1913 1485 1968; x_wconf 81' lang='grc' dir='ltr'>τὸ</span> <span class='ocrx_word' id='word_1_105' title='bbox 1510 1913 1788 1983; x_wconf 63' lang='grc' dir='ltr'>εὔξασθαι,</span> 
     </span>
    </p>
   </div>
   <div class='ocr_carea' id='block_1_19' title="bbox 200 2006 1791 2081">
    <p class='ocr_par' dir='ltr' id='par_1_19' title="bbox 200 2006 1791 2081">
     <span class='ocr_line' id='line_1_19' title="bbox 200 2006 1791 2081; baseline 0.006 -25"><span class='ocrx_word' id='word_1_106' title='bbox 200 2006 304 2058; x_wconf 71' lang='grc' dir='ltr'><strong>καὶ</strong></span> <span class='ocrx_word' id='word_1_107' title='bbox 336 2006 411 2077; x_wconf 84' lang='grc' dir='ltr'>μὴ</span> <span class='ocrx_word' id='word_1_108' title='bbox 465 2006 810 2059; x_wconf 81' lang='grc' dir='ltr'>ἀποδοῦναι.»</span> <span class='ocrx_word' id='word_1_109' title='bbox 884 2008 949 2060; x_wconf 84' lang='grc' dir='ltr'><strong>Ἦ</strong></span> <span class='ocrx_word' id='word_1_110' title='bbox 1003 2008 1275 2078; x_wconf 79' lang='grc' dir='ltr'>παρθένος</span> <span class='ocrx_word' id='word_1_111' title='bbox 1329 2007 1424 2063; x_wconf 82' lang='grc' dir='ltr'><strong>οῦν</strong></span> <span class='ocrx_word' id='word_1_112' title='bbox 1478 2009 1616 2081; x_wconf 81' lang='grc' dir='ltr'>αὕτη</span> <span class='ocrx_word' id='word_1_113' title='bbox 1649 2010 1791 2066; x_wconf 76' lang='grc' dir='ltr'>ἔστω</span> 
     </span>
    </p>
   </div>
   <div class='ocr_carea' id='block_1_20' title="bbox 203 2097 1788 2176">
    <p class='ocr_par' dir='ltr' id='par_1_20' title="bbox 203 2097 1788 2176">
     <span class='ocr_line' id='line_1_20' title="bbox 203 2097 1788 2176; baseline 0.004 -26"><span class='ocrx_word' id='word_1_114' title='bbox 203 2099 340 2167; x_wconf 72' lang='grc' dir='ltr'>ἁγία</span> <span class='ocrx_word' id='word_1_115' title='bbox 371 2097 582 2170; x_wconf 87' lang='grc' dir='ltr'>σώματι</span> <span class='ocrx_word' id='word_1_116' title='bbox 612 2099 704 2153; x_wconf 76' lang='grc' dir='ltr'><strong>καὶ</strong></span> <span class='ocrx_word' id='word_1_117' title='bbox 731 2099 899 2172; x_wconf 73' lang='grc' dir='ltr'>ψυχῇ,</span> <span class='ocrx_word' id='word_1_118' title='bbox 930 2100 1005 2164; x_wconf 86' lang='grc' dir='ltr'>ὡς</span> <span class='ocrx_word' id='word_1_119' title='bbox 1033 2101 1160 2164; x_wconf 77' lang='grc' dir='ltr'>ναὸς</span> <span class='ocrx_word' id='word_1_120' title='bbox 1188 2101 1344 2166; x_wconf 80' lang='grc' dir='ltr'>Θεοῦ,</span> <span class='ocrx_word' id='word_1_121' title='bbox 1376 2102 1452 2166; x_wconf 85' lang='grc' dir='ltr'>ὡς</span> <span class='ocrx_word' id='word_1_122' title='bbox 1477 2098 1626 2167; x_wconf 74' lang='grc' dir='ltr'>οἶκος</span> <span class='ocrx_word' id='word_1_123' title='bbox 1652 2106 1788 2176; x_wconf 88' lang='grc' dir='ltr'>Χρι-</span> 
     </span>
    </p>
   </div>
   <div class='ocr_carea' id='block_1_21' title="bbox 203 2190 1792 2267">
    <p class='ocr_par' dir='ltr' id='par_1_21' title="bbox 203 2190 1792 2267">
     <span class='ocr_line' id='line_1_21' title="bbox 203 2190 1792 2267; baseline 0.003 -24"><span class='ocrx_word' id='word_1_124' title='bbox 203 2190 361 2253; x_wconf 77' lang='grc' dir='ltr'>στοῦ,</span> <span class='ocrx_word' id='word_1_125' title='bbox 393 2191 469 2254; x_wconf 86' lang='grc' dir='ltr'>ὡς</span> <span class='ocrx_word' id='word_1_126' title='bbox 500 2191 818 2263; x_wconf 83' lang='grc' dir='ltr'>Πνεύματος</span> <span class='ocrx_word' id='word_1_127' title='bbox 839 2192 994 2259; x_wconf 85' lang='grc' dir='ltr'>ἁγίου</span> <span class='ocrx_word' id='word_1_128' title='bbox 1027 2193 1137 2263; x_wconf 78' lang='grc'>(61)</span> <span class='ocrx_word' id='word_1_129' title='bbox 1170 2193 1535 2262; x_wconf 82' lang='grc' dir='ltr'>καταγώγιον.</span> <span class='ocrx_word' id='word_1_130' title='bbox 1568 2198 1658 2247; x_wconf 85' lang='grc' dir='ltr'><strong>Δεῖ</strong></span> <span class='ocrx_word' id='word_1_131' title='bbox 1683 2196 1792 2267; x_wconf 83' lang='grc' dir='ltr'>γὰρ</span> 
     </span>
    </p>
   </div>
   <div class='ocr_carea' id='block_1_22' title="bbox 202 2283 1792 2357">
    <p class='ocr_par' dir='ltr' id='par_1_22' title="bbox 202 2283 1792 2357">
     <span class='ocr_line' id='line_1_22' title="bbox 202 2283 1792 2357; baseline 0.003 -21"><span class='ocrx_word' id='word_1_132' title='bbox 202 2284 309 2354; x_wconf 76' lang='grc' dir='ltr'>τὴν</span> <span class='ocrx_word' id='word_1_133' title='bbox 340 2283 835 2355; x_wconf 79' lang='grc' dir='ltr'>ὲπαγγειλαμένην,</span> <span class='ocrx_word' id='word_1_134' title='bbox 868 2283 992 2351; x_wconf 79' lang='grc' dir='ltr'>ἄξια</span> <span class='ocrx_word' id='word_1_135' title='bbox 1019 2284 1121 2353; x_wconf 83' lang='grc' dir='ltr'>τῆς</span> <span class='ocrx_word' id='word_1_136' title='bbox 1148 2285 1480 2353; x_wconf 74' lang='grc' dir='ltr'>ἐπαγγελίας</span> <span class='ocrx_word' id='word_1_137' title='bbox 1508 2287 1643 2357; x_wconf 76' lang='grc' dir='ltr'>ἔργα</span> <span class='ocrx_word' id='word_1_138' title='bbox 1676 2288 1792 2341; x_wconf 88' lang='grc' dir='ltr'>δια-</span> 
     </span>
    </p>
   </div>
   <div class='ocr_carea' id='block_1_23' title="bbox 204 2375 1792 2448">
    <p class='ocr_par' dir='ltr' id='par_1_23' title="bbox 204 2375 1792 2448">
     <span class='ocr_line' id='line_1_23' title="bbox 204 2375 1792 2448; baseline 0.003 -20"><span class='ocrx_word' id='word_1_139' title='bbox 204 2376 622 2447; x_wconf 84' lang='grc' dir='ltr'>πρασσομένην,</span> <span class='ocrx_word' id='word_1_140' title='bbox 674 2375 942 2430; x_wconf 81' lang='grc' dir='ltr'>δεικνύειν</span> <span class='ocrx_word' id='word_1_141' title='bbox 985 2376 1047 2429; x_wconf 85' lang='grc' dir='ltr'>τὸ</span> <span class='ocrx_word' id='word_1_142' title='bbox 1106 2376 1431 2448; x_wconf 74' lang='grc' dir='ltr'>ἐπάγγελμα</span> <span class='ocrx_word' id='word_1_143' title='bbox 1480 2380 1672 2448; x_wconf 80' lang='grc' dir='ltr'>αὐτῆς,</span> <span class='ocrx_word' id='word_1_144' title='bbox 1711 2381 1792 2433; x_wconf 84' lang='grc' dir='ltr'><strong>δτι</strong></span> 
     </span>
    </p>
   </div>
   <div class='ocr_carea' id='block_1_24' title="bbox 202 2466 1791 2539">
    <p class='ocr_par' dir='ltr' id='par_1_24' title="bbox 202 2466 1791 2539">
     <span class='ocr_line' id='line_1_24' title="bbox 202 2466 1791 2539; baseline 0.003 -20"><span class='ocrx_word' id='word_1_145' title='bbox 202 2469 357 2520; x_wconf 74' lang='grc' dir='ltr'>ἐστὶν</span> <span class='ocrx_word' id='word_1_146' title='bbox 385 2468 612 2539; x_wconf 77' lang='grc' dir='ltr'>ἀληθὲς,</span> <span class='ocrx_word' id='word_1_147' title='bbox 663 2470 757 2522; x_wconf 80' lang='grc' dir='ltr'>κα),</span> <span class='ocrx_word' id='word_1_148' title='bbox 800 2466 891 2521; x_wconf 81' lang='grc' dir='ltr'><strong>διὰ</strong></span> <span class='ocrx_word' id='word_1_149' title='bbox 948 2466 1143 2539; x_wconf 76' lang='grc' dir='ltr'>σχολὴν</span> <span class='ocrx_word' id='word_1_150' title='bbox 1188 2468 1488 2533; x_wconf 86' lang='grc' dir='ltr'>εὐσεϐείας,</span> <span class='ocrx_word' id='word_1_151' title='bbox 1537 2471 1598 2522; x_wconf 86' lang='grc' dir='ltr'><strong>οὺ</strong></span> <span class='ocrx_word' id='word_1_152' title='bbox 1652 2472 1791 2524; x_wconf 79' lang='grc' dir='ltr'>κατὰ</span> 
     </span>
    </p>
   </div>
   <div class='ocr_carea' id='block_1_25' title="bbox 200 2567 1787 2642">
    <p class='ocr_par' dir='ltr' id='par_1_25' title="bbox 200 2567 1787 2642">
     <span class='ocr_line' id='line_1_25' title="bbox 200 2567 1787 2642; baseline 0.001 -19"><span class='ocrx_word' id='word_1_153' title='bbox 200 2570 459 2641; x_wconf 84' lang='grc' dir='ltr'>διαϐολὴν</span> <span class='ocrx_word' id='word_1_154' title='bbox 486 2569 665 2641; x_wconf 84' lang='grc' dir='ltr'>γάμου</span> <span class='ocrx_word' id='word_1_155' title='bbox 693 2568 1011 2640; x_wconf 79' lang='grc' dir='ltr'>γενόμενον.</span> <span class='ocrx_word' id='word_1_156' title='bbox 1046 2567 1227 2621; x_wconf 85' lang='grc' dir='ltr'>Ἔστω</span> <span class='ocrx_word' id='word_1_157' title='bbox 1256 2568 1312 2621; x_wconf 84' lang='grc' dir='ltr'>δὲ</span> <span class='ocrx_word' id='word_1_158' title='bbox 1337 2570 1412 2641; x_wconf 81' lang='grc' dir='ltr'>μὴ</span> <span class='ocrx_word' id='word_1_159' title='bbox 1436 2570 1787 2642; x_wconf 70' lang='grc' dir='ltr'>ρεμϐὰς((ἱ2),</span> 
     </span>
    </p>
   </div>
   <div class='ocr_carea' id='block_1_26' title="bbox 206 2659 1788 2734">
    <p class='ocr_par' dir='ltr' id='par_1_26' title="bbox 206 2659 1788 2734">
     <span class='ocr_line' id='line_1_26' title="bbox 206 2659 1788 2734; baseline 0.015 -23"><span class='ocrx_word' id='word_1_160' title='bbox 206 2662 344 2734; x_wconf 80' lang='grc' dir='ltr'>μηδὲ</span> <span class='ocrx_word' id='word_1_161' title='bbox 374 2660 965 2733; x_wconf 76' lang='grc' dir='ltr'>ἀκαιροπεριπάτητος,</span> <span class='ocrx_word' id='word_1_162' title='bbox 999 2660 1073 2732; x_wconf 81' lang='grc' dir='ltr'>μὴ</span> <span class='ocrx_word' id='word_1_163' title='bbox 1101 2659 1398 2731; x_wconf 85' lang='grc' dir='ltr'>δίγνωμος·</span> <span class='ocrx_word' id='word_1_164' title='bbox 1434 2661 1567 2714; x_wconf 81' lang='grc' dir='ltr'><strong>ἀλλά</strong></span> <span class='ocrx_word' id='word_1_165' title='bbox 1598 2663 1788 2734; x_wconf 73' lang='grc' dir='ltr'><strong>σεμνὴν</strong></span> 
     </span>
    </p>
   </div>
   <div class='ocr_carea' id='block_1_27' title="bbox 202 2752 1790 2826">
    <p class='ocr_par' dir='ltr' id='par_1_27' title="bbox 202 2752 1790 2826">
     <span class='ocr_line' id='line_1_27' title="bbox 202 2752 1790 2826; baseline 0.002 -20"><span class='ocrx_word' id='word_1_166' title='bbox 202 2755 504 2826; x_wconf 80' lang='grc' dir='ltr'>ἐγκρατὴς,</span> <span class='ocrx_word' id='word_1_167' title='bbox 529 2754 784 2826; x_wconf 75' lang='grc' dir='ltr'>σώφρων,</span> <span class='ocrx_word' id='word_1_168' title='bbox 816 2753 978 2824; x_wconf 84' lang='grc' dir='ltr'>ἁγνὴ,</span> <span class='ocrx_word' id='word_1_169' title='bbox 1015 2752 1292 2821; x_wconf 85' lang='grc' dir='ltr'>φεύγουσα</span> <span class='ocrx_word' id='word_1_170' title='bbox 1318 2754 1418 2817; x_wconf 81' lang='grc' dir='ltr'><strong>τὰς</strong></span> <span class='ocrx_word' id='word_1_171' title='bbox 1445 2753 1553 2807; x_wconf 86' lang='grc' dir='ltr'><strong>τῶν</strong></span> <span class='ocrx_word' id='word_1_172' title='bbox 1581 2755 1790 2809; x_wconf 83' lang='grc' dir='ltr'>πολλῶν</span> 
     </span>
    </p>
   </div>
   <div class='ocr_carea' id='block_1_28' title="bbox 206 2844 1478 2917">
    <p class='ocr_par' dir='ltr' id='par_1_28' title="bbox 206 2844 1478 2917">
     <span class='ocr_line' id='line_1_28' title="bbox 206 2844 1478 2917; baseline 0.001 -20"><span class='ocrx_word' id='word_1_173' title='bbox 206 2846 522 2917; x_wconf 82' lang='grc' dir='ltr'>συντυχίας,</span> <span class='ocrx_word' id='word_1_174' title='bbox 555 2848 649 2900; x_wconf 78' lang='grc' dir='ltr'><strong>καὶ</strong></span> <span class='ocrx_word' id='word_1_175' title='bbox 681 2846 913 2917; x_wconf 76' lang='grc' dir='ltr'>μάλιστα</span> <span class='ocrx_word' id='word_1_176' title='bbox 930 2844 1039 2898; x_wconf 85' lang='grc' dir='ltr'><strong>τῶν</strong></span> <span class='ocrx_word' id='word_1_177' title='bbox 1066 2844 1317 2916; x_wconf 84' lang='grc' dir='ltr'>ἀσέμνων</span> <span class='ocrx_word' id='word_1_178' title='bbox 1348 2845 1478 2917; x_wconf 78' lang='grc'>(65).</span> 
     </span>
    </p>
   </div>
   <div class='ocr_carea' id='block_1_29' title="bbox 1127 323 2547 389">
    <p class='ocr_par' dir='ltr' id='par_1_29' title="bbox 1127 323 2547 389">
     <span class='ocr_line' id='line_1_29' title="bbox 1127 323 2547 389; baseline 0.005 -8"><span class='ocrx_word' id='word_1_179' title='bbox 1127 323 1730 384; x_wconf 79' lang='lat' dir='ltr'><strong>CONS‘I‘ITUTIONES</strong></span> <span class='ocrx_word' id='word_1_180' title='bbox 1762 328 2443 389; x_wconf 59' lang='lat' dir='ltr'><strong>APOSTOLICJE.—LIB.</strong></span> <span class='ocrx_word' id='word_1_181' title='bbox 2484 332 2547 388; x_wconf 85' lang='lat' dir='ltr'><strong>V.</strong></span> 
     </span>
    </p>
   </div>
   <div class='ocr_carea' id='block_1_30' title="bbox 1825 450 1873 509">
    <p class='ocr_par' dir='ltr' id='par_1_30' title="bbox 1825 450 1873 509">
     <span class='ocr_line' id='line_1_30' title="bbox 1825 450 1873 509; baseline 0 0"><span class='ocrx_word' id='word_1_182' title='bbox 1825 450 1873 509; x_wconf 69' lang='grc' dir='ltr'><strong>Δ</strong></span> 
     </span>
    </p>
   </div>
   <div class='ocr_carea' id='block_1_31' title="bbox 3362 344 3469 399">
    <p class='ocr_par' dir='ltr' id='par_1_31' title="bbox 3362 344 3469 399">
     <span class='ocr_line' id='line_1_31' title="bbox 3362 344 3469 399; baseline 0 0"><span class='ocrx_word' id='word_1_183' title='bbox 3362 344 3469 399; x_wconf 74' lang='grc'><strong>826</strong></span> 
     </span>
    </p>
   </div>
   <div class='ocr_carea' id='block_1_32' title="bbox 2487 446 2890 505">
    <p class='ocr_par' dir='ltr' id='par_1_32' title="bbox 2487 446 2890 505">
     <span class='ocr_line' id='line_1_32' title="bbox 2487 446 2890 505; baseline 0.007 -3"><span class='ocrx_word' id='word_1_184' title='bbox 2487 446 2718 502; x_wconf 75' lang='lat' dir='ltr'><strong>CAPUT</strong></span> <span class='ocrx_word' id='word_1_185' title='bbox 2757 447 2890 505; x_wconf 78' lang='lat' dir='ltr'>XIII.</span> 
     </span>
    </p>
   </div>
   <div class='ocr_carea' id='block_1_33' title="bbox 1899 536 3467 617">
    <p class='ocr_par' dir='ltr' id='par_1_33' title="bbox 1899 536 3467 617">
     <span class='ocr_line' id='line_1_33' title="bbox 1899 536 3467 617; baseline 0.009 -27"><span class='ocrx_word' id='word_1_186' title='bbox 1899 536 1964 591; x_wconf 86' lang='lat' dir='ltr'><strong>In</strong></span> <span class='ocrx_word' id='word_1_187' title='bbox 1987 536 2176 607; x_wconf 84' lang='lat' dir='ltr'><strong>quibus</strong></span> <span class='ocrx_word' id='word_1_188' title='bbox 2225 547 2463 605; x_wconf 78' lang='lat' dir='ltr'><strong>oporteat</strong></span> <span class='ocrx_word' id='word_1_189' title='bbox 2518 540 2710 609; x_wconf 78' lang='lat' dir='ltr'><strong>subjici</strong></span> <span class='ocrx_word' id='word_1_190' title='bbox 2742 542 3087 598; x_wconf 66' lang='lat' dir='ltr'><strong>saecularibus</strong></span> <span class='ocrx_word' id='word_1_191' title='bbox 3114 547 3467 617; x_wconf 66' lang='lat' dir='ltr'><strong>principibus.</strong></span> 
     </span>
    </p>
   </div>
   <div class='ocr_carea' id='block_1_34' title="bbox 1964 628 3470 712">
    <p class='ocr_par' dir='ltr' id='par_1_34' title="bbox 1964 628 3470 712">
     <span class='ocr_line' id='line_1_34' title="bbox 1964 628 3470 712; baseline 0.009 -29"><span class='ocrx_word' id='word_1_192' title='bbox 1964 628 2234 685; x_wconf 85' lang='lat' dir='ltr'><strong>Omnibus</strong></span> <span class='ocrx_word' id='word_1_193' title='bbox 2293 632 2516 702; x_wconf 79' lang='lat' dir='ltr'><strong>regibus</strong></span> <span class='ocrx_word' id='word_1_194' title='bbox 2556 647 2621 687; x_wconf 87' lang='lat' dir='ltr'><strong>ac</strong></span> <span class='ocrx_word' id='word_1_195' title='bbox 2665 635 3028 704; x_wconf 79' lang='lat' dir='ltr'><strong>principibus,</strong></span> <span class='ocrx_word' id='word_1_196' title='bbox 3060 637 3113 691; x_wconf 90' lang='lat' dir='ltr'><strong>in</strong></span> <span class='ocrx_word' id='word_1_197' title='bbox 3153 640 3317 696; x_wconf 84' lang='lat' dir='ltr'><strong>rebus</strong></span> <span class='ocrx_word' id='word_1_198' title='bbox 3347 657 3470 712; x_wconf 75' lang='lat' dir='ltr'><strong>quae</strong></span> 
     </span>
    </p>
   </div>
   <div class='ocr_carea' id='block_1_35' title="bbox 1894 721 3472 799">
    <p class='ocr_par' dir='ltr' id='par_1_35' title="bbox 1894 721 3472 799">
     <span class='ocr_line' id='line_1_35' title="bbox 1894 721 3472 799; baseline 0.01 -24"><span class='ocrx_word' id='word_1_199' title='bbox 1894 722 2110 791; x_wconf 88' lang='lat' dir='ltr'><strong>placent</strong></span> <span class='ocrx_word' id='word_1_200' title='bbox 2157 721 2300 787; x_wconf 88' lang='lat' dir='ltr'><strong>Deo,</strong></span> <span class='ocrx_word' id='word_1_201' title='bbox 2358 724 2594 793; x_wconf 74' lang='lat' dir='ltr'><strong>subjecti</strong></span> <span class='ocrx_word' id='word_1_202' title='bbox 2641 733 2837 791; x_wconf 86' lang='lat' dir='ltr'><strong>estote,</strong></span> <span class='ocrx_word' id='word_1_203' title='bbox 2891 734 3145 799; x_wconf 77' lang='lat' dir='ltr'><strong>tanquam</strong></span> <span class='ocrx_word' id='word_1_204' title='bbox 3201 732 3472 791; x_wconf 79' lang='lat' dir='ltr'><strong>ministris</strong></span> 
     </span>
    </p>
   </div>
   <div class='ocr_carea' id='block_1_36' title="bbox 1895 816 3467 888">
    <p class='ocr_par' dir='ltr' id='par_1_36' title="bbox 1895 816 3467 888">
     <span class='ocr_line' id='line_1_36' title="bbox 1895 816 3467 888; baseline 0.009 -21"><span class='ocrx_word' id='word_1_205' title='bbox 1895 816 2012 880; x_wconf 88' lang='lat' dir='ltr'><strong>Dei,</strong></span> <span class='ocrx_word' id='word_1_206' title='bbox 2042 824 2096 871; x_wconf 88' lang='lat' dir='ltr'><strong>et</strong></span> <span class='ocrx_word' id='word_1_207' title='bbox 2124 816 2471 886; x_wconf 85' lang='lat' dir='ltr'><strong>punitoribus</strong></span> <span class='ocrx_word' id='word_1_208' title='bbox 2499 818 2792 888; x_wconf 87' lang='lat' dir='ltr'><strong>impiorum</strong></span> <span class='ocrx_word' id='word_1_209' title='bbox 2821 820 2895 876; x_wconf 62' lang='grc' dir='ltr'><strong>τις</strong></span> <span class='ocrx_word' id='word_1_210' title='bbox 2928 823 3181 878; x_wconf 78' lang='lat' dir='ltr'><strong>exhibete</strong></span> <span class='ocrx_word' id='word_1_211' title='bbox 3210 825 3319 881; x_wconf 90' lang='lat' dir='ltr'><strong>illis</strong></span> <span class='ocrx_word' id='word_1_212' title='bbox 3349 841 3467 881; x_wconf 80' lang='lat' dir='ltr'><strong>om-</strong></span> 
     </span>
    </p>
   </div>
   <div class='ocr_carea' id='block_1_37' title="bbox 1895 907 3468 985">
    <p class='ocr_par' dir='ltr' id='par_1_37' title="bbox 1895 907 3468 985">
     <span class='ocr_line' id='line_1_37' title="bbox 1895 907 3468 985; baseline 0.009 -25"><span class='ocrx_word' id='word_1_213' title='bbox 1895 923 2020 962; x_wconf 88' lang='lat' dir='ltr'><strong>nem</strong></span> <span class='ocrx_word' id='word_1_214' title='bbox 2051 907 2293 963; x_wconf 90' lang='lat' dir='ltr'><strong>debitum</strong></span> <span class='ocrx_word' id='word_1_215' title='bbox 2323 910 2599 975; x_wconf 79' lang='lat' dir='ltr'><strong>timorem,</strong></span> <span class='ocrx_word' id='word_1_216' title='bbox 2628 926 2790 966; x_wconf 91' lang='lat' dir='ltr'><strong>omne</strong></span> <span class='ocrx_word' id='word_1_217' title='bbox 2819 915 3072 985; x_wconf 83' lang='lat' dir='ltr'><strong>vectigal,</strong></span> <span class='ocrx_word' id='word_1_218' title='bbox 3106 930 3268 971; x_wconf 89' lang='lat' dir='ltr'><strong>omne</strong></span> <span class='ocrx_word' id='word_1_219' title='bbox 3290 919 3468 973; x_wconf 87' lang='lat' dir='ltr'><strong>tribu-</strong></span> 
     </span>
    </p>
   </div>
   <div class='ocr_carea' id='block_1_38' title="bbox 1894 1001 3468 1074">
    <p class='ocr_par' dir='ltr' id='par_1_38' title="bbox 1894 1001 3468 1074">
     <span class='ocr_line' id='line_1_38' title="bbox 1894 1001 3468 1074; baseline 0.008 -22"><span class='ocrx_word' id='word_1_220' title='bbox 1894 1006 2030 1065; x_wconf 84' lang='lat' dir='ltr'><strong>tum,</strong></span> <span class='ocrx_word' id='word_1_221' title='bbox 2065 1014 2279 1055; x_wconf 91' lang='lat' dir='ltr'><strong>omnem</strong></span> <span class='ocrx_word' id='word_1_222' title='bbox 2309 1001 2593 1069; x_wconf 84' lang='lat' dir='ltr'><strong>honorem,</strong></span> <span class='ocrx_word' id='word_1_223' title='bbox 2624 1005 2996 1074; x_wconf 81' lang='lat' dir='ltr'><strong>collationem,</strong></span> <span class='ocrx_word' id='word_1_224' title='bbox 3044 1023 3293 1064; x_wconf 90' lang='lat' dir='ltr'><strong>censum.</strong></span> <span class='ocrx_word' id='word_1_225' title='bbox 3352 1010 3468 1068; x_wconf 85' lang='lat' dir='ltr'><strong>Hoc</strong></span> 
     </span>
    </p>
   </div>
   <div class='ocr_carea' id='block_1_39' title="bbox 1892 1090 3467 1169">
    <p class='ocr_par' dir='ltr' id='par_1_39' title="bbox 1892 1090 3467 1169">
     <span class='ocr_line' id='line_1_39' title="bbox 1892 1090 3467 1169; baseline 0.01 -23"><span class='ocrx_word' id='word_1_226' title='bbox 1892 1091 2040 1146; x_wconf 87' lang='lat' dir='ltr'><strong>enim</strong></span> <span class='ocrx_word' id='word_1_227' title='bbox 2070 1098 2156 1146; x_wconf 85' lang='lat' dir='ltr'><strong>est</strong></span> <span class='ocrx_word' id='word_1_228' title='bbox 2190 1090 2281 1146; x_wconf 88' lang='lat' dir='ltr'><strong>Dei</strong></span> <span class='ocrx_word' id='word_1_229' title='bbox 2312 1093 2649 1161; x_wconf 88' lang='lat' dir='ltr'><strong>mandatum,</strong></span> <span class='ocrx_word' id='word_1_230' title='bbox 2681 1097 2882 1152; x_wconf 89' lang='lat' dir='ltr'><strong>nemini</strong></span> <span class='ocrx_word' id='word_1_231' title='bbox 2921 1098 3217 1169; x_wconf 83' lang='lat' dir='ltr'><strong>quidquam</strong></span> <span class='ocrx_word' id='word_1_232' title='bbox 3246 1100 3467 1162; x_wconf 64' lang='lat' dir='ltr'><strong>debere.</strong></span> 
     </span>
    </p>
   </div>
   <div class='ocr_carea' id='block_1_40' title="bbox 1893 1183 3464 1262">
    <p class='ocr_par' dir='ltr' id='par_1_40' title="bbox 1893 1183 3464 1262">
     <span class='ocr_line' id='line_1_40' title="bbox 1893 1183 3464 1262; baseline 0.01 -27"><span class='ocrx_word' id='word_1_233' title='bbox 1893 1183 2001 1238; x_wconf 88' lang='lat' dir='ltr'><strong>nisi</strong></span> <span class='ocrx_word' id='word_1_234' title='bbox 2029 1184 2287 1239; x_wconf 70' lang='lat' dir='ltr'><strong>amicitia:</strong></span> <span class='ocrx_word' id='word_1_235' title='bbox 2314 1193 2603 1250; x_wconf 87' lang='lat' dir='ltr'><strong>tesseram,</strong></span> <span class='ocrx_word' id='word_1_236' title='bbox 2656 1204 2823 1258; x_wconf 89' lang='lat' dir='ltr'><strong>quam</strong></span> <span class='ocrx_word' id='word_1_237' title='bbox 2871 1190 3015 1247; x_wconf 88' lang='lat' dir='ltr'><strong>Deus</strong></span> <span class='ocrx_word' id='word_1_238' title='bbox 3042 1208 3139 1262; x_wconf 89' lang='lat' dir='ltr'><strong>per</strong></span> <span class='ocrx_word' id='word_1_239' title='bbox 3185 1193 3464 1251; x_wconf 86' lang='lat' dir='ltr'><strong>Christum</strong></span> 
     </span>
    </p>
   </div>
   <div class='ocr_carea' id='block_1_41' title="bbox 1894 1277 2198 1331">
    <p class='ocr_par' dir='ltr' id='par_1_41' title="bbox 1894 1277 2198 1331">
     <span class='ocr_line' id='line_1_41' title="bbox 1894 1277 2198 1331; baseline 0 -2"><span class='ocrx_word' id='word_1_240' title='bbox 1894 1277 2198 1331; x_wconf 83' lang='lat' dir='ltr'><strong>constituit.</strong></span> 
     </span>
    </p>
   </div>
   <div class='ocr_carea' id='block_1_42' title="bbox 2423 1370 2901 1429">
    <p class='ocr_par' dir='ltr' id='par_1_42' title="bbox 2423 1370 2901 1429">
     <span class='ocr_line' id='line_1_42' title="bbox 2423 1370 2901 1429; baseline 0.002 -2"><span class='ocrx_word' id='word_1_241' title='bbox 2423 1370 2688 1427; x_wconf 79' lang='lat' dir='ltr'><strong>CAPUT</strong></span> <span class='ocrx_word' id='word_1_242' title='bbox 2748 1372 2901 1429; x_wconf 74' lang='lat' dir='ltr'><strong>XIV.</strong></span> 
     </span>
    </p>
   </div>
   <div class='ocr_carea' id='block_1_43' title="bbox 2474 1464 2886 1535">
    <p class='ocr_par' dir='ltr' id='par_1_43' title="bbox 2474 1464 2886 1535">
     <span class='ocr_line' id='line_1_43' title="bbox 2474 1464 2886 1535; baseline 0.007 -17"><span class='ocrx_word' id='word_1_243' title='bbox 2474 1464 2553 1519; x_wconf 86' lang='lat' dir='ltr'><strong>De</strong></span> <span class='ocrx_word' id='word_1_244' title='bbox 2580 1464 2886 1535; x_wconf 84' lang='lat' dir='ltr'><strong>virginibus.</strong></span> 
     </span>
    </p>
   </div>
   <div class='ocr_carea' id='block_1_44' title="bbox 1963 1554 3465 1627">
    <p class='ocr_par' dir='ltr' id='par_1_44' title="bbox 1963 1554 3465 1627">
     <span class='ocr_line' id='line_1_44' title="bbox 1963 1554 3465 1627; baseline -0.001 -16"><span class='ocrx_word' id='word_1_245' title='bbox 1963 1557 2037 1611; x_wconf 90' lang='lat' dir='ltr'><strong>De</strong></span> <span class='ocrx_word' id='word_1_246' title='bbox 2053 1556 2363 1627; x_wconf 83' lang='lat' dir='ltr'><strong>virginitate</strong></span> <span class='ocrx_word' id='word_1_247' title='bbox 2379 1564 2561 1612; x_wconf 89' lang='lat' dir='ltr'><strong>autem</strong></span> <span class='ocrx_word' id='word_1_248' title='bbox 2591 1556 2903 1610; x_wconf 87' lang='lat' dir='ltr'><strong>mandatum</strong></span> <span class='ocrx_word' id='word_1_249' title='bbox 2937 1571 3043 1609; x_wconf 92' lang='lat' dir='ltr'><strong>non</strong></span> <span class='ocrx_word' id='word_1_250' title='bbox 3069 1554 3465 1625; x_wconf 75' lang='lat' dir='ltr'><strong>accepimus&quot;.</strong></span> 
     </span>
    </p>
   </div>
   <div class='ocr_carea' id='block_1_45' title="bbox 1892 1646 3468 1718">
    <p class='ocr_par' dir='ltr' id='par_1_45' title="bbox 1892 1646 3468 1718">
     <span class='ocr_line' id='line_1_45' title="bbox 1892 1646 3468 1718; baseline -0.003 -17"><span class='ocrx_word' id='word_1_251' title='bbox 1892 1646 1989 1701; x_wconf 86' lang='lat' dir='ltr'><strong>sed</strong></span> <span class='ocrx_word' id='word_1_252' title='bbox 2036 1662 2148 1700; x_wconf 88' lang='lat' dir='ltr'><strong>rem</strong></span> <span class='ocrx_word' id='word_1_253' title='bbox 2195 1647 2489 1701; x_wconf 86' lang='lat' dir='ltr'><strong>volentium</strong></span> <span class='ocrx_word' id='word_1_254' title='bbox 2543 1648 2799 1718; x_wconf 85' lang='lat' dir='ltr'><strong>potestati</strong></span> <span class='ocrx_word' id='word_1_255' title='bbox 2834 1646 3218 1717; x_wconf 82' lang='lat' dir='ltr'><strong>permittimus,</strong></span> <span class='ocrx_word' id='word_1_256' title='bbox 3259 1652 3319 1699; x_wconf 91' lang='lat' dir='ltr'><strong>ut</strong></span> <span class='ocrx_word' id='word_1_257' title='bbox 3368 1660 3468 1697; x_wconf 85' lang='lat' dir='ltr'><strong>vo—</strong></span> 
     </span>
    </p>
   </div>
   <div class='ocr_carea' id='block_1_46' title="bbox 1893 1736 3468 1807">
    <p class='ocr_par' dir='ltr' id='par_1_46' title="bbox 1893 1736 3468 1807">
     <span class='ocr_line' id='line_1_46' title="bbox 1893 1736 3468 1807; baseline -0.003 -14"><span class='ocrx_word' id='word_1_258' title='bbox 1893 1748 2047 1805; x_wconf 90' lang='lat' dir='ltr'><strong>tum;</strong></span> <span class='ocrx_word' id='word_1_259' title='bbox 2083 1740 2211 1794; x_wconf 92' lang='lat' dir='ltr'><strong>illud</strong></span> <span class='ocrx_word' id='word_1_260' title='bbox 2247 1749 2427 1795; x_wconf 86' lang='lat' dir='ltr'><strong>tamen</strong></span> <span class='ocrx_word' id='word_1_261' title='bbox 2464 1741 2530 1795; x_wconf 89' lang='lat' dir='ltr'><strong>iis</strong></span> <span class='ocrx_word' id='word_1_262' title='bbox 2560 1740 2873 1804; x_wconf 79' lang='lat' dir='ltr'><strong>suadentes,</strong></span> <span class='ocrx_word' id='word_1_263' title='bbox 2910 1755 2975 1792; x_wconf 92' lang='lat' dir='ltr'><strong>ne</strong></span> <span class='ocrx_word' id='word_1_264' title='bbox 3007 1736 3136 1807; x_wconf 85' lang='lat' dir='ltr'><strong>quid</strong></span> <span class='ocrx_word' id='word_1_265' title='bbox 3166 1751 3468 1806; x_wconf 85' lang='lat' dir='ltr'><strong>properan-</strong></span> 
     </span>
    </p>
   </div>
   <div class='ocr_carea' id='block_1_47' title="bbox 1897 1825 3469 1899">
    <p class='ocr_par' dir='ltr' id='par_1_47' title="bbox 1897 1825 3469 1899">
     <span class='ocr_line' id='line_1_47' title="bbox 1897 1825 3469 1899; baseline 0 -19"><span class='ocrx_word' id='word_1_266' title='bbox 1897 1836 1979 1881; x_wconf 89' lang='lat' dir='ltr'><strong>ter</strong></span> <span class='ocrx_word' id='word_1_267' title='bbox 2016 1844 2079 1881; x_wconf 86' lang='lat' dir='ltr'><strong>ac</strong></span> <span class='ocrx_word' id='word_1_268' title='bbox 2110 1837 2313 1884; x_wconf 84' lang='lat' dir='ltr'><strong>temere</strong></span> <span class='ocrx_word' id='word_1_269' title='bbox 2344 1831 2696 1899; x_wconf 86' lang='lat' dir='ltr'><strong>promittant:</strong></span> <span class='ocrx_word' id='word_1_270' title='bbox 2730 1827 3171 1898; x_wconf 85' lang='lat' dir='ltr'><strong>quandoquidem</strong></span> <span class='ocrx_word' id='word_1_271' title='bbox 3206 1825 3469 1881; x_wconf 88' lang='lat' dir='ltr'><strong>Salomon</strong></span> 
     </span>
    </p>
   </div>
   <div class='ocr_carea' id='block_1_48' title="bbox 1896 1918 3470 1991">
    <p class='ocr_par' dir='ltr' id='par_1_48' title="bbox 1896 1918 3470 1991">
     <span class='ocr_line' id='line_1_48' title="bbox 1896 1918 3470 1991; baseline 0.001 -21"><span class='ocrx_word' id='word_1_272' title='bbox 1896 1918 2003 1971; x_wconf 90' lang='lat' dir='ltr'><strong>ait:</strong></span> <span class='ocrx_word' id='word_1_273' title='bbox 2042 1937 2061 1968; x_wconf 79' lang='grc' dir='ltr'><strong>ι</strong></span> <span class='ocrx_word' id='word_1_274' title='bbox 2102 1918 2294 1976; x_wconf 84' lang='lat' dir='ltr'><strong>Melius</strong></span> <span class='ocrx_word' id='word_1_275' title='bbox 2323 1931 2408 1976; x_wconf 89' lang='lat' dir='ltr'><strong>est</strong></span> <span class='ocrx_word' id='word_1_276' title='bbox 2436 1938 2544 1978; x_wconf 89' lang='lat' dir='ltr'><strong>non</strong></span> <span class='ocrx_word' id='word_1_277' title='bbox 2590 1938 2811 1988; x_wconf 84' lang='lat' dir='ltr'><strong>vovere,</strong></span> <span class='ocrx_word' id='word_1_278' title='bbox 2853 1938 3015 1991; x_wconf 86' lang='lat' dir='ltr'><strong>quam</strong></span> <span class='ocrx_word' id='word_1_279' title='bbox 3048 1935 3245 1977; x_wconf 77' lang='lat' dir='ltr'><strong>vovere</strong></span> <span class='ocrx_word' id='word_1_280' title='bbox 3273 1929 3326 1973; x_wconf 89' lang='lat' dir='ltr'><strong>et</strong></span> <span class='ocrx_word' id='word_1_281' title='bbox 3362 1934 3470 1972; x_wconf 88' lang='lat' dir='ltr'><strong>non</strong></span> 
     </span>
    </p>
   </div>
   <div class='ocr_carea' id='block_1_49' title="bbox 1895 2009 3475 2087">
    <p class='ocr_par' dir='ltr' id='par_1_49' title="bbox 1895 2009 3475 2087">
     <span class='ocr_line' id='line_1_49' title="bbox 1895 2009 3475 2087; baseline -0.004 -17"><span class='ocrx_word' id='word_1_282' title='bbox 1895 2014 2122 2070; x_wconf 83' lang='lat' dir='ltr'><strong>reddere</strong></span> <span class='ocrx_word' id='word_1_283' title='bbox 2149 2013 2238 2067; x_wconf 69' lang='lat'><strong>7&quot;.</strong></span> <span class='ocrx_word' id='word_1_284' title='bbox 2271 2032 2289 2064; x_wconf 80' lang='grc' dir='ltr'><strong>ι</strong></span> <span class='ocrx_word' id='word_1_285' title='bbox 2329 2012 2411 2068; x_wconf 87' lang='lat' dir='ltr'><strong>Sit</strong></span> <span class='ocrx_word' id='word_1_286' title='bbox 2444 2015 2608 2087; x_wconf 80' lang='lat' dir='ltr'><strong>igitur</strong></span> <span class='ocrx_word' id='word_1_287' title='bbox 2633 2013 2787 2084; x_wconf 76' lang='lat' dir='ltr'><strong>virgo</strong></span> <span class='ocrx_word' id='word_1_288' title='bbox 2810 2022 2999 2068; x_wconf 84' lang='lat' dir='ltr'><strong>sancta</strong></span> <span class='ocrx_word' id='word_1_289' title='bbox 3030 2027 3259 2083; x_wconf 88' lang='lat' dir='ltr'><strong>corpore</strong></span> <span class='ocrx_word' id='word_1_290' title='bbox 3287 2009 3475 2066; x_wconf 87' lang='lat' dir='ltr'><strong>clani-</strong></span> 
     </span>
    </p>
   </div>
   <div class='ocr_carea' id='block_1_50' title="bbox 1896 2104 3469 2179">
    <p class='ocr_par' dir='ltr' id='par_1_50' title="bbox 1896 2104 3469 2179">
     <span class='ocr_line' id='line_1_50' title="bbox 1896 2104 3469 2179; baseline 0.004 -21"><span class='ocrx_word' id='word_1_291' title='bbox 1896 2121 2012 2171; x_wconf 87' lang='lat' dir='ltr'><strong>ma,</strong></span> <span class='ocrx_word' id='word_1_292' title='bbox 2048 2114 2107 2159; x_wconf 93' lang='lat' dir='ltr'><strong>ut</strong></span> <span class='ocrx_word' id='word_1_293' title='bbox 2138 2106 2397 2175; x_wconf 89' lang='lat' dir='ltr'><strong>templum</strong></span> <span class='ocrx_word' id='word_1_294' title='bbox 2432 2104 2548 2169; x_wconf 84' lang='lat' dir='ltr'><strong>Dei,</strong></span> <span class='ocrx_word' id='word_1_295' title='bbox 2584 2114 2642 2159; x_wconf 91' lang='lat' dir='ltr'><strong>ut</strong></span> <span class='ocrx_word' id='word_1_296' title='bbox 2665 2107 2859 2163; x_wconf 87' lang='lat' dir='ltr'><strong>domus</strong></span> <span class='ocrx_word' id='word_1_297' title='bbox 2887 2108 3114 2175; x_wconf 86' lang='lat' dir='ltr'><strong>Christi,</strong></span> <span class='ocrx_word' id='word_1_298' title='bbox 3147 2119 3205 2162; x_wconf 90' lang='lat' dir='ltr'><strong>ut</strong></span> <span class='ocrx_word' id='word_1_299' title='bbox 3231 2106 3469 2179; x_wconf 89' lang='lat' dir='ltr'><strong>Spiritus</strong></span> 
     </span>
    </p>
   </div>
   <div class='ocr_carea' id='block_1_51' title="bbox 1897 2197 3469 2271">
    <p class='ocr_par' dir='ltr' id='par_1_51' title="bbox 1897 2197 3469 2271">
     <span class='ocr_line' id='line_1_51' title="bbox 1897 2197 3469 2271; baseline 0.001 -18"><span class='ocrx_word' id='word_1_300' title='bbox 1897 2199 2075 2253; x_wconf 87' lang='lat' dir='ltr'><strong>sancti</strong></span> <span class='ocrx_word' id='word_1_301' title='bbox 2111 2199 2322 2253; x_wconf 86' lang='lat' dir='ltr'><strong>mansio</strong></span> <span class='ocrx_word' id='word_1_302' title='bbox 2346 2198 2414 2253; x_wconf 80' lang='lat'><strong>&quot;.</strong></span> <span class='ocrx_word' id='word_1_303' title='bbox 2468 2197 2694 2268; x_wconf 87' lang='lat' dir='ltr'><strong>Oportet</strong></span> <span class='ocrx_word' id='word_1_304' title='bbox 2745 2199 2892 2254; x_wconf 89' lang='lat' dir='ltr'><strong>cnim</strong></span> <span class='ocrx_word' id='word_1_305' title='bbox 2923 2216 3043 2255; x_wconf 89' lang='lat' dir='ltr'><strong>eam</strong></span> <span class='ocrx_word' id='word_1_306' title='bbox 3077 2216 3199 2271; x_wconf 71' lang='lat' dir='ltr'><strong>qua:</strong></span> <span class='ocrx_word' id='word_1_307' title='bbox 3221 2200 3469 2270; x_wconf 81' lang='lat' dir='ltr'><strong>professa</strong></span> 
     </span>
    </p>
   </div>
   <div class='ocr_carea' id='block_1_52' title="bbox 1894 2291 3470 2362">
    <p class='ocr_par' dir='ltr' id='par_1_52' title="bbox 1894 2291 3470 2362">
     <span class='ocr_line' id='line_1_52' title="bbox 1894 2291 3470 2362; baseline 0.002 -16"><span class='ocrx_word' id='word_1_308' title='bbox 1894 2299 2002 2355; x_wconf 89' lang='lat' dir='ltr'><strong>est,</strong></span> <span class='ocrx_word' id='word_1_309' title='bbox 2036 2291 2229 2362; x_wconf 86' lang='lat' dir='ltr'><strong>dignas</strong></span> <span class='ocrx_word' id='word_1_310' title='bbox 2254 2291 2599 2361; x_wconf 84' lang='lat' dir='ltr'><strong>professione</strong></span> <span class='ocrx_word' id='word_1_311' title='bbox 2641 2293 2888 2348; x_wconf 86' lang='lat' dir='ltr'><strong>actiones</strong></span> <span class='ocrx_word' id='word_1_312' title='bbox 2925 2293 3233 2349; x_wconf 79' lang='lat' dir='ltr'><strong>exercendo</strong></span> <span class='ocrx_word' id='word_1_313' title='bbox 3279 2302 3470 2351; x_wconf 77' lang='lat' dir='ltr'><strong>osten-</strong></span> 
     </span>
    </p>
   </div>
   <div class='ocr_carea' id='block_1_53' title="bbox 1896 2385 3473 2457">
    <p class='ocr_par' dir='ltr' id='par_1_53' title="bbox 1896 2385 3473 2457">
     <span class='ocr_line' id='line_1_53' title="bbox 1896 2385 3473 2457; baseline 0.002 -18"><span class='ocrx_word' id='word_1_314' title='bbox 1896 2385 2045 2448; x_wconf 91' lang='lat' dir='ltr'><strong>dere,</strong></span> <span class='ocrx_word' id='word_1_315' title='bbox 2079 2400 2266 2440; x_wconf 83' lang='lat' dir='ltr'><strong>verum</strong></span> <span class='ocrx_word' id='word_1_316' title='bbox 2291 2399 2413 2439; x_wconf 87' lang='lat' dir='ltr'><strong>esse</strong></span> <span class='ocrx_word' id='word_1_317' title='bbox 2443 2385 2773 2453; x_wconf 88' lang='lat' dir='ltr'><strong>promissum</strong></span> <span class='ocrx_word' id='word_1_318' title='bbox 2805 2401 2988 2449; x_wconf 90' lang='lat' dir='ltr'><strong>suum,</strong></span> <span class='ocrx_word' id='word_1_319' title='bbox 3040 2393 3093 2441; x_wconf 89' lang='lat' dir='ltr'><strong>et</strong></span> <span class='ocrx_word' id='word_1_320' title='bbox 3140 2387 3323 2441; x_wconf 88' lang='lat' dir='ltr'><strong>studio</strong></span> <span class='ocrx_word' id='word_1_321' title='bbox 3355 2388 3473 2457; x_wconf 87' lang='lat' dir='ltr'><strong>pie-</strong></span> 
     </span>
    </p>
   </div>
   <div class='ocr_carea' id='block_1_54' title="bbox 1896 2477 3468 2541">
    <p class='ocr_par' dir='ltr' id='par_1_54' title="bbox 1896 2477 3468 2541">
     <span class='ocr_line' id='line_1_54' title="bbox 1896 2477 3468 2541; baseline 0.003 -10"><span class='ocrx_word' id='word_1_322' title='bbox 1896 2477 2043 2541; x_wconf 87' lang='lat' dir='ltr'><strong>tatis,</strong></span> <span class='ocrx_word' id='word_1_323' title='bbox 2074 2494 2185 2532; x_wconf 86' lang='lat' dir='ltr'><strong>non</strong></span> <span class='ocrx_word' id='word_1_324' title='bbox 2216 2484 2397 2532; x_wconf 87' lang='lat' dir='ltr'><strong>autem</strong></span> <span class='ocrx_word' id='word_1_325' title='bbox 2431 2481 2485 2531; x_wconf 88' lang='lat' dir='ltr'><strong>in</strong></span> <span class='ocrx_word' id='word_1_326' title='bbox 2521 2478 2975 2533; x_wconf 85' lang='lat' dir='ltr'><strong>obtrectationem</strong></span> <span class='ocrx_word' id='word_1_327' title='bbox 3023 2479 3358 2534; x_wconf 86' lang='lat' dir='ltr'><strong>matrimonii</strong></span> <span class='ocrx_word' id='word_1_328' title='bbox 3385 2480 3468 2535; x_wconf 79' lang='lat' dir='ltr'><strong>la-</strong></span> 
     </span>
    </p>
   </div>
   <div class='ocr_carea' id='block_1_55' title="bbox 1896 2569 3472 2643">
    <p class='ocr_par' dir='ltr' id='par_1_55' title="bbox 1896 2569 3472 2643">
     <span class='ocr_line' id='line_1_55' title="bbox 1896 2569 3472 2643; baseline 0.003 -18"><span class='ocrx_word' id='word_1_329' title='bbox 1896 2579 2067 2628; x_wconf 84' lang='lat' dir='ltr'><strong>etum.</strong></span> <span class='ocrx_word' id='word_1_330' title='bbox 2098 2572 2140 2603; x_wconf 83' lang='grc'><strong>⁷⁷</strong></span> <span class='ocrx_word' id='word_1_331' title='bbox 2170 2569 2254 2624; x_wconf 87' lang='lat' dir='ltr'><strong>Sit</strong></span> <span class='ocrx_word' id='word_1_332' title='bbox 2278 2571 2441 2625; x_wconf 88' lang='lat' dir='ltr'><strong>etiam</strong></span> <span class='ocrx_word' id='word_1_333' title='bbox 2490 2588 2601 2625; x_wconf 90' lang='lat' dir='ltr'><strong>non</strong></span> <span class='ocrx_word' id='word_1_334' title='bbox 2653 2587 2813 2642; x_wconf 83' lang='lat' dir='ltr'><strong>vaga,</strong></span> <span class='ocrx_word' id='word_1_335' title='bbox 2868 2587 3050 2642; x_wconf 87' lang='lat' dir='ltr'><strong>neque</strong></span> <span class='ocrx_word' id='word_1_336' title='bbox 3089 2573 3472 2643; x_wconf 87' lang='lat' dir='ltr'><strong>intempestive</strong></span> 
     </span>
    </p>
   </div>
   <div class='ocr_carea' id='block_1_56' title="bbox 1896 2662 3473 2736">
    <p class='ocr_par' dir='ltr' id='par_1_56' title="bbox 1896 2662 3473 2736">
     <span class='ocr_line' id='line_1_56' title="bbox 1896 2662 3473 2736; baseline 0.002 -19"><span class='ocrx_word' id='word_1_337' title='bbox 1896 2662 2280 2727; x_wconf 87' lang='lat' dir='ltr'><strong>obambulans,</strong></span> <span class='ocrx_word' id='word_1_338' title='bbox 2313 2678 2423 2718; x_wconf 88' lang='lat' dir='ltr'><strong>non</strong></span> <span class='ocrx_word' id='word_1_339' title='bbox 2454 2664 2714 2734; x_wconf 84' lang='lat' dir='ltr'><strong>ancipitis</strong></span> <span class='ocrx_word' id='word_1_340' title='bbox 2744 2664 2939 2731; x_wconf 88' lang='lat' dir='ltr'><strong>animi;</strong></span> <span class='ocrx_word' id='word_1_341' title='bbox 2981 2664 3075 2720; x_wconf 89' lang='lat' dir='ltr'><strong>sed</strong></span> <span class='ocrx_word' id='word_1_342' title='bbox 3102 2667 3308 2736; x_wconf 78' lang='lat' dir='ltr'><strong>gravis,</strong></span> <span class='ocrx_word' id='word_1_343' title='bbox 3337 2682 3473 2720; x_wconf 88' lang='lat' dir='ltr'><strong>con-</strong></span> 
     </span>
    </p>
   </div>
   <div class='ocr_carea' id='block_1_57' title="bbox 1898 2756 3471 2829">
    <p class='ocr_par' dir='ltr' id='par_1_57' title="bbox 1898 2756 3471 2829">
     <span class='ocr_line' id='line_1_57' title="bbox 1898 2756 3471 2829; baseline 0.001 -19"><span class='ocrx_word' id='word_1_344' title='bbox 1898 2757 2101 2822; x_wconf 86' lang='lat' dir='ltr'><strong>tinens,</strong></span> <span class='ocrx_word' id='word_1_345' title='bbox 2151 2762 2470 2825; x_wconf 85' lang='lat' dir='ltr'><strong>temperata,</strong></span> <span class='ocrx_word' id='word_1_346' title='bbox 2504 2757 2726 2827; x_wconf 88' lang='lat' dir='ltr'><strong>pudica,</strong></span> <span class='ocrx_word' id='word_1_347' title='bbox 2782 2756 2998 2827; x_wconf 79' lang='lat' dir='ltr'><strong>fugiens</strong></span> <span class='ocrx_word' id='word_1_348' title='bbox 3044 2758 3317 2829; x_wconf 87' lang='lat' dir='ltr'><strong>colloquia</strong></span> <span class='ocrx_word' id='word_1_349' title='bbox 3345 2774 3471 2813; x_wconf 84' lang='lat' dir='ltr'><strong>eum</strong></span> 
     </span>
    </p>
   </div>
   <div class='ocr_carea' id='block_1_58' title="bbox 1899 2849 3066 2919">
    <p class='ocr_par' dir='ltr' id='par_1_58' title="bbox 1899 2849 3066 2919">
     <span class='ocr_line' id='line_1_58' title="bbox 1899 2849 3066 2919; baseline 0.002 -14"><span class='ocrx_word' id='word_1_350' title='bbox 1899 2850 2108 2914; x_wconf 86' lang='lat' dir='ltr'><strong>multis,</strong></span> <span class='ocrx_word' id='word_1_351' title='bbox 2140 2850 2554 2919; x_wconf 74' lang='lat' dir='ltr'><strong>prmsertimque</strong></span> <span class='ocrx_word' id='word_1_352' title='bbox 2582 2864 2706 2904; x_wconf 90' lang='lat' dir='ltr'><strong>cum</strong></span> <span class='ocrx_word' id='word_1_353' title='bbox 2739 2849 3066 2907; x_wconf 86' lang='lat' dir='ltr'><strong>inhonestis.</strong></span> 
     </span>
    </p>
   </div>
   <div class='ocr_carea' id='block_1_59' title="bbox 278 2977 1789 3058">
    <p class='ocr_par' dir='ltr' id='par_1_59' title="bbox 278 2977 1789 3058">
     <span class='ocr_line' id='line_1_59' title="bbox 278 2977 1789 3058; baseline 0.001 -21"><span class='ocrx_word' id='word_1_354' title='bbox 278 2984 327 3016; x_wconf 77' lang='lat'><strong>&quot;</strong></span> <span class='ocrx_word' id='word_1_355' title='bbox 368 2981 560 3058; x_wconf 63' lang='lat' dir='ltr'><strong>li’etr.</strong></span> <span class='ocrx_word' id='word_1_356' title='bbox 590 2982 783 3058; x_wconf 45' lang='lat'><strong>11,15;</strong></span> <span class='ocrx_word' id='word_1_357' title='bbox 830 2980 940 3058; x_wconf 78' lang='lat' dir='ltr'><strong>&#39;I‘it.</strong></span> <span class='ocrx_word' id='word_1_358' title='bbox 967 2995 1052 3045; x_wconf 84' lang='lat' dir='ltr'><strong>tu,</strong></span> <span class='ocrx_word' id='word_1_359' title='bbox 1086 2977 1339 3049; x_wconf 78' lang='lat' dir='ltr'><strong>i;Rom.</strong></span> <span class='ocrx_word' id='word_1_360' title='bbox 1370 2998 1494 3049; x_wconf 82' lang='lat' dir='ltr'><strong>xm,</strong></span> <span class='ocrx_word' id='word_1_361' title='bbox 1528 2984 1578 3039; x_wconf 76' lang='grc' dir='ltr'>Ι.</span> <span class='ocrx_word' id='word_1_362' title='bbox 1654 2986 1703 3018; x_wconf 77' lang='grc'><strong>’⁸</strong></span> <span class='ocrx_word' id='word_1_363' title='bbox 1732 2984 1789 3039; x_wconf 76' lang='lat' dir='ltr'><strong>It</strong></span> 
     </span>
    </p>
   </div>
   <div class='ocr_carea' id='block_1_60' title="bbox 1908 2977 3470 3058">
    <p class='ocr_par' dir='ltr' id='par_1_60' title="bbox 1939 2979 3470 3058">
     <span class='ocr_line' id='line_1_60' title="bbox 1939 2979 3470 3058; baseline -0.001 -15"><span class='ocrx_word' id='word_1_364' title='bbox 1939 3002 2039 3053; x_wconf 85' lang='lat' dir='ltr'><strong>vn,</strong></span> <span class='ocrx_word' id='word_1_365' title='bbox 2069 2986 2167 3046; x_wconf 73' lang='lat'><strong>2’5.</strong></span> <span class='ocrx_word' id='word_1_366' title='bbox 2212 2979 2604 3050; x_wconf 68' lang='lat' dir='ltr'><strong>&quot;‘Eccle.v,4.</strong></span> <span class='ocrx_word' id='word_1_367' title='bbox 2649 2987 2696 3019; x_wconf 76' lang='grc'><strong>⁷⁸</strong></span> <span class='ocrx_word' id='word_1_368' title='bbox 2726 2987 2746 3041; x_wconf 95' lang='lat' dir='ltr'><strong>I</strong></span> <span class='ocrx_word' id='word_1_369' title='bbox 2777 2985 2905 3042; x_wconf 90' lang='lat' dir='ltr'><strong>Cor.</strong></span> <span class='ocrx_word' id='word_1_370' title='bbox 2928 3002 3025 3052; x_wconf 82' lang='lat' dir='ltr'><strong>vn,</strong></span> <span class='ocrx_word' id='word_1_371' title='bbox 3048 2986 3136 3042; x_wconf 69' lang='grc'>54.</span> <span class='ocrx_word' id='word_1_372' title='bbox 3212 2986 3259 3019; x_wconf 87' lang='grc'><strong>⁷⁷</strong></span> <span class='ocrx_word' id='word_1_373' title='bbox 3295 2984 3470 3058; x_wconf 79' lang='lat' dir='ltr'><strong>Ignat.</strong></span> 
     </span>
    </p>
   </div>
   <div class='ocr_carea' id='block_1_61' title="bbox 204 3052 887 3125">
    <p class='ocr_par' dir='ltr' id='par_1_61' title="bbox 204 3052 887 3125">
     <span class='ocr_line' id='line_1_61' title="bbox 204 3052 887 3125; baseline -0.003 -16"><span class='ocrx_word' id='word_1_374' title='bbox 204 3055 465 3125; x_wconf 87' lang='lat' dir='ltr'><strong>interpol.</strong></span> <span class='ocrx_word' id='word_1_375' title='bbox 496 3054 563 3107; x_wconf 89' lang='lat' dir='ltr'><strong>ad</strong></span> <span class='ocrx_word' id='word_1_376' title='bbox 590 3052 807 3107; x_wconf 87' lang='lat' dir='ltr'><strong>Philad.</strong></span> <span class='ocrx_word' id='word_1_377' title='bbox 831 3052 887 3107; x_wconf 76' lang='grc'>4.</span> 
     </span>
    </p>
   </div>
   <div class='ocr_carea' id='block_1_62' title="bbox 1509 3144 2151 3204">
    <p class='ocr_par' dir='ltr' id='par_1_62' title="bbox 1509 3144 2151 3204">
     <span class='ocr_line' id='line_1_62' title="bbox 1509 3144 2151 3204; baseline 0.002 -6"><span class='ocrx_word' id='word_1_378' title='bbox 1509 3144 1875 3203; x_wconf 80' lang='lat' dir='ltr'><strong>VARIORUM</strong></span> <span class='ocrx_word' id='word_1_379' title='bbox 1911 3147 2151 3204; x_wconf 72' lang='grc' dir='ltr'><strong>ΝΟΤΛΕ.</strong></span> 
     </span>
    </p>
   </div>
   <div class='ocr_carea' id='block_1_63' title="bbox 301 3275 1433 3347">
    <p class='ocr_par' dir='ltr' id='par_1_63' title="bbox 301 3275 1433 3347">
     <span class='ocr_line' id='line_1_63' title="bbox 301 3275 1433 3347; baseline 0.002 -11"><span class='ocrx_word' id='word_1_380' title='bbox 301 3282 392 3347; x_wconf 75' lang='grc'>58)</span> <span class='ocrx_word' id='word_1_381' title='bbox 436 3283 537 3337; x_wconf 85' lang='grc' dir='ltr'>Ἐν</span> <span class='ocrx_word' id='word_1_382' title='bbox 557 3275 671 3347; x_wconf 78' lang='grc' dir='ltr'>οἷς.</span> <span class='ocrx_word' id='word_1_383' title='bbox 702 3281 853 3336; x_wconf 84' lang='lat' dir='ltr'><strong>Alter</strong></span> <span class='ocrx_word' id='word_1_384' title='bbox 874 3279 997 3336; x_wconf 88' lang='lat' dir='ltr'><strong>cod.</strong></span> <span class='ocrx_word' id='word_1_385' title='bbox 1034 3280 1214 3346; x_wconf 81' lang='grc' dir='ltr'>καθώς</span> <span class='ocrx_word' id='word_1_386' title='bbox 1265 3281 1433 3338; x_wconf 75' lang='lat' dir='ltr'><strong>Ctsa.</strong></span> 
     </span>
    </p>
   </div>
   <div class='ocr_carea' id='block_1_64' title="bbox 302 3350 1783 3421">
    <p class='ocr_par' dir='ltr' id='par_1_64' title="bbox 302 3350 1783 3421">
     <span class='ocr_line' id='line_1_64' title="bbox 302 3350 1783 3421; baseline 0.003 -15"><span class='ocrx_word' id='word_1_387' title='bbox 302 3350 393 3421; x_wconf 78' lang='lat'><strong>59)</strong></span> <span class='ocrx_word' id='word_1_388' title='bbox 423 3353 753 3421; x_wconf 78' lang='grc' dir='ltr'>Σύμϐολον.</span> <span class='ocrx_word' id='word_1_389' title='bbox 787 3350 945 3405; x_wconf 90' lang='lat' dir='ltr'><strong>Deest</strong></span> <span class='ocrx_word' id='word_1_390' title='bbox 991 3351 1046 3405; x_wconf 89' lang='lat' dir='ltr'><strong>in</strong></span> <span class='ocrx_word' id='word_1_391' title='bbox 1077 3353 1249 3405; x_wconf 88' lang='lat' dir='ltr'><strong>altero</strong></span> <span class='ocrx_word' id='word_1_392' title='bbox 1278 3353 1496 3419; x_wconf 90' lang='lat' dir='ltr'><strong>codice,</strong></span> <span class='ocrx_word' id='word_1_393' title='bbox 1523 3370 1623 3409; x_wconf 87' lang='lat' dir='ltr'><strong>nec</strong></span> <span class='ocrx_word' id='word_1_394' title='bbox 1646 3355 1783 3411; x_wconf 86' lang='lat' dir='ltr'><strong>satis</strong></span> 
     </span>
    </p>
   </div>
   <div class='ocr_carea' id='block_1_65' title="bbox 204 3421 1784 3495">
    <p class='ocr_par' dir='ltr' id='par_1_65' title="bbox 204 3421 1784 3495">
     <span class='ocr_line' id='line_1_65' title="bbox 204 3421 1784 3495; baseline -0.001 -17"><span class='ocrx_word' id='word_1_395' title='bbox 204 3441 278 3495; x_wconf 84' lang='lat' dir='ltr'><strong>tn_</strong></span> <span class='ocrx_word' id='word_1_396' title='bbox 299 3421 446 3495; x_wconf 78' lang='lat' dir='ltr'><strong>hunc</strong></span> <span class='ocrx_word' id='word_1_397' title='bbox 504 3426 688 3495; x_wconf 77' lang='lat' dir='ltr'><strong>locum</strong></span> <span class='ocrx_word' id='word_1_398' title='bbox 732 3421 963 3495; x_wconf 77' lang='lat' dir='ltr'><strong>quadrat</strong></span> <span class='ocrx_word' id='word_1_399' title='bbox 1019 3423 1271 3495; x_wconf 69' lang='lat' dir='ltr'><strong>amicitiae</strong></span> <span class='ocrx_word' id='word_1_400' title='bbox 1329 3432 1555 3495; x_wconf 66' lang='lat' dir='ltr'><strong>tessera.</strong></span> <span class='ocrx_word' id='word_1_401' title='bbox 1582 3425 1655 3495; x_wconf 83' lang='grc' dir='ltr'><strong>Τὸ</strong></span> <span class='ocrx_word' id='word_1_402' title='bbox 1681 3425 1784 3495; x_wconf 80' lang='grc' dir='ltr'>τῆς</span> 
     </span>
    </p>
   </div>
   <div class='ocr_carea' id='block_1_66' title="bbox 202 3490 1781 3564">
    <p class='ocr_par' dir='ltr' id='par_1_66' title="bbox 202 3490 1781 3564">
     <span class='ocr_line' id='line_1_66' title="bbox 202 3490 1781 3564; baseline 0.001 -17"><span class='ocrx_word' id='word_1_403' title='bbox 202 3492 390 3562; x_wconf 74' lang='grc' dir='ltr'>φιλίας</span> <span class='ocrx_word' id='word_1_404' title='bbox 419 3498 563 3564; x_wconf 80' lang='lat' dir='ltr'><strong>recte</strong></span> <span class='ocrx_word' id='word_1_405' title='bbox 584 3490 691 3564; x_wconf 80' lang='lat' dir='ltr'><strong>dici</strong></span> <span class='ocrx_word' id='word_1_406' title='bbox 725 3499 887 3564; x_wconf 78' lang='lat' dir='ltr'><strong>queat</strong></span> <span class='ocrx_word' id='word_1_407' title='bbox 915 3492 963 3546; x_wconf 90' lang='lat' dir='ltr'><strong>si</strong></span> <span class='ocrx_word' id='word_1_408' title='bbox 993 3493 1292 3548; x_wconf 85' lang='lat' dir='ltr'><strong>subaudias</strong></span> <span class='ocrx_word' id='word_1_409' title='bbox 1316 3493 1496 3564; x_wconf 84' lang='grc' dir='ltr'>χρέος,</span> <span class='ocrx_word' id='word_1_410' title='bbox 1521 3490 1781 3560; x_wconf 81' lang='lat' dir='ltr'><strong>debitum,</strong></span> 
     </span>
    </p>
   </div>
   <div class='ocr_carea' id='block_1_67' title="bbox 202 3561 890 3619">
    <p class='ocr_par' dir='ltr' id='par_1_67' title="bbox 202 3561 890 3619">
     <span class='ocr_line' id='line_1_67' title="bbox 202 3561 890 3619; baseline -0.003 0"><span class='ocrx_word' id='word_1_411' title='bbox 202 3561 270 3619; x_wconf 77' lang='lat' dir='ltr'><strong>cx</strong></span> <span class='ocrx_word' id='word_1_412' title='bbox 304 3561 777 3617; x_wconf 87' lang='lat' dir='ltr'><strong>antecedentibus.</strong></span> <span class='ocrx_word' id='word_1_413' title='bbox 813 3561 890 3617; x_wconf 82' lang='lat' dir='ltr'><strong>In.</strong></span> 
     </span>
    </p>
   </div>
   <div class='ocr_carea' id='block_1_68' title="bbox 278 3630 1772 3705">
    <p class='ocr_par' dir='ltr' id='par_1_68' title="bbox 278 3630 1772 3705">
     <span class='ocr_line' id='line_1_68' title="bbox 278 3630 1772 3705; baseline 0.003 -20"><span class='ocrx_word' id='word_1_414' title='bbox 278 3631 391 3705; x_wconf 74' lang='lat'><strong>(60)</strong></span> <span class='ocrx_word' id='word_1_415' title='bbox 429 3631 558 3685; x_wconf 81' lang='grc' dir='ltr'><strong>Μὲν</strong></span> <span class='ocrx_word' id='word_1_416' title='bbox 597 3631 732 3705; x_wconf 61' lang='grc' dir='ltr'>οῦν.</span> <span class='ocrx_word' id='word_1_417' title='bbox 790 3630 1087 3705; x_wconf 80' lang='lat' dir='ltr'><strong>Antiquior</strong></span> <span class='ocrx_word' id='word_1_418' title='bbox 1124 3632 1250 3705; x_wconf 81' lang='lat' dir='ltr'><strong>cod.</strong></span> <span class='ocrx_word' id='word_1_419' title='bbox 1300 3633 1483 3705; x_wconf 77' lang='grc' dir='ltr'>μόνον,</span> <span class='ocrx_word' id='word_1_420' title='bbox 1543 3635 1772 3703; x_wconf 88' lang='lat' dir='ltr'><strong>rectius,</strong></span> 
     </span>
    </p>
   </div>
   <div class='ocr_carea' id='block_1_69' title="bbox 202 3700 1412 3760">
    <p class='ocr_par' dir='ltr' id='par_1_69' title="bbox 202 3700 1412 3760">
     <span class='ocr_line' id='line_1_69' title="bbox 202 3700 1412 3760; baseline 0.002 -3"><span class='ocrx_word' id='word_1_421' title='bbox 202 3712 267 3757; x_wconf 85' lang='lat' dir='ltr'><strong>ut</strong></span> <span class='ocrx_word' id='word_1_422' title='bbox 289 3700 556 3758; x_wconf 26' lang='lat' dir='ltr'><strong>‘videtur:</strong></span> <span class='ocrx_word' id='word_1_423' title='bbox 591 3700 644 3754; x_wconf 97' lang='lat' dir='ltr'><strong>id</strong></span> <span class='ocrx_word' id='word_1_424' title='bbox 668 3711 876 3755; x_wconf 86' lang='lat' dir='ltr'><strong>tantum</strong></span> <span class='ocrx_word' id='word_1_425' title='bbox 905 3700 971 3756; x_wconf 82' lang='lat' dir='ltr'><strong>iis</strong></span> <span class='ocrx_word' id='word_1_426' title='bbox 994 3700 1313 3759; x_wconf 47' lang='lat' dir='ltr'><strong>suadentes:</strong></span> <span class='ocrx_word' id='word_1_427' title='bbox 1332 3705 1412 3760; x_wconf 81' lang='lat' dir='ltr'><strong>In.</strong></span> 
     </span>
    </p>
   </div>
   <div class='ocr_carea' id='block_1_70' title="bbox 384 4001 1606 4055">
    <p class='ocr_par' dir='ltr' id='par_1_70' title="bbox 384 4001 1606 4055">
     <span class='ocr_line' id='line_1_70' title="bbox 384 4001 1606 4055; baseline 0 0"><span class='ocrx_word' id='word_1_428' title='bbox 384 4002 733 4055; x_wconf 74' lang='grc' dir='ltr'><strong>ΚΕΦΑΛΑῘΑ</strong></span> <span class='ocrx_word' id='word_1_429' title='bbox 771 4001 907 4055; x_wconf 91' lang='grc' dir='ltr'>ΤΟΥ</span> <span class='ocrx_word' id='word_1_430' title='bbox 942 4002 1279 4055; x_wconf 86' lang='grc' dir='ltr'><strong>ΠΕΜΠΤΟΥ</strong></span> <span class='ocrx_word' id='word_1_431' title='bbox 1315 4002 1606 4055; x_wconf 85' lang='grc' dir='ltr'><strong>ΒΙΒΛΙΟΥ.</strong></span> 
     </span>
    </p>
   </div>
   <div class='ocr_carea' id='block_1_71' title="bbox 200 4114 1783 4184">
    <p class='ocr_par' dir='ltr' id='par_1_71' title="bbox 200 4114 1783 4184">
     <span class='ocr_line' id='line_1_71' title="bbox 200 4114 1783 4184; baseline -0.004 -11"><span class='ocrx_word' id='word_1_432' title='bbox 200 4119 277 4175; x_wconf 88' lang='lat' dir='ltr'><strong>a&#39;.</strong></span> <span class='ocrx_word' id='word_1_433' title='bbox 321 4120 443 4172; x_wconf 87' lang='grc' dir='ltr'>Ὅτι</span> <span class='ocrx_word' id='word_1_434' title='bbox 476 4116 601 4182; x_wconf 82' lang='grc' dir='ltr'>τοῖς</span> <span class='ocrx_word' id='word_1_435' title='bbox 636 4115 735 4170; x_wconf 86' lang='grc' dir='ltr'>διὰ</span> <span class='ocrx_word' id='word_1_436' title='bbox 759 4115 1014 4184; x_wconf 80' lang='grc' dir='ltr'>Χριστὸν</span> <span class='ocrx_word' id='word_1_437' title='bbox 1040 4115 1409 4184; x_wconf 81' lang='grc' dir='ltr'>θλιϐομένοις</span> <span class='ocrx_word' id='word_1_438' title='bbox 1461 4114 1620 4183; x_wconf 82' lang='grc' dir='ltr'>παρὰ</span> <span class='ocrx_word' id='word_1_439' title='bbox 1648 4116 1783 4170; x_wconf 82' lang='grc' dir='ltr'>ἀπί-</span> 
     </span>
    </p>
   </div>
   <div class='ocr_carea' id='block_1_72' title="bbox 277 4205 1789 4277">
    <p class='ocr_par' dir='ltr' id='par_1_72' title="bbox 277 4205 1789 4277">
     <span class='ocr_line' id='line_1_72' title="bbox 277 4205 1789 4277; baseline -0.003 -12"><span class='ocrx_word' id='word_1_440' title='bbox 277 4227 460 4272; x_wconf 88' lang='grc' dir='ltr'>στων,</span> <span class='ocrx_word' id='word_1_441' title='bbox 489 4208 719 4261; x_wconf 78' lang='grc' dir='ltr'>δίκαιον</span> <span class='ocrx_word' id='word_1_442' title='bbox 745 4206 869 4272; x_wconf 83' lang='grc' dir='ltr'>τοῖς</span> <span class='ocrx_word' id='word_1_443' title='bbox 895 4206 1131 4272; x_wconf 79' lang='grc' dir='ltr'>πιστοῖς</span> <span class='ocrx_word' id='word_1_444' title='bbox 1158 4205 1223 4277; x_wconf 81' lang='grc' dir='ltr'>[ι.</span> <span class='ocrx_word' id='word_1_445' title='bbox 1241 4206 1383 4272; x_wconf 84' lang='grc' dir='ltr'>τοὺς</span> <span class='ocrx_word' id='word_1_446' title='bbox 1410 4205 1686 4277; x_wconf 77' lang='grc' dir='ltr'>πιστοὺς]</span> <span class='ocrx_word' id='word_1_447' title='bbox 1717 4205 1789 4260; x_wconf 80' lang='grc' dir='ltr'>τὰ</span> 
     </span>
    </p>
   </div>
   <div class='ocr_carea' id='block_1_73' title="bbox 278 4296 1784 4368">
    <p class='ocr_par' dir='ltr' id='par_1_73' title="bbox 278 4296 1784 4368">
     <span class='ocr_line' id='line_1_73' title="bbox 278 4296 1784 4368; baseline -0.004 -12"><span class='ocrx_word' id='word_1_448' title='bbox 278 4301 497 4356; x_wconf 86' lang='grc' dir='ltr'>δέοντα</span> <span class='ocrx_word' id='word_1_449' title='bbox 512 4298 813 4368; x_wconf 80' lang='grc' dir='ltr'>παρέχειν,</span> <span class='ocrx_word' id='word_1_450' title='bbox 829 4297 978 4352; x_wconf 85' lang='grc' dir='ltr'>κατὰ</span> <span class='ocrx_word' id='word_1_451' title='bbox 1000 4297 1115 4366; x_wconf 77' lang='grc' dir='ltr'>τὴν</span> <span class='ocrx_word' id='word_1_452' title='bbox 1133 4298 1238 4351; x_wconf 85' lang='grc' dir='ltr'><strong>τοῦ</strong></span> <span class='ocrx_word' id='word_1_453' title='bbox 1253 4297 1475 4366; x_wconf 82' lang='grc' dir='ltr'>Κυρίου</span> <span class='ocrx_word' id='word_1_454' title='bbox 1496 4296 1784 4361; x_wconf 77' lang='grc' dir='ltr'>διάταξιν.</span> 
     </span>
    </p>
   </div>
   <div class='ocr_carea' id='block_1_74' title="bbox 196 4387 1785 4461">
    <p class='ocr_par' dir='ltr' id='par_1_74' title="bbox 196 4387 1785 4461">
     <span class='ocr_line' id='line_1_74' title="bbox 196 4387 1785 4461; baseline -0.003 -15"><span class='ocrx_word' id='word_1_455' title='bbox 196 4394 283 4460; x_wconf 79' lang='grc' dir='ltr'>β’.</span> <span class='ocrx_word' id='word_1_456' title='bbox 328 4395 448 4446; x_wconf 88' lang='grc' dir='ltr'>Ὅτι</span> <span class='ocrx_word' id='word_1_457' title='bbox 499 4390 791 4460; x_wconf 68' lang='grc' dir='ltr'>φευκτέον</span> <span class='ocrx_word' id='word_1_458' title='bbox 830 4390 940 4459; x_wconf 80' lang='grc' dir='ltr'>τῆς</span> <span class='ocrx_word' id='word_1_459' title='bbox 983 4389 1047 4461; x_wconf 54' lang='lat' dir='ltr'><strong>[ll</strong></span> <span class='ocrx_word' id='word_1_460' title='bbox 1084 4387 1213 4461; x_wconf 83' lang='grc' dir='ltr'>τὰς]</span> <span class='ocrx_word' id='word_1_461' title='bbox 1244 4389 1394 4458; x_wconf 82' lang='grc' dir='ltr'>πρὸς</span> <span class='ocrx_word' id='word_1_462' title='bbox 1429 4388 1571 4454; x_wconf 86' lang='grc' dir='ltr'>τσὺς</span> <span class='ocrx_word' id='word_1_463' title='bbox 1598 4387 1785 4457; x_wconf 75' lang='grc' dir='ltr'>ψευδ-</span> 
     </span>
    </p>
   </div>
   <div class='ocr_carea' id='block_1_75' title="bbox 1812 3286 2041 3348">
    <p class='ocr_par' dir='ltr' id='par_1_75' title="bbox 1812 3286 2041 3348">
     <span class='ocr_line' id='line_1_75' title="bbox 1812 3286 2041 3348; baseline -0.031 0"><span class='ocrx_word' id='word_1_464' title='bbox 1812 3291 1856 3348; x_wconf 91' lang='lat' dir='ltr'><strong>C</strong></span> <span class='ocrx_word' id='word_1_465' title='bbox 1961 3286 2041 3348; x_wconf 86' lang='lat'><strong>(6|</strong></span> 
     </span>
    </p>
   </div>
   <div class='ocr_carea' id='block_1_76' title="bbox 1983 3287 2071 3427">
    <p class='ocr_par' dir='ltr' id='par_1_76' title="bbox 1983 3287 2071 3427">
     <span class='ocr_line' id='line_1_76' title="bbox 1983 3287 2071 3427; baseline 0.182 -19"><span class='ocrx_word' id='word_1_466' title='bbox 1983 3287 2071 3427; x_wconf 63' lang='lat' dir='ltr'><strong>ill</strong></span> 
     </span>
    </p>
   </div>
   <div class='ocr_carea' id='block_1_77' title="bbox 1888 3429 3473 3498">
    <p class='ocr_par' dir='ltr' id='par_1_77' title="bbox 1888 3429 3473 3498">
     <span class='ocr_line' id='line_1_77' title="bbox 1888 3429 3473 3498; baseline 0.002 -18"><span class='ocrx_word' id='word_1_467' title='bbox 1888 3442 2001 3498; x_wconf 79' lang='lat' dir='ltr'><strong>eos,</strong></span> <span class='ocrx_word' id='word_1_468' title='bbox 2030 3444 2153 3482; x_wconf 89' lang='lat' dir='ltr'><strong>cum</strong></span> <span class='ocrx_word' id='word_1_469' title='bbox 2178 3445 2354 3498; x_wconf 85' lang='lat' dir='ltr'><strong>neque</strong></span> <span class='ocrx_word' id='word_1_470' title='bbox 2383 3444 2540 3490; x_wconf 89' lang='lat' dir='ltr'><strong>sono,</strong></span> <span class='ocrx_word' id='word_1_471' title='bbox 2569 3443 2745 3497; x_wconf 82' lang='lat' dir='ltr'><strong>neque</strong></span> <span class='ocrx_word' id='word_1_472' title='bbox 2769 3429 3076 3498; x_wconf 82' lang='lat' dir='ltr'><strong>signiﬁcatu</strong></span> <span class='ocrx_word' id='word_1_473' title='bbox 3103 3431 3473 3498; x_wconf 85' lang='lat' dir='ltr'><strong>consentiant,</strong></span> 
     </span>
    </p>
   </div>
   <div class='ocr_carea' id='block_1_78' title="bbox 1888 3495 3472 3569">
    <p class='ocr_par' dir='ltr' id='par_1_78' title="bbox 1888 3495 3472 3569">
     <span class='ocr_line' id='line_1_78' title="bbox 1888 3495 3472 3569; baseline 0.003 -20"><span class='ocrx_word' id='word_1_474' title='bbox 1888 3495 2035 3569; x_wconf 76' lang='lat' dir='ltr'><strong>forte</strong></span> <span class='ocrx_word' id='word_1_475' title='bbox 2063 3508 2192 3552; x_wconf 91' lang='lat' dir='ltr'><strong>sunt</strong></span> <span class='ocrx_word' id='word_1_476' title='bbox 2220 3495 2322 3569; x_wconf 74' lang='lat' dir='ltr'><strong>una</strong></span> <span class='ocrx_word' id='word_1_477' title='bbox 2352 3495 2722 3564; x_wconf 59' lang='lat' dir='ltr'><strong>admittendive,</strong></span> <span class='ocrx_word' id='word_1_478' title='bbox 2762 3495 2867 3553; x_wconf 64' lang='lat' dir='ltr'><strong>hoc</strong></span> <span class='ocrx_word' id='word_1_479' title='bbox 2895 3497 3058 3552; x_wconf 85' lang='lat' dir='ltr'><strong>modo</strong></span> <span class='ocrx_word' id='word_1_480' title='bbox 3083 3514 3096 3549; x_wconf 90' lang='lat'><strong>:</strong></span> <span class='ocrx_word' id='word_1_481' title='bbox 3120 3497 3212 3569; x_wconf 86' lang='grc' dir='ltr'><strong>Μὴ</strong></span> <span class='ocrx_word' id='word_1_482' title='bbox 3242 3499 3472 3569; x_wconf 77' lang='grc' dir='ltr'>ρεμϐὰς,</span> 
     </span>
    </p>
   </div>
   <div class='ocr_carea' id='block_1_79' title="bbox 2123 3286 3229 3358">
    <p class='ocr_par' dir='ltr' id='par_1_79' title="bbox 2123 3286 3229 3358">
     <span class='ocr_line' id='line_1_79' title="bbox 2123 3286 3229 3358; baseline -0.002 -16"><span class='ocrx_word' id='word_1_483' title='bbox 2123 3288 2340 3358; x_wconf 75' lang='grc' dir='ltr'>Ἀγίου.</span> <span class='ocrx_word' id='word_1_484' title='bbox 2372 3288 2542 3344; x_wconf 88' lang='lat' dir='ltr'><strong>Abest</strong></span> <span class='ocrx_word' id='word_1_485' title='bbox 2578 3288 2631 3342; x_wconf 90' lang='lat' dir='ltr'><strong>in</strong></span> <span class='ocrx_word' id='word_1_486' title='bbox 2662 3286 2973 3358; x_wconf 86' lang='lat' dir='ltr'><strong>antiquiore</strong></span> <span class='ocrx_word' id='word_1_487' title='bbox 2997 3286 3120 3342; x_wconf 88' lang='lat' dir='ltr'><strong>cod.</strong></span> <span class='ocrx_word' id='word_1_488' title='bbox 3155 3287 3229 3346; x_wconf 81' lang='lat' dir='ltr'><strong>In.</strong></span> 
     </span>
    </p>
   </div>
   <div class='ocr_carea' id='block_1_80' title="bbox 2123 3357 3477 3439">
    <p class='ocr_par' dir='ltr' id='par_1_80' title="bbox 2123 3357 3477 3439">
     <span class='ocr_line' id='line_1_80' title="bbox 2123 3357 3477 3439; baseline 0.002 -28"><span class='ocrx_word' id='word_1_489' title='bbox 2123 3357 2387 3429; x_wconf 78' lang='grc' dir='ltr'>Ῥεμϐἀς.</span> <span class='ocrx_word' id='word_1_490' title='bbox 2416 3359 2568 3413; x_wconf 84' lang='lat' dir='ltr'><strong>Alter</strong></span> <span class='ocrx_word' id='word_1_491' title='bbox 2617 3357 2809 3439; x_wconf 42' lang='lat' dir='ltr'><strong>codex.</strong></span> <span class='ocrx_word' id='word_1_492' title='bbox 2838 3357 3185 3439; x_wconf 43' lang='lat' dir='ltr'><strong>(ptAéXOdeQ,</strong></span> <span class='ocrx_word' id='word_1_493' title='bbox 3228 3373 3349 3439; x_wconf 61' lang='lat' dir='ltr'><strong>qua;</strong></span> <span class='ocrx_word' id='word_1_494' title='bbox 3378 3376 3477 3414; x_wconf 85' lang='lat' dir='ltr'><strong>vo-</strong></span> 
     </span>
    </p>
   </div>
   <div class='ocr_carea' id='block_1_81' title="bbox 1890 3566 2353 3637">
    <p class='ocr_par' dir='ltr' id='par_1_81' title="bbox 1890 3566 2353 3637">
     <span class='ocr_line' id='line_1_81' title="bbox 1890 3566 2353 3637; baseline 0.009 -18"><span class='ocrx_word' id='word_1_495' title='bbox 1890 3566 2239 3637; x_wconf 81' lang='grc' dir='ltr'>φιλόκοσμος.</span> <span class='ocrx_word' id='word_1_496' title='bbox 2274 3567 2353 3624; x_wconf 86' lang='grc'><strong>11).</strong></span> 
     </span>
    </p>
   </div>
   <div class='ocr_carea' id='block_1_82' title="bbox 1956 3637 3472 3706">
    <p class='ocr_par' dir='ltr' id='par_1_82' title="bbox 1956 3637 3472 3706">
     <span class='ocr_line' id='line_1_82' title="bbox 1956 3637 3472 3706; baseline 0.004 -16"><span class='ocrx_word' id='word_1_497' title='bbox 1956 3637 2068 3706; x_wconf 78' lang='grc'>(65)</span> <span class='ocrx_word' id='word_1_498' title='bbox 2115 3640 2194 3692; x_wconf 84' lang='lat' dir='ltr'><strong>Ad</strong></span> <span class='ocrx_word' id='word_1_499' title='bbox 2234 3639 2437 3694; x_wconf 88' lang='lat' dir='ltr'><strong>calcem</strong></span> <span class='ocrx_word' id='word_1_500' title='bbox 2474 3639 2596 3693; x_wconf 88' lang='lat' dir='ltr'><strong>libri</strong></span> <span class='ocrx_word' id='word_1_501' title='bbox 2634 3637 2877 3693; x_wconf 90' lang='lat' dir='ltr'><strong>additum</strong></span> <span class='ocrx_word' id='word_1_502' title='bbox 2916 3647 3000 3692; x_wconf 89' lang='lat' dir='ltr'><strong>est</strong></span> <span class='ocrx_word' id='word_1_503' title='bbox 3032 3638 3085 3691; x_wconf 91' lang='lat' dir='ltr'><strong>in</strong></span> <span class='ocrx_word' id='word_1_504' title='bbox 3109 3639 3282 3695; x_wconf 84' lang='lat' dir='ltr'><strong>altero</strong></span> <span class='ocrx_word' id='word_1_505' title='bbox 3321 3641 3472 3706; x_wconf 89' lang='lat' dir='ltr'><strong>cod.,</strong></span> 
     </span>
    </p>
   </div>
   <div class='ocr_carea' id='block_1_83' title="bbox 1888 3708 3061 3783">
    <p class='ocr_par' dir='ltr' id='par_1_83' title="bbox 1888 3708 3061 3783">
     <span class='ocr_line' id='line_1_83' title="bbox 1888 3708 3061 3783; baseline 0.004 -25"><span class='ocrx_word' id='word_1_506' title='bbox 1888 3708 2016 3777; x_wconf 82' lang='grc' dir='ltr'>περὶ</span> <span class='ocrx_word' id='word_1_507' title='bbox 2064 3710 2313 3779; x_wconf 63' lang='grc' dir='ltr'>ὀρφανῶν</span> <span class='ocrx_word' id='word_1_508' title='bbox 2342 3708 2635 3783; x_wconf 80' lang='grc' dir='ltr'><strong>ἐπληρώθη</strong></span> <span class='ocrx_word' id='word_1_509' title='bbox 2658 3708 2860 3779; x_wconf 88' lang='grc' dir='ltr'>βιϐλίον</span> <span class='ocrx_word' id='word_1_510' title='bbox 2891 3708 2951 3761; x_wconf 85' lang='grc' dir='ltr'>δ’.</span> <span class='ocrx_word' id='word_1_511' title='bbox 2984 3708 3061 3764; x_wconf 84' lang='lat' dir='ltr'><strong>ID.</strong></span> 
     </span>
    </p>
   </div>
   <div class='ocr_carea' id='block_1_84' title="bbox 2293 4005 3071 4073">
    <p class='ocr_par' dir='ltr' id='par_1_84' title="bbox 2293 4005 3071 4073">
     <span class='ocr_line' id='line_1_84' title="bbox 2293 4005 3071 4073; baseline 0.003 -12"><span class='ocrx_word' id='word_1_512' title='bbox 2293 4005 2548 4061; x_wconf 78' lang='lat' dir='ltr'><strong>CAPITA</strong></span> <span class='ocrx_word' id='word_1_513' title='bbox 2586 4006 2769 4061; x_wconf 81' lang='lat' dir='ltr'>LIBRI</span> <span class='ocrx_word' id='word_1_514' title='bbox 2810 4005 3071 4073; x_wconf 83' lang='lat' dir='ltr'><strong>QUINTI.</strong></span> 
     </span>
    </p>
   </div>
   <div class='ocr_carea' id='block_1_85' title="bbox 1895 4120 3468 4195">
    <p class='ocr_par' dir='ltr' id='par_1_85' title="bbox 1895 4120 3468 4195">
     <span class='ocr_line' id='line_1_85' title="bbox 1895 4120 3468 4195; baseline 0.003 -21"><span class='ocrx_word' id='word_1_515' title='bbox 1895 4121 1937 4176; x_wconf 91' lang='lat' dir='ltr'><strong>I.</strong></span> <span class='ocrx_word' id='word_1_516' title='bbox 1977 4120 2131 4187; x_wconf 91' lang='lat' dir='ltr'><strong>Quod</strong></span> <span class='ocrx_word' id='word_1_517' title='bbox 2157 4122 2246 4185; x_wconf 89' lang='lat' dir='ltr'><strong>iis,</strong></span> <span class='ocrx_word' id='word_1_518' title='bbox 2275 4121 2365 4190; x_wconf 85' lang='lat' dir='ltr'><strong>qui</strong></span> <span class='ocrx_word' id='word_1_519' title='bbox 2389 4130 2601 4191; x_wconf 80' lang='lat' dir='ltr'><strong>propter</strong></span> <span class='ocrx_word' id='word_1_520' title='bbox 2630 4120 2898 4176; x_wconf 78' lang='lat' dir='ltr'><strong>Christum</strong></span> <span class='ocrx_word' id='word_1_521' title='bbox 2928 4120 2993 4174; x_wconf 87' lang='lat' dir='ltr'><strong>ab</strong></span> <span class='ocrx_word' id='word_1_522' title='bbox 3017 4122 3314 4189; x_wconf 82' lang='lat' dir='ltr'><strong>inﬁdelibus</strong></span> <span class='ocrx_word' id='word_1_523' title='bbox 3340 4125 3468 4195; x_wconf 53' lang='lat' dir='ltr'><strong>afﬂia</strong></span> 
     </span>
    </p>
   </div>
   <div class='ocr_carea' id='block_1_86' title="bbox 1964 4214 3474 4287">
    <p class='ocr_par' dir='ltr' id='par_1_86' title="bbox 1964 4214 3474 4287">
     <span class='ocr_line' id='line_1_86' title="bbox 1964 4214 3474 4287; baseline 0.002 -19"><span class='ocrx_word' id='word_1_524' title='bbox 1964 4224 2182 4285; x_wconf 81' lang='lat' dir='ltr'><strong>guntur,</strong></span> <span class='ocrx_word' id='word_1_525' title='bbox 2207 4231 2413 4285; x_wconf 77' lang='lat' dir='ltr'><strong>(equum</strong></span> <span class='ocrx_word' id='word_1_526' title='bbox 2443 4215 2514 4268; x_wconf 92' lang='lat' dir='ltr'><strong>sit</strong></span> <span class='ocrx_word' id='word_1_527' title='bbox 2551 4223 2609 4267; x_wconf 88' lang='lat' dir='ltr'><strong>ut</strong></span> <span class='ocrx_word' id='word_1_528' title='bbox 2636 4214 2817 4285; x_wconf 80' lang='lat' dir='ltr'><strong>ﬁdeles</strong></span> <span class='ocrx_word' id='word_1_529' title='bbox 2841 4216 3140 4269; x_wconf 86' lang='lat' dir='ltr'><strong>necessaria</strong></span> <span class='ocrx_word' id='word_1_530' title='bbox 3180 4216 3474 4287; x_wconf 68' lang='lat' dir='ltr'><strong>prazbeaatIl</strong></span> 
     </span>
    </p>
   </div>
   <div class='ocr_carea' id='block_1_87' title="bbox 1966 4306 2970 4362">
    <p class='ocr_par' dir='ltr' id='par_1_87' title="bbox 1966 4306 2970 4362">
     <span class='ocr_line' id='line_1_87' title="bbox 1966 4306 2970 4362; baseline 0 -1"><span class='ocrx_word' id='word_1_531' title='bbox 1966 4306 2251 4362; x_wconf 84' lang='lat' dir='ltr'><strong>secundum</strong></span> <span class='ocrx_word' id='word_1_532' title='bbox 2284 4306 2500 4360; x_wconf 84' lang='lat' dir='ltr'><strong>Domini</strong></span> <span class='ocrx_word' id='word_1_533' title='bbox 2518 4307 2970 4362; x_wconf 82' lang='lat' dir='ltr'><strong>constitutionem.</strong></span> 
     </span>
    </p>
   </div>
   <div class='ocr_carea' id='block_1_88' title="bbox 1896 4397 3471 4468">
    <p class='ocr_par' dir='ltr' id='par_1_88' title="bbox 1896 4397 3471 4468">
     <span class='ocr_line' id='line_1_88' title="bbox 1896 4397 3471 4468; baseline 0 -14"><span class='ocrx_word' id='word_1_534' title='bbox 1896 4397 1959 4455; x_wconf 93' lang='lat' dir='ltr'>II.</span> <span class='ocrx_word' id='word_1_535' title='bbox 2005 4399 2159 4466; x_wconf 84' lang='lat' dir='ltr'><strong>Quod</strong></span> <span class='ocrx_word' id='word_1_536' title='bbox 2180 4398 2432 4468; x_wconf 76' lang='lat' dir='ltr'><strong>fugienda</strong></span> <span class='ocrx_word' id='word_1_537' title='bbox 2453 4399 2523 4451; x_wconf 88' lang='lat' dir='ltr'><strong>sit</strong></span> <span class='ocrx_word' id='word_1_538' title='bbox 2545 4414 2663 4450; x_wconf 85' lang='lat' dir='ltr'><strong>cum</strong></span> <span class='ocrx_word' id='word_1_539' title='bbox 2677 4398 2836 4467; x_wconf 83' lang='lat' dir='ltr'><strong>falsis</strong></span> <span class='ocrx_word' id='word_1_540' title='bbox 2852 4398 3109 4466; x_wconf 76' lang='lat' dir='ltr'><strong>fratribus</strong></span> <span class='ocrx_word' id='word_1_541' title='bbox 3127 4402 3471 4468; x_wconf 86' lang='lat' dir='ltr'><strong>consuetudo,</strong></span> 
     </span>
    </p>
   </div>
   <div class='ocr_carea' id='block_1_89' title="bbox 276 4471 1789 4561">
    <p class='ocr_par' dir='ltr' id='par_1_89' title="bbox 276 4480 1789 4554">
     <span class='ocr_line' id='line_1_89' title="bbox 276 4480 1789 4554; baseline -0.004 -14"><span class='ocrx_word' id='word_1_542' title='bbox 276 4484 582 4554; x_wconf 61' lang='grc' dir='ltr'>αδέλςοους</span> <span class='ocrx_word' id='word_1_543' title='bbox 617 4482 973 4548; x_wconf 78' lang='grc' dir='ltr'>συνουσίας,</span> <span class='ocrx_word' id='word_1_544' title='bbox 1013 4481 1159 4536; x_wconf 84' lang='grc' dir='ltr'>ὅταν</span> <span class='ocrx_word' id='word_1_545' title='bbox 1190 4480 1512 4551; x_wconf 79' lang='grc' dir='ltr'>ἐπιμένωσι</span> <span class='ocrx_word' id='word_1_546' title='bbox 1536 4480 1614 4550; x_wconf 78' lang='grc' dir='ltr'>τῇ</span> <span class='ocrx_word' id='word_1_547' title='bbox 1642 4496 1789 4549; x_wconf 70' lang='grc' dir='ltr'>φαυ-</span> 
     </span>
    </p>
   </div>
   <div class='ocr_carea' id='block_1_90' title="bbox 1908 4471 2793 4561">
    <p class='ocr_par' dir='ltr' id='par_1_90' title="bbox 1965 4491 2793 4561">
     <span class='ocr_line' id='line_1_90' title="bbox 1965 4491 2793 4561; baseline 0.002 -17"><span class='ocrx_word' id='word_1_548' title='bbox 1965 4491 2090 4546; x_wconf 89' lang='lat' dir='ltr'><strong>dum</strong></span> <span class='ocrx_word' id='word_1_549' title='bbox 2119 4492 2173 4545; x_wconf 92' lang='lat' dir='ltr'><strong>in</strong></span> <span class='ocrx_word' id='word_1_550' title='bbox 2201 4492 2410 4544; x_wconf 85' lang='lat' dir='ltr'><strong>malitia</strong></span> <span class='ocrx_word' id='word_1_551' title='bbox 2440 4501 2793 4561; x_wconf 75' lang='lat' dir='ltr'><strong>perseverant.</strong></span> 
     </span>
    </p>
   </div>
   <div class='ocr_carea' id='block_1_91' title="bbox 277 4578 507 4645">
    <p class='ocr_par' dir='ltr' id='par_1_91' title="bbox 277 4578 507 4645">
     <span class='ocr_line' id='line_1_91' title="bbox 277 4578 507 4645; baseline -0.013 -13"><span class='ocrx_word' id='word_1_552' title='bbox 277 4578 507 4645; x_wconf 80' lang='grc' dir='ltr'>λότητι.</span> 
     </span>
    </p>
   </div>
   <div class='ocr_carea' id='block_1_92' title="bbox 201 4666 1792 4741">
    <p class='ocr_par' dir='ltr' id='par_1_92' title="bbox 201 4666 1792 4741">
     <span class='ocr_line' id='line_1_92' title="bbox 201 4666 1792 4741; baseline -0.009 -35"><span class='ocrx_word' id='word_1_553' title='bbox 201 4670 275 4741; x_wconf 63' lang='grc' dir='ltr'><strong>τ’,</strong></span> <span class='ocrx_word' id='word_1_554' title='bbox 322 4671 443 4722; x_wconf 88' lang='grc' dir='ltr'>Ὅτι</span> <span class='ocrx_word' id='word_1_555' title='bbox 467 4668 593 4735; x_wconf 84' lang='grc' dir='ltr'>τοῖς</span> <span class='ocrx_word' id='word_1_556' title='bbox 614 4668 711 4723; x_wconf 86' lang='grc' dir='ltr'>διὰ</span> <span class='ocrx_word' id='word_1_557' title='bbox 737 4668 995 4736; x_wconf 84' lang='grc' dir='ltr'>Χριστὸν</span> <span class='ocrx_word' id='word_1_558' title='bbox 1021 4666 1450 4737; x_wconf 75' lang='grc' dir='ltr'>πορθουμένοις</span> <span class='ocrx_word' id='word_1_559' title='bbox 1470 4668 1587 4736; x_wconf 64' lang='grc' dir='ltr'><strong>χρὴ</strong></span> <span class='ocrx_word' id='word_1_560' title='bbox 1623 4666 1792 4736; x_wconf 63' lang='grc' dir='ltr'><strong>χεῖρα</strong></span> 
     </span>
    </p>
   </div>
   <div class='ocr_carea' id='block_1_93' title="bbox 278 4759 1190 4830">
    <p class='ocr_par' dir='ltr' id='par_1_93' title="bbox 278 4759 1190 4830">
     <span class='ocr_line' id='line_1_93' title="bbox 278 4759 1190 4830; baseline -0.002 -15"><span class='ocrx_word' id='word_1_561' title='bbox 278 4760 529 4830; x_wconf 70' lang='grc' dir='ltr'>ὀρέγειν,</span> <span class='ocrx_word' id='word_1_562' title='bbox 558 4760 674 4814; x_wconf 82' lang='grc' dir='ltr'>κᾶν</span> <span class='ocrx_word' id='word_1_563' title='bbox 700 4759 982 4826; x_wconf 82' lang='grc' dir='ltr'>κίνδυνος</span> <span class='ocrx_word' id='word_1_564' title='bbox 1011 4759 1190 4828; x_wconf 76' lang='grc' dir='ltr'>παρῇ.</span> 
     </span>
    </p>
   </div>
   <div class='ocr_carea' id='block_1_94' title="bbox 200 4851 1788 4934">
    <p class='ocr_par' dir='ltr' id='par_1_94' title="bbox 200 4851 1788 4934">
     <span class='ocr_line' id='line_1_94' title="bbox 200 4851 1788 4934; baseline -0.005 -22"><span class='ocrx_word' id='word_1_565' title='bbox 200 4858 275 4912; x_wconf 88' lang='grc' dir='ltr'>δ’.</span> <span class='ocrx_word' id='word_1_566' title='bbox 321 4858 441 4910; x_wconf 87' lang='grc' dir='ltr'>Ὅτι</span> <span class='ocrx_word' id='word_1_567' title='bbox 469 4854 716 4925; x_wconf 73' lang='grc' dir='ltr'>φρικτόν</span> <span class='ocrx_word' id='word_1_568' title='bbox 742 4853 840 4908; x_wconf 81' lang='grc' dir='ltr'>καί</span> <span class='ocrx_word' id='word_1_569' title='bbox 868 4852 1169 4934; x_wconf 67' lang='grc' dir='ltr'>ολέθριον,</span> <span class='ocrx_word' id='word_1_570' title='bbox 1200 4852 1265 4906; x_wconf 87' lang='grc' dir='ltr'>τὸ</span> <span class='ocrx_word' id='word_1_571' title='bbox 1314 4851 1625 4921; x_wconf 79' lang='grc' dir='ltr'>ἀρνεῖσθαι</span> <span class='ocrx_word' id='word_1_572' title='bbox 1653 4854 1788 4920; x_wconf 83' lang='grc' dir='ltr'>Χρι-</span> 
     </span>
    </p>
   </div>
   <div class='ocr_carea' id='block_1_95' title="bbox 275 4949 449 5004">
    <p class='ocr_par' dir='ltr' id='par_1_95' title="bbox 275 4949 449 5004">
     <span class='ocr_line' id='line_1_95' title="bbox 275 4949 449 5004; baseline -0.017 0"><span class='ocrx_word' id='word_1_573' title='bbox 275 4949 449 5004; x_wconf 80' lang='grc' dir='ltr'>στόν.</span> 
     </span>
    </p>
   </div>
   <div class='ocr_carea' id='block_1_96' title="bbox 198 5036 1789 5109">
    <p class='ocr_par' dir='ltr' id='par_1_96' title="bbox 198 5036 1789 5109">
     <span class='ocr_line' id='line_1_96' title="bbox 198 5036 1789 5109; baseline -0.003 -12"><span class='ocrx_word' id='word_1_574' title='bbox 198 5049 267 5097; x_wconf 77' lang='grc' dir='ltr'>ε’.</span> <span class='ocrx_word' id='word_1_575' title='bbox 312 5042 434 5093; x_wconf 86' lang='grc' dir='ltr'>Ὅτι</span> <span class='ocrx_word' id='word_1_576' title='bbox 473 5037 760 5109; x_wconf 77' lang='grc' dir='ltr'>μιμητέον</span> <span class='ocrx_word' id='word_1_577' title='bbox 803 5038 1060 5105; x_wconf 82' lang='grc' dir='ltr'>Χριστὸν</span> <span class='ocrx_word' id='word_1_578' title='bbox 1112 5037 1182 5089; x_wconf 84' lang='grc' dir='ltr'>ἐν</span> <span class='ocrx_word' id='word_1_579' title='bbox 1234 5036 1315 5103; x_wconf 87' lang='grc' dir='ltr'>τῷ</span> <span class='ocrx_word' id='word_1_580' title='bbox 1351 5036 1641 5105; x_wconf 79' lang='grc' dir='ltr'>πάσχειν,</span> <span class='ocrx_word' id='word_1_581' title='bbox 1692 5038 1789 5093; x_wconf 80' lang='grc' dir='ltr'>καί</span> 
     </span>
    </p>
   </div>
   <div class='ocr_carea' id='block_1_97' title="bbox 276 5128 1282 5200">
    <p class='ocr_par' dir='ltr' id='par_1_97' title="bbox 276 5128 1282 5200">
     <span class='ocr_line' id='line_1_97' title="bbox 276 5128 1282 5200; baseline -0.003 -15"><span class='ocrx_word' id='word_1_582' title='bbox 276 5130 570 5200; x_wconf 76' lang='grc' dir='ltr'>ζηλωτέον</span> <span class='ocrx_word' id='word_1_583' title='bbox 595 5129 710 5197; x_wconf 82' lang='grc' dir='ltr'>τὴν</span> <span class='ocrx_word' id='word_1_584' title='bbox 735 5128 921 5182; x_wconf 82' lang='grc' dir='ltr'>αὐτοῦ</span> <span class='ocrx_word' id='word_1_585' title='bbox 950 5128 1282 5197; x_wconf 76' lang='grc' dir='ltr'>ὑπομονήν.</span> 
     </span>
    </p>
   </div>
   <div class='ocr_carea' id='block_1_98' title="bbox 201 5219 1801 5292">
    <p class='ocr_par' dir='ltr' id='par_1_98' title="bbox 201 5219 1801 5292">
     <span class='ocr_line' id='line_1_98' title="bbox 201 5219 1801 5292; baseline -0.001 -15"><span class='ocrx_word' id='word_1_586' title='bbox 201 5232 282 5292; x_wconf 80' lang='grc' dir='ltr'>ς’,</span> <span class='ocrx_word' id='word_1_587' title='bbox 303 5227 423 5277; x_wconf 84' lang='grc' dir='ltr'>Ὀτι</span> <span class='ocrx_word' id='word_1_588' title='bbox 442 5220 557 5291; x_wconf 80' lang='grc' dir='ltr'><strong>χρὴ</strong></span> <span class='ocrx_word' id='word_1_589' title='bbox 586 5220 691 5275; x_wconf 84' lang='grc' dir='ltr'>τὸν</span> <span class='ocrx_word' id='word_1_590' title='bbox 710 5219 927 5274; x_wconf 78' lang='grc' dir='ltr'>πιστὸν</span> <span class='ocrx_word' id='word_1_591' title='bbox 939 5219 1092 5289; x_wconf 80' lang='grc' dir='ltr'>μήτε</span> <span class='ocrx_word' id='word_1_592' title='bbox 1101 5221 1539 5288; x_wconf 74' lang='grc' dir='ltr'>ῥιψοκίνδυνον</span> <span class='ocrx_word' id='word_1_593' title='bbox 1548 5222 1699 5276; x_wconf 82' lang='grc' dir='ltr'>εἷναι</span> <span class='ocrx_word' id='word_1_594' title='bbox 1713 5223 1771 5276; x_wconf 90' lang='grc' dir='ltr'><strong>δι</strong></span> <span class='ocrx_word' id='word_1_595' title='bbox 1784 5230 1801 5253; x_wconf 83' lang='grc'>’</span> 
     </span>
    </p>
   </div>
   <div class='ocr_carea' id='block_1_99' title="bbox 272 5310 1791 5385">
    <p class='ocr_par' dir='ltr' id='par_1_99' title="bbox 272 5310 1791 5385">
     <span class='ocr_line' id='line_1_99' title="bbox 272 5310 1791 5385; baseline -0.001 -14"><span class='ocrx_word' id='word_1_596' title='bbox 272 5314 638 5385; x_wconf 60' lang='grc' dir='ltr'>ἀσφάλειαν,</span> <span class='ocrx_word' id='word_1_597' title='bbox 663 5313 816 5383; x_wconf 79' lang='grc' dir='ltr'>μήτε</span> <span class='ocrx_word' id='word_1_598' title='bbox 860 5310 1099 5382; x_wconf 77' lang='grc' dir='ltr'>περιδεῆ</span> <span class='ocrx_word' id='word_1_599' title='bbox 1145 5312 1220 5366; x_wconf 89' lang='grc' dir='ltr'><strong>δι’</strong></span> <span class='ocrx_word' id='word_1_600' title='bbox 1248 5314 1578 5381; x_wconf 82' lang='grc' dir='ltr'>ἀνανδρίαν</span> <span class='ocrx_word' id='word_1_601' title='bbox 1591 5331 1603 5344; x_wconf 81' lang='grc'><em>’</em></span> <span class='ocrx_word' id='word_1_602' title='bbox 1628 5315 1791 5369; x_wconf 82' lang='grc' dir='ltr'>ἀλλὰ</span> 
     </span>
    </p>
   </div>
   <div class='ocr_carea' id='block_1_100' title="bbox 274 5404 1791 5477">
    <p class='ocr_par' dir='ltr' id='par_1_100' title="bbox 274 5404 1791 5477">
     <span class='ocr_line' id='line_1_100' title="bbox 274 5404 1791 5477; baseline 0 -16"><span class='ocrx_word' id='word_1_603' title='bbox 274 5408 375 5462; x_wconf 77' lang='grc' dir='ltr'><strong>καὶ</strong></span> <span class='ocrx_word' id='word_1_604' title='bbox 402 5409 642 5477; x_wconf 71' lang='grc' dir='ltr'>φεύγειν</span> <span class='ocrx_word' id='word_1_605' title='bbox 656 5406 730 5460; x_wconf 88' lang='grc' dir='ltr'><strong>δι’</strong></span> <span class='ocrx_word' id='word_1_606' title='bbox 749 5405 1084 5469; x_wconf 81' lang='grc' dir='ltr'>εὐλάϐειαν,</span> <span class='ocrx_word' id='word_1_607' title='bbox 1115 5404 1213 5460; x_wconf 79' lang='grc' dir='ltr'>καί</span> <span class='ocrx_word' id='word_1_608' title='bbox 1241 5406 1600 5475; x_wconf 79' lang='grc' dir='ltr'>ἐμπεσόντα,</span> <span class='ocrx_word' id='word_1_609' title='bbox 1643 5407 1791 5475; x_wconf 71' lang='grc' dir='ltr'>ἀγω-</span> 
     </span>
    </p>
   </div>
   <div class='ocr_carea' id='block_1_101' title="bbox 274 5498 1553 5567">
    <p class='ocr_par' dir='ltr' id='par_1_101' title="bbox 274 5498 1553 5567">
     <span class='ocr_line' id='line_1_101' title="bbox 274 5498 1553 5567; baseline -0.001 -12"><span class='ocrx_word' id='word_1_610' title='bbox 274 5499 534 5563; x_wconf 79' lang='grc' dir='ltr'>νίζεσθαι</span> <span class='ocrx_word' id='word_1_611' title='bbox 561 5499 658 5554; x_wconf 84' lang='grc' dir='ltr'>διὰ</span> <span class='ocrx_word' id='word_1_612' title='bbox 685 5499 791 5553; x_wconf 81' lang='grc' dir='ltr'>τὸν</span> <span class='ocrx_word' id='word_1_613' title='bbox 816 5498 1212 5567; x_wconf 81' lang='grc' dir='ltr'>ἀποκείμενον</span> <span class='ocrx_word' id='word_1_614' title='bbox 1230 5498 1553 5566; x_wconf 68' lang='grc' dir='ltr'>στέφανον.</span> 
     </span>
    </p>
   </div>
   <div class='ocr_carea' id='block_1_102' title="bbox 198 5588 1793 5661">
    <p class='ocr_par' dir='ltr' id='par_1_102' title="bbox 198 5588 1793 5661">
     <span class='ocr_line' id='line_1_102' title="bbox 198 5588 1793 5661; baseline -0.004 -14"><span class='ocrx_word' id='word_1_615' title='bbox 198 5593 270 5655; x_wconf 76' lang='grc' dir='ltr'><strong>ζ’.</strong></span> <span class='ocrx_word' id='word_1_616' title='bbox 313 5592 455 5661; x_wconf 78' lang='grc' dir='ltr'>Περὶ</span> <span class='ocrx_word' id='word_1_617' title='bbox 506 5590 894 5658; x_wconf 78' lang='grc' dir='ltr'>ἀναστάσεως</span> <span class='ocrx_word' id='word_1_618' title='bbox 944 5589 1280 5657; x_wconf 77' lang='grc' dir='ltr'>ἀποδείξεις</span> <span class='ocrx_word' id='word_1_619' title='bbox 1326 5588 1593 5658; x_wconf 69' lang='grc' dir='ltr'>διάφοροι</span> <span class='ocrx_word' id='word_1_620' title='bbox 1614 5605 1628 5619; x_wconf 76' lang='grc'><strong><em>⁸</em></strong></span> <span class='ocrx_word' id='word_1_621' title='bbox 1659 5588 1793 5659; x_wconf 75' lang='grc' dir='ltr'>περὶ</span> 
     </span>
    </p>
   </div>
   <div class='ocr_carea' id='block_1_103' title="bbox 276 5681 1792 5754">
    <p class='ocr_par' dir='ltr' id='par_1_103' title="bbox 276 5681 1792 5754">
     <span class='ocr_line' id='line_1_103' title="bbox 276 5681 1792 5754; baseline -0.002 -15"><span class='ocrx_word' id='word_1_622' title='bbox 276 5686 575 5752; x_wconf 80' lang='grc' dir='ltr'>Σιϐύλλης</span> <span class='ocrx_word' id='word_1_623' title='bbox 596 5700 609 5714; x_wconf 74' lang='grc'><em>³</em></span> <span class='ocrx_word' id='word_1_624' title='bbox 660 5683 758 5739; x_wconf 74' lang='grc' dir='ltr'><strong>καὶ</strong></span> <span class='ocrx_word' id='word_1_625' title='bbox 794 5684 850 5738; x_wconf 87' lang='grc' dir='ltr'><strong>τί</strong></span> <span class='ocrx_word' id='word_1_626' title='bbox 879 5685 932 5739; x_wconf 80' lang='grc' dir='ltr'>οἱ</span> <span class='ocrx_word' id='word_1_627' title='bbox 962 5682 1204 5738; x_wconf 80' lang='grc' dir='ltr'><strong>Στωϊκοὶ</strong></span> <span class='ocrx_word' id='word_1_628' title='bbox 1226 5681 1359 5752; x_wconf 73' lang='grc' dir='ltr'>περὶ</span> <span class='ocrx_word' id='word_1_629' title='bbox 1389 5682 1495 5738; x_wconf 87' lang='grc' dir='ltr'><strong>τοῦ</strong></span> <span class='ocrx_word' id='word_1_630' title='bbox 1523 5682 1792 5754; x_wconf 76' lang='grc' dir='ltr'>φοίνικος</span> 
     </span>
    </p>
   </div>
   <div class='ocr_carea' id='block_1_104' title="bbox 277 5776 637 5845">
    <p class='ocr_par' dir='ltr' id='par_1_104' title="bbox 277 5776 637 5845">
     <span class='ocr_line' id='line_1_104' title="bbox 277 5776 637 5845; baseline 0 -14"><span class='ocrx_word' id='word_1_631' title='bbox 277 5778 380 5833; x_wconf 85' lang='grc' dir='ltr'><strong>τοῦ</strong></span> <span class='ocrx_word' id='word_1_632' title='bbox 408 5776 637 5845; x_wconf 79' lang='grc' dir='ltr'>ὀρνέου.</span> 
     </span>
    </p>
   </div>
   <div class='ocr_carea' id='block_1_105' title="bbox 1892 4670 3469 4741">
    <p class='ocr_par' dir='ltr' id='par_1_105' title="bbox 1892 4670 3469 4741">
     <span class='ocr_line' id='line_1_105' title="bbox 1892 4670 3469 4741; baseline 0.002 -14"><span class='ocrx_word' id='word_1_633' title='bbox 1892 4673 1980 4729; x_wconf 94' lang='lat' dir='ltr'>III.</span> <span class='ocrx_word' id='word_1_634' title='bbox 2019 4673 2171 4739; x_wconf 84' lang='lat' dir='ltr'><strong>Quod</strong></span> <span class='ocrx_word' id='word_1_635' title='bbox 2197 4682 2409 4741; x_wconf 87' lang='lat' dir='ltr'><strong>propter</strong></span> <span class='ocrx_word' id='word_1_636' title='bbox 2434 4670 2703 4727; x_wconf 78' lang='lat' dir='ltr'><strong>Christum</strong></span> <span class='ocrx_word' id='word_1_637' title='bbox 2738 4674 2998 4741; x_wconf 85' lang='lat' dir='ltr'><strong>oppressis</strong></span> <span class='ocrx_word' id='word_1_638' title='bbox 3026 4682 3226 4741; x_wconf 81' lang='lat' dir='ltr'><strong>oportet</strong></span> <span class='ocrx_word' id='word_1_639' title='bbox 3252 4691 3469 4730; x_wconf 87' lang='lat' dir='ltr'><strong>manum</strong></span> 
     </span>
    </p>
   </div>
   <div class='ocr_carea' id='block_1_106' title="bbox 1963 4766 3467 4837">
    <p class='ocr_par' dir='ltr' id='par_1_106' title="bbox 1963 4766 3467 4837">
     <span class='ocr_line' id='line_1_106' title="bbox 1963 4766 3467 4837; baseline 0.001 -17"><span class='ocrx_word' id='word_1_640' title='bbox 1963 4767 2278 4837; x_wconf 83' lang='lat' dir='ltr'><strong>adjutricem</strong></span> <span class='ocrx_word' id='word_1_641' title='bbox 2321 4767 2617 4835; x_wconf 79' lang='lat' dir='ltr'><strong>porrigere,</strong></span> <span class='ocrx_word' id='word_1_642' title='bbox 2668 4766 2907 4837; x_wconf 80' lang='lat' dir='ltr'><strong>quamvis</strong></span> <span class='ocrx_word' id='word_1_643' title='bbox 2956 4767 3099 4821; x_wconf 72' lang='lat' dir='ltr'><strong>adsit</strong></span> <span class='ocrx_word' id='word_1_644' title='bbox 3153 4768 3467 4837; x_wconf 69' lang='lat' dir='ltr'><strong>periculum.</strong></span> 
     </span>
    </p>
   </div>
   <div class='ocr_carea' id='block_1_107' title="bbox 1891 4858 3469 4927">
    <p class='ocr_par' dir='ltr' id='par_1_107' title="bbox 1891 4858 3469 4927">
     <span class='ocr_line' id='line_1_107' title="bbox 1891 4858 3469 4927; baseline 0.001 -13"><span class='ocrx_word' id='word_1_645' title='bbox 1891 4859 1980 4915; x_wconf 86' lang='lat' dir='ltr'><strong>IV.</strong></span> <span class='ocrx_word' id='word_1_646' title='bbox 2023 4859 2177 4927; x_wconf 91' lang='lat' dir='ltr'><strong>Quod</strong></span> <span class='ocrx_word' id='word_1_647' title='bbox 2232 4858 2551 4913; x_wconf 81' lang='lat' dir='ltr'><strong>horrendum</strong></span> <span class='ocrx_word' id='word_1_648' title='bbox 2587 4876 2649 4913; x_wconf 89' lang='lat' dir='ltr'><strong>ac</strong></span> <span class='ocrx_word' id='word_1_649' title='bbox 2695 4858 2913 4914; x_wconf 75' lang='lat' dir='ltr'><strong>exitiale</strong></span> <span class='ocrx_word' id='word_1_650' title='bbox 2957 4862 3028 4915; x_wconf 88' lang='lat' dir='ltr'><strong>sit</strong></span> <span class='ocrx_word' id='word_1_651' title='bbox 3076 4877 3267 4923; x_wconf 85' lang='lat' dir='ltr'><strong>neqare</strong></span> <span class='ocrx_word' id='word_1_652' title='bbox 3307 4860 3469 4915; x_wconf 83' lang='lat' dir='ltr'><strong>Chri-</strong></span> 
     </span>
    </p>
   </div>
   <div class='ocr_carea' id='block_1_108' title="bbox 1961 4940 2123 4986">
    <p class='ocr_par' dir='ltr' id='par_1_108' title="bbox 1961 4940 2123 4986">
     <span class='ocr_line' id='line_1_108' title="bbox 1961 4940 2123 4986; baseline 0.006 -1"><span class='ocrx_word' id='word_1_653' title='bbox 1961 4940 2123 4986; x_wconf 88' lang='lat' dir='ltr'><strong>stum.</strong></span> 
     </span>
    </p>
   </div>
   <div class='ocr_carea' id='block_1_109' title="bbox 1892 5020 3469 5093">
    <p class='ocr_par' dir='ltr' id='par_1_109' title="bbox 1892 5020 3469 5093">
     <span class='ocr_line' id='line_1_109' title="bbox 1892 5020 3469 5093; baseline 0.003 -18"><span class='ocrx_word' id='word_1_654' title='bbox 1892 5021 1957 5078; x_wconf 82' lang='lat' dir='ltr'><strong>V.</strong></span> <span class='ocrx_word' id='word_1_655' title='bbox 2000 5023 2153 5090; x_wconf 92' lang='lat' dir='ltr'><strong>Quod</strong></span> <span class='ocrx_word' id='word_1_656' title='bbox 2190 5025 2394 5077; x_wconf 88' lang='lat' dir='ltr'><strong>imitari</strong></span> <span class='ocrx_word' id='word_1_657' title='bbox 2427 5031 2665 5092; x_wconf 86' lang='lat' dir='ltr'><strong>oporteat</strong></span> <span class='ocrx_word' id='word_1_658' title='bbox 2694 5020 2967 5077; x_wconf 86' lang='lat' dir='ltr'><strong>Christum</strong></span> <span class='ocrx_word' id='word_1_659' title='bbox 3012 5022 3067 5077; x_wconf 90' lang='lat' dir='ltr'><strong>in</strong></span> <span class='ocrx_word' id='word_1_660' title='bbox 3101 5023 3373 5093; x_wconf 84' lang='lat' dir='ltr'><strong>patiendo,</strong></span> <span class='ocrx_word' id='word_1_661' title='bbox 3419 5035 3469 5090; x_wconf 77' lang='lat' dir='ltr'><strong>et</strong></span> 
     </span>
    </p>
   </div>
   <div class='ocr_carea' id='block_1_110' title="bbox 1958 5116 2763 5170">
    <p class='ocr_par' dir='ltr' id='par_1_110' title="bbox 1958 5116 2763 5170">
     <span class='ocr_line' id='line_1_110' title="bbox 1958 5116 2763 5170; baseline 0.001 -1"><span class='ocrx_word' id='word_1_662' title='bbox 1958 5117 2204 5170; x_wconf 71' lang='lat' dir='ltr'><strong>armulari</strong></span> <span class='ocrx_word' id='word_1_663' title='bbox 2238 5116 2383 5170; x_wconf 86' lang='lat' dir='ltr'><strong>illius</strong></span> <span class='ocrx_word' id='word_1_664' title='bbox 2411 5117 2763 5170; x_wconf 87' lang='lat' dir='ltr'><strong>tolerantiam.</strong></span> 
     </span>
    </p>
   </div>
   <div class='ocr_carea' id='block_1_111' title="bbox 1894 5208 3470 5279">
    <p class='ocr_par' dir='ltr' id='par_1_111' title="bbox 1894 5208 3470 5279">
     <span class='ocr_line' id='line_1_111' title="bbox 1894 5208 3470 5279; baseline 0.001 -20"><span class='ocrx_word' id='word_1_665' title='bbox 1894 5208 1980 5264; x_wconf 71' lang='lat' dir='ltr'><strong>VI.</strong></span> <span class='ocrx_word' id='word_1_666' title='bbox 2024 5209 2177 5276; x_wconf 86' lang='lat' dir='ltr'><strong>Quod</strong></span> <span class='ocrx_word' id='word_1_667' title='bbox 2199 5208 2340 5263; x_wconf 86' lang='lat' dir='ltr'><strong>decet</strong></span> <span class='ocrx_word' id='word_1_668' title='bbox 2367 5209 2574 5279; x_wconf 81' lang='lat' dir='ltr'><strong>ﬁdelem</strong></span> <span class='ocrx_word' id='word_1_669' title='bbox 2605 5226 2765 5279; x_wconf 87' lang='lat' dir='ltr'><strong>neque</strong></span> <span class='ocrx_word' id='word_1_670' title='bbox 2797 5209 3133 5263; x_wconf 88' lang='lat' dir='ltr'><strong>temerarium</strong></span> <span class='ocrx_word' id='word_1_671' title='bbox 3181 5224 3293 5262; x_wconf 90' lang='lat' dir='ltr'><strong>esse</strong></span> <span class='ocrx_word' id='word_1_672' title='bbox 3347 5224 3470 5276; x_wconf 82' lang='lat' dir='ltr'><strong>pro-</strong></span> 
     </span>
    </p>
   </div>
   <div class='ocr_carea' id='block_1_112' title="bbox 1961 5299 3472 5373">
    <p class='ocr_par' dir='ltr' id='par_1_112' title="bbox 1961 5299 3472 5373">
     <span class='ocr_line' id='line_1_112' title="bbox 1961 5299 3472 5373; baseline -0.005 -17"><span class='ocrx_word' id='word_1_673' title='bbox 1961 5313 2075 5373; x_wconf 88' lang='lat' dir='ltr'><strong>pter</strong></span> <span class='ocrx_word' id='word_1_674' title='bbox 2118 5305 2474 5367; x_wconf 86' lang='lat' dir='ltr'><strong>securitatem,</strong></span> <span class='ocrx_word' id='word_1_675' title='bbox 2498 5318 2658 5371; x_wconf 88' lang='lat' dir='ltr'><strong>neque</strong></span> <span class='ocrx_word' id='word_1_676' title='bbox 2688 5300 3052 5354; x_wconf 86' lang='lat' dir='ltr'><strong>meticulosum</strong></span> <span class='ocrx_word' id='word_1_677' title='bbox 3073 5309 3283 5367; x_wconf 87' lang='lat' dir='ltr'><strong>propter</strong></span> <span class='ocrx_word' id='word_1_678' title='bbox 3319 5299 3472 5368; x_wconf 38' lang='lat' dir='ltr'><strong>igua,</strong></span> 
     </span>
    </p>
   </div>
   <div class='ocr_carea' id='block_1_113' title="bbox 1962 5392 3471 5465">
    <p class='ocr_par' dir='ltr' id='par_1_113' title="bbox 1962 5392 3471 5465">
     <span class='ocr_line' id='line_1_113' title="bbox 1962 5392 3471 5465; baseline -0.005 -14"><span class='ocrx_word' id='word_1_679' title='bbox 1962 5395 2237 5451; x_wconf 81' lang='lat' dir='ltr'><strong>viam:sed</strong></span> <span class='ocrx_word' id='word_1_680' title='bbox 2254 5395 2431 5465; x_wconf 79' lang='lat' dir='ltr'><strong>fugere</strong></span> <span class='ocrx_word' id='word_1_681' title='bbox 2452 5404 2663 5464; x_wconf 88' lang='lat' dir='ltr'><strong>propter</strong></span> <span class='ocrx_word' id='word_1_682' title='bbox 2677 5394 2973 5447; x_wconf 87' lang='lat' dir='ltr'><strong>cautionem</strong></span> <span class='ocrx_word' id='word_1_683' title='bbox 2991 5408 3008 5455; x_wconf 81' lang='lat'><strong>,&#39;</strong></span> <span class='ocrx_word' id='word_1_684' title='bbox 3028 5401 3077 5445; x_wconf 89' lang='lat' dir='ltr'><strong>et</strong></span> <span class='ocrx_word' id='word_1_685' title='bbox 3106 5407 3223 5443; x_wconf 85' lang='lat' dir='ltr'><strong>cum</strong></span> <span class='ocrx_word' id='word_1_686' title='bbox 3248 5392 3300 5443; x_wconf 86' lang='lat' dir='ltr'><strong>in</strong></span> <span class='ocrx_word' id='word_1_687' title='bbox 3330 5392 3471 5458; x_wconf 81' lang='lat' dir='ltr'><strong>peri-</strong></span> 
     </span>
    </p>
   </div>
   <div class='ocr_carea' id='block_1_114' title="bbox 1963 5484 3466 5554">
    <p class='ocr_par' dir='ltr' id='par_1_114' title="bbox 1963 5484 3466 5554">
     <span class='ocr_line' id='line_1_114' title="bbox 1963 5484 3466 5554; baseline -0.006 -10"><span class='ocrx_word' id='word_1_688' title='bbox 1963 5490 2140 5545; x_wconf 89' lang='lat' dir='ltr'><strong>culum</strong></span> <span class='ocrx_word' id='word_1_689' title='bbox 2171 5489 2436 5551; x_wconf 82' lang='lat' dir='ltr'><strong>inciderit,</strong></span> <span class='ocrx_word' id='word_1_690' title='bbox 2468 5488 2736 5542; x_wconf 85' lang='lat' dir='ltr'><strong>decertare</strong></span> <span class='ocrx_word' id='word_1_691' title='bbox 2769 5485 2831 5539; x_wconf 90' lang='lat' dir='ltr'><strong>ob</strong></span> <span class='ocrx_word' id='word_1_692' title='bbox 2875 5484 3157 5554; x_wconf 86' lang='lat' dir='ltr'><strong>repositam</strong></span> <span class='ocrx_word' id='word_1_693' title='bbox 3193 5499 3466 5537; x_wconf 87' lang='lat' dir='ltr'><strong>coronam.</strong></span> 
     </span>
    </p>
   </div>
   <div class='ocr_carea' id='block_1_115' title="bbox 1896 5574 3470 5642">
    <p class='ocr_par' dir='ltr' id='par_1_115' title="bbox 1896 5574 3470 5642">
     <span class='ocr_line' id='line_1_115' title="bbox 1896 5574 3470 5642; baseline -0.003 -2"><span class='ocrx_word' id='word_1_694' title='bbox 1896 5583 2005 5640; x_wconf 71' lang='lat' dir='ltr'>VII.</span> <span class='ocrx_word' id='word_1_695' title='bbox 2073 5582 2151 5637; x_wconf 88' lang='lat' dir='ltr'><strong>De</strong></span> <span class='ocrx_word' id='word_1_696' title='bbox 2209 5582 2591 5636; x_wconf 81' lang='lat' dir='ltr'><strong>resurrectione</strong></span> <span class='ocrx_word' id='word_1_697' title='bbox 2640 5579 2802 5633; x_wconf 76' lang='lat' dir='ltr'><strong>variae</strong></span> <span class='ocrx_word' id='word_1_698' title='bbox 2848 5576 3360 5642; x_wconf 75' lang='lat' dir='ltr'><strong>demonstrationes;</strong></span> <span class='ocrx_word' id='word_1_699' title='bbox 3403 5574 3470 5635; x_wconf 67' lang='grc' dir='ltr'><strong>τις</strong></span> 
     </span>
    </p>
   </div>
   <div class='ocr_carea' id='block_1_116' title="bbox 1964 5670 3101 5750">
    <p class='ocr_par' dir='ltr' id='par_1_116' title="bbox 1964 5670 3101 5750">
     <span class='ocr_line' id='line_1_116' title="bbox 1964 5670 3101 5750; baseline -0.006 -18"><span class='ocrx_word' id='word_1_700' title='bbox 1964 5677 2194 5750; x_wconf 83' lang='lat' dir='ltr'><strong>sibylla;</strong></span> <span class='ocrx_word' id='word_1_701' title='bbox 2228 5685 2275 5731; x_wconf 88' lang='lat' dir='ltr'><strong>et</strong></span> <span class='ocrx_word' id='word_1_702' title='bbox 2309 5673 2434 5748; x_wconf 80' lang='lat' dir='ltr'><strong>quid</strong></span> <span class='ocrx_word' id='word_1_703' title='bbox 2470 5673 2626 5730; x_wconf 79' lang='lat' dir='ltr'><strong>stoici</strong></span> <span class='ocrx_word' id='word_1_704' title='bbox 2656 5671 2719 5725; x_wconf 87' lang='lat' dir='ltr'><strong>de</strong></span> <span class='ocrx_word' id='word_1_705' title='bbox 2738 5670 2969 5741; x_wconf 77' lang='lat' dir='ltr'><strong>pltamice</strong></span> <span class='ocrx_word' id='word_1_706' title='bbox 2991 5684 3101 5725; x_wconf 83' lang='lat' dir='ltr'><strong>ave.</strong></span> 
     </span>
    </p>
   </div>
  </div>
