3876 6188
442 311 549 367 827

1291 313 1330 370 S
1384 313 1782 372 CLEMENTIS
1805 314 1834 368 ‘l
1871 311 2038 370 80M.
2080 313 2280 370 PONT.
2317 313 2549 370 OPERA
2587 313 2812 371 DUBIA.

3601 321 3704 375 89.3

441 429 576 487 VIII.
621 428 697 484 De
749 428 952 484 Iacobo
997 429 1166 500 fratre
1221 428 1455 498 Domini,
1480 440 1532 487 et
1575 429 1839 502 Stephano
1871 447 2015 484 mar-

2124 427 2191 497 n'.
2233 429 2371 497 Περὶ
2415 429 2689 484 Ἰακώϐου
2718 430 2824 484 τοῦ
2866 428 3134 500 ἀδελφοῦ
3177 429 3284 484 τοῦ
3310 430 3559 499 Κυρίου,
3610 435 3704 487 καὶ

507 533 620 592 tgre
643 522 832 592 primo.

438 614 528 670 IX.
577 614 648 668 De
675 614 829 684 falsis
851 613 1198 683 martyribus.

439 707 505 764 Χ.
546 707 770 762 Muralis
820 707 1149 772 admonitio;
1199 707 1338 777 quod
1377 716 1612 777 oporteat
1645 706 1821 778 fugere
1850 721 2010 760 vanos

505 816 790 862 sermones,
810 800 1151 870 turpiloquia,
1166 799 1494 864 dicacitates,
1508 799 1832 864 ebrietatem,
1851 797 2012 852 lasci-

503 893 642 946 uiam
667 903 716 947 et
742 892 978 947 delicias.

435 984 524 1040 XI.
563 984 884 1048 Admonitio,
939 983 1127 1038 docens
1175 983 1480 1056 fugiendum
1515 1001 1628 1039 esse
1685 982 2010 1039 idololatria

507 1077 676 1131 scelus
707 1074 1079 1131 abominabile.

432 1164 546 1222 XII.
590 1168 743 1238 Quod
770 1187 873 1223 non
905 1169 1058 1223 liceat
1080 1171 1396 1224 cantilenam
1425 1169 1686 1225 ethnicam
1722 1179 1813 1224 aut
1843 1186 2008 1224 mere-

504 1259 710 1312 triciam
735 1278 957 1325 canere;
990 1279 1152 1332 neque
1171 1278 1262 1328 per
1294 1261 1494 1316 idolum
1523 1262 1710 1332 jurare
1735 1281 1753 1318 :
1787 1263 2008 1332 impium

499 1353 638 1405 enim
669 1353 726 1405 id
753 1371 884 1418 esse,
919 1365 968 1408 et
1001 1355 1288 1425 cognitioni
1326 1353 1425 1409 Dei
1473 1372 1791 1427 repugnans.

431 1443 569 1499 XIII.
614 1443 960 1502 Enumeratio
1004 1448 1256 1517 festorum
1315 1447 1567 1513 Domini,
1631 1463 1748 1518 qua
1803 1457 2004 1516 oportet

494 1537 806 1604 observare;
856 1550 907 1594 et
935 1541 1146 1612 quando
1187 1557 1368 1595 eorum
1395 1540 1797 1612 unumquodque
1820 1540 2003 1596 debeat

495 1628 769 1686 celebrari.

424 1717 564 1776 XIV.
606 1720 684 1776 De
703 1724 948 1792 passione
999 1723 1252 1789 Domini;
1298 1733 1347 1778 et
1387 1724 1512 1796 quid
1543 1726 1597 1778 in
1640 1725 1863 1795 singulis
1890 1726 2003 1780 die-

2184 520 2490 590 Στεφάνου
2514 522 2622 576 τοῦ
2647 521 3152 592 προπομάρτυοος.

2114 611 2179 668 θ’.
2221 614 2360 682 Περὶ
2387 615 2903 684 ψευδομαρτύρων.

2115 703 2167 758 ι’.
2208 705 2408 774 Ἠθικὴ
2457 707 2839 775 παραίνεσις,
2871 707 2960 760 ὅτι
2987 705 3081 760 δεῖ
3100 707 3344 777 φεύγειν
3378 712 3708 776 ματαιολο-

2182 799 2337 866 γίας,
2384 799 2831 868 αἰσχρολογίας,
2877 801 3289 868 εὐτραπελίας,
3338 799 3555 870 μέθην,
3597 805 3706 856 ,ια-

2184 891 2309 958 γνεί
2309 906 2406 955 αν,
2435 893 2670 960 θρύψιν.

2112 980 2203 1036 ια’.
2245 983 2606 1050 Παραίνεσις
2662 983 3031 1038 παιδεύουσα
3079 985 3322 1055 φεύγειν
3364 986 3478 1054 τῆς
3533 987 3702 1042 ειδω-

2178 1074 2532 1142 λολατρείας
2557 1074 2622 1128 τὸ
2644 1076 2861 1144 μύσος.

2111 1163 2202 1220 ιϐ’.
2249 1167 2368 1220 Ὅτι
2407 1166 2496 1238 μὴ
2538 1166 2781 1234 καθήκει
2825 1167 2990 1236 ᾠδὴν
3044 1168 3290 1238 ὲθνικὴν
3329 1168 3369 1238 ἡ
3396 1171 3702 1241 πορνικὴν

2177 1257 2376 1326 ᾄδειν,
2418 1261 2558 1314 οὔτε
2593 1259 2964 1330 ἑπόμνυσθαι
3010 1260 3287 1315 εἴδωλον·
3328 1262 3549 1327 ἀσεϐὲς
3585 1264 3702 1332 γὰρ

2179 1350 2375 1414 τοῦτο,
2399 1350 2498 1404 καὶ
2525 1349 2635 1420 τῆς
2661 1352 2768 1406 τοῦ
2799 1352 2947 1406 Θεοῦ
2975 1353 3250 1422 γνώσεως
3274 1355 3511 1422 ἐχθρόν.

2108 1439 2196 1510 ιγ’.
2237 1441 2583 1511 Κατάλογος
2633 1442 2754 1496 τῶν
2804 1444 2910 1498 τοῦ
2945 1445 3168 1513 Κυρίου
3206 1445 3446 1515 ἑορτῶν,
3489 1449 3570 1514 ἇς
3612 1448 3709 1502 δεῖ

2176 1532 2551 1602 φυλάσσειν·
2595 1535 2692 1587 καὶ
2747 1536 2892 1590 πότε
2936 1539 3160 1592 τούτων
3201 1538 3426 1607 ἑκάστη
3465 1541 3700 1609 ὀφείλει

2175 1625 2594 1680 ἐπιτελεῖσθαι.

2106 1715 2175 1769 ιδ’
2181 1755 2196 1770 .
2237 1717 2377 1786 Περὶ
2399 1717 2505 1771 τοῦ
2535 1716 2762 1785 πάθους
2776 1719 2882 1774 τοῦ
2907 1721 3158 1787 Κυρίου·
3175 1721 3270 1775 καὶ
3284 1722 3342 1774 τί
3365 1721 3438 1776 ἐν
3464 1722 3698 1793 ἑκάστῃ

494 1811 590 1867 bus
620 1825 798 1869 actum
839 1818 909 1870 sit
931 1834 1134 1884 eorum,
1164 1835 1282 1888 qua
1305 1817 1374 1871 ad
1387 1819 1685 1887 passionem
1704 1820 1997 1888 pertinent;

2171 1807 2363 1877 ἡμέρᾳ
2391 1809 2659 1878 ἐπράχθη
2691 1811 2810 1863 τῶν
2843 1811 2915 1865 ἐν
2943 1811 3023 1878 τῷ
3052 1812 3222 1867 πάθει
3245 1833 3257 1844 ·
3297 1814 3395 1867 καὶ
3425 1815 3566 1882 περὶ
3595 1817 3700 1871 τοῦ

497 1919 546 1962 et
572 1909 637 1961 de
656 1907 832 1973 Iuda;
860 1919 909 1964 et
943 1910 1082 1980 quod
1119 1912 1331 1980 quando
1361 1911 1618 1965 Dominus
1652 1911 1874 1966 tradidit
1905 1911 1992 1966 di-

489 2001 703 2070 scipulis
729 2011 1084 2071 sacramenta,
1107 2001 1144 2056 1
1148 2004 1281 2058 udas
1305 2021 1409 2058 non
1433 2005 1706 2061 intererat.

416 2177 533 2236 XV.
575 2179 652 2234 De
680 2197 870 2252 magna
923 2181 1275 2248 hebdomade;
1302 2192 1351 2238 et
1384 2199 1479 2237 cur
1511 2195 1704 2256 quarta
1749 2197 1798 2240 et
1841 2198 1991 2242 sexta

487 2272 621 2340 feria
647 2274 901 2327 mandant
927 2275 1192 2344 jejunare.

415 2363 554 2420 XVI.
599 2364 944 2421 Enumeratio
966 2369 1370 2437 pradictionum
1394 2370 1836 2439 propheticarum,
1872 2389 1990 2444 qua

484 2456 754 2512 Christum
796 2460 1120 2527 pradicant;
1151 2476 1377 2531 quarum
1405 2473 1642 2516 eventura
1687 2462 1866 2518 Judai
1913 2466 1990 2518 in—

483 2551 626 2614 tuiti,
678 2560 890 2620 propter
925 2553 1347 2606 malevolentiam
1377 2570 1496 2607 eum
1550 2571 1662 2610 esse
1716 2555 1988 2610 Christum

482 2641 580 2694 Dei
605 2659 706 2696 non
728 2643 1080 2710 crediderunt,
1106 2653 1156 2698 et
1173 2644 1240 2698 ad
1261 2661 1467 2701 crucem
1489 2645 1776 2702 Dominum
1803 2648 1988 2719 gloria

481 2733 966 2793 condemnaverunt.

411 2827 573 2884 XVII.
618 2831 890 2896 Quomodo
916 2831 1125 2886 Pascha
1153 2831 1334 2886 debeat
1360 2831 1631 2887 celebrari.

410 2919 598 2976 XVIII.
639 2922 960 2978 Constitutio
991 2923 1055 2978 de
1078 2941 1273 2994 magna
1303 2923 1635 2978 hebdomada
1666 2925 1910 2980 Pascha.

2183 1900 2380 1955 Ἰούδα
2403 1920 2416 1933 ·
2467 1903 2565 1956 καὶ
2611 1901 2700 1956 ὅτι
2743 1906 2815 1958 οὐ
2867 1904 3196 1974 συμπαρῆν
3234 1906 3465 1973 Ἰούδας
3506 1909 3587 1960 ἐν
3621 1907 3699 1974 τῷ

2167 1995 2277 2050 τὸν
2296 1995 2518 2063 Κύριον
2556 1995 2681 2062 τοῖς
2712 1997 3003 2066 μαθηταῖς
3038 1998 3424 2067 παραδιδόναι
3465 2001 3540 2053 τὰ
3583 2019 3696 2069 μυ-

2165 2087 2398 2154 στήρια.

2094 2177 2175 2233 ιε’.
2218 2179 2358 2248 Περὶ
2410 2179 2523 2249 τῆς
2570 2181 2839 2251 μεγάλης
2902 2183 3260 2254 ἑϐδομάδος*
3321 2183 3418 2236 καὶ
3481 2182 3587 2237 διὰ
3643 2184 3696 2237 τί

2164 2273 2414 2341 τετράδα
2430 2275 2527 2328 καὶ
2545 2275 2939 2344 παρασκευὴν
2952 2277 3335 2345 ἐπιτρέπουσι
3347 2278 3690 2344 νηστεύειν.

2089 2362 2188 2431 ις’.
2243 2365 2657 2436 Ἀπαρίθμησις
2709 2369 3089 2438 προφητικῶν
3143 2366 3533 2437 προρρήσεων
3589 2371 3693 2422 τὸν

2161 2459 2425 2526 Χριστὸν
2466 2463 2913 2530 κηρυττουσῶν,
2952 2462 3038 2516 ὧν
3077 2461 3340 2517 Ἰουδαῖοι
3370 2461 3486 2528 τὴν
3511 2463 3690 2515 ἐκϐα-

2159 2566 2264 2604 σιν
2292 2555 2666 2624 θεασάμενοι,
2705 2556 2774 2609 ἐκ
2789 2555 3107 2620 κακονοίας
3124 2555 3477 2622 ἠπίστησαν
3498 2553 3692 2606 αὑτὸν

2158 2646 2310 2700 εἶναι
2337 2648 2442 2702 τὸν
2472 2648 2729 2716 Χριστὸν
2757 2648 2864 2702 τοῦ
2894 2648 3066 2710 Θεοῦ,
3116 2645 3215 2700 καὶ
3242 2644 3484 2713 στατιρῷ
3513 2646 3689 2700 κατέ-

2169 2757 2381 2811 κριναν
2409 2741 2516 2796 τὸν
2543 2741 2653 2810 τῆς
2681 2741 2866 2809 δόξης
2892 2743 3130 2809 Κύριον.

2090 2835 2177 2898 ιζ’.
2223 2837 2414 2901 Ὅπως
2445 2835 2674 2904 ὀφείλει
2700 2835 2971 2903 γίνεσθαι
2997 2833 3064 2886 τὸ
3094 2831 3330 2900 Πάσχα.

2088 2924 2181 2997 ιη’.
2221 2926 2489 2993 Διάταξις
2515 2925 2785 2996 περὶτῆς
2807 2924 3075 2997 μεγάλης
3101 2925 3207 2980 τοῦ
3259 2925 3477 2991 Πάσχα
3519 2921 3690 2976 ἐϐδο-

2153 3018 2364 3089 μάδος.

408 3110 550 3167 XIX.
578 3111 656 3166 De
684 3113 954 3184 pervigilio
973 3115 1151 3185 magni
1183 3112 1409 3170 Sabbati
1425 3131 1443 3178 ;
1475 3122 1525 3169 et
1554 3113 1618 3169 de
1643 3115 1984 3173 diellesnrre-

2124 3109 2180 3167 θ’.
2222 3111 2363 3180 Περὶ
2391 3110 2502 3180 τῆς
2529 3109 2900 3178 παννυχίδος
2928 3109 3034 3163 τοῦ
3048 3108 3316 3178 μεγάλου
3335 3105 3646 3161 Σαϐϐάτου
3667 3147 3686 3170 ,

478 3205 686 3260 ctionis.

407 3295 523 3352 XX.
566 3296 853 3354 Pradictio
887 3298 1172 3370 prophetia
1200 3298 1264 3354 de
1279 3297 1491 3356 Christo
1517 3299 1667 3357 Iesu.

679 3693 1036 3782 LIBER
1119 3693 1698 3800 QUINTUS.

888 3861 984 3917 DE
1021 3862 1518 3922 MARTYRIBUS.

910 4087 1141 4145 CAPUT
1179 4089 1472 4147 PRIMUM.

404 4202 559 4270 Quod
588 4203 778 4273 iis,qui
797 4212 1010 4279 propter
1031 4203 1302 4279 Christum
1323 4205 1387 4259 ab
1410 4206 1711 4276 inﬁdelibus
1741 4209 1984 4279 afﬂigun-

474 4283 582 4336 tur,
643 4290 850 4347 aquum
897 4275 1071 4347 situt
1112 4275 1291 4343 ﬁdeles
1339 4275 1639 4332 necessaria
1689 4275 1978 4347 prabeant,

471 4343 756 4398 secundum
783 4342 998 4398 Domini
1031 4342 1476 4402 constitutionem.

476 4461 533 4514 Si
565 4459 692 4530 quis
722 4459 1107 4525 Christianus,
1152 4468 1378 4531 propter
1409 4478 1608 4518 nomen
1653 4463 1884 4530 Christi,
1915 4481 1979 4521 ac

400 4569 529 4624 erga
562 4552 732 4608 Deum
769 4552 1129 4620 charitatem,
1163 4554 1234 4608 ab
1265 4553 1449 4625 impiis
1488 4555 1780 4613 damnatus
1813 4557 1982 4614 fuerit

402 4644 470 4698 ad
500 4643 710 4710 ludum,
734 4645 818 4700 vel
847 4645 1078 4710 bestias,
1113 4646 1198 4701 vel
1231 4647 1486 4713 metalla;
1524 4663 1593 4703 ne
1639 4663 1762 4704 eum
1792 4649 1979 4721 despi-

405 4731 599 4798 ciatis;
650 4735 745 4790 sed
783 4751 850 4791 ex
890 4737 1078 4795 labore
1120 4754 1186 4794 ac
1221 4740 1424 4798 sudore
1465 4753 1649 4799 vestro
1683 4747 1885 4803 mittite
1928 4749 1978 4804 ei

398 4825 542 4879 unde
570 4826 740 4894 vivat,
755 4836 809 4883 et
827 4830 1090 4886 militibus
1117 4833 1418 4888 mercedem
1437 4833 1634 4903 solvat,
1649 4853 1760 4908 quo
1776 4839 1975 4895 alleve-

545 5000 591 5034 "
612 5000 655 5070 f.
691 5002 816 5065 τοὺς
868 5001 1116 5066 πιστούς.

2170 3203 2269 3258 καὶ
2295 3203 2428 3272 περὶ
2455 3203 2566 3272 τῆς
2608 3203 3039 3272 Ἀναστασίμου
3067 3201 3311 3271 ἡμέρας.

2096 3295 2166 3350 κ’.
2210 3297 2543 3366 Πρόρῤησις
2625 3295 2990 3366 προφητείας
3043 3296 3176 3363 περὶ
3245 3292 3506 3363 Χριστοῦ
3579 3293 3686 3347 τοῦ

2177 3391 2389 3455 Ἰησοῦ.

2335 3690 2771 3778 ΒΙΒΛΙΟΝ
2830 3687 3418 3775 ΠΕΜΠΤΟΝ.

2499 3865 2683 3918 ΠΕΡΙ
2709 3860 3112 3916 ΜΑΡΤΥΡΩΝ
3135 3856 3269 3930 (64).

2628 4087 3024 4142 ΚΕΦΔΛΑΙΟΝ
3061 4087 3140 4140 A'.

2091 4209 2210 4261 Ὅτι
2237 4205 2361 4272 τοῖς
2387 4204 2485 4258 διὰ
2510 4203 2768 4273 Χριστὸν
2795 4201 3166 4273 θλιϐομένοις
3192 4202 3352 4269 παρὰ
3378 4202 3680 4264 ἀπίστων,

2155 4277 2388 4332 δίκαιον
2411 4273 2536 4340 τοῖς
2557 4272 2792 4338 πιστοῖς
2803 4273 2849 4304 ⁷⁸
2862 4272 2934 4326 τὰ
2958 4272 3173 4326 δέοντα
3199 4273 3504 4342 παρέχειν,
3526 4274 3683 4328 κατὰ

2157 4348 2273 4417 τὴν
2300 4347 2406 4401 τοῦ
2432 4345 2656 4413 Κυρίου
2675 4342 2962 4408 διάταξιν.

2160 4459 2230 4514 El
2281 4477 2365 4523 τις
2391 4455 2734 4530 Χριστιανὸς,
2763 4454 2855 4507 διὰ
2882 4454 2944 4508 τὸ
2969 4453 3138 4525 ὄνομα
3166 4454 3261 4507 τοῦ
3289 4454 3548 4524 Χριστοῦ,
3584 4458 3682 4509 καὶ

2083 4553 2181 4625 τὴν
2215 4555 2294 4614 εἰς
2321 4551 2412 4603 τὸν
2443 4548 2576 4602 Θεὸν
2607 4546 2827 4618 ἀγάπην
2855 4545 2948 4599 καὶ
2981 4546 3183 4613 πίστιν,
3218 4545 3525 4617 κατακριθῇ
3571 4548 3681 4600 ὑπὸ

2083 4643 2399 4706 ἀσεϐὦνεῑς
2426 4642 2610 4695 λοῦδον
2633 4639 2817 4711 (65),ἥ
2847 4638 3031 4710 θηρία,
3063 4639 3097 4710 ἢ
3128 4637 3409 4709 μέταλλον,
3437 4639 3512 4710 μὴ
3541 4657 3682 4711 παρ-

2088 4738 2236 4809 ίδητε
2270 4735 2452 4802 αὐτὸν,
2501 4732 2614 4787 ἀλλ’
2656 4734 2720 4785 ὲκ
2766 4731 2858 4785 τοῦ
2901 4731 3072 4784 κόπου
3121 4732 3214 4784 καὶ
3249 4733 3317 4784 ὲκ
3371 4730 3465 4783 τοῦ
3501 4729 3678 4803 ἱδρῶ-

2082 4847 2176 4894 τος
2207 4828 2317 4901 (66)
2356 4826 2509 4898 ὑμῶν
2545 4824 2796 4896 πέμψατε
2833 4823 2982 4894 αὐτῷ
3020 4825 3102 4887 εἰς
3136 4823 3432 4895 διατροφὴν
3468 4822 3677 4889 αὐτοῦ,

1717 5159 2086 5218 VABIOBUM
2126 5159 2360 5219 NOTAE.

474 5319 764 5397 (διληερῖ
785 5320 1116 5397 μαρῑζύρςιιν.
1143 5320 1386 5397 Titulum_
1428 5322 1576 5397 hun_c_
1597 5321 1848 5390 agnoscit
1878 5319 1975 5397 Ni-

398 5390 901 5462 cetas’Pectoratus
930 5391 984 5462 in
1014 5391 1153 5462 loco,
1178 5408 1342 5462 quem
1375 5392 1515 5448 inter
1532 5390 1787 5462 Veterum
1820 5392 1977 5462 testi-

401 5465 585 5518 monia
615 5461 899 5516 collocavi.
933 5461 1068 5516 Cor.
1099 5460 1272 5518 Habet
1314 5478 1444 5517 vero
1483 5463 1622 5516 alter
1651 5461 1824 5516 codex
1852 5460 1980 5516 Vin-

398 5535 625 5603 dobon.;
668 5533 755 5603 'Ev
781 5525 826 5599 ᾧ
857 5533 982 5603 περὶ
1028 5533 1319 5603 μαρτύρων
1347 5532 1454 5603 τῶν
1483 5531 1571 5585 διὰ
1599 5531 1660 5584 τὸ
1685 5531 1857 5603 ὄνομα
1885 5531 1979 5603 τοῦ

399 5602 635 5674 Χριστορ
671 5601 1039 5672 διωκομένωνς
1074 5601 1157 5655 ὅτι
1201 5601 1281 5656 δεῖ
1321 5602 1498 5659 αὐτῶν
1532 5601 1800 5655 ποιεῖσθαι
1845 5602 1980 5674 πρό-

399 5671 566 5726 νοιαν.
594 5671 762 5726 CLI-1R.

471 5739 582 5801 (65)
623 5742 873 5797 Λοῦδον.
895 5741 1127 5809 Ludum,
1153 5759 1368 5814 nempe,
1394 5742 1796 5815 gladiatorium.
1814 5741 1970 5809 Quod

2081 5337 2207 5377 cum
2239 5337 2349 5376 non
2381 5321 2705 5391 intelligeret
2731 5320 3013 5386 librarius,
3032 5327 3134 5391 Vaut
3165 5317 3391 5374 criticus
3417 5317 3670 5391 (Em-cus,

2074 5394 2318 5447 mutavit
2353 5394 2407 5447 in
2431 5387 2634 5460 δοῦλον,
2668 5394 2720 5446 in
2745 5393 2919 5446 altero
2944 5390 3068 5446 cod;
3110 5404 3416 5460 perperam.
3442 5387 3520 5443 In.

2158 5461 2269 5533 (66)
2321 5461 2599 5531 Ἰδρῶτος.
2637 5463 2789 5533 Alter
2832 5461 3053 5533 ἱδρῶτος
3085 5459 3462 5533 ὑπαρχόντων,
3528 5477 3670 5530 quo-

2087 5531 2255 5587 modo
2283 5533 2568 5602 legendum
2601 5532 2840 5596 videtur,
2871 5531 3050 5602 deleto
3081 5531 3255 5601 ὑμῶν,
3309 5536 3406 5582 aut
3432 5540 3672 5602 mutato

2089 5603 2145 5657 in
2177 5600 2418 5674 optim—ex
2435 5619 2515 5669 eo,
2543 5619 2758 5674 nempe,
2785 5602 2925 5671 quod
2945 5600 3136 5658 sudore
3158 5609 3327 5656 vestro
3354 5600 3502 5656 vobis
3527 5617 3670 5656 com-

2076 5673 2328 5747 parastis.
2358 5674 2431 5728 In.
