3876 6188
159 324 267 382 89.9

1082 322 1676 382 CONSTITUTIONES
1713 319 2397 379 APOSTOLIC/E.-LIB.
2441 320 2509 378 ν.

3298 318 3409 376 830

151 441 252 496 καὶ
280 440 363 504 είς
392 436 810 511 μισθαποδοσίαν
830 437 941 512 (67)
954 438 1061 493 τῶν
1091 440 1463 513 στρατιωτῶνθ
1497 441 1583 493 ἵνα
1615 440 1735 493 ἐλα-

1845 446 1928 493 lur
1950 446 2004 494 et
2033 453 2177 493 cura:
2207 437 2504 502 habeatur;
2540 441 2601 489 ut
2628 443 2890 506 quantum
2911 433 2967 488 in
2987 433 3142 489 vobis
3167 441 3272 497 est,
3296 450 3408 489 non

152 531 370 604 φρυνθῇ
411 532 507 584 καὶ
538 530 851 601 ἐπιμελείας
884 530 1023 603 τύχῃ
1045 548 1059 561 ⁸
1107 533 1173 585 ἵν’
1194 533 1316 586 ὅσον
1372 531 1433 585 τὸ
1479 534 1562 601 ἐφ’
1583 532 1736 602 ὑμῖν,

154 623 232 694 μὴ
263 622 514 693 θλίὸηται
538 624 567 675 ὁ
597 622 865 693 μακάριος
902 622 1129 691 ἀδελφὸς
1172 623 1346 693 ὑμῶν.
1401 622 1459 675 '0
1508 621 1617 692 γὰρ
1651 620 1740 674 διὰ

148 716 214 768 τὸ
248 714 422 785 ὄνομα
460 714 668 785 Κυρίου
703 714 801 767 τοῦ
855 714 989 767 Θεοῦ
1027 714 1549 785 καταδικαζόμενος,
1587 705 1741 775 οὗτος

154 807 373 877 μάρτυς
408 806 584 874 ἅγιος,
631 805 857 874 ἀδελφὸς
900 805 993 859 τοῦ
1035 807 1262 877 Κυρίου,
1307 807 1422 869 υίὸς
1450 806 1545 859 τοῦ
1586 806 1740 876 Ὑψί-

153 916 315 963 στου,
356 899 560 968 δοχεῖον
591 897 686 951 τοῦ
724 898 879 966 ἁγίου
928 898 1271 968 Πνεύματος,
1325 895 1475 951 διὀἶ)
1527 899 1622 952 καὶ
1651 898 1741 952 τὸν

152 990 437 1060 φωτισμὸν
490 991 590 1061 τῆς
640 989 797 1061 δόξης
841 989 935 1043 τοῦ
983 990 1136 1059 ἁγίου
1176 990 1504 1059 Εὑαγγελίου
1554 990 1741 1043 ἐλαϐεν

150 1082 388 1144 ἕκαστος
413 1081 523 1134 τῶν
540 1082 745 1134 πιστῶν
761 1099 773 1111 ·
798 1084 853 1134 ἐν
881 1081 958 1153 τῷ
981 1081 1384 1152 καταξιωθῆναι
1404 1082 1499 1134 τοῦ
1528 1081 1739 1152 ἀφθάρ-

150 1195 248 1230 του
282 1175 395 1247 (68)
428 1176 716 1244 στεφάνου,
750 1175 845 1227 καὶ
870 1175 970 1245 τῆς
1002 1174 1305 1245 μαρτυρίας
1332 1174 1441 1226 τῶν
1481 1172 1740 1244 παθημά-

149 1286 263 1322 των
306 1266 503 1331 αὑτοῦ,
543 1267 638 1320 καὶ
672 1267 772 1337 τῆς
810 1265 1094 1329 κοινωνίας
1128 1265 1223 1317 τοῦ
1262 1265 1493 1335 αἵματος
1544 1262 1739 1330 αὑτοῦ,

153 1359 629 1431 συμμορφωθῆναι
665 1357 744 1428 τῷ
784 1357 998 1427 θανάτῳ
1035 1356 1129 1409 τοῦ
1170 1356 1408 1427 Χριστοῦ
1447 1358 1527 1418 είς
1564 1355 1741 1407 υἱοθε-

154 1454 298 1504 σῖαν.
340 1450 545 1503 Τούτου
584 1447 676 1503 οὖν
711 1450 895 1503 ἕνεκεν
931 1450 1171 1511 ἅπαντες
1204 1449 1253 1501 οἱ
1293 1448 1493 1513 πιστοὶ,
1533 1446 1622 1500 διὰ
1649 1446 1742 1500 τοῦ

150 1542 458 1595 ἐπισκόπου
502 1540 675 1611 ὑμῶν,
718 1542 782 1593 ἐκ
816 1540 925 1593 τῶν
962 1539 1316 1610 ὑπαρχόντων
1355 1538 1508 1609 ὑμῶν
1546 1537 1639 1591 καὶ
1678 1538 1743 1590 ἐκ

148 1633 249 1686 τοῦ
294 1633 466 1686 κόπου
502 1633 855 1703 διακονήσατε
900 1634 1014 1695 τοῖς
1053 1632 1245 1701 ἁγίοις.
1287 1632 1351 1684 Et
1397 1631 1455 1683 δὲ
1493 1630 1593 1683 οὐκ
1630 1629 1743 1700 ἔχει

146 1743 268 1792 τις,
304 1725 637 1796 νηστεύσας,
676 1724 739 1776 τὸ
773 1725 873 1794 τῆς
909 1724 1123 1794 ἡμέρας
1154 1724 1249 1775 καὶ
1289 1722 1546 1794 μερίσας,
1586 1722 1744 1776 τοῦτο

149 1818 440 1882 ἐκταξάτω
468 1820 581 1879 τοῖς
602 1816 794 1885 ἁγίοις.
818 1817 880 1867 Εἰ
900 1814 957 1867 δέ
983 1832 1067 1878 τις
1094 1815 1151 1866 ἐν
1172 1814 1456 1885 περιουσίᾳ
1486 1814 1740 1885 ὑπάρχει,
1776 1810 1818 1869 Β

149 1912 251 1964 καὶ
289 1909 473 1963 πλεῖόν
517 1926 571 1960 τι
602 1907 744 1960 κατά
783 1906 1073 1974 ἀναλογίαν
1111 1906 1210 1975 τῆς
1252 1904 1533 1975 δυνάμεως
1571 1904 1738 1958 αὐτοῦ

146 2001 469 2056 διακονείτω
483 2001 680 2063 αὐτοῖς.
713 2000 775 2052 El
805 1998 860 2051 δὲ
890 1999 983 2051 καὶ
1009 1993 1118 2061 οἷός
1145 1996 1205 2049 τέ
1238 1997 1383 2049 ἐστιν
1411 1997 1626 2051 ἅπαντα
1652 1996 1743 2051 τὸν

152 2095 273 2165 βίον
299 2093 495 2146 ἐαυτοῦ
506 2091 837 2161 ἀποδόμενος
853 2089 1115 2162 ῥύσασθαι
1127 2089 1323 2151 αὐτοὺς
1337 2090 1401 2141 ἐκ
1426 2088 1519 2140 τοῦ
1535 2088 1744 2159 δεσμω-

146 2188 371 2259 τηρίου,
415 2185 681 2257 μακάριος
720 2184 894 2248 ἔσται,
934 2183 1029 2236 καὶ
1065 2181 1217 2251 φίλος
1258 2180 1351 2234 τοῦ
1392 2180 1651 2252 Χριστοῦ.
1678 2181 1743 2233 Et

150 2279 265 2349 γὰρ
293 2281 323 2331 ό
350 2277 420 2333 τὰ
449 2278 764 2348 ὑπάρχοντα
794 2277 1029 2345 πτωχοῖς
1055 2274 1200 2340 δοὺς,
1230 2274 1451 2341 τέλειος,
1479 2273 1618 2345 μετὰ
1643 2274 1742 2345 τήν

151 2371 288 2442 περὶ
320 2369 431 2424 τῶν
477 2368 635 2422 θείων
666 2367 867 2437 γνῶσιν
907 2366 1017 2437 (69)
1043 2383 1056 2397 ·
1098 2365 1278 2436 πολλῷ
1317 2365 1513 2437 μᾶλλον
1542 2367 1573 2419 ὁ
1602 2364 1743 2436 ὑπὲρ

156 2462 478 2534 μαρτύρων.
528 2463 586 2515 ὐ
624 2461 734 2532 γὰρ
775 2459 1043 2525 τοιοῦτος,
1084 2457 1233 2523 ἄξιος
1269 2457 1403 2510 Θεοῦ
1461 2457 1740 2528 ὑπάρξας,

151 2553 438 2627 πληρώσει
464 2553 526 2606 τὸ
554 2553 764 2623 θέλημα
792 2550 977 2616 αὐτοῦ,
1007 2552 1319 2621 χορηγήσας
1337 2549 1583 2617 ἐκείνοις,
1612 2550 1743 2603 οἵτι-

150 2666 247 2710 vs;
274 2648 438 2701 αὑτὸν
466 2646 821 2716 ὡμολόγησαν
848 2643 1076 2697 ἐνώπιον
1107 2641 1296 2708 ἐθνῶν,
1325 2642 1419 2694 καὶ
1452 2640 1740 2711 βασιλέων,

153 2740 292 2791 υἱῶν
320 2755 381 2789 τε
425 2736 658 2807 Ἰσραήλ,
678 2735 807 2807 περὶ
833 2728 908 2787 ὧν
926 2737 955 2787 ό
972 2735 1178 2804 Κύριος
1200 2733 1516 2803 ἀπεφήνατο
1540 2732 1734 2799 λέγων·

160 2850 181 2880 ι
222 2833 323 2893 Ὃς
355 2828 420 2881 ἂν
445 2827 755 2899 ὁμολογήσῃ
793 2828 848 2878 ἐν
885 2826 1009 2896 ἐμοὶ
1049 2823 1353 2895 ἔμπροσθεν
1390 2822 1498 2875 τῶν
1535 2819 1746 2894 ἀνθρὼ-

155 2936 309 2984 πων,
354 2918 670 2989 ὁμολογήσω
698 2916 852 2985 κάγὼ
888 2918 947 2968 ἐν
984 2915 1133 2987 αὑτῷ
1172 2914 1477 2986 ἔμπροσθεν
1504 2914 1599 2967 τοῦ
1628 2915 1743 2966 Πα-

151 3012 287 3083 τρός
320 3026 422 3081 μου
454 3009 583 3079 (70).
624 3028 642 3060 ι
677 3009 787 3062 Καὶ
817 3010 866 3061 εἰ
893 3008 1120 3061 τοιοῦτοί
1167 3010 1333 3073 εἰσιν,
1382 3008 1458 3070 ὡς
1495 3007 1590 3060 καὶ
1638 3005 1744 3060 ὑπὸ

152 3103 398 3176 Χριστοῦ
427 3103 520 3155 ἐπὶ
544 3102 638 3155 τοῦ
668 3103 878 3172 Πατρὸς
908 3102 1105 3164 αὐτοὺς
1138 3100 1549 3173 μαρτυρεῖσθαι,
1584 3100 1743 3171 ὑμεῖς

150 3199 257 3250 οὐκ
273 3196 517 3264 ὀφείλετε
530 3194 949 3264 ἐπαισχυνθῆναι
960 3193 1175 3247 ἀπιέναι
1196 3193 1331 3264 πρὸς
1350 3193 1545 3256 αὑτοὺς
1559 3194 1615 3244 ἐν
1626 3193 1744 3256 ταῖς

153 3288 451 3358 φυλακαῖς.
489 3286 657 3339 Τοῦτο
694 3286 802 3358 γὰρ
838 3285 1179 3357 ποιησάντων
1215 3284 1398 3355 ὑμῶν,
1448 3284 1743 3354 μαρτύριον

114 3390 117 3391 ⁷
156 3380 293 3450 ὑμῖν
308 3377 693 3448 λογισθήσεται
716 3394 731 3407 ·
760 3378 843 3431 ὅτι
873 3377 1099 3440 ἐκείνοις
1130 3377 1228 3447 μὲν
1258 3379 1421 3448 πεῖρα
1448 3377 1509 3429 τὸ
1540 3375 1743 3448 μαρτύ-

156 3489 277 3543 ριον
322 3467 595 3541 ὑπῆρξεν,
634 3470 761 3539 ὑμῖν
796 3450 855 3523 δέ
894 3470 1096 3539 ἑτέρως
1134 3464 1276 3538 (71),
1317 3467 1620 3539 προθυμία,
1668 3467 1743 3531 ὡς

152 3562 434 3624 κοινωνοῖς
462 3561 561 3632 τῆς
587 3560 865 3631 ἀθλήσεως
891 3559 1087 3613 αὐτῶν.
1119 3560 1280 3629 Λέγει
1307 3559 1416 3630 γάρ
1445 3576 1546 3611 που
1574 3561 1602 3612 ὁ
1632 3557 1745 3612 Κύ-

153 3673 276 3729 ριος
308 3653 444 3727 πρὸς
471 3654 598 3717 τοὺς
624 3652 917 3719 τοιούτους,
948 3650 1172 3722 φάσκων
1195 3668 1209 3681 ο
1248 3671 1266 3702 ‹
1305 3650 1467 3703 Δεῦτε
1504 3651 1553 3702 οἱ
1590 3649 1741 3702 εὐλο-

151 3747 389 3819 γημένοι
424 3745 518 3797 τοῦ
556 3744 765 3816 Πατρός
818 3761 950 3815 μου,
991 3743 1431 3815 κληρονομήσατε
1466 3740 1565 3811 τὴν
1593 3742 1741 3809 ἡτοι-

154 3837 448 3909 μασμένην
507 3837 634 3906 ὑμῖν
693 3836 971 3907 βασιλείαν
1024 3836 1132 3889 ἀπὸ
1170 3835 1470 3906 καταϐολῆς
1509 3834 1736 3904 κόσμου.

166 3930 466 3983 Ἐπείνασα
505 3928 635 3999 γάρ,
676 3929 770 3981 καὶ
815 3925 1057 3980 ἐδώκατέ
1099 3944 1187 3997 μοι
1234 3928 1445 3994 φαγεῖν,
1479 3924 1737 3995 ἐδίψησα,

152 4024 250 4075 καὶ
286 4021 579 4073 ἐποτίσατέ
621 4038 707 4091 με,
758 4019 905 4084 ξένος
941 4020 1109 4090 ἤμην,
1146 4018 1240 4072 καὶ
1271 4016 1608 4088 συνηγάγετέ
1649 4033 1737 4086 με,

150 4113 386 4184 γυμνὸς,
411 4112 505 4166 καὶ
533 4110 882 4182 περιεϐάλετέ
916 4127 1003 4181 με,
1033 4108 1263 4179 ἀσθενὴς
1293 4108 1459 4180 ήμην,
1498 4107 1594 4160 καὶ
1622 4109 1742 4161 ἐπι-

152 4203 433 4273 σκέψασθε
466 4220 531 4274 με
550 4220 563 4233 ο
596 4205 653 4255 ἐν
684 4202 895 4272 φυλακῇ
926 4202 1094 4271 ἥμην,
1125 4201 1219 4253 καὶ
1252 4199 1444 4271 ἤλθετε
1473 4198 1611 4271 πρός
1646 4216 1734 4269 με.

152 4296 294 4349 Τότε
322 4294 780 4364 ἀποκριθήσονται
806 4292 954 4364 αὑτῷ
983 4293 1033 4345 οἱ
1063 4291 1282 4358 δίκαιοι,
1313 4292 1592 4360 λέγοντες·
1627 4291 1738 4346 Κύ-

156 4405 266 4457 ριε,
298 4386 429 4439 πότε
460 4404 520 4439 σε
550 4386 728 4455 ἴδομεν
759 4385 1054 4450 πεινῶντα,
1088 4384 1181 4437 καὶ
1217 4382 1554 4454 ἐθρέψαμεν,
1594 4382 1626 4453 ἢ
1654 4383 1736 4436 δι-

1847 531 2116 600 aﬁligatur
2147 530 2339 585 beatus
2364 528 2534 582 frater
2564 534 2768 582 vester.
2790 526 2895 592 Qui
2918 527 3061 581 enim
3092 526 3165 582 ob
3191 525 3407 581 Domini

1844 623 1937 679 Dei
1980 638 2180 678 nomen
2210 622 2628 685 condemnatur,
2672 620 2762 674 hic
2793 628 2878 675 est
2920 626 3145 674 sanctus
3173 629 3406 690 martyr,

1845 715 2013 771 frater
2036 715 2274 779 Domini,
2309 715 2454 769 ﬁlius
2483 712 2773 776 Altissimi,
2802 712 3208 781 receptaculum
3233 712 3409 765 sancti

1844 809 1966 879 (per
1997 825 2159 880 quem
2193 808 2646 862 illuminalionem
2675 806 2860 876 gloria:
2912 805 3088 860 sancti
3131 803 3411 876 Evangelii

1843 908 2172 972 acceperunt
2200 899 2400 970 singuli
2436 898 2624 954 ﬁdeles
2652 898 2734 970 ")
2768 895 3035 967 Spiritus;
3055 896 3184 968 quia
3213 896 3413 968 dignus

1842 994 2062 1050 habitus
2089 1000 2173 1049 est
2201 993 2517 1061 incorrupta
2539 1004 2740 1045 corona
2767 989 2836 1055 ⁸⁸⁵,
2860 998 2916 1044 et
2943 989 3257 1047 testimonio
3286 1004 3414 1059 pas-
3453 991 3457 995 ’

1845 1088 2060 1143 sionum
2092 1085 2300 1142 Christi
2331 1086 2398 1150 δι,
2428 1093 2483 1140 et
2514 1085 2776 1140 societate
2822 1083 3108 1154 sanguinis
3148 1083 3305 1152 ejus,
3354 1091 3415 1137 ut

1844 1181 2022 1251 ipsius
2074 1180 2239 1235 morti
2288 1178 2722 1249 conﬁguraretur
2758 1177 2814 1231 in
2858 1176 3205 1246 adoptionem
3232 1177 3297 1229 δ’.
3331 1174 3414 1229 0b

1843 1273 1989 1327 hanc
2025 1272 2192 1343 igitur
2214 1286 2464 1335 causam,
2500 1286 2692 1326 omnes
2726 1269 2931 1335 ﬁdeles,
2962 1285 3061 1339 per
3094 1270 3413 1340 episcopum

1844 1371 2118 1429 vestrum,
2161 1380 2226 1419 ex
2264 1362 2465 1418 vestris
2502 1362 2664 1418 bonis
2699 1377 2763 1417 ac
2807 1361 3107 1425 laboribus,
3143 1359 3414 1417 submini-

1845 1463 2018 1512 strate
2040 1457 2268 1512 sanctis.
2300 1454 2457 1522 Quod
2487 1456 2534 1511 si
2562 1456 2688 1526 quis
2712 1470 2824 1510 non
2852 1455 3069 1518 habeat,
3096 1453 3330 1523 jejunet,
3356 1461 3415 1509 et

1844 1548 2026 1603 cibum
2058 1548 2180 1617 ejus
2207 1548 2313 1603 diei
2355 1547 2615 1618 partitus,
2659 1547 2898 1601 destinet
2927 1546 3155 1602 sanctis.
3192 1544 3251 1599 Si
3286 1546 3414 1617 quis

1845 1650 2026 1697 autem
2055 1641 2111 1695 in
2144 1640 2479 1696 abundantia
2519 1648 2793 1704 versatur,
2841 1638 2965 1709 plus
2993 1638 3178 1703 etiam,
3214 1653 3415 1693 secun-

1845 1732 1976 1787 dum
2018 1732 2425 1803 proportionem
2477 1731 2755 1787 facultatis
2791 1746 2925 1795 suae,
2958 1732 3041 1787 eis
3072 1730 3407 1801 suppeditet.

1844 1842 1964 1900 Jam
1990 1860 2121 1899 vero
2142 1844 2189 1899 si
2221 1849 2399 1915 potest
2430 1841 2627 1896 tradita
2655 1842 2803 1896 omni
2827 1842 3134 1897 substantia
3168 1857 3289 1908 sua,
3314 1857 3413 1898 eos

1844 1952 1911 1991 ex
1935 1952 2157 1992 carcere
2187 1936 2441 1997 liberare,
2470 1934 2663 1989 beatus
2691 1934 2816 2000 erit,
2848 1949 2912 1988 ac
2941 1934 3147 1989 Christi
3177 1934 3408 1988 amicus.

1842 2027 1977 2082 Nam
2000 2045 2124 2084 cum
2152 2029 2220 2091 is,
2240 2028 2331 2098 qui
2355 2028 2495 2081 bona
2518 2041 2614 2081 sua
2632 2026 2963 2095 pauperibus
2992 2025 3105 2091 dat,
3137 2024 3412 2096 perfectus

1843 2120 1916 2176 sit
1944 2122 2014 2186 ⁸⁸,
2048 2130 2169 2190 post
2200 2118 2567 2190 cognitionem
2618 2132 2801 2172 rerum
2844 2118 3189 2180 divinarum,
3238 2117 3412 2171 multo

1843 2213 2135 2285 perfectior
2155 2212 2259 2267 erit
2288 2211 2381 2281 qui
2414 2225 2513 2280 pro
2544 2211 2877 2281 martyribus
2901 2217 3097 2264 cuncta
3127 2209 3409 2281 largietur.

1845 2304 2127 2376 Siquidem
2180 2303 2292 2358 Deo
2337 2302 2538 2372 dignus
2579 2302 2842 2368 existens,
2888 2302 3225 2357 voluntatem
3287 2302 3409 2371 ejus

1842 2406 2193 2469 exsequetur,
2213 2395 2506 2466 praebendo
2534 2395 2602 2450 iis
2629 2395 2723 2464 qui
2745 2394 2994 2449 eumdem
3019 2394 3159 2464 apud
3195 2402 3408 2464 gentes,

1842 2499 1897 2547 ct
1927 2506 2105 2561 reges,
2148 2496 2197 2544 et
2238 2487 2455 2543 lsraelis
2503 2486 2646 2542 ﬁlios
2676 2485 2915 2541 confessi
2964 2496 3092 2540 sunt
3129 2486 3198 2551 ”,
3248 2498 3312 2540 ac
3344 2485 3413 2541 de

1843 2582 2043 2654 quibus
2072 2581 2336 2636 Dominus
2367 2579 2745 2649 pronuntiavit
2777 2579 2965 2635 dicens
3000 2595 3012 2631 :
3053 2597 3073 2631 ι
3111 2578 3213 2646 Qui
3242 2580 3413 2634 conﬁ-

1843 2686 1991 2735 tetur
2018 2693 2105 2733 me
2143 2691 2328 2732 coram
2359 2674 2696 2738 hominibus,
2723 2674 3026 2729 conﬁtebor
3059 2684 3114 2729 et
3158 2689 3257 2744 ego
3285 2689 3411 2729 eum

1844 2788 2027 2835 coram
2060 2770 2222 2825 Patre
2249 2783 2371 2824 meo
2399 2768 2466 2822 ⁸³.
2506 2786 2523 2819 ι
2566 2766 2743 2837 Atque
2785 2766 2832 2822 si
2865 2766 2945 2820 illi
2976 2768 3116 2823 tales
3149 2774 3299 2831 sunt,
3351 2776 3413 2822 ut

1845 2866 2222 2923 testimonium
2270 2877 2300 2916 a
2352 2862 2572 2917 Christo
2624 2860 2765 2931 apud
2819 2858 3037 2915 Patrem
3063 2876 3411 2929 consequan-

1846 2967 1968 3025 tur;
2023 2972 2135 3012 non
2162 2956 2322 3010 debet
2344 2954 2549 3024 pudere
2572 2968 2689 3016 vos,
2723 2951 2791 3006 ad
2843 2967 2939 3008 eos
2991 2953 3049 3006 in
3096 2954 3413 3008 carceribus

1844 3054 2057 3126 positos
2089 3049 2368 3105 accedere.
2413 3048 2459 3082 “
2494 3045 2609 3099 Hoc
2637 3045 2782 3101 enim
2814 3061 2939 3099 cum
2983 3045 3225 3100 feceritis
3245 3085 3259 3108 ,
3312 3061 3414 3116 pro

1773 3159 1816 3217 ο
1848 3146 2113 3217 martyrio
2136 3143 2295 3199 vobis
2339 3140 2735 3210 imputabitur:
2778 3137 3038 3208 quoniam
3068 3138 3148 3192 illi
3190 3137 3410 3208 quidem

1846 3246 2115 3309 martyres
2199 3234 2421 3289 fuerunt
2469 3230 2835 3302 experiendo;
2890 3245 2990 3285 vos
3042 3244 3174 3284 vero
3221 3229 3411 3293 aliter,

1845 3346 2039 3401 nempe
2060 3329 2296 3382 alacrem
2322 3324 2629 3380 exhibendo
2653 3323 3006 3385 voluntatem,
3037 3330 3097 3376 ut
3118 3322 3413 3391 participes

1845 3420 2165 3478 certaminis
2197 3419 2437 3473 illorum.
2468 3414 2548 3469 Ad
2582 3415 2717 3469 tales
2748 3428 2982 3483 namque
3008 3413 3094 3469 his
3122 3413 3305 3468 verbis
3330 3413 3414 3467 lo-

1844 3517 2032 3588 quitur
2068 3513 2333 3567 Dominus
2367 3526 2378 3561 :
2419 3527 2437 3560 ‹
2466 3504 2681 3571 Venite,
2711 3505 2980 3561 benedicti
3031 3504 3211 3559 Patris
3260 3504 3408 3567 mei,

1847 3609 2124 3680 possidete
2175 3612 2422 3675 paratum
2461 3600 2619 3655 vobis
2664 3613 2891 3669 regnum
2945 3612 2976 3651 a
3019 3597 3413 3652 constitutione

1844 3702 2055 3758 mundi.
2088 3697 2306 3754 Esurivi
2328 3695 2495 3759 enim,
2517 3700 2571 3749 et
2605 3691 2835 3747 dedistis
2876 3690 3008 3746 mihi
3038 3689 3409 3755 manducare;

1844 3818 2013 3881 sitivi,
2047 3824 2101 3872 et
2131 3812 2361 3870 dedistis
2390 3809 2522 3865 mihi
2545 3809 2730 3864 bibere
2756 3824 2774 3874 ;
2802 3806 3000 3877 hospes
3030 3821 3200 3869 eram,
3230 3813 3284 3860 et
3303 3807 3413 3859 col-

1844 3912 2052 3983 legistis
2069 3923 2155 3963 me
2173 3925 2187 3974 ;
2214 3904 2416 3968 nudus,
2441 3909 2496 3957 et
2517 3899 2812 3970 operuistis
2834 3913 2948 3953 me:
2971 3896 3219 3952 inﬁrmus
3238 3913 3409 3962 eram,

1841 4012 1897 4060 et
1918 4001 2185 4059 visitastis
2228 4016 2315 4055 me
2353 4016 2366 4051 :
2399 4000 2453 4052 in
2492 4009 2715 4053 carcere
2758 4006 2940 4054 eram,
2985 3998 3040 4046 et
3085 3991 3311 4045 venistis
3344 3988 3413 4042 ad

1844 4112 1950 4153 me.
1984 4095 2140 4149 Tunc
2163 4090 2570 4162 respondebunt
2597 4090 2644 4143 ei
2670 4086 2827 4157 justi,
2851 4084 3095 4138 dicentes
3120 4102 3133 4138 :
3160 4081 3409 4146 Domine,

1842 4187 2062 4260 quando
2093 4195 2147 4242 te
2167 4185 2404 4240 vidimus
2432 4182 2786 4241 esurientem,
2819 4184 2873 4232 et
2896 4176 3184 4245 pavimus?
3205 4183 3299 4230 aut
3330 4175 3411 4229 si-

1843 4283 2089 4344 tientem,
2122 4285 2175 4334 ct
2198 4277 2450 4333 dedimus
2478 4273 2705 4342 potum?
2728 4268 2957 4336 Quando
2981 4277 3162 4322 autem
3193 4276 3243 4321 te
3271 4267 3412 4321 vidi-

1843 4390 1965 4429 mus
1992 4371 2221 4434 nudum,
2253 4375 2307 4423 et
2328 4364 2753 4436 000peruimus?
2794 4367 2888 4414 aut
2913 4358 3212 4421 inﬁrmum,
3245 4364 3299 4412 et
3326 4357 3411 4412 vi-

149 4450 367 4549 ίζμῶντα,
405 4481 499 4532 καὶ
533 4450 890 4549 ἐποτίσαμεν;
932 4477 1063 4529 πότε
1099 4476 1157 4529 δέ
1196 4493 1254 4529 σε
1282 4450 1464 4546 ίδομεν
1493 4450 1699 4545 γυμνὸν
1719 4517 1733 4539 ,

1845 4463 2163 4521 sitavimus?
2182 4460 2403 4531 quando
2422 4473 2554 4513 vero
2583 4464 2635 4511 te
2653 4455 2886 4509 vidimus
2909 4451 3199 4520 hospitem,
3226 4455 3282 4503 et
3296 4450 3411 4502 col-

153 4571 253 4623 καὶ
304 4569 737 4641 περιεϐάλομεν;
796 4569 827 4639 ἢ
870 4568 1091 4637 ἀσθενῆ,
1139 4567 1234 4620 καὶ
1275 4564 1737 4636 ἐπεσκεψάμεθα;

151 4661 291 4717 πότε
340 4661 398 4714 δέ
441 4678 501 4713 σε
544 4661 721 4730 ἴδομεν
764 4659 941 4723 ξένον,
992 4660 1084 4712 καὶ
1140 4657 1554 4728 συνηγάγομεν;
1601 4655 1634 4726 ἦ
1679 4657 1738 4709 ἐν

149 4753 395 4821 φυλακῇ,
437 4753 529 4804 καὶ
570 4752 800 4822 ήλθομεν
843 4750 978 4822 πρὸς
1014 4749 1103 4814 σέ;
1134 4750 1243 4803 Καὶ
1278 4747 1598 4819 ἀποκριθεὶς
1625 4748 1742 4817 ἐρεῖ

149 4844 372 4907 αὐτοῖς’
419 4844 530 4912 Ἐφ’
546 4844 669 4896 ὅσον
697 4844 987 4913 ἐποιήσατε
1018 4842 1097 4903 ἐνὶ
1125 4840 1327 4894 τούτων
1357 4840 1464 4893 τῶν
1493 4838 1737 4907 ἀδελφῶν

156 4952 263 5005 μου
292 4934 401 4987 τῶν
428 4934 739 5004 ἐλαχίστων,
772 4936 893 5005 ἐμοὶ
920 4936 1227 5004 ἐποιήσατε.
1259 4935 1370 4989 Καὶ
1405 4934 1737 4987 ἀπελεύσον-

149 5043 245 5078 ται
275 5018 423 5079 οὗτοι
475 5028 553 5088 εἰς
593 5022 744 5095 ζωὴν¹
780 5025 1013 5080 αἰώνιον.
1055 5027 1186 5081 Τότε
1227 5027 1344 5099 ἐρεῖ
1382 5026 1475 5079 καὶ
1517 5029 1628 5089 τοῖς
1676 5025 1735 5089 ἐξ

1843 4557 2108 4631 legimus?
2146 4555 2231 4608 vel
2262 4554 2318 4607 in
2359 4564 2602 4613 carcere,
2639 4555 2692 4602 et
2719 4544 2970 4599 venimus
2998 4542 3067 4597 ad
3103 4542 3200 4596 te?
3228 4540 3294 4599 Et
3323 4556 3410 4595 re-

1844 4650 2121 4721 spondens
2145 4648 2291 4703 dicet
2334 4645 2479 4699 illis:
2513 4642 2794 4709 Quatenus
2828 4635 3037 4691 fecistis
3086 4634 3182 4688 uni
3222 4649 3290 4688 ex
3321 4633 3408 4687 bis

1839 4741 2104 4796 fratribus
2137 4739 2273 4794 meis
2302 4735 2566 4796 minimis,
2608 4732 2743 4787 mihi
2798 4726 3026 4784 fecistis.
3071 4724 3138 4778 Et
3164 4726 3322 4780 ibunt
3351 4725 3406 4779 hi

1839 4834 1894 4887 in
1920 4834 2083 4886 vitam
2114 4839 2394 4885 aeternam.
2427 4825 2582 4880 Tunc
2608 4826 2751 4880 dicet
2773 4831 2826 4880 et
2857 4824 2924 4879 iis
2970 4824 3064 4892 qui
3095 4837 3126 4875 a
3166 4820 3406 4877 sinistris

1837 4932 2001 4979 erunt
2034 4943 2047 4979 :
2082 4921 2352 4977 Discedite
2384 4935 2412 4972 a
2440 4934 2548 4981 me,
2583 4915 2879 4981 maledicti;
2912 4916 2971 4970 in
3019 4916 3198 4985 ignem
3247 4920 3407 4966 acter-

1838 5034 1992 5083 num,
2016 5016 2106 5086 qui
2128 5021 2350 5086 paratus
2374 5017 2457 5067 est
2481 5010 2696 5064 diabolo
2724 5017 2778 5062 et
2799 5007 3005 5076 angelis
3028 5008 3166 5077 ejus.
3188 5004 3403 5060 Esurivi

227 5184 278 5215 "
305 5181 347 5235 11
372 5182 498 5236 Cor.
528 5199 601 5241 tv.
624 5185 676 5239 4.
754 5185 801 5215 ⁸ο
832 5185 850 5238 1
878 5184 1005 5238 Cor.
1036 5200 1111 5247 Ix,
1144 5184 1234 5240 25.
1311 5185 1354 5216 ⁸¹
1386 5183 1583 5252 Philip.
1619 5198 1703 5245 Ill,

1903 5181 1949 5213 ⁸³
1976 5179 2172 5249 Ephes.
2207 5194 2246 5241 ι,
2273 5178 2327 5231 5.
2400 5178 2446 5208 ⁸³
2475 5174 2664 5231 Matth.
2690 5192 2801 5242 xix,
2825 5174 2916 5229 21.
2992 5173 3039 5206 ⁸⁸
3056 5171 3177 5226 Act.
3200 5186 3281 5237 Ix,
3312 5170 3399 5223 15.

152 5257 201 5290 ⁸³
234 5252 431 5307 Matth.
461 5270 514 5317 ι,
543 5254 631 5308 52.
706 5255 752 5285 ⁸⁸
776 5254 947 5325 lgnat.
986 5255 1241 5324 interpol.
1283 5255 1349 5309 ad
1385 5254 1605 5324 Smyrn.
1634 5253 1686 5307 9.
1730 5281 1741 5293 -

1469 5407 1832 5464 VARIORUM
1867 5403 2101 5461 ΝΟΤᾸΕ.

226 5549 341 5621 (67)
378 5548 888 5621 Μισθαποδοσίαν.
908 5546 1058 5621 Alter
1085 5543 1207 5621 cod.
1233 5542 1549 5621 θεραπείαν,
1573 5542 1727 5621 quod

150 5612 387 5683 melius;
412 5619 676 5689 stipendia
694 5619 839 5689 enim
857 5616 1056 5689 milites
1077 5630 1110 5689 a_
1127 5612 1341 5689 Czesare
1362 5612 1724 5689 accipiebant,

150 5691 251 5747 sed
289 5682 425 5749 nihil
447 5682 661 5752 vetabat
688 5688 817 5757 quin
850 5702 881 5739 a
908 5685 1239 5757 Christianis
1271 5698 1498 5737 munera
1528 5682 1719 5737 obser-

151 5761 354 5817 vantia
386 5776 572 5821 causa,
608 5756 936 5828 acciperent.
959 5756 1124 5809 Cum.

224 5830 338 5902 (68)
390 5821 916 5900 Ἁφθάρτουίυθεει
941 5828 995 5883 in
1025 5828 1198 5888 altero
1228 5824 1435 5882 codice.
1464 5821 1541 5881 lu.

1900 5539 2009 5609 (69)
2047 5539 2211 5609 Μετὰ
2238 5538 2359 5609 rip:
2382 5533 2670 5609 περὶτῶν
2696 5536 2867 5609 (ista)?
2889 5532 3132 5609 γξνῶσιν.
3158 5528 3217 5583 In
3231 5528 3404 5583 alter!)

1825 5600 1948 5666 cod.
1979 5600 2121 5662 κατά
2139 5609 2237 5677 τὴν
2267 5600 2361 5659 τοῦ
2395 5600 2602 5677 κυρίου
2629 5600 2992 5677 διάταξινζξι).

1891 5681 2001 5749 (70)
2044 5668 2267 5744 Πατρός
2289 5694 2427 5745 μου.
2469 5668 2633 5749 Addit
2663 5675 2799 5727 alter
2840 5672 3011 5749 codex
3057 5668 3150 5723 τοῦ
3188 5669 3246 5725 ἐν
3291 5668 3404 5736 τοῖς

1832 5739 2183 5820 οὐρανοῐςηοζ
2207 5739 2373 5820 paulo
2395 5754 2514 5820 post
2540 5744 2679 5820 ῶστε
2708 5757 2805 5820 pro
2821 5742 2927 5820 ῶς.
2961 5739 3035 5820 In:

1903 5810 2012 5890 (71)
2064 5810 2316 5887 Ἐτέρως.
2351 5810 2637 5887 Antiquior
2664 5810 2785 5869 rod.
2817 5812 2971 5877 θέως.
3006 5810 3082 5867 ID.
