3876 6188
487 302 587 358 83f

1328 302 1386 357 S.
1426 299 1822 358 CLEMENTIS
1864 303 1885 358 l
1925 302 2094 360 ROM.
2136 301 2341 359 PUNT.
2383 300 2617 359 OPERA
2656 302 2888 360 DUBIA.

3665 310 3762 365 832

484 417 654 479 enim,
687 425 741 471 et
758 430 864 470 non
882 414 1111 471 dedistis
1132 413 1261 468 mihi
1284 413 1645 479 manducare;
1680 415 1848 479 sitivi,
1877 422 1932 471 et
1961 433 2070 472 non

2175 414 2470 485 εὐωνύμων
2490 432 2503 445 ·
2538 415 2842 486 Πορεύεσθε
2868 417 2962 469 ἀπ’
2983 418 3139 487 ἐμοῦ,
3172 419 3221 471 οἱ
3262 419 3664 491 κατηραμένοι,
3694 425 3763 480 είς

483 509 716 565 dedistis
759 508 893 562 mihi
935 516 1150 577 potum;
1200 506 1402 578 hospes
1430 522 1604 571 eram,
1654 516 1709 562 et
1742 523 1850 563 non
1901 509 2067 564 colle-

483 602 641 673 gistis
670 617 791 664 me;
826 600 1031 663 nudus,
1063 607 1117 655 et
1147 614 1257 654 non
1294 601 1593 670 operuistis
1625 616 1745 667 me;
1774 600 2027 657 inﬁrmus
2049 641 2064 665 ,

481 703 536 748 et
570 695 624 748 in
651 708 894 756 carcere,
918 699 972 746 et
994 707 1103 746 non
1133 692 1402 748 visitastis
1439 709 1545 748 me.
1581 691 1738 747 Tunc
1768 694 2070 764 responde-

481 786 618 851 bunt
642 792 697 839 et
724 784 846 854 ipsi,
882 783 1165 839 dicentes:
1205 783 1451 848 Domine,
1484 784 1706 855 quando
1736 794 1788 841 te
1831 787 2067 843 vidimus

481 876 841 941 esurientem,
889 886 983 929 aut
1015 876 1316 939 sitientem.
1348 886 1443 931 aut
1476 877 1771 947 hospitem,
1821 886 1915 932 aut
1964 895 2066 933 nu-

481 968 634 1030 dum,
666 976 761 1022 aut
790 969 1088 1033 infirmum,
1122 976 1216 1023 aut
1257 970 1312 1023 in
1342 985 1593 1037 carcere;
1635 978 1689 1023 et
1740 986 1853 1024 non
1900 970 2064 1025 mini-

481 1061 780 1116 stravimus
830 1060 963 1115 tibi?
992 1060 1148 1115 Tune
1180 1062 1534 1132 respondebit
1573 1070 1629 1117 et
1660 1063 1788 1126 illis,
1827 1064 2017 1119 dicens
2046 1084 2059 1118 :

478 1153 653 1207 Amen
684 1151 809 1207 dico
841 1153 1020 1216 vobis,
1050 1161 1324 1223 quatenus
1348 1169 1458 1208 non
1490 1153 1699 1209 fecistis
1731 1154 1824 1209 uni
1868 1171 1933 1210 ex
1978 1155 2064 1211 his

480 1245 747 1309 minimis,
799 1261 899 1300 nec
932 1246 1065 1300 mihi
1093 1245 1323 1303 fecistis.
1364 1246 1429 1302 Et
1461 1247 1615 1301 ibunt
1647 1248 1700 1301 hi
1750 1249 1803 1302 in
1854 1249 2064 1319 suppli-

479 1340 624 1393 cium
648 1346 915 1393 aeternum
947 1339 1012 1392 ⁸⁷.
1055 1358 1074 1392 ι

2171 509 2233 561 τὸ
2262 508 2373 580 πῦρ
2400 510 2460 561 τὸ
2501 508 2714 562 αἰώνιον
2754 509 2815 561 τὸ
2852 510 3255 581 ἡτοιμασμένον
3295 512 3372 581 τῷ
3407 512 3652 584 διαϐόλῳ
3681 518 3768 568 καὶ

2169 602 2283 663 τοῖς
2310 601 2562 669 ἀγγέλοις
2581 602 2767 655 αὑτοῦ.
2806 603 3098 655 Ἐπείνασα
3125 603 3254 674 γὰρ,
3285 604 3379 657 καὶ
3407 604 3510 657 οὐκ
3526 604 3767 661 ἐδώκατέ

2175 709 2267 763 μοι
2309 696 2523 761 φαγεῖν·
2570 694 2820 764 ἐδίψησα,
2865 696 2959 748 καὶ
2990 695 3091 748 οὐκ
3134 696 3421 749 ἐποτίσατέ
3478 715 3585 768 με·
3622 698 3769 763 ξένος

2170 787 2340 858 ήμην,
2375 788 2468 840 καὶ⁵
2494 790 2555 841 οὐ
2588 787 2926 858 συνηγάγετέ
2958 804 3047 858 με’
3095 790 3323 858 γυμνὸς,
3354 789 3449 843 καὶ
3481 789 3547 842 οὐ
3578 807 3767 861 περιε-

2170 877 2365 932 ϐάλετέ
2396 895 2494 949 με⁹
2526 879 2778 951 ἀσθενὴς,
2808 880 2904 933 καὶ
2932 880 2989 932 ὲν
3020 878 3255 950 φυλακῇ,
3291 880 3387 932 καὶ
3404 880 3507 933 οὐκ
3536 882 3769 935 ἐπεσκέ-

2172 970 2348 1041 ψασθέ
2383 989 2469 1043 με.
2502 972 2638 1026 Τότε
2667 972 3129 1044 ἀποκριθήσονται
3160 974 3254 1025 καὶ
3282 974 3456 1039 αὐτοὶ,
3478 973 3764 1043 λέγοντες·

2174 1064 2369 1136 Κύριε,
2390 1064 2521 1118 πότε
2540 1082 2597 1117 σε
2618 1064 2829 1135 εἴδομεν
2842 1065 3131 1131 πεινῶντα,
3149 1065 3181 1135 ἢ
3196 1065 3500 1136 διψῶντα,ῆ
3527 1065 3703 1131 ξένον,
3734 1067 3766 1135 ἢ

2173 1154 2451 1229 γυμνὸν,ἥ
2480 1158 2703 1228 ἀσθενῆ,
2728 1159 2762 1228 ἢ
2798 1160 2855 1211 ὲν
2884 1158 3122 1228 φυλακῇ,
3153 1159 3247 1211 καὶ
3276 1158 3337 1211 οὐ
3363 1158 3766 1229 διηκονήσαμέν

2174 1266 2290 1314 σοι;
2326 1249 2448 1302 τότε
2490 1250 2921 1323 ἀποκριθήσεται
2968 1249 3062 1303 καὶ
3102 1250 3306 1317 αὐτοῖς,
3334 1251 3544 1319 λέγων·
3591 1252 3766 1322 Ἀμὴν

2169 1341 2312 1410 λέγω
2356 1342 2506 1412 ὑμῖν,
2550 1343 2635 1411 ἐφ’
2655 1343 2779 1395 ὅσον
2818 1342 2920 1395 οὐκ
2959 1343 3255 1413 ἐποιήσατε
3297 1343 3377 1396 ἑνὶ
3409 1340 3619 1397 τούτων
3660 1343 3765 1396 τῶν

478 1430 774 1500 ἐλαχίστων
846 1430 967 1484 οὐδὲ
1008 1431 1129 1501 ἐμοὶ
1168 1432 1480 1501 ἐποιήσατε.
1524 1432 1633 1484 Kal
1669 1430 2059 1485 ἀπελεύσονται
2089 1427 2235 1487 οὗτοι
2278 1434 2359 1495 είς
2387 1432 2613 1486 κόλασιν
2645 1430 2881 1486 αἰώνιον.
2921 1450 2941 1484 ι

1102 1567 1333 1625 CAPUT
1366 1568 1429 1625 ll.

478 1681 631 1748 Quod
662 1681 912 1753 fugienda
961 1684 1030 1738 sit
1080 1699 1197 1736 cum
1230 1683 1385 1752 falsis
1422 1684 1680 1753 fratribus
1710 1686 2055 1753 consuetudo,

855 1753 981 1806 dum
1012 1754 1064 1807 in
1095 1755 1303 1808 malitia
1333 1765 1686 1824 perseverant.

550 1868 609 1923 Si
641 1869 765 1941 quis
812 1876 1017 1933 autem,
1050 1883 1110 1924 se
1159 1867 1386 1924 fratrem
1435 1885 1559 1925 esse
1614 1869 1829 1935 dicens,
1856 1870 2061 1925 diaboli

477 1964 669 2019 fraude
736 1962 1064 2018 maleficium
1126 1962 1492 2026 commiserit,
1540 1962 1941 2033 convictusque
1992 1962 2062 2018 ad

476 2065 703 2110 mortem
764 2054 1057 2109 damnatus
1118 2051 1283 2109 fuerit
1348 2064 1608 2125 tanquam
1679 2054 1917 2120 adulter,
1969 2066 2063 2111 aut

476 2148 781 2214 homicida;
847 2146 1199 2217 digredimini
1249 2146 1318 2200 ab
1365 2146 1481 2211 illo,
1519 2154 1579 2201 ut
1628 2147 1751 2202 sitis
1786 2148 2057 2214 inviolati,

472 2251 630 2296 etne
675 2241 802 2310 quis
832 2247 1079 2295 vestrum
1133 2239 1316 2293 veniat
1370 2239 1427 2293 in
1478 2238 1853 2309 suspicionem
1908 2243 2059 2297 velut

474 2333 698 2390 sceleris
748 2333 1046 2403 particeps,
1108 2330 1503 2403 infamiamque
1560 2343 1838 2406 aSpergat,
1899 2338 2058 2406 quasi

472 2443 665 2483 omnes
700 2426 1002 2481 Christiani
1033 2425 1319 2495 ﬂagitiosis
1357 2427 1667 2482 actionibus
1697 2428 2057 2485 delectentur.

470 2519 745 2585 Quocirca
785 2519 977 2588 procul
1012 2518 1081 2572 ab
1120 2517 1201 2572 eis
1242 2518 1508 2573 recedite.
1540 2518 1610 2574 At
1640 2521 1727 2583 iis,
1778 2521 1873 2591 qui
1931 2536 2060 2591 pro-

472 2620 593 2682 pter
630 2611 910 2667 Christum
959 2610 1290 2665 calumniam
1350 2611 1522 2681 passi,
1554 2612 1611 2665 in
1648 2628 1927 2669 carcerem
1973 2615 2059 2667 in-

469 2704 793 2767 cluduntur,
838 2709 934 2756 aut
984 2702 1148 2757 morti
1199 2703 1513 2765 traduntur,
1558 2707 1643 2759 vel
1682 2705 1940 2768 vinculis,
1974 2708 2057 2762 vel

468 2796 699 2863 exsilio;
732 2794 1013 2865 suppetias
1042 2793 1178 2849 ferte
1200 2795 1351 2849 omni
1382 2796 1847 2865 studi0,membra
1875 2810 2057 2855 vestra

468 2904 536 2942 ex
590 2888 849 2944 manibus
897 2886 1240 2942 nefariorum
1284 2887 1603 2959 eripientes.
1636 2890 1812 2961 Atque
1854 2893 1901 2947 si
1932 2894 2057 2964 quis

468 2988 691 3050 propter
720 2995 815 3035 eos
846 2978 1045 3035 fratres
1083 2981 1375 3043 assistens,
1405 2983 1837 3052 comprehensus
1867 2984 2053 3051 fuerit,

466 3082 521 3125 et
568 3071 835 3141 injuriose
891 3077 1199 3138 tractatus,
1253 3071 1450 3127 beatus
1500 3080 1605 3138 est,
1653 3075 1803 3145 quod
1868 3078 2054 3133 socius

468 3164 749 3235 martyris,
800 3164 1155 3233 imitatorque
1201 3164 1524 3233 passionum
1586 3166 1793 3223 Christi
1850 3171 1921 3225 sit
1970 3170 2054 3227 ef-

468 3258 665 3311 fectus.
716 3255 931 3311 Etenim
983 3273 1087 3314 nos
1126 3272 1365 3328 quoque,
1403 3258 1610 3315 Christi
1668 3276 1857 3323 causa,
1910 3279 2053 3335 szepe

466 3347 611 3416 apud
632 3348 895 3418 Caipham
929 3355 983 3404 et
1008 3350 1382 3405 Alexandrum
1413 3360 1467 3406 et
1486 3353 1697 3407 Annam
1725 3354 2052 3409 verberibus

465 3438 665 3505 affecti,
702 3439 808 3494 lwti
862 3440 1157 3504 exivimus,
1201 3439 1346 3508 quod
1397 3438 1549 3509 digni
1592 3438 1763 3492 habiti
1796 3452 2043 3494 essemus

463 3535 592 3588 talia
622 3541 845 3604 propter
872 3531 1213 3589 Salvatorem
1234 3540 1485 3587 nostrum
1515 3530 1625 3601 pati
1651 3530 1718 3585 ⁸⁸.
1743 3528 1854 3586 Vos
1883 3531 2045 3586 etiam

468 3624 828 3693 perpetientes
861 3624 986 3690 ista,
1018 3626 1284 3696 gaudete;
1332 3628 1594 3696 quoniam
1627 3628 1771 3684 beati
1803 3632 1960 3685 eritis
1993 3632 2047 3686 in

464 3716 557 3768 illa
588 3714 678 3769 die
700 3716 766 3770 ⁸⁸.

1070 3809 1300 3866 CAPUT
1346 3809 1433 3867 Ill.

461 3919 616 3994 Quod
635 3933 844 3994 propter
866 3920 1135 3977 Christum
1174 3926 1436 3994 oppressis
1468 3935 1669 3991 oportet
1703 3944 1917 3981 manum
1949 3928 2044 3982 ad-

573 3992 826 4062 jutricem
859 3994 1146 4064 porrigere,
1184 3992 1422 4064 quamvis
1457 3997 1595 4050 adsit
1628 3999 1940 4066 periculum.

533 4104 639 4161 Eos
681 4122 834 4170 vero,
868 4109 961 4177 qui
1012 4117 1241 4181 propter
1272 4110 1429 4166 fidem
1477 4113 1863 4183 exagitantur,
1898 4121 1953 4169 et
1981 4130 2046 4170 ex

461 4197 675 4253 Domini
710 4200 969 4255 mandato
1005 4200 1223 4273 fugiunt
1267 4218 1295 4256 a
1330 4203 1552 4259 civitate
1586 4204 1641 4258 in
1671 4204 2044 4273 civitatem",

459 4291 745 4362 suscipite,
773 4293 1049 4363 adjuvate,
1083 4295 1532 4364 complectimini,
1584 4307 1843 4367 tanquam
1898 4312 2046 4352 mar-

460 4392 642 4455 tyres;
677 4384 782 4439 laeti
826 4386 972 4456 quod
1004 4387 1377 4457 participastis
1419 4403 1611 4443 eorum
1646 4389 2040 4459 persecutioui,

2093 1767 2137 1822 Β
2205 1757 2564 1823 συνουσίας,
2596 1755 2742 1809 ὅταν
2768 1756 2938 1825 ἑπιμέ

2712 1571 3105 1625 ΚΕΦΑΔᾹΙΟΝ
3138 1571 3211 1626 B'.

2172 1684 2299 1737 Ὅτι
2317 1684 2732 1759 φευκτέον-,τῆς
2757 1684 2771 1755 l
2782 1684 2821 1759 .
2836 1685 2965 1759 τὰς]
2978 1686 3128 1753 πρὸς
3147 1686 3285 1759 τοὺς
3300 1687 3763 1759 ψευδαδέλφους

2782 1756 3090 1825 ἐπιμένωσι
3119 1756 3195 1826 τῇ
3214 1760 3547 1827 φαυλότητι
3576 1756 3712 1832 (72).

2236 1871 2299 1923 El
2342 1870 2398 1924 δέ
2443 1888 2527 1934 τις
2569 1870 2794 1939 ἀδελφὸν
2826 1870 3001 1939 λέγων
3028 1868 3412 1937 ὲαυτὺνοεῖναι,
3456 1875 3763 1946 arta-mest;

2166 1961 2271 2014 ὑπὸ
2288 1961 2382 2015 τοῦ
2430 1962 2670 2034 πονηροῦ
2722 1965 3086 2037 κακοποιήσῃ,
3123 1965 3218 2018 καὶ
3262 1965 3543 2036 ἐλεγχθεὶς
3588 1985 3761 2020 κατα-

2165 2053 2326 2125 κριθῇ
2389 2054 2605 2127 θανάτῳ
2666 2054 2743 2119 ὼς
2801 2056 3025 2127 μοιχὸς,
3081 2056 3114 2126 ἢ
3164 2058 3392 2125 φονεὺς,
3456 2058 3761 2129 χωρίζεσθε

2162 2147 2257 2199 ἀπ’
2278 2148 2467 2211 αὐτοῦ,
2504 2149 2593 2202 ἵνα
2641 2144 2741 2219 ἦτε
2783 2148 2971 2203 άσυλοι
2998 2149 3131 2219 (75),
3153 2150 3247 2203 καὶ
3275 2150 3349 2221 μή
3378 2167 3463 2212 τις
3484 2150 3641 2220 ὑμῶν
3684 2152 3759 2216 ὡς

2164 2240 2417 2303 κοινωνὸς
2448 2239 2545 2293 τοῦ
2597 2238 2802 2311 μύσους
2850 2240 3227 2313 ὑποπτευσθῇ,
3274 2242 3369 2295 καὶ
3416 2243 3757 2313 καταχέηται

2164 2330 2533 2403 βλασφημίαν,
2563 2333 2641 2396 ὡς
2687 2333 2904 2387 πάντων
2951 2335 3290 2405 Χριστιανῶν
3320 2336 3620 2406 χαιρόντων
3662 2336 3756 2387 ἐπὶ

2160 2429 2272 2488 τοῖς
2322 2426 2659 2497 παρανόμοις
2688 2425 2888 2499 ἔργοις.
2935 2428 3026 2481 Διὸ
3063 2427 3278 2499 μακρὰν
3313 2430 3408 2482 ἀπ’
3438 2429 3619 2482 αὐτῶν
3649 2448 3757 2499 χω-

2164 2520 2327 2587 ρεῖτε.
2361 2519 2485 2580 Τοῖς
2521 2518 2619 2589 μέν
2662 2535 2744 2571 τοι
2780 2518 2870 2572 διὰ
2897 2520 3131 2591 Χριστὸν
3161 2522 3278 2573 κατ’
3306 2521 3573 2591 ἐπήρειαν
3602 2522 3755 2592 παρά

2161 2608 2268 2661 τῶν
2298 2610 2509 2662 ἀσεϐῶν
2539 2611 2979 2682 συγκλειομένοις
3008 2614 3089 2675 είς
3118 2612 3381 2683 φυλακὴν,
3412 2612 3445 2682 ἦ
3477 2612 3615 2684 πρὸς
3654 2612 3750 2665 θά-

2160 2718 2319 2755 νατον
2345 2702 2722 2774 ὲκδιδομένοις,
2752 2703 2785 2774 ἢ
2819 2703 2956 2775 πρὸς
2983 2703 3181 2775 δεσμά,
3213 2705 3308 2757 καὶ
3326 2703 3563 2775 έξορίαν,
3598 2704 3749 2775 πάσῃ

2163 2795 2364 2866 σπουδῇ
2415 2794 2679 2865 βοηθεῖτε,
2712 2794 2781 2847 τὰ
2812 2795 2948 2866 μέλη
2985 2796 3139 2866 ὑμῶν
3177 2796 3428 2867 ρυὀμενοι
3457 2797 3523 2848 ὲκ
3552 2797 3750 2867 χειρῶν

2160 2886 2436 2958 ἀθέσμων.
2483 2889 2593 2940 Kal
2650 2887 2745 2941 ἐάν
2789 2904 2875 2951 τις
2930 2888 3114 2950 αὐτοῖς
3159 2887 3513 2957 συγκείμενος
3557 2888 3751 2958 συλλης

2160 2979 2268 3052 φθῇ
2292 2980 2427 3051 (74),
2466 2981 2560 3034 καὶ
2596 2981 2801 3043 αἰκίαις
2836 2980 3121 3043 ὑποπέσοι,
3155 2979 3424 3051 μακάριός
3459 2980 3631 3043 ἐστιν,
3670 2981 3750 3033 ὅτι

2159 3072 2415 3136 κοινωνὸς
2462 3073 2740 3144 μάρτυρος
2782 3072 3019 3141 ἐγένετο,
3078 3073 3171 3125 καὶ
3220 3071 3464 3144 μιμητὴς
3506 3072 3615 3125 τῶν
3658 3073 3749 3125 τοῦ

2157 3164 2397 3236 Χριστοῦ
2432 3164 2790 3237 παθημάτων.
2829 3166 2940 3220 Kal
2971 3163 3080 3235 γάρ
3122 3166 3216 3217 καὶ
3248 3165 3407 3234 ἡμεῖς
3437 3165 3580 3235 ὑπὲρ
3618 3165 3749 3236 Χρι-

2158 3257 2287 3311 στοῦ
2340 3258 2598 3321 πολλάκις
2656 3259 2761 3312 ὑπὸ
2806 3258 3031 3327 Καῖάφα
3088 3258 3181 3311 καὶ
3250 3256 3599 3328 Ἀλεξάνδρου
3658 3258 3750 3310 καὶ

2159 3353 2326 3406 ’Δννα
2362 3350 2577 3422 πληγὰς
2604 3350 2878 3413 λαϐόντες,
2918 3351 3198 3421 χαίροντες
3228 3348 3474 3419 ὲξίημεν,
3510 3349 3591 3402 ὅτι
3622 3365 3748 3401 κατ-

2152 3443 2465 3514 ηξιώθημεν
2513 3443 2654 3514 ὑπὲρ
2680 3441 2776 3495 τοῦ
2812 3442 3064 3513 Σωτῆρος
3089 3442 3245 3511 ἡμῶν
3273 3440 3502 3495 τοιαῦτα
3531 3441 3743 3494 παθεῖν.

2152 3537 2261 3589 Kal
2310 3538 2467 3607 ὑμεῖς
2511 3537 2733 3607 χαίρετε
2772 3534 2948 3591 ταῦτα
2995 3535 3314 3604 πάσχοντες’
3368 3535 3451 3588 ὅτι
3481 3536 3744 3606 μακάριοι

2152 3628 2446 3698 γενήσεσθε
2473 3629 2533 3680 ὲν
2560 3628 2746 3701 ἐκείνῃ
2773 3630 2841 3698 τῇ
2872 3626 3074 3698 ἡμέρᾳ.

2701 3808 3097 3862 ΚΕΦΑΛΑΙΟΝ
3128 3807 3201 3861 1".

2153 3926 2281 3978 ’Ὅτι
2325 3925 2449 3991 τοῖς
2493 3924 2591 3977 διὰ
2633 3922 2893 3991 Χριστὸν
2938 3919 3529 3991 πορθουμένοις-χρὴ
3578 3920 3740 3989 χεῖρα

2485 3989 2733 4063 ὀρέγειν,
2768 3992 2884 4049 κᾶν
2925 3990 3210 4057 κίνδυνος
3236 3989 3417 4059 παρ-ᾖ.

2219 4109 2331 4163 Kal
2356 4109 2482 4171 τοὺς
2509 4106 2875 4178 διωκομένους
2898 4105 2955 4159 δὲ
2983 4104 3072 4159 διὰ
3087 4106 3187 4177 τὴν
3225 4106 3430 4169 πίστιν,
3462 4107 3558 4159 καὶ⁵
3587 4106 3738 4159 πόλιν

2146 4200 2212 4253 ὲκ
2256 4200 2465 4263 πόλεως
2509 4199 2829 4269 φεύγοντας,
2862 4197 2952 4251 διὰ
2998 4198 3099 4270 τὴν
3134 4197 3353 4268 ἐντολὴν
3388 4197 3483 4249 τοῦ
3503 4199 3735 4270 Κυρίου,

2148 4291 2633 4365 προσλαμϐάνεσθε
2677 4292 2910 4355 αὐτοὺς,
2966 4288 3488 4360 ἀντιλαμϐανόμενοι
3531 4290 3734 4352 αὐτῶν,

2148 4387 2241 4439 καὶ
2272 4385 2692 4457 προσδεχόμενοι
2726 4385 2946 4447 αὐτοὺς,
2974 4383 3052 4446 ὼς
3101 4382 3404 4454 μάρτυρας·
3453 4382 3737 4453 χαίροντες

457 4478 614 4547 gnari
663 4492 758 4535 eos
806 4494 836 4532 a
885 4478 1117 4533 Domino
1162 4479 1353 4534 beatos
1398 4480 1709 4550 prxdicari.
1742 4480 1863 4552 Ipse
1888 4482 2035 4536 enim

2163 4478 2224 4530 ὃτι
2272 4479 2516 4531 κοινωνοὶ
2558 4477 2737 4530 αὐτῶν
2777 4474 2874 4529 τοῦ
2928 4474 3170 4547 διωγμοῦ
3217 4474 3538 4545 γεγένησθε,
3576 4473 3737 4543 γινώ-

457 4571 535 4631 ait
570 4589 585 4625 :
621 4587 639 4622 ι
671 4568 821 4625 Beati
869 4571 1005 4626 estis
1036 4587 1161 4627 cum
1193 4572 1574 4627 maledixerint
1610 4573 1787 4638 vobis,
1821 4583 1875 4628 et
1922 4589 2044 4644 per-

454 4662 631 4725 secuti
662 4678 761 4719 vos
794 4663 1018 4729 fuerint,
1055 4674 1111 4720 et
1149 4664 1392 4720 dixerint
1420 4681 1584 4721 omne
1608 4667 1811 4720 malum
1844 4667 2040 4721 adver—

456 4770 577 4815 sum
604 4757 1085 4824 vos,mentientes,
1111 4764 1336 4827 propter
1365 4774 1471 4813 me.
1504 4756 1748 4813 Gaudete
1775 4766 1829 4814 et
1852 4759 2038 4813 exsul-

458 4854 592 4911 tate,
623 4849 882 4916 quoniam
928 4864 1140 4904 merces
1174 4859 1355 4905 vestra
1387 4850 1614 4921 copiosa
1650 4857 1735 4905 est
1763 4851 1818 4904 in
1854 4851 2032 4905 cmlis.

456 4938 550 4991 Sic
595 4939 743 4993 enim
791 4942 1064 5008 persecuti
1134 4950 1263 4997 sunt
1316 4944 1633 5014 prephetas,
1667 4945 1761 5014 qui
1814 4943 2036 4998 fuerunt

453 5038 580 5089 ante
624 5031 806 5087 vos".
853 5053 870 5084 ι
908 5032 971 5086 Ει
1006 5050 1243 5089 rursus:
1288 5054 1306 5086 ι
1353 5034 1410 5089 Si
1453 5054 1539 5090 me
1570 5038 1842 5106 persecuti
1882 5046 2033 5103 sunt,

448 5131 505 5175 et
544 5137 642 5177 vos
690 5138 1087 5197 persequentur
1122 5132 1190 5186 θ’.
1240 5150 1259 5184 ι
1313 5129 1379 5185 Ει
1417 5132 1632 5186 adhuc:
1686 5151 1704 5183 ι
1759 5131 1814 5186 Si
1851 5149 2035 5203 perse—

448 5222 690 5281 quantur
714 5232 810 5272 vos
834 5218 886 5270 in
906 5220 1123 5275 civitate
1142 5222 1267 5289 ista,
1286 5220 1454 5292 fugite
1473 5222 1523 5276 in
1543 5222 1707 5277 aliam
1724 5224 1814 5277 η’.
1839 5242 1858 5276 ι
1887 5224 2037 5291 Quo-

2148 4586 2369 4633 σκοντες
2397 4570 2595 4632 αὐτοὺς
2622 4568 2727 4621 ὑπὸ
2763 4567 2857 4621 τοῦ
2893 4568 3099 4639 Κυρίου
3137 4565 3566 4638 μεμακαρίσθαι.
3599 4568 3735 4638 Φησὶ

2144 4661 2254 4734 γὰρ
2286 4661 2467 4725 αὑτός·
2506 4679 2525 4713 ι
2560 4660 2837 4732 Μακάριοι
2869 4660 2992 4713 ἐστε
3033 4661 3160 4713 ὅταν
3189 4659 3519 4713 ὀνειδίσωσιν
3567 4660 3731 4729 ὑμᾶς,

2146 4754 2239 4806 καὶ
2280 4752 2531 4817 διώξωσι,
2563 4753 2656 4806 καὶ
2678 4754 2872 4806 εἴπωσι
2919 4753 3028 4805 πᾶν
3074 4751 3306 4823 πονηρὸν
3340 4752 3490 4823 ῥῆμα
3519 4751 3643 4804 καθ’
3674 4753 3733 4804 ὑ-

2148 4845 2284 4916 μῶν,
2318 4845 2657 4915 ψευδόμενοι,
2688 4846 2871 4899 ἕνεκεν
2900 4843 3035 4916 ἐμοῦ
3078 4846 3311 4916 Χαίρετε
3342 4845 3434 4896 καὶ
3470 4843 3733 4911 ἀγαλλιᾶ-

2146 4938 2260 5000 σθε,
2291 4938 2372 4991 ὅτι
2400 4939 2428 4990 ὁ
2461 4936 2649 5008 μισθὸς
2680 4939 2708 4990 ’ὃ
2718 4938 2831 5007 μῶν
2862 4937 3028 5001 πολὺς
3055 4937 3111 4987 ὲν
3142 4938 3253 4998 τοῖς
3281 4936 3550 5006 οὐρανοῖς.
3577 4935 3734 4988 Οὕτω

2139 5030 2248 5102 γὰρ
2278 5029 2500 5095 ἐδίωξαν
2546 5032 2674 5092 τοὺς
2721 5031 3024 5101 προφήτας,
3054 5030 3181 5091 τοὺς
3208 5026 3314 5099 πρὸ
3353 5026 3527 5097 ὑμῶν.
3571 5045 3589 5077 ι
3623 5027 3734 5078 Kal

2140 5122 2321 5175 πάλιν·
2360 5142 2378 5174 ι
2416 5123 2480 5176 El
2526 5122 2628 5193 ἐμὲ
2674 5121 2919 5187 ἐδίωξαν,
2950 5123 3043 5175 καὶ
3088 5123 3232 5192 ὑμᾶς
3259 5119 3527 5185 διώξουσι.
3570 5139 3588 5170 ι
3624 5119 3733 5172 Kal

2138 5215 2293 5287 ἑξῆς·
2325 5235 2343 5267 ί
2369 5213 2493 5269 Ἐὰν
2522 5214 2788 5269 διώκωσιν
2820 5216 2962 5286 ὑμᾶς
2993 5216 3052 5267 ἐν
3081 5217 3149 5286 τῇ
3178 5214 3328 5266 πόλει
3374 5212 3570 5284 ταύτῃ,
3610 5211 3733 5279 φεύ.

524 5372 564 5401 ⁸⁷
600 5370 791 5426 Matth.
833 5389 961 5437 xxv,
1005 5373 1074 5426 54
1104 5380 1158 5426 et
1201 5388 1317 5439 seq.
1396 5376 1443 5407 ⁸⁸
1466 5375 1586 5430 Act.
1624 5392 1696 5433 Iv.
1752 5374 1816 5440 6;
1852 5392 1903 5438 v,
1959 5375 2049 5437 ιθ,

2241 5377 2287 5408 ⁸⁸
2316 5373 2451 5432 Luc.
2507 5375 2696 5442 vt,22,
2728 5376 2821 5431 2'5.
2898 5376 2943 5408 ⁹⁶
2982 5373 3171 5428 Matth.
3209 5388 3264 5433 ι,
3290 5370 3380 5425 23.
3458 5371 3503 5402 ⁹¹
3532 5368 3723 5424 Matth.

451 5457 504 5506 ν,
543 5443 623 5497 ll.
691 5445 736 5476 ⁹²
773 5442 935 5498 Joan.
972 5460 1063 5509 xv,
1094 5443 1189 5499 ‘20.
1270 5447 1338 5477 ⁰²⁸
1372 5444 1565 5503 Matth.
1604 5449 1772 5516 x,23.

1760 5552 2126 5609 VARIORUM
2161 5552 2395 5611 NOTAE.

519 5695 631 5764 (72)
662 5696 1015 5762 Φαυλότητι.
1042 5691 1332 5763 Antiquior
1361 5690 1482 5746 cod.
1527 5689 1715 5764 xxxi}.
1745 5686 1948 5764 CLL-‘n:

522 5754 631 5834 (75)
667 5754 939 5821 ’Ἀσινιίοῇ
974 5764 1031 5821 In
1078 5754 1249 5821 altero
1291 5763 1479 5820 codice
1533 5767 1639 5827 est,
1672 5754 1913 5831 ἄμωμοι.
1943 5754 2016 5811 ID.

2206 5687 2319 5756 (74)
2363 5687 2715 5759 Συλληρθῇ.
2766 5689 2912 5747 Alter
2954 5688 3075 5746 cod.
3111 5686 3377 5759 κρατηθῇ.
3406 5683 3463 5741 In
3497 5702 3565 5744 eo
3600 5687 3721 5749 ﬁnis

2133 5759 2328 5828 capitis
2360 5760 2531 5816 deest.
2578 5759 2651 5814 Ιυ.
