3876 6188
159 244 278 301 855

1101 234 1703 294 CONSTITUTIONES
1740 231 2425 292 APOSTOLIC£.—LIB.
2468 231 2533 288 ι’.

3347 240 3446 294 831

160 376 296 428 γετε
328 362 410 421 εις
464 356 566 429 τὴν
620 355 785 427 ἀλλην
843 354 978 428 (75),
1008 355 1093 408 ὅτι
1149 355 1208 407 ὲν
1249 352 1328 425 τῷ
1357 353 1547 425 κόσμῳ
1593 352 1769 423 θλῖψιν

1874 349 2021 403 niam
2053 348 2110 403 in
2139 347 2343 403 mundo
2365 363 2676 419 prcssuram
2713 348 3007 407 habebitis.
3035 348 3275 408 Tradent
3302 357 3447 411 enim

164 449 346 514 ἕξετε.
380 447 773 523 Παραδώσουσι
802 448 912 519 γὰρ
968 448 1113 518 ὑμᾶς
1168 448 1248 509 εἰς
1294 445 1637 514 συναγωγὰς,
1678 445 1774 498 καὶ

161 542 264 594 ἐπὶ
311 540 589 612 ἡγεμόνας
627 540 722 593 καὶ
752 539 993 609 βασιλεῖς
1030 537 1335 609 ἀχθήσεσθε
1382 536 1569 590 ἕνεκεν
1613 535 1769 606 ἐμοῦ,

161 634 251 696 εἰς
312 632 615 704 μαρτύριον
671 632 873 694 αὐτοῖς.
934 632 1043 684 Καὶ
1081 633 1109 683 6
1154 628 1454 700 ὑπομείνας
1489 630 1570 692 είς
1595 628 1769 692 τέλος,

161 720 330 787 οὗτος
370 725 695 795 σωθήσεται.
737 743 755 775 ι
809 722 867 775 '0
898 724 1009 795 γὰρ
1054 721 1303 792 διωχθεὶς
1332 722 1517 775 ἕνεκεν
1556 721 1655 791 τῆς
1684 720 1772 773 πί-

165 834 372 879 στεως,
404 818 498 870 κα)⁸
532 818 891 889 μαρτυρήσας
941 816 1070 887 περὶ
1097 814 1284 879 αὑτοῦ,
1315 815 1411 869 καὶ
1451 814 1767 884 ὑπομείνας,

162 900 331 972 οὗτος
359 908 576 980 ἀληθῶς
603 910 894 980 ἄνθρωπος
921 908 1079 961 Θεοῦ.

719 1001 1117 1055 ΚΕΦΑΛΑΙΟΝ
1152 1003 1204 1053 Δ¹

168 1094 308 1147 Ὅτι
334 1095 585 1166 φρικτόν
612 1094 713 1148 καὶ
740 1094 1033 1163 ὀλέθριον,
1055 1094 1119 1148 τὸ
1149 1093 1459 1163 ἀρνεῖσθαι
1488 1096 1765 1163 Χριστόν.

256 1187 316 1240 ὐ
358 1188 417 1240 δὲ
472 1187 851 1259 ἀρνησάμενος
896 1188 1087 1240 ἑαυτὸν
1117 1186 1355 1258 Χριστοῦ
1402 1184 1563 1251 εἶναι,
1592 1186 1681 1241 διὰ
1707 1187 1769 1243 τὸ

170 1278 253 1348 μὴ
314 1279 591 1349 μισεῖσθαι
633 1279 738 1332 ὑπὸ
785 1277 1110 1350 ἀνθρώπων,
1144 1279 1375 1350 φιλήσας
1426 1278 1526 1351 τὴν
1571 1280 1765 1333 ἑαυτοῦ

164 1370 356 1440 ψυχὴν
406 1371 607 1442 μᾶλλον
669 1371 702 1441 ἢ
755 1371 848 1424 τὸν
890 1371 1118 1443 Κύριον,
1150 1364 1211 1424 οῦ
1258 1371 1291 1441 ή
1334 1369 1473 1441 πνοὴ
1513 1369 1678 1425 αὑτοῦ
1708 1371 1767 1423 ὲν

165 1464 321 1535 χειρὶ
368 1463 552 1516 αὑτοῦ·
598 1458 752 1527 οὗτος
806 1464 1057 1527 ἐλεεινὸς,
1088 1462 1269 1525 ἄθλιος
1300 1462 1435 1533 (76),
1463 1462 1538 1526 ὡς
1567 1463 1767 1534 ἐναγὴς

167 1555 270 1608 καὶ
312 1555 619 1625 βδελυκτός’
659 1556 811 1626 φίλος
857 1557 956 1627 μὲν
998 1556 1303 1627 ἀνθρώπων
1342 1554 1576 1627 θελήσας
1602 1552 1762 1619 εῖναι,

165 1646 373 1717 ἐχθρὸς
415 1647 473 1701 δὲ
511 1648 605 1701 τοῦ
647 1647 801 1701 Θεοῦ·
852 1648 1043 1719 μερίδα
1070 1647 1251 1701 λαϐὼν
1277 1648 1460 1701 οὐκέτι
1493 1647 1631 1719 μετὰ
1654 1647 1764 1701 τῶν

167 1708 373 1806 etiam,
404 1738 541 1792 ἀλλὰ
571 1739 708 1810 μετὰ
732 1708 1291 1811 τῶνΙκατηραμένων·
1352 1740 1472 1793 ἀντὶ
1493 1708 1613 1811 ’(77)
1659 1739 1761 1810 βα-
1792 1708 1836 1765 Β

168 1829 384 1893 σιλείας
410 1831 811 1903 εὑλογημένων,
843 1832 1087 1904 ποθήσας
1116 1832 1177 1885 τὸ
1208 1832 1321 1903 πῦρ
1346 1832 1408 1885 τὸ
1438 1830 1678 1895 αἰώνιον,
1700 1833 1763 1887 τὸ

166 1922 579 1993 ἡτοιμασμένον
618 1923 697 1994 τῷ
742 1924 974 1995 διαϐόλῳ
1017 1926 1110 1978 καὶ
1149 1928 1263 1989 τοῖς
1292 1926 1545 1994 ἀγγέλοις
1574 1926 1759 1981 αὐτοῦ’

166 2013 273 2084 οὑχ
317 2015 414 2067 ὑπ’
468 2014 769 2086 ἀνθρώπων
810 2016 893 2070 ἔτι
950 2018 1292 2089 μισούμενος,
1351 2018 1465 2073 ἀλλ’
1519 2018 1626 2072 ὑπὸ
1668 2018 1765 2072 τοῦ

165 2104 315 2159 Θεοῦ
372 2106 715 2178 ἀπωσμένος,
745 2109 839 2161 καὶ
880 2109 986 2162 ἀπὸ
1015 2108 1108 2162 τοῦ
1153 2108 1447 2180 προσώπου
1477 2109 1640 2163 αὑτοῦ
1670 2111 1763 2164 ὲκ-

167 2196 537 2268 6εϐλημένος.
570 2199 706 2270 Περὶ
746 2199 855 2273 γὰρ
898 2200 1088 2254 τούτου
1135 2202 1452 2273 ἀπεφήνατο
1481 2204 1509 2256 6
1538 2202 1763 2275 Κύριος,

166 2287 373 2356 λέγων·
400 2290 622 2354 «Ὅστις
651 2292 946 2363 ἀρνήσεται
980 2309 1046 2364 με
1078 2292 1386 2367 ἔμπροσθεν
1412 2294 1522 2347 τῶν
1552 2294 1765 2367 ἀνθρώ-

170 2396 321 2443 πων,
354 2382 449 2433 κα)¹
492 2383 831 2455 ἐπαισχυνθῇ
864 2384 976 2455 (78)
1002 2384 1063 2438 τὸ
1089 2378 1263 2456 ὄνομά
1305 2403 1429 2457 μου,
1459 2387 1766 2458 ἀρνήσομαι

170 2473 347 2526 αὑτὸν
394 2474 551 2543 κάγὼ
606 2476 700 2530 καὶ
756 2476 1261 2549 ἐπαισχυνθήσομαι
1307 2477 1418 2548 (79)
1460 2477 1767 2550 ἔμπροσθεν

169 2565 277 2618 τοῦ
309 2566 523 2637 Πατρός
554 2584 655 2639 μου
701 2568 795 2621 τοῦ
840 2570 897 2621 ὲν
927 2569 1193 2640 οὐρανοῖς.
1238 2588 1255 2621 ι
1288 2570 1397 2623 Καὶ
1426 2569 1588 2623 πάλιν
1621 2570 1767 2638 λέγει

168 2656 293 2719 τοῖς
357 2656 620 2729 μαθηταῖς
672 2658 858 2723 αὑτοῦ,
888 2660 1018 2730 ἡμῖν
1064 2660 1265 2724 αὑτοῖς,
1295 2659 1485 2724 οὕτως’
1524 2680 1542 2711 ι
1568 2661 1625 2714 'O
1681 2679 1769 2730 φι-

170 2747 288 2800 λῶν
318 2750 530 2821 πατέρα
559 2750 591 2822 ἢ
626 2752 836 2822 μητέρα
866 2752 1009 2823 ὑπὲρ
1053 2752 1175 2823 ἐμὲ,
1208 2752 1308 2806 οὑκ
1338 2752 1451 2805 ἔστι
1474 2770 1575 2823 μου
1595 2752 1762 2817 ἄξιος·

173 2842 279 2895 καὶ
327 2843 358 2895 6
393 2843 561 2910 φιλῶν
623 2844 737 2897 υἱὸν
766 2844 798 2915 ἢ
829 2844 1105 2915 θυγατέρα
1155 2845 1297 2917 ὑπὲρ
1350 2845 1471 2917 ἐμὲ,
1503 2846 1602 2899 οὑκ
1653 2845 1767 2898 ἔστι

178 2952 288 3007 μου
339 2936 502 3003 ἄξιος.
534 2937 645 2991 Καὶ
670 2936 729 3000 ὃς
756 2938 816 2989 οὑ
846 2936 1114 3008 λαμϐάνει
1136 2937 1247 3008 (80)
1274 2937 1365 2990 τὸν
1413 2937 1641 3009 σταυρὸν
1672 2937 1771 2991 αὑ-

1873 456 1972 495 vos
2018 440 2071 494 in
2112 455 2449 511 synagogas,
2485 448 2537 497 et
2581 440 2648 494 ad
2692 442 2955 511 pnesidcs
2992 456 3055 496 ac
3096 459 3252 513 reges
3280 445 3450 501 duce-

1872 533 2008 587 mini
2036 540 2262 603 propter
2291 549 2397 597 me,
2429 534 2485 588 in
2523 535 2896 589 testimonium
2933 536 3064 591 illis.
3101 534 3165 589 Et
3194 537 3289 607 qui
3325 554 3451 608 per-

1873 627 2209 681 severaverit
2256 642 2433 697 usque
2490 628 2545 681 in
2591 627 2776 690 ﬁnem,
2816 626 2905 681 hic
2952 628 3137 683 salvus
3181 630 3287 683 erit
3309 630 3375 686 ’⁸.
3422 648 3442 683 ι

1871 715 2006 771 Nam
2038 719 2134 788 qui
2168 718 2293 773 ﬁdei
2328 734 2458 790 ergo
2479 734 2677 790 passus
2704 726 2789 774 est
2818 723 3277 790 persecutionem,
3304 736 3357 779 et
3381 725 3448 781 de

1870 808 2093 865 Christo
2150 812 2529 867 testimonium
2592 812 2890 883 perhibuit,
2942 821 2997 869 et
3047 819 3446 884 perseveravit,

1870 901 1961 957 hic
1990 911 2077 957 est
2102 917 2230 959 vere
2260 904 2425 961 homo
2451 903 2569 959 Dei.

2474 996 2705 1053 CAPUT
2752 997 2843 1054 ιν.

1871 1090 2025 1158 Quod
2080 1089 2398 1144 horrendum
2450 1107 2513 1143 ac
2546 1091 2762 1144 exitiale
2801 1092 2871 1145 sit
2919 1109 3104 1163 negare
3154 1091 3444 1148 Christum.

1939 1185 2041 1252 Qui
2082 1200 2213 1241 vero
2244 1200 2305 1239 se
2349 1184 2553 1239 Christi
2584 1200 2706 1239 esse
2738 1186 3036 1254 negaverit,
3074 1194 3133 1238 ut
3174 1186 3242 1240 ab
3271 1185 3451 1238 homi-

1869 1280 2031 1334 nibus
2068 1278 2195 1333 odio
2224 1293 2334 1331 non
2375 1278 2662 1341 habeatur,
2694 1277 3058 1347 dilexeritquc
3108 1278 3282 1347 magis
3328 1280 3448 1332 ani-

1867 1386 2012 1426 mam
2043 1386 2200 1426 suam
2233 1385 2398 1441 quam
2428 1369 2717 1423 Dominum
2737 1370 2803 1433 ",
2839 1369 2892 1423 in
2928 1369 3086 1438 cujus
3119 1384 3283 1423 manu
3310 1371 3449 1425 resi-

1866 1464 1956 1518 det
1988 1463 2475 1533 ﬁatusejus";hic
2496 1463 2821 1518 miserabilis
2843 1470 2896 1516 et
2920 1462 3105 1518 infelix
3133 1470 3239 1526 est,
3258 1470 3449 1533 utpote

1864 1557 2219 1611 exsecrabilis
2264 1562 2319 1611 et
2352 1555 2787 1621 abominandus;
2835 1556 2928 1625 qui
2976 1556 3199 1623 quidem
3232 1556 3446 1609 amicus

1865 1648 2169 1717 hominum,
2212 1648 2388 1705 hostis
2444 1657 2626 1703 autem
2676 1648 2769 1703 Dei
2814 1664 2937 1703 esse
2964 1649 3168 1715 voluit;
3200 1652 3292 1719 qui
3336 1663 3445 1702 non

1865 1741 2100 1810 amplius
2146 1750 2357 1811 partem
2398 1756 2523 1795 cum
2558 1741 2766 1801 sanctis
2794 1741 3013 1811 accipit,
3048 1740 3142 1795 sed
3174 1755 3297 1794 cum
3330 1756 3446 1793 ma-

1866 1832 2149 1888 ledictioni
2195 1833 2461 1899 subditis;
2510 1834 2605 1903 qui
2659 1848 2763 1903 pro
2793 1848 2963 1904 regno
3009 1832 3445 1887 benedictionem

1863 1925 2211 1996 adeptorum,
2241 1925 2509 1996 expetivit
2557 1926 2738 1996 ignem
2779 1926 3198 1996 sempiternum,
3229 1924 3449 1979 diabolo

1865 2022 1919 2069 et
1944 2014 2153 2084 angelis
2189 2015 2310 2085 ejus
2340 2024 2591 2083 paratum
2612 2016 2692 2081 “;
2725 2015 2817 2085 qui
2850 2030 2957 2069 non
2988 2014 3100 2084 jam
3123 2016 3190 2069 ab
3216 2016 3454 2070 homini.

1866 2107 1969 2162 bus
1998 2107 2187 2161 odium
2214 2114 2479 2177 reportat,
2508 2107 2601 2162 sed
2629 2123 2657 2161 a
2686 2106 2796 2162 Deo
2820 2109 3024 2177 patitur
3050 2108 3451 2177 expulsiom-m,

1865 2210 1920 2255 et
1953 2216 1983 2255 a
2025 2200 2165 2255 facie
2188 2199 2309 2269 ejus
2341 2199 2578 2270 ejicitur.
2608 2200 2685 2255 De
2716 2201 2820 2255 hoc
2848 2200 3046 2269 quippe
3074 2200 3451 2268 pronuntiavit

1870 2290 2154 2358 Dominus,
2188 2294 2379 2350 dicens
2417 2315 2427 2348 :
2471 2313 2488 2345 ι
2525 2294 2630 2361 Qui
2672 2294 2951 2365 negaverit
2995 2308 3083 2348 me
3118 2307 3302 2346 coram
3346 2293 3449 2346 ho-

1867 2386 2132 2451 minibus,
2167 2394 2222 2441 et
2257 2386 2542 2441 erubuerit
2570 2400 2771 2440 nomen
2802 2400 2981 2439 meum
3003 2401 3017 2451 ;
3039 2384 3246 2454 negabo
3269 2391 3323 2437 et
3351 2399 3453 2452 ego

1865 2494 1989 2532 eum
2022 2493 2088 2532 ac
2116 2478 2443 2533 erubescam
2495 2493 2682 2531 coram
2730 2476 2888 2531 Patre
2918 2491 3059 2539 meo,
3085 2476 3177 2546 qui
3214 2477 3270 2529 in
3298 2476 3454 2531 caelis

1865 2577 1951 2626 est
1973 2571 2040 2625 ".
2082 2588 2101 2622 ι
2144 2569 2211 2624 Et
2244 2571 2443 2625 iterum
2487 2569 2784 2639 discipulis
2814 2569 2954 2631 suis,
2984 2568 3145 2623 nobis
3185 2568 3343 2638 ipsis,
3372 2568 3453 2622 sic

1867 2664 1943 2717 ait
1974 2680 1987 2717 :
2021 2680 2039 2713 ι
2077 2660 2180 2728 Qui
2212 2670 2357 2716 amat
2381 2670 2588 2733 patrem
2621 2669 2715 2715 aut
2745 2669 2971 2716 matrem
2996 2662 3121 2731 plus
3145 2677 3309 2731 quam
3344 2677 3453 2725 me,

1867 2770 1978 2809 non
2012 2762 2097 2810 est
2132 2770 2220 2810 me
2261 2755 2463 2825 dignus
2498 2772 2512 2809 :
2544 2762 2599 2808 et
2633 2756 2727 2824 qui
2761 2760 2910 2808 amat
2961 2754 3131 2808 ﬁlium
3160 2761 3257 2808 aut
3287 2753 3453 2807 ﬁliam

1869 2863 2036 2917 super
2072 2862 2180 2909 me,
2213 2862 2323 2901 non
2367 2853 2455 2902 est
2501 2863 2587 2901 me
2636 2846 2857 2916 dignus.
2894 2846 2958 2899 Et
2988 2847 3081 2916 qui
3114 2862 3224 2901 non
3256 2846 3455 2916 accipit

1870 2955 2090 2995 crucem
2122 2955 2300 3001 suam,
2326 2946 2380 2995 et
2409 2941 2659 3009 sequitur
2687 2954 2801 3002 me,
2842 2954 2954 2992 non
3000 2946 3086 2994 est
3116 2954 3202 2993 me.
3232 2939 3450 3008 dignus.

172 3027 301 3091 τοῦ,
339 3030 432 3083 καὶ
461 3029 743 3083 ἀκολουθεῖ
796 3030 971 3083 ὀπίσω
1029 3047 1152 3101 μου,
1185 3030 1285 3082 οὑκ
1324 3029 1437 3082 ἔστι
1468 3046 1568 3100 μου
1597 3028 1765 3095 ἄξιος.

1874 3031 1975 3097 Qui
2002 3031 2209 3086 invenit
2235 3031 2472 3085 animam
2504 3046 2681 3097 suam,
2704 3030 2892 3100 perdet
2915 3031 3059 3084 illam
3084 3048 3098 3097 ;
3135 3038 3185 3085 et
3213 3032 3304 3100 qui
3332 3046 3456 3100 per-

190 3123 255 3174 'O
288 3121 466 3193 εὑρὼν
507 3123 606 3194 τὴν
659 3122 836 3193 ψυχὴν
879 3121 1067 3185 αὑτοῦ,
1099 3121 1352 3175 ἀπολέσει
1380 3123 1568 3193 αὑτήν·
1604 3122 1698 3176 ml.
1737 3124 1767 3176 6

178 3213 460 3276 ἀπολέσας
486 3214 585 3283 τὴν
614 3213 790 3284 ψυχὴν
817 3214 982 3268 αὑτοῦ
1010 3214 1194 3267 ἕνεκεν
1227 3213 1385 3284 ἐμοῦ,
1419 3214 1641 3285 εὑρήσει
1669 3214 1768 3268 αὑ-

174 3306 303 3376 τήν.
341 3305 405 3358 Τί
456 3304 564 3377 γὰρ
621 3305 909 3375 ὠφελεῖται
952 3305 1258 3377 ἄνθρωπος,
1291 3304 1385 3358 ἐὰν
1440 3305 1532 3358 τὸν
1564 3304 1767 3375 κόσμον

175 3398 305 3451 ὅλον
363 3398 623 3471 κερδήσῃ,
652 3398 752 3470 τὴν
803 3397 863 3451 δὲ
906 3397 1085 3469 ψυχὴν
1128 3395 1297 3451 αὑτοῦ
1344 3394 1622 3469 ζημιωθῇς
1652 3396 1685 3467 ἢ
1716 3396 1769 3449 τί

175 3489 349 3543 δώσει
403 3490 688 3561 ἄνθρωπος
739 3490 1095 3560 ἀντάλλαγμα
1137 3490 1237 3561 τῆς
1284 3488 1463 3559 ψυχῆς
1505 3485 1706 3551 αὑτοῦ;
1745 3507 1763 3538 ι

180 3583 297 3637 Καὶ
326 3582 469 3653 ἑξῆς·
512 3583 633 3653 (Μὴ
665 3582 935 3655 φοϐηθῆτε
977 3582 1086 3635 ἀπὸ
1113 3582 1221 3635 τῶν
1251 3580 1675 3635 ἀποκτεινόντων
1710 3580 1771 3633 τὸ

181 3674 369 3746 σῶμα,
400 3674 498 3745 τὴν
546 3675 603 3729 δὲ
644 3675 821 3746 ψυχὴν
854 3676 927 3747 μὴ
957 3675 1268 3746 δυναμένων
1310 3675 1646 3728 ἀποκτεῖναι·
1677 3692 1772 3744 φο-

179 3769 391 3841 ϐήθητε
445 3770 502 3823 δὲ
562 3769 759 3840 μᾶλλον
810 3768 1104 3838 δυνάμενον
1152 3768 1244 3820 καὶ
1282 3766 1461 3837 ψυχὴν
1491 3765 1772 3837 καὶσῶμα

180 3863 452 3916 ἀπολέσαι
481 3863 539 3914 ἐν
569 3862 779 3933 γεέννῃ.
821 3881 840 3911 ι

737 3975 1131 4028 ΚΕΦΑΛᾹΙΟΝ
1173 3975 1247 4026 Ε’.

301 4070 431 4121 Ὅτι
454 4065 743 4149 μειμῃτέρν
770 4064 1028 4149 Χριστὸν·
1055 4065 1126 4145 ἐξ
1152 4064 1231 4149 ζῷ
1259 4063 1537 4149 πάσχειν,
1569 4064 1669 4117 καὶ

469 4136 762 4204 ζηλωτέον
797 4135 912 4203 τὴν
940 4135 1127 4189 αὐτοῦ
1154 4135 1488 4203 ὑπομονήν.

262 4231 381 4292 Πᾶς
426 4224 519 4283 οὖν
560 4227 846 4299 μανθάνων
874 4226 1069 4297 τέχνην
1094 4225 1237 4289 τινὰ,
1269 4225 1484 4295 βλέπων
1515 4226 1607 4279 τὸν
1634 4226 1778 4279 διδά-

189 4324 393 4377 σκαλον
421 4320 607 4385 αὑτοῦ,
640 4319 729 4374 διὰ
753 4320 850 4391 τῆς
906 4318 1191 4390 ἐνεργείας
1221 4319 1313 4371 καὶ
1339 4318 1629 4389 ἐμπειρίας
1663 4319 1774 4389 (81)

1868 3123 2070 3178 diderit
2099 3123 2339 3177 animam
2390 3138 2546 3178 suam
2578 3131 2805 3193 pr0pter
2836 3137 2943 3186 me,
2978 3122 3219 3176 inveniet
3244 3137 3365 3175 eam
3382 3121 3446 3175 ".

1868 3213 2013 3282 Quid
2044 3216 2191 3270 enim
2226 3214 2452 3285 prodest
2482 3215 2713 3281 homini,
2747 3215 2793 3269 si
2830 3213 3095 3269 mundum
3135 3215 3451 3269 universum

1868 3307 2131 3369 lueretur,
2166 3308 2364 3361 animae
2401 3322 2535 3361 vero
2582 3322 2695 3363 suae
2732 3306 3120 3361 detrimentum
3171 3304 3455 3375 patiatur?

1869 3400 1978 3454 Aut
2019 3415 2185 3470 quam
2216 3400 2369 3455 dabit
2420 3399 2587 3454 homo
2624 3398 3111 3454 commutationem
3143 3412 3243 3468 pro
3271 3396 3455 3451 anima

1870 3510 1971 3550 sua
1987 3495 2076 3549 ὐἱ
2112 3515 2131 3546 ι
2167 3493 2234 3547 Et
2256 3503 2517 3564 praeterea
2555 3513 2568 3548 :
2607 3512 2627 3544 ι
2661 3492 2839 3547 Nolite
2861 3492 3055 3547 timere
3080 3506 3178 3546 eos
3193 3490 3286 3560 qui
3315 3490 3459 3543 oeci-

1870 3587 2007 3641 dunt
2035 3602 2260 3656 corpus,
2291 3585 2528 3639 animam
2561 3591 2744 3639 autem
2768 3599 2875 3638 non
2905 3589 3138 3654 possunt
3162 3581 3413 3637 occidere
3439 3600 3454 3636 :

1873 3681 1965 3735 sed
2003 3681 2184 3751 potius
2231 3679 2419 3734 timete
2482 3694 2608 3733 eum
2661 3676 2753 3747 qui
2809 3684 2991 3746 potest
3030 3683 3087 3731 et
3134 3676 3372 3730 animam
3402 3683 3458 3731 et

1873 3788 2074 3842 corpus
2109 3770 2337 3842 perdere
2368 3773 2422 3826 in
2452 3771 2759 3842 gehennam
2782 3771 2871 3823 ¹⁰⁰.
2915 3789 2933 3821 ι

2490 3972 2722 4027 CAPUT
2767 3972 2829 4026 V.

1962 4066 2117 4133 Quod
2140 4067 2345 4120 imitari
2374 4074 2611 4135 oporteat
2645 4065 2917 4120 Christum
2946 4066 2998 4118 in
3022 4063 3293 4132 patiendo,
3326 4071 3377 4117 εξ

2264 4137 2509 4191 wmulari
2541 4136 2689 4189 illius
2714 4136 3076 4189 tolerantiam.

1950 4227 2213 4299 Quisquis
2243 4244 2379 4285 sane
2412 4236 2583 4284 artem
2615 4228 2855 4298 aliquam
2887 4227 3074 4290 discit,
3107 4227 3302 4282 videns
3341 4242 3461 4280 ma-

1881 4322 2111 4392 gistrum
2143 4338 2326 4384 suum,
2345 4322 2662 4391 operatione
2684 4328 2738 4374 et
2762 4320 2956 4389 peritia
2978 4318 3267 4374 artiﬁcium
3298 4334 3458 4373 suum

189 4414 565 4485 ἀπαρτίζοντα
593 4414 691 4484 τὴν
711 4412 905 4483 τέχνην
933 4410 1121 4474 αὑτοῦ,
1144 4411 1237 4463 καὶ¹
1267 4410 1428 4473 αὐτὸς
1458 4411 1609 4481 ζηλοῖ
1639 4411 1769 4483 (82),

1881 4413 2162 4483 perﬁcere,
2198 4422 2253 4467 et
2280 4413 2397 4483 ipse
2428 4412 2668 4477 allectat,
2693 4419 2753 4465 ut
2777 4411 2920 4481 quod
2952 4409 3115 4465 habet
3142 4426 3254 4480 prae
3283 4410 3463 4463 mani-

190 4509 382 4578 ὅμοιον
429 4506 576 4577 αὐτῷ
624 4505 738 4576 (8'5)
796 4502 1118 4576 ποιήσεσθαι
1168 4503 1229 4555 τὸ
1270 4502 1629 4573 ὲγχειρισθέν·
1680 4503 1777 4557 ἐὰν

303 4662 350 4694 ’³
376 4660 533 4717 Joan.
569 4677 679 4720 χιι.
710 4662 811 4728 53;
854 4660 1042 4715 Matth.
1079 4678 1134 4725 x,
1170 4660 1258 4725 l7,
1314 4660 1406 4717 22.

1883 4506 2007 4569 bus,
2046 4505 2125 4559 illi
2153 4505 2332 4561 simile
2360 4504 2598 4571 efﬁciat;
2627 4504 2774 4574 quod
2808 4503 2855 4559 si
2892 4517 3003 4556 non
3048 4502 3319 4567 valuerit,
3348 4517 3460 4555 non

1482 4661 1528 4693 9"
1552 4658 1713 4715 Joan.
1742 4677 1841 4723 χιι,
1873 4662 1963 4716 25.
2040 4663 2085 4694 ’⁸
2112 4662 2246 4717 Dan.
2272 4680 2325 4725 ν,
2348 4662 2440 4717 ‘25.
2516 4662 2561 4693 ’°
2578 4660 2766 4716 Matth.
2802 4677 2927 4716 xxv.
2995 4660 3039 4690 "’
3064 4659 3198 4714 Luc.
3232 4674 3311 4723 lx,
3362 4658 3453 4715 26.

193 4733 241 4764 "
268 4732 461 4788 Matth.
505 4749 560 4795 ι,
604 4732 790 4786 57-59.
862 4730 1108 4785 "Matth.
1157 4746 1272 4794 XVI,
1300 4730 1392 4786 26.
1464 4731 1531 4763 ¹⁰⁰
1560 4730 1748 4785 Matth.

1874 4734 1938 4786 l8.

1530 4886 1889 4943 VARIORUM
1926 4889 2138 4944 ΝΟΤλΕ

271 5046 387 5120 (75)
419 5049 673 5120 Ἄλλην.
722 5046 874 5101 Alter
917 5047 1136 5118 ἑτέραν,
1190 5059 1311 5115 quae
1341 5059 1501 5100 voces
1548 5044 1781 5101 confun—

198 5116 421 5175 duntur.
461 5116 628 5177 Cum.

275 5188 390 5259 (76)
428 5190 687 5252 Ἀθλιος.
711 5188 861 5243 Alter
892 5186 1017 5243 cod.
1046 5186 1196 5240 addit
1222 5184 1352 5307 huiti
1384 5185 1504 5239 voci
1532 5187 1779 5254 φευκτός.

1356 5271 1409 5307 n.

278 5329 393 5398 (77)
435 5330 615 5383 Ἀντί.
649 5329 799 5383 Alter
826 5327 950 5398 cod.
1007 5326 1240 5398 przeﬁgit
1270 5271 1497 5383 xalgln.

279 5396 391 5467 (78)
424 5399 535 5453 Καὶ
563 5397 959 5467 ἐπαισχυνθῇ.
991 5398 1116 5452 Haec
1137 5396 1191 5451 et
1211 5396 1320 5450 duo
1343 5412 1495 5465 seqq.
1519 5398 1783 5452 voeabula

1885 5049 2033 5111 ὅπως
2072 5047 2324 5117 Ἰωάννης
2356 5046 2664 5117 ἐϐάπτισεν,
2698 5045 2784 5117 ἵνα
2808 5043 2906 5117 τὴν
2950 5042 3156 5117 ἐκεῖθεν
3190 5040 3460 5117 ἀἰσχύνην

1887 5122 1954 5189 τῇ
1988 5117 2219 5190 ενταῦθα
2241 5113 2457 5190 φύγῃς.
2494 5115 2627 5182 Quae
2652 5115 2817 5170 verba
2845 5113 2899 5167 in
2950 5113 3458 5190 AnastasiiQua’st.

1889 5183 1954 5244 cf
1984 5188 2040 5253 6,
2091 5206 2141 5258 p.
2188 5183 2284 5250 6‘2,
2323 5183 2583 5241 dicuntur
2610 5201 2823 5258 οεδοξκ
2840 5185 3101 5258 oratione
3145 5184 3196 5235 in
3231 5183 3457 5258 lumina,

1887 5252 2209 5383 μοιμοι-Ἔπη
2271 5273 2398 5311 cum
2450 5258 2562 5312 sint
2618 5256 2883 5311 orationis
2937 5256 2992 5308 in
3038 5261 3287 5309 sanctum
3328 5252 3461 5319 bap—

1887 5330 2071 5383 tisma.
2145 5345 2236 5383 01'.

1887 5338 2071 5385 tisma.
2098 5338 2236 5384 001‘.

1961 5400 2071 5470 (80)
2104 5401 2207 5464 Ὃς
2256 5401 2327 5453 οὺ
2373 5398 2677 5470 λαμϐάῃει.
2725 5394 2851 5450 Haec
2897 5402 2950 5450 et
2992 5410 3143 5463 seqq.
3188 5390 3254 5445 ad
3302 5387 3463 5456 ἄξιος

206 5472 411 5540 desunt
455 5473 511 5525 in
561 5471 734 5525 altero
773 5468 920 5533 cod.,
954 5478 1013 5522 ut
1065 5476 1118 5523 et
1165 5482 1320 5536 seqq.
1354 5468 1769 5540 ἐπαισχυνθήσο

1893 5467 2091 5524 desunt
2121 5470 2173 5522 in
2207 5471 2379 5523 altero
2408 5470 2529 5523 cod.
2562 5467 2733 5540 Casu.

215 5557 341 5612 μαι.
372 5538 446 5595 In.
1680 5538 1687 5540 ⁷

284 5610 398 5679 (79)
434 5609 1042 5680 ’Eaataxwmjo'oyat.
1069 5606 1377 5680 Eleganter,
1408 5609 1724 5680 utwomnia,
1756 5611 1785 5680 6

213 5681 537 5785 θεορρήμων
571 5679 867 5785 (ξιὲρεοι-ἰιιοε
888 5677 1047 5785 Νῗη..
1078 5677 1283 5785 orffO,
1311 5692 1386 5758 _p.
1429 5677 1553 5785 65,7,
1578 5678 1623 5730 A
1650 5679 1781 5785 εἶέᾏὴ

218 5747 537 5823 ἁπαξιῶσῃς
594 5747 947 5823 ἐξαγορεῦσαί
999 5765 1091 5801 σου
1144 5749 1243 5821 τὴν
1301 5747 1571 5818 ἁμαρτίαν
1627 5747 1780 5812 εἰδὼς

1966 5540 2078 5609 (81)
2108 5540 2220 5593 Καὶ
2247 5540 2569 5607 ἐμπειρίας.
2604 5538 2821 5609 Desunt
2848 5536 2902 5609 in
2929 5535 3100 5609 altero
3120 5531 3244 5587 cod.
3277 5527 3352 5585 In.

1964 5603 2076 5679 (82)
2101 5603 2301 5679 Ζηλοῗ.
2329 5603 2480 5663 Alter
2508 5603 2631 5662 cod.
2666 5606 2971 5679 σπουδάζει.
3000 5603 3072 5658 In.

1965 5674 2079 5754 (85)
2110 5674 2300 5745 Αὐτῷ.
2335 5679 2498 5735 Deest
2534 5679 2589 5733 in
2620 5679 2811 5733 altero.
2845 5674 2921 5730 In.
