3876 6188
479 295 579 351 851

1321 295 1379 350 S.
1418 292 1815 351 CLEMENTIS
1856 296 1877 351 l
1917 294 2087 352 ROM.
2129 293 2333 351 ΡυΝΤ.
2376 293 2611 351 OPERA
2648 294 2880 352 DUBIA.

3657 301 3757 357 833

477 410 647 473 enim,
680 419 733 465 et
750 423 857 463 nou
874 407 1104 464 dedistis
1124 406 1254 461 mihi
1276 406 1638 473 manducare;
1673 408 1841 472 sitivi,
1870 414 1925 463 et
1953 425 2064 465 non

2168 407 2463 478 εὐωνύμων
2483 425 2495 437 ·
2530 407 2835 479 Πορεύεσθε
2861 409 2955 461 ἀπ’
2976 410 3131 479 ἐμοῦ,
3165 410 3213 462 οἱ
3255 410 3655 483 κατηραμένοι,
3683 416 3756 471 εἰς

476 502 709 558 dedistis
751 501 886 555 mihi
928 509 1143 571 potum;
1193 500 1395 571 hospes
1423 515 1597 564 eram,
1647 508 1701 555 et
1734 515 1843 555 non
1894 502 2061 556 colle-

476 596 635 666 gistis
663 611 785 657 me;
820 593 1024 657 nudus,
1056 601 1110 648 et
1140 608 1250 647 non
1287 594 1585 663 operuistis
1619 609 1738 661 me;
1768 593 2019 650 inﬁrmus
2042 634 2057 658 ,

475 697 529 741 ct
564 688 618 741 in
644 701 888 749 carcere,
912 693 966 740 et
987 700 1095 739 non
1126 687 1395 742 visitastis
1432 702 1538 741 me.
1574 683 1731 740 Tunc
1761 687 2063 757 responde-

475 780 612 845 bunt
636 786 691 833 et
718 778 841 848 ipsi,
875 777 1159 833 dicentes:
1198 777 1444 841 Domine,
1476 777 1699 848 quando
1729 787 1781 833 te
1824 780 2059 835 vidimus

474 870 835 935 esurientem,
883 880 977 922 aut
1008 870 1309 932 sitientem,
1342 880 1435 924 aut
1469 870 1764 941 hospitem,
1814 879 1908 925 aut
1957 888 2059 926 nu-

475 962 628 1025 dum,
660 970 755 1017 aut
784 962 1082 1027 inﬁrmum,
1116 970 1210 1016 aut
1250 963 1305 1017 in
1335 978 1586 1030 carcere;
1628 971 1681 1017 et
1734 980 1846 1017 non
1894 964 2057 1017 mini—

475 1056 773 1111 stravimus
824 1055 956 1109 tibi?
986 1054 1141 1109 Tunc
1173 1055 1528 1126 respondebit
1567 1063 1622 1110 et
1653 1056 1781 1120 illis,
1821 1057 2010 1112 dicens
2040 1076 2052 1111 :

472 1147 647 1202 Amen
678 1145 803 1201 dico
835 1146 1014 1210 vobis,
1044 1155 1317 1216 quatenus
1341 1163 1451 1201 non
1483 1146 1693 1202 fecistis
1725 1148 1817 1202 uni
1861 1164 1927 1203 ex
1971 1148 2057 1205 his

474 1239 741 1304 minimis,
792 1256 893 1295 nec
926 1241 1059 1293 mihi
1087 1239 1316 1296 fecistis.
1357 1240 1422 1295 Et
1454 1240 1608 1294 ibunt
1640 1241 1693 1294 hi
1744 1242 1797 1295 in
1847 1242 2057 1312 suppli—

473 1335 618 1387 cium
643 1341 908 1388 aeternum
941 1333 1006 1387 ⁸⁷.
1048 1352 1068 1386 ι

2164 502 2226 554 τὸ
2255 500 2366 572 πῦρ
2393 502 2453 553 τὸ
2494 500 2707 554 αἰώνιον
2748 501 2809 554 τὸ
2846 502 3248 573 ἡτοιμασμένον
3287 503 3364 573 τῷ
3399 503 3645 575 διαϐόλῳ
3672 508 3760 559 καὶ

2162 594 2276 656 τοῖς
2304 594 2555 661 ἀγγέλοις
2574 594 2760 647 αὑτοῦ.
2800 594 3090 647 Ἐπείνασα
3117 594 3247 665 γὰρ,
3278 595 3372 647 καὶ
3398 596 3501 648 οὐκ
3515 595 3763 651 ἐδώκατὲ

2168 702 2260 756 μοι
2302 689 2516 754 φαγεῖν·
2563 686 2813 757 ἐδίψησα,
2858 688 2953 740 καὶ
2984 687 3083 739 οὐκ
3126 687 3413 740 ἐποτίσατέ
3472 705 3582 758 με’
3618 689 3763 754 ξένος

2164 779 2333 851 ήμην,
2368 781 2461 833 καὶ
2487 782 2549 833 οὐ
2582 779 2919 850 συνηγάγετέ
2951 796 3040 849 με·
3088 781 3316 849 γυμνὸς,
3347 780 3442 834 καὶ
3474 780 3539 833 οὐ
3574 798 3765 852 περιε-

2164 870 2358 924 ϐάλετέ
2390 887 2487 941 με·
2520 871 2772 942 ἀσθενὴς,
2802 872 2897 924 καὶ
2925 872 2982 923 ὲν
3014 869 3249 941 φυλακῇ,
3284 871 3497 925 καὶούκ
3526 872 3767 926 ἐπεσκέ-

2165 963 2341 1035 ψασθέ
2376 982 2463 1035 με.
2496 964 2632 1018 Τότε
2661 963 3121 1036 ἀποκριθήσονται
3153 964 3248 1016 καὶ
3276 965 3450 1029 αὐτοὶ,
3472 964 3763 1033 λέγοντες·

2169 1056 2362 1128 Κύριε,
2384 1057 2514 1110 πότε
2533 1074 2591 1110 σε
2611 1056 2823 1127 εἴδομεν
2835 1056 3124 1123 πεινῶντα,
3142 1056 3493 1127 ἥδιψῶντα,ἢ
3518 1056 3697 1121 ξένον,
3731 1058 3765 1126 ἦ

2166 1147 2444 1221 γυμνὸν,ἢ
2473 1149 2696 1219 ἀσθενῆ,
2722 1150 2755 1220 ἢ
2791 1151 2849 1203 ὲν
2876 1149 3115 1220 φυλακῇ,
3146 1150 3240 1202 καὶ
3269 1149 3330 1202 οὐ
3356 1149 3765 1220 διηκονήσαμέν

2168 1258 2283 1306 σοις
2320 1242 2443 1294 τότε
2483 1242 2914 1314 ἀποκριθήσεται
2961 1241 3056 1295 καὶ
3096 1241 3299 1308 αὐτοῖς,
3328 1241 3537 1310 λέγων·
3588 1242 3767 1312 ’Δμὴν

2162 1334 2305 1403 λέγω
2350 1335 2499 1405 ὑμῖν,
2543 1336 2628 1403 ἐφ’
2649 1335 2772 1387 ὅσον
2811 1335 2913 1387 οὐκ
2952 1334 3249 1405 ἐποιήσατε
3291 1334 3371 1387 ἐνὶ
3402 1331 3615 1387 τούτων
3653 1334 3767 1386 τῶν

472 1424 768 1494 ἐλαχίστων
841 1424 960 1478 οὐδὲ
1001 1425 1123 1495 ἐμοὶ
1162 1426 1473 1495 ἐποιήσατε.
1517 1426 1627 1478 Καὶ
1662 1424 2053 1478 ἀπελεύσονται
2082 1419 2229 1479 οὗτοι
2272 1427 2353 1487 είς
2381 1424 2607 1478 κόλασιν
2638 1422 2875 1477 αἰώνιον.
2915 1442 2934 1475 ι

1096 1561 1326 1618 CAPUT
1360 1562 1423 1619 ll.

473 1675 625 1742 Quod
657 1675 907 1747 fugienda
955 1678 1024 1731 sit
1074 1693 1191 1730 cum
1224 1677 1379 1745 falsis
1416 1678 1673 1746 fratribus
1704 1679 2049 1745 consuetudo,

850 1747 975 1799 dum
1006 1749 1058 1800 in
1090 1748 1297 1801 malitia
1327 1759 1680 1818 perseverant.

546 1861 603 1917 Si
636 1862 760 1935 quis
806 1870 1011 1927 autem,
1044 1876 1105 1917 se
1153 1860 1379 1918 fratrem
1429 1878 1553 1919 esse
1608 1863 1823 1928 dicens,
1850 1863 2055 1918 diaboli

472 1958 663 2012 fraude
730 1956 1058 2011 maleﬁcium
1120 1955 1485 2019 commiserit,
1534 1956 1934 2026 convictusque
1986 1955 2054 2011 ad

471 2059 699 2104 mortem
759 2048 1052 2102 damnatus
1113 2044 1277 2102 fuerit
1342 2057 1601 2118 tanquam
1673 2047 1910 2113 adulter,
1963 2058 2056 2103 aut

471 2142 776 2206 homicida;
842 2139 1193 2211 digredimini
1244 2140 1313 2193 ab
1359 2140 1475 2204 illo,
1514 2148 1573 2194 ut
1622 2140 1745 2195 sitis
1780 2140 2052 2206 inviolati,

467 2245 521 2289 et
555 2250 625 2290 ne
670 2234 797 2304 quis
828 2240 1074 2287 vestrum
1128 2231 1311 2286 veniat
1365 2232 1421 2286 in
1473 2232 1847 2302 suspicionem
1902 2236 2053 2289 velut

469 2328 694 2383 sceleris
743 2326 1041 2397 particeps,
1102 2324 1497 2396 infamiamque
1554 2336 1832 2399 aspergat,
1893 2330 2052 2399 quasi

467 2437 659 2477 omnes
695 2420 997 2476 Christiani
1028 2418 1314 2489 ﬂagitiosis
1352 2420 1662 2475 actionibus
1692 2421 2051 2478 delectentur.

466 2512 740 2579 Quocirca
780 2512 973 2581 procul
1006 2511 1076 2565 ab
1115 2510 1196 2565 eis
1238 2511 1503 2566 recedite.
1535 2511 1604 2567 At
1634 2513 1722 2575 iis,
1773 2513 1868 2584 qui
1925 2529 2055 2583 pro-

466 2613 588 2675 pter
625 2605 905 2660 Christum
954 2603 1285 2658 calumniam
1345 2604 1517 2674 passi,
1550 2605 1606 2658 in
1642 2620 1922 2661 carcerem
1968 2608 2054 2661 in-

465 2698 789 2761 cluduntur,
833 2703 929 2750 aut
979 2695 1144 2750 morti
1195 2696 1509 2759 traduntur,
1553 2700 1637 2752 vel
1677 2698 1935 2761 vinculis,
1969 2700 2052 2755 vel

464 2789 695 2857 exsilio;
728 2788 1009 2859 suppetias
1037 2787 1173 2843 ferte
1196 2788 1346 2843 omni
1377 2789 1841 2858 studio,membra
1870 2802 2051 2847 vestra

464 2898 532 2936 ex
586 2881 844 2937 manibus
892 2879 1236 2935 nefariorum
1280 2880 1597 2952 eripientes.
1631 2882 1807 2953 Atque
1849 2886 1897 2940 si
1926 2886 2052 2957 quis

463 2983 687 3043 propter
715 2988 811 3029 eos
841 2971 1040 3028 fratres
1079 2974 1369 3037 assistens,
1400 2975 1832 3045 comprehensus
1862 2976 2048 3043 fuerit,

462 3076 516 3120 et
564 3064 831 3134 injuriose
886 3070 1195 3131 tractatus,
1249 3064 1445 3120 beatus
1495 3073 1601 3131 est,
1648 3068 1798 3137 quod
1863 3070 2049 3126 socius

463 3158 745 3229 martyris,
797 3157 1150 3227 imitatorque
1197 3157 1519 3226 passionum
1581 3158 1787 3215 Christi
1845 3164 1916 3217 sit
1965 3162 2049 3219 ef-

464 3252 661 3305 fectus.
712 3249 927 3305 Etenim
979 3266 1082 3307 nos
1121 3266 1361 3321 quoque,
1399 3251 1605 3308 Christi
1663 3268 1852 3316 causa,
1906 3272 2049 3326 saepe

462 3341 607 3411 apud
628 3342 891 3412 Caipham
924 3349 979 3397 et
1004 3343 1377 3398 Alexandrum
1408 3353 1462 3399 et
1481 3346 1693 3400 Annam
1720 3347 2047 3402 verberibus

461 3431 661 3499 affecti,
697 3432 804 3488 laeti
858 3433 1152 3497 exivimus,
1196 3432 1341 3501 quod
1393 3431 1544 3502 digni
1588 3430 1759 3485 habiti
1792 3444 2040 3486 essemus

458 3529 589 3582 talia
618 3534 841 3597 propter
868 3524 1208 3582 Salvatorem
1230 3533 1480 3580 nostrum
1510 3523 1621 3594 pati
1646 3523 1713 3578 ⁸⁸.
1738 3521 1849 3579 Vos
1879 3524 2041 3579 etiam

464 3618 824 3687 perpetientes
856 3618 981 3684 ista,
1014 3619 1280 3690 gaudete;
1327 3620 1589 3689 quoniam
1622 3621 1767 3676 beati
1798 3624 1956 3678 eritis
1989 3624 2043 3678 in

461 3710 553 3763 illa
584 3708 674 3763 die
695 3708 763 3763 “.

1066 3803 1296 3859 CAPUT
1341 3802 1429 3859 Ill.

458 3913 613 3987 Quod
631 3927 841 3987 propter
862 3914 1131 3971 Christum
1170 3919 1432 3987 oppressis
1464 3928 1665 3984 aparlet
1699 3937 1913 3974 manum
1945 3920 2041 3975 ad-

570 3986 822 4055 jutricem
855 3988 1142 4057 porrigere,
1180 3986 1418 4057 quamvis
1453 3990 1592 4043 adsit
1624 3992 1935 4059 periculum.

530 4098 635 4155 Eos
677 4115 829 4163 vero,
865 4103 957 4171 qui
1009 4110 1236 4174 propter
1267 4103 1426 4159 ﬁdem
1473 4105 1859 4176 exagitantur,
1895 4113 1949 4161 et
1977 4122 2043 4162 ex

457 4191 671 4247 Domini
706 4193 965 4248 mandato
1002 4194 1219 4266 fugiunt
1262 4212 1291 4249 a
1326 4196 1548 4251 civitate
1582 4196 1638 4250 in
1668 4197 1945 4253 civitatem
1964 4198 2041 4266 ’°,

455 4285 742 4356 suscipite,
770 4286 1046 4356 adiuvate,
1079 4288 1528 4358 complectimini,
1580 4300 1840 4360 tanquam
1894 4304 2043 4345 mar-

456 4386 638 4448 tyres;
674 4378 779 4433 laeti
823 4379 969 4449 quod
1000 4380 1373 4450 participastis
1416 4396 1608 4436 eorum
1642 4382 2037 4452 persecutioni,

2086 1759 2130 1815 Β
2199 1749 2558 1815 συνουσίας,
2590 1747 2735 1801 ὅταν
2762 1748 2933 1817 ἑπιμέ

2704 1563 3097 1617 ΚΕΦΑΛᾹΙΟΝ
3131 1563 3204 1617 B'.

2166 1676 2293 1729 Ὅτι
2310 1676 2725 1750 φευχτέονᾼτῆς
2751 1676 2767 1747 [
2777 1676 2815 1750 .
2831 1677 2959 1750 τὰς]
2972 1678 3121 1745 πρὸς
3140 1677 3279 1750 τρὺς
3294 1678 3765 1750 ψευδαδέλφους

2776 1748 3084 1817 ἐπιμένωσι
3113 1748 3189 1817 τῇ
3207 1751 3540 1818 φαυλότητι
3571 1748 3709 1823 (ἹΞ).

2230 1864 2293 1915 El
2335 1862 2392 1916 δέ
2437 1880 2521 1926 τις
2563 1861 2788 1931 ἀδελφὸν
2820 1862 2995 1930 λέγων
3022 1858 3404 1927 ἑαυτὸνοεῖναι,
3451 1866 3764 1936 ἀπατηθεζ

2160 1953 2265 2006 ὑπὸ
2282 1953 2375 2007 τοῦ
2424 1954 2663 2026 πονηροῦ
2715 1956 3081 2027 κακοποιήσῃ,
3117 1956 3212 2009 καὶ
3256 1955 3534 2027 ἐλεγχθεὶς
3583 1975 3761 2011 κατα-

2158 2046 2320 2117 κριθῇ
2383 2046 2599 2118 θανάτῳ
2660 2047 2737 2111 ὡς
2795 2047 3019 2118 μοιχὸς,
3075 2047 3108 2117 ἢ
3158 2049 3385 2117 φονεὺς,
3450 2048 3761 2119 χωρίζεσθε

2156 2139 2250 2192 ἀπ’
2272 2140 2461 2205 αὐτοῦ,
2498 2140 2586 2195 ἵνα
2634 2136 2735 2211 ἦτε
2777 2140 2965 2194 ἄσυλοι
2992 2140 3126 2210 (73),
3148 2141 3241 2194 καὶ
3269 2141 3343 2213 μή
3372 2158 3457 2203 τις
3479 2141 3637 2212 ὑμῶν
3678 2143 3759 2206 ὡς

2158 2232 2411 2295 κοινωνὸς
2442 2231 2539 2285 τοῦ
2591 2230 2797 2303 μύσους
2843 2231 3220 2305 ὑποπτευσθῇ,
3269 2233 3364 2287 καὶ
3409 2234 3756 2304 καταχέηται

2159 2323 2528 2395 βλασφημίαν,
2558 2325 2635 2388 ὡς
2680 2324 2898 2379 πάντων
2944 2326 3285 2397 Χριστιανῶν
3314 2327 3618 2397 χαιρόντων
3658 2327 3755 2379 ἐπὶ

2155 2421 2267 2481 τοῖς
2315 2418 2653 2489 παρανόμοις
2682 2418 2882 2490 ἔργοις.
2929 2420 3020 2472 Διὸ
3058 2418 3272 2491 μακρὰν
3307 2420 3401 2473 ἀπ’
3432 2420 3617 2473 αὐτῶν
3645 2439 3756 2491 χω-

2158 2513 2321 2579 ρεῖτε.
2354 2511 2480 2573 Τοῖς
2516 2510 2613 2581 μέν
2656 2527 2738 2564 τοι
2775 2510 2864 2563 διὰ
2892 2511 3124 2582 Χριστὸν
3155 2513 3272 2564 κατ’
3300 2512 3568 2582 ἐπήρειαν
3600 2513 3755 2582 παρὰ

2156 2600 2262 2654 τῶν
2292 2602 2503 2655 ἀσεϐῶν
2534 2603 2973 2673 συγκλειομένοις
3003 2606 3083 2666 εἰς
3112 2603 3377 2675 φυλακὴν,
3406 2603 3440 2673 ἢ
3471 2603 3613 2674 πρὸς
3651 2604 3751 2656 θά-

2155 2710 2314 2747 νατον
2340 2694 2717 2766 έκδιδομένοις,
2747 2695 2779 2766 ἢ
2814 2696 2950 2767 πρὸς
2977 2695 3174 2766 δεσμά,
3207 2696 3302 2748 καὶ
3320 2694 3557 2766 ὲξορίαν,
3595 2695 3751 2767 πάσῃ

2158 2787 2358 2858 σπουδῇ
2409 2787 2673 2858 βοηθεῖτε,
2706 2786 2776 2840 τὰ
2807 2786 2943 2859 μέλη
2979 2788 3132 2857 ὑμῶν
3171 2787 3421 2859 ρυὀμενοι
3451 2788 3517 2839 ἐκ
3544 2788 3751 2858 χειρῶν

2154 2879 2431 2950 ἀθέσμων.
2478 2881 2588 2933 Καὶ
2645 2879 2740 2933 ἐάν
2784 2896 2870 2942 τις
2924 2880 3109 2942 αὐτοῖς
3152 2878 3508 2948 συγκείμενος
3550 2879 3755 2949 συλλη-

2155 2972 2264 3045 φθῇ
2287 2972 2423 3044 (74),
2461 2974 2555 3027 καὶ
2592 2973 2796 3035 αἰκίαις
2831 2972 3116 3034 ὑποπέσοι,
3150 2970 3419 3043 μακάριός
3454 2972 3629 3033 ἔστιν,
3668 2973 3751 3024 ὅτι

2154 3064 2410 3128 κοινωνὸς
2457 3065 2735 3136 μάρτυρος
2777 3065 3013 3132 ἐγένετο,
3073 3065 3166 3117 καὶ
3214 3062 3460 3135 μιμητὴς
3501 3063 3614 3115 τῶν
3654 3064 3750 3116 τοῦ

2077 3119 2119 3174 c
2152 3119 2406 3228 Χριστοῦ.
2427 3119 2786 3229 παθημάτων.
2818 3119 2935 3212 'Kai.
2966 3119 3075 3227 γάρ
3117 3119 3575 3226 καὶ-ήέῖςιῦπὲρ
3615 3156 3751 3227 Χρι-

2154 3249 2282 3303 στοῦ
2336 3250 2594 3313 πολλάκις
2651 3251 2757 3303 ὑπὸ
2802 3249 3026 3319 Καῖάφα
3083 3250 3176 3302 καὶ
3245 3247 3595 3319 Ἀλεξάνδρου
3656 3250 3752 3301 καὶ

2154 3346 2323 3398 Ἀννα
2358 3342 2573 3415 πληγὰς
2600 3342 2873 3405 λαϐόντες,
2913 3342 3193 3412 χαίροντες
3223 3339 3469 3411 ἐξίημεν,
3506 3340 3587 3393 ὅτι
3618 3357 3751 3393 κατ-

2147 3434 2461 3506 ηξιώθημεν
2508 3436 2649 3506 ὑπὲρ
2676 3433 2771 3488 τοῦ
2808 3434 3059 3504 Σωτῆρος
3084 3433 3240 3503 ήμῶν
3269 3432 3498 3486 τοιαῦτα
3526 3432 3744 3487 παθεῖν.

2148 3529 2257 3582 Καὶ
2306 3530 2463 3599 ὑμεῖς
2506 3529 2728 3599 χαίρετε
2767 3526 2944 3583 ταῦτα
2990 3526 3310 3596 πάσχοντες·
3363 3526 3446 3579 ὅτι
3476 3526 3746 3598 μακάριοι

2147 3620 2442 3690 γενήσεσθε
2469 3621 2529 3672 έν
2556 3620 2742 3692 ἐκείνῃ
2769 3622 2837 3689 τῇ
2867 3618 3069 3689 ἡμέρᾳ.

2698 3799 3094 3854 ΚΕΦΑΛΑΙΟΝ
3124 3798 3196 3852 Γ’.

2149 3918 2278 3971 Ὀτι
2321 3916 2445 3983 τοῖς
2629 3913 2889 3990 Χριστόν
2933 3910 3526 3990 πορθουμένοις-,χρὴ
3574 3911 3744 3980 χεῖρα

2482 3987 2729 4054 ὀρέγειν,
2763 3983 2880 4041 κᾶν
2921 3982 3205 4048 κίνδυνος
3232 3982 3413 4049 παρῇ.

2217 4101 2327 4154 Καὶ
2352 4101 2479 4163 τοὺς
2505 4097 2871 4170 διωκομένους
2894 4096 2952 4150 δὲ
2979 4096 3068 4150 διὰ
3083 4096 3184 4169 τὴν
3222 4097 3427 4160 πίστιν,
3460 4099 3555 4151 καὶ
3583 4098 3740 4151 πόλιν

2142 4193 2209 4245 ἐκ
2253 4192 2461 4255 πόλεως
2506 4190 2825 4260 φεύγοντας,
2858 4188 2948 4242 διά
2995 4189 3095 4261 τὴν
3130 4188 3349 4260 ἐντολὴν
3385 4188 3481 4241 τοῦ
3502 4191 3735 4260 Κυρίου,

2145 4282 2630 4356 προσλαμϐάνεσθε
2674 4283 2871 4345 αὐτοὺς
2892 4321 2907 4346 ,
2961 4280 3487 4352 ἀντιλαμϐανόμενοι
3529 4281 3734 4345 αὐτῶν,

2144 4378 2237 4430 καὶ
2269 4376 2688 4448 προσδεχόμενοι
2723 4376 2943 4438 αὐτοὺς,
2971 4374 3049 4437 ὼς
3098 4374 3401 4445 μάρτυρας·
3450 4374 3737 4445 χαίροντες

454 4471 611 4540 gnari
660 4486 755 4528 eos
802 4487 832 4525 a
881 4471 1113 4526 Domino
1158 4472 1349 4527 beatos
1394 4473 1705 4543 praedicari.
1739 4472 1859 4545 Ipse
1884 4474 2031 4528 enim

2158 4470 2220 4522 ἑτι
2268 4471 2513 4523 κοινωνοὶ
2555 4468 2732 4522 αὐτῶν
2774 4465 2871 4520 τοῦ
2925 4465 3168 4538 διωγμοῦ
3215 4465 3537 4536 γεγένησθε,
3572 4464 3736 4534 γινώ-

453 4563 532 4625 ait
567 4582 581 4618 ;
617 4581 635 4615 ι
668 4562 818 4619 Beati
865 4564 1001 4619 estis
1032 4580 1158 4619 cum
1190 4565 1571 4620 maledixerint
1607 4566 1783 4631 vobis,
1818 4575 1871 4620 et
1919 4581 2041 4636 per-

452 4656 628 4719 secuti
658 4672 757 4713 vos
790 4657 1014 4723 fuerint,
1052 4668 1107 4713 et
1145 4657 1388 4714 dixerint
1417 4674 1580 4714 omne
1605 4660 1807 4713 malum
1840 4659 2037 4713 adver—

451 4764 574 4807 sznn
601 4750 1081 4818 vos,tnentientes,
1108 4758 1333 4820 pr0pter
1361 4767 1467 4806 me.
1500 4749 1745 4805 Gaudete
1772 4759 1826 4806 ct
1849 4752 2035 4806 exsul-

455 4847 589 4905 tate,
620 4843 878 4910 quoniam
924 4857 1136 4897 merces
1171 4852 1353 4898 vestra
1383 4843 1611 4914 copiosa
1647 4849 1731 4898 est
1760 4843 1814 4896 in
1852 4843 2029 4897 caelis.

453 4932 546 4985 Sic
592 4933 740 4987 enim
789 4935 1061 5001 persecuti
1131 4943 1260 4989 sunt
1313 4936 1629 5006 prephetas,
1664 4937 1758 5006 qui
1810 4935 2033 4991 fuerunt

449 5031 577 5084 ante
621 5025 803 5081 vos".
850 5046 867 5078 ι
905 5026 969 5079 Ει
1003 5043 1238 5082 rursus:
1285 5048 1303 5079 ι
1350 5027 1406 5081 Si
1450 5046 1535 5083 mc
1566 5031 1839 5099 persecuti
1880 5038 2030 5094 sunt,

446 5124 501 5169 et
541 5130 639 5171 vos
686 5132 1084 5190 persequentur
1119 5125 1186 5180 θ’.
1236 5142 1256 5176 ι
1309 5122 1376 5177 Ει
1414 5125 1629 5179 adhuc:
1683 5144 1702 5176 ι
1756 5124 1813 5179 Si
1848 5141 2033 5195 persc-

445 5216 687 5275 qnantur
712 5226 807 5265 vos
832 5212 884 5264 in
902 5214 1121 5269 civitate
1140 5215 1263 5282 ista,
1283 5213 1450 5285 fugite
1470 5214 1520 5268 in
1539 5216 1703 5270 aliam
1720 5217 1811 5269 ⁸³⁵.
1836 5234 1855 5268 ι
1884 5216 2033 5283 Quo-

2145 4578 2365 4625 σκοντες
2393 4562 2590 4624 αὐτοὺς
2619 4560 2724 4614 ὑπὸ
2759 4558 2854 4612 τοῦ
2890 4560 3098 4631 Κυρίου
3135 4556 3564 4629 μεμακαρίσθαι.
3597 4559 3735 4628 Φησὶ

2141 4652 2250 4725 γὰρ
2283 4653 2463 4717 αὐτός’
2502 4671 2522 4705 ι
2557 4652 2834 4724 Μακάριοί
2866 4652 2991 4705 ἐστε
3030 4652 3158 4703 ὅταν
3186 4650 3519 4703 ὀνειδίσωσιν
3564 4651 3731 4720 ὑμᾶς,

2142 4746 2235 4797 καὶ
2276 4744 2528 4809 διώξωσι,
2560 4744 2653 4798 καὶ
2675 4745 2869 4797 εἴπωσι
2917 4744 3025 4796 πᾶν
3071 4742 3304 4814 πονηρὸν
3336 4741 3489 4813 ῥῆμα
3518 4741 3643 4795 καθ’
3673 4744 3734 4795 ὑ·-

2145 4837 2281 4908 μῶν,
2314 4837 2654 4907 ψευδόμενοι,
2685 4838 2869 4890 ἕνεκεν
2898 4834 3032 4907 ἐμοῦ
3076 4836 3309 4907 Χαίρετε
3338 4835 3432 4887 καὶ
3468 4834 3733 4902 ἀγαλλιᾶ-

2142 4930 2256 4993 σθε,
2288 4930 2369 4982 ὅτι
2397 4931 2425 4983 ὁ
2458 4928 2647 5001 μισθὸς
2677 4929 2829 4999 ὗμῶν
2860 4928 3024 4992 πολὺς
3052 4928 3109 4979 ὲν
3140 4929 3249 4989 τοῖς
3278 4927 3549 4997 οὐρανοῖς.
3574 4925 3734 4979 Οὕτω

2136 5022 2245 5095 γὰρ
2274 5022 2498 5087 ἐδίωξαν
2543 5023 2671 5084 τοὺς
2718 5023 3022 5092 προφήτας,
3051 5021 3178 5082 τοὺς
3206 5018 3312 5089 πρὸ
3350 5018 3527 5088 ὑμῶν.
3568 5036 3587 5069 ι
3622 5018 3734 5069 Καὶ

2137 5114 2317 5167 πάλιν·
2357 5133 2375 5165 ι
2413 5115 2477 5167 Ei
2523 5114 2625 5184 ἐμὲ
2671 5112 2917 5178 ἐδίωξαν,
2947 5114 3041 5166 καὶ
3086 5114 3230 5183 ὑμᾶς
3256 5110 3527 5175 διώξουσι.
3568 5130 3587 5162 ι
3622 5110 3733 5164 Καὶ

2136 5207 2290 5278 ἑξῆς·
2322 5226 2340 5258 ι
2367 5205 2491 5260 Ἐὰν
2519 5206 2785 5260 διώκωσιν
2818 5207 2959 5277 ὑμᾶς
2992 5207 3050 5259 ἐν
3080 5208 3148 5276 τῇ
3177 5204 3327 5257 πόλει
3372 5202 3568 5274 ταύτῃ,
3609 5201 3735 5270 φεύ.

521 5365 562 5395 ⁸⁷
598 5364 787 5419 Matth.
830 5382 958 5430 xxv,
1002 5366 1071 5420 54
1101 5373 1155 5419 et
1197 5381 1314 5431 seq.
1393 5369 1440 5401 ⁸⁸
1464 5368 1583 5422 Act.
1621 5385 1693 5427 tv.
1749 5367 1812 5432 ὃς
1849 5384 1901 5430 v,
1956 5367 2046 5429 40,

2158 5408 2160 5419 ν
2238 5368 2284 5399 ⁸³
2314 5364 2449 5422 Luc.
2504 5366 2694 5433 v1,22,
2725 5366 2819 5422 25.
2896 5367 2941 5398 ⁹⁹
2980 5364 3170 5419 Matth.
3208 5379 3262 5424 x,
3288 5361 3377 5416 23.
3454 5362 3503 5392 ⁹¹
3531 5359 3725 5415 Matth.

448 5450 501 5499 ν,
540 5437 621 5491 ll.
688 5438 733 5469 ⁹²
770 5435 932 5491 Joau.
968 5454 1059 5502 xv,
1091 5436 1186 5492 20.
1267 5440 1335 5470 "‘
1368 5436 1562 5495 Matth.
1600 5441 1769 5509 x,23.

1758 5544 2124 5601 VARIORUM
2158 5544 2393 5601 NOTAE}.

516 5688 628 5758 (7‘2)
660 5689 1011 5758 Φαυλότητι.
1039 5683 1330 5756 Antiquior
1359 5683 1480 5758 cod.
1524 5682 1712 5758 xxxiii.
1742 5678 1945 5758 Cum:

519 5746 629 5829 (75)
664 5746 936 5814 Ἄσικίοῇ
972 5757 1027 5815 In
1075 5746 1246 5815 altero
1288 5755 1477 5812 codice
1530 5759 1636 5819 est,
1670 5746 1910 5823 ἄμωμοι.
1941 5746 2014 5803 In.

512 6078 791 6151 Λ

2204 5678 2317 5749 (74)
2360 5678 2712 5750 Συλληερθῇ.
2762 5680 2912 5738 Alter
2954 5680 3074 5737 cod.
3110 5677 3376 5750 κρατηθῇ.
3406 5675 3461 5733 In
3495 5694 3563 5735 eo
3597 5678 3722 5739 ﬁnis

2130 5751 2326 5820 capitis
2358 5751 2529 5808 deest.
2576 5751 2648 5805 lu.
