3876 6188
116 314 249 371 833

1078 306 1679 365 CONSTITUTIONES
1716 305 2402 365 APOSTOLICE.-—LIB.
2445 306 2509 363 γ.

3323 318 3422 372 83!

119 445 268 497 γετε
300 430 386 491 εις
439 426 541 498 τὴν
595 426 760 498 ἀλλην
818 425 954 499 (75),
984 427 1069 480 ὅτι
1125 427 1184 479 ἐν
1225 424 1304 497 τῷ
1333 424 1523 497 κόσμῳ
1569 425 1738 495 θλῖψιν

1851 422 1998 476 niam
2029 422 2086 476 in
2114 421 2320 477 mundo
2341 439 2652 493 prcssuram
2690 424 2983 483 habebitis.
3012 425 3251 485 Tradent
3277 434 3423 488 enim

125 518 320 583 ἕξετε.
357 517 749 592 Παραδιίωουσι
777 518 888 590 γάρ
944 519 1089 589 ὑμᾶς
1144 520 1224 581 είς

125 611 235 663 ἐπὶ
284 610 564 681 ἡγεμόνας
603 611 697 663 καὶ
728 610 969 680 βασιλεῖς
1005 609 1310 680 ἀχθήσεσθε
1358 608 1545 662 ἕνεκεν
1589 608 1746 679 ἐμοῦ,

126 704 221 766 εἰς
284 701 589 774 μαρτύριον
646 702 848 765 αὐτοῖς.
909 703 1017 755 Kal
1056 704 1084 755 ὁ
1129 700 1429 771 ὑπομείνας
1465 703 1546 764 είς
1571 701 1744 765 τέλος,

128 790 303 857 οὗτος
344 795 670 865 σωθήσεται.
713 813 730 845 ι
784 793 843 846 '0
873 794 984 866 γὰρ
1029 793 1278 864 διωχθεὶς
1307 793 1492 847 ἕνεκεν
1531 793 1631 864 τῆς
1659 793 1747 846 πί-

133 903 346 949 στεως,
379 888 473 939 καὶ
506 888 866 959 μαρτυρήσας
915 888 1045 958 περὶ
1072 886 1259 951 αὑτοῦ,
1290 888 1385 941 καὶ
1426 886 1742 957 ὑπομείνας,

130 970 305 1041 οὗτος
333 978 551 1049 ἀληθῶς
578 979 869 1050 ἄνθρωπος
896 979 1053 1032 Θεοῦ.

694 1072 1091 1125 ΚΕΦΑΛΑΙΟΝ
1127 1074 1178 1125 A'

137 1162 281 1216 Ὅτι
308 1164 559 1235 φρικτὸν
587 1165 687 1218 καὶ
714 1165 1007 1233 ὀλέθριον,
1029 1165 1094 1219 τὸ
1123 1165 1433 1234 ἀρνεῖσθαι
1463 1168 1739 1235 Χριστόν.

227 1256 289 1308 ὐ
331 1257 390 1309 δὲ
446 1257 825 1328 ἀρνησάμενος
870 1258 1062 1311 ἑαυτὸν
1091 1258 1329 1329 Χριστοῦ
1376 1255 1537 1323 εἶναι,
1566 1258 1655 1313 διά
1681 1260 1743 1315 τὸ

142 1348 224 1417 μὴ
286 1348 564 1418 μισεῖσθαι
606 1349 712 1402 ὑπὸ
759 1348 1084 1421 ἀνθρώπων,
1118 1350 1349 1421 φιλήσας
1399 1350 1499 1422 τὴν
1545 1352 1739 1406 ἐαυτοῦ

135 1438 328 1509 ψυχὴν
379 1441 580 1511 μᾶλλον
642 1441 675 1512 ἢ
728 1442 821 1495 τὸν
864 1441 1091 1513 Κύριον,
1124 1435 1185 1495 οῦ
1232 1443 1265 1513 ή
1307 1441 1447 1513 πνοὴ
1486 1442 1651 1497 αὑτοῦ
1682 1444 1740 1495 ἐν

137 1533 293 1604 χειρὶ
339 1533 525 1586 αὑτοῦ·
570 1528 724 1598 οὗτος
779 1534 1030 1599 ἐλεεινὸς,
1061 1534 1243 1597 ἄθλιος
1274 1534 1408 1605 (76),
1436 1535 1511 1598 ὡς
1540 1536 1740 1607 ἐναγὴς

140 1624 241 1677 καὶ
284 1624 592 1695 βδελυκτός·
632 1626 783 1695 φίλος
830 1627 929 1698 μὲν
972 1627 1276 1699 ἀνθρώπων
1315 1626 1549 1699 θελήσας
1576 1624 1735 1691 εἶναι,

138 1715 345 1785 ἐχθρὸς
389 1716 445 1770 δὲ
483 1717 577 1770 τοῦ
620 1717 773 1771 Θεοῦ·
824 1718 1016 1790 μερίδα
1043 1718 1223 1772 λαϐὼν
1249 1719 1433 1773 οὐκέτι
1466 1719 1603 1791 μετὰ
1627 1719 1736 1775 τῶν

140 1808 345 1875 ἁγίων,
376 1808 513 1861 ἀλλά
543 1808 681 1879 μετά
705 1810 815 1863 τῶν
845 1810 1265 1882 κατηραμένων·
1324 1812 1445 1865 ἀντὶ
1473 1810 1585 1884 (77)
1632 1811 1734 1883 βα-

140 1898 357 1962 σιλείας
383 1900 784 1972 εὑλογημένων,
816 1903 1060 1974 ποθήσας
1088 1904 1149 1956 τὸ
1180 1903 1294 1974 πῦρ
1319 1903 1380 1956 τὸ
1411 1902 1650 1969 αἰώνιον,
1672 1905 1735 1959 τὸ

140 1990 552 2062 ἡτοιμασμένον
590 1994 669 2064 τῷ
714 1995 947 2066 διαϐόλῳ
990 1997 1083 2050 καὶ
1121 1999 1236 2060 τοῖς
1264 1998 1517 2065 ἀγγέλοις
1545 1998 1731 2053 αὐτοῦ·

139 2082 246 2153 οὑχ
288 2085 386 2136 ὑπ’
441 2084 740 2156 ἀνθρώπων
782 2086 865 2140 ἔτι
922 2089 1263 2160 μισούμενος,
1322 2090 1437 2144 ἀλλ’
1491 2090 1598 2144 ὑπὸ
1640 2090 1736 2145 τοῦ

139 2173 286 2227 Θεοῦ
343 2176 686 2247 ἀπωσμένος,
716 2179 810 2231 καὶ
851 2179 959 2232 ἀπὸ
987 2178 1081 2233 τοῦ
1125 2180 1418 2251 προσώπου
1448 2180 1611 2235 αὑτοῦ
1642 2183 1736 2236 ἐκ·

141 2264 509 2337 ϐεϐλημένος.
541 2269 677 2340 Περὶ
718 2269 826 2343 γὰρ
870 2271 1059 2324 τούτου
1107 2273 1423 2344 ἀπεφήνατο
1452 2276 1480 2328 ὁ
1509 2274 1734 2348 Κύριος,

139 2356 344 2425 λέγων·
370 2359 593 2424 «Ὅστις
623 2362 917 2433 ἀρνήσεται
951 2380 1018 2434 με
1048 2363 1357 2437 ἔμπροσθεν
1384 2364 1493 2420 τῶν
1523 2366 1736 2439 ἀνθρὼ-

143 2466 292 2512 πων,
324 2451 419 2503 καὶ
462 2452 802 2526 ἐπαισχυνθῇ
835 2454 947 2526 (78)
973 2455 1034 2509 τὸ
1060 2446 1235 2527 ὄνομά
1276 2475 1399 2528 μου,
1430 2460 1737 2531 ἀρνήσομαι

143 2542 317 2595 αὑτὸν
364 2543 521 2613 κάγὼ
576 2546 670 2600 καὶ
726 2546 1232 2619 ἐπαισχυνθήσομαι
1278 2548 1389 2619 (79)
1431 2549 1737 2622 ἔμπροσθεν

143 2633 249 2687 τοῦ
278 2636 494 2707 Πατρός
524 2655 625 2708 μου
671 2638 765 2691 τοῦ
810 2640 868 2692 ἐν
898 2639 1164 2710 οὐρανοῖς.
1208 2660 1226 2692 ι
1259 2642 1367 2694 Kal
1397 2641 1558 2695 πάλιν
1591 2642 1737 2711 λέγει

141 2726 264 2788 τοῖς
326 2726 591 2799 μαθηταῖς
642 2728 828 2793 αὑτοῦ,
858 2731 989 2801 ἡμῖν
1034 2732 1236 2795 αὑτοῖς,
1266 2730 1454 2796 οὕτως’
1494 2753 1512 2784 ι
1538 2733 1595 2786 '0
1652 2751 1738 2803 φι-

142 2816 259 2869 λῶν
288 2819 500 2891 πατέρα
529 2820 561 2892 ἢ
595 2822 806 2893 μητέρα
836 2822 979 2893 ὑπὲρ
1023 2823 1145 2894 ἐμὲ,
1178 2823 1279 2877 οὐκ
1308 2823 1421 2877 ἐστι
1444 2842 1545 2895 μου
1565 2824 1733 2889 ἄξιος

145 2911 251 2964 καὶ
296 2913 327 2965 ὁ
362 2913 531 2979 φιλῶν
592 2913 768 2985 υἱὸνῆ
799 2914 1075 2987 θυγατέρα
1125 2916 1267 2988 ὑπὲρ
1320 2917 1441 2988 ἐμὲ,
1472 2918 1571 2971 οὑκ
1623 2918 1737 2970 ἔστι

149 3022 259 3076 μου
307 3006 472 3072 ἄξιος.
504 3007 614 3061 Kal
640 3006 700 3071 ὃς
725 3008 785 3060 οὑ
816 3008 1083 3079 λαμϐάνει
1106 3008 1216 3080 (80)
1243 3009 1334 3061 τὸν
1382 3009 1611 3081 σταυρὸν
1642 3009 1741 3064 αὑ-

1269 518 1613 586 συναγωγάς,
1655 518 1738 571 κα]

1848 529 1948 568 vos
1994 514 2047 567 in
2088 529 2425 585 synagogas,
2461 523 2513 571 et
2557 515 2624 569 ad
2668 518 2931 586 praesides
2967 533 3031 573 ac
3072 536 3227 590 reges
3256 522 3425 579 duce-

1848 606 1984 660 mini
2011 614 2237 677 propter
2267 624 2373 672 me,
2405 609 2460 663 in
2499 610 2872 664 testimonium
2909 612 3040 666 illis.
3076 611 3141 665 Et
3170 614 3263 683 qui
3300 631 3426 685 per-

1849 701 2184 755 severaverit
2232 716 2409 771 usque
2465 701 2521 755 in
2567 702 2751 765 ﬁnem,
2791 702 2881 757 hic
2927 704 3113 759 salvus
3156 706 3261 760 erit
3284 707 3351 762 ”.
3397 726 3417 759 ι

1846 788 1981 844 Nam
2013 792 2110 861 qui
2142 792 2268 847 ﬁdei
2303 809 2433 864 ergo
2454 809 2651 864 passus
2679 802 2763 848 est
2792 799 3252 865 persecutionem,
3279 813 3332 856 et
3356 802 3423 857 de

1845 882 2068 939 Christo
2124 886 2504 941 testimonium
2566 887 2864 957 perhibuit,
2916 896 2971 944 et
3021 896 3420 960 perseveravit,

1844 974 1937 1031 hic
1964 984 2051 1031 est
2077 991 2204 1033 vere
2235 978 2400 1035 homo
2426 977 2543 1034 Dei.

2449 1071 2679 1128 CAPUT
2726 1072 2817 1129 ιν.

1845 1163 1999 1231 Quod
2054 1163 2373 1217 horrendum
2424 1181 2487 1218 ac
2520 1166 2735 1219 exitiale
2774 1168 2846 1220 sit
2892 1184 3079 1238 negare
3128 1168 3418 1223 Christum.

1913 1258 2015 1325 Qui
2056 1274 2186 1314 vero
2219 1274 2278 1314 se
2323 1258 2528 1314 Christi
2558 1274 2680 1314 esse
2712 1261 3009 1329 negaverit,
3048 1270 3107 1314 ut
3148 1262 3216 1316 ab
3245 1260 3425 1315 homi-

1842 1353 2005 1408 nibus
2042 1352 2169 1407 odio
2197 1366 2307 1405 non
2348 1353 2636 1416 habeatur,
2668 1351 3032 1423 dilexeritquc
3082 1354 3256 1423 magis
3301 1356 3421 1409 ani-

1840 1460 1985 1499 mam
2016 1459 2173 1500 suam
2206 1458 2371 1515 quam
2401 1443 2690 1498 Dominum
2710 1445 2776 1508 “,
2812 1444 2866 1499 in
2901 1445 3060 1513 cujus
3092 1460 3256 1499 manu
3284 1448 3422 1501 resi-

1839 1536 1929 1591 det
1961 1537 2448 1607 ﬁatusejus";hic
2470 1537 2794 1593 miserabilis
2816 1546 2869 1592 et
2892 1537 3078 1593 infelix
3106 1546 3212 1602 est,
3231 1547 3423 1610 utpote

1837 1630 2192 1685 exsecrabilis
2236 1637 2292 1684 et
2326 1630 2759 1696 abominandus;
2808 1631 2901 1701 qui
2948 1631 3172 1700 quidem
3205 1632 3419 1686 amicus

1837 1720 2142 1791 hominum,
2184 1722 2361 1779 hostis
2416 1732 2599 1778 autem
2648 1723 2742 1778 Dei
2786 1740 2910 1779 esse
2936 1725 3140 1791 voluit;
3173 1728 3265 1795 qui
3309 1740 3418 1779 non

1838 1814 2073 1883 amplius
2118 1824 2329 1884 partem
2370 1831 2495 1869 cum
2530 1816 2738 1875 sanctis
2767 1816 2985 1886 accipit,
3020 1817 3115 1871 scd
3146 1831 3270 1871 cum
3302 1832 3419 1870 ma-

1838 1905 2121 1962 ledictioni
2167 1907 2433 1974 subditis;
2482 1908 2578 1978 qui
2630 1923 2735 1978 pro
2765 1924 2935 1979 regno
2980 1908 3417 1963 benedictionem

1836 1998 2183 2069 adeptorum,
2213 2000 2482 2071 expetivit
2528 2000 2710 2072 ignem
2750 2002 3170 2072 sempiternum,
3201 2001 3421 2056 diabolo

1836 2095 1892 2142 et
1916 2087 2124 2157 angelis
2161 2088 2282 2159 ejus
2312 2098 2562 2157 paratum
2583 2090 2663 2157 '9;
2696 2091 2789 2159 qui
2821 2106 2929 2145 non
2959 2090 3072 2161 jam
3095 2092 3162 2146 ab
3187 2093 3426 2147 homini-

1837 2179 1941 2235 bus
1969 2180 2159 2235 odium
2186 2188 2450 2250 reportat,
2479 2182 2572 2236 sed
2600 2198 2629 2236 θ
2657 2181 2768 2237 Deo
2791 2185 2995 2252 patitur
3022 2185 3422 2253 expulsiouvm,

1836 2283 1891 2328 et
1924 2289 1954 2328 a
1996 2272 2136 2329 facie
2159 2272 2281 2342 ejus
2312 2274 2549 2344 ejicitur.
2580 2274 2656 2329 De
2686 2276 2791 2330 hoc
2819 2276 3017 2345 quippe
3045 2276 3422 2344 pronuntiavit

1842 2363 2125 2432 Dominus,
2159 2368 2350 2424 dicens
2387 2388 2398 2423 :
2442 2388 2459 2420 ι
2496 2368 2601 2436 Qui
2642 2369 2922 2440 negaverit
2966 2385 3053 2424 me
3088 2384 3273 2423 coram
3317 2370 3419 2423 lio-

1837 2459 2103 2525 minibus,
2138 2467 2193 2514 et
2227 2460 2513 2515 erubuerit
2540 2476 2742 2515 nomen
2773 2476 2952 2515 meum
2974 2477 2988 2527 ;
3010 2460 3216 2530 negabo
3239 2467 3293 2514 et
3321 2476 3424 2529 ego

1836 2566 1960 2605 eum
1994 2567 2058 2605 ac
2087 2551 2414 2607 erubescam
2466 2568 2653 2606 coram
2701 2551 2859 2607 Patre
2888 2567 3029 2615 meo,
3055 2552 3146 2622 qui
3184 2554 3241 2606 in
3268 2552 3424 2607 cmiis

1836 2650 1921 2699 est
1944 2644 2010 2699 "'.
2053 2662 2071 2695 ι
2114 2642 2182 2698 Et
2214 2645 2413 2699 iterum
2457 2644 2755 2714 discipulis
2785 2645 2924 2707 suis,
2954 2644 3115 2699 nobis
3155 2645 3313 2714 ipsis,
3342 2645 3422 2699 sic

1837 2737 1913 2789 ait
1944 2753 1957 2790 :
1990 2753 2009 2786 ι
2047 2734 2151 2802 Qui
2182 2744 2327 2790 amat
2352 2744 2558 2807 patrem
2591 2744 2684 2790 aut
2715 2744 2941 2791 matrem
2967 2738 3091 2806 plus
3115 2753 3279 2808 quam
3313 2754 3422 2801 me,

1836 2843 1948 2882 non
1982 2836 2067 2883 est
2102 2844 2190 2883 me
2232 2829 2433 2899 dignus
2468 2847 2482 2883 :
2514 2836 2568 2882 et
2603 2830 2697 2899 qui
2731 2836 2881 2883 ainat
2931 2829 3101 2884 ﬁlium
3130 2838 3226 2884 aut
3257 2829 3423 2884 ﬁliani

1839 2936 2006 2990 super
2042 2936 2149 2982 me,
2183 2936 2293 2975 non
2337 2927 2425 2976 est
2470 2937 2557 2975 me
2606 2921 2827 2991 dignus.
2864 2922 2928 2975 Et
2958 2923 3050 2993 qui
3083 2939 3193 2977 non
3225 2923 3424 2993 accipit

1840 3028 2059 3068 crucem
2091 3028 2269 3075 suam,
2295 3021 2349 3068 et
2378 3014 2629 3084 sequitur
2656 3030 2770 3077 me,
2812 3030 2923 3069 non
2969 3023 3055 3071 est
3085 3030 3170 3070 me
3201 3015 3420 3085 dignus.

143 3096 271 3160 τοῦ,
307 3100 400 3152 κα)⁵
429 3099 713 3153 ἀκολουθεῖ
765 3100 940 3153 ὀπίσω
998 3118 1121 3171 μου,
1154 3102 1254 3154 οὑκ
1294 3100 1407 3154 ἐστι
1437 3118 1538 3172 μου
1565 3100 1734 3167 ἄξιος.

1844 3104 1945 3170 Qui
1972 3105 2179 3160 invenit
2204 3105 2441 3159 animam
2472 3120 2650 3171 suam,
2673 3106 2862 3175 perdet
2884 3106 3028 3159 illam
3053 3124 3067 3173 ;
3104 3115 3154 3161 et
3182 3108 3272 3176 qui
3301 3123 3426 3177 per-

160 3193 227 3244 '0
258 3190 434 3262 εὑρὼν
476 3192 575 3264 τὴν
628 3192 805 3263 ψυχὴν
848 3192 1036 3255 αὑτοῦ,
1068 3193 1321 3247 ἀπολέσει
1349 3194 1537 3265 αὐτήν·
1574 3195 1667 3249 καὶ
1706 3196 1736 3249 ὀ

148 3283 429 3345 ἀπολέσας
454 3284 553 3353 τὴν
582 3283 759 3355 ψυχὴν
786 3284 950 3338 αὑτοῦ
978 3285 1163 3339 ἕνεκεν
1196 3285 1353 3356 ἐμοῦ,
1388 3286 1610 3357 εὑρήσει
1638 3286 1737 3341 αὑ-

145 3375 272 3446 τήν.
309 3374 373 3427 Τί
425 3373 533 3447 γάρ
589 3375 877 3444 ὠφελεῖται
920 3376 1226 3448 ἄνθρωπος,
1259 3376 1355 3430 ἐάν
1408 3377 1501 3430 τὸν
1533 3376 1736 3447 κόσμον

144 3467 273 3520 ὅλον
331 3468 592 3541 κερδήσῃ,
620 3468 720 3539 τὴν
772 3468 831 3521 δὲ
874 3468 1053 3539 ψυχὴν
1097 3466 1265 3522 αὑτοῦ
1312 3466 1591 3541 ζημιωθῇ;
1621 3468 1653 3539 ἢ
1683 3469 1738 3521 τί

144 3558 316 3613 δώσει
371 3559 655 3631 ἄνθρωπος
707 3560 1063 3631 ἀντάλλαγμα
1106 3561 1206 3632 τῆς
1252 3559 1431 3632 ψυχῆς
1473 3557 1674 3625 αὑτοῦ;
1713 3579 1731 3611 ι

148 3652 265 3705 Kal
294 3651 437 3723 ἑξῆς·
479 3653 600 3723 «Μὴ
632 3652 902 3725 φοϐηθῆτε
945 3653 1054 3706 ἀπὸ
1081 3654 1188 3706 τῶν
1219 3652 1643 3707 ἀποκτεινόντων
1678 3653 1739 3706 τὸ

149 3744 339 3815 σῶμα,
368 3744 465 3814 τὴν
514 3746 571 3798 δὲ
611 3745 788 3817 ψυχήν
822 3746 894 3817 μὴ
924 3745 1236 3817 δυναμένων
1277 3746 1614 3800 ἀποκτεῖναι·
1646 3765 1739 3817 φο-

148 3837 358 3910 ϐήθητε
413 3839 469 3892 δὲ
529 3838 726 3909 μᾶλλον
777 3838 1071 3909 δυνάμενον
1119 3839 1211 3891 καὶ
1250 3838 1429 3909 ψυχήν
1458 3838 1740 3909 καὶσῶμα

148 3932 420 3986 ἀπολέσαι
448 3933 505 3984 ἐν
536 3932 747 4002 γεέννῃ.
788 3951 807 3981 ι

704 4045 1098 4098 ΚΕΦΑΛΑΙΟΝ
1140 4046 1215 4097 Ε’.

268 4139 397 4189 Ὅτι
420 4135 710 4222 ,ιεψῃτέρν
736 4135 995 4222 Χριστὸν
1022 4136 1092 4216 ἐς
1119 4135 1198 4222 τῷ
1225 4135 1505 4222 πάσχειν,
1536 4136 1636 4190 καὶ

435 4205 728 4273 ζηλωτέον
764 4205 879 4274 τὴν
907 4206 1093 4260 αὐτοῦ
1121 4205 1454 4275 ὑπομονήν.

231 4300 347 4362 Πᾶς
391 4294 485 4352 οῦν
526 4297 812 4369 μανθάνων
840 4297 1035 4368 τέχνην
1060 4296 1204 4360 τινὰ,
1235 4296 1450 4366 βλέπων
1481 4299 1573 4351 τὸν
1600 4298 1745 4352 διδά-

157 4392 358 4446 σκαλον
387 4391 573 4454 αὑτοῦ,
606 4389 696 4445 διὰ
719 4390 816 4461 τῆς
873 4389 1158 4461 ἐνεργείας
1187 4391 1279 4443 καὶ
1305 4391 1596 4461 ἐμπειρίας
1629 4391 1740 4462 (81)

1838 3196 2039 3251 diderit
2068 3196 2308 3251 animam
2359 3212 2515 3253 suam
2546 3206 2774 3268 propter
2805 3213 2912 3262 me,
2948 3198 3187 3253 inveniet
3213 3198 3415 3252 eam".

1836 3286 1982 3355 Quid
2013 3290 2161 3344 enim
2194 3288 2420 3359 prodest
2451 3290 2681 3357 homini,
2716 3291 2762 3344 si
2799 3289 3063 3345 mundum
3102 3291 3420 3345 universum

1838 3380 2100 3444 lucretur,
2134 3382 2332 3435 animae
2370 3396 2503 3435 vero
2550 3397 2663 3438 suae
2701 3381 3088 3437 detrimentum
3140 3381 3424 3451 patiatur?

1837 3473 1946 3527 Ant
1987 3489 2152 3544 quam
2185 3474 2338 3529 dabit
2388 3474 2555 3529 homo
2592 3474 3079 3529 commutationem
3111 3489 3211 3544 pro
3239 3473 3424 3527 anima

1839 3583 1939 3624 sua
1956 3568 2044 3623 ”?
2080 3588 2099 3620 ι
2135 3567 2202 3621 Ει
2223 3578 2485 3639 praeterea
2523 3587 2536 3622 :
2576 3586 2595 3618 ι
2629 3567 2807 3622 Nolite
2830 3568 3023 3622 timere
3049 3582 3146 3623 eos
3161 3566 3253 3637 qui
3282 3566 3427 3619 occi-

1839 3660 1975 3715 dunt
2002 3676 2227 3730 corpus,
2258 3660 2496 3713 animam
2529 3666 2712 3714 autem
2736 3675 2843 3713 non
2872 3665 3106 3729 possunt
3130 3658 3382 3713 occidere
3407 3677 3422 3713 :

1840 3755 1934 3809 sed
1971 3754 2152 3825 potius
2198 3753 2386 3808 timete
2450 3769 2576 3807 eum
2629 3752 2721 3823 qui
2776 3760 2958 3822 potest
2997 3760 3054 3807 et
3101 3752 3339 3806 animam
3370 3760 3426 3808 et

1840 3861 2041 3915 corpus
2076 3844 2304 3916 perdere
2336 3847 2389 3899 in
2419 3846 2726 3916 gehennam
2750 3846 2838 3898 ‘°°.
2882 3865 2901 3897 ι

2457 4046 2689 4103 CAPUT
2733 4047 2794 4101 ν.

1929 4139 2083 4207 Quod
2107 4140 2311 4194 imitari
2341 4149 2577 4208 oporteat
2612 4140 2883 4195 Christum
2912 4142 2965 4193 in
2989 4140 3259 4209 patiendo,
3293 4148 3343 4193 es

2230 4212 2475 4265 cumulari
2507 4212 2656 4264 illius
2680 4211 3042 4264 tolerantiam.

1917 4300 2180 4373 Quisquis
2210 4318 2345 4359 sane
2378 4311 2549 4358 artem
2581 4304 2821 4373 aliquam
2853 4303 3039 4366 discit,
3073 4303 3268 4359 videns
3308 4318 3427 4357 ma-

1846 4395 2077 4465 gistrum
2109 4411 2291 4458 suum,
2311 4396 2628 4465 operatione
2650 4403 2704 4449 et
2728 4395 2921 4464 peritia
2945 4394 3234 4450 artiﬁcium
3265 4412 3424 4450 suum

158 4484 531 4555 ἁπαρτίζοντα
558 4483 657 4553 τήν
676 4483 870 4553 τέχνην
898 4480 1088 4544 αὑτοῦ,
1110 4482 1203 4534 καὶ
1233 4482 1394 4545 αὐτὸς
1424 4483 1575 4554 ζήλοῖ
1605 4483 1738 4556 (82),

1847 4486 2128 4556 perﬁcere,
2164 4496 2219 4540 et
2245 4487 2363 4557 ipse
2394 4486 2633 4552 allectat,
2658 4495 2719 4540 ut
2742 4487 2886 4556 quod
2918 4486 3081 4540 habet
3108 4502 3220 4555 prae
3249 4487 3429 4539 mani-

156 4579 348 4647 ὅμοιον
394 4576 541 4646 αὑτῷ
590 4575 703 4645 (85)
762 4573 1084 4646 ποιήσεσθαι
1134 4573 1195 4626 τὸ
1236 4574 1595 4644 ἐγχειρισθέψ
1646 4576 1742 4630 ἐάν

268 4731 316 4763 ’³
342 4729 499 4786 Joan.
534 4747 644 4791 xvi,
676 4732 776 4797 '55;
818 4730 1008 4786 Matth.
1044 4748 1099 4797 ι,
1135 4731 1223 4797 17,
1280 4732 1371 4788 22.

1848 4578 1973 4642 bus,
2012 4579 2091 4633 illi
2118 4579 2298 4635 simile
2325 4578 2563 4645 efﬁciat;
2593 4579 2739 4649 quod
2774 4578 2820 4633 si
2857 4593 2969 4633 non
3014 4578 3284 4644 valuerit,
3314 4594 3426 4632 non

1447 4733 1494 4765 ⁹¹⁵
1518 4730 1678 4787 Joan.
1707 4750 1738 4787 χ

1844 4734 1929 4789 25.
2006 4737 2050 4768 ’⁵
2077 4736 2212 4791 Dan.
2237 4754 2290 4799 ν,
2314 4736 2405 4791 25.
2481 4736 2526 4767 ⁹⁶
2542 4734 2731 4791 Matth.
2766 4752 2892 4791 xxv.
2960 4736 3004 4766 θ’
3030 4734 3162 4790 Luc.
3198 4751 3277 4801 ix,
3327 4736 3418 4792 26.

158 4802 208 4833 ’³
234 4802 427 4858 Matth.
469 4818 525 4866 x,
568 4801 755 4856 37-59.
827 4801 1073 4855 "Matth.
1123 4817 1237 4866 xvn,
1266 4801 1357 4857 26.
1429 4803 1496 4835 ¹⁰⁰
1526 4803 1903 4870 Mattli.x,28.

1494 4959 1853 5016 VARIORUM
1890 4962 2102 5017 ΝθΤλΕ

235 5117 351 5190 (75)
383 5118 638 5190 Ἄλλην.
686 5116 838 5172 Alter
881 5118 1100 5189 ἑτέραν,
1154 5130 1276 5186 quae
1305 5130 1466 5171 voces
1512 5117 1745 5173 confun-

162 5187 385 5244 duntur.
426 5187 592 5247 CLEB.
976 5187 983 5189 ‘

238 5258 354 5329 (76)
391 5260 651 5323 Ἀθλιος.
676 5258 824 5314 Alter
856 5257 980 5314 cod.
1010 5256 1160 5311 addit
1186 5255 1468 5378 huiqnvoci
1495 5259 1743 5326 φευκτός.

241 5398 357 5468 (77)
399 5400 578 5453 Ἀντί.
612 5399 762 5453 Alter
790 5398 914 5452 cod.
971 5397 1200 5468 ννεείὶείι
1234 5343 1460 5455 κέἷῗοίθο

242 5470 355 5539 ('78)
388 5469 498 5522 Kal
526 5468 922 5538 ἐπαισχυνθῇ.
955 5469 1080 5523 Haec
1101 5477 1153 5522 et
1174 5467 1283 5521 duo
1305 5483 1458 5537 seqq.
1483 5471 1746 5525 vocabula

1849 5122 1997 5184 ὅπως
2036 5120 2288 5192 Ἰωάννης
2320 5120 2628 5192 ἐϐάπτισεν,
2662 5120 2747 5192 ἵνα
2772 5118 2870 5192 τὴν
2914 5118 3120 5171 ἐκεῖθεν
3155 5117 3425 5192 ,αἰσχύνην

1851 5195 1918 5262 τῇ
1953 5189 2421 5264 ἐνταῦθαλφύγῃς.
2458 5190 2590 5256 Qua:
2617 5190 2781 5245 verba
2809 5189 2863 5242 in
2913 5189 3423 5264 AnaslasiiQurvst.

1853 5259 1917 5317 cf
1948 5261 2004 5325 6,
2054 5278 2105 5331 p.
2151 5259 2246 5324 62,
2287 5259 2547 5316 dicuntur
2574 5277 2694 5315 esse
2721 5276 2786 5314 ex
2817 5262 3065 5313 oratione
3109 5260 3160 5311 in
3195 5259 3421 5331 lumina,

1850 5329 2173 5455 perperaén;
2235 5347 2361 5385 cum
2414 5333 2526 5386 sint
2581 5331 2847 5386 orationis
2901 5332 2956 5384 in
3002 5337 3251 5385 sanctum
3291 5329 3426 5397 bap-

1850 5411 2034 5455 tisma.
2108 5418 2200 5455 or.

1850 5411 2034 5457 tisma.
2061 5411 2200 5458 Cor.

1924 5473 2035 5543 (80)
2067 5474 2170 5543 Ὃς
2219 5475 2291 5526 οὺ
2336 5472 2641 5543 λαμϐάξπει.
2688 5470 2813 5525 llzec
2860 5478 2913 5525 et
2955 5486 3107 5539 seqq.
3152 5466 3218 5521 ad
3266 5464 3427 5533 ἄξιος

170 5541 375 5612 desunt
420 5542 475 5594 in
524 5540 697 5595 altero
736 5539 883 5603 cod.,
918 5548 976 5593 ut
1028 5547 1081 5594 et
1128 5554 1283 5607 seqq.
1318 5540 1738 5612 ἐπαισχυνθήσο-

1856 5539 2055 5597 desunt
2084 5542 2136 5595 in
2170 5544 2341 5597 altero
2372 5539 2492 5597 cod.
2526 5542 2696 5597 Cum.

178 5627 306 5682 μαι.
337 5608 410 5664 lo.
1488 5608 1517 5610 7‘
1642 5608 1652 5612 ’

179 5751 202 5761 ᾖ
247 5679 370 5761 (78).
398 5679 1005 5761 Ἐπαέὶσχυνᾷήσομαι.
1032 5677 1339 5761 Eleganter,
1370 5681 1747 5761 untnoniniaj-

176 5751 501 5855 θεορρήμων
534 5749 829 5853 Cgegorius
850 5750 1009 5855 N‘azu
1040 5765 1123 5805 or.
1139 5749 1245 5855 ἑο,
1274 5764 1348 5830 .p.
1391 5749 1516 5855 65,7,
1541 5750 1587 5802 A
1613 5751 1743 5855 ἱρῷ-ι

180 5818 500 5892 ἁπὰξιῶσῃς
557 5818 910 5892 ἐξαγορεῦσαι
961 5836 1053 5871 σου
1106 5820 1205 5892 τὴν
1263 5818 1534 5890 ἁμαρτίαν
1590 5818 1745 5885 εἰδὼς

1929 5613 2040 5683 (81)
2071 5614 2183 5666 Καὶ
2210 5614 2532 5681 ἐμπειρίας.
2567 5612 2783 5683 Desunt
2892 5610 3063 5683 altero
3083 5607 3206 5664 cod.
3239 5603 3316 5662 lo.

1927 5678 2039 5752 (82)
2063 5678 2264 5749 Ζηλοῗ.
2291 5678 2444 5736 Alter
2470 5683 2594 5736 cod.
2628 5681 2934 5752 σπουδάζει.
2963 5678 3035 5735 In.

1928 5749 2041 5828 (85)
2072 5753 2263 5819 Αὐτῷ.
2298 5752 2460 5809 Deest
2496 5753 2552 5808 in
2582 5754 2773 5807 altero.
2807 5749 2883 5806 In.
