3876 6188
450 284 559 342 835

1296 286 1353 341 S.
1394 285 1787 343 CLEMENTIS
1830 288 1849 341 Ι
1890 285 2055 341 ROM.
2099 286 2299 342 PONT.
2342 284 2575 343 ()PERA
2612 284 2838 346 DUBIA.

3592 292 3699 347 836

450 407 538 455 est
580 400 635 453 in
682 413 846 469 opere
885 399 1181 469 perfectus.
1224 399 1289 453 Et
1335 415 1435 455 nos
1492 401 1656 471 igitur
1700 400 2021 468 magistrum

2133 402 2204 472 μὴ
2252 402 2531 475 ὲξισχύσῃ,
2563 404 2661 456 οὐκ
2713 402 2827 456 ἐστι
2880 401 3293 473 τετελειωμένος
3332 404 3390 455 ὲν
3418 403 3495 474 τῷ
3528 404 3698 475 ἔργῳ-

454 492 718 545 habentes
790 490 1077 545 Dominum
1144 499 1392 545 nostrum
1468 489 1652 545 Jesum
1716 488 2017 555 Christum,

452 597 621 652 quare
652 581 955 636 doctrinam
996 582 1115 651 ejus
1156 598 1265 635 non
1298 582 1611 636 imitamur?
1632 580 1899 647 Quoniam
1932 582 2021 636 ille

453 673 670 741 quidem
697 674 1029 727 renuntiavit
1051 674 1302 736 licentiaa,
1322 674 1552 734 deliciis.
1571 674 1777 744 gloriae,
1792 672 2019 737 divitiis,

454 763 641 828 fastui,
675 765 931 833 potentias
983 765 1191 828 ultrici,
1244 766 1406 819 matri
1465 780 1530 819 ac
1586 765 1869 827 fratribus,
1904 772 2019 818 tum

454 855 616 909 etiam
661 856 891 925 proprize
942 856 1099 921 vitae;
1135 855 1300 926 idque
1346 856 1417 910 ob
1454 856 1709 925 pietatem
1754 870 1884 925 erga
1919 855 2024 908 Pa-

454 956 614 1010 trem,
637 955 691 1001 et
722 948 793 1000 ob
823 947 1213 1017 benignitatem
1250 948 1302 1000 in
1332 962 1467 1013 nos;
1501 962 1697 1017 passus
1728 962 1833 1001 non
1861 948 2021 1001 modo

457 1039 890 1107 persecutionem
942 1054 1025 1091 ac
1065 1040 1315 1101 verbera,
1364 1038 1718 1108 ignominiam
1769 1053 1833 1091 ac
1880 1038 2021 1092 ludi-

457 1130 658 1192 brium,
685 1130 777 1184 sed
801 1131 980 1197 etjam
1011 1131 1440 1199 compactionem
1482 1130 1547 1183 ad
1584 1130 1789 1199 lignum
1816 1130 2018 1194 crucis,

462 1236 573 1289 quo
602 1220 819 1276 Judmos
851 1223 1185 1291 gentilesque
1229 1238 1325 1291 per
1360 1222 1734 1291 paenitentiam
1766 1222 2018 1277 salvaret.

460 1312 518 1365 Si
550 1328 681 1382 ergo
723 1314 813 1367 ille
845 1314 1018 1367 nostri
1058 1315 1231 1383 gratia
1268 1314 1599 1367 renuntiavit
1628 1316 1750 1368 vita:
1780 1316 1927 1367 molli
1960 1330 2023 1369 ac

456 1404 672 1473 quieue,
693 1420 793 1458 nec
819 1406 1036 1460 erubuit
1064 1421 1304 1469 crucem,
1330 1420 1430 1460 nec
1460 1413 1687 1459 mortem
1717 1420 1838 1460 esse
1870 1406 2025 1475 igno-

456 1495 746 1550 miniosam
776 1497 1140 1562 existimavit;
1174 1513 1278 1566 qua
1308 1497 1378 1551 de
1406 1511 1570 1551 causa
1610 1512 1711 1549 nos
1740 1496 2025 1565 passiones

464 1586 587 1653 ejus
640 1603 747 1640 non
796 1587 1094 1650 imitamur,
1146 1596 1195 1642 et
1232 1596 1452 1657 propter
1492 1603 1638 1649 eum,
1673 1588 1773 1657 ipsi
1810 1603 2026 1657 quoque

458 1679 583 1731 vitae
647 1686 848 1733 nostra:
896 1680 1147 1733 nuntium
1202 1695 1309 1732 non
1358 1675 1708 1743 remittimus,
1765 1680 2026 1749 largiente

2122 494 2231 546 Καὶ
2259 495 2417 564 ἡμεῖς
2445 493 2557 556 οὖν,
2591 495 2802 564 ἔχοντες
2845 494 3162 547 διδάσκαλον
3188 494 3279 548 τὸν
3310 495 3514 565 Κύριον
3545 498 3704 566 ἡμῶν

2136 585 2340 656 Ἰησοῦν
2379 586 2469 638 τὸν
2502 586 2753 657 Χριστὸν,
2784 586 2873 639 διὰ
2901 587 2953 639 τί
2980 587 3041 638 οὑ
3075 586 3383 656 μιμούμεθα
3405 588 3506 657 τὴν
3535 588 3705 641 αὑτοῦ

2121 676 2373 747 διδαχήν;
2406 678 2487 730 ὅτι
2516 679 2721 741 ἐκεῖνος
2771 678 2868 748 μὲν
2917 678 3223 743 ἀπετάξατο
3264 680 3464 743 ἀνέσει,
3492 686 3707 753 τρυφῇ,

2121 768 2267 841 δόξῃ,
2301 769 2537 839 πλούτῳ,
2584 769 2757 839 τύφῳ,
2806 770 3029 839 δυνάμει
3076 774 3366 842 ἀμυντικῇ,
3402 773 3578 843 μητρὶ
3614 776 3711 825 καὶ

2123 860 2389 928 ἀδελφοῖς,
2420 861 2519 931 ήδη
2550 860 2606 913 δὲ
2635 862 2729 914 καὶ
2758 864 2825 931 τῇ
2853 861 3027 931 οίκείᾳ
3054 860 3289 933 ζωῇ,διά
3319 862 3417 932 τὴν
3446 864 3589 933 πρὸς
3614 865 3713 915 τὸν

2124 951 2341 1021 Πατέρα
2376 952 2655 1005 εὐσέϐειαν
2685 952 2818 1022 (84),
2851 954 2943 1005 καὶ
2987 954 3083 1023 τὴν
3112 956 3191 1017 είς
3218 954 3362 1022 ἡμᾶς
3392 953 3713 1025 φιλανθρωα

2124 1043 2274 1105 πίαν,
2308 1045 2605 1114 ὑπομείνας
2624 1045 2682 1097 ού
2708 1045 2865 1114 μόνον
2893 1045 3129 1114 διωγμὸν
3159 1047 3253 1097 καὶ
3271 1046 3380 1115 (85)
3400 1046 3711 1116 μάστιγας,

2125 1136 2424 1206 ὀνειδισμὸν
2454 1137 2545 1189 καὶ
2578 1136 2909 1207 ἐμπαιγμὸν,
2941 1137 3054 1189 ἀλλ’
3085 1137 3185 1206 ἤδη
3210 1138 3305 1190 καὶ
3334 1138 3432 1207 τὴν
3473 1137 3617 1207 πρὸς
3646 1136 3717 1188 τὸ

2124 1228 2279 1293 ξύλον
2320 1226 2623 1298 πρόσπηξιν
2656 1227 2789 1298 (86),
2820 1229 2966 1289 ὅπως
3007 1228 3285 1291 Ἰουδαίους
3312 1229 3403 1281 καὶ
3436 1228 3717 1299 Ἕλληνας

2129 1319 2563 1388 μετανοήσαντας
2609 1317 2778 1390 σώσῃ.
2810 1320 2873 1371 Εἰ
2902 1314 2995 1372 οὖν
3032 1318 3190 1382 αὐτὸς
3216 1319 3281 1371 δι’
3313 1320 3459 1389 ἡμᾶς
3496 1320 3722 1373 ἀτητά-

2115 1406 2243 1472 ξατο
2264 1408 2593 1475 ἀναπαύσει,
2628 1408 2702 1480 μὴ
2731 1409 3109 1479 ἐπαισχυνθεὶς
3132 1409 3381 1480 σταυρὸν,
3410 1408 3483 1478 μὴ
3515 1408 3721 1480 ἀδοξῇ-

2117 1517 2215 1563 σας
2234 1502 2325 1554 τὸν
2341 1501 2592 1565 θάνατον,
2616 1501 2761 1564 τίνος
2781 1501 2966 1554 ἕνεκεν
2992 1502 3151 1571 ἡμεῖς
3176 1503 3286 1571 (87)
3303 1501 3363 1553 ού
3383 1502 3716 1571 μιμούμεθα

2127 1592 2291 1645 αὑτοῦ
2341 1592 2411 1645 τὰ
2454 1592 2623 1663 πάθη,
2656 1594 2751 1645 καὶ
2793 1593 3210 1663 ἀποτασσόμεθα
3247 1594 3385 1663 ὑπὲρ
3413 1593 3581 1645 αὑτοῦ
3615 1595 3720 1644 καὶ

2128 1685 2265 1755 αὐτῇ
2297 1686 2362 1754 τῇ
2396 1684 2508 1753 ζωῇ
2555 1683 2732 1753 ἡμῶν,
2760 1684 2993 1745 διδόντος
3049 1684 3211 1736 αὑτοῦ
3272 1686 3399 1754 ἡμῖν
3440 1684 3539 1753 τὴν
3573 1685 3721 1735 ὑπο-

456 1771 616 1824 ιιυιιὶε
656 1771 774 1841 ipso
797 1771 1175 1826 tolerantiam?
1194 1770 1286 1824 llle
1315 1771 1458 1825 enim
1483 1781 1669 1824 nostra
1698 1784 1891 1837 causa;
1925 1787 2027 1825 nos

2134 1752 2360 1845 μονην,
2410 1752 2643 1838 signa;
2700 1776 2797 1845 μὲν
2853 1776 2961 1846 γὰρ
3010 1776 3074 1828 δι’
3104 1777 3249 1845 ἡμᾶς
3280 1752 3413 1843 (88),
3459 1752 3624 1844 ἡμεῖς
3652 1775 3719 1826 δὲ

457 1881 585 1919 vero
615 1872 835 1935 propter
875 1880 975 1919 nos
1020 1865 1190 1933 ipsos.
1218 1862 1403 1933 Neque
1426 1863 1570 1917 enim
1610 1863 1770 1917 nobis
1798 1863 2025 1934 indiget,

462 1958 557 2011 sed
610 1974 708 2013 nos
757 1959 931 2027 ipsius
972 1956 1349 2010 misericordia
1405 1956 1729 2025 indigemus.
1789 1955 2025 2011 Tantum

454 2065 584 2104 vero
602 2066 631 2103 a
657 2049 813 2103 nobis
835 2049 1075 2119 postulat
1104 2049 1262 2101 Iidem
1289 2048 1558 2102 sinceram
1576 2055 1628 2101 et
1643 2048 2024 2102 voluntariam.

454 2140 919 2207 Quemadmodum
942 2141 1016 2195 ait
1047 2139 1327 2208 Scriptura
1350 2139 1366 2169 ί
1398 2157 1411 2193 :
1449 2156 1468 2189 ι
1502 2138 1557 2191 Si
1578 2140 1760 2207 justus
1790 2154 1870 2202 es,
1896 2140 2023 2209 quid

454 2231 613 2287 dabis
655 2232 745 2299 ei;
807 2241 900 2287 aut
948 2232 1078 2303 quid
1110 2232 1177 2286 de
1238 2245 1404 2284 manu
1453 2240 1545 2284 tua
1592 2231 1861 2301 accipiet?
1896 2230 2028 2286 Viro

453 2323 621 2377 simili
664 2324 743 2378 tui
790 2323 1038 2395 impietas
1083 2334 1193 2385 tua,
1246 2332 1298 2376 et
1363 2320 1476 2376 filio
1529 2322 1767 2379 hominis
1812 2324 2027 2393 justitia

456 2424 569 2470 tua.
602 2436 622 2468 ι

1058 2507 1289 2563 CAPUT
1329 2508 1420 2564 Ἦ.

456 2598 609 2667 Quod
649 2609 847 2669 oportet
881 2600 1084 2669 ﬁdelem
1113 2619 1272 2672 neque
1312 2601 1646 2655 temerarium
1680 2616 1791 2672 esse
1817 2609 2027 2668 propter

524 2672 889 2733 securitatem,
916 2688 1072 2737 neque
1104 2671 1463 2726 meticulosum
1492 2680 1701 2740 propter
1725 2671 1986 2739 ignaviam
2004 2684 2022 2721 :

526 2741 615 2793 sed
646 2742 822 2809 fugere
848 2752 1058 2808 propter
1080 2744 1411 2802 cantionem;
1440 2752 1487 2794 et
1510 2757 1628 2792 cum
1658 2742 1710 2792 in
1733 2742 2022 2808 periculum

528 2810 787 2875 inciderit,
820 2816 1086 2865 decertare
1108 2812 1169 2865 ob
1193 2814 1473 2879 repositam
1501 2827 1770 2864 coronam.

525 2900 923 2957 Renuntiemus
968 2917 1095 2973 ergo
1134 2904 1475 2973 parentibus,
1508 2902 1778 2973 cognatis,
1808 2901 2021 2967 amicis,

455 2994 635 3057 uxori,
662 2993 867 3057 liberis,
902 2995 1360 3063 possessionibus,
1412 3003 1465 3048 et
1492 2994 1748 3049 omnibus
1778 2994 1901 3047 vita:
1928 2993 2023 3048 bo-

2127 1867 2192 1919 δι⁹
2250 1867 2491 1930 ἑαυτούς.
2524 1868 2599 1919 Οὐ
2648 1866 2753 1937 ’γὰρ
2806 1868 2995 1937 χρῄζει
3024 1868 3178 1937 ἡμῶν
3223 1867 3402 1928 αὐτὸς,
3447 1867 3612 1936 ἡμεῖς
3653 1866 3723 1917 δὲ

2127 1958 2221 2012 τοῦ
2277 1960 2461 2023 ὲλέους
2515 1960 2680 2013 αὑτοῦ
2713 1959 2844 2029 (89).
2890 1960 3065 2012 Μόνον
3105 1959 3163 2011 δὲ
3215 1958 3276 2010 τὸ
3328 1959 3426 2027 τῆς
3472 1958 3722 2017 πίστεως

2128 2052 2283 2122 ἡμῶν
2355 2054 2576 2123 γνήσιον
2632 2052 2879 2121 ἐπιζητεῖ
2921 2052 3015 2104 καὶ
3073 2050 3389 2121 αὐθαίρετον
3434 2049 3567 2117 (90).
3614 2049 3720 2109 ’Ὡς

2128 2160 2291 2213 φησιν
2337 2145 2370 2213 ὴ
2422 2144 2683 2214 Γραφή²ι
2720 2144 2782 2195 Εἰ
2809 2142 3014 2204 δίκαιος
3071 2138 3137 2204 εἴ,
3189 2141 3241 2194 τί
3290 2140 3479 2202 δώσεις
3535 2140 3716 2208 αὐτῷ,

2127 2234 2159 2303 ἢ
2193 2234 2243 2287 τί
2304 2236 2369 2287 ὲκ
2422 2235 2604 2306 χειρός
2659 2252 2752 2287 σου
2811 2235 3072 2305 λήψεται;
3102 2234 3255 2305 ἀνδρὶ
3294 2233 3371 2302 τῷ
3408 2232 3583 2302 ὁμοίῳ
3616 2248 3716 2283 σου

2127 2326 2160 2396 ἡ
2193 2325 2416 2380 ἀσέϐειά
2448 2326 2557 2397 (91)
2592 2343 2707 2389 σου,
2740 2326 2833 2379 καὶ
2862 2326 2963 2397 υίῷ
2992 2325 3277 2398 ἀνθρώπου
3322 2327 3353 2395 ἡ
3393 2324 3718 2396 δικαιοσύνη

2129 2436 2245 2471 σου.
2288 2436 2306 2470 ι

2647 2510 3041 2564 κειιΑΛΑιοΝ
3078 2513 3169 2577 ον.

2126 2606 2245 2658 ’Ότι
2269 2601 2387 2673 χρὴ
2412 2601 2520 2655 τόν
2545 2602 2768 2673 πιστὸν
2794 2603 2948 2673 μήτε
2967 2599 3417 2673 ῥιψοκίνδυνον,
3437 2596 3597 2673 εἶναι
3636 2601 3719 2673 δι’

2195 2670 2555 2741 ἀάᾴιυειαν,
2597 2672 2749 2741 μήτε
2785 2670 3023 2740 περιδεῆ
3068 2671 3141 2723 δι’
3172 2670 3515 2741 ἀνανδρίαν·
3548 2671 3719 2723 ἀλλὰ

2196 2740 2294 2796 καὶ
2347 2740 2718 2811 φεύγεινλδΐ
2772 2741 3121 2802 εὐλάϐειαν,
3180 2740 3271 2793 καὶ
3330 2741 3717 2811 ἐμπεσόντα,

2193 2809 2581 2881 ἀγωνίζεσθαι
2610 2810 2705 2863 διὰ
2735 2812 2840 2863 τὸν
2866 2810 3260 2878 ἀποκείμενον
3288 2809 3616 2877 στέφανον.

2206 2904 2401 2957 Ἀποτα
2410 2902 2621 2973 ξώμεθα
2631 2898 2721 2955 οὖν
2735 2903 2826 2954 καὶ
2836 2901 3070 2971 γονεῦσι,
3090 2902 3181 2953 καὶ
3198 2902 3501 2969 συγγενέσι,
3519 2902 3617 2953 καί
3629 2901 3689 2969 φῖ
3705 2931 3722 2941 -

2122 2995 2253 3061 λοις,
2270 2996 2362 3049 xu).
2376 2996 2609 3062 γυναικὶ,
2626 2993 2853 3065 [τέκνοις
2869 2992 2933 3065 ν]
2950 2993 3041 3046 καὶ
3057 2994 3319 3062 κτήμασι,
3335 2994 3427 3046 καὶ
3444 2993 3725 3062 σύμπαντι

454 3086 794 3155 nis,quando
823 3100 1009 3139 eorum
1040 3085 1242 3155 aliquid
1270 3086 1656 3156 impedimento
1688 3085 1789 3139 erit
1812 3084 2019 3154 pietati.

2133 3086 2203 3156 τῷ
2222 3086 2341 3157 βίῳ,
2364 3087 2491 3139 ὅταν
2582 3104 2634 3138 τι
2662 3084 2867 3138 τούτων
2896 3084 3121 3155 κώλυμα
3143 3084 3277 3154 πρὸς
3307 3083 3608 3137 εὐσέϐειαν.
3630 3086 3722 3136 Δεῖ

456 3175 736 3247 Siquidem
764 3191 922 3232 orare
944 3178 1223 3241 debemus,
1252 3192 1319 3231 ne
1349 3176 1717 3248 iugrediamur
1754 3176 1809 3229 in
1851 3182 2027 3230 tenta-

455 3271 679 3325 tionem.
706 3268 860 3336 Quod
886 3270 933 3325 si
966 3269 1033 3324 ad
1059 3270 1381 3339 martyrium
1410 3284 1690 3335 vocemur,
1718 3276 1931 3337 oportet
1970 3278 2028 3322 ut

455 3378 579 3416 cum
620 3362 940 3417 fortitudine
986 3372 1040 3417 et
1075 3362 1385 3418 constantia
1415 3362 1795 3416 honorandum
1829 3376 2026 3415 nomen

457 3457 815 3511 confiteamur
857 3473 871 3509 :
914 3462 969 3508 et
1010 3456 1055 3509 si
1087 3454 1209 3509 ideo
1242 3454 1309 3507 ad
1354 3453 1682 3523 supplicium
1723 3453 2025 3514 mittamur,

458 3548 788 3619 gaudeamus
826 3558 1081 3617 tanquam
1111 3548 1202 3615 qui
1231 3545 1297 3599 ad
1339 3544 1802 3599 immortalitatem
1836 3558 2030 3612 prope-

460 3656 663 3695 ramus.
690 3640 826 3695 Cum
862 3644 1294 3708 persecutionem
1320 3637 1578 3705 patimur,
1607 3650 1675 3689 ne
1697 3634 1856 3705 quasi
1883 3634 1936 3686 in
1973 3650 2031 3687 re

461 3748 600 3787 nova
622 3747 686 3785 ac
706 3729 944 3784 inaudita
971 3739 1305 3798 stupeamus.
1332 3726 1449 3781 Non
1473 3726 1763 3796 diligamus
1792 3741 2031 3794 praesens

463 3823 744 3887 sarculum,
775 3836 951 3889 neque
990 3820 1180 3874 laudes
1209 3820 1277 3873 ab
1304 3818 1637 3878 hominibus,
1670 3831 1847 3885 neque
1880 3816 2031 3885 prin-

462 3915 644 3984 cipum
672 3913 914 3966 virorum
948 3910 1176 3981 gloriam
1202 3917 1255 3963 et
1284 3910 1544 3963 honorem
1568 3927 1583 3975 ;
1610 3910 1753 3964 sicut
1784 3910 2033 3963 nonnulli

2128 3178 2236 3250 γὰρ
2266 3178 2657 3251 προσεύχεσθαι
2691 3179 2786 3248 μὲν
2815 3179 2984 3248 ἡμᾶς,
3032 3177 3119 3229 ἴνα
3152 3176 3224 3247 μὴ
3273 3175 3605 3245 εἰσέλθωμεν
3640 3178 3722 3237 εἰς

2130 3270 2452 3341 πειρασμόν.
2500 3270 2623 3323 Ἐὰν
2666 3270 2722 3322 δὲ
2772 3270 3058 3340 κληθῶμεν
3104 3271 3183 3332 είς
3215 3268 3546 3339 μαρτύριον,
3584 3267 3725 3338 μετά

2128 3365 2430 3426 ὲνστάσεως
2475 3363 2755 3432 ὁμολογεῖν
2786 3362 2897 3433 (92)
2942 3361 3003 3413 τὸ
3030 3361 3210 3431 τίμιον
3256 3360 3423 3430 ὄνομα
3450 3377 3463 3389 ·
3502 3362 3598 3412 καὶ
3628 3360 3724 3412 ἐὰν

2128 3456 2317 3508 τούτου
2354 3454 2513 3525 χάριν
2544 3454 2923 3524 κολασθῶμεν,
2971 3453 3249 3523 χαίρωμεν
3285 3452 3361 3513 ὼς
3402 3452 3496 3502 ἐπὶ
3523 3451 3726 3502 ἀθανα-

2131 3548 2251 3601 σίαν
2300 3546 2617 3608 σπεύδοντες
2649 3546 2779 3615 (95).
2822 3546 3148 3616 Διωκόμενοι
3175 3586 3189 3611 ,
3235 3543 3309 3614 μὴ
3358 3542 3721 3612 ξενιζώμεθα.

2132 3640 2222 3711 Μὴ
2278 3639 2387 3710 (94)
2448 3639 2821 3708 ἀγαπήσωμεν
2876 3637 2968 3689 τὸν
3016 3635 3111 3689 νῦν
3153 3635 3357 3699 αἰῶνα,
3406 3634 3541 3704 μηδὲ
3595 3635 3723 3691 τοὺς

2134 3731 2285 3802 παρά
2312 3730 2612 3802 ἀνθρώπων
2653 3728 2940 3793 ἐπαίνους,
2992 3726 3123 3799 μηδὲ
3152 3726 3248 3797 τὴν
3288 3726 3397 3779 τῶν
3442 3725 3725 3796 ἀρχόντων

2132 3826 2286 3890 δόξαν
2316 3825 2408 3878 καὶ
2439 3823 2548 3895 (95)
2576 3822 2774 3893 τιμὴν,
2818 3820 3067 3889 καθάπερ
3108 3819 3201 3870 καί
3240 3834 3386 3879 τινες
3435 3817 3546 3869 τῶν
3591 3817 3722 3869 ’1ου-

2132 3917 2295 3971 δαίων
2318 3959 2333 3982 ,
2364 3916 2735 3985 θαυμάζοντες
2773 3912 2867 3965 τοῦ
2898 3912 3102 3982 Κυρίου
3132 3910 3231 3973 τὰς
3270 3910 3550 3981 ἐνεργείας
3572 3952 3588 3973 ,
3621 3909 3724 3962 οὐκ

459 4003 630 4059 Judaei
652 4044 667 4068 ,
706 4018 829 4058 cum
860 4001 1073 4056 Domini
1114 4016 1278 4071 opera
1309 4000 1732 4065 admirarentur,
1766 4018 1875 4055 non
1915 4017 2035 4055 creo

460 4096 718 4151 diderunt
762 4096 817 4148 in
847 4110 1007 4158 eum,
1043 4103 1185 4147 metu
1229 4094 1545 4163 pontificum
1595 4094 2036 4164 reliquorumque

2135 4010 2415 4061 ἐπίστευον
2443 4010 2523 4070 εἰς
2553 4007 2715 4060 αὐτὸν
2734 4049 2749 4072 ,
2779 4006 2928 4075 φόϐῳ
2954 4003 3033 4073 τῷ
3066 4003 3202 4073 πρὸς
3242 4004 3368 4065 τοὺς
3408 4003 3686 4073 ἀρχιερεῖς
3705 4044 3720 4066 ,

2136 4102 2230 4155 καὶ
2275 4101 2399 4163 τοὺς
2427 4100 2645 4161 λοιποὺς
2688 4097 2795 4149 τῶν
2845 4097 3119 4167 ἀρχόντων
3142 4112 3154 4123 ·
3193 4114 3211 4145 ‹
3255 4094 3575 4162 Ἠγάπησαν
3615 4092 3727 4162 γὰρ

460 4189 826 4257 optimatum:
871 4204 889 4237 ι
922 4185 1238 4239 Dilexerunt
1288 4186 1430 4240 enim
1480 4186 1707 4255 gloriam
1754 4186 2033 4240 hominum

2136 4193 2234 4263 τὴν
2262 4192 2418 4257 δόξαν
2449 4190 2555 4243 τῶν
2586 4189 2886 4261 ἀνθρώπιον
2919 4186 3116 4258 μᾶλλον
3145 4187 3289 4256 ἤπερ
3314 4186 3413 4255 τὴν
3442 4184 3600 4247 δόξαν
3629 4184 3722 4235 τοῦ

458 4278 653 4349 magis,
678 4293 840 4348 quam
871 4277 1100 4347 gloriam
1123 4275 1213 4331 Dei
1236 4278 1277 4331 ’.
1314 4297 1330 4328 ι
1359 4277 1586 4341 Quando
1615 4288 1796 4333 autem
1838 4279 2035 4333 bonam

2138 4283 2291 4336 Θεοῦ.
2325 4301 2343 4334 ι
2389 4282 2851 4352 Ὀμολογήσαντες
2889 4280 2946 4332 δὲ
2972 4279 3071 4349 τὴν
3120 4277 3287 4347 καλὴν
3316 4276 3633 4347 ὁμολογίαν,
3663 4276 3725 4327 οὐ

459 4370 859 4426 confessionem
890 4370 1235 4433 confitemur,
1269 4386 1377 4424 non
1418 4371 1580 4424 modo
1610 4386 1711 4425 nos
1738 4371 1884 4441 ipsos
1920 4387 2039 4425 ser-

2144 4376 2303 4446 μόνον
2332 4376 2559 4437 ἑαυτοὺς
2590 4372 2856 4444 σώζομεν,
2886 4372 3021 4425 ἀλλά
3058 4372 3150 4424 καὶ
3178 4372 3304 4433 τοὺς
3331 4368 3726 4437 νεοφωτίστους

459 4479 651 4517 vamus
672 4502 687 4527 ,
716 4462 809 4517 sed
843 4469 897 4516 et
927 4477 1119 4516 recens
1148 4462 1451 4532 baptizatos
1484 4463 1903 4527 conlirmamus,
1946 4472 2031 4515 at-

2142 4465 2481 4537 βεϐαιοῦμεν,
2513 4466 2607 4519 καὶ
2633 4467 2759 4527 τοὺς
2779 4463 3214 4534 κατηχουμένους
3236 4459 3718 4529 πιστοποιούμεθα.

459 4574 565 4627 que
601 4555 1021 4610 catechumenos
1054 4555 1108 4608 in
1140 4554 1243 4609 ﬁde
1278 4555 1589 4609 statuimus.
1636 4554 1736 4609 Sin
1764 4571 1894 4610 vero
1932 4555 2035 4608 ali-

2140 4559 2204 4610 Εἰ
2248 4558 2303 4610 δὲ
2350 4556 2681 4626 καθυφῶμέν
2720 4573 2772 4607 τι
2800 4556 2901 4624 τῆς
2944 4554 3249 4624 ὁμολογίας,
3290 4553 3723 4624 ὲξαρνησάμενοι

458 4646 592 4716 quid
621 4647 689 4701 de
714 4644 1061 4701 confessione
1105 4646 1480 4702 remiserimus
1500 4686 1515 4711 ,
1547 4655 1741 4717 negata
1773 4647 2035 4717 religione

2139 4650 2236 4720 τὴν
2291 4648 2571 4702 εὐσέϐειαν
2616 4648 2704 4701 διὰ
2748 4647 2973 4718 γνώμης
3029 4647 3369 4717 χαυνότητα,
3416 4647 3513 4697 καὶ
3560 4645 3723 4713 φόϐον

461 4736 555 4792 Dei
575 4738 646 4792 ob
673 4738 837 4791 animi
868 4738 1147 4792 mollitiem
1178 4746 1232 4792 et
1257 4738 1590 4795 brevissimae
1609 4755 1783 4811 pcena:
1807 4748 2033 4808 metum,

2145 4740 2490 4813 βραχυτάτης
2518 4739 2787 4811 τιμωρίας
2806 4779 2820 4805 ,
2851 4738 2912 4791 οὺ
2946 4738 3106 4809 μόνον
3137 4740 3360 4799 ἑαυτοὺς
3388 4737 3727 4808 ἀποστεροῖμ

525 4896 540 4926 ¹
571 4892 674 4947 Job
727 4911 889 4950 xxxv.
925 4894 977 4947 7.
1049 4893 1088 4923 ¹⁶
1124 4889 1235 4962 lloe
1265 4890 1489 4945 verbum
1526 4893 1924 4962 supplevimus,
1957 4890 2128 4961 quod,
2160 4891 2244 4944 vel
2278 4890 2433 4962 _aliud
2478 4890 2677 4962 simile.
2714 4888 3027 4943 inconsulte
3057 4887 3325 4942 omissum
3353 4886 3576 4942 videtur
3608 4889 3727 4944 :si-

462 4965 682 5036 quidem
712 4965 781 5019 ab
805 4966 1097 5033 interprete
1122 4960 1316 5015 Latine
1342 4977 1559 5016 versum
1583 4959 1686 5017 est.
1718 4962 1875 5015 Eorr.
1909 4959 2151 5016 ινιτιιοι..
2222 4962 2243 4990 ⁸
2269 4959 2427 5014 Joan.
2460 4976 2559 5025 xu,
2599 4960 2690 5014 4'5.

1772 5099 2135 5158 VARIORUM
2172 5100 2403 5157 ΝΟΤᾸΞ.

535 5246 649 5317 (84)
684 5246 1029 5317 Εὐσέϐειαν.
1051 5245 1371 5317 εὙπακοήν,
1402 5242 1458 5295 in
1483 5242 1690 5317 _altero._
1713 5240 1879 5296 Cum.

2156 5313 2167 5317 _
2225 5242 2338 5313 (91)
2376 5240 2659 5317 Ἀσέὄειιι.
2694 5237 2844 5317 Alter
2863 5236 3134 5317 εύσέϐεια,
3175 5234 3392 5317 melius,
3420 5235 3464 5290 si
3491 5239 3723 5317 seorsim

537 5306 650 5388 (85)
681 5316 942 5388 Διωγμὸν
970 5317 1087 5388 καί.
1125 5306 1329 5388 Desunt
1350 5314 1413 5388 _in
1446 5313 1639 5388 altero.
1674 5312 1751 5366 lo.
1980 5382 1991 5388 _
2146 5306 2389 5388 _leg'atuL
2410 5307 2834 5388 s_ent_entia;__se_d
2891 5306 3508 5388 lectionemuvulgarem
3542 5315 3727 5362 tuetur

538 5374 650 5457 (86)
680 5374 877 5457 Ξύλίξν
934 5385 1293 5453 πρόσπηξιν.
1350 5382 1408 5437 ln
1458 5383 1629 5438 altero
1678 5389 1763 5437 est
1805 5382 2038 5455 σταυρὸν

2146 5374 2315 5457 lectio
2346 5380 2596 5457 Hebraici
2634 5377 2842 5457 codicis
2870 5386 2925 5431 et
2951 5384 3084 5457 vett:
3119 5374 3243 5457 ln_tt.
3268 5374 3327 5457 lo

468 5445 785 5527 ἀνάρτήσιν.
819 5454 895 5527 lo.
951 5445 990 5527 ξ
1271 5523 1284 5527 _
1464 5520 1482 5527 ,
1944 5445 1956 5455 ’

2215 5453 2324 5521 (92)
2376 5448 2735 5527 Ὀμολοτεῖις.
2783 5446 2931 5501 Alter
2981 5447 3107 5502 cod.
3164 5445 3628 5516 ὁμολογήσωμεν,
3666 5457 3723 5503 ut

564 5475 573 5510 ι
643 5474 785 5527 ησιν.
820 5474 895 5511 ID.

564 5474 653 5595 ᾖ)
702 5526 916 5595 Ἡμεῖς.
951 5524 1112 5595 Deest
1142 5523 1197 5595 in
1238 5523 1428 5595 altero.
1464 5520 1539 5595 lo.
1868 5591 1879 5595 _

2215 5474 2324 5521 (az;
2396 5474 2735 5519 υμυνιυτδιν.

2142 5531 2333 5595 postea
2376 5520 2671 5595 χείρυξμενι
2709 5516 2784 5571 ID-

564 5536 629 5580 δῖ
702 5536 916 5595 Ἡμεῖς.
952 5536 1112 5579 Deest
1142 5539 1197 5576 in
1238 5536 1428 5576 altero.
1465 5536 1539 5577 Io.

564 5536 654 5668 88)
691 5595 890 5668 Ἠμᾶς.
926 5594 1090 5668 Addit
1136 5594 1291 5668 alter
1315 5592 1485 5668 codex
1515 5591 1840 5668 ἀπετάξατο.
1866 5591 1942 5649 In.

2142 5536 2333 5591 postea
2376 5536 2671 5638 zutptogav.
2709 5536 2784 5571 ιι).
2978 5586 2989 5600 ο
3204 5586 3216 5598 .

2366 5594 2561 5668 ’ξςτειί
2588 5604 2779 5668 (Krec.
2812 5586 3172 5668 Ιςαλουμενοι,
3204 5602 3259 5668 ιιι
3289 5586 3463 5641 altero
3488 5585 3615 5642 cod.
3646 5584 3721 5643 lo.

564 5654 655 5731 89)
686 5654 899 5720 Ᾱῦτοῧ.
924 5663 1086 5717 Addit
1112 5664 1247 5717 alter
1269 5662 1515 5731 δεόμεθα.
1550 5661 1626 5717 lo.
1704 5654 1720 5659 ⁷

2209 5654 2321 5731 (94)
2359 5659 2475 5724 Μή.
2509 5654 2979 5731 Μηδέᾐίιι-εοᾱεηι,
3004 5654 3175 5731 recte.
3207 5655 3261 5707 lo

543 5724 657 5806 (90)
681 5736 1054 5803 AI'JOa’pt-Itor.
1087 5732 1144 5788 In
1165 5734 1335 5791 altero
1359 5724 1663 5804 ὲιλικρινές,
1690 5742 1854 5791 recte.
1878 5730 1957 5789 lo.

2210 5724 2319 5804 (95)
2358 5731 2548 5798 Δόξαν
2576 5724 2695 5783 aut.
2730 5726 2935 5783 Desunt
2968 5727 3023 5781 in
3052 5728 3244 5784 altero.
3274 5724 3351 5795 In.
