3876 6188
259 281 363 337 8ὖῖ
1138 282 1739 341 CONSTITUTlONES
1779 285 2462 342 ΛΡΟΒΤΟΙᾸΟλλΕμ-ΙΛΒ,
2507 285 2569 339 ν.
2594 294 2598 299 ’
3400 290 3505 345 838

254 415 356 467 μεν
383 398 484 467 τῆς
509 396 724 450 αἰωνίου
753 396 910 468 δόξης
933 441 949 466 ,
994 397 1235 472 ἀλλ’ῆδη
1280 402 1376 453 καὶ
1421 402 1627 469 ἑτέροις
1668 402 1785 455 αἴτια

1974 419 2045 456 on
2082 403 2258 455 solum
2299 416 2401 456 nos
2448 401 2551 471 ipsi
2580 408 2783 456 :elerna
2818 401 2989 471 gloria
3036 401 3502 470 defraudabimus,

249 489 523 552 ἀπωλείας
550 490 912 561 γενησόμεθα,
943 494 1037 546 καὶ
1063 493 1381 565 διπλοτέραν
1410 493 1705 564 ὑποίσομεν
1731 494 1780 546 τί

1969 494 2027 547 ed
2064 493 2178 562 jam
2210 492 2333 548 aliis
2371 507 2589 563 quoque
2627 499 2882 548 auctores
2912 494 3233 563 perditionis
3258 495 3500 561 erimus;

247 580 392 633 τίσιν
422 580 530 652 (96)
550 622 565 647 ,
596 581 674 645 ὼς
709 583 942 653 ὑποψίαν
969 583 1222 648 δόσαντες
1253 583 1363 655 (97)
1407 584 1495 638 διὰ
1537 586 1637 655 τῆς
1664 586 1778 657 ἀρνι

1974 595 1983 639 ί
2009 585 2234 654 duplum
2260 585 2589 656 supplicium
2623 584 2961 656 perferemus
2979 625 2995 650 ,
3044 586 3191 655 quod
3215 588 3505 656 negatione

250 688 430 737 σεως,
484 672 691 744 πλάνης
740 674 959 746 διδαχὴν
1012 670 1150 728 εἶναι
1201 676 1300 747 τήν
1353 692 1484 727 ποτε
1529 675 1619 744 ὑφ’
1671 676 1781 746 ήμι]

1973 685 2156 742 ostra,
2192 678 2400 732 erroris
2452 685 2764 745 suspectam
2808 676 3207 733 reddiderimus
3246 693 3368 748 quae
3402 678 3504 731 ali-

246 762 612 834 δοξαζομένην
640 764 911 836 ἀλήθειαν.
948 764 1041 818 Διὸ
1071 767 1209 837 μήτε
1239 766 1516 837 πρόχειροι
1561 760 1708 837 ὦμεν
1737 784 1777 820 κε

1972 769 2150 823 uando
2196 784 2227 822 a
2268 768 2427 823 nobis
2472 769 2854 823 celebrabatur
2898 768 3197 824 veritatem.
3233 769 3503 835 Quocirca

250 855 614 927 ῥιψοκίνδυνοι
637 873 651 885 ⁸
692 856 840 925 λέγει
878 857 987 928 γὰρ
1027 858 1055 910 6
1100 857 1302 930 Κύριος
1335 874 1348 888 ’
1387 878 1403 909 ι
1433 858 1781 930 Προσεύχεσθι

1971 876 2107 931 eque
2146 861 2383 930 prompti
2426 862 2602 917 simus
2643 868 2885 925 temere,
2934 868 3099 930 atque
3155 860 3223 913 ad
3261 861 3502 931 pericula

250 948 330 1019 μὴ
362 950 618 1019 ἐμπεσεῖν
649 948 758 1019 (98)
781 953 863 1014 εἰς
890 951 1194 1022 πειρασμόν
1212 968 1224 980 ·
1242 951 1302 1003 τὸ
1333 951 1429 1022 μὲν
1458 951 1675 1021 πνεῦμα
1704 968 1781 1021 πρ

1972 952 2271 1022 raecipites;
2304 951 2568 1007 Dominus
2598 953 2743 1008 enim
2786 953 2960 1007 dicit:
2994 971 3011 999 ι
3039 950 3230 1016 Orate,
3267 967 3337 1007 ne
3366 952 3503 1006 inci-

248 1040 422 1111 θυμον
443 1083 458 1107 ,
499 1044 533 1113 ἡ
564 1041 620 1094 δὲ
649 1042 785 1114 σάρξ
820 1042 1049 1116 ἀσθενής
1071 1060 1084 1073 ο
1115 1062 1132 1094 ι
1169 1043 1303 1115 μηδὲ
1334 1043 1437 1115 μὴν
1478 1044 1779 1115 ἐμπεσόντει

1970 1043 2074 1098 atis
2122 1043 2179 1098 in
2229 1044 2630 1099 tentationem:
2675 1044 2904 1114 spiritus
2953 1044 3172 1114 quidem
3217 1053 3501 1115 promptus

246 1131 423 1202 δειλίᾳ
453 1133 897 1205 καταισχύνωμεν
924 1135 1022 1204 τὴν
1048 1134 1353 1207 ὁμολογίαν.
1373 1136 1435 1189 Εἰ
1455 1135 1562 1207 γὰρ
1590 1136 1777 1207 ἀρνησ‹

1969 1143 2043 1199 st,
2087 1150 2219 1190 caro
2261 1144 2441 1191 autem
2488 1136 2740 1190 infirma'
2768 1154 2783 1201 ;
2816 1156 2836 1189 ›
2887 1150 3065 1205 neque
3116 1135 3164 1189 si
3216 1134 3500 1205 intercepti

249 1225 413 1292 μενός
442 1243 526 1288 τις
550 1226 649 1297 τὴν
694 1227 887 1280 ἑαυτοῦ
916 1228 1139 1293 ἐλπίδα,
1169 1229 1227 1291 ὅς
1254 1229 1400 1280 ἐστιν
1442 1226 1647 1299 Ἰησοῦς
1674 1230 1702 1281 ὁ
1728 1245 1780 1281 τε

1969 1228 2217 1293 terimus,
2245 1229 2645 1284 confessionem
2678 1229 2964 1283 timiditate
2988 1228 3345 1283 maculemus.
3367 1227 3500 1281 Nam

243 1316 385 1370 θεοῦ
405 1316 529 1382 Υἱὸς
552 1360 567 1385 ,
596 1320 837 1392 ἀπολυθῇ
870 1321 963 1374 τοῦ
998 1319 1331 1392 προσκαίρου
1358 1320 1610 1387 θανάτου,
1640 1320 1774 1391 αὑρκ

1971 1320 2023 1374 ui
2053 1320 2373 1391 abnegando
2396 1336 2549 1391 spem
2586 1336 2744 1377 suam
2764 1360 2779 1385 ,
2807 1320 2913 1375 hoc
2937 1328 3022 1376 est
3049 1318 3235 1375 Jesum
3256 1360 3272 1385 ,
3303 1318 3502 1374 Filium

242 1411 289 1463 δ’
320 1412 414 1465 ἐπὶ
442 1412 629 1485 κλίνης
665 1414 804 1486 νόσῳ
822 1415 1094 1488 περιπέσῃ
1120 1414 1372 1487 ὀξυτάτῃ,
1395 1414 1675 1486 κοιλίας,ἧ
1706 1433 1773 1469 στ‹

1970 1411 2061 1477 ei,
2105 1426 2139 1467 a
2168 1420 2343 1467 morte
2382 1413 2717 1483 temporaria
2765 1412 3027 1468 liberatus
3055 1420 3173 1478 est,
3206 1412 3253 1466 si
3282 1428 3405 1467 cras
3445 1412 3501 1466 in

246 1504 450 1575 μάχου,
471 1504 504 1576 ἢ
527 1505 789 1576 κεφαλῆς,
809 1508 844 1577 ἡ
862 1524 969 1560 τινι
996 1506 1157 1561 πάθει
1175 1505 1283 1560 τῶν
1301 1506 1556 1573 ἀνιάτων,
1588 1506 1777 1577 σήψεω

1973 1512 2069 1559 :cto
2098 1504 2302 1559 incidat
2333 1503 2390 1559 in
2416 1505 2667 1559 morbum
2692 1505 3067 1559 acutissimum
3094 1544 3109 1569 ,
3141 1505 3377 1569 ventris,
3409 1514 3504 1559 aut

241 1598 275 1669 ἢ
306 1597 678 1670 γαγγραίνης,
717 1598 750 1669 ἢ
780 1599 1161 1665 ἀποστάσεως,
1191 1598 1223 1669 ἢ
1258 1598 1432 1666 ίλεοῦ,
1464 1598 1498 1670 ἢ
1529 1599 1717 1669 ὑδέρου
1742 1640 1757 1665 ,

1969 1597 2228 1661 Lomachi,
2262 1606 2356 1652 aut
2391 1598 2621 1667 capitis,
2665 1599 2748 1653 vel
2783 1599 2839 1652 in
2870 1597 3090 1669 aliquod
3116 1598 3305 1652 vitium
3348 1597 3500 1651 insa-

242 1691 446 1757 κώλου,
476 1696 694 1763 ταχεῖαν
719 1693 1014 1763 ποιήσηται
1039 1691 1138 1763 τὴν
1165 1692 1543 1764 καταστροφὴν
1562 1730 1576 1755 ,
1608 1692 1702 1745 καὶ
1726 1708 1773 1744 τι

1967 1689 2135 1753 abile,
2176 1689 2320 1744 tabis
2350 1690 2432 1744 vel
2456 1704 2778 1759 gangraena,
2809 1690 2896 1745 vel
2924 1691 3237 1753 abscessus,
3266 1690 3350 1744 vel
3378 1692 3498 1745 vol-

240 1786 346 1857 ζῇν
375 1748 676 1851 ὑπεξέλθοι,
704 1748 947 1856 οὑχὶυκάὶ
971 1785 1081 1839 τῶν
1095 1748 1343 1838 ’ἐνταῦθα
1376 1748 1658 1856 ἰσῖτὲρῆθη
1682 1825 1698 1850 ,
1730 1801 1771 1837 κε

1969 1780 2060 1846 uli,
2092 1781 2177 1836 vel
2203 1795 2358 1850 aqua:
2388 1781 2694 1845 intercutis,
2727 1782 2813 1837 vel
2850 1782 3012 1836 colici
3038 1781 3298 1849 allectus;
3327 1789 3381 1837 et
3402 1794 3500 1837 ce-

237 1879 355 1932 τῶν
381 1877 616 1932 αἰωνίων
645 1879 997 1942 ὲκπέπτωκε,
1031 1876 1227 1949 μᾶλλον
1255 1876 1312 1930 δὲ
1337 1876 1438 1947 τῆς
1464 1876 1636 1929 ἀϊδίου
1666 1875 1768 1929 κολ‹

1968 1873 2024 1927 :ri
2075 1872 2225 1927 exitu
2272 1888 2303 1927 e
2344 1872 2456 1927 vita
2500 1873 2782 1940 discedat;
2833 1889 3016 1929 nonne
3052 1881 3107 1929 et
3136 1874 3499 1944 praesentibus

240 1986 386 2033 σεως
426 1971 576 2035 ἐντὸς
612 1971 886 2042 κατέστη,
917 1969 1202 2042 πορευθεὶς
1246 1971 1327 2032 είς
1360 1987 1378 2019 ι
1418 1969 1480 2021 τὸ
1528 1968 1717 2032 σκότος
1761 1987 1771 2002 ο

1968 1966 2084 2021 onis
2119 1966 2364 2036 privatus
2398 1974 2517 2030 est,
2549 1973 2604 2021 et
2633 1967 2702 2021 ab
2728 1968 2949 2022 :eternis
2980 1968 3218 2034 excidit;
3251 1966 3499 2037 quinimo

238 2062 539 2134 ἐξώτερον,
581 2055 645 2116 οὑ
689 2064 718 2115 6
765 2063 1039 2134 κλαυθμὸς
1082 2063 1177 2115 κα)¹
1209 2063 1238 2115 ὁ
1268 2060 1511 2132 βρυγμὸς
1537 2060 1645 2113 τῶν
1675 2060 1769 2113 ὀδόε

1973 2068 2183 2114 ternum
2209 2059 2537 2128 supplicium
2570 2060 2760 2127 subiit,
2794 2060 3074 2130 profectus
3104 2059 3169 2114 ad
3199 2078 3218 2111 ι
3245 2060 3500 2114 tenebras

235 2173 351 2209 των
375 2172 389 2221 ;
421 2175 439 2207 ο
470 2156 499 2209 6
525 2156 580 2209 δὲ
608 2156 718 2227 (99)
748 2156 997 2222 ἀξιωθεὶς
1027 2154 1347 2226 μαρτυρίου,
1375 2153 1612 2224 χαιρέτω
1638 2152 1735 2225 τὴν
1762 2175 1766 2203 ι

1967 2151 2223 2207 ιῑειὶοιθε
2248 2192 2264 2217 ,
2302 2152 2395 2205 ubi
2442 2150 2599 2206 ﬂetus
2637 2163 2691 2206 et
2729 2152 2933 2207 stridor
2962 2152 3207 2207 dentium
3229 2151 3297 2205 ⁸⁸2
3330 2170 3349 2205 ι
3394 2149 3498 2217 Qui

236 2249 435 2320 Κυρίῳ
462 2249 653 2321 χαρὰν,
670 2250 745 2314 ὡς
772 2248 1091 2321 τηλικούτου
1117 2246 1388 2317 ἐπιτυχὼν
1419 2247 1705 2315 στεφάνου,
1727 2264 1767 2299 κ

1967 2258 2052 2298 ero
2074 2243 2334 2315 martyrio
2359 2243 2557 2315 dignus
2584 2254 2666 2299 est
2695 2244 2938 2307 habitus,
2964 2244 3150 2299 laetitia
3180 2244 3236 2297 in
3271 2242 3498 2297 Domino

234 2339 307 2392 δι’
336 2340 622 2411 ὁμολογίας
667 2341 987 2412 ποιούμενος
1028 2338 1127 2411 τὴν
1167 2338 1343 2403 ἔξοδον
1378 2338 1475 2392 τοῦ
1523 2337 1660 2409 βίου.
1701 2339 1765 2391 Κὶ

1968 2336 2198 2404 feratur,
2245 2337 2389 2406 quod
2423 2346 2630 2391 tantam
2660 2352 2922 2392 coronam
2981 2344 3178 2392 nactus
3204 2335 3405 2400 fuerit,
3444 2342 3499 2390 et

236 2432 648 2503 κατηχούμενος
685 2429 751 2504 ᾖ,
796 2433 1001 2495 ἄλυπος
1043 2430 1259 2485 ἀπίτω*
1291 2430 1352 2483 τὸ
1394 2430 1504 2502 γὰρ
1548 2429 1719 2493 πάθος
1758 2448 1767 2463 ι

1965 2444 2019 2485 er
2064 2429 2468 2485 confessionem
2523 2445 2591 2485 ex
2636 2430 2741 2484 hac
2786 2430 2896 2484 vita
2958 2430 3174 2499 migret.
3233 2427 3496 2495 Quamvis

234 2524 383 2595 ὑπὲρ
409 2524 646 2597 Χριστοῦ
670 2568 684 2592 ,
716 2525 870 2578 ἔσται
919 2523 1069 2595 αὑτῷ
1106 2522 1468 2594 γνησιώτερον
1500 2522 1765 2593 βάπτισμα

1965 2520 2351 2577 λῑθοίιυιιιθιιιιε
2400 2524 2507 2587 sit,
2549 2522 2671 2578 sine
2713 2522 2935 2577 tristitia
2987 2521 3214 2576 excedat
3253 2539 3267 2574 :
3312 2520 3496 2591 passio

232 2617 321 2670 δτι.
352 2618 513 2681 αὐτὸς
544 2618 641 2688 μὲν
669 2617 832 2690 πείρᾳ
860 2616 1304 2687 ’συναποθνήσκει
1329 2613 1409 2685 τῷ
1436 2614 1654 2685 Κυρίῳ,
1683 2614 1734 2665 oi
1760 2639 1763 2658 ‹

1968 2615 2064 2669 lim
2109 2630 2210 2686 pro
2259 2614 2484 2671 Christo
2534 2615 2786 2685 perlata,
2834 2612 2943 2668 erit
2984 2613 3035 2669 ei
3085 2611 3352 2667 sincerior
3400 2611 3499 2665 hac

232 2707 415 2760 λοιποὶ
438 2750 453 2773 ,
482 2708 655 2779 τύπῳ.
688 2709 938 2781 Χαιρέτω
964 2704 1057 2761 οὖν
1090 2706 1421 2779 μιμούμενος
1445 2706 1535 2760 τὸν
1560 2706 1763 2761 διδάσκε

1965 2707 2180 2774 tismus;
2220 2706 2665 2777 quandoquidem
2705 2706 2823 2775 ipse
2874 2718 3065 2759 revera
3094 2713 3148 2759 et
3189 2702 3496 2774 periculum

230 2800 355 2853 λον·
380 2801 565 2872 ἐπειδὴ
589 2802 682 2855 καὶ
709 2801 1139 2873 προστέτακται·
1165 2818 1183 2850 ι
1204 2798 1652 2870 Κατηρτισμὲνος
1678 2798 1761 2852 ἐστ

1964 2797 2169 2853 ieiendo
2192 2837 2209 2864 ,
2241 2798 2464 2854 Christo
2491 2798 2884 2862 commoritur,
2917 2797 3114 2866 reliqui
3143 2810 3302 2860 vero,
3342 2814 3361 2846 ‹
3394 2796 3495 2850 hoc

231 2897 379 2960 πᾶς,
412 2894 488 2957 ὡς
512 2895 541 2947 ὁ
572 2893 887 2956 διδάσκαλος
915 2892 1099 2946 αὑτοῦ.
1139 2910 1157 2942 ι
1203 2891 1260 2944 '0
1288 2890 1345 2944 δὲ
1376 2889 1693 2952 διδάσκαλος
1720 2907 1762 2943 αε

1966 2898 2022 2956 ιι,
2048 2891 2140 2961 qui
2169 2892 2539 2961 baptizantur,
2568 2909 2587 2942 ι
2624 2890 2796 2962 figura
2826 2897 3062 2945 tantum.
3095 2888 3341 2944 Gaudeat
3366 2904 3497 2960 ergo

230 2985 334 3039 τοῦ
355 2987 450 3039 κα).
471 2986 615 3058 (100)
637 2986 794 3058 ἡμῶν
823 2983 1027 3057 Ἰησοῦς
1047 2985 1076 3037 6
1094 2982 1296 3054 Κύριος
1313 2982 1361 3035 δι
1377 2982 1390 2998 ‘
1412 2983 1561 3053 ἡμᾶς
1579 2980 1761 3053 ὲπλήγ

1961 2999 1986 3039 e
2015 2983 2259 3054 Magistri
2292 2983 2600 3038 imitatione
2620 3022 2635 3049 ,
2676 2982 2947 3053 siquidem
2997 2990 3329 3053 praeceptum
3359 2990 3442 3037 est
3478 2998 3492 3033 :

234 3078 673 3150 βλασφημίαςμ)
687 3078 943 3150 ὑπέμεινε
961 3077 1056 3131 καὶ
1068 3075 1400 3147 ὀνειδισμοὺς
1423 3074 1765 3146 μακροθύμωί

1976 3076 2260 3134 Perfectus
2292 3077 2364 3132 sit
2392 3077 2594 3141 omnis,
2627 3078 2769 3132 sicut
2797 3074 3054 3147 Magister
3075 3074 3264 3145 ejus";
3295 3093 3313 3127 ι
3344 3076 3495 3145 atqui

228 3170 557 3242 ὲνεπτύσθη,
587 3169 912 3241 ὲκολαφίσθη
932 3211 947 3235 ,
980 3167 1307 3241 ὲρραπίσθη,
1340 3165 1559 3239 σταυρῷ
1590 3164 1727 3237 μετά
1753 3184 1759 3200 ι

1973 3170 2175 3241 agister
2223 3170 2345 3240 ejus
2394 3178 2449 3226 et
2488 3177 2697 3233 noster,
2728 3168 2997 3224 Dominus
3048 3167 3229 3232 Jesus,
3277 3176 3497 3238 pr0pter

233 3263 600 3334 μαπιχθῆναι
629 3261 986 3334 προσηλώθη,
1016 3260 1135 3328 ὅξος
1174 3261 1267 3314 καὶ
1310 3257 1471 3330 χολὴν
1515 3257 1764 3329 ὲποτίσθη

1965 3278 2018 3318 os
2068 3262 2257 3334 plagas
2327 3262 2623 3326 sustinuit,
2684 3262 2931 3315 convicia
2979 3266 3034 3314 et
3091 3259 3291 3329 probra
3339 3274 3496 3329 aequo

226 3353 526 3417 τελειώσας
560 3354 636 3424 (2)
666 3354 845 3409 πάντα
873 3353 1258 3426 γεγραμμένα,
1301 3346 1422 3405 εἷπε
1450 3351 1528 3423 τῷ
1557 3350 1675 3423 Θεῷ
1718 3370 1757 3406 χι

1961 3353 2099 3409 nimo
2128 3354 2411 3416 toleravit,
2453 3362 2756 3425 conSputus
2786 3361 2909 3417 est,
2953 3353 3200 3422 colaphis
3225 3362 3279 3407 et
3318 3354 3492 3424 alapis

230 3446 409 3517 Πατρί
440 3462 453 3476 ·
490 3447 630 3510 «Εἰς
682 3447 870 3518 χεῖράς
924 3464 1018 3500 σου
1074 3444 1414 3518 παρατίθημι
1478 3444 1540 3497 τὸ
1594 3443 1761 3515 πνεῦμ

1963 3460 2241 3509 ercussus,
2270 3446 2421 3501 cruci
2447 3453 2569 3516 post
2599 3445 2767 3515 ﬂagra
2808 3444 3000 3499 allixus
3021 3483 3037 3509 ,
3092 3455 3252 3499 aceto
3281 3454 3337 3500 et
3367 3445 3494 3500 felle

231 3556 361 3608 μου.
405 3558 423 3589 ›
456 3538 547 3591 Διὸ
592 3539 688 3591 καὶ
727 3540 755 3591 6
799 3539 1088 3610 εὐχόμενος
1132 3536 1341 3591 ἐκείνου
1375 3534 1621 3608 μαθητὴς
1648 3531 1762 3589 εἷνα

1959 3544 2168 3605 otatus;
2230 3538 2738 3608 consummatisque
2799 3536 3056 3592 omnibus
3109 3552 3231 3607 qure
3289 3538 3490 3607 scripta

228 3630 479 3701 ζηλούτω
506 3632 633 3694 τοὺς
658 3630 821 3684 αὑτοῦ
851 3631 1086 3700 ἀγῶνας,
1112 3629 1380 3701 μιμείσθω
1397 3628 1493 3701 τὴν
1515 3628 1759 3700 ὑπομονὴ

1958 3636 2106 3696 rant,
2153 3629 2290 3684 dixit
2319 3628 2431 3685 Deo
2484 3636 2538 3685 et
2582 3628 2730 3684 Patri
2758 3648 2771 3683 :
2813 3648 2832 3680 ι
2862 3627 2919 3682 ln
2952 3644 3149 3685 manus
3177 3636 3301 3683 tuas
3334 3644 3489 3683 com-

226 3721 516 3790 γινώσκων
543 3722 626 3775 ὅτι
652 3722 753 3776 κᾶν
783 3724 841 3775 ὲν
872 3723 1005 3794 πυρὶ
1035 3723 1139 3776 ὑπὸ
1169 3719 1471 3793 ἀνθρώπων
1502 3728 1633 3798 καῇ,
1662 3720 1757 3773 οὑδ

1961 3721 2112 3777 iendo
2160 3722 2413 3792 spiritum
2463 3738 2645 3777 meum
2662 3723 2705 3778 ⁸.
2740 3740 2758 3774 ι
2809 3721 3153 3793 Quapropter
3202 3722 3296 3791 qui
3342 3730 3492 3793 Optat

227 3813 482 3866 πείσεται
506 3856 522 3880 ,
550 3815 627 3878 ὡς
655 3815 705 3866 οἱ
731 3817 879 3886 τρεῖς
907 3814 1129 3881 παῖδες,
1160 3814 1193 3883 ἢ
1228 3814 1276 3865 εί
1306 3814 1400 3866 καὶ
1428 3812 1577 3885 πάθῃ
1604 3831 1688 3878 τι,
1723 3831 1758 3883 μ

1958 3814 2062 3868 lius
2103 3829 2227 3870 esse
2274 3814 2617 3884 discipulus,
2665 3816 2950 3871 aemuletur
2992 3815 3113 3885 ejus
3153 3815 3487 3877 certamina,

227 3904 359 3957 σθδν
399 3904 550 3975 παρά
592 3904 797 3977 Κυρίου
838 3905 1105 3976 λήψεται·
1150 3903 1421 3957 πιστεύων
1474 3904 1553 3975 τῷ
1595 3905 1675 3957 ἐνὶ
1716 3922 1758 3957 κε

1958 3908 2159 3962 nitetur
2190 3908 2542 3978 patientiam;
2596 3910 2776 3965 sciens
2805 3909 2951 3979 quod
2978 3908 3081 3965 etsi
3113 3908 3169 3962 in
3198 3908 3378 3979 ignem
3420 3908 3489 3961 ah

230 3996 383 4067 μόνῳ
426 3996 664 4067 ἀληθινῷ
703 3997 822 4068 Θεῷ
849 3998 942 4051 καὶ
968 3998 1170 4069 Πατρὶ,
1217 3997 1306 4051 διὰ
1346 3998 1520 4070 Ἰησοῦ
1550 3999 1761 4069 Χριστοὶ

1958 3998 2229 4054 ominibus
2257 4000 2619 4069 conjiciatur,
2653 4001 2789 4055 nihil
2818 4004 3074 4072 patietur,
3101 4000 3243 4056 sicut
3270 3999 3348 4052 illi
3376 4006 3489 4054 tres

226 4087 329 4143 τοῦ
360 4089 595 4160 μεγάλου
625 4090 924 4161 ἀρχιερέως
946 4129 961 4154 ,
1009 4090 1102 4143 καί
1141 4089 1415 4162 λυτρωτθῦ
1456 4092 1563 4145 τῶν
1601 4091 1756 4163 ψυχῶ

1957 4090 2125 4156 ueri";
2155 4098 2247 4145 aut
2273 4091 2318 4147 si
2349 4091 2555 4162 aliquid
2581 4094 2841 4163 patiatur,
2868 4091 3172 4147 mercedem
3197 4106 3226 4143 a
3257 4089 3488 4144 Domino

228 4182 328 4234 καί
374 4181 766 4253 μισθαποδότου
810 4183 918 4236 τῶν
960 4182 1136 4237 ἄθλων
1169 4199 1182 4212 ·
1225 4177 1271 4252 ᾧ
1313 4185 1347 4255 ἡ
1394 4182 1521 4250 δόξα
1566 4185 1647 4249 είς
1682 4187 1759 4240 τοί

1955 4182 2181 4252 ccipiet;
2214 4181 2374 4238 ﬁdem
2398 4183 2609 4239 habens
2648 4184 2743 4238 uni
2772 4192 2827 4239 et
2865 4185 2967 4239 soli
2997 4198 3126 4239 vero
3159 4182 3267 4237 Deo
3291 4197 3354 4236 ac
3382 4181 3486 4234 lia-

227 4274 454 4336 αἰῶνας.
498 4275 686 4347 Ἀμήν.

1958 4273 2021 4337 'i,
2056 4289 2152 4343 per
2179 4272 2367 4329 Jesum
2409 4274 2725 4339 Christum,
2756 4290 3012 4345 magnum
3046 4273 3357 4343 pontiﬁcem
3380 4312 3394 4335 ,
3434 4281 3489 4327 et

1936 4364 2331 4434 redemptorem
2362 4366 2699 4429 animarum,
2735 4366 3203 4435 certaminumque
3234 4377 3488 4418 remune-

1839 4435 1885 4491 Ῑ)
1916 4466 2191 4525 ratorem;
2222 4457 2311 4511 cui
2343 4456 2517 4527 gloria
2566 4457 2622 4510 in
2646 4458 2866 4511 sarcula.
2900 4456 3074 4511 Amen

712 4570 1107 4626 ΚΕΦΑΛΑΙΟΝ
1142 4573 1193 4624 Ζν
1231 4568 1330 4641 (5).

2507 4568 2734 4623 CAPUT
2772 4567 2887 4625 VII.

224 4692 374 4760 Περὶ
446 4692 836 4758 ἀναστάσεως
903 4690 1241 4760 ἀποδείξεις
1264 4756 1269 4760 ι
1290 4685 1567 4760 διάφοροι
1602 4701 1644 4760 °_
1674 4701 1755 4751 πη

1949 4685 1991 4739 De
2018 4683 2397 4739 resurrectione
2418 4680 3130 4760 ὐμεὶιε-ιίεηιοιιδιτιιιὶοιιεδς
3156 4678 3220 4732 de
3250 4677 3480 4749 Sibylla;

299 4751 602 4829 Σιϐύλλης
622 4780 636 4794 ο
670 4763 767 4815 καὶ
798 4751 854 4815 τί
881 4766 936 4816 οί
978 4751 1227 4814 Στωϊκοί
1252 4756 1329 4828 (4)
1363 4751 1498 4824 περὶ
1541 4755 1647 4810 τοῦ
1677 4755 1809 4823 φοί-

1587 4755 1647 4810 ρῦ
1677 4755 1809 4823 φοί·
2263 4762 2312 4807 et
2340 4751 2464 4822 quid
2491 4751 2657 4805 Stoici
2675 4751 2739 4805 de
2753 4752 2980 4821 pltwnioe
3008 4767 3118 4804 are.

296 4851 469 4899 νικος
494 4835 600 4889 τοῦ
629 4833 857 4900 ὀρνέου.

300 4927 473 4990 Αὐτὸς
499 4925 607 4995 γὰρ
633 4926 780 4996 ἡμᾶς
815 4925 995 4994 ἐγερεῖ
1020 4923 1050 4975 6
1076 4917 1470 4990 παντοκράτωρ
1514 4917 1645 4981 Θεὸς
1666 4957 1681 4981 ,
1719 4916 1810 4970 διὰ

1986 4912 2107 4984 Ipse
2134 4912 2281 4968 enim
2316 4925 2419 4966 nos
2440 4910 2791 4966 resuscitabit
2818 4908 3163 4979 omnipotens
3188 4908 3351 4974 Deus,
3384 4922 3484 4977 per

302 5062 320 5094 ³
348 5060 537 5115 Matth.
569 5074 716 5129 xxvi,
742 5057 830 5112 41.
896 5056 920 5089 ⁸
951 5054 1142 5111 Matth.
1186 5069 1309 5119 vni,
1334 5052 1421 5107 l2.
1494 5052 1517 5084 '
1538 5050 1672 5106 Luc.
1704 5065 1783 5113 vt,
1812 5047 1833 5102 4

1414 5095 1421 5107 .
1494 5050 1672 5106 'Luc.
1704 5065 1783 5113 vt,
1812 5046 1904 5104 40.
1969 5047 1990 5078 ⁶
2016 5045 2150 5100 Luc.
2200 5058 2359 5113 χχιιι,
2385 5043 2478 5099 46.
2540 5043 2716 5099 'Dan.
2750 5059 2837 5109 ιιι,
2873 5044 2945 5098 24

1528 5181 1896 5241 VABIORUM
1928 5179 2163 5237 NOT/E.

304 5310 419 5383 (96)
457 5308 819 5383 Διπλοτέραν
845 5306 1026 5360 τίσιν.
1058 5304 1119 5358 In
1151 5304 1323 5383 altero
1357 5300 1675 5383 διπλασίονα
1696 5298 1802 5383 τὴν

1976 5294 2052 5368 (1)
2106 5293 2371 5363 Ἔπλήγη
2395 5293 2812 5363 βλασφημίας.
2856 5290 2984 5347 Haec
3010 5306 3227 5363 quoque
3256 5300 3476 5383 absunt.

222 5360 418 5453 δειέήῦξ
450 5360 1186 5453 ιῖιίειῖιιξᾜγιιοιιγιηοιιιιιι,
1246 5376 1302 5429 in
1357 5374 1445 5429 his
1489 5372 1645 5426 libris
1693 5368 1753 5423 fri

1981 5437 2050 5453 ln\
2100 5439 2143 5453 ηε
2185 5439 2204 5453 ιι
2281 5434 2294 5453 1
2342 5450 2388 5453 Λα
2483 5432 2785 5453 n_,,n_2.___.
2818 5434 2864 5453 ε..
2906 5431 3087 5453 --.1-...
3116 5429 3210 5453 ---ι
3258 5360 3378 5453 ΕΖΗ

222 5429 819 5527 ῖιίιέιιέίεείιηεοοιεῖλε
1474 5526 1481 5527 ,
1544 5507 1587 5527 ,ί

1977 5437 2054 5509 (2)
2099 5434 2443 5500 Τελειώσας.
2483 5432 2787 5503 Praeﬁgitur
2817 5434 2870 5487 in
2900 5431 3091 5488 eodem
3116 5429 3230 5494 καί,
3258 5433 3471 5527 melius.

324 5501 767 5590 ἔλθ’)-Ᾰόᾶἇντες,
800 5501 1062 5590 li_i_altero
1089 5513 1269 5590 δόντες
1294 5511 1512 5590 meiius.
1544 5507 1621 5564 In.

1985 5501 1996 5509 ι
2035 5501 2046 5509 ,
2648 5501 2664 5503 -

3258 5501 3334 5556 lu.

1983 5576 2051 5590 l-‘
2102 5580 2237 5590 -..η’
2315 5575 2353 5590 n
2455 5582 2468 5590 Α
2510 5574 2525 5590 Ι
2678 5581 2690 5590 ι
2766 5588 2844 5590 ,_,_
2910 5571 3186 5590 9,_-__!..19-
3239 5570 3289 5590 ξ,
3326 5587 3334 5590 .

469 5574 980 5659 Ἐμπεσεῗν.]ἀθιιι
1004 5574 1285 5659 εἰσελθεῖνἶ
1311 5583 1388 5659 Ιο..
1480 5657 1485 5659 Α
1667 5648 1681 5659 _

1978 5576 2056 5649 (5)
2315 5575 2486 5659 ροβειὶ
2510 5574 2616 5630 hoc
2644 5581 2697 5629 et
2751 5588 2873 5643 cap.
2909 5574 3193 5640 inscriptio
3239 5574 3294 5624 in
3325 5578 3478 5627 utro--

469 5642 781 5723 ’δ’δεξθιε.
816 5657 1025 5711 Novum
1069 5662 1231 5723 caput
1274 5653 1583 5723 inchoatur,
1618 5647 1803 5723 addito
1906 5642 2170 5723 que'cod.
2210 5645 2443 5723 Eindob.
2467 5642 2543 5723 In;

301 5525 324 5732 ί

231 5710 536 5810 hostilitqu
557 5710 725 5810 Ιίερὶ
743 5710 1089 5810 ἀναστάσεως
1116 5710 1415 5810 ἀποδείξεις
1437 5710 1705 5810 διάίξοροι.
1726 5715 1762 5771 ll

1945 5716 2071 5810 ..ἐξ
2105 5714 2715 5810 ρξιξξωέῗρίμὲῗίὲδ
2744 5710 3343 5810 ,ἱῖἳῗῗῗτὲῗιίῗξῖἷυίὲὶῗ
3372 5710 3476 5810 δῖίξ

316 5781 700 5873 ῐιόὀῑλῠῖόῢ
730 5798 843 5853 καί.
880 5781 1086 5854 Desunt
1117 5795 1172 5850 in
1202 5781 1374 5850 altero
1397 5781 1520 5848 cod.
1544 5781 1628 5845 Ἰιὶ.

1945 5781 2075 5843 itulo
2108 5802 2120 5838 :
2153 5786 2290 5857 Περὶ
2335 5784 2701 5849 ἀναστάσεως.
2743 5784 2949 5853 Caetera
2985 5781 3167 5838 addita
3211 5789 3373 5848 sunt,
3416 5781 3476 5836 ni
