3876 6188
396 265 504 321 839

1224 264 1283 320 S.
1324 263 1718 321 ριιςιιΕΝτιε
1753 266 1769 319 Ι
1808 267 1972 321 ιιυιι.
2010 268 2211 323 ΡΟΝΤ.
2244 262 2476 323 ΟΡΕΒΑ
2512 264 2717 319 DL'BIA

3553 268 3655 321 8H:

396 379 689 434 Dominum
716 388 965 435 nostrum
996 379 1181 437 Jesum
1212 380 1515 445 Christum,
1547 380 1703 449 juxta
1741 382 1969 451 promis-

2082 384 2169 437 τοῦ
2193 384 2396 455 Κυρίου
2426 384 2458 453 ἡ
2468 382 2583 453 μῶν
2618 380 2791 452 Ἰησοῦ
2821 380 3081 452 Χριστοῦ,
3114 378 3254 433 κατὰ
3280 379 3379 449 τὴν
3416 379 3664 447 ἐπαγγε-

393 470 605 527 sionem
636 487 793 528 suam
817 487 1095 537 veracem;
1126 479 1181 526 et
1213 488 1313 526 nos
1343 488 1467 527 eum
1490 473 1745 527 omnibus
1775 474 1867 543 qui
1905 476 1973 529 ab

394 564 556 618 initio
605 566 790 619 seculi
836 566 1091 619 obierunt
1140 566 1443 628 excitabit,
1485 567 1661 630 tales,
1688 568 1879 637 quales
1918 569 1972 620 in

397 657 655 727 praesenti
706 656 880 711 forma
936 658 1252 721 existimas,
1308 658 1456 711 nulla
1503 658 1849 713 mutilatione
1890 662 1975 715 vel

396 750 752 819 corruptione
790 749 1044 815 aﬂ'ectos;
1077 750 1520 820 quandoquidem
1546 750 1846 819 incorrupti
1888 765 1975 804 re-

398 856 707 913 surgemus.
742 843 867 898 Sive
887 844 1032 898 enim
1059 844 1113 897 in
1143 844 1279 898 mari
1306 844 1505 898 mortui
1541 843 1831 906 fuerimus,
1858 842 1974 897 sive

398 934 455 988 in
485 942 633 990 terra
660 936 947 1005 dissipati,
984 937 1099 991 sive
1128 951 1157 990 a
1184 937 1375 991 bestiis
1413 936 1497 990 vel
1531 937 1723 990 avibus
1766 935 1976 989 discer-

398 1027 500 1097 pti,
555 1030 842 1083 suscitabit
885 1044 987 1083 nos
1018 1043 1116 1083 sua
1148 1029 1389 1098 potentia
1418 1047 1430 1082 :
1463 1030 1591 1097 quia
1628 1036 1776 1083 totus
1815 1042 1975 1081 mun-

397 1118 501 1173 dus
557 1135 721 1172 manu
790 1120 883 1174 Dei
940 1120 1271 1173 continetur.
1330 1120 1598 1187 Capillus,
1649 1120 1866 1189 inquit,
1912 1119 1977 1173 de

398 1212 569 1280 capite
614 1222 783 1265 vestro
833 1230 936 1267 non
984 1212 1170 1280 peribit
1190 1213 1231 1267 ⁸.
1281 1212 1627 1284 Quapropter
1681 1212 1970 1277 admonet,

398 1304 591 1361 dicens
644 1322 656 1356 :
715 1304 779 1359 In
828 1307 1086 1374 patientia
1140 1315 1315 1359 vestra
1371 1305 1705 1373 possidebitis
1768 1306 1974 1358 animas

399 1398 651 1451 vestras'.
694 1395 867 1451 Porro
926 1397 994 1452 de
1046 1397 1453 1451 resurrectione
1504 1406 1881 1455 mortuorum,
1921 1405 1976 1451 et

398 1487 465 1542 de
505 1498 802 1560 martyrum
834 1490 1275 1544 remuneratione
1304 1488 1523 1542 Gabriel
1557 1487 1762 1541 Danieli
1792 1487 1925 1541 dicit
1958 1504 1970 1539 :

404 1579 471 1633 Et
500 1582 655 1635 multi
712 1582 775 1635 de
804 1582 886 1635 his
942 1582 1031 1651 qui
1075 1581 1428 1642 dormierunt,
1455 1596 1520 1635 ea:
1568 1590 1721 1634 terra:
1762 1588 1975 1649 puluere

396 1674 803 1736 excitabuntur:
866 1673 1188 1743 aliiquidem
1225 1674 1279 1725 in
1337 1676 1497 1727 vitam
1547 1685 1821 1736 wternam,
1878 1674 1976 1728 alii

398 1781 516 1819 vero
564 1768 619 1820 in
676 1767 1019 1836 ignominiam
1073 1774 1124 1820 et
1184 1768 1521 1835 opprobrium
1571 1768 1968 1836 sempiternum.
2007 1744 2047 1798 Β

401 1858 470 1911 Et
497 1859 587 1929 qui
619 1858 1010 1919 intellexerunt,
1056 1856 1387 1927 refulgebunt
1429 1859 1566 1911 sicut
1608 1859 1709 1922 sol,
1739 1866 1788 1911 et
1835 1859 1974 1912 sicut

397 1950 786 2019 ﬁrmamentum
814 1965 876 2002 ac
901 1950 1067 2003 stella
1086 1950 1130 1981 ¹⁹
1166 1951 1229 2005 ⁸⁸.
1248 1948 1571 2005 Refulsuros
1596 1967 1725 2019 ergo
1752 1957 1975 2004 sanctos

398 2042 574 2097 instar
591 2042 940 2095 luminarium
963 2042 1293 2106 cmlestium,
1313 2042 1563 2112 praedixit
1588 2043 1736 2095 omni
1768 2042 1976 2095 sancti-

398 2140 507 2188 tate
536 2142 765 2187 ornatus
804 2132 1057 2201 Gabriel;
1084 2136 1283 2205 quippe
1312 2152 1453 2205 quos
1486 2136 1766 2189 veritatem
1816 2135 1975 2189 intel-

398 2226 597 2281 lexisse
640 2228 779 2281 idem
831 2243 988 2282 sacer
1030 2229 1254 2300 angelus
1302 2236 1537 2283 testatus
1590 2236 1693 2283 est.
1732 2226 1849 2281 Non
1882 2242 1973 2282 so-

398 2319 508 2371 lum
572 2326 751 2373 autem
794 2320 1125 2389 martyribus
1174 2320 1425 2388 promisit
1481 2320 1971 2381 resurrectionem,

399 2408 493 2463 sed
532 2415 586 2463 et
616 2410 872 2465 omnibus
913 2410 1245 2475 hominibus,
1274 2412 1441 2480 justis
1477 2412 1681 2481 pariter
1722 2425 1787 2465 ac
1830 2412 1976 2479 inju-

402 2501 524 2565 stis,
579 2502 686 2569 piis
737 2509 792 2557 et
838 2503 1053 2572 impiis;
1090 2510 1149 2556 ut
1196 2504 1573 2574 unusquisque
1621 2520 1721 2575 pro
1761 2504 1975 2558 meritis

397 2594 663 2649 exsolvat.
688 2595 926 2649 Adducet
959 2597 1118 2659 enim,
1164 2596 1361 2666 inquit,
1394 2597 1529 2651 Deus
1562 2614 1770 2652 omnem
1805 2599 1976 2651 actio-

398 2702 513 2739 nem
550 2687 603 2739 in
628 2686 916 2754 judicium,
960 2690 1013 2741 in
1047 2690 1191 2742 ontni
1230 2691 1563 2758 impcrccpto,
1604 2692 1711 2744 sive
1756 2690 1971 2753 bonum,

398 2778 505 2829 sive
533 2777 733 2829 malum
763 2779 833 2830 sit
856 2780 919 2834 ".
949 2778 1099 2833 Hanc
1118 2782 1577 2839 resurrectionem
1610 2798 1717 2835 non
1743 2781 1977 2836 creden-

399 2878 479 2922 tes
519 2866 714 2934 Judaei,
744 2870 872 2924 olim
904 2871 1187 2926 dicebant:
1207 2871 1377 2925 Arida
1403 2873 1550 2941 facta
1578 2882 1701 2927 sunt
1725 2890 1849 2926 ossa
1879 2889 1976 2926 no—

398 2970 535 3023 stra,
591 2961 877 3030 defecimus
904 2964 965 3017 ¹³.
999 2963 1213 3029 Quibus
1258 2963 1402 3019 Deus
1442 2963 1804 3034 respondens,
1854 2965 1971 3017 ait:

2075 477 2195 530 λίαν
2240 474 2404 529 αὐτοῦ
2448 475 2546 545 τὴν
2584 475 2789 545 ἀψευδῆ
2824 492 2837 504 ·
2884 476 2977 527 καὶ
3018 474 3311 543 ἀναστήσει
3353 474 3503 543 ἡμᾶς
3568 474 3666 525 σὺν

2078 570 2210 622 πᾶσι
2252 571 2363 631 τοῖς
2407 568 2499 620 ἀπ’
2534 567 2727 629 αἰῶνος
2768 566 3096 636 κοιμηθεῖσι,
3140 563 3435 627 τοιούτους,
3482 564 3666 617 ὁποῖα.

2078 661 2395 730 ὑπάρχομεν
2426 662 2483 712 ὲν
2502 662 2567 729 τῇ
2592 658 2687 712 νῦν
2720 662 2921 730 μορφῇ,
2952 659 3114 729 μηδὲν
3143 658 3385 719 suam;
3414 656 3665 725 ἔχοντας,

2078 752 2111 822 ἢ
2140 751 2237 822 τὴν
2268 751 2475 822 φθοράν
2510 751 2586 821 (5)
2609 767 2620 780 ⁸
2653 751 2884 821 ἐπείπερ
2926 751 3189 821 ἄφθαρτοι
3218 746 3663 819 ἀναστησόμεθα.

2079 845 2196 898 Κάν
2226 861 2284 896 τε
2306 843 2415 915 γὰρ
2444 844 2502 895 ὲν
2530 844 2755 911 πελάγει
2784 842 3211 913 τελευτήσωμεν,
3233 840 3334 893 κᾶν
3364 842 3422 893 ὲν
3451 843 3523 910 γῇ
3555 840 3667 892 διαο

2082 936 2408 1007 σπαρῶμεν,
2441 936 2542 989 κᾶν
2571 936 2675 988 ύπὺ
2695 935 2898 1007 θηρίων
2927 935 2958 1005 ἦ
2990 934 3190 1005 ὀρνέων
3218 933 3668 1002 διασπασθῶμεν,

2076 1030 2369 1099 ἀναστήσει
2416 1030 2565 1099 ἡμᾶς
2606 1030 2671 1098 τῇ
2722 1026 2915 1080 ἑαυτοῦ
2962 1027 3225 1099 δυνάμει·
3261 1028 3342 1079 ὅτι
3369 1027 3397 1078 ὁ
3424 1028 3535 1088 πᾶς
3575 1025 3676 1078 κό-

2080 1139 2215 1192 σμος
2256 1125 2321 1193 τῇ
2352 1124 2444 1176 τοῦ
2474 1124 2609 1177 θεοῦ
2642 1124 2923 1191 συνέχεται
2965 1121 3126 1192 χειρί,
3161 1139 3178 1171 ‹
3203 1119 3337 1191 Θρὶξ
3362 1120 3439 1183 δὲ,
3470 1118 3670 1187 φησιν,

2078 1217 2141 1269 ὲκ
2168 1216 2269 1287 τῆς
2292 1217 2532 1287 κεφαλῆς
2553 1216 2706 1287 ὑμῶν
2725 1217 2787 1268 οὐ
2821 1213 2893 1285 μὴ
2923 1214 3208 1283 ἀπόληται.
3232 1232 3249 1263 s
3275 1212 3365 1264 Διὸ
3385 1213 3670 1281 παραινεῖ,

2078 1309 2249 1377 λέγων
2274 1327 2286 1338 ·
2326 1328 2345 1359 ‹
2383 1310 2469 1362 Ἐν
2494 1313 2560 1380 τῇ
2594 1310 2840 1379 ὑπομονῇ
2874 1306 3027 1376 ὑμῶν
3057 1302 3330 1375 κτήσασθε
3358 1302 3456 1366 τάς
3480 1302 3675 1371 ψυχὰς

2078 1400 2249 1471 ὑμῶν.
2280 1420 2297 1451 ι
2325 1402 2460 1472 Περὶ
2479 1400 2535 1453 δὲ
2562 1401 2662 1470 τῆς
2692 1399 2799 1452 τῶν
2817 1398 3027 1470 νεκρῶν
3055 1397 3419 1457 ἀναστάσεως.
3440 1396 3533 1448 καὶ
3562 1397 3675 1464 τῆς

2075 1495 2183 1547 τῶν
2216 1494 2506 1566 μαρτύρων
2539 1490 2959 1565 μισθαποδοσίας
3005 1489 3153 1557 λέγει
3180 1487 3417 1559 Γαϐριὴλ
3461 1486 3537 1557 (6)
3586 1486 3675 1555 τῷ

2077 1587 2275 1657 Δανιήλ
2297 1604 2310 1616 ·
2340 1606 2358 1637 s
2383 1586 2492 1639 Καὶ
2520 1581 2822 1638 Μλλοὶτῶν
2836 1580 3255 1652 κεκοιμημένων
3269 1582 3333 1633 ἐκ
3348 1578 3451 1647 γῆς
3470 1577 3673 1647 χώμα-

2076 1695 2167 1741 τος
2195 1678 2587 1748 ἀναστήσονται
2605 1693 2618 1706 ·
2650 1677 2700 1727 οἱ
2733 1676 2829 1745 μὲν
2859 1675 2938 1735 είς
2967 1671 3115 1742 ζωὴν
3142 1670 3354 1724 αἰώνιον
3375 1711 3388 1734 ,
3420 1670 3469 1721 oi.
3495 1668 3557 1720 se
3586 1668 3674 1728 εἰς

2076 1768 2335 1840 αἰσχύνην
2364 1769 2457 1821 καὶ
2484 1767 2783 1837 ὀνειδισμόν
2829 1764 3045 1818 αἰώνιον
3066 1802 3080 1815 .
3129 1763 3239 1815 Καὶ
3274 1761 3324 1813 οἱ
3366 1760 3670 1820 συνιέντες,

2078 1861 2444 1931 ἐκλάμψουσιν
2472 1860 2549 1922 ὡς
2574 1861 2603 1911 ὁ
2630 1860 2798 1929 ἥλιος,
2830 1857 2923 1909 καὶ
2953 1856 3029 1917 ὡς
3058 1854 3118 1906 τὸ
3149 1853 3438 1923 στερέωμα
3467 1851 3547 1922 (7)
3572 1850 3675 1902 καὶ

2075 1954 2126 2005 οἱ
2171 1952 2418 2022 ἀστέρες.
2454 1970 2470 2001 s
2515 1952 2602 2013 Ὠς
2639 1949 2934 2018 φωστῆρας
2978 1947 3158 1999 τοίνυν
3186 1944 3485 2014 ὲκλάμψειν
3533 1945 3674 2005 τοὺς

2078 2046 2264 2114 ἁγίους
2303 2048 2560 2114 προεῖπεν
2588 2044 2617 2095 ὁ
2645 2042 2909 2109 πανάγιος
2942 2039 3201 2111 Γαϐριήλ.
3235 2038 3427 2100 Δύτοῖς
3462 2035 3578 2106 γὰρ
3605 2036 3671 2087 τὺ

2078 2135 2314 2189 συνιέναι
2339 2136 2438 2207 τὴν
2478 2135 2729 2207 ἀλήθειαν
2769 2132 3117 2204 ἐμαρτύρησε
3159 2131 3234 2201 (8)
3271 2129 3366 2182 καί
3405 2128 3468 2179 τὸ
3512 2124 3669 2198 ἱερὸν

2078 2228 2243 2282 αὑτοῦ
2271 2229 2443 2299 ὄνομα
2468 2228 2564 2298 (9).
2587 2228 2662 2280 υύ
2694 2227 2852 2297 μόνον
2881 2226 2935 2277 δὲ
2963 2226 3077 2288 τοῖς
3101 2224 3364 2295 μάρτυσιν
3391 2219 3669 2289 ἐπήγγελ-

2076 2338 2166 2373 ται
2220 2322 2319 2391 τὴν
2374 2320 2703 2381 ἀνάστασιν,
2758 2317 2895 2370 ἀλλά
2948 2318 3042 2369 καὶ
3091 2317 3254 2368 πᾶσιν
3310 2310 3666 2382 ἀνθρώποις,

2075 2412 2300 2476 δικαίοις
2344 2429 2404 2464 τε
2451 2411 2546 2465 καὶ
2588 2411 2828 2473 ἀδίκοις,
2871 2408 3117 2461 εὐσεϐέσι
3172 2407 3266 2459 καὶ
3310 2401 3662 2457 δυσσεϐέσινο

2078 2506 2165 2559 ἵνα
2201 2505 2431 2566 ἕκαστος
2474 2502 2546 2555 τὰ
2582 2503 2718 2573 πρὸς
2760 2501 2916 2565 ἀξίαν
2953 2500 3081 2571 τίσῃ
3110 2498 3241 2569 (10).
3279 2516 3298 2547 r
3326 2495 3478 2559 Ἀξει
3524 2494 3662 2565 γὰρ,

2078 2599 2281 2669 φησὶν,
2338 2597 2367 2648 ὁ
2412 2594 2544 2658 Θεὸς
2601 2593 2820 2665 σύμπαν
2874 2593 2936 2645 τὸ
2989 2591 3199 2662 ποίημα
3236 2590 3315 2650 εἰς
3369 2586 3549 2657 κρίσιν
3605 2587 3665 2637 ἐν

2078 2690 2239 2743 παντὶ
2266 2686 2704 2761 παρεωραμένῳ,
2734 2684 2827 2738 ἐὰν
2853 2683 3072 2753 ἀγαθὸν,
3104 2681 3197 2734 καὶ
3225 2680 3318 2732 ὲάν
3346 2676 3606 2748 πονηρόν.
3639 2695 3660 2728 s

2079 2780 2363 2852 Ταύτηνδὲ
2388 2781 2485 2849 τὴν
2513 2778 2805 2831 ἀνάστασιν
2837 2775 2911 2847 μὴ
2938 2773 3280 2834 πιστεύοντες
3310 2769 3579 2832 Ἰουδαῖοι,
3602 2773 3667 2821 τὸ

2077 2872 2305 2926 παλαιὸν
2335 2871 2517 2939 ἔλεγον
2540 2887 2553 2899 ·
2582 2888 2600 2920 ι
2629 2868 2779 2939 Ξηρά
2808 2868 2994 2938 γέγονε
3014 2866 3082 2918 τά
3110 2865 3243 2917 ὀστᾶ
3272 2862 3449 2933 ἡμῶν,
3471 2860 3666 2913 διαπε-

2079 2966 2407 3033 φωνήκαμεν
2430 2962 2475 3032 (1
2494 2961 2561 3031 ι).
2594 2979 2611 3011 ι
2637 2955 2730 3023 Οἷς
2762 2961 2790 3011 ὁ
2807 2959 2936 3021 Θεὸς
2963 2955 3282 3027 ἀποκριθεὶς
3309 2953 3442 3023 ἐφή-
3474 2972 3492 3004 s
3518 2952 3662 3005 ’1δοῦ

403 3053 536 3107 Ecce
558 3070 653 3123 ego
675 3070 853 3121 aperio
878 3056 1120 3123 sepulcra
1145 3064 1315 3109 vestra
1334 3072 1352 3118 ;
1370 3065 1419 3110 et
1438 3056 1661 3109 educam
1680 3072 1767 3110 vos
1795 3070 1861 3109 ex
1874 3057 1972 3120 eis;

2082 3055 2189 3125 ἐγὼ
2208 3054 2409 3123 ἀνοίγω
2424 3054 2549 3115 τοὺς
2576 3053 2779 3120 τάφους
2810 3053 2838 3103 ὑ
2847 3050 2981 3122 μῶν,
3004 3050 3097 3102 καὶ
3116 3047 3296 3112 ἀνάξω
3314 3048 3456 3116 ὑμᾶς
3478 3045 3539 3109 ἐξ
3560 3045 3666 3098 αύ-

397 3154 445 3199 οι
458 3145 594 3199 dabo
610 3147 851 3213 spiritum
870 3164 1038 3199 meum
1059 3148 1111 3199 in
1131 3147 1358 3211 uobis,et
1380 3148 1575 3208 vivetis,
1593 3157 1643 3199 et
1660 3148 1978 3216 cognoscetis

2082 3147 2207 3200 τῶν·
2242 3148 2337 3201 καί
2363 3145 2519 3199 δώσω
2546 3145 2607 3197 τὸ
2635 3143 2851 3214 πνεῦμά
2882 3160 2981 3214 μου
3011 3145 3069 3195 ἐν
3101 3143 3251 3211 ὑμῖν,
3281 3140 3373 3192 καὶ
3402 3136 3666 3209 ζήσεσθε,

398 3237 521 3305 quia
540 3254 630 3306 ego
656 3237 907 3292 Dominus
941 3238 1148 3291 locutus
1180 3255 1319 3304 sum,
1363 3248 1412 3291 et
1454 3237 1653 3307 faciant
1688 3238 1751 3292 ”.
1786 3237 1850 3291 Et
1883 3254 1980 3309 per

400 3326 593 3383 Isaiam
625 3350 636 3384 :
670 3329 979 3401 Resurgent,
1005 3331 1213 3401 inquit,
1244 3332 1459 3393 mortui,
1484 3339 1532 3384 et
1556 3333 1981 3401 expergiscantur

2079 3240 2173 3292 καὶ
2214 3238 2488 3307 γνώσεσθε
2532 3239 2613 3290 ὃτι
2659 3236 2769 3305 ἐγὼ
2797 3236 2997 3308 Κύριος
3035 3234 3337 3304 λελάληκα.
3368 3234 3461 3284 καὶ
3503 3232 3666 3300 ποιή-

2078 3350 2174 3386 σω.
2218 3354 2236 3385 s
2288 3335 2396 3386 Καὶ
2432 3332 2518 3385 διὰ
2563 3332 2781 3384 Ἡσαΐου
2828 3328 3011 3399 φησίνο
3074 3345 3093 3377 ι
3146 3325 3566 3393 Ἀναστήσοντιιι
3616 3326 3668 3376 οἰ

397 3421 487 3487 qui
520 3430 645 3473 sunt
673 3422 727 3473 in
757 3424 1107 3476 monumentis
1132 3462 1148 3487 ,
1186 3430 1235 3475 et
1267 3422 1589 3476 lattabuntur
1628 3426 1717 3493 qui
1746 3425 1801 3477 in
1831 3433 1974 3478 terra

2082 3428 2279 3499 νεκροὶ,
2306 3428 2401 3480 καὶ
2424 3424 2812 3496 ἐγερθήσονται
2842 3423 2893 3474 οἱ
2910 3423 2968 3473 ὲν
2990 3422 3101 3483 τοῖς
3134 3418 3438 3490 μνημείοις,
3461 3416 3561 3469 καὶ
3581 3419 3673 3470 sis-

398 3512 704 3579 quiescunt;
736 3515 862 3584 quia
901 3531 986 3568 ros
1032 3524 1155 3569 tuus
1199 3515 1410 3569 sanatio
1451 3516 1561 3569 illis
1595 3517 1757 3572 est".
1803 3516 1971 3571 Multa

2074 3516 2477 3588 φρανθήσονται
2519 3515 2569 3567 οἱ
2612 3515 2973 3585 ἡσυχάζοντες
3006 3512 3115 3581 (12)
3160 3512 3219 3562 ὲν
3259 3511 3325 3579 τῇ
3369 3511 3461 3578 γῇο
3509 3508 3597 3559 ὅτι
3628 3510 3664 3578 il

471 3735 651 3811 [Luc
686 3753 805 3811 εει,
836 3737 923 3811 l8.
952 3738 1204 3811 Μειδία..
1238 3739 1323 3795 l9.
1390 3740 1648 3811 7”“Dan.
1683 3760 1783 3807 xit,
1816 3744 1879 3811 2;
1924 3743 2109 3799 Matth.
2148 3762 2267 3807 xm,
2309 3745 2405 3799 45,
2474 3746 2513 3775 ¹¹
2548 3743 2726 3797 Ecele.
2750 3760 2846 3805 xtl,
2884 3742 2967 3796 14.
3051 3741 3094 3772 ¹³
3125 3739 3320 3796 Ezech.
3346 3753 3554 3802 xxxvtt,
3613 3741 3663 3796 4.

404 3805 447 3837 ιδ
475 3804 634 3873 lbid.,
671 3809 751 3870 l3,
787 3809 875 3862 M.
949 3809 993 3839 "
1020 3810 1124 3864 lsa.
1152 3826 1299 3876 xxVI,
1344 3810 1429 3865 l9.

1714 3940 2077 3997 VARIORUM
2113 3943 2343 3999 NOTA-J.

402 4096 596 4160 fallor,
644 4110 675 4149 a
719 4095 1028 4160 Turriano,
1080 4097 1150 4151 ob
1184 4111 1377 4150 versus
1423 4094 1666 4165 sibyllas,
1728 4095 1969 4151 fabulam

404 4166 694 4237 plimnicis,
732 4174 787 4222 et
835 4167 1103 4221 scholium
1132 4166 1379 4237 Graecum
1410 4164 1479 4220 de
1508 4164 1618 4235 quo
1642 4174 1825 4237 antea.
1872 4166 1973 4221 Ubi

399 4236 523 4291 cum
553 4251 829 4292 nonnemo
862 4237 929 4290 ad
963 4253 1126 4293 voces
1160 4236 1452 4290 ἀνάστασιν
1478 4245 1531 4289 et
1563 4236 1976 4305 παλιγγενεσίαν

401 4308 745 4376 apposuisset
798 4322 996 4362 nomen
1046 4307 1394 4370 Stoicorum,
1457 4322 1689 4376 quorum
1744 4308 1977 4363 celebris

400 4378 609 4432 exstitit
633 4378 819 4447 opinio
846 4378 912 4432 de
936 4378 1121 4431 mundi
1155 4378 1525 4441 innovatione,
1565 4393 1744 4431 rerum
1776 4378 1979 4430 ἀνακυ-

402 4447 588 4515 κλήσει
614 4456 668 4503 et
706 4449 1178 4507 ἀποκαταστάσει,
1219 4448 1502 4501 hominum
1546 4458 1978 4516 ceterorumque

403 4518 601 4577 reditu,
636 4520 849 4587 putavit
877 4517 1184 4573 Turrianus
1208 4518 1313 4571 hoc
1345 4519 1540 4572 scholii
1571 4518 1876 4571 narrationi
1908 4517 1976 4572 de

402 4587 650 4655 phoenice
678 4587 875 4642 debere
906 4591 1102 4657 aptari.
1130 4590 1268 4643 Cor.

474 4657 548 4725 (5)
594 4656 809 4728 “Heinr
837 4656 1105 4728 φθοράν,
1128 4658 1368 4728 Uterque
1407 4656 1565 4712 Vind.
1592 4657 1714 4710 cod.
1739 4657 1860 4728 ἀπὸ
1876 4656 1976 4725 τῆς

403 4725 627 4796 φθορᾶς.
662 4726 867 4783 Sensus
898 4739 981 4782 est
1010 4748 1022 4782 :
1060 4727 1209 4781 Nihil
1238 4725 1375 4797 quod
1401 4729 1614 4795 deﬁciat
1656 4727 1902 4781 habentes
1945 4745 1977 4781 a

402 4798 771 4864 corruptione;
825 4800 1011 4864 hujus,
1055 4799 1335 4858 nimirum,
1381 4800 1524 4853 vitae.
1580 4797 1736 4863 Quod
1783 4798 1976 4852 melius

402 4870 729 4922 censuerim.
760 4868 924 4922 Cum.

477 4936 551 5005 (6)
591 4938 875 5003 Γαϐριὴλ.
924 4938 1039 4991 Non
1070 4939 1395 5007 exprimitur
1440 4940 1494 4991 in
1525 4953 1683 4993 sacro
1713 4944 1976 5007 contextu

406 5021 602 5059 nomen
641 5009 837 5074 angeli.
878 5005 1187 5063 Verisimile
1220 5017 1401 5064 tamen
1436 5008 1726 5062 admodum
1754 5008 1834 5070 lit,
1878 5005 1978 5060 Ga-

407 5078 628 5129 hrielem
682 5093 822 5135 esse.
866 5078 932 5132 de
981 5094 1088 5146 quo
1136 5094 1256 5147 cap.
1299 5097 1393 5133 vm
1440 5088 1495 5133 et
1542 5093 1592 5131 ix
1641 5078 1973 5145 prophetiae;

403 5149 560 5218 juxta
592 5149 918 5204 sententiam
949 5150 1197 5205 Cassiani
1227 5164 1447 5218 quoque
1482 5148 1671 5205 collat.
1703 5148 1759 5207 8.
1812 5164 1859 5202 c.
1909 5150 2001 5218 15,

406 5228 460 5273 et
490 5219 761 5289 Agobardi
784 5223 888 5289 ΔΙίΙ).
920 5221 990 5271 De
1016 5224 1365 5289 quorumdam
1384 5220 1655 5289 ⁸ξιίιιδὲοηιξ
1684 5220 1999 5289 signorum,

405 5286 572 5358 utque
600 5286 797 5358 colligi
836 5286 1035 5356 potest
1061 5302 1126 5358 ex
1168 5287 1349 5358 verbis
1382 5287 1695 5358 Hieronymi
1742 5286 1805 5340 ad
1841 5288 1973 5342 Dan.

404 5371 520 5427 vin.
554 5354 764 5427 16.ASic
789 5354 1064 5427 angelum,
1100 5355 1251 5410 Isaia:
1276 5374 1470 5419 xxxiii,
1504 5359 1558 5420 5,
1590 5354 1973 5421 memoratum,

406 5425 617 5481 Hebraei
642 5424 948 5482 Gabrieléut
976 5434 1298 5491 autumant,
1326 5429 1597 5483 referente
1627 5428 1816 5483 eodem
1850 5427 1977 5481 Ilie-

403 5510 650 5553 ronvmo.
680 5497 817 5553 Cor.

477 5565 552 5651 (7)
598 5567 665 5619 Τὸ
696 5566 1013 5651 σξερέωμα.
1047 5566 1199 5621 Alter
1224 5566 1324 5621 cod
1377 5568 1697 5640 λαμπρότης
1728 5567 1822 5621 τοῦ
1851 5584 1974 5621 στε-

410 5637 706 5757 ρεώἐιατος.
738 5637 900 5690 (Σιειι.

481 5704 499 5757 (
538 5703 557 5757 i
609 5706 900 5757 Ἑιιαοτύα

481 5703 557 5769 (8)
609 5706 1025 5777 Ἐμαρτύρησε.
1079 5706 1137 5765 In
1166 5710 1337 5766 altero
1377 5708 1477 5766 cod
1530 5719 1616 5767 est
1644 5709 1973 5782 ὁμολογῆσαι

2077 4097 2447 4176 ἐμαρτύρησε.
2492 4096 2649 4163 Quod
2700 4100 2923 4167 melius,
2973 4102 3077 4176 hoc
3123 4117 3289 4176 sensu
3333 4115 3466 4154 :eos
3514 4105 3661 4159 enim

2078 4169 2291 4222 sciuisse
2325 4170 2592 4223 veritatem
2618 4179 2774 4238 atque
2803 4188 2915 4225 esse
2944 4174 3233 4295 δοκέουσι.
3262 4172 3339 4226 In.

2152 4238 2227 4295 (9)
2275 4238 2340 4291 Τὸ
2371 4240 2531 4295 ἱερὸν
2558 4239 2744 4292 αὑτοῦ
2774 4240 2980 4295 «Si-oua.
3075 4246 3123 4295 ei
3172 4255 3339 4295 nome;

2152 4238 2243 4314 (9)_
2275 4238 2340 4291 Τὸ
2371 4240 2531 4306 ἱερὸν
2558 4239 2744 4292 αὐτοῦ
2774 4240 2980 4314 ᾇνοιέα.
3030 4238 3123 4297 Dei
3172 4255 3369 4296 nomen
3404 4242 3667 4314 intelligit

2084 4306 2425 4370 Turrianus,
2459 4318 2653 4377 praeter
2688 4311 2852 4380 verba
2876 4306 3171 4373 Cabrielis,
3199 4320 3360 4380 atque
3389 4306 3665 4371 orationis

2084 4386 2423 4451 contextum.
2456 4380 2652 4451 Malim
2685 4379 2752 4433 de
2798 4382 2917 4450 ipso
2947 4383 3197 4439 Gabriele
3229 4379 3495 4451 accipere.
3538 4384 3664 4441 Non

2086 4450 2330 4504 insolens
2378 4450 2525 4524 enim
2555 4457 2638 4503 est
2658 4451 2894 4524 locutio,
2926 4454 3115 4524 ὄνομα,
3140 4450 3369 4524 nomen,
3402 4469 3665 4524 proper-

2080 4536 2215 4593 sona
2243 4528 2297 4573 et
2318 4520 2556 4593 _re._i_\ct.
2580 4519 2993 4593 I,A15;_Apocal.
3020 4519 3105 4587 in,
3124 4523 3381 4593 431,715.
3403 4519 3663 4593 Θηϐαίων

2076 4590 2266 4659 ὄνομα.
2292 4588 2368 4659 de
2396 4588 2693 4645 Thebanis.
2722 4588 3018 4646 Romanum
3047 4610 3251 4655 nomen,
3280 4592 3381 4646 hoc
3410 4588 3515 4659 est,
3548 4594 3666 4649 Ro-

2078 4658 2439 4735 maniaelia:
2464 4661 2856 4735 nomenagelli,
2890 4678 2989 4731 pro
3017 4664 3192 4735 agello
3218 4682 3231 4716 :
3255 4661 3461 4715 Nomen

2079 4730 2184 4789 nis,
2219 4728 2437 4798 aliaque
2468 4745 2564 4799 per
2592 4728 2817 4786 criticos
2847 4728 3122 4788 aéervafa.
3154 4732 3290 4787 Cor.

2150 4800 2260 4875 (ιθ)
2307 4800 2471 4875 Tia".
2502 4800 2654 4875 Alter
2680 4803 2804 4856 cod.
2836 4802 2995 4875 λάβῃ,
3028 4803 3217 4875 eodem
3251 4818 3438 4857 sensu.
3480 4803 3657 4860 Cum.

2148 4870 2259 4945 (ll)
2299 4871 2855 4945 ᾼιᾳπεφωνῄκαμεος.
2880 4870 3147 4945 Hesychio
3169 4873 3664 4945 διαπεφωνήκαμεν

2077 4950 2161 5012 est
2198 4939 2561 5012 ἀπωλόμεθαε
2597 4939 2778 4997 διιὶἆω
2821 4939 3229 5012 διαπεξρώνηκεν
3251 4960 3263 4972 ·
3298 4939 3535 5012 texam
3561 4939 3664 4998 καὶ

2076 5009 2387 5083 τελευταίαν
2433 5012 2615 5083 φωνὴν
2643 5014 2849 5083 ἀφῆκε,
2879 5009 3154 5066 τουτέστιν
3182 5009 3467 5067 ἀπέθανεν.
3493 5009 3665 5069 Unde

2080 5080 2168 5133 hic
2207 5080 2506 5136 Ezechielis
2538 5080 2622 5144 tit,
2666 5080 2753 5145 ll,
2806 5084 2858 5135 in
2892 5083 3182 5136 Ambrosio
3208 5084 3439 5137 vertitur
3466 5086 3658 5139 interi-

2078 5150 2269 5223 gi_n_t_us,
2297 5152 2353 5223 in
2382 5153 2655 5220 (iypt‘iano
2679 5154 3083 5223 exspiravimus.
3104 5153 3300 5223 Verum
3324 5154 3481 5223 aliter
3514 5154 3664 5223 apud

2079 5218 2221 5273 LXX
2272 5218 2485 5291 videtur
2540 5223 2737 5291 legisse
2771 5218 3190 5277 'Tertullianus.
3244 5221 3419 5276 Habet
3479 5218 3655 5285 enim,

2078 5304 2199 5359 cap.
2231 5290 2301 5344 29
2334 5291 2458 5345 libri
2492 5291 2568 5345 De
2589 5294 2969 5346 resurrectione
2997 5294 3173 5345 carnis
3205 5306 3223 5344 :
3255 5292 3426 5345 avulsi
3469 5312 3659 5349 sumus

2078 5361 2133 5412 in
2157 5363 2253 5444 eis,
2280 5363 2424 5429 quod
2451 5369 2554 5423 est,
2587 5365 2803 5448 opinor,
2853 5362 3332 5485 διαπεφορήκαμεν
3361 5363 3427 5443 ὲν.
3445 5366 3656 5427 αὐτοῖς.

2080 5429 2187 5485 Sed
2230 5433 2361 5485 illud
2414 5433 2471 5484 ἐν
2501 5433 2682 5485 αὐτοις
2714 5449 2817 5485 iam
2844 5434 2972 5485 olim
3003 5449 3121 5485 exet
3165 5441 3203 5485 tt
3233 5451 3246 5485 :
3279 5432 3431 5485 reddi
3470 5444 3656 5485 autem

2080 5429 2187 5485 Sed
2230 5433 2361 5486 illud
2414 5433 2471 5484 ἐν
2501 5429 2682 5495 αὐτοῖς
2707 5433 2817 5501 jam
2844 5434 2972 5486 olim
3003 5429 3203 5487 excidit
3233 5429 3246 5487 Ξ
3279 5432 3431 5486 reddi
3470 5444 3658 5490 autem

2078 5501 2237 5557 debet
2263 5517 2330 5557 ex
2358 5501 2603 5566 Hebraeo,
2636 5504 2689 5556 in
2720 5502 2891 5558 nobis.
2926 5503 3061 5557 Cor.

2077 5572 2263 5698 mg?)
2316 5570 2766 5642 Ἠσυχάζοντες.
2810 5571 2974 5629 Deest
3005 5575 3062 5629 in
3104 5575 3275 5629 altero
3314 5571 3442 5630 cod.
3485 5571 3657 5633 Vind.

2123 5656 2245 5698 ιειι.
