  <div class='ocr_page' id='page_1' title='image "/cluster/home/n/w/nwhite01/storage/ocr_20150623/1/nnc1.0022106693/460.png"; bbox 0 0 3876 6188; ppageno 0'>
   <div class='ocr_carea' id='block_1_1' title="bbox 87 271 202 328">
    <p class='ocr_par' dir='ltr' id='par_1_1' title="bbox 87 271 202 328">
     <span class='ocr_line' id='line_1_1' title="bbox 87 271 202 328; baseline -0.017 1"><span class='ocrx_word' id='word_1_1' title='bbox 87 271 202 328; x_wconf 75' lang='lat' dir='ltr'><strong>8M</strong></span> 
     </span>
    </p>
   </div>
   <div class='ocr_carea' id='block_1_2' title="bbox 1023 266 2450 326">
    <p class='ocr_par' dir='ltr' id='par_1_2' title="bbox 1023 266 2450 326">
     <span class='ocr_line' id='line_1_2' title="bbox 1023 266 2450 326; baseline -0.001 -2"><span class='ocrx_word' id='word_1_2' title='bbox 1023 266 1626 324; x_wconf 80' lang='lat' dir='ltr'><strong>CONSTITUTIONES</strong></span> <span class='ocrx_word' id='word_1_3' title='bbox 1662 267 2344 326; x_wconf 60' lang='lat' dir='ltr'><strong>APOSTOLICIE.—LIB.</strong></span> <span class='ocrx_word' id='word_1_4' title='bbox 2388 266 2450 322; x_wconf 74' lang='grc' dir='ltr'><strong>ν.</strong></span> 
     </span>
    </p>
   </div>
   <div class='ocr_carea' id='block_1_3' title="bbox 3275 266 3380 343">
    <p class='ocr_par' dir='ltr' id='par_1_3' title="bbox 3275 266 3380 343">
     <span class='ocr_line' id='line_1_3' title="bbox 3275 266 3380 343; baseline 0 -18"><span class='ocrx_word' id='word_1_5' title='bbox 3275 266 3380 343; x_wconf 65' lang='lat' dir='ltr'><strong>ste</strong></span> 
     </span>
    </p>
   </div>
   <div class='ocr_carea' id='block_1_4' title="bbox 84 377 1696 455">
    <p class='ocr_par' dir='ltr' id='par_1_4' title="bbox 84 378 1695 455">
     <span class='ocr_line' id='line_1_4' title="bbox 84 378 1695 455; baseline -0.001 -18"><span class='ocrx_word' id='word_1_6' title='bbox 84 384 295 455; x_wconf 78' lang='grc' dir='ltr'>δρόσος</span> <span class='ocrx_word' id='word_1_7' title='bbox 315 383 349 453; x_wconf 80' lang='grc' dir='ltr'><strong>ἡ</strong></span> <span class='ocrx_word' id='word_1_8' title='bbox 370 381 524 454; x_wconf 85' lang='grc' dir='ltr'><strong>παρά</strong></span> <span class='ocrx_word' id='word_1_9' title='bbox 556 381 651 435; x_wconf 83' lang='grc' dir='ltr'>σοῦ</span> <span class='ocrx_word' id='word_1_10' title='bbox 680 382 819 453; x_wconf 84' lang='grc' dir='ltr'>ῐαμα</span> <span class='ocrx_word' id='word_1_11' title='bbox 845 382 1028 445; x_wconf 80' lang='grc' dir='ltr'>αὐτοῖς</span> <span class='ocrx_word' id='word_1_12' title='bbox 1047 383 1183 436; x_wconf 75' lang='grc' dir='ltr'>ἐστι.</span> <span class='ocrx_word' id='word_1_13' title='bbox 1215 402 1234 433; x_wconf 68' lang='grc' dir='ltr'><strong>ι</strong></span> <span class='ocrx_word' id='word_1_14' title='bbox 1271 381 1446 435; x_wconf 82' lang='grc' dir='ltr'>Πολλὰ</span> <span class='ocrx_word' id='word_1_15' title='bbox 1479 384 1576 453; x_wconf 88' lang='grc' dir='ltr'>μὲν</span> <span class='ocrx_word' id='word_1_16' title='bbox 1600 378 1695 435; x_wconf 79' lang='grc' dir='ltr'><strong>οὖν</strong></span> 
     </span>
    </p>
   </div>
   <div class='ocr_carea' id='block_1_5' title="bbox 1805 377 3380 455">
    <p class='ocr_par' dir='ltr' id='par_1_5' title="bbox 1805 377 3380 449">
     <span class='ocr_line' id='line_1_5' title="bbox 1805 377 3380 449; baseline -0.001 -12"><span class='ocrx_word' id='word_1_17' title='bbox 1805 382 1962 437; x_wconf 86' lang='lat' dir='ltr'><strong>etiam</strong></span> <span class='ocrx_word' id='word_1_18' title='bbox 2000 380 2106 435; x_wconf 86' lang='lat' dir='ltr'><strong>alia</strong></span> <span class='ocrx_word' id='word_1_19' title='bbox 2149 380 2217 435; x_wconf 91' lang='lat' dir='ltr'><strong>de</strong></span> <span class='ocrx_word' id='word_1_20' title='bbox 2253 379 2659 435; x_wconf 77' lang='lat' dir='ltr'><strong>resurrectione</strong></span> <span class='ocrx_word' id='word_1_21' title='bbox 2703 377 2849 433; x_wconf 91' lang='lat' dir='ltr'><strong>dicta</strong></span> <span class='ocrx_word' id='word_1_22' title='bbox 2879 386 3042 443; x_wconf 87' lang='lat' dir='ltr'><strong>sunt,</strong></span> <span class='ocrx_word' id='word_1_23' title='bbox 3075 386 3130 434; x_wconf 91' lang='lat' dir='ltr'><strong>et</strong></span> <span class='ocrx_word' id='word_1_24' title='bbox 3157 378 3225 433; x_wconf 91' lang='lat' dir='ltr'><strong>de</strong></span> <span class='ocrx_word' id='word_1_25' title='bbox 3252 379 3380 449; x_wconf 90' lang='lat' dir='ltr'><strong>jus-</strong></span> 
     </span>
    </p>
   </div>
   <div class='ocr_carea' id='block_1_6' title="bbox 84 474 1691 554">
    <p class='ocr_par' dir='ltr' id='par_1_6' title="bbox 84 474 1691 554">
     <span class='ocr_line' id='line_1_6' title="bbox 84 474 1691 554; baseline -0.001 -26"><span class='ocrx_word' id='word_1_26' title='bbox 84 476 194 529; x_wconf 70' lang='grc' dir='ltr'><strong>καὶ</strong></span> <span class='ocrx_word' id='word_1_27' title='bbox 212 474 379 554; x_wconf 73' lang='grc' dir='ltr'>ἕτερα</span> <span class='ocrx_word' id='word_1_28' title='bbox 408 475 535 546; x_wconf 80' lang='grc' dir='ltr'>περὶ</span> <span class='ocrx_word' id='word_1_29' title='bbox 554 474 660 545; x_wconf 80' lang='grc' dir='ltr'>τῆς·</span> <span class='ocrx_word' id='word_1_30' title='bbox 673 474 1022 537; x_wconf 81' lang='grc' dir='ltr'><strong>ἀναστάσεως</strong></span> <span class='ocrx_word' id='word_1_31' title='bbox 1052 474 1285 545; x_wconf 79' lang='grc' dir='ltr'>εἴρηται,</span> <span class='ocrx_word' id='word_1_32' title='bbox 1317 475 1412 527; x_wconf 74' lang='grc' dir='ltr'><strong>καὶ</strong></span> <span class='ocrx_word' id='word_1_33' title='bbox 1436 475 1563 546; x_wconf 75' lang='grc' dir='ltr'>περὶ</span> <span class='ocrx_word' id='word_1_34' title='bbox 1588 474 1691 545; x_wconf 81' lang='grc' dir='ltr'>τῆς</span> 
     </span>
    </p>
   </div>
   <div class='ocr_carea' id='block_1_7' title="bbox 84 565 1693 637">
    <p class='ocr_par' dir='ltr' id='par_1_7' title="bbox 84 565 1693 637">
     <span class='ocr_line' id='line_1_7' title="bbox 84 565 1693 637; baseline -0.001 -18"><span class='ocrx_word' id='word_1_35' title='bbox 84 567 206 619; x_wconf 78' lang='grc' dir='ltr'><strong>τῶν</strong></span> <span class='ocrx_word' id='word_1_36' title='bbox 225 566 453 619; x_wconf 84' lang='grc' dir='ltr'>δικαίων</span> <span class='ocrx_word' id='word_1_37' title='bbox 483 567 541 618; x_wconf 85' lang='grc' dir='ltr'>ὲν</span> <span class='ocrx_word' id='word_1_38' title='bbox 568 565 694 637; x_wconf 80' lang='grc' dir='ltr'>δόξῃ</span> <span class='ocrx_word' id='word_1_39' title='bbox 727 566 1010 637; x_wconf 80' lang='grc' dir='ltr'><strong>διαμονῆς,</strong></span> <span class='ocrx_word' id='word_1_40' title='bbox 1029 567 1123 619; x_wconf 73' lang='grc' dir='ltr'><strong>καὶ</strong></span> <span class='ocrx_word' id='word_1_41' title='bbox 1154 566 1282 637; x_wconf 74' lang='grc' dir='ltr'>περὶ</span> <span class='ocrx_word' id='word_1_42' title='bbox 1304 565 1405 635; x_wconf 80' lang='grc' dir='ltr'>τῆς</span> <span class='ocrx_word' id='word_1_43' title='bbox 1431 566 1539 619; x_wconf 89' lang='grc' dir='ltr'><strong>τῶν</strong></span> <span class='ocrx_word' id='word_1_44' title='bbox 1566 566 1693 619; x_wconf 86' lang='grc' dir='ltr'>ἀσε-</span> 
     </span>
    </p>
   </div>
   <div class='ocr_carea' id='block_1_8' title="bbox 87 657 1693 729">
    <p class='ocr_par' dir='ltr' id='par_1_8' title="bbox 87 657 1693 729">
     <span class='ocr_line' id='line_1_8' title="bbox 87 657 1693 729; baseline 0.001 -20"><span class='ocrx_word' id='word_1_45' title='bbox 87 657 209 711; x_wconf 79' lang='grc' dir='ltr'>ϐῶν</span> <span class='ocrx_word' id='word_1_46' title='bbox 227 658 523 728; x_wconf 80' lang='grc' dir='ltr'><strong>τιμωρίας,</strong></span> <span class='ocrx_word' id='word_1_47' title='bbox 548 657 828 720; x_wconf 82' lang='grc' dir='ltr'><strong>πτώσεως,</strong></span> <span class='ocrx_word' id='word_1_48' title='bbox 845 657 1219 729; x_wconf 81' lang='grc' dir='ltr'><strong>ἀποστροφῆς,</strong></span> <span class='ocrx_word' id='word_1_49' title='bbox 1242 657 1558 729; x_wconf 78' lang='grc' dir='ltr'>καταδίκης,</span> <span class='ocrx_word' id='word_1_50' title='bbox 1581 657 1693 711; x_wconf 86' lang='grc' dir='ltr'>ἁδο-</span> 
     </span>
    </p>
   </div>
   <div class='ocr_carea' id='block_1_9' title="bbox 91 748 1694 821">
    <p class='ocr_par' dir='ltr' id='par_1_9' title="bbox 91 748 1694 821">
     <span class='ocr_line' id='line_1_9' title="bbox 91 748 1694 821; baseline -0.001 -18"><span class='ocrx_word' id='word_1_51' title='bbox 91 748 242 815; x_wconf 81' lang='grc' dir='ltr'>ξίας,</span> <span class='ocrx_word' id='word_1_52' title='bbox 277 750 452 821; x_wconf 81' lang='grc' dir='ltr'>πυρὸς</span> <span class='ocrx_word' id='word_1_53' title='bbox 479 749 720 813; x_wconf 77' lang='grc' dir='ltr'>αἰωνίου,</span> <span class='ocrx_word' id='word_1_54' title='bbox 752 750 847 803; x_wconf 77' lang='grc' dir='ltr'><strong>καὶ</strong></span> <span class='ocrx_word' id='word_1_55' title='bbox 868 749 1151 821; x_wconf 80' lang='grc' dir='ltr'>σκώληκος</span> <span class='ocrx_word' id='word_1_56' title='bbox 1177 748 1552 820; x_wconf 81' lang='grc' dir='ltr'>ἀτελευτήτου.</span> <span class='ocrx_word' id='word_1_57' title='bbox 1582 751 1694 802; x_wconf 71' lang='lat' dir='ltr'><strong>Kal.</strong></span> 
     </span>
    </p>
   </div>
   <div class='ocr_carea' id='block_1_10' title="bbox 88 839 1690 914">
    <p class='ocr_par' dir='ltr' id='par_1_10' title="bbox 88 839 1690 914">
     <span class='ocr_line' id='line_1_10' title="bbox 88 839 1690 914; baseline -0.001 -19"><span class='ocrx_word' id='word_1_58' title='bbox 88 844 177 896; x_wconf 80' lang='grc' dir='ltr'>ὅτι</span> <span class='ocrx_word' id='word_1_59' title='bbox 217 846 268 896; x_wconf 88' lang='grc' dir='ltr'><strong>εί</strong></span> <span class='ocrx_word' id='word_1_60' title='bbox 299 842 553 896; x_wconf 78' lang='grc' dir='ltr'>ἐϐούλετο</span> <span class='ocrx_word' id='word_1_61' title='bbox 590 843 799 906; x_wconf 83' lang='grc' dir='ltr'>πάντας</span> <span class='ocrx_word' id='word_1_62' title='bbox 825 842 1147 914; x_wconf 83' lang='grc' dir='ltr'>ἀνθρώπους</span> <span class='ocrx_word' id='word_1_63' title='bbox 1176 839 1317 896; x_wconf 82' lang='grc' dir='ltr'>εἶναι</span> <span class='ocrx_word' id='word_1_64' title='bbox 1354 841 1652 905; x_wconf 83' lang='grc' dir='ltr'>ἀθανάτους</span> <span class='ocrx_word' id='word_1_65' title='bbox 1676 881 1690 907; x_wconf 94' lang='grc'><strong>,</strong></span> 
     </span>
    </p>
   </div>
   <div class='ocr_carea' id='block_1_11' title="bbox 89 932 1695 1006">
    <p class='ocr_par' dir='ltr' id='par_1_11' title="bbox 89 932 1695 1006">
     <span class='ocr_line' id='line_1_11' title="bbox 89 932 1695 1006; baseline -0.001 -19"><span class='ocrx_word' id='word_1_66' title='bbox 89 934 357 1004; x_wconf 72' lang='grc' dir='ltr'>ἠδύνατο,</span> <span class='ocrx_word' id='word_1_67' title='bbox 386 932 553 999; x_wconf 71' lang='grc' dir='ltr'>ἔδειξε</span> <span class='ocrx_word' id='word_1_68' title='bbox 580 934 671 987; x_wconf 84' lang='grc' dir='ltr'><strong>τὸν</strong></span> <span class='ocrx_word' id='word_1_69' title='bbox 714 934 882 1005; x_wconf 87' lang='grc' dir='ltr'>Ἑνὼχ</span> <span class='ocrx_word' id='word_1_70' title='bbox 911 936 1006 989; x_wconf 79' lang='grc' dir='ltr'><strong>καὶ</strong></span> <span class='ocrx_word' id='word_1_71' title='bbox 1038 935 1130 989; x_wconf 81' lang='grc' dir='ltr'><strong>τὸν</strong></span> <span class='ocrx_word' id='word_1_72' title='bbox 1173 934 1381 999; x_wconf 83' lang='grc' dir='ltr'>Ἠλίαν,</span> <span class='ocrx_word' id='word_1_73' title='bbox 1416 934 1490 1006; x_wconf 85' lang='grc' dir='ltr'><strong>μὴ</strong></span> <span class='ocrx_word' id='word_1_74' title='bbox 1526 933 1695 997; x_wconf 79' lang='grc' dir='ltr'>ἐάσας</span> 
     </span>
    </p>
   </div>
   <div class='ocr_carea' id='block_1_12' title="bbox 91 1025 1695 1098">
    <p class='ocr_par' dir='ltr' id='par_1_12' title="bbox 91 1025 1695 1098">
     <span class='ocr_line' id='line_1_12' title="bbox 91 1025 1695 1098; baseline 0.001 -21"><span class='ocrx_word' id='word_1_75' title='bbox 91 1026 339 1080; x_wconf 84' lang='grc' dir='ltr'>θανάτου</span> <span class='ocrx_word' id='word_1_76' title='bbox 374 1030 570 1098; x_wconf 76' lang='grc' dir='ltr'>πεῖραν</span> <span class='ocrx_word' id='word_1_77' title='bbox 582 1026 785 1080; x_wconf 81' lang='grc' dir='ltr'>λαϐεῖν.</span> <span class='ocrx_word' id='word_1_78' title='bbox 807 1028 872 1081; x_wconf 88' lang='grc' dir='ltr'>Εί</span> <span class='ocrx_word' id='word_1_79' title='bbox 891 1027 948 1081; x_wconf 86' lang='grc' dir='ltr'><strong>δὲ</strong></span> <span class='ocrx_word' id='word_1_80' title='bbox 967 1028 1062 1080; x_wconf 77' lang='grc' dir='ltr'><strong>καὶ</strong></span> <span class='ocrx_word' id='word_1_81' title='bbox 1079 1027 1222 1081; x_wconf 84' lang='grc' dir='ltr'>κατὰ</span> <span class='ocrx_word' id='word_1_82' title='bbox 1249 1025 1437 1095; x_wconf 84' lang='grc' dir='ltr'>γενεὰν</span> <span class='ocrx_word' id='word_1_83' title='bbox 1455 1027 1580 1089; x_wconf 88' lang='grc' dir='ltr'>τοὺς</span> <span class='ocrx_word' id='word_1_84' title='bbox 1604 1043 1695 1079; x_wconf 90' lang='grc' dir='ltr'>τε-</span> 
     </span>
    </p>
   </div>
   <div class='ocr_carea' id='block_1_13' title="bbox 89 1116 1695 1189">
    <p class='ocr_par' dir='ltr' id='par_1_13' title="bbox 89 1116 1695 1189">
     <span class='ocr_line' id='line_1_13' title="bbox 89 1116 1695 1189; baseline 0 -20"><span class='ocrx_word' id='word_1_85' title='bbox 89 1118 403 1180; x_wconf 83' lang='grc' dir='ltr'>λευτῶντας</span> <span class='ocrx_word' id='word_1_86' title='bbox 422 1118 645 1189; x_wconf 80' lang='grc' dir='ltr'>ἀνιστᾷν</span> <span class='ocrx_word' id='word_1_87' title='bbox 672 1117 851 1188; x_wconf 74' lang='grc' dir='ltr'>ἤθελε,</span> <span class='ocrx_word' id='word_1_88' title='bbox 872 1118 966 1171; x_wconf 75' lang='grc' dir='ltr'><strong>καὶ</strong></span> <span class='ocrx_word' id='word_1_89' title='bbox 986 1118 1052 1171; x_wconf 86' lang='grc' dir='ltr'><strong>δι’</strong></span> <span class='ocrx_word' id='word_1_90' title='bbox 1078 1117 1272 1171; x_wconf 79' lang='grc' dir='ltr'>ἑαυτοῦ</span> <span class='ocrx_word' id='word_1_91' title='bbox 1294 1117 1388 1171; x_wconf 74' lang='grc' dir='ltr'><strong>καὶ</strong></span> <span class='ocrx_word' id='word_1_92' title='bbox 1408 1116 1471 1170; x_wconf 88' lang='grc' dir='ltr'><strong>δι’</strong></span> <span class='ocrx_word' id='word_1_93' title='bbox 1492 1116 1695 1187; x_wconf 77' lang='grc' dir='ltr'>ἐτέρων</span> 
     </span>
    </p>
   </div>
   <div class='ocr_carea' id='block_1_14' title="bbox 90 1210 1692 1283">
    <p class='ocr_par' dir='ltr' id='par_1_14' title="bbox 90 1210 1692 1283">
     <span class='ocr_line' id='line_1_14' title="bbox 90 1210 1692 1283; baseline -0.001 -21"><span class='ocrx_word' id='word_1_94' title='bbox 90 1210 258 1263; x_wconf 83' lang='grc' dir='ltr'>τοῦτο</span> <span class='ocrx_word' id='word_1_95' title='bbox 287 1210 448 1279; x_wconf 79' lang='grc' dir='ltr'>δῆλον</span> <span class='ocrx_word' id='word_1_96' title='bbox 485 1211 595 1282; x_wconf 78' lang='grc'><strong>(15)</strong></span> <span class='ocrx_word' id='word_1_97' title='bbox 631 1211 873 1283; x_wconf 77' lang='grc' dir='ltr'>ἐποίησε·</span> <span class='ocrx_word' id='word_1_98' title='bbox 924 1211 1017 1264; x_wconf 86' lang='grc' dir='ltr'><strong>τὸν</strong></span> <span class='ocrx_word' id='word_1_99' title='bbox 1065 1213 1162 1282; x_wconf 81' lang='grc' dir='ltr'>μὲν</span> <span class='ocrx_word' id='word_1_100' title='bbox 1205 1211 1318 1265; x_wconf 80' lang='grc' dir='ltr'>υἱὸν</span> <span class='ocrx_word' id='word_1_101' title='bbox 1358 1211 1459 1280; x_wconf 84' lang='grc' dir='ltr'>τῆς</span> <span class='ocrx_word' id='word_1_102' title='bbox 1497 1212 1692 1281; x_wconf 86' lang='grc' dir='ltr'>χήρας,</span> 
     </span>
    </p>
   </div>
   <div class='ocr_carea' id='block_1_15' title="bbox 88 1300 1697 1375">
    <p class='ocr_par' dir='ltr' id='par_1_15' title="bbox 88 1300 1697 1375">
     <span class='ocr_line' id='line_1_15' title="bbox 88 1300 1697 1375; baseline -0.001 -19"><span class='ocrx_word' id='word_1_103' title='bbox 88 1303 181 1356; x_wconf 79' lang='grc' dir='ltr'><strong>διὰ</strong></span> <span class='ocrx_word' id='word_1_104' title='bbox 241 1303 426 1356; x_wconf 85' lang='grc' dir='ltr'>Ἠλίου</span> <span class='ocrx_word' id='word_1_105' title='bbox 471 1305 785 1375; x_wconf 85' lang='grc' dir='ltr'>ἀναστήσας</span> <span class='ocrx_word' id='word_1_106' title='bbox 804 1340 824 1368; x_wconf 86' lang='lat'><strong>,</strong></span> <span class='ocrx_word' id='word_1_107' title='bbox 862 1304 958 1357; x_wconf 79' lang='grc' dir='ltr'><strong>καὶ</strong></span> <span class='ocrx_word' id='word_1_108' title='bbox 982 1303 1074 1357; x_wconf 77' lang='grc' dir='ltr'><strong>τὸν</strong></span> <span class='ocrx_word' id='word_1_109' title='bbox 1100 1304 1202 1374; x_wconf 80' lang='grc' dir='ltr'>τῆς</span> <span class='ocrx_word' id='word_1_110' title='bbox 1230 1302 1588 1374; x_wconf 86' lang='grc' dir='ltr'>Σωμανίτιδος</span> <span class='ocrx_word' id='word_1_111' title='bbox 1607 1300 1697 1355; x_wconf 84' lang='grc' dir='ltr'><strong>διὰ</strong></span> 
     </span>
    </p>
   </div>
   <div class='ocr_carea' id='block_1_16' title="bbox 103 1391 1695 1468">
    <p class='ocr_par' dir='ltr' id='par_1_16' title="bbox 103 1391 1695 1468">
     <span class='ocr_line' id='line_1_16' title="bbox 103 1391 1695 1468; baseline -0.003 -17"><span class='ocrx_word' id='word_1_112' title='bbox 103 1395 442 1451; x_wconf 73' lang='grc' dir='ltr'>Ἐλισσαίου.</span> <span class='ocrx_word' id='word_1_113' title='bbox 482 1396 787 1467; x_wconf 83' lang='grc' dir='ltr'>Πειθόμεθα</span> <span class='ocrx_word' id='word_1_114' title='bbox 821 1396 877 1450; x_wconf 83' lang='grc' dir='ltr'><strong>δὲ</strong></span> <span class='ocrx_word' id='word_1_115' title='bbox 925 1397 999 1468; x_wconf 84' lang='grc' dir='ltr'>μὴ</span> <span class='ocrx_word' id='word_1_116' title='bbox 1032 1396 1222 1468; x_wconf 81' lang='grc' dir='ltr'>μισθὸν</span> <span class='ocrx_word' id='word_1_117' title='bbox 1259 1396 1530 1467; x_wconf 82' lang='grc' dir='ltr'>τιμωρίας</span> <span class='ocrx_word' id='word_1_118' title='bbox 1557 1391 1695 1448; x_wconf 83' lang='grc' dir='ltr'>εἶναι</span> 
     </span>
    </p>
   </div>
   <div class='ocr_carea' id='block_1_17' title="bbox 87 1482 1693 1560">
    <p class='ocr_par' dir='ltr' id='par_1_17' title="bbox 87 1482 1693 1560">
     <span class='ocr_line' id='line_1_17' title="bbox 87 1482 1693 1560; baseline -0.001 -19"><span class='ocrx_word' id='word_1_119' title='bbox 87 1490 182 1541; x_wconf 80' lang='grc' dir='ltr'><strong>τὸν</strong></span> <span class='ocrx_word' id='word_1_120' title='bbox 206 1488 444 1542; x_wconf 86' lang='grc' dir='ltr'>θάνατον</span> <span class='ocrx_word' id='word_1_121' title='bbox 474 1489 584 1560; x_wconf 78' lang='grc'><strong>(14)</strong></span> <span class='ocrx_word' id='word_1_122' title='bbox 608 1528 623 1553; x_wconf 97' lang='grc'><strong>,</strong></span> <span class='ocrx_word' id='word_1_123' title='bbox 654 1490 713 1554; x_wconf 75' lang='grc' dir='ltr'><strong>ἐξ</strong></span> <span class='ocrx_word' id='word_1_124' title='bbox 742 1482 817 1543; x_wconf 83' lang='grc' dir='ltr'>ὧν</span> <span class='ocrx_word' id='word_1_125' title='bbox 855 1491 1017 1543; x_wconf 80' lang='grc' dir='ltr'>αὑτὸν</span> <span class='ocrx_word' id='word_1_126' title='bbox 1048 1492 1143 1544; x_wconf 75' lang='grc' dir='ltr'><strong>καὶ</strong></span> <span class='ocrx_word' id='word_1_127' title='bbox 1184 1490 1329 1558; x_wconf 83' lang='grc' dir='ltr'>ἆγιοι</span> <span class='ocrx_word' id='word_1_128' title='bbox 1360 1489 1693 1559; x_wconf 82' lang='grc' dir='ltr'>ὑπέστησαν,</span> 
     </span>
    </p>
   </div>
   <div class='ocr_carea' id='block_1_18' title="bbox 86 1579 1693 1655">
    <p class='ocr_par' dir='ltr' id='par_1_18' title="bbox 86 1579 1693 1655">
     <span class='ocr_line' id='line_1_18' title="bbox 86 1579 1693 1655; baseline 0.001 -22"><span class='ocrx_word' id='word_1_129' title='bbox 86 1581 121 1650; x_wconf 78' lang='grc' dir='ltr'><strong>ἦ</strong></span> <span class='ocrx_word' id='word_1_130' title='bbox 156 1582 256 1634; x_wconf 72' lang='grc' dir='ltr'>καὶ</span> <span class='ocrx_word' id='word_1_131' title='bbox 286 1580 453 1644; x_wconf 73' lang='grc' dir='ltr'>αὐτὸς</span> <span class='ocrx_word' id='word_1_132' title='bbox 479 1582 508 1633; x_wconf 98' lang='lat'><strong>6</strong></span> <span class='ocrx_word' id='word_1_133' title='bbox 534 1582 642 1634; x_wconf 90' lang='grc' dir='ltr'><strong>τῶν</strong></span> <span class='ocrx_word' id='word_1_134' title='bbox 672 1582 842 1650; x_wconf 88' lang='grc' dir='ltr'>ἀγίων</span> <span class='ocrx_word' id='word_1_135' title='bbox 863 1582 1065 1655; x_wconf 84' lang='grc' dir='ltr'>Κύριος</span> <span class='ocrx_word' id='word_1_136' title='bbox 1090 1579 1296 1654; x_wconf 82' lang='grc' dir='ltr'>Ἰησοῦς</span> <span class='ocrx_word' id='word_1_137' title='bbox 1323 1582 1351 1635; x_wconf 89' lang='lat'><strong>6</strong></span> <span class='ocrx_word' id='word_1_138' title='bbox 1379 1580 1628 1652; x_wconf 85' lang='grc' dir='ltr'>Χριστὸς,</span> <span class='ocrx_word' id='word_1_139' title='bbox 1658 1582 1693 1651; x_wconf 76' lang='grc' dir='ltr'>ἡ</span> 
     </span>
    </p>
   </div>
   <div class='ocr_carea' id='block_1_19' title="bbox 88 1673 1693 1747">
    <p class='ocr_par' dir='ltr' id='par_1_19' title="bbox 88 1673 1693 1747">
     <span class='ocr_line' id='line_1_19' title="bbox 88 1673 1693 1747; baseline 0.001 -22"><span class='ocrx_word' id='word_1_140' title='bbox 88 1674 211 1745; x_wconf 79' lang='grc' dir='ltr'><strong>ζωὴ</strong></span> <span class='ocrx_word' id='word_1_141' title='bbox 240 1673 357 1726; x_wconf 90' lang='grc' dir='ltr'><strong>τῶν</strong></span> <span class='ocrx_word' id='word_1_142' title='bbox 395 1675 601 1728; x_wconf 82' lang='grc' dir='ltr'>πιστῶν</span> <span class='ocrx_word' id='word_1_143' title='bbox 650 1677 746 1729; x_wconf 76' lang='grc' dir='ltr'>καὶ</span> <span class='ocrx_word' id='word_1_144' title='bbox 778 1678 811 1747; x_wconf 85' lang='grc' dir='ltr'>ἡ</span> <span class='ocrx_word' id='word_1_145' title='bbox 859 1676 1156 1740; x_wconf 87' lang='grc' dir='ltr'>ἀνάστασις</span> <span class='ocrx_word' id='word_1_146' title='bbox 1187 1676 1296 1729; x_wconf 90' lang='grc' dir='ltr'><strong>τῶν</strong></span> <span class='ocrx_word' id='word_1_147' title='bbox 1330 1674 1556 1746; x_wconf 72' lang='grc' dir='ltr'>νεκρῶψ</span> <span class='ocrx_word' id='word_1_148' title='bbox 1605 1673 1693 1727; x_wconf 78' lang='grc' dir='ltr'><strong>διὰ</strong></span> 
     </span>
    </p>
   </div>
   <div class='ocr_carea' id='block_1_20' title="bbox 85 1730 1766 1840">
    <p class='ocr_par' dir='ltr' id='par_1_20' title="bbox 85 1730 1766 1840">
     <span class='ocr_line' id='line_1_20' title="bbox 85 1730 1766 1840; baseline 0.002 -24"><span class='ocrx_word' id='word_1_149' title='bbox 85 1730 255 1817; x_wconf 69' lang='grc' dir='ltr'>τοῦτο</span> <span class='ocrx_word' id='word_1_150' title='bbox 283 1761 381 1818; x_wconf 73' lang='grc' dir='ltr'><strong>οὖν</strong></span> <span class='ocrx_word' id='word_1_151' title='bbox 411 1766 549 1829; x_wconf 80' lang='grc' dir='ltr'>τέως</span> <span class='ocrx_word' id='word_1_152' title='bbox 576 1766 653 1831; x_wconf 85' lang='grc' dir='ltr'>ὡς</span> <span class='ocrx_word' id='word_1_153' title='bbox 680 1766 745 1821; x_wconf 86' lang='grc' dir='ltr'><strong>ἂν</strong></span> <span class='ocrx_word' id='word_1_154' title='bbox 917 1769 975 1822; x_wconf 86' lang='grc' dir='ltr'>ὲν</span> <span class='ocrx_word' id='word_1_155' title='bbox 1010 1730 1368 1840; x_wconf 77' lang='grc' dir='ltr'>μεγάλοπόλει</span> <span class='ocrx_word' id='word_1_156' title='bbox 1538 1767 1689 1820; x_wconf 86' lang='grc' dir='ltr'>πολι-</span> <span class='ocrx_word' id='word_1_157' title='bbox 1724 1730 1766 1790; x_wconf 74' lang='grc' dir='ltr'><strong><em>Β</em></strong></span> 
     </span>
    </p>
   </div>
   <div class='ocr_carea' id='block_1_21' title="bbox 85 1857 1689 1933">
    <p class='ocr_par' dir='ltr' id='par_1_21' title="bbox 85 1857 1689 1933">
     <span class='ocr_line' id='line_1_21' title="bbox 85 1857 1689 1933; baseline 0.004 -25"><span class='ocrx_word' id='word_1_158' title='bbox 85 1857 432 1927; x_wconf 79' lang='grc' dir='ltr'>τευομένοις,</span> <span class='ocrx_word' id='word_1_159' title='bbox 469 1858 607 1929; x_wconf 87' lang='grc' dir='ltr'><strong>μετά</strong></span> <span class='ocrx_word' id='word_1_160' title='bbox 631 1860 756 1923; x_wconf 84' lang='grc' dir='ltr'>τοὺς</span> <span class='ocrx_word' id='word_1_161' title='bbox 784 1860 980 1925; x_wconf 78' lang='grc' dir='ltr'>ἄθλους</span> <span class='ocrx_word' id='word_1_162' title='bbox 1007 1862 1203 1930; x_wconf 76' lang='grc' dir='ltr'>ἐπάγει</span> <span class='ocrx_word' id='word_1_163' title='bbox 1224 1860 1359 1933; x_wconf 85' lang='grc' dir='ltr'>πρὸς</span> <span class='ocrx_word' id='word_1_164' title='bbox 1386 1860 1563 1929; x_wconf 82' lang='grc' dir='ltr'>ὀλίγον</span> <span class='ocrx_word' id='word_1_165' title='bbox 1590 1860 1689 1930; x_wconf 83' lang='grc' dir='ltr'><strong>τὴν</strong></span> 
     </span>
    </p>
   </div>
   <div class='ocr_carea' id='block_1_22' title="bbox 85 1950 1690 2024">
    <p class='ocr_par' dir='ltr' id='par_1_22' title="bbox 85 1950 1690 2024">
     <span class='ocr_line' id='line_1_22' title="bbox 85 1950 1690 2024; baseline 0 -20"><span class='ocrx_word' id='word_1_166' title='bbox 85 1951 365 2015; x_wconf 78' lang='grc' dir='ltr'>διάλυσιν,</span> <span class='ocrx_word' id='word_1_167' title='bbox 402 1952 489 2005; x_wconf 84' lang='grc' dir='ltr'>ἴνα</span> <span class='ocrx_word' id='word_1_168' title='bbox 531 1953 843 2024; x_wconf 82' lang='grc' dir='ltr'>ἀναστήσας</span> <span class='ocrx_word' id='word_1_169' title='bbox 877 1953 1107 2006; x_wconf 74' lang='grc' dir='ltr'>ἕκαστον</span> <span class='ocrx_word' id='word_1_170' title='bbox 1135 1950 1454 2023; x_wconf 76' lang='grc' dir='ltr'>ἀποκηρύξῃ</span> <span class='ocrx_word' id='word_1_171' title='bbox 1499 1950 1609 2023; x_wconf 85' lang='grc'>(17)</span> <span class='ocrx_word' id='word_1_172' title='bbox 1655 1952 1690 2023; x_wconf 83' lang='grc' dir='ltr'><strong>ἧ</strong></span> 
     </span>
    </p>
   </div>
   <div class='ocr_carea' id='block_1_23' title="bbox 87 2044 1694 2118">
    <p class='ocr_par' dir='ltr' id='par_1_23' title="bbox 87 2044 1694 2118">
     <span class='ocr_line' id='line_1_23' title="bbox 87 2044 1694 2118; baseline 0.001 -23"><span class='ocrx_word' id='word_1_173' title='bbox 87 2044 447 2117; x_wconf 79' lang='grc' dir='ltr'>στεφανώσῃ.</span> <span class='ocrx_word' id='word_1_174' title='bbox 493 2045 550 2100; x_wconf 88' lang='lat'><strong>&#39;0</strong></span> <span class='ocrx_word' id='word_1_175' title='bbox 569 2045 678 2118; x_wconf 83' lang='grc' dir='ltr'>γὰρ</span> <span class='ocrx_word' id='word_1_176' title='bbox 706 2044 800 2098; x_wconf 77' lang='grc' dir='ltr'>τοῦ</span> <span class='ocrx_word' id='word_1_177' title='bbox 844 2045 1013 2117; x_wconf 82' lang='grc' dir='ltr'><strong>Ἀδὰμ</strong></span> <span class='ocrx_word' id='word_1_178' title='bbox 1054 2046 1116 2099; x_wconf 84' lang='grc' dir='ltr'><strong>τὸ</strong></span> <span class='ocrx_word' id='word_1_179' title='bbox 1160 2045 1319 2116; x_wconf 85' lang='grc' dir='ltr'>σῶμα</span> <span class='ocrx_word' id='word_1_180' title='bbox 1345 2046 1410 2099; x_wconf 82' lang='grc' dir='ltr'><strong>ἐκ</strong></span> <span class='ocrx_word' id='word_1_181' title='bbox 1442 2045 1547 2115; x_wconf 82' lang='grc' dir='ltr'>γῆς</span> <span class='ocrx_word' id='word_1_182' title='bbox 1575 2062 1694 2097; x_wconf 87' lang='grc' dir='ltr'>ποι-</span> 
     </span>
    </p>
   </div>
   <div class='ocr_carea' id='block_1_24' title="bbox 86 2136 1693 2209">
    <p class='ocr_par' dir='ltr' id='par_1_24' title="bbox 86 2136 1693 2209">
     <span class='ocr_line' id='line_1_24' title="bbox 86 2136 1693 2209; baseline -0.008 -8"><span class='ocrx_word' id='word_1_183' title='bbox 86 2136 237 2205; x_wconf 76' lang='grc' dir='ltr'>ήσας</span> <span class='ocrx_word' id='word_1_184' title='bbox 270 2136 408 2207; x_wconf 80' lang='grc'><strong>(18),</strong></span> <span class='ocrx_word' id='word_1_185' title='bbox 438 2137 657 2191; x_wconf 79' lang='grc' dir='ltr'>καὶτῶν</span> <span class='ocrx_word' id='word_1_186' title='bbox 684 2137 888 2192; x_wconf 81' lang='grc' dir='ltr'>λοιπῶν</span> <span class='ocrx_word' id='word_1_187' title='bbox 908 2137 1116 2192; x_wconf 77' lang='grc' dir='ltr'>καὶτοῦ</span> <span class='ocrx_word' id='word_1_188' title='bbox 1152 2138 1369 2209; x_wconf 86' lang='grc' dir='ltr'>πρώτου</span> <span class='ocrx_word' id='word_1_189' title='bbox 1408 2136 1545 2209; x_wconf 88' lang='grc' dir='ltr'><strong>μετά</strong></span> <span class='ocrx_word' id='word_1_190' title='bbox 1579 2136 1693 2189; x_wconf 69' lang='grc' dir='ltr'>διάσ</span> 
     </span>
    </p>
   </div>
   <div class='ocr_carea' id='block_1_25' title="bbox 84 2226 1692 2303">
    <p class='ocr_par' dir='ltr' id='par_1_25' title="bbox 84 2226 1692 2303">
     <span class='ocr_line' id='line_1_25' title="bbox 84 2226 1692 2303; baseline 0.005 -26"><span class='ocrx_word' id='word_1_191' title='bbox 84 2226 248 2281; x_wconf 77' lang='grc' dir='ltr'>λυσιν</span> <span class='ocrx_word' id='word_1_192' title='bbox 277 2228 343 2280; x_wconf 80' lang='grc' dir='ltr'><strong>τὸ</strong></span> <span class='ocrx_word' id='word_1_193' title='bbox 372 2228 530 2300; x_wconf 91' lang='grc' dir='ltr'>σῶμα</span> <span class='ocrx_word' id='word_1_194' title='bbox 558 2231 877 2302; x_wconf 87' lang='grc' dir='ltr'>ἀναστήσει,</span> <span class='ocrx_word' id='word_1_195' title='bbox 908 2232 1046 2303; x_wconf 83' lang='grc' dir='ltr'>πρὸς</span> <span class='ocrx_word' id='word_1_196' title='bbox 1072 2230 1133 2283; x_wconf 85' lang='grc' dir='ltr'><strong>τὸ</strong></span> <span class='ocrx_word' id='word_1_197' title='bbox 1157 2229 1551 2302; x_wconf 82' lang='grc' dir='ltr'>χρεωστεῖσθαι</span> <span class='ocrx_word' id='word_1_198' title='bbox 1580 2228 1692 2301; x_wconf 78' lang='lat' dir='ltr'><strong>(l9)</strong></span> 
     </span>
    </p>
   </div>
   <div class='ocr_carea' id='block_1_26' title="bbox 84 2319 1695 2395">
    <p class='ocr_par' dir='ltr' id='par_1_26' title="bbox 84 2319 1695 2395">
     <span class='ocr_line' id='line_1_26' title="bbox 84 2319 1695 2395; baseline 0.003 -24"><span class='ocrx_word' id='word_1_199' title='bbox 84 2319 256 2372; x_wconf 77' lang='grc' dir='ltr'>τοῦτο</span> <span class='ocrx_word' id='word_1_200' title='bbox 296 2323 364 2391; x_wconf 82' lang='grc' dir='ltr'>τῇ</span> <span class='ocrx_word' id='word_1_201' title='bbox 395 2321 584 2394; x_wconf 78' lang='grc' dir='ltr'>λογικῇ</span> <span class='ocrx_word' id='word_1_202' title='bbox 615 2323 721 2375; x_wconf 88' lang='grc' dir='ltr'><strong>τῶν</strong></span> <span class='ocrx_word' id='word_1_203' title='bbox 748 2322 1051 2395; x_wconf 84' lang='grc' dir='ltr'>ἀνθρώπων</span> <span class='ocrx_word' id='word_1_204' title='bbox 1080 2322 1261 2392; x_wconf 84' lang='grc' dir='ltr'>φύσει,</span> <span class='ocrx_word' id='word_1_205' title='bbox 1290 2321 1519 2393; x_wconf 81' lang='grc' dir='ltr'>λέγομεν</span> <span class='ocrx_word' id='word_1_206' title='bbox 1549 2321 1615 2393; x_wconf 87' lang='grc' dir='ltr'><strong>δὴ</strong></span> <span class='ocrx_word' id='word_1_207' title='bbox 1630 2322 1695 2376; x_wconf 73' lang='grc' dir='ltr'>τὸ</span> 
     </span>
    </p>
   </div>
   <div class='ocr_carea' id='block_1_27' title="bbox 86 2408 1695 2487">
    <p class='ocr_par' dir='ltr' id='par_1_27' title="bbox 86 2408 1695 2487">
     <span class='ocr_line' id='line_1_27' title="bbox 86 2408 1695 2487; baseline 0.005 -27"><span class='ocrx_word' id='word_1_208' title='bbox 86 2408 443 2477; x_wconf 75' lang='grc' dir='ltr'>διαιωνίζειν.</span> <span class='ocrx_word' id='word_1_209' title='bbox 462 2415 518 2467; x_wconf 86' lang='grc' dir='ltr'><em>Ὀ</em></span> <span class='ocrx_word' id='word_1_210' title='bbox 540 2415 717 2468; x_wconf 88' lang='grc' dir='ltr'>τοίνυν</span> <span class='ocrx_word' id='word_1_211' title='bbox 743 2415 840 2487; x_wconf 79' lang='grc' dir='ltr'><strong>τὴν</strong></span> <span class='ocrx_word' id='word_1_212' title='bbox 868 2415 1107 2469; x_wconf 87' lang='grc' dir='ltr'>διάλυσιν</span> <span class='ocrx_word' id='word_1_213' title='bbox 1136 2415 1379 2485; x_wconf 78' lang='grc' dir='ltr'>ἐπάγων,</span> <span class='ocrx_word' id='word_1_214' title='bbox 1410 2415 1573 2478; x_wconf 69' lang='grc' dir='ltr'>αὐτὸς</span> <span class='ocrx_word' id='word_1_215' title='bbox 1599 2416 1695 2479; x_wconf 67' lang='grc' dir='ltr'><strong>καὶ</strong></span> 
     </span>
    </p>
   </div>
   <div class='ocr_carea' id='block_1_28' title="bbox 86 2501 1694 2573">
    <p class='ocr_par' dir='ltr' id='par_1_28' title="bbox 86 2501 1694 2573">
     <span class='ocr_line' id='line_1_28' title="bbox 86 2501 1694 2573; baseline 0.003 -20"><span class='ocrx_word' id='word_1_216' title='bbox 86 2501 193 2573; x_wconf 75' lang='grc' dir='ltr'>τὴν</span> <span class='ocrx_word' id='word_1_217' title='bbox 221 2503 522 2560; x_wconf 85' lang='grc' dir='ltr'>ἀνάστασιν</span> <span class='ocrx_word' id='word_1_218' title='bbox 551 2510 800 2560; x_wconf 85' lang='grc' dir='ltr'>ποιεῖται·</span> <span class='ocrx_word' id='word_1_219' title='bbox 838 2509 931 2561; x_wconf 80' lang='grc' dir='ltr'><strong>καὶ</strong></span> <span class='ocrx_word' id='word_1_220' title='bbox 950 2510 978 2562; x_wconf 89' lang='lat'><strong>6</strong></span> <span class='ocrx_word' id='word_1_221' title='bbox 997 2506 1184 2562; x_wconf 77' lang='grc' dir='ltr'>εἰπών’</span> <span class='ocrx_word' id='word_1_222' title='bbox 1224 2509 1378 2561; x_wconf 78' lang='grc' dir='ltr'>«Ὅτι</span> <span class='ocrx_word' id='word_1_223' title='bbox 1406 2506 1563 2559; x_wconf 69' lang='grc' dir='ltr'>ἔλαϐε</span> <span class='ocrx_word' id='word_1_224' title='bbox 1578 2506 1694 2559; x_wconf 83' lang='grc' dir='ltr'><strong>Κύ-</strong></span> 
     </span>
    </p>
   </div>
   <div class='ocr_carea' id='block_1_29' title="bbox 1797 470 3378 544">
    <p class='ocr_par' dir='ltr' id='par_1_29' title="bbox 1797 470 3378 544">
     <span class='ocr_line' id='line_1_29' title="bbox 1797 470 3378 544; baseline -0.001 -17"><span class='ocrx_word' id='word_1_225' title='bbox 1797 482 1977 528; x_wconf 87' lang='lat' dir='ltr'><strong>torum</strong></span> <span class='ocrx_word' id='word_1_226' title='bbox 2012 472 2185 544; x_wconf 78' lang='lat' dir='ltr'><strong>gloria</strong></span> <span class='ocrx_word' id='word_1_227' title='bbox 2212 472 2540 535; x_wconf 87' lang='lat' dir='ltr'><strong>immortali.</strong></span> <span class='ocrx_word' id='word_1_228' title='bbox 2573 482 2628 526; x_wconf 87' lang='lat' dir='ltr'><strong>et</strong></span> <span class='ocrx_word' id='word_1_229' title='bbox 2656 470 2723 527; x_wconf 91' lang='lat' dir='ltr'><strong>de</strong></span> <span class='ocrx_word' id='word_1_230' title='bbox 2754 471 3045 542; x_wconf 91' lang='lat' dir='ltr'><strong>impiorum</strong></span> <span class='ocrx_word' id='word_1_231' title='bbox 3077 472 3378 542; x_wconf 89' lang='lat' dir='ltr'><strong>supplicio,</strong></span> 
     </span>
    </p>
   </div>
   <div class='ocr_carea' id='block_1_30' title="bbox 1794 563 3382 635">
    <p class='ocr_par' dir='ltr' id='par_1_30' title="bbox 1794 563 3382 635">
     <span class='ocr_line' id='line_1_30' title="bbox 1794 563 3382 635; baseline -0.001 -14"><span class='ocrx_word' id='word_1_232' title='bbox 1794 581 1962 632; x_wconf 88' lang='lat' dir='ltr'><strong>casu,</strong></span> <span class='ocrx_word' id='word_1_233' title='bbox 1997 565 2323 635; x_wconf 88' lang='lat' dir='ltr'><strong>rejectione,</strong></span> <span class='ocrx_word' id='word_1_234' title='bbox 2363 564 2750 627; x_wconf 80' lang='lat' dir='ltr'><strong>damnatione,</strong></span> <span class='ocrx_word' id='word_1_235' title='bbox 2797 563 3132 634; x_wconf 81' lang='lat' dir='ltr'><strong>ignominia,</strong></span> <span class='ocrx_word' id='word_1_236' title='bbox 3173 570 3382 619; x_wconf 63' lang='lat' dir='ltr'><strong>aeterm</strong></span> 
     </span>
    </p>
   </div>
   <div class='ocr_carea' id='block_1_31' title="bbox 1795 655 3386 728">
    <p class='ocr_par' dir='ltr' id='par_1_31' title="bbox 1795 655 3386 728">
     <span class='ocr_line' id='line_1_31' title="bbox 1795 655 3386 728; baseline -0.001 -17"><span class='ocrx_word' id='word_1_237' title='bbox 1795 658 1953 728; x_wconf 84' lang='lat' dir='ltr'><strong>igne,</strong></span> <span class='ocrx_word' id='word_1_238' title='bbox 1987 664 2042 713; x_wconf 87' lang='lat' dir='ltr'><strong>et</strong></span> <span class='ocrx_word' id='word_1_239' title='bbox 2069 672 2254 712; x_wconf 88' lang='lat' dir='ltr'><strong>verme</strong></span> <span class='ocrx_word' id='word_1_240' title='bbox 2288 665 2552 727; x_wconf 87' lang='lat' dir='ltr'><strong>perpetuo</strong></span> <span class='ocrx_word' id='word_1_241' title='bbox 2577 656 2642 712; x_wconf 85' lang='grc'>¹⁶.</span> <span class='ocrx_word' id='word_1_242' title='bbox 2685 655 2843 722; x_wconf 83' lang='lat' dir='ltr'><strong>Quod</strong></span> <span class='ocrx_word' id='word_1_243' title='bbox 2884 671 3012 710; x_wconf 90' lang='lat' dir='ltr'><strong>vero</strong></span> <span class='ocrx_word' id='word_1_244' title='bbox 3043 656 3091 710; x_wconf 90' lang='lat' dir='ltr'><strong>si</strong></span> <span class='ocrx_word' id='word_1_245' title='bbox 3113 656 3386 712; x_wconf 65' lang='lat' dir='ltr'><strong>voluisses</strong></span> 
     </span>
    </p>
   </div>
   <div class='ocr_carea' id='block_1_32' title="bbox 1794 746 3382 816">
    <p class='ocr_par' dir='ltr' id='par_1_32' title="bbox 1794 746 3382 816">
     <span class='ocr_line' id='line_1_32' title="bbox 1794 746 3382 816; baseline -0.003 -10"><span class='ocrx_word' id='word_1_246' title='bbox 1794 766 1986 806; x_wconf 91' lang='lat' dir='ltr'><strong>omnes</strong></span> <span class='ocrx_word' id='word_1_247' title='bbox 2026 749 2277 804; x_wconf 85' lang='lat' dir='ltr'><strong>homines</strong></span> <span class='ocrx_word' id='word_1_248' title='bbox 2309 764 2434 805; x_wconf 88' lang='lat' dir='ltr'><strong>esse</strong></span> <span class='ocrx_word' id='word_1_249' title='bbox 2478 748 2817 802; x_wconf 76' lang='lat' dir='ltr'><strong>immortales</strong></span> <span class='ocrx_word' id='word_1_250' title='bbox 2840 787 2855 810; x_wconf 90' lang='lat'><strong>,</strong></span> <span class='ocrx_word' id='word_1_251' title='bbox 2889 747 2944 801; x_wconf 90' lang='lat' dir='ltr'><strong>id</strong></span> <span class='ocrx_word' id='word_1_252' title='bbox 2976 746 3156 803; x_wconf 81' lang='lat' dir='ltr'><strong>facere</strong></span> <span class='ocrx_word' id='word_1_253' title='bbox 3185 755 3382 816; x_wconf 85' lang='lat' dir='ltr'><strong>potue-</strong></span> 
     </span>
    </p>
   </div>
   <div class='ocr_carea' id='block_1_33' title="bbox 1796 839 3383 913">
    <p class='ocr_par' dir='ltr' id='par_1_33' title="bbox 1796 839 3383 913">
     <span class='ocr_line' id='line_1_33' title="bbox 1796 839 3383 913; baseline -0.002 -15"><span class='ocrx_word' id='word_1_254' title='bbox 1796 846 1902 907; x_wconf 90' lang='lat' dir='ltr'><strong>rit,</strong></span> <span class='ocrx_word' id='word_1_255' title='bbox 1935 843 2176 899; x_wconf 86' lang='lat' dir='ltr'><strong>ostendit</strong></span> <span class='ocrx_word' id='word_1_256' title='bbox 2208 858 2305 913; x_wconf 90' lang='lat' dir='ltr'><strong>per</strong></span> <span class='ocrx_word' id='word_1_257' title='bbox 2336 841 2619 896; x_wconf 86' lang='lat' dir='ltr'><strong>Euocbum</strong></span> <span class='ocrx_word' id='word_1_258' title='bbox 2666 849 2720 896; x_wconf 82' lang='lat' dir='ltr'><strong>et</strong></span> <span class='ocrx_word' id='word_1_259' title='bbox 2756 839 2928 894; x_wconf 89' lang='lat' dir='ltr'><strong>Eliam</strong></span> <span class='ocrx_word' id='word_1_260' title='bbox 2955 880 2968 903; x_wconf 89' lang='lat'><strong>,</strong></span> <span class='ocrx_word' id='word_1_261' title='bbox 3016 854 3157 910; x_wconf 88' lang='lat' dir='ltr'><strong>quos</strong></span> <span class='ocrx_word' id='word_1_262' title='bbox 3187 839 3383 895; x_wconf 74' lang='lat' dir='ltr'><strong>mortis</strong></span> 
     </span>
    </p>
   </div>
   <div class='ocr_carea' id='block_1_34' title="bbox 1794 931 3382 1006">
    <p class='ocr_par' dir='ltr' id='par_1_34' title="bbox 1794 931 3382 1006">
     <span class='ocr_line' id='line_1_34' title="bbox 1794 931 3382 1006; baseline -0.004 -14"><span class='ocrx_word' id='word_1_263' title='bbox 1794 936 2098 1006; x_wconf 87' lang='lat' dir='ltr'><strong>periculum</strong></span> <span class='ocrx_word' id='word_1_264' title='bbox 2141 935 2323 990; x_wconf 83' lang='lat' dir='ltr'><strong>lacere</strong></span> <span class='ocrx_word' id='word_1_265' title='bbox 2355 949 2463 988; x_wconf 92' lang='lat' dir='ltr'><strong>non</strong></span> <span class='ocrx_word' id='word_1_266' title='bbox 2497 934 2747 1004; x_wconf 85' lang='lat' dir='ltr'><strong>permisit</strong></span> <span class='ocrx_word' id='word_1_267' title='bbox 2772 934 2835 987; x_wconf 85' lang='grc'>¹⁷.</span> <span class='ocrx_word' id='word_1_268' title='bbox 2879 932 2946 986; x_wconf 90' lang='lat' dir='ltr'><strong>Et</strong></span> <span class='ocrx_word' id='word_1_269' title='bbox 2977 931 3125 1003; x_wconf 89' lang='lat' dir='ltr'><strong>quod</strong></span> <span class='ocrx_word' id='word_1_270' title='bbox 3154 946 3256 1002; x_wconf 89' lang='lat' dir='ltr'><strong>pro</strong></span> <span class='ocrx_word' id='word_1_271' title='bbox 3283 947 3382 985; x_wconf 83' lang='lat' dir='ltr'><strong>vo-</strong></span> 
     </span>
    </p>
   </div>
   <div class='ocr_carea' id='block_1_35' title="bbox 1795 1022 3382 1099">
    <p class='ocr_par' dir='ltr' id='par_1_35' title="bbox 1795 1022 3382 1099">
     <span class='ocr_line' id='line_1_35' title="bbox 1795 1022 3382 1099; baseline -0.004 -16"><span class='ocrx_word' id='word_1_272' title='bbox 1795 1030 2008 1085; x_wconf 89' lang='lat' dir='ltr'><strong>luntate</strong></span> <span class='ocrx_word' id='word_1_273' title='bbox 2068 1035 2395 1099; x_wconf 89' lang='lat' dir='ltr'><strong>potestatem</strong></span> <span class='ocrx_word' id='word_1_274' title='bbox 2454 1026 2743 1092; x_wconf 86' lang='lat' dir='ltr'><strong>habuerit,</strong></span> <span class='ocrx_word' id='word_1_275' title='bbox 2804 1032 3053 1079; x_wconf 86' lang='lat' dir='ltr'><strong>mortuos</strong></span> <span class='ocrx_word' id='word_1_276' title='bbox 3102 1022 3382 1079; x_wconf 81' lang='lat' dir='ltr'><strong>excitandi</strong></span> 
     </span>
    </p>
   </div>
   <div class='ocr_carea' id='block_1_36' title="bbox 1795 1116 3382 1194">
    <p class='ocr_par' dir='ltr' id='par_1_36' title="bbox 1795 1116 3382 1194">
     <span class='ocr_line' id='line_1_36' title="bbox 1795 1116 3382 1194; baseline -0.005 -17"><span class='ocrx_word' id='word_1_277' title='bbox 1795 1123 2026 1194; x_wconf 85' lang='lat' dir='ltr'><strong>singulis</strong></span> <span class='ocrx_word' id='word_1_278' title='bbox 2053 1122 2290 1188; x_wconf 68' lang='lat' dir='ltr'><strong>SthuliS,</strong></span> <span class='ocrx_word' id='word_1_279' title='bbox 2320 1128 2437 1176; x_wconf 91' lang='lat' dir='ltr'><strong>tum</strong></span> <span class='ocrx_word' id='word_1_280' title='bbox 2460 1136 2557 1191; x_wconf 88' lang='lat' dir='ltr'><strong>per</strong></span> <span class='ocrx_word' id='word_1_281' title='bbox 2588 1126 2797 1185; x_wconf 79' lang='lat' dir='ltr'><strong>se,tum</strong></span> <span class='ocrx_word' id='word_1_282' title='bbox 2832 1133 2929 1188; x_wconf 87' lang='lat' dir='ltr'><strong>per</strong></span> <span class='ocrx_word' id='word_1_283' title='bbox 2959 1116 3188 1181; x_wconf 90' lang='lat' dir='ltr'><strong>alios,id</strong></span> <span class='ocrx_word' id='word_1_284' title='bbox 3203 1118 3382 1170; x_wconf 82' lang='lat' dir='ltr'><strong>maui-</strong></span> 
     </span>
    </p>
   </div>
   <div class='ocr_carea' id='block_1_37' title="bbox 1796 1209 3381 1284">
    <p class='ocr_par' dir='ltr' id='par_1_37' title="bbox 1796 1209 3381 1284">
     <span class='ocr_line' id='line_1_37' title="bbox 1796 1209 3381 1284; baseline -0.004 -15"><span class='ocrx_word' id='word_1_285' title='bbox 1796 1214 1998 1271; x_wconf 83' lang='lat' dir='ltr'><strong>festum</strong></span> <span class='ocrx_word' id='word_1_286' title='bbox 2029 1214 2190 1282; x_wconf 79' lang='lat' dir='ltr'><strong>fecit;</strong></span> <span class='ocrx_word' id='word_1_287' title='bbox 2222 1214 2445 1284; x_wconf 87' lang='lat' dir='ltr'><strong>quando</strong></span> <span class='ocrx_word' id='word_1_288' title='bbox 2475 1212 2645 1266; x_wconf 82' lang='lat' dir='ltr'><strong>lilium</strong></span> <span class='ocrx_word' id='word_1_289' title='bbox 2696 1210 2875 1266; x_wconf 74' lang='lat' dir='ltr'><strong>vidua:</strong></span> <span class='ocrx_word' id='word_1_290' title='bbox 2898 1225 2995 1280; x_wconf 91' lang='lat' dir='ltr'><strong>per</strong></span> <span class='ocrx_word' id='word_1_291' title='bbox 3025 1209 3198 1263; x_wconf 77' lang='lat' dir='ltr'><strong>Etiam</strong></span> <span class='ocrx_word' id='word_1_292' title='bbox 3225 1210 3293 1274; x_wconf 63' lang='grc'>’⁸,</span> <span class='ocrx_word' id='word_1_293' title='bbox 3322 1215 3381 1264; x_wconf 87' lang='lat' dir='ltr'><strong>et</strong></span> 
     </span>
    </p>
   </div>
   <div class='ocr_carea' id='block_1_38' title="bbox 1800 1305 3372 1383">
    <p class='ocr_par' dir='ltr' id='par_1_38' title="bbox 1800 1305 3372 1383">
     <span class='ocr_line' id='line_1_38' title="bbox 1800 1305 3372 1383; baseline -0.004 -16"><span class='ocrx_word' id='word_1_294' title='bbox 1800 1312 1971 1367; x_wconf 87' lang='lat' dir='ltr'><strong>lllium</strong></span> <span class='ocrx_word' id='word_1_295' title='bbox 1999 1312 2352 1369; x_wconf 90' lang='lat' dir='ltr'><strong>Sunamitidis</strong></span> <span class='ocrx_word' id='word_1_296' title='bbox 2375 1327 2468 1383; x_wconf 86' lang='lat' dir='ltr'><strong>per</strong></span> <span class='ocrx_word' id='word_1_297' title='bbox 2493 1313 2745 1367; x_wconf 68' lang='lat' dir='ltr'><strong>Elisaeum</strong></span> <span class='ocrx_word' id='word_1_298' title='bbox 2777 1308 3125 1366; x_wconf 89' lang='lat' dir='ltr'><strong>resuscitavit</strong></span> <span class='ocrx_word' id='word_1_299' title='bbox 3144 1307 3210 1361; x_wconf 77' lang='lat'><strong>”.</strong></span> <span class='ocrx_word' id='word_1_300' title='bbox 3238 1305 3372 1362; x_wconf 85' lang='lat' dir='ltr'><strong>Per-</strong></span> 
     </span>
    </p>
   </div>
   <div class='ocr_carea' id='block_1_39' title="bbox 1800 1404 3375 1467">
    <p class='ocr_par' dir='ltr' id='par_1_39' title="bbox 1800 1404 3375 1467">
     <span class='ocr_line' id='line_1_39' title="bbox 1800 1404 3375 1467; baseline -0.006 -4"><span class='ocrx_word' id='word_1_301' title='bbox 1800 1421 2025 1464; x_wconf 84' lang='lat' dir='ltr'><strong>suasum</strong></span> <span class='ocrx_word' id='word_1_302' title='bbox 2059 1415 2241 1462; x_wconf 86' lang='lat' dir='ltr'><strong>autem</strong></span> <span class='ocrx_word' id='word_1_303' title='bbox 2283 1405 2571 1467; x_wconf 87' lang='lat' dir='ltr'><strong>habemus,</strong></span> <span class='ocrx_word' id='word_1_304' title='bbox 2607 1404 2816 1460; x_wconf 90' lang='lat' dir='ltr'><strong>obitum</strong></span> <span class='ocrx_word' id='word_1_305' title='bbox 2862 1417 2970 1457; x_wconf 92' lang='lat' dir='ltr'><strong>non</strong></span> <span class='ocrx_word' id='word_1_306' title='bbox 3012 1416 3134 1457; x_wconf 89' lang='lat' dir='ltr'><strong>esse</strong></span> <span class='ocrx_word' id='word_1_307' title='bbox 3162 1414 3375 1455; x_wconf 72' lang='lat' dir='ltr'><strong>merce~</strong></span> 
     </span>
    </p>
   </div>
   <div class='ocr_carea' id='block_1_40' title="bbox 1799 1490 3371 1568">
    <p class='ocr_par' dir='ltr' id='par_1_40' title="bbox 1799 1490 3371 1568">
     <span class='ocr_line' id='line_1_40' title="bbox 1799 1490 3371 1568; baseline -0.006 -15"><span class='ocrx_word' id='word_1_308' title='bbox 1799 1499 1922 1553; x_wconf 89' lang='lat' dir='ltr'><strong>dem</strong></span> <span class='ocrx_word' id='word_1_309' title='bbox 1955 1497 2230 1568; x_wconf 90' lang='lat' dir='ltr'><strong>supplicii,</strong></span> <span class='ocrx_word' id='word_1_310' title='bbox 2274 1512 2398 1553; x_wconf 86' lang='lat' dir='ltr'><strong>cum</strong></span> <span class='ocrx_word' id='word_1_311' title='bbox 2438 1504 2494 1552; x_wconf 88' lang='lat' dir='ltr'><strong>et</strong></span> <span class='ocrx_word' id='word_1_312' title='bbox 2526 1495 2699 1552; x_wconf 85' lang='lat' dir='ltr'><strong>sancti</strong></span> <span class='ocrx_word' id='word_1_313' title='bbox 2736 1494 2888 1548; x_wconf 91' lang='lat' dir='ltr'><strong>illum</strong></span> <span class='ocrx_word' id='word_1_314' title='bbox 2936 1491 3226 1557; x_wconf 86' lang='lat' dir='ltr'><strong>subierint,</strong></span> <span class='ocrx_word' id='word_1_315' title='bbox 3257 1490 3371 1545; x_wconf 90' lang='lat' dir='ltr'><strong>imo</strong></span> 
     </span>
    </p>
   </div>
   <div class='ocr_carea' id='block_1_41' title="bbox 1799 1582 3373 1660">
    <p class='ocr_par' dir='ltr' id='par_1_41' title="bbox 1799 1582 3373 1660">
     <span class='ocr_line' id='line_1_41' title="bbox 1799 1582 3373 1660; baseline -0.005 -15"><span class='ocrx_word' id='word_1_316' title='bbox 1799 1600 1854 1645; x_wconf 90' lang='lat' dir='ltr'><strong>et</strong></span> <span class='ocrx_word' id='word_1_317' title='bbox 1876 1590 1991 1660; x_wconf 90' lang='lat' dir='ltr'><strong>ipse</strong></span> <span class='ocrx_word' id='word_1_318' title='bbox 2013 1598 2329 1646; x_wconf 87' lang='lat' dir='ltr'><strong>sanctorum</strong></span> <span class='ocrx_word' id='word_1_319' title='bbox 2349 1589 2613 1643; x_wconf 85' lang='lat' dir='ltr'><strong>Dominus</strong></span> <span class='ocrx_word' id='word_1_320' title='bbox 2631 1585 2790 1642; x_wconf 90' lang='lat' dir='ltr'><strong>Jesus</strong></span> <span class='ocrx_word' id='word_1_321' title='bbox 2808 1585 3079 1649; x_wconf 86' lang='lat' dir='ltr'><strong>Christus,</strong></span> <span class='ocrx_word' id='word_1_322' title='bbox 3096 1584 3208 1637; x_wconf 87' lang='lat' dir='ltr'><strong>vita</strong></span> <span class='ocrx_word' id='word_1_323' title='bbox 3234 1582 3373 1638; x_wconf 85' lang='lat' dir='ltr'><strong>ﬁde-</strong></span> 
     </span>
    </p>
   </div>
   <div class='ocr_carea' id='block_1_42' title="bbox 1799 1674 3372 1747">
    <p class='ocr_par' dir='ltr' id='par_1_42' title="bbox 1799 1674 3372 1747">
     <span class='ocr_line' id='line_1_42' title="bbox 1799 1674 3372 1747; baseline -0.004 -12"><span class='ocrx_word' id='word_1_324' title='bbox 1799 1681 1957 1747; x_wconf 90' lang='lat' dir='ltr'><strong>lium,</strong></span> <span class='ocrx_word' id='word_1_325' title='bbox 1981 1696 2046 1737; x_wconf 90' lang='lat' dir='ltr'><strong>ac</strong></span> <span class='ocrx_word' id='word_1_326' title='bbox 2073 1680 2404 1736; x_wconf 87' lang='lat' dir='ltr'><strong>resurrectio</strong></span> <span class='ocrx_word' id='word_1_327' title='bbox 2439 1688 2804 1733; x_wconf 91' lang='lat' dir='ltr'><strong>mortuorum.</strong></span> <span class='ocrx_word' id='word_1_328' title='bbox 2854 1674 3061 1731; x_wconf 85' lang='lat' dir='ltr'><strong>Idcirco</strong></span> <span class='ocrx_word' id='word_1_329' title='bbox 3101 1674 3267 1744; x_wconf 78' lang='lat' dir='ltr'><strong>igitur</strong></span> <span class='ocrx_word' id='word_1_330' title='bbox 3303 1674 3372 1728; x_wconf 91' lang='lat' dir='ltr'><strong>ad</strong></span> 
     </span>
    </p>
   </div>
   <div class='ocr_carea' id='block_1_43' title="bbox 1797 1767 3375 1845">
    <p class='ocr_par' dir='ltr' id='par_1_43' title="bbox 1797 1767 3375 1845">
     <span class='ocr_line' id='line_1_43' title="bbox 1797 1767 3375 1845; baseline -0.005 -15"><span class='ocrx_word' id='word_1_331' title='bbox 1797 1784 2015 1844; x_wconf 88' lang='lat' dir='ltr'><strong>tempus</strong></span> <span class='ocrx_word' id='word_1_332' title='bbox 2063 1774 2221 1845; x_wconf 92' lang='lat' dir='ltr'><strong>quasi</strong></span> <span class='ocrx_word' id='word_1_333' title='bbox 2271 1774 2327 1827; x_wconf 90' lang='lat' dir='ltr'><strong>in</strong></span> <span class='ocrx_word' id='word_1_334' title='bbox 2367 1786 2562 1842; x_wconf 87' lang='lat' dir='ltr'><strong>magna</strong></span> <span class='ocrx_word' id='word_1_335' title='bbox 2608 1770 2826 1825; x_wconf 83' lang='lat' dir='ltr'><strong>civitate</strong></span> <span class='ocrx_word' id='word_1_336' title='bbox 2867 1767 3209 1840; x_wconf 78' lang='lat' dir='ltr'><strong>degentibus,</strong></span> <span class='ocrx_word' id='word_1_337' title='bbox 3250 1774 3375 1837; x_wconf 86' lang='lat' dir='ltr'><strong>post</strong></span> 
     </span>
    </p>
   </div>
   <div class='ocr_carea' id='block_1_44' title="bbox 1798 1858 3373 1931">
    <p class='ocr_par' dir='ltr' id='par_1_44' title="bbox 1798 1858 3373 1931">
     <span class='ocr_line' id='line_1_44' title="bbox 1798 1858 3373 1931; baseline -0.008 -9"><span class='ocrx_word' id='word_1_338' title='bbox 1798 1866 2122 1929; x_wconf 86' lang='lat' dir='ltr'><strong>certamina,</strong></span> <span class='ocrx_word' id='word_1_339' title='bbox 2148 1865 2356 1920; x_wconf 91' lang='lat' dir='ltr'><strong>inducit</strong></span> <span class='ocrx_word' id='word_1_340' title='bbox 2379 1865 2446 1919; x_wconf 91' lang='lat' dir='ltr'><strong>ad</strong></span> <span class='ocrx_word' id='word_1_341' title='bbox 2468 1863 2628 1918; x_wconf 83' lang='lat' dir='ltr'><strong>breve</strong></span> <span class='ocrx_word' id='word_1_342' title='bbox 2655 1873 2867 1931; x_wconf 90' lang='lat' dir='ltr'><strong>tempus</strong></span> <span class='ocrx_word' id='word_1_343' title='bbox 2886 1870 3141 1923; x_wconf 86' lang='lat' dir='ltr'><strong>mortem,</strong></span> <span class='ocrx_word' id='word_1_344' title='bbox 3170 1867 3231 1912; x_wconf 94' lang='lat' dir='ltr'><strong>ut</strong></span> <span class='ocrx_word' id='word_1_345' title='bbox 3254 1858 3373 1913; x_wconf 90' lang='lat' dir='ltr'><strong>sin-</strong></span> 
     </span>
    </p>
   </div>
   <div class='ocr_carea' id='block_1_45' title="bbox 1797 1949 3371 2030">
    <p class='ocr_par' dir='ltr' id='par_1_45' title="bbox 1797 1949 3371 2030">
     <span class='ocr_line' id='line_1_45' title="bbox 1797 1949 3371 2030; baseline -0.005 -18"><span class='ocrx_word' id='word_1_346' title='bbox 1797 1958 1956 2030; x_wconf 86' lang='lat' dir='ltr'><strong>gulos</strong></span> <span class='ocrx_word' id='word_1_347' title='bbox 1975 1959 2308 2014; x_wconf 87' lang='lat' dir='ltr'><strong>resuscitans</strong></span> <span class='ocrx_word' id='word_1_348' title='bbox 2326 1965 2425 2012; x_wconf 87' lang='lat' dir='ltr'><strong>aut</strong></span> <span class='ocrx_word' id='word_1_349' title='bbox 2442 1957 2711 2027; x_wconf 88' lang='lat' dir='ltr'><strong>reprobet,</strong></span> <span class='ocrx_word' id='word_1_350' title='bbox 2736 1962 2833 2009; x_wconf 91' lang='lat' dir='ltr'><strong>aut</strong></span> <span class='ocrx_word' id='word_1_351' title='bbox 2846 1961 3094 2010; x_wconf 85' lang='lat' dir='ltr'><strong>coronet.</strong></span> <span class='ocrx_word' id='word_1_352' title='bbox 3114 1949 3251 2006; x_wconf 85' lang='lat' dir='ltr'><strong>Nam</strong></span> <span class='ocrx_word' id='word_1_353' title='bbox 3273 1950 3371 2020; x_wconf 89' lang='lat' dir='ltr'><strong>qui</strong></span> 
     </span>
    </p>
   </div>
   <div class='ocr_carea' id='block_1_46' title="bbox 1800 2045 3370 2120">
    <p class='ocr_par' dir='ltr' id='par_1_46' title="bbox 1800 2045 3370 2120">
     <span class='ocr_line' id='line_1_46' title="bbox 1800 2045 3370 2120; baseline -0.006 -15"><span class='ocrx_word' id='word_1_354' title='bbox 1800 2050 1995 2105; x_wconf 86' lang='lat' dir='ltr'><strong>Adami</strong></span> <span class='ocrx_word' id='word_1_355' title='bbox 2029 2065 2229 2120; x_wconf 91' lang='lat' dir='ltr'><strong>corpus</strong></span> <span class='ocrx_word' id='word_1_356' title='bbox 2260 2065 2328 2104; x_wconf 75' lang='lat' dir='ltr'><strong>ex</strong></span> <span class='ocrx_word' id='word_1_357' title='bbox 2358 2059 2504 2104; x_wconf 87' lang='lat' dir='ltr'><strong>terra</strong></span> <span class='ocrx_word' id='word_1_358' title='bbox 2532 2048 2679 2113; x_wconf 81' lang='lat' dir='ltr'><strong>fecit,</strong></span> <span class='ocrx_word' id='word_1_359' title='bbox 2716 2056 2840 2117; x_wconf 90' lang='lat' dir='ltr'><strong>post</strong></span> <span class='ocrx_word' id='word_1_360' title='bbox 2866 2045 3144 2100; x_wconf 88' lang='lat' dir='ltr'><strong>interitum</strong></span> <span class='ocrx_word' id='word_1_361' title='bbox 3167 2057 3370 2113; x_wconf 86' lang='lat' dir='ltr'><strong>corpus</strong></span> 
     </span>
    </p>
   </div>
   <div class='ocr_carea' id='block_1_47' title="bbox 1797 2134 3369 2212">
    <p class='ocr_par' dir='ltr' id='par_1_47' title="bbox 1797 2134 3369 2212">
     <span class='ocr_line' id='line_1_47' title="bbox 1797 2134 3369 2212; baseline -0.004 -17"><span class='ocrx_word' id='word_1_362' title='bbox 1797 2142 1961 2212; x_wconf 90' lang='lat' dir='ltr'><strong>primi</strong></span> <span class='ocrx_word' id='word_1_363' title='bbox 1980 2142 2223 2197; x_wconf 89' lang='lat' dir='ltr'><strong>hominis</strong></span> <span class='ocrx_word' id='word_1_364' title='bbox 2244 2149 2299 2196; x_wconf 89' lang='lat' dir='ltr'><strong>et</strong></span> <span class='ocrx_word' id='word_1_365' title='bbox 2320 2141 2659 2211; x_wconf 90' lang='lat' dir='ltr'><strong>reliquorum</strong></span> <span class='ocrx_word' id='word_1_366' title='bbox 2683 2138 2973 2204; x_wconf 82' lang='lat' dir='ltr'><strong>excitabit;</strong></span> <span class='ocrx_word' id='word_1_367' title='bbox 3003 2144 3163 2207; x_wconf 88' lang='lat' dir='ltr'><strong>prout</strong></span> <span class='ocrx_word' id='word_1_368' title='bbox 3189 2135 3245 2190; x_wconf 92' lang='lat' dir='ltr'><strong>id</strong></span> <span class='ocrx_word' id='word_1_369' title='bbox 3270 2134 3369 2190; x_wconf 84' lang='lat' dir='ltr'><strong>de-</strong></span> 
     </span>
    </p>
   </div>
   <div class='ocr_carea' id='block_1_48' title="bbox 1798 2231 3371 2299">
    <p class='ocr_par' dir='ltr' id='par_1_48' title="bbox 1798 2231 3371 2299">
     <span class='ocr_line' id='line_1_48' title="bbox 1798 2231 3371 2299; baseline -0.005 -10"><span class='ocrx_word' id='word_1_370' title='bbox 1798 2234 1960 2290; x_wconf 89' lang='lat' dir='ltr'><strong>betur</strong></span> <span class='ocrx_word' id='word_1_371' title='bbox 1987 2234 2244 2289; x_wconf 90' lang='lat' dir='ltr'><strong>rationali</strong></span> <span class='ocrx_word' id='word_1_372' title='bbox 2289 2233 2575 2287; x_wconf 90' lang='lat' dir='ltr'><strong>hominum</strong></span> <span class='ocrx_word' id='word_1_373' title='bbox 2618 2241 2847 2296; x_wconf 80' lang='lat' dir='ltr'><strong>naturae,</strong></span> <span class='ocrx_word' id='word_1_374' title='bbox 2883 2231 3061 2285; x_wconf 90' lang='lat' dir='ltr'><strong>aimus</strong></span> <span class='ocrx_word' id='word_1_375' title='bbox 3106 2235 3371 2299; x_wconf 89' lang='lat' dir='ltr'><strong>perpetuo</strong></span> 
     </span>
    </p>
   </div>
   <div class='ocr_carea' id='block_1_49' title="bbox 1796 2319 3372 2393">
    <p class='ocr_par' dir='ltr' id='par_1_49' title="bbox 1796 2319 3372 2393">
     <span class='ocr_line' id='line_1_49' title="bbox 1796 2319 3372 2393; baseline -0.004 -14"><span class='ocrx_word' id='word_1_376' title='bbox 1796 2325 2002 2380; x_wconf 77' lang='lat' dir='ltr'><strong>vivere.</strong></span> <span class='ocrx_word' id='word_1_377' title='bbox 2025 2324 2129 2391; x_wconf 86' lang='lat' dir='ltr'><strong>Qui</strong></span> <span class='ocrx_word' id='word_1_378' title='bbox 2147 2338 2279 2393; x_wconf 87' lang='lat' dir='ltr'><strong>ergo</strong></span> <span class='ocrx_word' id='word_1_379' title='bbox 2299 2322 2713 2386; x_wconf 85' lang='lat' dir='ltr'><strong>dissolutionem</strong></span> <span class='ocrx_word' id='word_1_380' title='bbox 2736 2321 2983 2391; x_wconf 90' lang='lat' dir='ltr'><strong>corporis</strong></span> <span class='ocrx_word' id='word_1_381' title='bbox 2998 2328 3053 2375; x_wconf 90' lang='lat' dir='ltr'><strong>et</strong></span> <span class='ocrx_word' id='word_1_382' title='bbox 3071 2320 3271 2374; x_wconf 65' lang='lat' dir='ltr'><strong>animae</strong></span> <span class='ocrx_word' id='word_1_383' title='bbox 3292 2319 3372 2372; x_wconf 86' lang='lat' dir='ltr'><strong>in-</strong></span> 
     </span>
    </p>
   </div>
   <div class='ocr_carea' id='block_1_50' title="bbox 1797 2410 3368 2482">
    <p class='ocr_par' dir='ltr' id='par_1_50' title="bbox 1797 2410 3368 2482">
     <span class='ocr_line' id='line_1_50' title="bbox 1797 2410 3368 2482; baseline -0.004 -12"><span class='ocrx_word' id='word_1_384' title='bbox 1797 2415 1924 2480; x_wconf 78' lang='lat' dir='ltr'><strong>fert,</strong></span> <span class='ocrx_word' id='word_1_385' title='bbox 1953 2415 2095 2471; x_wconf 91' lang='lat' dir='ltr'><strong>idem</strong></span> <span class='ocrx_word' id='word_1_386' title='bbox 2127 2422 2184 2469; x_wconf 92' lang='lat' dir='ltr'><strong>et</strong></span> <span class='ocrx_word' id='word_1_387' title='bbox 2210 2413 2671 2469; x_wconf 90' lang='lat' dir='ltr'><strong>resurrectionem</strong></span> <span class='ocrx_word' id='word_1_388' title='bbox 2701 2421 2985 2482; x_wconf 83' lang='lat' dir='ltr'><strong>Operatur:</strong></span> <span class='ocrx_word' id='word_1_389' title='bbox 3013 2420 3067 2465; x_wconf 90' lang='lat' dir='ltr'><strong>et</strong></span> <span class='ocrx_word' id='word_1_390' title='bbox 3082 2410 3175 2481; x_wconf 92' lang='lat' dir='ltr'><strong>qui</strong></span> <span class='ocrx_word' id='word_1_391' title='bbox 3201 2410 3368 2465; x_wconf 77' lang='lat' dir='ltr'><strong>dixit:</strong></span> 
     </span>
    </p>
   </div>
   <div class='ocr_carea' id='block_1_51' title="bbox 1795 2504 3371 2578">
    <p class='ocr_par' dir='ltr' id='par_1_51' title="bbox 1795 2504 3371 2578">
     <span class='ocr_line' id='line_1_51' title="bbox 1795 2504 3371 2578; baseline -0.004 -14"><span class='ocrx_word' id='word_1_392' title='bbox 1795 2509 2009 2578; x_wconf 77' lang='lat' dir='ltr'><strong>Accepit</strong></span> <span class='ocrx_word' id='word_1_393' title='bbox 2041 2508 2297 2562; x_wconf 79' lang='lat' dir='ltr'><strong>Dominus</strong></span> <span class='ocrx_word' id='word_1_394' title='bbox 2327 2506 2591 2576; x_wconf 83' lang='lat' dir='ltr'><strong>pulverem</strong></span> <span class='ocrx_word' id='word_1_395' title='bbox 2617 2506 2681 2560; x_wconf 88' lang='lat' dir='ltr'><strong>de</strong></span> <span class='ocrx_word' id='word_1_396' title='bbox 2707 2515 2870 2573; x_wconf 88' lang='lat' dir='ltr'><strong>terra,</strong></span> <span class='ocrx_word' id='word_1_397' title='bbox 2902 2514 2950 2560; x_wconf 91' lang='lat' dir='ltr'><strong>et</strong></span> <span class='ocrx_word' id='word_1_398' title='bbox 2992 2505 3241 2574; x_wconf 80' lang='lat' dir='ltr'><strong>formavit</strong></span> <span class='ocrx_word' id='word_1_399' title='bbox 3273 2504 3371 2557; x_wconf 90' lang='lat' dir='ltr'><strong>ho—</strong></span> 
     </span>
    </p>
   </div>
   <div class='ocr_carea' id='block_1_52' title="bbox 190 2660 2951 2735">
    <p class='ocr_par' dir='ltr' id='par_1_52' title="bbox 190 2660 2951 2735">
     <span class='ocr_line' id='line_1_52' title="bbox 190 2660 2951 2735; baseline -0 -20"><span class='ocrx_word' id='word_1_400' title='bbox 190 2661 235 2694; x_wconf 82' lang='lat'>“</span> <span class='ocrx_word' id='word_1_401' title='bbox 264 2660 373 2718; x_wconf 89' lang='lat' dir='ltr'><strong>lsa.</strong></span> <span class='ocrx_word' id='word_1_402' title='bbox 403 2676 550 2728; x_wconf 77' lang='lat' dir='ltr'><strong>LXVI,</strong></span> <span class='ocrx_word' id='word_1_403' title='bbox 585 2663 674 2718; x_wconf 71' lang='lat'><strong>24.</strong></span> <span class='ocrx_word' id='word_1_404' title='bbox 754 2664 796 2697; x_wconf 87' lang='grc'><strong>¹⁷</strong></span> <span class='ocrx_word' id='word_1_405' title='bbox 825 2663 985 2720; x_wconf 84' lang='lat' dir='ltr'><strong>Hebr.</strong></span> <span class='ocrx_word' id='word_1_406' title='bbox 1020 2682 1099 2732; x_wconf 74' lang='lat' dir='ltr'><strong>xu,</strong></span> <span class='ocrx_word' id='word_1_407' title='bbox 1134 2664 1200 2732; x_wconf 83' lang='lat'><strong>5;</strong></span> <span class='ocrx_word' id='word_1_408' title='bbox 1235 2664 1421 2719; x_wconf 71' lang='lat' dir='ltr'><strong>Matth.</strong></span> <span class='ocrx_word' id='word_1_409' title='bbox 1453 2680 1591 2729; x_wconf 78' lang='lat' dir='ltr'><strong>xv&quot;,</strong></span> <span class='ocrx_word' id='word_1_410' title='bbox 1622 2663 1708 2719; x_wconf 79' lang='lat' dir='ltr'><strong>il.</strong></span> <span class='ocrx_word' id='word_1_411' title='bbox 1787 2663 1832 2697; x_wconf 77' lang='grc'><strong>⁸⁸</strong></span> <span class='ocrx_word' id='word_1_412' title='bbox 1861 2661 1907 2718; x_wconf 91' lang='lat' dir='ltr'><strong>ll</strong></span> <span class='ocrx_word' id='word_1_413' title='bbox 1936 2662 2073 2735; x_wconf 81' lang='lat' dir='ltr'><strong>Reg.</strong></span> <span class='ocrx_word' id='word_1_414' title='bbox 2103 2679 2236 2729; x_wconf 75' lang='lat' dir='ltr'><strong>xvii,</strong></span> <span class='ocrx_word' id='word_1_415' title='bbox 2258 2662 2349 2717; x_wconf 90' lang='lat'><strong>22.</strong></span> <span class='ocrx_word' id='word_1_416' title='bbox 2423 2663 2461 2693; x_wconf 83' lang='lat'>&quot;</span> <span class='ocrx_word' id='word_1_417' title='bbox 2492 2660 2559 2716; x_wconf 84' lang='lat' dir='ltr'><strong>IV</strong></span> <span class='ocrx_word' id='word_1_418' title='bbox 2587 2660 2720 2731; x_wconf 78' lang='lat' dir='ltr'><strong>Reg.</strong></span> <span class='ocrx_word' id='word_1_419' title='bbox 2756 2678 2828 2723; x_wconf 85' lang='lat' dir='ltr'><strong>tv.</strong></span> <span class='ocrx_word' id='word_1_420' title='bbox 2862 2660 2951 2715; x_wconf 82' lang='grc'><strong>55.</strong></span> 
     </span>
    </p>
   </div>
   <div class='ocr_carea' id='block_1_53' title="bbox 1433 2797 2064 2857">
    <p class='ocr_par' dir='ltr' id='par_1_53' title="bbox 1433 2797 2064 2857">
     <span class='ocr_line' id='line_1_53' title="bbox 1433 2797 2064 2857; baseline 0.002 -3"><span class='ocrx_word' id='word_1_421' title='bbox 1433 2797 1797 2857; x_wconf 82' lang='lat' dir='ltr'><strong>VARIORUM</strong></span> <span class='ocrx_word' id='word_1_422' title='bbox 1827 2797 2064 2855; x_wconf 74' lang='lat' dir='ltr'><strong>NO&#39;UE.</strong></span> 
     </span>
    </p>
   </div>
   <div class='ocr_carea' id='block_1_54' title="bbox 178 2935 1692 3009">
    <p class='ocr_par' dir='ltr' id='par_1_54' title="bbox 178 2935 1692 3009">
     <span class='ocr_line' id='line_1_54' title="bbox 178 2935 1692 3009; baseline 0 -17"><span class='ocrx_word' id='word_1_423' title='bbox 178 2937 296 3009; x_wconf 78' lang='lat' dir='ltr'><strong>(l5)</strong></span> <span class='ocrx_word' id='word_1_424' title='bbox 346 2936 525 3009; x_wconf 79' lang='grc' dir='ltr'>Τοῦτο</span> <span class='ocrx_word' id='word_1_425' title='bbox 551 2935 762 3005; x_wconf 78' lang='grc' dir='ltr'><strong>δῆλον.</strong></span> <span class='ocrx_word' id='word_1_426' title='bbox 794 2935 960 3009; x_wconf 81' lang='lat' dir='ltr'><strong>Deest</strong></span> <span class='ocrx_word' id='word_1_427' title='bbox 985 2937 1090 2991; x_wconf 88' lang='lat' dir='ltr'><strong>hoc</strong></span> <span class='ocrx_word' id='word_1_428' title='bbox 1119 2937 1173 2990; x_wconf 91' lang='lat' dir='ltr'><strong>in</strong></span> <span class='ocrx_word' id='word_1_429' title='bbox 1196 2937 1378 3009; x_wconf 13' lang='lat' dir='ltr'><strong>altero,</strong></span> <span class='ocrx_word' id='word_1_430' title='bbox 1397 2935 1608 3009; x_wconf 84' lang='lat' dir='ltr'><strong>codice.</strong></span> <span class='ocrx_word' id='word_1_431' title='bbox 1637 2944 1692 3009; x_wconf 66' lang='lat' dir='ltr'><strong>et</strong></span> 
     </span>
    </p>
   </div>
   <div class='ocr_carea' id='block_1_55' title="bbox 94 3006 1693 3080">
    <p class='ocr_par' dir='ltr' id='par_1_55' title="bbox 94 3006 1693 3080">
     <span class='ocr_line' id='line_1_55' title="bbox 94 3006 1693 3080; baseline -0.002 -17"><span class='ocrx_word' id='word_1_432' title='bbox 94 3006 207 3080; x_wconf 77' lang='lat' dir='ltr'><strong>pro</strong></span> <span class='ocrx_word' id='word_1_433' title='bbox 238 3008 467 3080; x_wconf 78' lang='grc' dir='ltr'>ἐποίησε</span> <span class='ocrx_word' id='word_1_434' title='bbox 497 3015 581 3061; x_wconf 84' lang='lat' dir='ltr'><strong>est</strong></span> <span class='ocrx_word' id='word_1_435' title='bbox 608 3009 792 3080; x_wconf 77' lang='grc' dir='ltr'>ἔπεισε</span> <span class='ocrx_word' id='word_1_436' title='bbox 815 3047 829 3068; x_wconf 86' lang='grc'><strong>,</strong></span> <span class='ocrx_word' id='word_1_437' title='bbox 864 3007 968 3080; x_wconf 75' lang='lat' dir='ltr'><strong>hoc</strong></span> <span class='ocrx_word' id='word_1_438' title='bbox 1001 3014 1106 3069; x_wconf 81' lang='lat' dir='ltr'><strong>est,</strong></span> <span class='ocrx_word' id='word_1_439' title='bbox 1139 3008 1401 3080; x_wconf 77' lang='lat' dir='ltr'><strong>persuasit</strong></span> <span class='ocrx_word' id='word_1_440' title='bbox 1431 3007 1563 3080; x_wconf 47' lang='grc' dir='ltr'><strong>ἀντὶζ</strong></span> <span class='ocrx_word' id='word_1_441' title='bbox 1595 3006 1693 3060; x_wconf 80' lang='grc' dir='ltr'>τοῦ</span> 
     </span>
    </p>
   </div>
   <div class='ocr_carea' id='block_1_56' title="bbox 1797 2932 3372 3004">
    <p class='ocr_par' dir='ltr' id='par_1_56' title="bbox 1797 2932 3372 3004">
     <span class='ocr_line' id='line_1_56' title="bbox 1797 2932 3372 3004; baseline -0.004 -11"><span class='ocrx_word' id='word_1_442' title='bbox 1797 2937 2027 2993; x_wconf 84' lang='lat' dir='ltr'><strong>minibus</strong></span> <span class='ocrx_word' id='word_1_443' title='bbox 2069 2947 2289 2993; x_wconf 88' lang='lat' dir='ltr'><strong>mortem</strong></span> <span class='ocrx_word' id='word_1_444' title='bbox 2327 2936 2513 2990; x_wconf 85' lang='lat' dir='ltr'><strong>datam</strong></span> <span class='ocrx_word' id='word_1_445' title='bbox 2552 2950 2647 3004; x_wconf 88' lang='lat' dir='ltr'><strong>pro</strong></span> <span class='ocrx_word' id='word_1_446' title='bbox 2683 2935 2944 2988; x_wconf 89' lang='lat' dir='ltr'><strong>malorum</strong></span> <span class='ocrx_word' id='word_1_447' title='bbox 2976 2933 3079 2987; x_wconf 86' lang='lat' dir='ltr'><strong>vice</strong></span> <span class='ocrx_word' id='word_1_448' title='bbox 3110 2932 3334 2987; x_wconf 75' lang='lat' dir='ltr'><strong>dicimus</strong></span> <span class='ocrx_word' id='word_1_449' title='bbox 3356 2974 3372 2995; x_wconf 86' lang='lat'><strong>.</strong></span> 
     </span>
    </p>
   </div>
   <div class='ocr_carea' id='block_1_57' title="bbox 1799 3004 3377 3071">
    <p class='ocr_par' dir='ltr' id='par_1_57' title="bbox 1799 3004 3377 3071">
     <span class='ocr_line' id='line_1_57' title="bbox 1799 3004 3377 3071; baseline -0.004 -9"><span class='ocrx_word' id='word_1_450' title='bbox 1799 3010 1937 3064; x_wconf 89' lang='lat' dir='ltr'><strong>sicut</strong></span> <span class='ocrx_word' id='word_1_451' title='bbox 1971 3011 2363 3062; x_wconf 81' lang='lat' dir='ltr'><strong>ratiocinantur</strong></span> <span class='ocrx_word' id='word_1_452' title='bbox 2388 3008 2609 3064; x_wconf 85' lang='lat' dir='ltr'><strong>indocti.</strong></span> <span class='ocrx_word' id='word_1_453' title='bbox 2640 3006 2729 3059; x_wconf 89' lang='lat' dir='ltr'><strong>sed</strong></span> <span class='ocrx_word' id='word_1_454' title='bbox 2758 3005 2828 3058; x_wconf 89' lang='lat' dir='ltr'><strong>ad</strong></span> <span class='ocrx_word' id='word_1_455' title='bbox 2856 3004 3134 3057; x_wconf 81' lang='lat' dir='ltr'><strong>delendam</strong></span> <span class='ocrx_word' id='word_1_456' title='bbox 3169 3005 3377 3071; x_wconf 85' lang='lat' dir='ltr'><strong>penitus</strong></span> 
     </span>
    </p>
   </div>
   <div class='ocr_carea' id='block_1_58' title="bbox 95 3069 3376 3200">
    <p class='ocr_par' dir='ltr' id='par_1_58' title="bbox 95 3069 3376 3200">
     <span class='ocr_line' id='line_1_58' title="bbox 95 3069 3376 3200; baseline -0.002 -67"><span class='ocrx_word' id='word_1_457' title='bbox 95 3069 454 3147; x_wconf 53' lang='lat' dir='ltr'><strong>manifestum</strong></span> <span class='ocrx_word' id='word_1_458' title='bbox 472 3077 779 3148; x_wconf 76' lang='lat' dir='ltr'><strong>{ecit,quod</strong></span> <span class='ocrx_word' id='word_1_459' title='bbox 808 3077 1060 3146; x_wconf 88' lang='lat' dir='ltr'><strong>suspicor</strong></span> <span class='ocrx_word' id='word_1_460' title='bbox 1076 3069 1693 3200; x_wconf 55' lang='lat' dir='ltr'><strong>esseglossemaﬁuzn.</strong></span> <span class='ocrx_word' id='word_1_461' title='bbox 1723 3069 1770 3133; x_wconf 86' lang='lat' dir='ltr'><strong><em>C</em></strong></span> <span class='ocrx_word' id='word_1_462' title='bbox 1798 3081 2133 3149; x_wconf 80' lang='lat' dir='ltr'><strong>pravitatem.</strong></span> <span class='ocrx_word' id='word_1_463' title='bbox 2169 3078 2314 3132; x_wconf 88' lang='lat' dir='ltr'><strong>Nam</strong></span> <span class='ocrx_word' id='word_1_464' title='bbox 2341 3079 2388 3131; x_wconf 89' lang='lat' dir='ltr'><strong>si</strong></span> <span class='ocrx_word' id='word_1_465' title='bbox 2417 3077 2607 3130; x_wconf 78' lang='lat' dir='ltr'><strong>victuri</strong></span> <span class='ocrx_word' id='word_1_466' title='bbox 2643 3087 2889 3145; x_wconf 87' lang='lat' dir='ltr'><strong>perpetuo</strong></span> <span class='ocrx_word' id='word_1_467' title='bbox 2918 3074 3151 3128; x_wconf 81' lang='lat' dir='ltr'><strong>homines</strong></span> <span class='ocrx_word' id='word_1_468' title='bbox 3170 3069 3376 3136; x_wconf 79' lang='lat' dir='ltr'><strong>essent,</strong></span> 
     </span>
     <span class='ocr_line' id='line_1_59' title="bbox 176 3143 3376 3200; baseline -0 0"><span class='ocrx_word' id='word_1_469' title='bbox 176 3151 298 3200; x_wconf 71' lang='lat' dir='ltr'><strong>(Hi</strong></span> <span class='ocrx_word' id='word_1_470' title='bbox 319 3148 417 3200; x_wconf 77' lang='grc' dir='ltr'><strong>Μὴ</strong></span> <span class='ocrx_word' id='word_1_471' title='bbox 447 3149 664 3200; x_wconf 72' lang='grc' dir='ltr'><strong>μισθὸν</strong></span> <span class='ocrx_word' id='word_1_472' title='bbox 692 3148 971 3200; x_wconf 73' lang='grc' dir='ltr'>τιμωρία(-</span> <span class='ocrx_word' id='word_1_473' title='bbox 993 3148 1148 3200; x_wconf 80' lang='grc' dir='ltr'>εἷναι</span> <span class='ocrx_word' id='word_1_474' title='bbox 1168 3164 1202 3200; x_wconf 86' lang='grc' dir='ltr'><strong>τ</strong></span> <span class='ocrx_word' id='word_1_475' title='bbox 1236 3146 1567 3200; x_wconf 62' lang='lat' dir='ltr'><strong>radi-ator.</strong></span> <span class='ocrx_word' id='word_1_476' title='bbox 1588 3146 1699 3200; x_wconf 79' lang='lat' dir='ltr'><strong>Be-</strong></span> <span class='ocrx_word' id='word_1_477' title='bbox 1797 3166 2067 3200; x_wconf 81' lang='lat' dir='ltr'><strong>nunauam</strong></span> <span class='ocrx_word' id='word_1_478' title='bbox 2100 3149 2334 3200; x_wconf 71' lang='lat' dir='ltr'><strong>profecto</strong></span> <span class='ocrx_word' id='word_1_479' title='bbox 2367 3163 2549 3200; x_wconf 90' lang='lat' dir='ltr'><strong>eorum</strong></span> <span class='ocrx_word' id='word_1_480' title='bbox 2599 3146 2811 3199; x_wconf 88' lang='lat' dir='ltr'><strong>malitia</strong></span> <span class='ocrx_word' id='word_1_481' title='bbox 2860 3146 3122 3200; x_wconf 77' lang='lat' dir='ltr'><strong>ﬁniretur.</strong></span> <span class='ocrx_word' id='word_1_482' title='bbox 3170 3143 3376 3199; x_wconf 78' lang='lat' dir='ltr'><strong>Rursus</strong></span> 
     </span>
    </p>
   </div>
   <div class='ocr_carea' id='block_1_59' title="bbox 176 3146 1699 3220">
    <p class='ocr_par' dir='ltr' id='par_1_59' title="bbox 176 3146 1699 3220">
     <span class='ocr_line' id='line_1_60' title="bbox 176 3146 1699 3220; baseline -0.001 -16"><span class='ocrx_word' id='word_1_483' title='bbox 176 3152 225 3220; x_wconf 80' lang='grc'><strong>(1</strong></span> <span class='ocrx_word' id='word_1_484' title='bbox 239 3146 417 3220; x_wconf 65' lang='grc' dir='ltr'><strong>ι)Μὴ</strong></span> <span class='ocrx_word' id='word_1_485' title='bbox 441 3146 664 3217; x_wconf 53' lang='grc' dir='ltr'>μισθὸν</span> <span class='ocrx_word' id='word_1_486' title='bbox 692 3148 971 3220; x_wconf 71' lang='grc' dir='ltr'>τιμωρίας</span> <span class='ocrx_word' id='word_1_487' title='bbox 993 3148 1148 3220; x_wconf 69' lang='grc' dir='ltr'>εἶναι</span> <span class='ocrx_word' id='word_1_488' title='bbox 1168 3146 1275 3200; x_wconf 72' lang='grc' dir='ltr'><strong>τόν</strong></span> <span class='ocrx_word' id='word_1_489' title='bbox 1289 3146 1572 3220; x_wconf 68' lang='grc' dir='ltr'>θάνατον.</span> <span class='ocrx_word' id='word_1_490' title='bbox 1588 3146 1699 3220; x_wconf 72' lang='lat' dir='ltr'><strong>Be-</strong></span> 
     </span>
    </p>
   </div>
   <div class='ocr_carea' id='block_1_60' title="bbox 92 3217 1697 3292">
    <p class='ocr_par' dir='ltr' id='par_1_60' title="bbox 92 3217 1697 3292">
     <span class='ocr_line' id='line_1_61' title="bbox 92 3217 1697 3292; baseline -0.002 -18"><span class='ocrx_word' id='word_1_491' title='bbox 92 3217 365 3292; x_wconf 77' lang='lat' dir='ltr'><strong>jicit.|ib._</strong></span> <span class='ocrx_word' id='word_1_492' title='bbox 389 3235 512 3283; x_wconf 80' lang='lat' dir='ltr'><strong>vru,</strong></span> <span class='ocrx_word' id='word_1_493' title='bbox 545 3234 666 3288; x_wconf 92' lang='lat' dir='ltr'><strong>cap.</strong></span> <span class='ocrx_word' id='word_1_494' title='bbox 704 3217 792 3286; x_wconf 81' lang='lat' dir='ltr'><strong>l2,</strong></span> <span class='ocrx_word' id='word_1_495' title='bbox 822 3218 1243 3292; x_wconf 78' lang='lat' dir='ltr'><strong>Pelagianorum</strong></span> <span class='ocrx_word' id='word_1_496' title='bbox 1276 3218 1470 3287; x_wconf 90' lang='lat' dir='ltr'><strong>dogma</strong></span> <span class='ocrx_word' id='word_1_497' title='bbox 1487 3233 1509 3292; x_wconf 68' lang='grc' dir='ltr'><strong>Δς</strong></span> <span class='ocrx_word' id='word_1_498' title='bbox 1547 3218 1697 3292; x_wconf 82' lang='lat' dir='ltr'><strong>Ada-</strong></span> 
     </span>
    </p>
   </div>
   <div class='ocr_carea' id='block_1_61' title="bbox 97 3288 1696 3358">
    <p class='ocr_par' dir='ltr' id='par_1_61' title="bbox 97 3288 1696 3358">
     <span class='ocr_line' id='line_1_62' title="bbox 97 3288 1696 3358; baseline -0.004 -12"><span class='ocrx_word' id='word_1_499' title='bbox 97 3288 285 3353; x_wconf 77' lang='lat' dir='ltr'><strong>inum.</strong></span> <span class='ocrx_word' id='word_1_500' title='bbox 323 3288 440 3343; x_wconf 87' lang='lat' dir='ltr'><strong>sive</strong></span> <span class='ocrx_word' id='word_1_501' title='bbox 459 3297 762 3358; x_wconf 84' lang='lat' dir='ltr'><strong>peccasset,</strong></span> <span class='ocrx_word' id='word_1_502' title='bbox 790 3290 905 3343; x_wconf 89' lang='lat' dir='ltr'><strong>sive</strong></span> <span class='ocrx_word' id='word_1_503' title='bbox 935 3303 1043 3342; x_wconf 87' lang='lat' dir='ltr'><strong>non</strong></span> <span class='ocrx_word' id='word_1_504' title='bbox 1067 3296 1370 3358; x_wconf 85' lang='lat' dir='ltr'><strong>peccasset,</strong></span> <span class='ocrx_word' id='word_1_505' title='bbox 1397 3302 1430 3341; x_wconf 89' lang='lat' dir='ltr'><strong>e</strong></span> <span class='ocrx_word' id='word_1_506' title='bbox 1450 3288 1559 3340; x_wconf 92' lang='lat' dir='ltr'><strong>vita</strong></span> <span class='ocrx_word' id='word_1_507' title='bbox 1589 3289 1696 3341; x_wconf 86' lang='lat' dir='ltr'><strong>mi-</strong></span> 
     </span>
    </p>
   </div>
   <div class='ocr_carea' id='block_1_62' title="bbox 98 3358 1697 3431">
    <p class='ocr_par' dir='ltr' id='par_1_62' title="bbox 98 3358 1697 3431">
     <span class='ocr_line' id='line_1_63' title="bbox 98 3358 1697 3431; baseline 0.001 -19"><span class='ocrx_word' id='word_1_508' title='bbox 98 3369 424 3431; x_wconf 83' lang='lat' dir='ltr'><strong>graturum.</strong></span> <span class='ocrx_word' id='word_1_509' title='bbox 476 3358 592 3412; x_wconf 82' lang='lat' dir='ltr'><strong>Hoc</strong></span> <span class='ocrx_word' id='word_1_510' title='bbox 622 3365 820 3431; x_wconf 70' lang='lat' dir='ltr'><strong>autem</strong></span> <span class='ocrx_word' id='word_1_511' title='bbox 877 3360 1037 3420; x_wconf 92' lang='lat' dir='ltr'><strong>loco,</strong></span> <span class='ocrx_word' id='word_1_512' title='bbox 1092 3358 1302 3431; x_wconf 83' lang='lat' dir='ltr'><strong>obitum</strong></span> <span class='ocrx_word' id='word_1_513' title='bbox 1362 3365 1524 3425; x_wconf 87' lang='lat' dir='ltr'><strong>negat</strong></span> <span class='ocrx_word' id='word_1_514' title='bbox 1572 3373 1697 3414; x_wconf 84' lang='lat' dir='ltr'><strong>esse</strong></span> 
     </span>
    </p>
   </div>
   <div class='ocr_carea' id='block_1_63' title="bbox 100 3428 1693 3499">
    <p class='ocr_par' dir='ltr' id='par_1_63' title="bbox 100 3428 1693 3499">
     <span class='ocr_line' id='line_1_64' title="bbox 100 3428 1693 3499; baseline 0 -16"><span class='ocrx_word' id='word_1_515' title='bbox 100 3428 427 3485; x_wconf 71' lang='lat' dir='ltr'><strong>mercedem</strong></span> <span class='ocrx_word' id='word_1_516' title='bbox 476 3429 755 3499; x_wconf 88' lang='lat' dir='ltr'><strong>supplicii.</strong></span> <span class='ocrx_word' id='word_1_517' title='bbox 807 3444 901 3483; x_wconf 89' lang='lat' dir='ltr'><strong>seu</strong></span> <span class='ocrx_word' id='word_1_518' title='bbox 964 3428 1293 3498; x_wconf 87' lang='lat' dir='ltr'><strong>supplicium</strong></span> <span class='ocrx_word' id='word_1_519' title='bbox 1340 3444 1404 3482; x_wconf 84' lang='lat' dir='ltr'><strong>ac</strong></span> <span class='ocrx_word' id='word_1_520' title='bbox 1456 3441 1693 3499; x_wconf 60' lang='lat' dir='ltr'><strong>plenam.</strong></span> 
     </span>
    </p>
   </div>
   <div class='ocr_carea' id='block_1_64' title="bbox 102 3498 1695 3568">
    <p class='ocr_par' dir='ltr' id='par_1_64' title="bbox 102 3498 1695 3568">
     <span class='ocr_line' id='line_1_65' title="bbox 102 3498 1695 3568; baseline -0.001 -15"><span class='ocrx_word' id='word_1_521' title='bbox 102 3499 271 3565; x_wconf 81' lang='lat' dir='ltr'><strong>Quod</strong></span> <span class='ocrx_word' id='word_1_522' title='bbox 291 3508 522 3554; x_wconf 86' lang='lat' dir='ltr'><strong>eatenus</strong></span> <span class='ocrx_word' id='word_1_523' title='bbox 542 3498 731 3554; x_wconf 83' lang='lat' dir='ltr'><strong>verum</strong></span> <span class='ocrx_word' id='word_1_524' title='bbox 757 3507 862 3562; x_wconf 89' lang='lat' dir='ltr'><strong>est,</strong></span> <span class='ocrx_word' id='word_1_525' title='bbox 884 3506 943 3553; x_wconf 86' lang='lat' dir='ltr'><strong>ut</strong></span> <span class='ocrx_word' id='word_1_526' title='bbox 965 3514 1114 3553; x_wconf 89' lang='lat' dir='ltr'><strong>mors</strong></span> <span class='ocrx_word' id='word_1_527' title='bbox 1135 3513 1243 3552; x_wconf 91' lang='lat' dir='ltr'><strong>non</strong></span> <span class='ocrx_word' id='word_1_528' title='bbox 1270 3499 1342 3552; x_wconf 85' lang='lat' dir='ltr'><strong>sit</strong></span> <span class='ocrx_word' id='word_1_529' title='bbox 1364 3498 1695 3568; x_wconf 88' lang='lat' dir='ltr'><strong>supplicium</strong></span> 
     </span>
    </p>
   </div>
   <div class='ocr_carea' id='block_1_65' title="bbox 100 3569 1693 3640">
    <p class='ocr_par' dir='ltr' id='par_1_65' title="bbox 100 3569 1693 3640">
     <span class='ocr_line' id='line_1_66' title="bbox 100 3569 1693 3640; baseline -0.001 -17"><span class='ocrx_word' id='word_1_530' title='bbox 100 3577 469 3640; x_wconf 83' lang='lat' dir='ltr'><strong>peccatorum</strong></span> <span class='ocrx_word' id='word_1_531' title='bbox 501 3570 885 3639; x_wconf 87' lang='lat' dir='ltr'><strong>propriorum;</strong></span> <span class='ocrx_word' id='word_1_532' title='bbox 912 3584 1013 3622; x_wconf 85' lang='lat' dir='ltr'><strong>nec</strong></span> <span class='ocrx_word' id='word_1_533' title='bbox 1040 3569 1112 3623; x_wconf 90' lang='lat' dir='ltr'><strong>sit</strong></span> <span class='ocrx_word' id='word_1_534' title='bbox 1134 3569 1477 3640; x_wconf 85' lang='lat' dir='ltr'><strong>solummodo</strong></span> <span class='ocrx_word' id='word_1_535' title='bbox 1507 3584 1693 3640; x_wconf 61' lang='lat' dir='ltr'><strong>paena,</strong></span> 
     </span>
    </p>
   </div>
   <div class='ocr_carea' id='block_1_66' title="bbox 103 3639 1698 3708">
    <p class='ocr_par' dir='ltr' id='par_1_66' title="bbox 103 3639 1698 3708">
     <span class='ocr_line' id='line_1_67' title="bbox 103 3639 1698 3708; baseline -0.003 -13"><span class='ocrx_word' id='word_1_536' title='bbox 103 3639 208 3695; x_wconf 75' lang='lat' dir='ltr'><strong>sed</strong></span> <span class='ocrx_word' id='word_1_537' title='bbox 240 3640 412 3693; x_wconf 88' lang='lat' dir='ltr'><strong>etiam</strong></span> <span class='ocrx_word' id='word_1_538' title='bbox 443 3639 663 3694; x_wconf 81' lang='lat' dir='ltr'><strong>occasio</strong></span> <span class='ocrx_word' id='word_1_539' title='bbox 693 3641 874 3695; x_wconf 89' lang='lat' dir='ltr'><strong>meriti</strong></span> <span class='ocrx_word' id='word_1_540' title='bbox 896 3679 911 3702; x_wconf 89' lang='lat'><strong>,</strong></span> <span class='ocrx_word' id='word_1_541' title='bbox 938 3645 993 3693; x_wconf 86' lang='lat' dir='ltr'><strong>et</strong></span> <span class='ocrx_word' id='word_1_542' title='bbox 1029 3640 1227 3708; x_wconf 86' lang='lat' dir='ltr'><strong>gratia.</strong></span> <span class='ocrx_word' id='word_1_543' title='bbox 1263 3639 1477 3708; x_wconf 87' lang='grc' dir='ltr'>Γίνεται</span> <span class='ocrx_word' id='word_1_544' title='bbox 1508 3639 1698 3708; x_wconf 86' lang='grc' dir='ltr'>φιλαν-</span> 
     </span>
    </p>
   </div>
   <div class='ocr_carea' id='block_1_67' title="bbox 103 3707 1693 3782">
    <p class='ocr_par' dir='ltr' id='par_1_67' title="bbox 103 3707 1693 3782">
     <span class='ocr_line' id='line_1_68' title="bbox 103 3707 1693 3782; baseline 0.001 -20"><span class='ocrx_word' id='word_1_545' title='bbox 103 3710 355 3782; x_wconf 43' lang='grc' dir='ltr'>Θρωπία-</span> <span class='ocrx_word' id='word_1_546' title='bbox 392 3711 427 3778; x_wconf 84' lang='grc' dir='ltr'>ή</span> <span class='ocrx_word' id='word_1_547' title='bbox 483 3709 981 3782; x_wconf 32' lang='grc' dir='ltr'>τιμσρίαλίηίιυὶι</span> <span class='ocrx_word' id='word_1_548' title='bbox 1027 3707 1323 3782; x_wconf 75' lang='lat' dir='ltr'><strong>Gregorius</strong></span> <span class='ocrx_word' id='word_1_549' title='bbox 1347 3707 1693 3782; x_wconf 23' lang='lat' dir='ltr'><strong>‘Theol’ogus.</strong></span> 
     </span>
    </p>
   </div>
   <div class='ocr_carea' id='block_1_68' title="bbox 103 3778 1698 3849">
    <p class='ocr_par' dir='ltr' id='par_1_68' title="bbox 103 3778 1698 3849">
     <span class='ocr_line' id='line_1_69' title="bbox 103 3778 1698 3849; baseline -0.001 -14"><span class='ocrx_word' id='word_1_550' title='bbox 103 3778 258 3835; x_wconf 76' lang='lat' dir='ltr'><strong>orat.</strong></span> <span class='ocrx_word' id='word_1_551' title='bbox 293 3780 364 3833; x_wconf 80' lang='lat'><strong>38</strong></span> <span class='ocrx_word' id='word_1_552' title='bbox 389 3788 443 3833; x_wconf 93' lang='lat' dir='ltr'><strong>et</strong></span> <span class='ocrx_word' id='word_1_553' title='bbox 474 3778 561 3834; x_wconf 63' lang='lat'><strong>42&#39;.</strong></span> <span class='ocrx_word' id='word_1_554' title='bbox 600 3778 1192 3848; x_wconf 43' lang='lat' dir='ltr'><strong>Siquidem’bomines,</strong></span> <span class='ocrx_word' id='word_1_555' title='bbox 1223 3779 1505 3833; x_wconf 90' lang='lat' dir='ltr'><strong>moriendo</strong></span> <span class='ocrx_word' id='word_1_556' title='bbox 1524 3819 1540 3844; x_wconf 94' lang='lat'><strong>,</strong></span> <span class='ocrx_word' id='word_1_557' title='bbox 1570 3778 1698 3849; x_wconf 82' lang='lat' dir='ltr'><strong>pec-</strong></span> 
     </span>
    </p>
   </div>
   <div class='ocr_carea' id='block_1_69' title="bbox 104 3850 1695 3920">
    <p class='ocr_par' dir='ltr' id='par_1_69' title="bbox 104 3850 1695 3920">
     <span class='ocr_line' id='line_1_70' title="bbox 104 3850 1695 3920; baseline 0 -17"><span class='ocrx_word' id='word_1_558' title='bbox 104 3852 223 3904; x_wconf 83' lang='lat' dir='ltr'><strong>cati</strong></span> <span class='ocrx_word' id='word_1_559' title='bbox 246 3850 537 3919; x_wconf 85' lang='lat' dir='ltr'><strong>originalis</strong></span> <span class='ocrx_word' id='word_1_560' title='bbox 564 3866 755 3919; x_wconf 75' lang='lat' dir='ltr'><strong>ptPnas</strong></span> <span class='ocrx_word' id='word_1_561' title='bbox 787 3850 1058 3920; x_wconf 89' lang='lat' dir='ltr'><strong>pendunt;</strong></span> <span class='ocrx_word' id='word_1_562' title='bbox 1084 3850 1222 3920; x_wconf 61' lang='lat' dir='ltr'><strong>bene</strong></span> <span class='ocrx_word' id='word_1_563' title='bbox 1245 3850 1548 3920; x_wconf 78' lang='lat' dir='ltr'><strong>moriendo,</strong></span> <span class='ocrx_word' id='word_1_564' title='bbox 1576 3850 1695 3919; x_wconf 89' lang='lat' dir='ltr'><strong>glo-</strong></span> 
     </span>
    </p>
   </div>
   <div class='ocr_carea' id='block_1_70' title="bbox 105 3918 1700 3989">
    <p class='ocr_par' dir='ltr' id='par_1_70' title="bbox 105 3918 1700 3989">
     <span class='ocr_line' id='line_1_71' title="bbox 105 3918 1700 3989; baseline -0.001 -15"><span class='ocrx_word' id='word_1_565' title='bbox 105 3921 254 3975; x_wconf 88' lang='lat' dir='ltr'><strong>riam</strong></span> <span class='ocrx_word' id='word_1_566' title='bbox 292 3918 723 3976; x_wconf 85' lang='lat' dir='ltr'><strong>immortalitatis</strong></span> <span class='ocrx_word' id='word_1_567' title='bbox 746 3918 1146 3989; x_wconf 88' lang='lat' dir='ltr'><strong>adipiscuntur.</strong></span> <span class='ocrx_word' id='word_1_568' title='bbox 1173 3919 1239 3972; x_wconf 90' lang='lat' dir='ltr'><strong>Et</strong></span> <span class='ocrx_word' id='word_1_569' title='bbox 1264 3918 1430 3987; x_wconf 89' lang='lat' dir='ltr'><strong>Deus,</strong></span> <span class='ocrx_word' id='word_1_570' title='bbox 1450 3936 1574 3974; x_wconf 89' lang='lat' dir='ltr'><strong>cum</strong></span> <span class='ocrx_word' id='word_1_571' title='bbox 1590 3918 1700 3973; x_wconf 80' lang='lat' dir='ltr'><strong>hu-</strong></span> 
     </span>
    </p>
   </div>
   <div class='ocr_carea' id='block_1_71' title="bbox 108 3990 1698 4062">
    <p class='ocr_par' dir='ltr' id='par_1_71' title="bbox 108 3990 1698 4062">
     <span class='ocr_line' id='line_1_72' title="bbox 108 3990 1698 4062; baseline 0.001 -19"><span class='ocrx_word' id='word_1_572' title='bbox 108 4005 345 4062; x_wconf 80' lang='lat' dir='ltr'><strong>manum</strong></span> <span class='ocrx_word' id='word_1_573' title='bbox 385 4005 559 4062; x_wconf 87' lang='lat' dir='ltr'><strong>genus</strong></span> <span class='ocrx_word' id='word_1_574' title='bbox 588 3991 653 4044; x_wconf 88' lang='lat' dir='ltr'><strong>ad</strong></span> <span class='ocrx_word' id='word_1_575' title='bbox 683 3998 913 4062; x_wconf 87' lang='lat' dir='ltr'><strong>mortem</strong></span> <span class='ocrx_word' id='word_1_576' title='bbox 954 3990 1261 4052; x_wconf 88' lang='lat' dir='ltr'><strong>damnavit,</strong></span> <span class='ocrx_word' id='word_1_577' title='bbox 1288 4004 1444 4062; x_wconf 82' lang='lat' dir='ltr'><strong>suam</strong></span> <span class='ocrx_word' id='word_1_578' title='bbox 1480 4005 1698 4062; x_wconf 88' lang='lat' dir='ltr'><strong>quoque</strong></span> 
     </span>
    </p>
   </div>
   <div class='ocr_carea' id='block_1_72' title="bbox 107 4060 1695 4129">
    <p class='ocr_par' dir='ltr' id='par_1_72' title="bbox 107 4060 1695 4129">
     <span class='ocr_line' id='line_1_73' title="bbox 107 4060 1695 4129; baseline -0.001 -15"><span class='ocrx_word' id='word_1_579' title='bbox 107 4060 559 4115; x_wconf 86' lang='lat' dir='ltr'><strong>misericordiam</strong></span> <span class='ocrx_word' id='word_1_580' title='bbox 618 4060 922 4129; x_wconf 80' lang='lat' dir='ltr'><strong>patefecit:</strong></span> <span class='ocrx_word' id='word_1_581' title='bbox 979 4068 1168 4129; x_wconf 86' lang='lat' dir='ltr'><strong>utpote</strong></span> <span class='ocrx_word' id='word_1_582' title='bbox 1218 4060 1309 4129; x_wconf 88' lang='lat' dir='ltr'><strong>qui</strong></span> <span class='ocrx_word' id='word_1_583' title='bbox 1365 4060 1441 4113; x_wconf 88' lang='lat' dir='ltr'><strong>ita</strong></span> <span class='ocrx_word' id='word_1_584' title='bbox 1492 4060 1695 4114; x_wconf 82' lang='lat' dir='ltr'><strong>malum</strong></span> 
     </span>
    </p>
   </div>
   <div class='ocr_carea' id='block_1_73' title="bbox 110 4130 1698 4200">
    <p class='ocr_par' dir='ltr' id='par_1_73' title="bbox 110 4130 1698 4200">
     <span class='ocr_line' id='line_1_74' title="bbox 110 4130 1698 4200; baseline 0 -16"><span class='ocrx_word' id='word_1_585' title='bbox 110 4132 536 4200; x_wconf 84' lang='lat' dir='ltr'><strong>compresserit,</strong></span> <span class='ocrx_word' id='word_1_586' title='bbox 571 4130 731 4185; x_wconf 88' lang='lat' dir='ltr'><strong>linem</strong></span> <span class='ocrx_word' id='word_1_587' title='bbox 762 4131 1081 4199; x_wconf 90' lang='lat' dir='ltr'><strong>imposuerit</strong></span> <span class='ocrx_word' id='word_1_588' title='bbox 1114 4138 1360 4199; x_wconf 83' lang='lat' dir='ltr'><strong>peccato,</strong></span> <span class='ocrx_word' id='word_1_589' title='bbox 1389 4130 1532 4185; x_wconf 88' lang='lat' dir='ltr'><strong>viam</strong></span> <span class='ocrx_word' id='word_1_590' title='bbox 1555 4130 1698 4184; x_wconf 83' lang='lat' dir='ltr'><strong>fece-</strong></span> 
     </span>
    </p>
   </div>
   <div class='ocr_carea' id='block_1_74' title="bbox 110 4200 1694 4263">
    <p class='ocr_par' dir='ltr' id='par_1_74' title="bbox 110 4200 1694 4263">
     <span class='ocr_line' id='line_1_75' title="bbox 110 4200 1694 4263; baseline -0.001 -8"><span class='ocrx_word' id='word_1_591' title='bbox 110 4202 191 4255; x_wconf 88' lang='lat' dir='ltr'><strong>rit</strong></span> <span class='ocrx_word' id='word_1_592' title='bbox 218 4201 561 4255; x_wconf 87' lang='lat' dir='ltr'><strong>revocationi</strong></span> <span class='ocrx_word' id='word_1_593' title='bbox 596 4200 663 4254; x_wconf 89' lang='lat' dir='ltr'><strong>ad</strong></span> <span class='ocrx_word' id='word_1_594' title='bbox 697 4201 979 4256; x_wconf 83' lang='lat' dir='ltr'><strong>meliorem</strong></span> <span class='ocrx_word' id='word_1_595' title='bbox 1008 4201 1428 4255; x_wconf 87' lang='lat' dir='ltr'><strong>resurrectionis</strong></span> <span class='ocrx_word' id='word_1_596' title='bbox 1468 4209 1694 4263; x_wconf 89' lang='lat' dir='ltr'><strong>statum,</strong></span> 
     </span>
    </p>
   </div>
   <div class='ocr_carea' id='block_1_75' title="bbox 112 4271 1699 4340">
    <p class='ocr_par' dir='ltr' id='par_1_75' title="bbox 112 4271 1699 4340">
     <span class='ocr_line' id='line_1_76' title="bbox 112 4271 1699 4340; baseline -0.001 -15"><span class='ocrx_word' id='word_1_597' title='bbox 112 4273 340 4339; x_wconf 84' lang='lat' dir='ltr'><strong>aliaque</strong></span> <span class='ocrx_word' id='word_1_598' title='bbox 368 4272 529 4325; x_wconf 89' lang='lat' dir='ltr'><strong>nobis</strong></span> <span class='ocrx_word' id='word_1_599' title='bbox 556 4271 853 4340; x_wconf 89' lang='lat' dir='ltr'><strong>asportarit</strong></span> <span class='ocrx_word' id='word_1_600' title='bbox 880 4272 1187 4333; x_wconf 85' lang='lat' dir='ltr'><strong>commoda,</strong></span> <span class='ocrx_word' id='word_1_601' title='bbox 1220 4287 1342 4340; x_wconf 73' lang='lat' dir='ltr'><strong>qua:</strong></span> <span class='ocrx_word' id='word_1_602' title='bbox 1366 4273 1484 4325; x_wconf 86' lang='lat' dir='ltr'><strong>l‘use</strong></span> <span class='ocrx_word' id='word_1_603' title='bbox 1507 4286 1535 4323; x_wconf 72' lang='grc' dir='ltr'><strong>ιι</strong></span> <span class='ocrx_word' id='word_1_604' title='bbox 1570 4286 1699 4325; x_wconf 88' lang='lat' dir='ltr'><strong>san-</strong></span> 
     </span>
    </p>
   </div>
   <div class='ocr_carea' id='block_1_76' title="bbox 114 4340 1698 4411">
    <p class='ocr_par' dir='ltr' id='par_1_76' title="bbox 114 4340 1698 4411">
     <span class='ocr_line' id='line_1_77' title="bbox 114 4340 1698 4411; baseline 0 -16"><span class='ocrx_word' id='word_1_605' title='bbox 114 4343 227 4395; x_wconf 90' lang='lat' dir='ltr'><strong>ctis</strong></span> <span class='ocrx_word' id='word_1_606' title='bbox 260 4340 521 4396; x_wconf 88' lang='lat' dir='ltr'><strong>Patribus</strong></span> <span class='ocrx_word' id='word_1_607' title='bbox 559 4342 925 4411; x_wconf 81' lang='lat' dir='ltr'><strong>explicantur,</strong></span> <span class='ocrx_word' id='word_1_608' title='bbox 965 4341 1313 4410; x_wconf 91' lang='lat' dir='ltr'><strong>potissimum</strong></span> <span class='ocrx_word' id='word_1_609' title='bbox 1358 4356 1387 4393; x_wconf 92' lang='lat' dir='ltr'><strong>a</strong></span> <span class='ocrx_word' id='word_1_610' title='bbox 1434 4340 1698 4410; x_wconf 87' lang='lat' dir='ltr'><strong>Gregorio</strong></span> 
     </span>
    </p>
   </div>
   <div class='ocr_carea' id='block_1_77' title="bbox 114 4410 1703 4481">
    <p class='ocr_par' dir='ltr' id='par_1_77' title="bbox 114 4410 1703 4481">
     <span class='ocr_line' id='line_1_78' title="bbox 114 4410 1703 4481; baseline -0.001 -16"><span class='ocrx_word' id='word_1_611' title='bbox 114 4411 394 4481; x_wconf 75' lang='lat' dir='ltr'><strong>Nysseno,</strong></span> <span class='ocrx_word' id='word_1_612' title='bbox 420 4425 542 4481; x_wconf 65' lang='lat' dir='ltr'><strong>cap.</strong></span> <span class='ocrx_word' id='word_1_613' title='bbox 566 4412 599 4465; x_wconf 92' lang='lat'>8</span> <span class='ocrx_word' id='word_1_614' title='bbox 622 4410 970 4481; x_wconf 74' lang='lat' dir='ltr'><strong>catechetica:</strong></span> <span class='ocrx_word' id='word_1_615' title='bbox 996 4425 1201 4481; x_wconf 64' lang='lat' dir='ltr'><strong>magna:</strong></span> <span class='ocrx_word' id='word_1_616' title='bbox 1223 4410 1508 4473; x_wconf 85' lang='lat' dir='ltr'><strong>orationis,</strong></span> <span class='ocrx_word' id='word_1_617' title='bbox 1533 4412 1703 4481; x_wconf 15' lang='lat' dir='ltr'><strong>Ughry-</strong></span> 
     </span>
    </p>
   </div>
   <div class='ocr_carea' id='block_1_78' title="bbox 123 4477 1702 4548">
    <p class='ocr_par' dir='ltr' id='par_1_78' title="bbox 123 4477 1702 4548">
     <span class='ocr_line' id='line_1_79' title="bbox 123 4477 1702 4548; baseline 0.001 -16"><span class='ocrx_word' id='word_1_618' title='bbox 123 4477 401 4538; x_wconf 74' lang='lat' dir='ltr'><strong>soslomo,</strong></span> <span class='ocrx_word' id='word_1_619' title='bbox 431 4477 545 4531; x_wconf 87' lang='lat' dir='ltr'><strong>Lib.</strong></span> <span class='ocrx_word' id='word_1_620' title='bbox 573 4479 641 4532; x_wconf 85' lang='lat' dir='ltr'><strong>ad</strong></span> <span class='ocrx_word' id='word_1_621' title='bbox 655 4496 741 4532; x_wconf 79' lang='lat' dir='ltr'><strong>eos</strong></span> <span class='ocrx_word' id='word_1_622' title='bbox 768 4482 857 4548; x_wconf 92' lang='lat' dir='ltr'><strong>qui</strong></span> <span class='ocrx_word' id='word_1_623' title='bbox 879 4477 1233 4533; x_wconf 75' lang='lat' dir='ltr'><strong>scandalizatt</strong></span> <span class='ocrx_word' id='word_1_624' title='bbox 1257 4490 1536 4541; x_wconf 84' lang='lat' dir='ltr'><strong>sunt,cap.</strong></span> <span class='ocrx_word' id='word_1_625' title='bbox 1563 4478 1613 4539; x_wconf 88' lang='lat'><strong>7,</strong></span> <span class='ocrx_word' id='word_1_626' title='bbox 1647 4477 1702 4533; x_wconf 73' lang='lat' dir='ltr'><strong>et</strong></span> 
     </span>
    </p>
   </div>
   <div class='ocr_carea' id='block_1_79' title="bbox 122 4548 1701 4619">
    <p class='ocr_par' dir='ltr' id='par_1_79' title="bbox 122 4548 1701 4619">
     <span class='ocr_line' id='line_1_80' title="bbox 122 4548 1701 4619; baseline 0.001 -17"><span class='ocrx_word' id='word_1_627' title='bbox 122 4550 444 4608; x_wconf 74' lang='lat' dir='ltr'><strong>Ambrosio.</strong></span> <span class='ocrx_word' id='word_1_628' title='bbox 479 4564 640 4614; x_wconf 90' lang='lat' dir='ltr'><strong>opere</strong></span> <span class='ocrx_word' id='word_1_629' title='bbox 686 4551 756 4602; x_wconf 83' lang='lat' dir='ltr'><strong>De</strong></span> <span class='ocrx_word' id='word_1_630' title='bbox 795 4551 927 4603; x_wconf 88' lang='lat' dir='ltr'><strong>bono</strong></span> <span class='ocrx_word' id='word_1_631' title='bbox 970 4552 1173 4604; x_wconf 72' lang='lat' dir='ltr'><strong>mortis.</strong></span> <span class='ocrx_word' id='word_1_632' title='bbox 1212 4549 1411 4619; x_wconf 86' lang='lat' dir='ltr'><strong>Lepide</strong></span> <span class='ocrx_word' id='word_1_633' title='bbox 1448 4548 1701 4603; x_wconf 83' lang='lat' dir='ltr'><strong>Theodo-</strong></span> 
     </span>
    </p>
   </div>
   <div class='ocr_carea' id='block_1_80' title="bbox 119 4619 1700 4690">
    <p class='ocr_par' dir='ltr' id='par_1_80' title="bbox 119 4619 1700 4690">
     <span class='ocr_line' id='line_1_81' title="bbox 119 4619 1700 4690; baseline 0.003 -20"><span class='ocrx_word' id='word_1_634' title='bbox 119 4619 303 4690; x_wconf 77' lang='lat' dir='ltr'><strong>ritus,</strong></span> <span class='ocrx_word' id='word_1_635' title='bbox 356 4628 550 4690; x_wconf 69' lang='lat' dir='ltr'><strong>quiest.</strong></span> <span class='ocrx_word' id='word_1_636' title='bbox 604 4621 695 4682; x_wconf 68' lang='lat'><strong>40,</strong></span> <span class='ocrx_word' id='word_1_637' title='bbox 749 4619 804 4672; x_wconf 90' lang='lat' dir='ltr'><strong>in</strong></span> <span class='ocrx_word' id='word_1_638' title='bbox 851 4619 1128 4674; x_wconf 83' lang='lat' dir='ltr'><strong>Genesim:</strong></span> <span class='ocrx_word' id='word_1_639' title='bbox 1176 4620 1405 4690; x_wconf 77' lang='grc' dir='ltr'>’ἰατρεία</span> <span class='ocrx_word' id='word_1_640' title='bbox 1450 4620 1630 4673; x_wconf 88' lang='grc' dir='ltr'>τοίνυν</span> <span class='ocrx_word' id='word_1_641' title='bbox 1670 4622 1700 4674; x_wconf 85' lang='grc' dir='ltr'><strong>ὁ</strong></span> 
     </span>
    </p>
   </div>
   <div class='ocr_carea' id='block_1_81' title="bbox 119 4688 1697 4761">
    <p class='ocr_par' dir='ltr' id='par_1_81' title="bbox 119 4688 1697 4761">
     <span class='ocr_line' id='line_1_82' title="bbox 119 4688 1697 4761; baseline 0.001 -20"><span class='ocrx_word' id='word_1_642' title='bbox 119 4688 379 4751; x_wconf 85' lang='grc' dir='ltr'>θάνατος,</span> <span class='ocrx_word' id='word_1_643' title='bbox 421 4688 480 4741; x_wconf 82' lang='grc' dir='ltr'><strong>οὐ</strong></span> <span class='ocrx_word' id='word_1_644' title='bbox 534 4690 775 4761; x_wconf 68' lang='grc' dir='ltr'>τιμωρία</span> <span class='ocrx_word' id='word_1_645' title='bbox 822 4691 999 4743; x_wconf 76' lang='grc' dir='ltr'>ὲστίνε</span> <span class='ocrx_word' id='word_1_646' title='bbox 1042 4688 1305 4743; x_wconf 81' lang='lat' dir='ltr'><strong>Medicina</strong></span> <span class='ocrx_word' id='word_1_647' title='bbox 1344 4690 1507 4758; x_wconf 82' lang='lat' dir='ltr'><strong>igitur</strong></span> <span class='ocrx_word' id='word_1_648' title='bbox 1554 4706 1697 4743; x_wconf 89' lang='lat' dir='ltr'><strong>mors</strong></span> 
     </span>
    </p>
   </div>
   <div class='ocr_carea' id='block_1_82' title="bbox 116 4757 1696 4828">
    <p class='ocr_par' dir='ltr' id='par_1_82' title="bbox 116 4757 1696 4828">
     <span class='ocr_line' id='line_1_83' title="bbox 116 4757 1696 4828; baseline 0.002 -17"><span class='ocrx_word' id='word_1_649' title='bbox 116 4768 220 4820; x_wconf 84' lang='lat' dir='ltr'><strong>est,</strong></span> <span class='ocrx_word' id='word_1_650' title='bbox 246 4774 354 4811; x_wconf 86' lang='lat' dir='ltr'><strong>non</strong></span> <span class='ocrx_word' id='word_1_651' title='bbox 375 4774 545 4826; x_wconf 66' lang='lat' dir='ltr'><strong>paena.</strong></span> <span class='ocrx_word' id='word_1_652' title='bbox 572 4757 764 4813; x_wconf 78' lang='lat' dir='ltr'><strong>Caveri</strong></span> <span class='ocrx_word' id='word_1_653' title='bbox 790 4768 969 4813; x_wconf 76' lang='lat' dir='ltr'><strong>tamen</strong></span> <span class='ocrx_word' id='word_1_654' title='bbox 993 4761 1153 4814; x_wconf 80' lang='lat' dir='ltr'><strong>debet</strong></span> <span class='ocrx_word' id='word_1_655' title='bbox 1176 4776 1329 4813; x_wconf 83' lang='lat' dir='ltr'><strong>error</strong></span> <span class='ocrx_word' id='word_1_656' title='bbox 1357 4757 1568 4820; x_wconf 81' lang='lat' dir='ltr'><strong>eorum,</strong></span> <span class='ocrx_word' id='word_1_657' title='bbox 1601 4762 1696 4828; x_wconf 84' lang='lat' dir='ltr'><strong>qui</strong></span> 
     </span>
    </p>
   </div>
   <div class='ocr_carea' id='block_1_83' title="bbox 50 4828 1697 4899">
    <p class='ocr_par' dir='ltr' id='par_1_83' title="bbox 50 4828 1697 4899">
     <span class='ocr_line' id='line_1_84' title="bbox 50 4828 1697 4899; baseline 0.002 -20"><span class='ocrx_word' id='word_1_658' title='bbox 50 4860 59 4865; x_wconf 85' lang='lat'><strong>-</strong></span> <span class='ocrx_word' id='word_1_659' title='bbox 118 4828 314 4883; x_wconf 88' lang='lat' dir='ltr'><strong>nimiis</strong></span> <span class='ocrx_word' id='word_1_660' title='bbox 346 4829 598 4899; x_wconf 78' lang='lat' dir='ltr'><strong>laudibus</strong></span> <span class='ocrx_word' id='word_1_661' title='bbox 629 4842 858 4883; x_wconf 73' lang='lat' dir='ltr'><strong>mortem</strong></span> <span class='ocrx_word' id='word_1_662' title='bbox 895 4830 1146 4889; x_wconf 74' lang='lat' dir='ltr'><strong>elTerunt,</strong></span> <span class='ocrx_word' id='word_1_663' title='bbox 1184 4831 1484 4899; x_wconf 83' lang='lat' dir='ltr'><strong>noluntque</strong></span> <span class='ocrx_word' id='word_1_664' title='bbox 1523 4844 1697 4892; x_wconf 73' lang='lat' dir='ltr'><strong>agno-</strong></span> 
     </span>
    </p>
   </div>
   <div class='ocr_carea' id='block_1_84' title="bbox 119 4898 1697 4969">
    <p class='ocr_par' dir='ltr' id='par_1_84' title="bbox 119 4898 1697 4969">
     <span class='ocr_line' id='line_1_85' title="bbox 119 4898 1697 4969; baseline 0 -18"><span class='ocrx_word' id='word_1_665' title='bbox 119 4913 279 4951; x_wconf 68' lang='lat' dir='ltr'><strong>scere</strong></span> <span class='ocrx_word' id='word_1_666' title='bbox 305 4908 485 4969; x_wconf 86' lang='lat' dir='ltr'><strong>ortum</strong></span> <span class='ocrx_word' id='word_1_667' title='bbox 506 4898 651 4969; x_wconf 68' lang='lat' dir='ltr'><strong>illius</strong></span> <span class='ocrx_word' id='word_1_668' title='bbox 673 4914 701 4952; x_wconf 94' lang='lat' dir='ltr'><strong>a</strong></span> <span class='ocrx_word' id='word_1_669' title='bbox 726 4910 966 4962; x_wconf 85' lang='lat' dir='ltr'><strong>peccato.</strong></span> <span class='ocrx_word' id='word_1_670' title='bbox 990 4899 1178 4964; x_wconf 82' lang='lat' dir='ltr'><strong>Qualis</strong></span> <span class='ocrx_word' id='word_1_671' title='bbox 1201 4898 1522 4954; x_wconf 77' lang='lat' dir='ltr'><strong>Theoderus</strong></span> <span class='ocrx_word' id='word_1_672' title='bbox 1547 4900 1697 4969; x_wconf 83' lang='lat' dir='ltr'><strong>Mop-</strong></span> 
     </span>
    </p>
   </div>
   <div class='ocr_carea' id='block_1_85' title="bbox 118 4967 1693 5039">
    <p class='ocr_par' dir='ltr' id='par_1_85' title="bbox 118 4967 1693 5039">
     <span class='ocr_line' id='line_1_86' title="bbox 118 4967 1693 5039; baseline 0.004 -22"><span class='ocrx_word' id='word_1_673' title='bbox 118 4977 442 5039; x_wconf 66' lang='lat' dir='ltr'><strong>suestenus,</strong></span> <span class='ocrx_word' id='word_1_674' title='bbox 475 4968 526 5020; x_wconf 91' lang='lat' dir='ltr'><strong>in</strong></span> <span class='ocrx_word' id='word_1_675' title='bbox 556 4967 859 5023; x_wconf 83' lang='lat' dir='ltr'><strong>Constituto</strong></span> <span class='ocrx_word' id='word_1_676' title='bbox 895 4970 1072 5035; x_wconf 76' lang='lat' dir='ltr'><strong>\‘igilii</strong></span> <span class='ocrx_word' id='word_1_677' title='bbox 1101 4985 1272 5039; x_wconf 71' lang='lat' dir='ltr'><strong>papte.</strong></span> <span class='ocrx_word' id='word_1_678' title='bbox 1310 4971 1362 5024; x_wconf 92' lang='lat' dir='ltr'><strong>in</strong></span> <span class='ocrx_word' id='word_1_679' title='bbox 1399 4967 1693 5025; x_wconf 80' lang='lat' dir='ltr'><strong>collatione</strong></span> 
     </span>
    </p>
   </div>
   <div class='ocr_carea' id='block_1_86' title="bbox 116 5034 1695 5113">
    <p class='ocr_par' dir='ltr' id='par_1_86' title="bbox 116 5034 1695 5113">
     <span class='ocr_line' id='line_1_87' title="bbox 116 5034 1695 5113; baseline 0.006 -27"><span class='ocrx_word' id='word_1_680' title='bbox 116 5034 158 5113; x_wconf 55' lang='grc' dir='ltr'>ξ</span> <span class='ocrx_word' id='word_1_681' title='bbox 187 5037 409 5113; x_wconf 72' lang='lat' dir='ltr'><strong>concilii</strong></span> <span class='ocrx_word' id='word_1_682' title='bbox 447 5039 715 5113; x_wconf 61' lang='lat' dir='ltr'><strong>generalis</strong></span> <span class='ocrx_word' id='word_1_683' title='bbox 752 5048 901 5113; x_wconf 85' lang='lat' dir='ltr'><strong>v,__et</strong></span> <span class='ocrx_word' id='word_1_684' title='bbox 936 5034 1077 5113; x_wconf 84' lang='lat' dir='ltr'><strong>apud</strong></span> <span class='ocrx_word' id='word_1_685' title='bbox 1104 5034 1534 5113; x_wconf 32' lang='lat' dir='ltr'><strong>’Pbotiumcod.</strong></span> <span class='ocrx_word' id='word_1_686' title='bbox 1562 5039 1695 5113; x_wconf 53' lang='lat'><strong>577.</strong></span> 
     </span>
    </p>
   </div>
   <div class='ocr_carea' id='block_1_87' title="bbox 115 5103 1695 5173">
    <p class='ocr_par' dir='ltr' id='par_1_87' title="bbox 115 5103 1695 5173">
     <span class='ocr_line' id='line_1_88' title="bbox 115 5103 1695 5173; baseline 0.004 -16"><span class='ocrx_word' id='word_1_687' title='bbox 115 5103 314 5169; x_wconf 81' lang='lat' dir='ltr'><strong>Qualis</strong></span> <span class='ocrx_word' id='word_1_688' title='bbox 339 5103 463 5160; x_wconf 74' lang='lat' dir='ltr'><strong>eum</strong></span> <span class='ocrx_word' id='word_1_689' title='bbox 494 5104 780 5162; x_wconf 79' lang='lat' dir='ltr'><strong>Theodoro</strong></span> <span class='ocrx_word' id='word_1_690' title='bbox 798 5103 1361 5173; x_wconf 77' lang='lat' dir='ltr'><strong>Nestorius,tradente</strong></span> <span class='ocrx_word' id='word_1_691' title='bbox 1387 5111 1534 5165; x_wconf 85' lang='lat' dir='ltr'><strong>Mose</strong></span> <span class='ocrx_word' id='word_1_692' title='bbox 1560 5109 1695 5164; x_wconf 88' lang='lat' dir='ltr'><strong>Bar-</strong></span> 
     </span>
    </p>
   </div>
   <div class='ocr_carea' id='block_1_88' title="bbox 116 5173 1695 5250">
    <p class='ocr_par' dir='ltr' id='par_1_88' title="bbox 116 5173 1695 5250">
     <span class='ocr_line' id='line_1_89' title="bbox 116 5173 1695 5250; baseline 0.003 -22"><span class='ocrx_word' id='word_1_693' title='bbox 116 5173 309 5250; x_wconf 62' lang='lat' dir='ltr'><strong>Cepha</strong></span> <span class='ocrx_word' id='word_1_694' title='bbox 352 5175 493 5250; x_wconf 82' lang='lat' dir='ltr'><strong>Syro</strong></span> <span class='ocrx_word' id='word_1_695' title='bbox 516 5178 568 5231; x_wconf 89' lang='lat' dir='ltr'><strong>in</strong></span> <span class='ocrx_word' id='word_1_696' title='bbox 599 5186 751 5250; x_wconf 75' lang='lat' dir='ltr'><strong>parte</strong></span> <span class='ocrx_word' id='word_1_697' title='bbox 764 5195 842 5250; x_wconf 85' lang='lat' dir='ltr'><strong>_m</strong></span> <span class='ocrx_word' id='word_1_698' title='bbox 870 5180 1407 5250; x_wconf 66' lang='lat' dir='ltr'><strong>{loramentariorum</strong></span> <span class='ocrx_word' id='word_1_699' title='bbox 1438 5182 1506 5235; x_wconf 86' lang='lat' dir='ltr'><strong>de</strong></span> <span class='ocrx_word' id='word_1_700' title='bbox 1534 5196 1695 5250; x_wconf 83' lang='lat' dir='ltr'><strong>para-</strong></span> 
     </span>
    </p>
   </div>
   <div class='ocr_carea' id='block_1_89' title="bbox 116 5245 1696 5320">
    <p class='ocr_par' dir='ltr' id='par_1_89' title="bbox 116 5245 1696 5320">
     <span class='ocr_line' id='line_1_90' title="bbox 116 5245 1696 5320; baseline 0.007 -26"><span class='ocrx_word' id='word_1_701' title='bbox 116 5245 265 5320; x_wconf 45' lang='lat' dir='ltr'><strong>diso,</strong></span> <span class='ocrx_word' id='word_1_702' title='bbox 297 5245 419 5320; x_wconf 50' lang='lat' dir='ltr'><strong>cap}</strong></span> <span class='ocrx_word' id='word_1_703' title='bbox 451 5249 504 5307; x_wconf 88' lang='lat'><strong>8.</strong></span> <span class='ocrx_word' id='word_1_704' title='bbox 536 5245 670 5320; x_wconf 80' lang='lat' dir='ltr'><strong>tom.</strong></span> <span class='ocrx_word' id='word_1_705' title='bbox 708 5247 1097 5320; x_wconf 61' lang='lat' dir='ltr'><strong>[Bibliotheca</strong></span> <span class='ocrx_word' id='word_1_706' title='bbox 1125 5250 1373 5305; x_wconf 81' lang='lat' dir='ltr'><strong>Patrum.</strong></span> <span class='ocrx_word' id='word_1_707' title='bbox 1400 5250 1465 5304; x_wconf 85' lang='lat' dir='ltr'><strong>Et</strong></span> <span class='ocrx_word' id='word_1_708' title='bbox 1503 5245 1696 5320; x_wconf 75' lang='lat' dir='ltr'><strong>quales</strong></span> 
     </span>
    </p>
   </div>
   <div class='ocr_carea' id='block_1_90' title="bbox 128 5312 1705 5393">
    <p class='ocr_par' dir='ltr' id='par_1_90' title="bbox 128 5312 1705 5393">
     <span class='ocr_line' id='line_1_91' title="bbox 128 5312 1705 5393; baseline 0.008 -25"><span class='ocrx_word' id='word_1_709' title='bbox 128 5312 413 5393; x_wconf 61' lang='lat' dir='ltr'><strong>l’elagiani</strong></span> <span class='ocrx_word' id='word_1_710' title='bbox 436 5317 752 5393; x_wconf 80' lang='lat' dir='ltr'><strong>,_notissimi</strong></span> <span class='ocrx_word' id='word_1_711' title='bbox 787 5321 1112 5393; x_wconf 80' lang='lat' dir='ltr'><strong>eonomine.</strong></span> <span class='ocrx_word' id='word_1_712' title='bbox 1142 5321 1291 5393; x_wconf 76' lang='lat' dir='ltr'><strong>Deus</strong></span> <span class='ocrx_word' id='word_1_713' title='bbox 1328 5324 1491 5393; x_wconf 87' lang='lat' dir='ltr'><strong>igitur</strong></span> <span class='ocrx_word' id='word_1_714' title='bbox 1512 5312 1705 5381; x_wconf 79' lang='lat' dir='ltr'><strong>consu-</strong></span> 
     </span>
    </p>
   </div>
   <div class='ocr_carea' id='block_1_91' title="bbox 132 5386 1700 5464">
    <p class='ocr_par' dir='ltr' id='par_1_91' title="bbox 132 5386 1700 5464">
     <span class='ocr_line' id='line_1_92' title="bbox 132 5386 1700 5464; baseline 0.008 -27"><span class='ocrx_word' id='word_1_715' title='bbox 132 5386 245 5439; x_wconf 82' lang='lat' dir='ltr'><strong>lens</strong></span> <span class='ocrx_word' id='word_1_716' title='bbox 276 5387 596 5464; x_wconf 76' lang='lat' dir='ltr'><strong>hominibus,</strong></span> <span class='ocrx_word' id='word_1_717' title='bbox 627 5390 935 5464; x_wconf 28' lang='lat' dir='ltr'><strong>cumAsciret</strong></span> <span class='ocrx_word' id='word_1_718' title='bbox 959 5407 1046 5444; x_wconf 82' lang='lat' dir='ltr'><strong>eos</strong></span> <span class='ocrx_word' id='word_1_719' title='bbox 1081 5391 1150 5445; x_wconf 91' lang='lat' dir='ltr'><strong>ad</strong></span> <span class='ocrx_word' id='word_1_720' title='bbox 1187 5386 1448 5447; x_wconf 75' lang='lat' dir='ltr'><strong>malitiam</strong></span> <span class='ocrx_word' id='word_1_721' title='bbox 1475 5412 1700 5464; x_wconf 86' lang='lat' dir='ltr'><strong>pronos,</strong></span> 
     </span>
    </p>
   </div>
   <div class='ocr_carea' id='block_1_92' title="bbox 126 5457 1704 5531">
    <p class='ocr_par' dir='ltr' id='par_1_92' title="bbox 126 5457 1704 5531">
     <span class='ocr_line' id='line_1_93' title="bbox 126 5457 1704 5531; baseline 0.008 -24"><span class='ocrx_word' id='word_1_722' title='bbox 126 5464 182 5531; x_wconf 78' lang='lat' dir='ltr'><strong>et</strong></span> <span class='ocrx_word' id='word_1_723' title='bbox 212 5457 544 5531; x_wconf 65' lang='lat' dir='ltr'><strong>voluptatum</strong></span> <span class='ocrx_word' id='word_1_724' title='bbox 566 5475 628 5511; x_wconf 91' lang='lat' dir='ltr'><strong>ac</strong></span> <span class='ocrx_word' id='word_1_725' title='bbox 654 5459 1034 5514; x_wconf 83' lang='lat' dir='ltr'><strong>desideriorum</strong></span> <span class='ocrx_word' id='word_1_726' title='bbox 1048 5464 1222 5518; x_wconf 89' lang='lat' dir='ltr'><strong>carnis</strong></span> <span class='ocrx_word' id='word_1_727' title='bbox 1236 5457 1521 5531; x_wconf 79' lang='lat' dir='ltr'><strong>amatores,</strong></span> <span class='ocrx_word' id='word_1_728' title='bbox 1536 5478 1585 5521; x_wconf 91' lang='lat' dir='ltr'><strong>et</strong></span> <span class='ocrx_word' id='word_1_729' title='bbox 1599 5457 1704 5520; x_wconf 52' lang='lat' dir='ltr'><strong>vel;</strong></span> 
     </span>
    </p>
   </div>
   <div class='ocr_carea' id='block_1_93' title="bbox 131 5526 1704 5608">
    <p class='ocr_par' dir='ltr' id='par_1_93' title="bbox 131 5526 1704 5608">
     <span class='ocr_line' id='line_1_94' title="bbox 131 5526 1704 5608; baseline 0.006 -27"><span class='ocrx_word' id='word_1_730' title='bbox 131 5528 206 5608; x_wconf 65' lang='lat' dir='ltr'><strong>let</strong></span> <span class='ocrx_word' id='word_1_731' title='bbox 239 5526 312 5608; x_wconf 78' lang='lat' dir='ltr'><strong>ad</strong></span> <span class='ocrx_word' id='word_1_732' title='bbox 343 5527 613 5608; x_wconf 57' lang='lat' dir='ltr'><strong>honestam</strong></span> <span class='ocrx_word' id='word_1_733' title='bbox 635 5532 807 5608; x_wconf 55' lang='lat' dir='ltr'><strong>potius</strong></span> <span class='ocrx_word' id='word_1_734' title='bbox 827 5548 1075 5608; x_wconf 70' lang='lat' dir='ltr'><strong>revocare</strong></span> <span class='ocrx_word' id='word_1_735' title='bbox 1098 5534 1361 5608; x_wconf 78' lang='lat' dir='ltr'><strong>virtutem,</strong></span> <span class='ocrx_word' id='word_1_736' title='bbox 1384 5526 1704 5608; x_wconf 17' lang='lat' dir='ltr'><strong>sivitlusque</strong></span> 
     </span>
    </p>
   </div>
   <div class='ocr_carea' id='block_1_94' title="bbox 129 5595 1704 5676">
    <p class='ocr_par' dir='ltr' id='par_1_94' title="bbox 129 5595 1704 5676">
     <span class='ocr_line' id='line_1_95' title="bbox 129 5595 1704 5676; baseline 0.008 -25"><span class='ocrx_word' id='word_1_737' title='bbox 129 5595 206 5651; x_wconf 85' lang='lat' dir='ltr'><strong>ad</strong></span> <span class='ocrx_word' id='word_1_738' title='bbox 233 5606 435 5676; x_wconf 53' lang='lat' dir='ltr'><strong>tempus</strong></span> <span class='ocrx_word' id='word_1_739' title='bbox 455 5595 669 5676; x_wconf 75' lang='lat' dir='ltr'><strong>aliquod</strong></span> <span class='ocrx_word' id='word_1_740' title='bbox 694 5600 1043 5676; x_wconf 77' lang='lat' dir='ltr'><strong>dominationi</strong></span> <span class='ocrx_word' id='word_1_741' title='bbox 1073 5607 1257 5676; x_wconf 86' lang='lat' dir='ltr'><strong>mortis</strong></span> <span class='ocrx_word' id='word_1_742' title='bbox 1285 5606 1480 5660; x_wconf 86' lang='lat' dir='ltr'><strong>addici.</strong></span> <span class='ocrx_word' id='word_1_743' title='bbox 1504 5595 1704 5676; x_wconf 59' lang='lat' dir='ltr'><strong>Quippe</strong></span> 
     </span>
    </p>
   </div>
   <div class='ocr_carea' id='block_1_95' title="bbox 129 5667 1703 5743">
    <p class='ocr_par' dir='ltr' id='par_1_95' title="bbox 129 5667 1703 5743">
     <span class='ocr_line' id='line_1_96' title="bbox 129 5667 1703 5743; baseline 0.008 -23"><span class='ocrx_word' id='word_1_744' title='bbox 129 5682 253 5720; x_wconf 83' lang='lat' dir='ltr'><strong>cum</strong></span> <span class='ocrx_word' id='word_1_745' title='bbox 289 5667 423 5722; x_wconf 80' lang='lat' dir='ltr'><strong>nihil</strong></span> <span class='ocrx_word' id='word_1_746' title='bbox 454 5667 603 5721; x_wconf 83' lang='lat' dir='ltr'><strong>aliud</strong></span> <span class='ocrx_word' id='word_1_747' title='bbox 637 5680 811 5724; x_wconf 86' lang='lat' dir='ltr'><strong>nosset</strong></span> <span class='ocrx_word' id='word_1_748' title='bbox 856 5683 965 5725; x_wconf 82' lang='lat' dir='ltr'><strong>tam</strong></span> <span class='ocrx_word' id='word_1_749' title='bbox 1000 5674 1157 5743; x_wconf 81' lang='lat' dir='ltr'><strong>facile</strong></span> <span class='ocrx_word' id='word_1_750' title='bbox 1196 5675 1427 5731; x_wconf 77' lang='lat' dir='ltr'><strong>homines</strong></span> <span class='ocrx_word' id='word_1_751' title='bbox 1471 5667 1703 5732; x_wconf 49' lang='lat' dir='ltr'><strong>coemere</strong></span> 
     </span>
    </p>
   </div>
   <div class='ocr_carea' id='block_1_96' title="bbox 126 5744 1702 5818">
    <p class='ocr_par' dir='ltr' id='par_1_96' title="bbox 126 5744 1702 5818">
     <span class='ocr_line' id='line_1_97' title="bbox 126 5744 1702 5818; baseline 0.008 -26"><span class='ocrx_word' id='word_1_752' title='bbox 126 5752 289 5798; x_wconf 74' lang='lat' dir='ltr'><strong>posse</strong></span> <span class='ocrx_word' id='word_1_753' title='bbox 317 5755 477 5809; x_wconf 78' lang='lat' dir='ltr'><strong>quam</strong></span> <span class='ocrx_word' id='word_1_754' title='bbox 507 5751 745 5794; x_wconf 86' lang='lat' dir='ltr'><strong>mortem.</strong></span> <span class='ocrx_word' id='word_1_755' title='bbox 779 5744 858 5799; x_wconf 80' lang='lat' dir='ltr'><strong>Ac</strong></span> <span class='ocrx_word' id='word_1_756' title='bbox 892 5748 1052 5813; x_wconf 86' lang='lat' dir='ltr'><strong>paulo</strong></span> <span class='ocrx_word' id='word_1_757' title='bbox 1082 5746 1371 5817; x_wconf 79' lang='lat' dir='ltr'><strong>postzNon</strong></span> <span class='ocrx_word' id='word_1_758' title='bbox 1407 5749 1570 5818; x_wconf 87' lang='lat' dir='ltr'><strong>igitur</strong></span> <span class='ocrx_word' id='word_1_759' title='bbox 1609 5750 1702 5804; x_wconf 78' lang='lat' dir='ltr'><strong>lto-</strong></span> 
     </span>
    </p>
   </div>
   <div class='ocr_carea' id='block_1_97' title="bbox 372 5833 920 5899">
    <p class='ocr_par' dir='ltr' id='par_1_97' title="bbox 372 5833 920 5899">
     <span class='ocr_line' id='line_1_98' title="bbox 372 5833 920 5899; baseline 0.009 -5"><span class='ocrx_word' id='word_1_760' title='bbox 372 5833 651 5896; x_wconf 71' lang='grc' dir='ltr'>Ρηιιοι..</span> <span class='ocrx_word' id='word_1_761' title='bbox 703 5836 819 5897; x_wconf 79' lang='lat' dir='ltr'><strong>Gn.</strong></span> <span class='ocrx_word' id='word_1_762' title='bbox 872 5839 920 5899; x_wconf 85' lang='lat' dir='ltr'><strong>l.</strong></span> 
     </span>
    </p>
   </div>
   <div class='ocr_carea' id='block_1_98' title="bbox 1797 3143 3377 3220">
    <p class='ocr_par' dir='ltr' id='par_1_98' title="bbox 1797 3143 3377 3220">
     <span class='ocr_line' id='line_1_99' title="bbox 1797 3143 3377 3220; baseline -0.003 -16"><span class='ocrx_word' id='word_1_763' title='bbox 1797 3143 2067 3219; x_wconf 75' lang='lat' dir='ltr'><strong>nunquam</strong></span> <span class='ocrx_word' id='word_1_764' title='bbox 2100 3149 2549 3220; x_wconf 78' lang='lat' dir='ltr'><strong>profectoeorum</strong></span> <span class='ocrx_word' id='word_1_765' title='bbox 2585 3143 2840 3220; x_wconf 76' lang='lat' dir='ltr'><strong>_malitia__</strong></span> <span class='ocrx_word' id='word_1_766' title='bbox 2858 3146 3122 3214; x_wconf 79' lang='lat' dir='ltr'><strong>ﬁniretur.</strong></span> <span class='ocrx_word' id='word_1_767' title='bbox 3170 3143 3377 3220; x_wconf 80' lang='lat' dir='ltr'><strong>Rursus</strong></span> 
     </span>
    </p>
   </div>
   <div class='ocr_carea' id='block_1_99' title="bbox 1796 3214 3378 3287">
    <p class='ocr_par' dir='ltr' id='par_1_99' title="bbox 1796 3214 3378 3287">
     <span class='ocr_line' id='line_1_100' title="bbox 1796 3214 3378 3287; baseline -0.005 -14"><span class='ocrx_word' id='word_1_768' title='bbox 1796 3214 1957 3273; x_wconf 80' lang='lat' dir='ltr'><strong>etiam</strong></span> <span class='ocrx_word' id='word_1_769' title='bbox 1992 3214 2215 3287; x_wconf 72' lang='grc' dir='ltr'>ειη-’ρνό</span> <span class='ocrx_word' id='word_1_770' title='bbox 2249 3218 2511 3272; x_wconf 88' lang='lat' dir='ltr'><strong>malorum</strong></span> <span class='ocrx_word' id='word_1_771' title='bbox 2548 3216 2908 3287; x_wconf 78' lang='lat' dir='ltr'><strong>vicissitudine</strong></span> <span class='ocrx_word' id='word_1_772' title='bbox 2943 3214 3378 3287; x_wconf 28' lang='lat' dir='ltr'><strong>mortem‘datam-</strong></span> 
     </span>
    </p>
   </div>
   <div class='ocr_carea' id='block_1_100' title="bbox 1797 3281 3381 3357">
    <p class='ocr_par' dir='ltr' id='par_1_100' title="bbox 1797 3281 3381 3357">
     <span class='ocr_line' id='line_1_101' title="bbox 1797 3281 3381 3357; baseline -0.005 -13"><span class='ocrx_word' id='word_1_773' title='bbox 1797 3306 1909 3344; x_wconf 81' lang='lat' dir='ltr'><strong>esse</strong></span> <span class='ocrx_word' id='word_1_774' title='bbox 1942 3281 2182 3351; x_wconf 83' lang='lat' dir='ltr'><strong>credam,</strong></span> <span class='ocrx_word' id='word_1_775' title='bbox 2228 3306 2348 3343; x_wconf 86' lang='lat' dir='ltr'><strong>cum</strong></span> <span class='ocrx_word' id='word_1_776' title='bbox 2384 3289 2432 3342; x_wconf 89' lang='lat' dir='ltr'><strong>si</strong></span> <span class='ocrx_word' id='word_1_777' title='bbox 2461 3287 2579 3357; x_wconf 89' lang='lat' dir='ltr'><strong>quis</strong></span> <span class='ocrx_word' id='word_1_778' title='bbox 2621 3296 2823 3357; x_wconf 85' lang='lat' dir='ltr'><strong>centum</strong></span> <span class='ocrx_word' id='word_1_779' title='bbox 2871 3285 3105 3357; x_wconf 80' lang='lat' dir='ltr'><strong>homines</strong></span> <span class='ocrx_word' id='word_1_780' title='bbox 3151 3284 3257 3347; x_wconf 78' lang='lat' dir='ltr'><strong>fere</strong></span> <span class='ocrx_word' id='word_1_781' title='bbox 3300 3281 3381 3336; x_wconf 78' lang='lat' dir='ltr'><strong>vel</strong></span> 
     </span>
    </p>
   </div>
   <div class='ocr_carea' id='block_1_101' title="bbox 1798 3355 3377 3428">
    <p class='ocr_par' dir='ltr' id='par_1_101' title="bbox 1798 3355 3377 3428">
     <span class='ocr_line' id='line_1_102' title="bbox 1798 3355 3377 3428; baseline -0.005 -14"><span class='ocrx_word' id='word_1_782' title='bbox 1798 3361 2027 3428; x_wconf 87' lang='lat' dir='ltr'><strong>amplius</strong></span> <span class='ocrx_word' id='word_1_783' title='bbox 2062 3359 2312 3415; x_wconf 86' lang='lat' dir='ltr'><strong>occiderit</strong></span> <span class='ocrx_word' id='word_1_784' title='bbox 2330 3401 2345 3424; x_wconf 90' lang='lat'><strong>,</strong></span> <span class='ocrx_word' id='word_1_785' title='bbox 2385 3355 2540 3411; x_wconf 33' lang='lat' dir='ltr'><strong>tot&#39;et</strong></span> <span class='ocrx_word' id='word_1_786' title='bbox 2566 3358 2742 3428; x_wconf 83' lang='lat' dir='ltr'><strong>_t_antis</strong></span> <span class='ocrx_word' id='word_1_787' title='bbox 2770 3355 3068 3428; x_wconf 76' lang='lat' dir='ltr'><strong>homicidiis</strong></span> <span class='ocrx_word' id='word_1_788' title='bbox 3096 3370 3377 3428; x_wconf 66' lang='lat' dir='ltr'><strong>exa’quare</strong></span> 
     </span>
    </p>
   </div>
   <div class='ocr_carea' id='block_1_102' title="bbox 1798 3424 3378 3497">
    <p class='ocr_par' dir='ltr' id='par_1_102' title="bbox 1798 3424 3378 3497">
     <span class='ocr_line' id='line_1_103' title="bbox 1798 3424 3378 3497; baseline -0.005 -13"><span class='ocrx_word' id='word_1_789' title='bbox 1798 3424 2003 3484; x_wconf 87' lang='lat' dir='ltr'><strong>nullam</strong></span> <span class='ocrx_word' id='word_1_790' title='bbox 2037 3432 2209 3485; x_wconf 83' lang='lat' dir='ltr'><strong>valeat</strong></span> <span class='ocrx_word' id='word_1_791' title='bbox 2232 3429 2522 3483; x_wconf 85' lang='lat' dir='ltr'><strong>ultionem?</strong></span> <span class='ocrx_word' id='word_1_792' title='bbox 2557 3425 2677 3479; x_wconf 82' lang='lat' dir='ltr'><strong>Non</strong></span> <span class='ocrx_word' id='word_1_793' title='bbox 2706 3427 2868 3497; x_wconf 86' lang='lat' dir='ltr'><strong>igitur</strong></span> <span class='ocrx_word' id='word_1_794' title='bbox 2897 3424 3144 3497; x_wconf 83' lang='lat' dir='ltr'><strong>malignis</strong></span> <span class='ocrx_word' id='word_1_795' title='bbox 3166 3434 3378 3497; x_wconf 83' lang='lat' dir='ltr'><strong>tantum</strong></span> 
     </span>
    </p>
   </div>
   <div class='ocr_carea' id='block_1_103' title="bbox 1797 3494 3379 3565">
    <p class='ocr_par' dir='ltr' id='par_1_103' title="bbox 1797 3494 3379 3565">
     <span class='ocr_line' id='line_1_104' title="bbox 1797 3494 3379 3565; baseline -0.004 -13"><span class='ocrx_word' id='word_1_796' title='bbox 1797 3500 2118 3563; x_wconf 87' lang='lat' dir='ltr'><strong>hominibus,</strong></span> <span class='ocrx_word' id='word_1_797' title='bbox 2172 3503 2242 3554; x_wconf 90' lang='lat' dir='ltr'><strong>ad</strong></span> <span class='ocrx_word' id='word_1_798' title='bbox 2291 3498 2565 3553; x_wconf 85' lang='lat' dir='ltr'><strong>delendam</strong></span> <span class='ocrx_word' id='word_1_799' title='bbox 2616 3494 2796 3551; x_wconf 84' lang='lat' dir='ltr'><strong>eorum</strong></span> <span class='ocrx_word' id='word_1_800' title='bbox 2852 3496 3190 3565; x_wconf 80' lang='lat' dir='ltr'><strong>pravitatem.</strong></span> <span class='ocrx_word' id='word_1_801' title='bbox 3224 3494 3379 3565; x_wconf 13' lang='lat' dir='ltr'><strong>rbona</strong></span> 
     </span>
    </p>
   </div>
   <div class='ocr_carea' id='block_1_104' title="bbox 1800 3564 3378 3635">
    <p class='ocr_par' dir='ltr' id='par_1_104' title="bbox 1800 3564 3378 3635">
     <span class='ocr_line' id='line_1_105' title="bbox 1800 3564 3378 3635; baseline -0.004 -12"><span class='ocrx_word' id='word_1_802' title='bbox 1800 3587 1943 3625; x_wconf 88' lang='lat' dir='ltr'><strong>mors</strong></span> <span class='ocrx_word' id='word_1_803' title='bbox 1978 3587 2090 3624; x_wconf 84' lang='lat' dir='ltr'><strong>esse</strong></span> <span class='ocrx_word' id='word_1_804' title='bbox 2128 3570 2346 3633; x_wconf 81' lang='lat' dir='ltr'><strong>dicitur,</strong></span> <span class='ocrx_word' id='word_1_805' title='bbox 2379 3568 2468 3623; x_wconf 88' lang='lat' dir='ltr'><strong>sed</strong></span> <span class='ocrx_word' id='word_1_806' title='bbox 2510 3568 2670 3621; x_wconf 89' lang='lat' dir='ltr'><strong>etiam</strong></span> <span class='ocrx_word' id='word_1_807' title='bbox 2702 3564 2869 3635; x_wconf 78' lang='lat' dir='ltr'><strong>justis</strong></span> <span class='ocrx_word' id='word_1_808' title='bbox 2914 3566 3083 3623; x_wconf 86' lang='lat' dir='ltr'><strong>utilis.</strong></span> <span class='ocrx_word' id='word_1_809' title='bbox 3129 3564 3378 3635; x_wconf 68' lang='lat' dir='ltr'><strong>Aliisque</strong></span> 
     </span>
    </p>
   </div>
   <div class='ocr_carea' id='block_1_105' title="bbox 1797 3632 3377 3710">
    <p class='ocr_par' dir='ltr' id='par_1_105' title="bbox 1797 3632 3377 3710">
     <span class='ocr_line' id='line_1_106' title="bbox 1797 3632 3377 3710; baseline -0.004 -16"><span class='ocrx_word' id='word_1_810' title='bbox 1797 3642 2049 3710; x_wconf 88' lang='lat' dir='ltr'><strong>pluribus</strong></span> <span class='ocrx_word' id='word_1_811' title='bbox 2084 3641 2141 3695; x_wconf 90' lang='lat' dir='ltr'><strong>in</strong></span> <span class='ocrx_word' id='word_1_812' title='bbox 2162 3632 2771 3710; x_wconf 75' lang='lat' dir='ltr'><strong>eamdemsententiam</strong></span> <span class='ocrx_word' id='word_1_813' title='bbox 2802 3635 3141 3710; x_wconf 87' lang='lat' dir='ltr'><strong>interpositis</strong></span> <span class='ocrx_word' id='word_1_814' title='bbox 3180 3653 3193 3689; x_wconf 91' lang='lat'>:</span> <span class='ocrx_word' id='word_1_815' title='bbox 3228 3632 3377 3710; x_wconf 68' lang='lat' dir='ltr'><strong>Mul-</strong></span> 
     </span>
    </p>
   </div>
   <div class='ocr_carea' id='block_1_106' title="bbox 1800 3704 3377 3781">
    <p class='ocr_par' dir='ltr' id='par_1_106' title="bbox 1800 3704 3377 3781">
     <span class='ocr_line' id='line_1_107' title="bbox 1800 3704 3377 3781; baseline -0.004 -17"><span class='ocrx_word' id='word_1_816' title='bbox 1800 3704 1869 3765; x_wconf 72' lang='lat' dir='ltr'><strong>iis</strong></span> <span class='ocrx_word' id='word_1_817' title='bbox 1902 3711 2066 3781; x_wconf 89' lang='lat' dir='ltr'><strong>igitur</strong></span> <span class='ocrx_word' id='word_1_818' title='bbox 2104 3711 2323 3766; x_wconf 85' lang='lat' dir='ltr'><strong>testibus</strong></span> <span class='ocrx_word' id='word_1_819' title='bbox 2354 3704 2541 3781; x_wconf 76' lang='grc' dir='ltr'>ἐάσειὶ</span> <span class='ocrx_word' id='word_1_820' title='bbox 2572 3706 2710 3781; x_wconf 88' lang='lat' dir='ltr'><strong>quod</strong></span> <span class='ocrx_word' id='word_1_821' title='bbox 2759 3723 2900 3781; x_wconf 79' lang='lat' dir='ltr'><strong>mors</strong></span> <span class='ocrx_word' id='word_1_822' title='bbox 2936 3704 3041 3760; x_wconf 83' lang='lat' dir='ltr'><strong>ista</strong></span> <span class='ocrx_word' id='word_1_823' title='bbox 3083 3705 3377 3781; x_wconf 77' lang='lat' dir='ltr'><strong>communis</strong></span> 
     </span>
    </p>
   </div>
   <div class='ocr_carea' id='block_1_107' title="bbox 1798 3777 3378 3850">
    <p class='ocr_par' dir='ltr' id='par_1_107' title="bbox 1798 3777 3378 3850">
     <span class='ocr_line' id='line_1_108' title="bbox 1798 3777 3378 3850; baseline -0.006 -14"><span class='ocrx_word' id='word_1_824' title='bbox 1798 3777 1945 3835; x_wconf 74' lang='lat' dir='ltr'><strong>mala</strong></span> <span class='ocrx_word' id='word_1_825' title='bbox 1974 3799 2078 3835; x_wconf 82' lang='lat' dir='ltr'><strong>non</strong></span> <span class='ocrx_word' id='word_1_826' title='bbox 2099 3784 2191 3846; x_wconf 88' lang='lat' dir='ltr'><strong>sit,</strong></span> <span class='ocrx_word' id='word_1_827' title='bbox 2215 3782 2335 3850; x_wconf 86' lang='lat' dir='ltr'><strong>jam</strong></span> <span class='ocrx_word' id='word_1_828' title='bbox 2375 3780 2524 3849; x_wconf 91' lang='lat' dir='ltr'><strong>longe</strong></span> <span class='ocrx_word' id='word_1_829' title='bbox 2552 3778 2724 3831; x_wconf 88' lang='lat' dir='ltr'><strong>valere</strong></span> <span class='ocrx_word' id='word_1_830' title='bbox 2744 3777 2987 3850; x_wconf 68' lang='lat' dir='ltr'><strong>dicamus</strong></span> <span class='ocrx_word' id='word_1_831' title='bbox 3024 3777 3116 3850; x_wconf 83' lang='lat' dir='ltr'><strong>_qu_i</strong></span> <span class='ocrx_word' id='word_1_832' title='bbox 3148 3785 3378 3850; x_wconf 78' lang='lat' dir='ltr'><strong>mortem</strong></span> 
     </span>
    </p>
   </div>
   <div class='ocr_carea' id='block_1_108' title="bbox 1798 3846 3377 3922">
    <p class='ocr_par' dir='ltr' id='par_1_108' title="bbox 1798 3846 3377 3922">
     <span class='ocr_line' id='line_1_109' title="bbox 1798 3846 3377 3922; baseline -0.004 -18"><span class='ocrx_word' id='word_1_833' title='bbox 1798 3855 2000 3905; x_wconf 87' lang='lat' dir='ltr'><strong>malam</strong></span> <span class='ocrx_word' id='word_1_834' title='bbox 2039 3846 2323 3922; x_wconf 83' lang='lat' dir='ltr'><strong>appellant.</strong></span> <span class='ocrx_word' id='word_1_835' title='bbox 2360 3846 2636 3922; x_wconf 75' lang='lat' dir='ltr'><strong>Hactenus</strong></span> <span class='ocrx_word' id='word_1_836' title='bbox 2660 3849 2828 3922; x_wconf 62' lang='lat' dir='ltr'><strong>verba</strong></span> <span class='ocrx_word' id='word_1_837' title='bbox 2854 3846 3045 3900; x_wconf 76' lang='lat' dir='ltr'><strong>Ruﬁni</strong></span> <span class='ocrx_word' id='word_1_838' title='bbox 3071 3846 3377 3922; x_wconf 70' lang='lat' dir='ltr'><strong>Palaestina:</strong></span> 
     </span>
    </p>
   </div>
   <div class='ocr_carea' id='block_1_109' title="bbox 1839 3916 3380 3993">
    <p class='ocr_par' dir='ltr' id='par_1_109' title="bbox 1839 3916 3380 3993">
     <span class='ocr_line' id='line_1_110' title="bbox 1839 3916 3380 3993; baseline -0.005 -17"><span class='ocrx_word' id='word_1_839' title='bbox 1839 3916 2461 3993; x_wconf 50' lang='lat' dir='ltr'><strong>rovinciaa&#39;presbyteri,</strong></span> <span class='ocrx_word' id='word_1_840' title='bbox 2480 3920 2619 3973; x_wconf 90' lang='lat' dir='ltr'><strong>libro</strong></span> <span class='ocrx_word' id='word_1_841' title='bbox 2648 3918 2728 3972; x_wconf 84' lang='lat' dir='ltr'><strong>De</strong></span> <span class='ocrx_word' id='word_1_842' title='bbox 2754 3916 2878 3993; x_wconf 70' lang='lat' dir='ltr'><strong>fide,</strong></span> <span class='ocrx_word' id='word_1_843' title='bbox 2913 3918 3157 3971; x_wconf 91' lang='lat' dir='ltr'><strong>auctoris</strong></span> <span class='ocrx_word' id='word_1_844' title='bbox 3182 3986 3192 3993; x_wconf 88' lang='lat'><strong>_</strong></span> <span class='ocrx_word' id='word_1_845' title='bbox 3213 3932 3380 3993; x_wconf 64' lang='lat' dir='ltr'><strong>quem</strong></span> 
     </span>
    </p>
   </div>
   <div class='ocr_carea' id='block_1_110' title="bbox 1830 3986 3379 4058">
    <p class='ocr_par' dir='ltr' id='par_1_110' title="bbox 1830 3986 3379 4058">
     <span class='ocr_line' id='line_1_111' title="bbox 1830 3986 3379 4058; baseline -0.005 -12"><span class='ocrx_word' id='word_1_846' title='bbox 1830 3994 2002 4047; x_wconf 83' lang='lat' dir='ltr'><strong>acobo</strong></span> <span class='ocrx_word' id='word_1_847' title='bbox 2046 3986 2342 4048; x_wconf 76' lang='lat' dir='ltr'><strong>Sirmondo</strong></span> <span class='ocrx_word' id='word_1_848' title='bbox 2381 3991 2665 4050; x_wconf 88' lang='lat' dir='ltr'><strong>debemus.</strong></span> <span class='ocrx_word' id='word_1_849' title='bbox 2689 3986 2896 4058; x_wconf 88' lang='lat' dir='ltr'><strong>quique</strong></span> <span class='ocrx_word' id='word_1_850' title='bbox 2934 4004 3058 4058; x_wconf 55' lang='lat' dir='ltr'><strong>eum</strong></span> <span class='ocrx_word' id='word_1_851' title='bbox 3090 3986 3379 4058; x_wconf 78' lang='lat' dir='ltr'><strong>catholicis</strong></span> 
     </span>
    </p>
   </div>
   <div class='ocr_carea' id='block_1_111' title="bbox 1800 4056 3380 4133">
    <p class='ocr_par' dir='ltr' id='par_1_111' title="bbox 1800 4056 3380 4133">
     <span class='ocr_line' id='line_1_112' title="bbox 1800 4056 3380 4133; baseline -0.006 -16"><span class='ocrx_word' id='word_1_852' title='bbox 1800 4062 2050 4125; x_wconf 84' lang='lat' dir='ltr'><strong>allirmat,</strong></span> <span class='ocrx_word' id='word_1_853' title='bbox 2081 4065 2288 4133; x_wconf 88' lang='lat' dir='ltr'><strong>primos</strong></span> <span class='ocrx_word' id='word_1_854' title='bbox 2312 4061 2562 4116; x_wconf 88' lang='lat' dir='ltr'><strong>homines</strong></span> <span class='ocrx_word' id='word_1_855' title='bbox 2584 4056 3138 4133; x_wconf 77' lang='lat' dir='ltr'><strong>Adainuin_et_E_vam,</strong></span> <span class='ocrx_word' id='word_1_856' title='bbox 3164 4057 3210 4119; x_wconf 80' lang='lat' dir='ltr'><strong>si</strong></span> <span class='ocrx_word' id='word_1_857' title='bbox 3228 4071 3380 4111; x_wconf 84' lang='lat' dir='ltr'><strong>man-</strong></span> 
     </span>
    </p>
   </div>
   <div class='ocr_carea' id='block_1_112' title="bbox 1797 4127 3380 4195">
    <p class='ocr_par' dir='ltr' id='par_1_112' title="bbox 1797 4127 3380 4195">
     <span class='ocr_line' id='line_1_113' title="bbox 1797 4127 3380 4195; baseline -0.006 -7"><span class='ocrx_word' id='word_1_858' title='bbox 1797 4134 1984 4188; x_wconf 88' lang='lat' dir='ltr'><strong>datum</strong></span> <span class='ocrx_word' id='word_1_859' title='bbox 2015 4127 2110 4188; x_wconf 75' lang='lat' dir='ltr'><strong>Dei</strong></span> <span class='ocrx_word' id='word_1_860' title='bbox 2141 4138 2476 4193; x_wconf 87' lang='lat' dir='ltr'><strong>servassent,</strong></span> <span class='ocrx_word' id='word_1_861' title='bbox 2511 4140 2737 4184; x_wconf 86' lang='lat' dir='ltr'><strong>mortem</strong></span> <span class='ocrx_word' id='word_1_862' title='bbox 2768 4127 3090 4183; x_wconf 59' lang='lat' dir='ltr'><strong>non‘fuisse</strong></span> <span class='ocrx_word' id='word_1_863' title='bbox 3127 4135 3380 4195; x_wconf 83' lang='lat' dir='ltr'><strong>gustatu-</strong></span> 
     </span>
    </p>
   </div>
   <div class='ocr_carea' id='block_1_113' title="bbox 1800 4197 3376 4269">
    <p class='ocr_par' dir='ltr' id='par_1_113' title="bbox 1800 4197 3376 4269">
     <span class='ocr_line' id='line_1_114' title="bbox 1800 4197 3376 4269; baseline -0.006 -13"><span class='ocrx_word' id='word_1_864' title='bbox 1800 4218 1913 4265; x_wconf 90' lang='lat' dir='ltr'><strong>ros.</strong></span> <span class='ocrx_word' id='word_1_865' title='bbox 1940 4218 2065 4256; x_wconf 90' lang='lat' dir='ltr'><strong>cum</strong></span> <span class='ocrx_word' id='word_1_866' title='bbox 2092 4203 2364 4259; x_wconf 69' lang='lat' dir='ltr'><strong>haereticis</strong></span> <span class='ocrx_word' id='word_1_867' title='bbox 2390 4216 2519 4255; x_wconf 87' lang='lat' dir='ltr'><strong>vero</strong></span> <span class='ocrx_word' id='word_1_868' title='bbox 2538 4200 2745 4269; x_wconf 81' lang='lat' dir='ltr'><strong>peccati</strong></span> <span class='ocrx_word' id='word_1_869' title='bbox 2771 4199 3051 4269; x_wconf 87' lang='lat' dir='ltr'><strong>traducem</strong></span> <span class='ocrx_word' id='word_1_870' title='bbox 3073 4197 3376 4269; x_wconf 85' lang='lat' dir='ltr'><strong>inliciatur,</strong></span> 
     </span>
    </p>
   </div>
   <div class='ocr_carea' id='block_1_114' title="bbox 1800 4266 3372 4343">
    <p class='ocr_par' dir='ltr' id='par_1_114' title="bbox 1800 4266 3372 4343">
     <span class='ocr_line' id='line_1_115' title="bbox 1800 4266 3372 4343; baseline -0.004 -18"><span class='ocrx_word' id='word_1_871' title='bbox 1800 4273 2083 4343; x_wconf 86' lang='lat' dir='ltr'><strong>impugnat</strong></span> <span class='ocrx_word' id='word_1_872' title='bbox 2109 4290 2204 4329; x_wconf 90' lang='lat' dir='ltr'><strong>eos</strong></span> <span class='ocrx_word' id='word_1_873' title='bbox 2233 4272 2330 4343; x_wconf 88' lang='lat' dir='ltr'><strong>qui</strong></span> <span class='ocrx_word' id='word_1_874' title='bbox 2358 4266 2580 4341; x_wconf 78' lang='lat' dir='ltr'><strong>propter</strong></span> <span class='ocrx_word' id='word_1_875' title='bbox 2608 4279 2902 4343; x_wconf 76' lang='lat' dir='ltr'><strong>peceatum</strong></span> <span class='ocrx_word' id='word_1_876' title='bbox 2942 4266 3249 4343; x_wconf 42' lang='lat' dir='ltr'><strong>Adzehmori</strong></span> <span class='ocrx_word' id='word_1_877' title='bbox 3293 4267 3372 4343; x_wconf 86' lang='lat' dir='ltr'><strong>in_-</strong></span> 
     </span>
    </p>
   </div>
   <div class='ocr_carea' id='block_1_115' title="bbox 1801 4335 3380 4411">
    <p class='ocr_par' dir='ltr' id='par_1_115' title="bbox 1801 4335 3380 4411">
     <span class='ocr_line' id='line_1_116' title="bbox 1801 4335 3380 4411; baseline -0.006 -15"><span class='ocrx_word' id='word_1_878' title='bbox 1801 4335 1982 4398; x_wconf 71' lang='lat' dir='ltr'><strong>iantes</strong></span> <span class='ocrx_word' id='word_1_879' title='bbox 2027 4335 2318 4406; x_wconf 73' lang='lat' dir='ltr'><strong>asserunt,</strong></span> <span class='ocrx_word' id='word_1_880' title='bbox 2358 4335 2554 4411; x_wconf 59' lang='lat' dir='ltr'><strong>&#39;aitque</strong></span> <span class='ocrx_word' id='word_1_881' title='bbox 2608 4335 2925 4411; x_wconf 71' lang='lat' dir='ltr'><strong>ﬂenochum</strong></span> <span class='ocrx_word' id='word_1_882' title='bbox 2976 4348 3032 4391; x_wconf 89' lang='lat' dir='ltr'><strong>et</strong></span> <span class='ocrx_word' id='word_1_883' title='bbox 3084 4335 3257 4388; x_wconf 85' lang='lat' dir='ltr'><strong>Ellam</strong></span> <span class='ocrx_word' id='word_1_884' title='bbox 3308 4336 3380 4387; x_wconf 82' lang='lat' dir='ltr'><strong>ab</strong></span> 
     </span>
    </p>
   </div>
   <div class='ocr_carea' id='block_1_116' title="bbox 1734 4409 3378 4485">
    <p class='ocr_par' dir='ltr' id='par_1_116' title="bbox 1734 4409 3378 4485">
     <span class='ocr_line' id='line_1_117' title="bbox 1734 4409 3378 4485; baseline -0.005 -20"><span class='ocrx_word' id='word_1_885' title='bbox 1734 4430 1777 4485; x_wconf 79' lang='grc' dir='ltr'><strong>ι)</strong></span> <span class='ocrx_word' id='word_1_886' title='bbox 1804 4414 1998 4467; x_wconf 79' lang='lat' dir='ltr'><strong>Adami</strong></span> <span class='ocrx_word' id='word_1_887' title='bbox 2034 4409 2481 4485; x_wconf 67' lang='lat' dir='ltr'><strong>prrevaricationé</strong></span> <span class='ocrx_word' id='word_1_888' title='bbox 2510 4409 2813 4479; x_wconf 89' lang='lat' dir='ltr'><strong>prohibitos</strong></span> <span class='ocrx_word' id='word_1_889' title='bbox 2843 4424 2954 4462; x_wconf 91' lang='lat' dir='ltr'><strong>non</strong></span> <span class='ocrx_word' id='word_1_890' title='bbox 2985 4412 3141 4470; x_wconf 80' lang='lat' dir='ltr'><strong>esse,</strong></span> <span class='ocrx_word' id='word_1_891' title='bbox 3163 4418 3378 4475; x_wconf 82' lang='lat' dir='ltr'><strong>perma-</strong></span> 
     </span>
    </p>
   </div>
   <div class='ocr_carea' id='block_1_117' title="bbox 1806 4483 2472 4539">
    <p class='ocr_par' dir='ltr' id='par_1_117' title="bbox 1806 4483 2472 4539">
     <span class='ocr_line' id='line_1_118' title="bbox 1806 4483 2472 4539; baseline -0.003 -3"><span class='ocrx_word' id='word_1_892' title='bbox 1806 4499 1936 4537; x_wconf 82' lang='lat' dir='ltr'><strong>nere</strong></span> <span class='ocrx_word' id='word_1_893' title='bbox 1956 4485 2312 4539; x_wconf 84' lang='lat' dir='ltr'><strong>immortales.</strong></span> <span class='ocrx_word' id='word_1_894' title='bbox 2336 4483 2472 4536; x_wconf 81' lang='lat' dir='ltr'><strong>Cor.</strong></span> 
     </span>
    </p>
   </div>
   <div class='ocr_carea' id='block_1_118' title="bbox 1877 4547 2991 4625">
    <p class='ocr_par' dir='ltr' id='par_1_118' title="bbox 1877 4547 2991 4625">
     <span class='ocr_line' id='line_1_119' title="bbox 1877 4547 2991 4625; baseline -0.005 -17"><span class='ocrx_word' id='word_1_895' title='bbox 1877 4553 1989 4625; x_wconf 76' lang='grc'>(15)</span> <span class='ocrx_word' id='word_1_896' title='bbox 2034 4555 2164 4608; x_wconf 73' lang='grc' dir='ltr'><strong>Ἂν.</strong></span> <span class='ocrx_word' id='word_1_897' title='bbox 2198 4554 2358 4608; x_wconf 90' lang='lat' dir='ltr'><strong>Deest</strong></span> <span class='ocrx_word' id='word_1_898' title='bbox 2388 4553 2443 4605; x_wconf 91' lang='lat' dir='ltr'><strong>in</strong></span> <span class='ocrx_word' id='word_1_899' title='bbox 2467 4552 2647 4625; x_wconf 78' lang='lat' dir='ltr'><strong>altero</strong></span> <span class='ocrx_word' id='word_1_900' title='bbox 2670 4547 2792 4625; x_wconf 81' lang='lat' dir='ltr'><strong>cod.</strong></span> <span class='ocrx_word' id='word_1_901' title='bbox 2824 4547 2991 4625; x_wconf 62' lang='lat' dir='ltr'><strong>Cass.</strong></span> 
     </span>
    </p>
   </div>
   <div class='ocr_carea' id='block_1_119' title="bbox 1875 4616 3378 4697">
    <p class='ocr_par' dir='ltr' id='par_1_119' title="bbox 1875 4616 3378 4697">
     <span class='ocr_line' id='line_1_120' title="bbox 1875 4616 3378 4697; baseline -0.005 -19"><span class='ocrx_word' id='word_1_902' title='bbox 1875 4616 1990 4697; x_wconf 79' lang='grc'><strong>(16)</strong></span> <span class='ocrx_word' id='word_1_903' title='bbox 2042 4625 2144 4678; x_wconf 79' lang='grc' dir='ltr'><strong><em>Ἐν</em></strong></span> <span class='ocrx_word' id='word_1_904' title='bbox 2164 4619 2745 4697; x_wconf 40' lang='grc' dir='ltr'>μεγαλοπόλειτ-Ιλυξ</span> <span class='ocrx_word' id='word_1_905' title='bbox 2761 4621 3042 4697; x_wconf 67' lang='lat' dir='ltr'><strong>huic_loco</strong></span> <span class='ocrx_word' id='word_1_906' title='bbox 3064 4634 3129 4673; x_wconf 79' lang='lat' dir='ltr'><strong>ex</strong></span> <span class='ocrx_word' id='word_1_907' title='bbox 3161 4616 3378 4697; x_wconf 49' lang='lat' dir='ltr'><strong>zonam!</strong></span> 
     </span>
    </p>
   </div>
   <div class='ocr_carea' id='block_1_120' title="bbox 1804 4688 3378 4753">
    <p class='ocr_par' dir='ltr' id='par_1_120' title="bbox 1804 4688 3378 4753">
     <span class='ocr_line' id='line_1_121' title="bbox 1804 4688 3378 4753; baseline -0.006 -5"><span class='ocrx_word' id='word_1_908' title='bbox 1804 4688 2517 4749; x_wconf 47' lang='lat' dir='ltr'><strong>ad&#39;canonem&#39;Ti&#39;ullanum</strong></span> <span class='ocrx_word' id='word_1_909' title='bbox 2554 4692 2613 4745; x_wconf 85' lang='lat'><strong>5|</strong></span> <span class='ocrx_word' id='word_1_910' title='bbox 2642 4711 2655 4747; x_wconf 89' lang='lat'><strong>:</strong></span> <span class='ocrx_word' id='word_1_911' title='bbox 2692 4691 2779 4743; x_wconf 86' lang='grc' dir='ltr'>Ἐν</span> <span class='ocrx_word' id='word_1_912' title='bbox 2805 4692 2926 4753; x_wconf 81' lang='grc' dir='ltr'>ταῖς</span> <span class='ocrx_word' id='word_1_913' title='bbox 2954 4688 3142 4741; x_wconf 86' lang='grc' dir='ltr'>πόλεσι</span> <span class='ocrx_word' id='word_1_914' title='bbox 3168 4688 3225 4741; x_wconf 80' lang='grc' dir='ltr'><strong>δὲ</strong></span> <span class='ocrx_word' id='word_1_915' title='bbox 3256 4691 3378 4748; x_wconf 84' lang='grc' dir='ltr'>ταῖς</span> 
     </span>
    </p>
   </div>
   <div class='ocr_carea' id='block_1_121' title="bbox 1807 4760 3380 4836">
    <p class='ocr_par' dir='ltr' id='par_1_121' title="bbox 1807 4760 3380 4836">
     <span class='ocr_line' id='line_1_122' title="bbox 1807 4760 3380 4836; baseline -0.006 -18"><span class='ocrx_word' id='word_1_916' title='bbox 1807 4765 2089 4836; x_wconf 86' lang='grc' dir='ltr'>μεγίσταις</span> <span class='ocrx_word' id='word_1_917' title='bbox 2116 4764 2280 4836; x_wconf 84' lang='grc' dir='ltr'>θηρία</span> <span class='ocrx_word' id='word_1_918' title='bbox 2316 4763 2604 4836; x_wconf 58' lang='grc' dir='ltr'>ἐτρέφοντο</span> <span class='ocrx_word' id='word_1_919' title='bbox 2642 4763 2852 4836; x_wconf 32' lang='grc' dir='ltr'>λέοντε-ς</span> <span class='ocrx_word' id='word_1_920' title='bbox 2876 4761 2985 4836; x_wconf 64' lang='grc' dir='ltr'><strong>Δκαὶ</strong></span> <span class='ocrx_word' id='word_1_921' title='bbox 3024 4760 3235 4836; x_wconf 79' lang='grc' dir='ltr'>ἀρκτοι,</span> <span class='ocrx_word' id='word_1_922' title='bbox 3283 4760 3380 4836; x_wconf 55' lang='grc' dir='ltr'>κα).</span> 
     </span>
    </p>
   </div>
   <div class='ocr_carea' id='block_1_122' title="bbox 1804 4828 3381 4906">
    <p class='ocr_par' dir='ltr' id='par_1_122' title="bbox 1804 4828 3381 4906">
     <span class='ocr_line' id='line_1_123' title="bbox 1804 4828 3381 4906; baseline -0.005 -19"><span class='ocrx_word' id='word_1_923' title='bbox 1804 4828 1946 4888; x_wconf 70' lang='grc' dir='ltr'>κατά</span> <span class='ocrx_word' id='word_1_924' title='bbox 1969 4852 2119 4897; x_wconf 89' lang='grc' dir='ltr'>τινας</span> <span class='ocrx_word' id='word_1_925' title='bbox 2146 4828 2749 4906; x_wconf 31' lang='grc' dir='ltr'>καιροὺςὶξῆγοντο-είς</span> <span class='ocrx_word' id='word_1_926' title='bbox 2774 4828 3095 4906; x_wconf 38' lang='grc' dir='ltr'>’τᾶ-θέατρα,</span> <span class='ocrx_word' id='word_1_927' title='bbox 3125 4828 3381 4906; x_wconf 35' lang='grc' dir='ltr'>καὶ-ποτὲ</span> 
     </span>
    </p>
   </div>
   <div class='ocr_carea' id='block_1_123' title="bbox 1803 4899 3378 5027">
    <p class='ocr_par' dir='ltr' id='par_1_123' title="bbox 1803 4899 3378 5027">
     <span class='ocr_line' id='line_1_124' title="bbox 1803 4899 3378 5027; baseline -0.005 -69"><span class='ocrx_word' id='word_1_928' title='bbox 1803 4906 1903 5027; x_wconf 57' lang='grc' dir='ltr'>μὲν</span> <span class='ocrx_word' id='word_1_929' title='bbox 1932 4907 2153 4979; x_wconf 87' lang='grc' dir='ltr'>ταύροις</span> <span class='ocrx_word' id='word_1_930' title='bbox 2179 4899 2481 4978; x_wconf 75' lang='grc' dir='ltr'>ἐμάχοντο,’</span> <span class='ocrx_word' id='word_1_931' title='bbox 2496 4899 2627 4955; x_wconf 79' lang='grc' dir='ltr'>ποτὲ</span> <span class='ocrx_word' id='word_1_932' title='bbox 2646 4903 2703 4956; x_wconf 80' lang='grc' dir='ltr'>δὲ</span> <span class='ocrx_word' id='word_1_933' title='bbox 2722 4902 2815 4955; x_wconf 71' lang='grc' dir='ltr'><strong>καὶ</strong></span> <span class='ocrx_word' id='word_1_934' title='bbox 2834 4899 3161 4983; x_wconf 82' lang='grc' dir='ltr'>ἀνθρώποις,</span> <span class='ocrx_word' id='word_1_935' title='bbox 3184 4901 3378 4980; x_wconf 77' lang='grc' dir='ltr'>αἰχμα-</span> 
     </span>
     <span class='ocr_line' id='line_1_125' title="bbox 1834 4972 3377 5027; baseline -0.005 0"><span class='ocrx_word' id='word_1_936' title='bbox 1834 4974 1993 5027; x_wconf 72' lang='grc' dir='ltr'>ώτοις</span> <span class='ocrx_word' id='word_1_937' title='bbox 2018 4976 2197 5027; x_wconf 81' lang='grc' dir='ltr'>τυγὺν.</span> <span class='ocrx_word' id='word_1_938' title='bbox 2228 4976 2260 5027; x_wconf 78' lang='lat' dir='ltr'><strong>il</strong></span> <span class='ocrx_word' id='word_1_939' title='bbox 2291 4974 2659 5027; x_wconf 78' lang='grc' dir='ltr'>κατακοίτοις.</span> <span class='ocrx_word' id='word_1_940' title='bbox 2704 4972 2893 5026; x_wconf 87' lang='lat' dir='ltr'><strong>Verum</strong></span> <span class='ocrx_word' id='word_1_941' title='bbox 2924 4988 2981 5025; x_wconf 78' lang='lat' dir='ltr'><strong>in</strong></span> <span class='ocrx_word' id='word_1_942' title='bbox 3005 4973 3253 5024; x_wconf 74' lang='lat' dir='ltr'><strong>maximis</strong></span> <span class='ocrx_word' id='word_1_943' title='bbox 3282 4984 3377 5020; x_wconf 90' lang='lat' dir='ltr'><strong>ur-</strong></span> 
     </span>
    </p>
   </div>
   <div class='ocr_carea' id='block_1_124' title="bbox 1834 4971 3377 5047">
    <p class='ocr_par' dir='ltr' id='par_1_124' title="bbox 1834 4971 3377 5047">
     <span class='ocr_line' id='line_1_126' title="bbox 1834 4971 3377 5047; baseline -0.006 -19"><span class='ocrx_word' id='word_1_944' title='bbox 1834 4974 1993 5040; x_wconf 86' lang='grc' dir='ltr'>ώτοις</span> <span class='ocrx_word' id='word_1_945' title='bbox 2018 4971 2261 5047; x_wconf 80' lang='grc' dir='ltr'>τυχὸν,’ἢ</span> <span class='ocrx_word' id='word_1_946' title='bbox 2291 4971 2659 5047; x_wconf 62' lang='grc' dir='ltr'>κατακρίτοις.</span> <span class='ocrx_word' id='word_1_947' title='bbox 2704 4972 2893 5047; x_wconf 61' lang='grc' dir='ltr'>γει-ωτι</span> <span class='ocrx_word' id='word_1_948' title='bbox 2924 4971 2981 5025; x_wconf 86' lang='lat' dir='ltr'><strong>in</strong></span> <span class='ocrx_word' id='word_1_949' title='bbox 3005 4971 3262 5047; x_wconf 71' lang='lat' dir='ltr'><strong>maximis</strong></span> <span class='ocrx_word' id='word_1_950' title='bbox 3282 4984 3377 5020; x_wconf 90' lang='lat' dir='ltr'><strong>ur-</strong></span> 
     </span>
    </p>
   </div>
   <div class='ocr_carea' id='block_1_125' title="bbox 1804 5041 3377 5117">
    <p class='ocr_par' dir='ltr' id='par_1_125' title="bbox 1804 5041 3377 5117">
     <span class='ocr_line' id='line_1_127' title="bbox 1804 5041 3377 5117; baseline -0.004 -20"><span class='ocrx_word' id='word_1_951' title='bbox 1804 5047 1954 5101; x_wconf 85' lang='lat' dir='ltr'><strong>bibus</strong></span> <span class='ocrx_word' id='word_1_952' title='bbox 1986 5041 2117 5117; x_wconf 64' lang='lat' dir='ltr'><strong>ferte</strong></span> <span class='ocrx_word' id='word_1_953' title='bbox 2144 5041 2341 5112; x_wconf 56' lang='lat' dir='ltr'><strong>best&#39;ite,</strong></span> <span class='ocrx_word' id='word_1_954' title='bbox 2375 5041 2567 5117; x_wconf 77' lang='lat' dir='ltr'><strong>leones,</strong></span> <span class='ocrx_word' id='word_1_955' title='bbox 2605 5044 2876 5117; x_wconf 78' lang='lat' dir='ltr'><strong>nimirum,</strong></span> <span class='ocrx_word' id='word_1_956' title='bbox 2908 5044 3121 5117; x_wconf 80' lang='lat' dir='ltr'><strong>ursique</strong></span> <span class='ocrx_word' id='word_1_957' title='bbox 3160 5041 3377 5117; x_wconf 68' lang='lat' dir='ltr'><strong>aleban-</strong></span> 
     </span>
    </p>
   </div>
   <div class='ocr_carea' id='block_1_126' title="bbox 1805 5111 3374 5185">
    <p class='ocr_par' dir='ltr' id='par_1_126' title="bbox 1805 5111 3374 5185">
     <span class='ocr_line' id='line_1_128' title="bbox 1805 5111 3374 5185; baseline -0.005 -17"><span class='ocrx_word' id='word_1_958' title='bbox 1805 5126 1931 5179; x_wconf 86' lang='lat' dir='ltr'><strong>tur;</strong></span> <span class='ocrx_word' id='word_1_959' title='bbox 1963 5111 2013 5172; x_wconf 75' lang='lat' dir='ltr'><strong>et</strong></span> <span class='ocrx_word' id='word_1_960' title='bbox 2046 5119 2203 5172; x_wconf 87' lang='lat' dir='ltr'><strong>statis</strong></span> <span class='ocrx_word' id='word_1_961' title='bbox 2240 5111 2557 5185; x_wconf 81' lang='lat' dir='ltr'><strong>temporibus</strong></span> <span class='ocrx_word' id='word_1_962' title='bbox 2586 5112 3010 5184; x_wconf 79' lang='lat' dir='ltr'><strong>producebantur</strong></span> <span class='ocrx_word' id='word_1_963' title='bbox 3038 5111 3105 5165; x_wconf 82' lang='lat' dir='ltr'><strong>in</strong></span> <span class='ocrx_word' id='word_1_964' title='bbox 3136 5111 3374 5185; x_wconf 75' lang='lat' dir='ltr'><strong>theatra,</strong></span> 
     </span>
    </p>
   </div>
   <div class='ocr_carea' id='block_1_127' title="bbox 1804 5179 3379 5258">
    <p class='ocr_par' dir='ltr' id='par_1_127' title="bbox 1804 5179 3379 5258">
     <span class='ocr_line' id='line_1_129' title="bbox 1804 5179 3379 5258; baseline -0.006 -19"><span class='ocrx_word' id='word_1_965' title='bbox 1804 5195 1959 5250; x_wconf 90' lang='lat' dir='ltr'><strong>atque</strong></span> <span class='ocrx_word' id='word_1_966' title='bbox 1979 5179 2353 5258; x_wconf 77' lang='lat' dir='ltr'><strong>nonnunquam</strong></span> <span class='ocrx_word' id='word_1_967' title='bbox 2377 5202 2495 5239; x_wconf 89' lang='lat' dir='ltr'><strong>cum</strong></span> <span class='ocrx_word' id='word_1_968' title='bbox 2526 5179 2717 5258; x_wconf 77' lang='lat' dir='ltr'><strong>tauris,</strong></span> <span class='ocrx_word' id='word_1_969' title='bbox 2752 5198 3128 5258; x_wconf 77' lang='lat' dir='ltr'><strong>nonnunquam</strong></span> <span class='ocrx_word' id='word_1_970' title='bbox 3151 5179 3379 5258; x_wconf 84' lang='lat' dir='ltr'><strong>cumho-</strong></span> 
     </span>
    </p>
   </div>
   <div class='ocr_carea' id='block_1_128' title="bbox 1803 5251 3374 5382">
    <p class='ocr_par' dir='ltr' id='par_1_128' title="bbox 1803 5251 3374 5382">
     <span class='ocr_line' id='line_1_130' title="bbox 1803 5251 3374 5382; baseline -0.005 -74"><span class='ocrx_word' id='word_1_971' title='bbox 1803 5258 2053 5382; x_wconf 59' lang='lat' dir='ltr'><strong>Etinibus,</strong></span> <span class='ocrx_word' id='word_1_972' title='bbox 2075 5251 2462 5327; x_wconf 60' lang='lat' dir='ltr'><strong>puta&#39;captivis,</strong></span> <span class='ocrx_word' id='word_1_973' title='bbox 2482 5265 2574 5309; x_wconf 91' lang='lat' dir='ltr'><strong>aut</strong></span> <span class='ocrx_word' id='word_1_974' title='bbox 2589 5255 2861 5309; x_wconf 86' lang='lat' dir='ltr'><strong>damnatis</strong></span> <span class='ocrx_word' id='word_1_975' title='bbox 2882 5251 3374 5308; x_wconf 82' lang='lat' dir='ltr'><strong>committebantur.</strong></span> 
     </span>
     <span class='ocr_line' id='line_1_131' title="bbox 1850 5344 2787 5382; baseline -0.005 -1"><span class='ocrx_word' id='word_1_976' title='bbox 1850 5344 1940 5382; x_wconf 86' lang='lat' dir='ltr'><strong>or.</strong></span> <span class='ocrx_word' id='word_1_977' title='bbox 2784 5362 2787 5365; x_wconf 58' lang='grc' dir='ltr'><strong>η</strong></span> 
     </span>
    </p>
   </div>
   <div class='ocr_carea' id='block_1_129' title="bbox 1850 5344 2787 5382">
    <p class='ocr_par' dir='ltr' id='par_1_129' title="bbox 1850 5344 2787 5382">
     <span class='ocr_line' id='line_1_132' title="bbox 1850 5344 2787 5382; baseline 0 -1"><span class='ocrx_word' id='word_1_978' title='bbox 1850 5344 1940 5382; x_wconf 79' lang='grc'>0⁸1⁵.</span> <span class='ocrx_word' id='word_1_979' title='bbox 2784 5362 2787 5365; x_wconf 55' lang='grc' dir='ltr'><strong>π</strong></span> 
     </span>
    </p>
   </div>
   <div class='ocr_carea' id='block_1_130' title="bbox 1874 5394 3376 5471">
    <p class='ocr_par' dir='ltr' id='par_1_130' title="bbox 1874 5394 3376 5471">
     <span class='ocr_line' id='line_1_133' title="bbox 1874 5394 3376 5471; baseline -0.005 -20"><span class='ocrx_word' id='word_1_980' title='bbox 1874 5397 1989 5471; x_wconf 66' lang='grc'><strong>(17)</strong></span> <span class='ocrx_word' id='word_1_981' title='bbox 2032 5398 2424 5471; x_wconf 66' lang='grc' dir='ltr'>Ἀποκηρύξῃ.</span> <span class='ocrx_word' id='word_1_982' title='bbox 2457 5394 2762 5471; x_wconf 65' lang='lat' dir='ltr'><strong>Prgallgitur</strong></span> <span class='ocrx_word' id='word_1_983' title='bbox 2789 5397 2844 5450; x_wconf 91' lang='lat' dir='ltr'><strong>in</strong></span> <span class='ocrx_word' id='word_1_984' title='bbox 2874 5395 3047 5449; x_wconf 85' lang='lat' dir='ltr'><strong>altero</strong></span> <span class='ocrx_word' id='word_1_985' title='bbox 3080 5397 3137 5469; x_wconf 73' lang='grc' dir='ltr'>ἦ,</span> <span class='ocrx_word' id='word_1_986' title='bbox 3164 5398 3255 5443; x_wconf 89' lang='lat' dir='ltr'><strong>aut</strong></span> <span class='ocrx_word' id='word_1_987' title='bbox 3291 5404 3376 5444; x_wconf 74' lang='lat' dir='ltr'><strong>re-</strong></span> 
     </span>
    </p>
   </div>
   <div class='ocr_carea' id='block_1_131' title="bbox 1802 5468 2680 5536">
    <p class='ocr_par' dir='ltr' id='par_1_131' title="bbox 1802 5468 2680 5536">
     <span class='ocr_line' id='line_1_134' title="bbox 1802 5468 2680 5536; baseline 0 -15"><span class='ocrx_word' id='word_1_988' title='bbox 1802 5468 2005 5536; x_wconf 82' lang='lat' dir='ltr'><strong>probet,</strong></span> <span class='ocrx_word' id='word_1_989' title='bbox 2037 5477 2098 5524; x_wconf 89' lang='lat' dir='ltr'><strong>ut</strong></span> <span class='ocrx_word' id='word_1_990' title='bbox 2124 5470 2177 5522; x_wconf 91' lang='lat' dir='ltr'><strong>in</strong></span> <span class='ocrx_word' id='word_1_991' title='bbox 2208 5470 2481 5524; x_wconf 87' lang='lat' dir='ltr'><strong>versione.</strong></span> <span class='ocrx_word' id='word_1_992' title='bbox 2513 5468 2680 5523; x_wconf 79' lang='lat' dir='ltr'><strong>CLER.</strong></span> 
     </span>
    </p>
   </div>
   <div class='ocr_carea' id='block_1_132' title="bbox 1875 5531 3373 5611">
    <p class='ocr_par' dir='ltr' id='par_1_132' title="bbox 1875 5531 3373 5611">
     <span class='ocr_line' id='line_1_135' title="bbox 1875 5531 3373 5611; baseline -0.005 -20"><span class='ocrx_word' id='word_1_993' title='bbox 1875 5531 2000 5611; x_wconf 70' lang='lat' dir='ltr'><strong>(l8)</strong></span> <span class='ocrx_word' id='word_1_994' title='bbox 2026 5538 2309 5606; x_wconf 78' lang='grc' dir='ltr'>Ποιήσας.</span> <span class='ocrx_word' id='word_1_995' title='bbox 2340 5538 2492 5593; x_wconf 86' lang='lat' dir='ltr'><strong>Alter</strong></span> <span class='ocrx_word' id='word_1_996' title='bbox 2510 5541 2604 5593; x_wconf 79' lang='grc' dir='ltr'>καὶ</span> <span class='ocrx_word' id='word_1_997' title='bbox 2621 5538 2728 5591; x_wconf 89' lang='grc' dir='ltr'><strong>τῶν</strong></span> <span class='ocrx_word' id='word_1_998' title='bbox 2744 5535 2943 5591; x_wconf 86' lang='grc' dir='ltr'>λοιπῶν</span> <span class='ocrx_word' id='word_1_999' title='bbox 2959 5531 3373 5594; x_wconf 79' lang='grc' dir='ltr'>κατασκευάσας</span> 
     </span>
    </p>
   </div>
   <div class='ocr_carea' id='block_1_133' title="bbox 1804 5609 2092 5673">
    <p class='ocr_par' dir='ltr' id='par_1_133' title="bbox 1804 5609 2092 5673">
     <span class='ocr_line' id='line_1_136' title="bbox 1804 5609 2092 5673; baseline 0.014 -12"><span class='ocrx_word' id='word_1_1000' title='bbox 1804 5609 1985 5673; x_wconf 72' lang='grc' dir='ltr'>αὐτός.</span> <span class='ocrx_word' id='word_1_1001' title='bbox 2016 5611 2092 5665; x_wconf 85' lang='lat' dir='ltr'><strong>ID.</strong></span> 
     </span>
    </p>
   </div>
   <div class='ocr_carea' id='block_1_134' title="bbox 1875 5672 3370 5749">
    <p class='ocr_par' dir='ltr' id='par_1_134' title="bbox 1875 5672 3370 5749">
     <span class='ocr_line' id='line_1_137' title="bbox 1875 5672 3370 5749; baseline -0.005 -16"><span class='ocrx_word' id='word_1_1002' title='bbox 1875 5672 1986 5749; x_wconf 75' lang='lat'><strong>(19)</strong></span> <span class='ocrx_word' id='word_1_1003' title='bbox 2024 5678 2179 5747; x_wconf 80' lang='grc' dir='ltr'>Πρὸς</span> <span class='ocrx_word' id='word_1_1004' title='bbox 2229 5679 2294 5732; x_wconf 81' lang='grc' dir='ltr'>τὸ</span> <span class='ocrx_word' id='word_1_1005' title='bbox 2343 5679 2780 5749; x_wconf 82' lang='grc' dir='ltr'>χρεωστεῖσθαι.</span> <span class='ocrx_word' id='word_1_1006' title='bbox 2840 5674 3149 5749; x_wconf 30' lang='grc' dir='ltr'>Βοευηιλίη</span> <span class='ocrx_word' id='word_1_1007' title='bbox 3200 5672 3370 5727; x_wconf 75' lang='lat' dir='ltr'><strong>altero</strong></span> 
     </span>
    </p>
   </div>
   <div class='ocr_carea' id='block_1_135' title="bbox 1804 5746 3141 5822">
    <p class='ocr_par' dir='ltr' id='par_1_135' title="bbox 1804 5746 3141 5822">
     <span class='ocr_line' id='line_1_138' title="bbox 1804 5746 3141 5822; baseline -0.003 -18"><span class='ocrx_word' id='word_1_1008' title='bbox 1804 5746 1918 5806; x_wconf 67' lang='lat' dir='ltr'><strong>inec</strong></span> <span class='ocrx_word' id='word_1_1009' title='bbox 1952 5746 2110 5807; x_wconf 77' lang='lat' dir='ltr'><strong>verba</strong></span> <span class='ocrx_word' id='word_1_1010' title='bbox 2125 5760 2178 5808; x_wconf 90' lang='lat' dir='ltr'><strong>et</strong></span> <span class='ocrx_word' id='word_1_1011' title='bbox 2204 5746 2557 5822; x_wconf 35' lang='lat' dir='ltr'><strong>seqqfusque</strong></span> <span class='ocrx_word' id='word_1_1012' title='bbox 2577 5752 2645 5805; x_wconf 91' lang='lat' dir='ltr'><strong>ad</strong></span> <span class='ocrx_word' id='word_1_1013' title='bbox 2671 5750 3030 5804; x_wconf 76' lang='grc' dir='ltr'>ἀνάστασιν.</span> <span class='ocrx_word' id='word_1_1014' title='bbox 3061 5746 3141 5801; x_wconf 82' lang='lat' dir='ltr'><strong>lo.</strong></span> 
     </span>
    </p>
   </div>
   <div class='ocr_carea' id='block_1_136' title="bbox 3029 5840 3105 5898">
    <p class='ocr_par' dir='ltr' id='par_1_136' title="bbox 3029 5840 3105 5898">
     <span class='ocr_line' id='line_1_139' title="bbox 3029 5840 3105 5898; baseline 0.013 -1"><span class='ocrx_word' id='word_1_1015' title='bbox 3029 5840 3105 5898; x_wconf 65' lang='lat'><strong>‘27</strong></span> 
     </span>
    </p>
   </div>
  </div>
