3876 6188
216 324 333 381 εις)

1136 320 1742 379 CONSTITUTIONES
1774 320 2459 376 APOSTOLICJE.——LIB.
2501 321 2566 375 Υ.

3378 325 3486 383 850

217 436 554 508 τετράποδα,
585 435 811 508 ἑρπετὰ,
850 436 1015 506 φυτὰ,
1050 435 1296 506 βοτάνας·
1329 435 1421 489 τὸν
1464 435 1625 489 αὑτὸν
1676 434 1796 506 apo—

1908 434 2193 491 universos
2219 450 2319 489 sua
2349 435 2630 489 voluntate
2658 434 2967 499 suscitabit,
3001 434 3121 504 opis
3175 450 3284 491 non
3339 438 3486 497 indi-

217 547 351 586 πον.
379 529 476 582 καὶ
505 529 714 591 πάντας
740 529 1032 599 ἀναστήσει
1061 527 1350 598 θελήματι,
1384 525 1701 596 συνεργείας
1733 525 1808 597 μὴ

213 623 496 695 δεόμενος
554 622 653 692 τῆς
680 620 789 692 γὰρ
816 621 988 691 αὐτῆς
1034 619 1315 690 δυνάμεώς
1345 621 1491 671 ἐστιν
1520 618 1699 689 ἔργον,
1747 618 1808 671 τὸ

214 713 625 785 δημιουργῆσαι
654 712 877 782 κόσμον,
909 710 1084 764 καὶτὸ
1104 712 1330 782 νεκροὺς
1350 710 1666 780 ἀναστῆσαι.
1700 711 1810 763 Kal.

214 806 347 859 τότε
382 806 480 876 μὲν
512 804 587 875 μὴ
634 804 763 857 ὄντα
810 802 922 874 (55)
950 804 1043 856 τὸν
1095 802 1403 874 ἄνθρωπον,
1432 804 1496 855 ὲκ
1538 802 1808 873 διαφόρων

217 897 482 967 ἐποίησεν
512 895 798 965 ἄνθρωπον
828 895 961 965 (56),
990 894 1113 957 δοὺς
1132 893 1397 965 αὐτῷτὴν
1414 893 1591 963 ψυχὴν
1620 895 1686 946 ὲκ
1712 893 1805 946 τοῦ

220 990 303 1061 μὴ
340 990 511 1051 ὄντος
544 986 641 1040 νῦν
672 986 727 1039 δὲ
755 988 877 1049 ταῖς
920 984 1108 1048 οὔσαις
1150 985 1349 1055 ψυχαῖς
1375 984 1444 1037 τά
1493 984 1808 1037 διαλυθέντα

218 1080 458 1151 σώματα
499 1078 766 1133 ἀποτίσει.
800 1078 1087 1148 Κειμένων
1117 1077 1226 1148 γάρ
1254 1077 1400 1130 ἐστιν
1430 1078 1463 1147 ή
1491 1077 1803 1141 ἀνάστασις,

210 1174 345 1244 οὐχὶ
373 1174 430 1227 δὲ
460 1173 533 1244 μὴ
565 1171 935 1242 ὑπαρχόντων.
981 1171 1039 1223 'U
1086 1166 1179 1223 οὖν
1214 1170 1285 1223 τὰ
1331 1169 1524 1240 πρῶτα
1579 1170 1806 1241 σώματα

213 1268 284 1318 ἐκ
321 1265 396 1335 μὴ
423 1265 592 1317 ὄντων
624 1254 877 1333 ποιήσας,
901 1263 994 1315 καὶ
1023 1261 1082 1326 ἐξ
1104 1262 1282 1315 αὐτῶν
1302 1262 1533 1334 διάφορα
1558 1262 1808 1334 δημιουρ-

214 1360 401 1428 γήσας
461 1357 595 1428 (57),
625 1349 779 1419 οὗτος
831 1357 924 1408 καὶ
974 1357 1102 1418 τοὺς
1157 1356 1415 1419 θανόντας
1468 1357 1807 1428 ζωοποιήσας

208 1448 539 1518 ἀναστήσει.
584 1448 642 1500 '0
668 1446 777 1518 γὰρ
803 1449 862 1500 ὲν
889 1449 956 1518 τῇ
987 1446 1164 1518 κοιλίᾳ
1191 1448 1282 1503 τὸν
1309 1448 1593 1520 ἄνθρωπον
1618 1451 1683 1503 ὲκ
1715 1468 1805 1521 μι-

210 1538 358 1610 κροῦ
390 1539 704 1611 σπέρματος
736 1539 980 1610 μορφῶν,
1012 1540 1106 1593 καὶ
1130 1538 1308 1610 ψυχὴν
1337 1540 1486 1612 αὐτῷ
1512 1542 1611 1595 οὐκ
1639 1538 1805 1596 οὖσαν

205 1630 860 1704 ἐνδημιουργῶν·(58)κα)
878 1632 953 1695 ὡς
982 1634 1145 1696 αὐτός
1174 1632 1277 1685 πού
1290 1650 1422 1705 φησι
1438 1633 1516 1704 τῷ
1548 1635 1800 1707 Ἱερεμίᾳ·

213 1744 234 1775 ι
277 1724 396 1795 Πρὸ
425 1723 521 1776 τοῦ
557 1741 624 1794 με
654 1724 858 1777 πλάσαι
892 1741 951 1776 σε
979 1724 1039 1776 ὲν
1086 1724 1285 1797 κοιλία,
1332 1724 1631 1796 ἐπίσταμαί
1686 1743 1799 1779 σε’»

1910 542 2042 597 gens
2067 546 2080 580 :
2116 542 2240 581 cum
2269 526 2516 596 ejusdem
2540 527 2821 595 potestatis
2851 542 2988 597 Opus
3013 528 3106 589 sit,
3134 535 3188 582 et
3221 529 3487 587 mundum

1907 620 2162 686 condere,
2210 630 2264 674 et
2288 627 2534 675 mortuos
2564 620 2825 675 excitare.
2858 620 2937 673 Ac
2970 629 3101 679 tunc
3138 619 3359 690 quidem
3388 623 3484 678 ho-

1907 713 2112 769 minem
2163 714 2258 783 qui
2288 728 2399 767 non
2425 722 2564 775 erat,
2586 729 2654 768 ex
2682 713 2915 769 diversis
2945 715 3001 769 in
3032 714 3307 769 hominem
3343 730 3485 771 con-

1906 807 2103 871 stituit,
2135 806 2262 861 data
2312 807 2363 860 ei
2403 822 2470 861 ex
2495 805 2667 860 nihilo
2695 806 2878 860 anima
2905 822 2927 871 ς
2969 822 3115 860 nunc
3146 822 3277 862 vero
3320 812 3488 863 resti~

1904 906 2019 954 tuet
2046 900 2411 955 existentibus
2437 898 2728 954 animabus
2756 914 3000 969 corpora.
3018 900 3313 955 dissoluta.
3346 899 3485 957 Nam

1905 992 2241 1047 resurrectio
2266 1006 2456 1046 eorum
2485 998 2589 1055 est,
2629 1006 2751 1062 quae
2786 991 2993 1061 jacent,
3044 1007 3153 1047 non
3178 1002 3360 1047 autem
3390 1007 3487 1048 co-

1904 1100 2026 1139 rum
2064 1100 2185 1154 quae
2225 1099 2335 1138 non
2368 1094 2520 1140 sunt.
2578 1083 2767 1155 Itaque
2796 1086 2891 1157 qui
2921 1085 3099 1156 prima
3147 1100 3382 1156 corpora
3416 1101 3486 1141 ex

1903 1176 2076 1230 nihilo
2109 1176 2309 1238 ell‘et-it,
2348 1182 2402 1231 et
2431 1192 2495 1230 ex
2526 1175 2661 1246 ipsis
2709 1177 2861 1232 varia
2892 1177 3175 1246 condidit;
3201 1178 3291 1236 hic
3318 1179 3483 1233 etiam

1902 1267 2209 1332 defunctos,
2239 1267 2351 1320 vita
2386 1266 2621 1335 reddita,
2660 1268 2972 1324 suscitabit.
3004 1268 3071 1324 Et
3099 1271 3195 1342 qui
3238 1270 3295 1325 in
3328 1280 3485 1326 utero

1903 1359 2178 1413 hominem
2206 1374 2273 1413 ex
2323 1359 2532 1414 semine
2570 1361 2772 1430 exiguo
2814 1360 3034 1425 format,
3060 1370 3115 1417 et
3144 1362 3383 1416 animam
3416 1379 3484 1417 ex

1902 1466 2013 1505 non
2043 1459 2168 1506 ente
2195 1466 2391 1506 creans
2430 1451 2534 1521 ipsi
2562 1451 2703 1508 indit
2730 1471 2745 1519 ;
2779 1452 2924 1509 sicut
2949 1454 3066 1524 ipse
3091 1453 3339 1509 Jeremia:
3369 1455 3479 1510 ait:

1905 1542 2224 1613 Priusquam
2246 1552 2293 1597 te
2313 1542 2601 1612 formarem
2618 1546 2672 1598 in
2701 1554 2873 1611 utero,
2896 1547 3014 1599 novi
3044 1556 3092 1599 te
3110 1546 3153 1577 ³¹
3186 1563 3200 1612 ;
3228 1552 3283 1601 et
3313 1545 3477 1600 alibi:

1903 1634 2017 1705 Ego
2053 1634 2315 1689 Dominus
2351 1636 2575 1704 ﬁrmans
2616 1636 2826 1698 caelum.
2872 1647 2923 1692 et
2968 1636 3199 1707 [undans
3261 1647 3479 1705 terram,

1900 1741 1951 1785 et
1975 1732 2175 1801 ﬁngens
2198 1733 2448 1802 spiritum
2472 1732 2699 1785 hominis
2718 1732 2773 1785 in
2791 1747 2850 1785 eo
2872 1731 2917 1761 ³¹
2935 1730 3014 1785 ³⁸;
3046 1730 3189 1785 idem
3210 1740 3264 1785 et
3285 1743 3478 1784 omnes

204 1816 311 1867 καὶ
342 1814 594 1886 ἀλλαχοῦ·
633 1834 651 1867 ι
703 1814 840 1884 Ἐγὼ
871 1815 1095 1886 Κύριος,
1127 1816 1361 1888 στερεῶν
1406 1816 1654 1887 οὐρανὸν,
1700 1818 1795 1869 καὶ

1903 1820 2155 1876 homines
2185 1820 2251 1875 ad
2278 1821 2445 1875 vitam
2476 1820 2774 1882 revocabit,
2798 1828 2985 1888 utpote
3010 1832 3151 1887 quos
3178 1816 3343 1872 fecit:
3373 1816 3476 1872 sic-

202 1907 485 1977 θεμελιῶν
514 1909 637 1979 γῆν,
669 1910 762 1963 καὶ
818 1909 1074 1963 πλάσσων
1128 1906 1346 1980 πνεῦμα
1402 1908 1690 1981 ἀνθρώπου
1746 1912 1803 1963 ὲν

211 1999 392 2070 αὐτῷ’
410 2020 429 2050 ι
465 2001 626 2063 αὐτὸς
654 2001 750 2053 καὶ
779 2000 985 2062 πάντας
1021 2001 1341 2073 ἀνθρώπους
1359 2002 1670 2072 ἀναστήσει,
1704 2002 1801 2054 αὑ-

205 2092 309 2145 τοῦ
342 2093 502 2156 ὄντας
530 2096 830 2165 ποιήματα·
866 2094 1047 2158 καθὼς
1076 2094 1171 2149 καὶ
1196 2097 1229 2165 ή
1261 2095 1381 2148 θεία
1414 2094 1602 2167 Γραφὴ
1661 2113 1801 2166 μαρ-

202 2204 275 2239 τυ
286 2190 370 2258 ρεῖ
397 2186 619 2256 λέγοντα
645 2187 737 2241 τὸν
764 2187 896 2240 Θεὸν
925 2186 1003 2258 τῷ
1027 2188 1303 2257 μονογενεῖ
1320 2186 1559 2257 Χριστῷ
1591 2203 1609 2236 ι
1640 2186 1801 2257 Ποιή-

208 2296 399 2350 σωμεν
426 2279 709 2351 ἄνθρωπον
740 2281 857 2333 κατ’
886 2280 1072 2332 εἰκόνα
1102 2279 1196 2332 καὶ
1226 2277 1347 2331 καθ’
1383 2277 1637 2349 ὁμοίωσιν
1667 2279 1801 2347 ἠμε-

198 2371 400 2441 τέραν.
456 2372 565 2425 Καὶ
593 2373 846 2441 ἐποίησεν
873 2375 901 2425 ὁ
928 2372 1061 2434 Θεὸς
1105 2371 1199 2424 τὸν
1230 2370 1535 2442 ἄνθρωπον·
1569 2371 1689 2423 κατ’
1721 2371 1797 2422 εἰ-

203 2463 350 2515 κόνα
378 2462 513 2515 Θεοῦ
542 2443 797 2533 ἐττοίησεν
826 2462 1010 2515 αὐτόν·
1066 2464 1232 2534 ἄρσεν
1261 2462 1355 2516 καὶ
1382 2463 1515 2533 θῆλυ
1546 2462 1798 2534 εποίησεν

204 2554 466 2617 αὐτούς.»
525 2556 635 2609 Καὶ
662 2558 690 2608 ὁ
719 2555 991 2618 θειότατος
1010 2555 1103 2608 καὶ
1132 2554 1455 2626 καρτερικὸς
1499 2553 1639 2621 Ἰὼϐ,
1672 2555 1798 2625 περὶ

200 2640 271 2699 οῦ
304 2648 471 2717 φησὶν
506 2649 538 2718 ή
568 2648 782 2719 Γραφὴ,
837 2648 919 2699 ὅτι
955 2665 972 2698 ι
1004 2647 1313 2718 γέγραπται
1342 2646 1503 2700 αὐτὸν
1559 2647 1761 2717 ἁναστή
1784 2675 1797 2685 ο

207 2738 404 2791 σεσθαι
436 2732 640 2808 μεθ’ὧν
669 2741 697 2791 ὁ
727 2739 932 2809 Κύριος
960 2739 1245 2810 ἀνίστησιν
1276 2737 1442 2809 (59)»
1475 2733 1632 2800 οῦτὸς
1659 2754 1794 2807 φησι

202 2832 350 2902 πρὸς
376 2831 468 2883 τὸν
497 2830 647 2884 Θεόν’
684 2850 703 2883 ι
746 2831 816 2883 Ἢ
853 2832 951 2901 οὐχ
996 2830 1186 2902 ὥσπερ
1214 2830 1355 2899 γάλα
1413 2846 1479 2900 με
1536 2826 1792 2899 ῆμελξας,

203 2922 420 2993 ἔπηξας
448 2921 559 2995 (40)
588 2924 646 2977 δέ
694 2941 760 2995 με
806 2924 897 2977 ῐσα
922 2923 1073 2995 τυρῷ
1108 2941 1122 2988 ;
1179 2924 1354 2995 δέρμα
1382 2923 1476 2976 καὶ
1512 2920 1678 2993 κρέας
1725 2938 1793 2992 με

203 3015 486 3078 ὲνέδυσας·
528 3016 731 3079 ὀστέοις
766 3016 822 3069 δὲ
867 3017 961 3069 καὶ
998 3015 1209 3087 νεύροις
1258 3032 1324 3085 με
1362 3015 1597 3085 ὲνεῖραςο
1646 3013 1793 3084 ζωὴν

198 3107 263 3160 δὲ
294 3108 391 3159 καὶ
420 3106 563 3159 ἔλεον
591 3106 712 3160 ἔθου
742 3108 870 3178 παρ’
900 3107 1042 3177 ἐμοί·
1086 3108 1119 3176 ή
1147 3107 1203 3159 δὲ
1230 3107 1502 3177 ὲπισκοπή
1534 3121 1628 3157 σου
1658 3104 1791 3174 ἐφύ-

1902 1919 1963 1965 ut
1988 1911 2171 1966 divina
2201 1910 2483 1982 Scriptura
2513 1910 2682 1966 Deum
2733 1920 2960 1965 testatur
2994 1908 3283 1981 Unigenito
3309 1909 3472 1965 Chri-

1901 2010 1987 2057 sto
2016 2002 2259 2058 dixisse:
2294 2001 2584 2057 Faciamus
2610 2003 2872 2056 hominem
2898 2003 2967 2055 ad
3008 2003 3291 2071 imaginem
3322 2011 3374 2056 et
3406 2001 3477 2054 ad

1899 2092 2313 2147 similitudinem
2339 2103 2603 2147 nostram.
2636 2091 2704 2147 Et
2738 2094 2861 2162 fecit
2896 2092 3035 2147 Deus
3075 2093 3374 2148 hominem:
3405 2093 3475 2145 ad

1899 2186 2183 2255 imaginem
2212 2184 2309 2238 Dei
2332 2184 2456 2253 fecit
2480 2201 2598 2238 eum
2617 2201 2635 2237 .'
2666 2183 2959 2237 masculum
2989 2194 3038 2237 et
3071 2184 3325 2252 feminam
3348 2183 3476 2253 fecit

1898 2292 1984 2331 eos
2015 2275 2081 2328 “.
2111 2276 2178 2330 Et
2205 2275 2443 2329 maxime
2469 2274 2689 2329 divinus
2718 2291 2783 2329 ac
2823 2275 3063 2330 tolerans
3095 2274 3221 2340 Job,
3254 2275 3321 2329 dc
3363 2290 3475 2345 quo

1903 2364 2184 2435 Scriptura
2234 2365 2399 2421 dicit:
2458 2364 2726 2433 Scriptum
2770 2374 2999 2426 est,eum
3047 2381 3167 2419 cum
3193 2364 3323 2429 illis,
3356 2382 3476 2418 cum

1899 2456 2088 2527 quibus
2134 2457 2361 2526 resurgit
2410 2454 2693 2521 Dominus,
2748 2466 3166 2510 resurrecturum
3187 2457 3263 2522 ³⁸;
3307 2458 3355 2513 is
3406 2458 3476 2512 ad

1896 2546 2066 2602 Deum
2097 2548 2209 2602 ait:
2247 2547 2437 2601 Nonne
2471 2549 2608 2601 sicut
2637 2548 2721 2601 lac
2745 2548 2978 2602 mulsisti
3004 2565 3103 2615 me,
3128 2556 3177 2603 et
3200 2566 3477 2620 coagmen-

1897 2640 2024 2693 tasti
2059 2656 2141 2693 me
2170 2656 2317 2707 teque
2348 2657 2409 2693 ac
2437 2640 2691 2693 caseum?
2720 2638 2865 2693 Pelle
2891 2651 2939 2693 et
2965 2656 3121 2695 carne
3142 2643 3343 2696 vestisti
3370 2658 3475 2707 me;

1894 2730 2201 2801 ossibusque
2221 2743 2270 2787 et
2295 2733 2463 2786 nervis
2491 2734 2783 2789 innexuisti
2802 2750 2913 2798 me;
2943 2736 3102 2788 vitam
3124 2746 3359 2789 autemet
3382 2736 3477 2789 mi-

1895 2824 2240 2877 sericordiam
2265 2827 2493 2893 posuisti
2519 2826 2660 2896 apud
2688 2844 2803 2889 me;
2830 2837 2880 2882 et
2908 2828 3144 2882 visitatio
3175 2837 3268 2881 tua
3296 2837 3475 2885 custo-

1893 2911 2025 2965 divit
2048 2912 2294 2981 spiritum
2325 2931 2520 2971 meum.
2563 2916 2691 2970 Haec
2739 2934 2857 2970 cum
2898 2918 3116 2972 habeam
3156 2920 3209 2973 in
3250 2920 3470 2989 meipsa,

1892 3002 2002 3056 scio
2030 3003 2168 3072 quod
2198 3007 2374 3058 omnia
2401 3015 2566 3072 potes,
2595 3018 2643 3061 et
2676 3007 2811 3061 niltil
2837 3010 2933 3063 tibi
2956 3021 3032 3063 est
3051 3010 3376 3079 impossibile
3402 3010 3468 3065 “.

1893 3093 2074 3160 Quare
2103 3097 2179 3151 ait
2209 3107 2263 3151 et
2292 3107 2480 3153 noster
2499 3098 2750 3154 Salvator
2773 3116 2837 3155 ac
2858 3100 3116 3172 Magister
3138 3102 3297 3157 Jesus
3320 3102 3475 3157 Chri-

203 3197 338 3262 λαξέ
370 3215 473 3267 μου
502 3198 562 3251 τὸ
590 3198 828 3269 πνεῦμαο
887 3198 1071 3251 Ταῦτα
1103 3198 1240 3267 ἔχων
1270 3199 1328 3250 ὲν
1371 3197 1615 3269 ἐμαυτῷ,
1672 3193 1791 3253 οἶδα

1899 3196 2040 3244 stus:
2066 3188 2221 3253 Quod
2234 3189 2557 3259 impossibile
2582 3202 2661 3245 est
2688 3193 2829 3261 apud
2852 3192 3107 3258 homines,
3128 3195 3377 3263 possibile
3393 3205 3473 3253 est

200 3291 288 3343 ὅτι
321 3290 501 3342 πάντα
528 3290 773 3355 δύνασαι,
804 3291 1053 3343 ἀδυνατεῖ
1077 3290 1135 3343 δέ
1166 3308 1246 3343 σοι
1273 3290 1445 3343 οὐδέν.
1489 3309 1507 3341 ι
1570 3290 1660 3342 Διό
1690 3308 1794 3361 φη-

204 3398 259 3433 σι
307 3381 421 3451 (41)
471 3382 566 3433 καὶ
593 3384 621 3434 ὀ
650 3382 914 3453 ἡμέτερος
943 3384 1135 3454 Σωτὴρ
1180 3385 1273 3436 καὶ
1326 3382 1646 3447 διδάσκαλος
1690 3384 1796 3453 Ἰη-

204 3470 339 3534 σοῦς
367 3474 396 3524 ό
426 3472 678 3543 Χριστός
717 3475 872 3525 (Ὅτι
900 3474 960 3527 τὸ
987 3474 1140 3547 παρά
1177 3475 1483 3545 ἀνθρώποις
1512 3476 1794 3541 ἀδύνατον,

201 3562 435 3615 δυνατὸν
464 3563 617 3634 παρά
642 3564 719 3635 τῷ
773 3564 909 3636 Θεῷ.
953 3585 971 3617 ι
1033 3566 1196 3635 Λέγει
1250 3566 1305 3621 δὲ
1348 3569 1440 3621 καὶ
1474 3571 1503 3623 ὁ
1549 3569 1796 3641 θεοφιλὴς

204 3654 376 3707 Δαόίδ
407 3655 647 3727 (42)(Λὶ
677 3660 857 3730 χεῖρές
886 3676 978 3711 σου
1008 3660 1272 3731 ἐποίησάν
1307 3679 1396 3731 με,
1430 3662 1524 3715 καὶ
1551 3662 1791 3716 ἔπλασάν

205 3763 296 3815 με·
315 3766 333 3796 ι
392 3749 487 3800 καὶ
518 3748 694 3801 πάλιν·
725 3768 743 3799 ι
781 3752 852 3805 Σὺ
883 3750 1052 3819 ἔγνως
1078 3752 1139 3804 τὸ
1165 3753 1387 3824 πλάσμα
1433 3755 1607 3826 ήμῶψ
1644 3776 1662 3809 ›
1698 3758 1793 3811 καὶ

200 3835 352 3908 ἑξῆς·
392 3857 412 3889 ‹
450 3840 522 3892 Σὺ
552 3840 790 3905 ἓπλασάς
850 3859 937 3913 με,
1001 3845 1096 3895 καὶ
1150 3843 1351 3916 ἔθηκας
1404 3847 1491 3900 ἐπ’
1538 3848 1639 3918 ἐμὲ
1692 3850 1792 3920 τὴν

200 3931 370 4001 χεῖρά
400 3947 519 3983 σου⁸
578 3932 972 4005 ἐθαυμαστώθη
1030 3935 1062 4005 ἡ
1121 3936 1322 4003 γνῶσίς
1370 3955 1463 3991 σου
1521 3940 1581 4003 ἐξ
1635 3940 1793 4010 ἐμοῦ,

199 4020 575 4094 ἐκραταιώθη,
607 4025 668 4077 οὐ
692 4026 770 4096 μὴ
790 4024 1034 4097 δύνωμαι
1062 4027 1201 4097 πρὸς
1230 4030 1421 4102 αὑτήν.
1455 4032 1528 4084 Τὸ
1553 4031 1793 4100 ἀκατέρ-

278 4211 322 4242 ³⁸
353 4210 464 4265 Jer.
535 4226 574 4273 ι,
626 4209 677 4262 5.
795 4211 837 4240 ³²
874 4209 917 4241 ³³
962 4210 1129 4265 Zach.
1188 4227 1287 4270 xtl,
1329 4212 1379 4265 l.

1487 4211 1531 4243 “
1575 4209 1711 4265 Gen.
1772 4227 1811 4275 ι,
1861 4212 1952 4269 26.

1892 3281 2035 3350 apud
2056 3281 2221 3335 Deum
2238 3282 2302 3333 ".
2336 3281 2480 3338 Dicit
2500 3284 2664 3339 etiam
2687 3283 2797 3338 Deo
2814 3285 3014 3341 charns
3043 3285 3241 3341 David:
3276 3287 3470 3345 Manus

1893 3383 2000 3428 tua:
2032 3373 2263 3442 fecerunt
2299 3390 2401 3442 me,
2437 3385 2486 3428 et
2516 3374 2909 3443 plasmaverunt
2936 3392 3014 3431 me
3036 3378 3079 3409 ⁸⁸
3101 3394 3117 3443 ;
3138 3386 3194 3433 et
3229 3378 3466 3437 iterum:

1894 3463 1971 3518 Tu
1993 3465 2276 3535 cognovisti
2288 3466 2597 3535 ﬁgmentum
2615 3480 2875 3533 nostrum;
2892 3478 2941 3524 et
2955 3470 3214 3541 deinceps
3232 3489 3244 3523 :
3265 3469 3341 3524 Tu
3356 3471 3469 3540 for-

1890 3557 2051 3611 masti
2073 3573 2173 3623 me,
2200 3567 2249 3611 et
2270 3559 2492 3625 posuisti
2510 3576 2665 3628 super
2691 3576 2773 3613 me
2796 3576 3005 3613 manum
3040 3569 3224 3627 tuam;
3246 3542 3469 3616 mirabi-

1889 3650 1956 3703 lis
1980 3650 2126 3719 facta
2153 3660 2225 3704 est
2244 3650 2465 3703 scientia
2508 3661 2600 3704 tua
2622 3666 2686 3705 ea:
2708 3667 2807 3718 me,
2829 3654 3235 3721 confortataest,
3252 3671 3354 3708 non
3368 3670 3469 3725 po-

1891 3752 2003 3794 tero
2026 3740 2095 3793 ad
2116 3756 2233 3794 eam
2250 3740 2314 3794 ”.
2340 3740 2709 3812 Imperfectum
2727 3759 2894 3796 meum
2923 3744 3161 3799 viderunt
3186 3745 3325 3799 oculi
3344 3747 3465 3811 mei,

1886 3832 2007 3885 etin
2031 3831 2166 3885 libro
2191 3841 2280 3885 tuo
2306 3848 2481 3887 omnes
2498 3831 2792 3885 scribentur
2811 3833 2876 3887 ⁸ο.
2906 3830 3009 3889 Sed
3028 3846 3082 3889 et
3098 3834 3266 3890 Isaias
3291 3834 3464 3891 Deum

1885 3926 2214 3993 deprecans:
2251 3922 2387 3989 Nos,
2420 3926 2842 3996 inquit,lutum;
2865 3936 2913 3979 et
2937 3936 2992 3979 tu
3019 3927 3175 3995 ﬁctor
3193 3912 3449 3982 noster“.

1854 4016 1946 4095 'Si
1972 4031 2101 4089 ergo
2127 4018 2293 4074 homo
2318 4031 2568 4074 creatura
2618 4019 2711 4076 Dei
2752 4030 2856 4084 est,
2903 4036 2999 4091 per
3038 4021 3317 4077 Christum
3340 4074 3343 4075 ν
3368 4020 3453 4077 fa-

2064 4214 2109 4244 ³⁸
2137 4213 2191 4267 in
2250 4211 2357 4265 line
2401 4208 2505 4265 Job
2562 4211 2704 4281 apud
2751 4209 2913 4266 LXX.
3012 4212 3055 4242 ³⁵
3092 4210 3195 4267 Job
3253 4230 3307 4277 Χ,
3372 4214 3458 4274 11)-

202 4282 254 4315 ⁸⁷
291 4280 427 4335 Luc.
460 4295 620 4345 xvm,
654 4279 746 4332 ‘27.
823 4280 867 4314 ³³
896 4279 1343 4345 Psal.uxvm,73.
1422 4282 1467 4313 ”
1497 4281 1645 4337 Psal.
1694 4297 1791 4346 cn,
1824 4284 1909 4338 15.
1983 4283 2028 4314 ⁸ο
2063 4282 2208 4338 Psal.
2242 4297 2511 4347 cxxxvm,
2553 4279 2611 4336 5.
2684 4282 2727 4313 ⁸¹
2771 4281 2878 4335 lsa.
2935 4297 3084 4345 wa,
3125 4285 3180 4338 8.

1535 4475 1900 4532 VARIORUM
1933 4474 2167 4532 ΝΟΤίΕ.

196 4656 619 4727 tus,quicaalum
646 4675 743 4726 pro
775 4659 956 4712 throno
991 4658 1166 4719 habet,
1216 4675 1276 4711 ac
1302 4667 1497 4711 terram
1540 4673 1636 4725 pro
1670 4673 1788 4710 sca-
1820 4659 1865 4714 D
1894 4657 2117 4726 resurgit
2148 4656 2426 4727 Dominus,
2464 4656 2568 4721 vel,
2603 4672 2721 4709 cum
2752 4656 2861 4709 illis
2892 4673 3020 4727 quos
3046 4658 3326 4710 resuscitat
3356 4658 3466 4712 Do-

197 4731 382 4792 bello;
416 4729 746 4799 insuperque,
783 4738 839 4781 ut
870 4729 1166 4797 prophetice
1211 4730 1442 4791 dicatur,
1492 4730 1582 4799 qui
1610 4730 1788 4797 palmo

194 4802 391 4856 malum
450 4798 682 4861 metitur,
722 4808 771 4851 et
835 4808 1027 4853 terram
1055 4814 1269 4869 pugno;
1302 4809 1422 4853 ante
1456 4798 1607 4867 cujus
1662 4814 1789 4851 con-

193 4880 437 4941 spectum
453 4885 630 4941 omnes
642 4876 835 4941 gentes
854 4877 976 4941 sunt
1015 4871 1167 4941 quasi
1201 4880 1522 4941 momentum
1547 4878 1784 4941 staterae,

191 4938 244 4995 et
282 4940 441 5008 quasi
499 4938 661 4992 stilla
699 4938 763 4993 de
792 4940 979 4993 situla.
1025 4938 1188 5010 (Isai.
1228 4939 1572 5009 χι,12,15.)

269 5075 385 5145 (55)
416 5075 512 5143 Μὴ
543 5075 705 5139 ὄντα,
734 5083 841 5130 etc.
884 5074 943 5128 In
978 5076 1224 5144 margine
1254 5081 1501 5129 notatum
1530 5089 1561 5127 a
1598 5074 1788 5129 nescio

194 5162 315 5216 quo
351 5147 492 5217 Σημ.
525 5145 668 5199 κατά
692 5145 1145 5217 ῨὩριΥενιαστῷν,
1176 5146 1343 5217 quasi
1374 5146 1460 5200 his
1484 5146 1667 5200 verbis
1689 5160 1789 5214 op-

196 5215 547 5287 pugnaretur
571 5215 914 5287 προΰπαρξις
933 5216 1271 5287 τῶνίψυχῶν.
1306 5215 1474 5270 Cum.

364 5289 382 5357 )
416 5284 782 5356 ἈνθρὼπΟν.
801 5284 1021 5340 νοοιιιει
1046 5284 1173 5340 haec
1189 5287 1256 5340 ab
1278 5287 1448 5341 altero
1467 5284 1656 5340 codice
1692 5286 1788 5338 ab-

195 5364 309 5412 est.
351 5358 429 5411 In.

271 5427 385 5497 (57)
414 5425 864 5496 Δημιουργήσας
900 5426 1050 5495 εἴδη.
1100 5424 1192 5481 Sic
1221 5427 1373 5497 legit,
1424 5428 1594 5481 altera
1642 5439 1775 5480 voce

193 5496 439 5559 auctiOr.
468 5514 612 5551 unus
641 5498 799 5552 Vind.
827 5499 977 5561 cod.,
1013 5513 1112 5551 nec
1144 5496 1304 5552 male.
1337 5496 1415 5553 lo.

270 5567 362 5635 (58
390 5567 501 5621 Καὶ
529 5568 627 5633 ὡς.
662 5568 859 5631 Καθὼς
887 5568 943 5621 in
968 5578 1199 5637 utroque
1217 5568 1339 5622 cod.
1367 5576 1427 5620 ut
1472 5566 1563 5620 hic
1611 5565 1772 5620 habet

193 5640 405 5702 versio,
439 5640 655 5693 melius.
689 5637 765 5692 In.

268 5707 594 5777 (59)Αὺτόν
607 5709 1059 5774 ἀναστήσεσθαι
1083 5708 1210 5778 μεθ’
1238 5707 1323 5762 ὧν
1352 5708 1615 5775 όΚύριος
1642 5706 1768 5778 ἀνί-

1898 4728 2092 4780 minus.
2144 4726 2301 4779 Aliud
2333 4743 2435 4781 ms.
2462 4728 2762 4795 exemplar,
2810 4734 2948 4779 teste
2970 4726 3260 4786 Turriano,
3322 4729 3467 4783 inter

1896 4797 2057 4848 αὑτὸν
2086 4804 2139 4849 et
2158 4795 2852 4867 avamﬁgsoeat»~inset'tuttt
2899 4796 3131 4851 habebat
3172 4797 3351 4859 πάλιν.
3406 4806 3467 4853 ιιι

1898 4867 2061 4936 vulgo
2112 4868 2315 4933 legunt.
2354 4866 2499 4918 Eam
2529 4876 2708 4920 tamen
2744 4868 3065 4936 particulam
3114 4883 3220 4920 non
3247 4870 3465 4925 videtur

1895 4950 2194 5008 agnoscere
2216 4936 2574 5008 TlteOphanes
2597 4937 3113 5008 Ceranie_us,homil.
3142 4937 3230 5001 27,
3250 4956 3301 5008 p.
3334 4940 3471 4996 211..

1886 5005 2033 5129 ἆοτό
2085 5004 2176 5061 Sic
2213 5015 2266 5061 et
2315 5004 2384 5060 in'
2410 5006 2582 5061 altero
2646 5007 2767 5062 cod.
2813 5006 3046 5063 Vindob.
3090 5004 3264 5063 «alii
3302 5009 3463 5064 αὐτὸν

1952 5117 1963 5127 .
2040 5092 2163 5129 um.

1952 5117 1963 5127 .
1993 5092 2163 5130 ULER.

1957 5146 2068 5215 (40)
2107 5148 2400 5215 Ἔπηξας.
2434 5146 2584 5200 Alter
2614 5146 2773 5201 codd.
2794 5145 3319 5215 Vindobonensium,
3339 5149 3462 5202 ἐτύ-

1894 5233 2098 5287 ρωσας,
2130 5217 2273 5272 torte
2310 5219 2536 5287 rectius.
2575 5216 2651 5271 lu.

1959 5286 2069 5367 (ll)
2101 5289 2201 5367 Διᾴ
2228 5303 2453 5367 φησιν.⁸
2488 5286 2612 5341 Πίου
2634 5297 2687 5342 et
2714 5303 2870 5367 seqq,
2898 5288 2971 5367 ad
3001 5288 3078 5353 τῷ
3102 5288 3223 5367 Θεῷ
3253 5294 3469 5367 omissa

1888 5364 2016 5428 sunt
2048 5356 2100 5409 in
2134 5358 2309 5412 altero
2352 5356 2476 5411 cod.
2510 5373 2611 5411 nec
2630 5373 2761 5412 sane
2781 5356 3078 5428 quidquam
3109 5359 3174 5412 ad
3224 5374 3335 5411 rem
3376 5361 3459 5412 fa-

1885 5426 2037 5480 ciunt
2060 5443 2285 5497 “neque
2305 5428 2449 5482 enim
2475 5442 2655 5482 sermo
2682 5435 2766 5481 est
2797 5426 2863 5482 de
2889 5426 3289 5497 omnipotentis
3314 5429 3457 5482 divi-

1884 5495 2099 5567 na,sed
2129 5495 2523 5567 de'creatione.
2575 5498 2631 5550 ln
2681 5498 2928 5567 margine
2952 5495 3191 5567 _alterius
3228 5496 3294 5551 ad
3332 5498 3456 5555 haec

1882 5566 2050 5638 verba
2074 5586 2087 5621 :
2116 5568 2249 5621 Οὐδὲ
2269 5566 2540 5638 λταῦταίὲν
2569 5571 2679 5630 τοῖς
2713 5562 2890 5629 ἄλλοις
2921 5562 3098 5638 εὖρον.
3122 5569 3203 5623 lD.

1950 5635 2061 5759 (ξε)
2115 5636 2310 5717 Auli-[6.
2362 5637 2529 5718 Addit
2578 5638 2719 5693 idem
2782 5638 2951 5717 codex
2982 5635 3060 5707 τῷ
3097 5638 3258 5718 Θεῷ,
3307 5641 3455 5709 quod

1911 5713 1931 5757 t
2001 5721 2028 5757 a
2056 5715 2193 5759 betur
2225 5724 2280 5759 in
2328 5722 2614 5759 versnone:
2653 5716 2796 5759 et:re
2837 5723 2955 5759 msa
2978 5707 3149 5759 David
3172 5708 3343 5759 Deum
3372 5710 3454 5759 al-

1877 5720 1931 5760 οι
1965 5720 2028 5758 na

2056 5715 2193 5779 ἐιυς
2225 5708 2280 5762 in
2328 5708 2614 5775 versione;
2653 5716 2796 5764 etgre
2837 5708 2955 5779 ipsa
2978 5707 3149 5764 David
3172 5707 3343 5765 Deum
3370 5710 3454 5767 al-

194 5775 425 5847 στησιν
447 5796 465 5833 ;
489 5778 670 5849 Ipsum
700 5775 1112 5834 resurrecturum
1130 5796 1246 5834 cum
1279 5778 1408 5846 illis,
1437 5793 1552 5834 cum
1578 5777 1765 5848 quibus
1876 5776 2135 5847 loquitur.
2173 5775 2246 5834 In:
