3876 6188
481 326 583 384 851

1334 325 1390 380 S.
1422 321 1817 379 CLEMENTIS
1848 324 1867 377 1
1908 322 2080 380 ROM.
2119 324 2319 381 PONT.
2357 325 2583 380 OPERA
2619 322 2847 381 DUB’IA.

3640 326 3741 381 852

478 448 646 506 ctus;
690 438 935 509 profecto
965 440 1130 495 etiam
1160 455 1255 511 per
1284 455 1407 493 eum
1439 447 1562 508 post
1598 446 1831 493 mortem
1864 455 2050 493 resur-

2156 443 2352 509 γαστόν
2381 442 2493 514 (45)
2526 458 2626 512 μου
2656 438 2794 496 εἶδον
2820 445 2869 495 οἱ
2922 442 3185 513 ὀφθαλμοί
3242 459 3359 506 σου,
3400 443 3497 496 καὶ
3542 443 3644 495 ἐπὶ
3686 444 3743 496 τὸ

478 542 567 603 get
592 550 607 600 ;
657 542 719 587 ut
761 533 845 587 vel
881 542 1176 587 coronetur
1205 546 1305 601 pro
1329 530 1649 592 virtutibus,
1677 531 1760 585 vel
1789 531 2052 598 puniatur

477 640 578 694 pro
606 624 839 680 delictis.
891 623 1047 691 Quod
1075 626 1118 679 si
1140 624 1355 693 justitia
1391 623 1622 691 judicat,
1645 629 1705 675 ut
1734 623 2048 693 legislator;

475 714 933 785 quemadmodum
996 716 1155 786 punit
1204 715 1425 784 impios,
1487 714 1568 768 sic
1622 713 1809 769 ﬁdeles
1875 722 1929 768 et
1958 714 2051 783 qui

476 816 702 877 propter
740 824 864 863 eum
894 808 961 862 ab
1012 808 1326 862 hominibus
1374 814 1502 860 sunt
1552 806 1771 859 mactati
1804 814 2049 869 sanctos,

476 898 752 953 beneﬁcus
783 900 993 966 salvat;
1024 901 1220 969 partim
1247 900 1389 953 sicut
1414 906 1561 951 astra
1581 896 1898 967 splendidos
1926 897 2052 952 red-

473 988 631 1053 dens,
666 990 867 1060 partim
929 991 1077 1045 velut
1138 991 1429 1043 luminaria
1492 989 1854 1058 refulgentes,
1905 988 2052 1058 quod

475 1078 687 1135 Danieli
742 1084 1065 1152 prolocutus
1119 1090 1204 1136 est
1252 1076 1471 1135 Gabriel
1514 1079 1580 1134 δ’.
1648 1079 1813 1148 Igitur
1866 1079 2052 1134 ﬁdeles

472 1187 688 1236 omnes,
716 1174 809 1243 qui
844 1173 1050 1228 Christi
1076 1189 1268 1228 sumus
1291 1172 1569 1243 discipuli.
1601 1172 1891 1243 promissis
1928 1172 2051 1241 ejus

472 1263 746 1318 credimus
780 1282 791 1317 :
823 1280 949 1317 nam
1004 1265 1097 1335 qui
1133 1265 1410 1334 promisit,
1433 1264 1652 1318 mentiri
1694 1280 1801 1317 non
1835 1271 2047 1333 potest:

473 1355 607 1408 dicit
656 1363 835 1409 autem
874 1356 1066 1410 beatus
1096 1356 1359 1425 propheta
1396 1354 1563 1408 David
1592 1374 1603 1408 :
1634 1353 1838 1407 Fidelis
1866 1353 2050 1406 Domi-

471 1464 569 1500 nus
600 1449 655 1500 in
711 1448 950 1502 omnibus
981 1448 1149 1503 verbis
1181 1450 1314 1511 suis,
1360 1457 1411 1501 et
1462 1455 1675 1501 sanctus
1704 1447 1760 1499 in
1808 1445 2052 1499 omnibus

472 1540 713 1609 operibus
741 1542 851 1595 suis
880 1541 948 1596 “.
995 1540 1156 1596 Certe
1198 1541 1294 1610 qui
1342 1539 1447 1594 sibi
1489 1554 1690 1608 corpus
1736 1552 1804 1592 ex
1832 1536 2054 1606 Virgine

471 1632 801 1695 construxit,
836 1633 882 1685 is
906 1639 959 1685 et
980 1640 1305 1686 ezetcrorum
1338 1630 1619 1684 hominum
1649 1637 1735 1686 est
1764 1630 2049 1695 conditor;

470 1733 527 1779 et
559 1725 652 1795 qui
683 1740 744 1779 se
794 1739 826 1778 a
859 1724 1095 1778 mortuis
1140 1723 1425 1786 «excitavit,
1466 1722 1611 1777 idem
1641 1730 1697 1777 et
1753 1737 1945 1777 omnes
1995 1722 2051 1775 in

469 1817 919 1886 mortejacentes
949 1816 1015 1870 ad
1051 1817 1219 1869 vitam
1246 1815 1437 1885 eriget.
1481 1813 1587 1880 Qui
1626 1813 1959 1869 frumentum
1981 1830 2051 1869 ex

471 1925 584 1965 uno
608 1925 780 1978 grano
809 1924 1166 1964 numerosum
1191 1926 1221 1964 e
1254 1916 1403 1963 terra
1435 1908 1620 1963 educit
1647 1926 1660 1974 ;
1694 1908 1787 1977 qui
1809 1910 2052 1963 excisam

472 2005 724 2059 arborem
746 2004 1079 2073 repullulare
1107 2001 1237 2057 facit
1262 2003 1317 2056 in
1349 2002 1665 2065 surculum;
1692 2001 1787 2071 qui
1816 2000 2052 2056 Aaronis

469 2097 679 2167 virgam
708 2095 823 2167 jam
882 2096 1171 2159 siccatam,
1205 2096 1258 2149 in
1303 2109 1525 2164 germen
1582 2093 1747 2162 jussit
1797 2108 2053 2163 prorum-

471 2205 601 2260 pere
624 2189 711 2243 “:
768 2188 884 2259 ipse
915 2204 1014 2243 nos
1046 2203 1263 2258 quoque
1292 2188 1580 2242 suseitabit
1611 2188 1665 2242 in
1707 2187 1901 2255 gloria.
1944 2185 2051 2252 Qui

471 2279 836 2351 paralyticum
871 2296 1066 2335 sanum
1100 2279 1154 2333 in
1190 2279 1355 2349 pedes
1405 2279 1598 2333 statuit
1632 2279 1719 2344 ";
1766 2287 1821 2333 et
1850 2293 2050 2332 manus

470 2372 730 2426 ariditate
764 2371 1103 2425 laborantem
1148 2370 1365 2424 curavit
1395 2368 1482 2435 “;
1524 2377 1579 2424 et
1626 2384 1775 2425 caeco
1832 2384 1863 2422 a
1901 2368 2052 2424 nati-

469 2466 662 2527 vitate,
717 2463 861 2534 quod
910 2463 1198 2518 deﬁciebat
1255 2462 1585 2525 membrum,
1617 2478 1715 2533 per
1749 2471 1949 2517 terram
1995 2470 2051 2518 et

472 2557 697 2611 salivam
753 2554 989 2609 reddidit
1014 2555 1055 2586 ⁵⁷
1087 2575 1098 2609 :
1130 2555 1176 2609 is
1211 2554 1326 2625 ipse
1361 2570 1464 2610 nos
1507 2570 1725 2624 quoque
1767 2554 1835 2609 ad
1884 2555 2051 2609 vitam

470 2649 771 2704 revocabit.
832 2647 934 2714 Qui
966 2664 1035 2702 ex
1061 2648 1304 2718 quinque
1330 2648 1567 2718 panibus
1606 2656 1660 2702 et
1700 2647 1915 2701 duobus
1967 2647 2053 2718 pi-

474 2741 663 2796 scibus
691 2740 933 2810 quinque
979 2740 1151 2793 millia
1182 2742 1425 2793 virorum
1463 2739 1706 2803 satiavit,
1739 2739 1944 2793 faciens
1994 2749 2054 2793 ut

471 2832 760 2888 duodecim
793 2832 1015 2902 ecphini
1063 2839 1419 2901 superessent
1446 2830 1491 2863 ⁸⁸
1520 2849 1535 2897 ;
1566 2838 1621 2885 et
1667 2847 1735 2885 ex
1779 2845 1921 2901 aqua
1963 2830 2051 2884 vi-

472 2940 606 2979 num
638 2924 875 2979 confecit
899 2924 974 2989 ";
1008 2933 1061 2979 et
1099 2940 1167 2979 ex
1196 2938 1291 2977 ore
1341 2923 1508 2993 piscis
1538 2930 1843 2978 extractum
1877 2928 2050 2977 state-

472 3033 588 3072 rem
620 3032 717 3088 per
750 3032 835 3071 me
858 3014 1080 3070 Petrum
1131 3014 1282 3069 misit
1329 3030 1532 3069 census
1580 3014 1932 3069 exactoribus
1950 3013 1997 3045 ⁸⁰
2034 3032 2046 3066 :

2154 533 2356 605 βιϐλίον
2387 550 2480 585 σου
2533 534 2735 598 πάντες
2761 536 3149 607 τραφήσονται.
3188 553 3210 587 ι
3260 534 3422 588 Ἀλλά
3452 536 3550 588 καὶ
3578 536 3611 587 6
3654 535 3743 587 Ἡ·-

2153 626 2310 689 σαῖας
2328 627 2477 694 λέγει
2495 628 2926 699 προσευχόμενος
2944 627 3112 699 αὐτῷ,
3134 628 3216 680 ὅτι
3248 646 3266 679 ι
3293 628 3355 679 Ἡ
3364 629 3484 698 μεῖς
3499 629 3529 679 6
3548 626 3743 697 πηλὸς,

2153 725 2249 779 καὶ
2278 723 2343 777 σὺ
2367 724 2396 777 6
2419 723 2662 795 πλάστης
2686 723 2842 794 ήμῶν
2874 722 3006 792 (ιιι).
3044 741 3061 772 ι
3097 722 3161 774 Ei
3208 720 3386 772 τοίνυν
3426 716 3599 771 αὑτοῦ
3643 717 3740 785 δη-

2155 811 2473 884 μιούργημα
2497 811 2526 864 ό
2556 811 2858 883 ἄνθρωπος,
2888 810 2977 863 διὰ
3010 807 3246 880 Χριστοῦ
3268 807 3585 878 γενόμενος,
3606 805 3746 857 πᾶν·

2150 918 2258 965 τως
2285 903 2366 955 ὃτι
2394 902 2487 955 καὶ
2513 899 2704 966 θανὼν,
2734 900 2799 953 δι’
2828 898 2992 952 αὐτοῦ
3024 899 3397 970 ἀναστήσεται·
3448 899 3546 951 ἐπὶ
3603 898 3687 969 τῷ
3714 898 3747 969 ἢ

2155 994 2446 1065 πεφθῆναι
2476 992 2587 1065 (45)
2618 992 2710 1045 ἐπὶ
2737 993 2848 1055 τοῖς
2876 990 3313 1063 κατορθώμασιν,
3344 990 3377 1061 ἢ
3407 990 3748 1061 κολασθῆναι

2153 1089 2246 1141 ἐπὶ
2269 1089 2381 1149 τοῖς
2435 1085 2921 1156 πλημμελήμασιν.
2970 1084 3033 1136 El
3072 1083 3129 1137 δὲ
3172 1082 3490 1153 δικαιοσύνῃ
3539 1083 3747 1153 κρίνει,

2152 1181 2230 1243 ὡς
2275 1178 2594 1249 νομοθέτης·
2628 1176 2818 1248 ὥσπερ
2845 1175 3063 1239 κολάζει
3105 1176 3232 1238 τοὺς
3278 1174 3518 1240 ἀσεῦεῖς,
3566 1174 3749 1235 οὕτως

2154 1269 2454 1343 εὐεργετῶν
2475 1268 2633 1332 σώζει
2659 1269 2783 1330 τοὺς
2810 1268 3052 1333 πιστοὺς,
3082 1267 3177 1319 καὶ
3203 1267 3327 1328 τοὺς
3351 1266 3421 1317 δι’
3451 1265 3621 1319 αὑτὸν
3654 1266 3748 1317 ὑπ’

2153 1362 2451 1436 ἀνθρώπων
2473 1360 2775 1430 σφαγέντας
2802 1358 3004 1427 ἁγίους·
3034 1359 3159 1421 τοὺς
3190 1358 3285 1427 μὲν
3313 1357 3387 1421 ὡς
3415 1358 3596 1428 ἄστρα
3628 1374 3751 1425 φαι-

2153 1457 2382 1529 δρύνων,
2412 1457 2538 1518 τοὺς
2564 1453 2621 1507 δὲ
2648 1453 2725 1516 ὼς
2753 1452 3047 1523 φωστῆρας
3090 1448 3440 1521 λαμπρύνων·
3496 1448 3692 1511 καθὼς
3716 1451 3747 1501 6

2154 1547 2394 1620 Γαϐριὴλ
2420 1546 2497 1617 τῷ
2524 1544 2721 1615 Δανιὴλ
2748 1543 2920 1611 έλεγε·
2955 1542 3192 1615 μαθηταὶ
3221 1539 3314 1595 οῦν
3335 1540 3580 1612 Χριστοῦ
3613 1541 3748 1593 πάν-

2153 1656 2245 1703 τες
2284 1637 2621 1710 ὑπάρχοντες
2658 1636 2707 1688 οἱ
2754 1636 2956 1698 πιστοὶ,
3011 1633 3339 1704 πιστεύομεν
3392 1632 3566 1686 αὑτοῦ
3622 1634 3747 1694 ταῖς

2156 1729 2525 1799 ἐπαγγελίαις·
2574 1726 2810 1798 ἀψευδὴς
2842 1725 2953 1797 γὰρ
2978 1728 3007 1780 6
3048 1724 3534 1795 ἐπαγγειλάμενος·
3589 1723 3745 1791 λέγει

2152 1822 2208 1876 δὲ
2233 1824 2262 1875 ό
2303 1820 2571 1891 μακάριος
2599 1819 2887 1890 προφήτης
2912 1815 3098 1879 Δαϐἱδ,
3126 1817 3208 1870 ὅτι
3243 1835 3261 1867 ι
3292 1814 3490 1877 Πιστὸς
3529 1813 3747 1885 Κύριος

2152 1916 2211 1968 ὲν
2240 1916 2372 1968 πᾶσι
2398 1916 2509 1976 τοῖς
2535 1912 2714 1981 λόγοις
2741 1909 2928 1973 αὑτοῦ,
2958 1910 3050 1963 καὶ
3076 1911 3219 1970 ὅσιος
3242 1906 3351 1979 (46)
3371 1908 3431 1959 ὲν
3457 1907 3603 1959 πᾶσι
3631 1908 3745 1967 τοῖς

2153 2005 2335 2078 ἔργοις
2391 2002 2622 2057 αὑτοῦ.»
2685 2002 2744 2056 '0
2778 2001 2888 2073 γάρ
2936 2002 3001 2055 ὲκ
3030 1999 3298 2071 παρθένου
3352 1997 3535 2068 ἑαυτῷ
3564 2014 3743 2051 κατα-

2154 2098 2424 2160 σκευάσας
2452 2096 2632 2167 σῶμα,
2660 2088 2815 2157 οῦτος
2842 2094 2937 2148 καὶ
2963 2093 3071 2146 τῶν
3099 2091 3269 2147 ἀλλων
3287 2090 3597 2161 ἀνθρώπιον
3644 2090 3742 2159 δη-

2155 2188 2415 2261 μιουργός
2444 2190 2579 2241 ἐστι·
2612 2188 2705 2241 καὶ
2726 2185 2838 2257 (47)
2869 2185 3062 2239 ἑαυτὸν
3088 2184 3398 2253 ἀγαπήσας
3418 2184 3485 2234 ἐκ
3512 2181 3628 2234 τῶν
3654 2198 3741 2234 νε-

2152 2281 2322 2353 κρῶν,
2376 2280 2538 2343 αὐτὸς
2575 2280 2669 2332 καὶ
2697 2278 2906 2341 πάντας
2931 2278 3057 2339 τοὺς
3100 2275 3383 2346 κειμένους
3412 2274 3735 2344 ἀναστήσει·

2151 2375 2180 2427 6
2206 2374 2296 2427 τὸν
2325 2372 2498 2445 πυρὸν
2524 2372 2587 2436 ea
2612 2372 2732 2435 ἑνὸς
2757 2370 2958 2425 κόκκου
2981 2368 3247 2439 πολύχουν
3269 2369 3334 2420 ἐκ
3352 2367 3457 2436 γῆς
3475 2367 3736 2428 ἀνιστῶν,

2151 2470 2182 2522 6
2207 2467 2269 2521 τὸ
2296 2467 2529 2519 ὲκκοπὲν
2556 2465 2772 2535 δένδρον
2801 2466 2880 2526 είς
2903 2462 3172 2535 ράδαμνον
3203 2459 3546 2522 ἀναθάλλων,
3580 2462 3610 2512 6
3636 2459 3736 2527 τὴν

2166 2558 2373 2631 ’Δαρὼν
2405 2557 2598 2631 ῥάϐδον
2629 2555 2937 2629 ξηράνασαν
2967 2553 3079 2626 (48)
3101 2552 3342 2623 ὲκφύσας
3366 2552 3450 2613 εἰς
3480 2550 3733 2621 βλαστόν·

2152 2651 2314 2716 αὐτὸς
2342 2652 2437 2705 καὶ
2464 2651 2612 2721 ἡμᾶς
2639 2651 2821 2721 ἐγερεῖ
2846 2650 2903 2701 ὲν
2931 2645 3080 2719 δόξῃ.
3152 2646 3209 2700 Ὀ
3238 2644 3328 2698 τὸν
3359 2644 3734 2714 παραλυτικὸν

2154 2744 2292 2799 σῶον
2328 2744 2636 2814 ἀνεγείρας,
2677 2743 2773 2796 καὶ
2814 2742 2907 2794 τὸν
2961 2739 3347 2812 ἐξηραμμένην
3396 2737 3598 2807 ἔχοντα
3638 2739 3736 2807 τὴν

2153 2838 2311 2909 χεῖρα
2342 2835 2656 2907 ἰασάμενος,
2688 2835 2781 2887 καὶ
2807 2833 2868 2886 τὸ
2892 2833 3078 2886 λεῖπον
3110 2831 3272 2902 μέρος
3299 2831 3358 2883 ἐν
3383 2829 3466 2899 τῷ
3494 2831 3564 2883 ὲκ
3591 2846 3737 2898 γενε-

2151 2930 2250 2999 τῆς
2278 2928 2437 3001 πηρῷ
2466 2929 2529 2981 ὲκ
2573 2928 2677 2998 γῆς
2718 2926 2812 2979 καὶ
2842 2925 3016 2979 σιέλου
3061 2922 3311 2985 ἀποδούς·
3357 2924 3385 2975 6
3435 2922 3605 2985 αὐτὸς
3645 2922 3736 2974 καὶ

2153 3022 2301 3092 ἡμᾶς
2319 3021 2584 3090 ἀνεγερεῖ.
2640 3019 2698 3072 '0
2726 3020 2791 3071 ὲκ
2818 3018 2977 3071 πέντε
3005 3018 3184 3089 ἀρτων
3236 3015 3332 3068 καὶ
3380 3014 3478 3066 δύο
3535 3014 3736 3083 ἰχθύων

474 3110 619 3164 idem
647 3117 698 3163 et
758 3116 936 3162 morte
986 3107 1233 3163 sublatos
1276 3107 1401 3160 vitae
1434 3106 1645 3161 reddet.
1696 3104 1821 3159 Haec
1850 3105 2051 3175 quippe

2156 3112 2625 3184 πεντακισχιλίους
2670 3111 2921 3182 κορέσας,
2953 3110 3046 3165 καὶ
3105 3108 3472 3180 περισσεύει-ας
3523 3106 3736 3159 δώδεκα

469 3201 657 3255 omnia
684 3200 752 3256 de
798 3216 865 3255 eo
892 3207 1257 3265 attestamur;
1290 3198 1396 3252 alia
1443 3212 1575 3251 vero
1604 3197 1900 3268 prophetae.
1934 3197 2044 3253 Nos

470 3294 564 3363 qui
597 3308 720 3346 cum
742 3308 807 3347 eo
839 3291 1177 3346 comedimus
1206 3305 1271 3343 ac
1296 3290 1570 3355 bibimus;
1596 3299 1651 3345 et
1681 3289 2049 3360 spectavimus

471 3385 738 3439 miracula
766 3383 909 3452 ejus,
960 3383 1151 3446 vitam,
1203 3382 1701 3444 conversationem,
1736 3396 2043 3443 sermones,

471 3477 777 3546 passiones,
822 3482 1075 3538 mortem,
1109 3482 1273 3543 atque
1303 3489 1369 3527 ex
1403 3474 1637 3528 mortuis
1665 3474 2043 3529 resurrectio-

472 3586 596 3623 nem
623 3587 638 3635 ;
667 3576 720 3622 et
752 3583 875 3621 cum
922 3582 987 3622 eo
1028 3582 1125 3636 per
1170 3565 1534 3635 quadraginta
1593 3565 1712 3619 dies
1760 3573 2049 3634 postquam

473 3661 637 3715 rediit
689 3660 756 3713 ad
808 3660 971 3712 vitam
997 3658 1063 3722 ⁶¹,
1098 3659 1297 3712 versati
1346 3673 1575 3722 sumus;
1624 3665 1677 3711 et
1727 3656 2047 3710 mandatum

473 3753 787 3823 accepimus
838 3752 908 3805 ab
936 3766 1022 3816 eo,
1062 3750 1396 3821 praedicandi
1448 3749 1799 3820 Evangelium
1832 3753 1886 3802 in
1919 3748 2045 3802 uni-

474 3860 633 3899 verso
652 3844 879 3905 mundo,
911 3843 1143 3898 docendi
1175 3858 1367 3897 omnes
1388 3850 1601 3912 gentes,
1637 3858 1701 3897 ac
1734 3840 2047 3911 baptizandi

473 3938 531 3992 in
569 3946 797 3991 mortem
837 3937 959 4006 ejus
990 3936 1057 3999 ",
1090 3936 1144 3989 in
1199 3936 1524 3991 auctoritate
1554 3933 1650 3988 Dei
1682 3941 2004 3987 cunctorum
2032 3951 2047 3997 ;

471 4032 567 4100 qui
598 4038 683 4086 est
710 4028 873 4082 Pater
902 4030 1044 4099 ejus,
1089 4043 1189 4083 nec
1219 4044 1330 4083 non
1359 4028 1415 4081 in
1444 4026 1759 4082 testimonio
1787 4024 2046 4095 bpiritus,

471 4124 566 4193 qui
596 4129 680 4177 est
720 4122 1038 4177 Paracletus
1075 4140 1088 4176 :
1116 4137 1239 4185 nos,
1275 4121 1521 4189 inquam,
1541 4120 1655 4173 haec
1677 4119 1860 4173 omnia
1884 4118 2049 4173 doce-

470 4232 596 4271 mus
624 4231 722 4271 vos
749 4232 763 4280 ;
788 4230 909 4285 qum
942 4229 1065 4268 cum
1113 4213 1381 4269 edixisset
1425 4212 1609 4274 nobis,
1646 4212 1701 4264 in
1749 4220 2047 4281 conspectu

470 4315 663 4363 nostro
683 4314 996 4376 assumptus
1017 4315 1101 4362 est
1120 4307 1174 4359 in
1192 4303 1478 4369 coalum",
1511 4304 1577 4357 ad
1615 4320 1737 4359 cum
1756 4304 1847 4373 qui
1868 4305 2046 4374 ipsum

468 4402 717 4456 miserat.
754 4402 930 4470 Atque
962 4400 1010 4454 si
1038 4399 1402 4459 credideritis,
1434 4399 1578 4452 beati
1611 4397 1766 4451 eritis
1794 4415 1809 4462 ;
1844 4398 1889 4450 si
1913 4411 2047 4450 con-

2153 3205 2422 3275 κοφίνους,
2452 3206 2546 3258 καὶ
2590 3202 2650 3268 ἐξ
2685 3202 2876 3266 ὓδατος
2901 3198 3042 3255 οἶνον
3081 3202 3472 3273 μεταποιήσας,
3516 3201 3621 3255 καὶ
3675 3203 3737 3253 ἐκ

2155 3299 2421 3368 πόματος
2452 3296 2631 3367 ἰχθύος
2659 3296 2901 3366 στατῆρα
2926 3294 2992 3347 δι’
3022 3294 3157 3365 ἐμοῦ
3186 3293 3393 3365 Πέτρου
3433 3296 3553 3356 τοῖς
3581 3294 3738 3348 ἀπαι-

2154 3388 2305 3441 τοῦσι
2327 3389 2523 3458 κῆνσον
2549 3388 2888 3450 ἀποστείλας·
2909 3380 3063 3450 οὗτος
3090 3387 3183 3440 καὶ
3209 3388 3336 3450 τοὺς
3363 3389 3603 3458 νεκροὺς
3618 3388 3737 3441 ἀνε-

2150 3483 2318 3552 γερεῖ.
2352 3480 2535 3535 Ταῦτα
2560 3480 2668 3552 γάρ
2712 3479 2927 3533 ἅπαντα
2954 3480 3111 3549 ἡμεῖς
3140 3479 3267 3549 περί
3319 3478 3490 3532 αὐτοῦ
3524 3496 3736 3551 μαρτυ-

2155 3574 2374 3644 ροῦμεν·
2403 3572 2473 3627 τά
2495 3573 2538 3626 δ’
2562 3572 2696 3627 ἄλλα
2721 3573 2771 3626 οἱ
2798 3570 3093 3644 προφῆται.
3121 3572 3309 3642 Ἡμεῖς
3335 3572 3385 3623 οῖ
3418 3573 3736 3642 συμφαγόν-

2149 3681 2241 3727 τες
2265 3664 2415 3736 αύτῷ
2442 3666 2535 3717 καὶ
2564 3665 2910 3735 συμπιόντες·
2970 3666 3064 3717 καὶ
3093 3663 3282 3717 θεαταὶ
3307 3662 3600 3733 γενόμενοι
3630 3665 3736 3716 τῶν

2150 3756 2315 3810 αὐτοῦ
2342 3757 2661 3828 τεραστίων,
2708 3759 2800 3812 καὶ
2825 3759 2924 3829 τῆς
2974 3757 3138 3828 ζωῆς,
3191 3756 3283 3808 καί
3310 3756 3408 3827 τῆς
3430 3755 3736 3818 πολιτείας,

2150 3851 2245 3901 καὶ
2270 3849 2378 3902 τῶν
2406 3849 2597 3917 λόγων,
2629 3850 2721 3903 καὶ
2761 3849 2870 3902 τῶν
2900 3848 3257 3919 παθημάτων,
3287 3849 3383 3901 καὶ
3413 3848 3513 3901 τοῦ
3564 3850 3735 3903 θανά-

2148 3956 2267 4006 του,
2298 3940 2390 3992 καὶ
2412 3939 2511 4011 τῆς
2537 3942 2603 3993 ὲκ
2631 3938 2839 4011 νεκρῶν
2860 3938 3024 3992 αὐτοῦ
3052 3939 3422 4002 ἀναστάσεως,
3454 3939 3556 3993 καὶ
3577 3957 3734 3993 συνα-

2152 4030 2556 4103 ναστραφέντες
2582 4029 2731 4102 αὐτῷ
2759 4030 2973 4102 ἡμέρας
3000 4029 3408 4100 τεσσαράκοντα
3458 4030 3604 4101 μετά
3629 4033 3732 4102 τὴν

2150 4124 2366 4197 ἔγερσιν
2392 4122 2578 4177 αὐτοῦ·
2636 4124 2729 4176 καὶ
2783 4122 3038 4185 λαϐόντες
3090 4121 3311 4193 ἐντολὴν
3366 4125 3502 4194 παρ’
3560 4122 3733 4177 αὑτοῦ

2150 4212 2383 4286 κηρύξαι
2409 4214 2470 4267 τὸ
2496 4214 2823 4283 Εύαγγέλιον
2853 4216 2933 4277 εἰς
2960 4213 3079 4266 ὅλον
3107 4214 3198 4267 τὸν
3235 4214 3461 4284 κόσμον,
3494 4217 3591 4268 καὶ
3623 4234 3732 4285 μα·-

2148 4306 2406 4379 θητεῦσαι
2436 4307 2612 4360 πάντα
2638 4305 2705 4359 τά
2732 4306 2879 4376 ἔθνη,
2911 4306 3006 4359 καὶ
3044 4305 3299 4376 βαπτίσαι
3327 4308 3406 4369 είς
3435 4306 3527 4359 τὸν
3558 4306 3729 4361 αὐτοῦ

2152 4398 2401 4465 θάνατον,
2429 4399 2522 4451 ἐπὶ
2548 4398 2799 4469 αύθεντίᾳ
2826 4397 2920 4450 τοῦ
2948 4397 3084 4450 Θεοῦ
3112 4396 3219 4450 τῶν
3264 4398 3423 4464 ὅλων,
3470 4399 3529 4461 ὃς
3578 4400 3728 4451 ἐστιν

471 4502 557 4545 tra
603 4509 713 4547 non
758 4492 1123 4555 credideritis,
1168 4506 1269 4546 nos
1321 4491 1641 4545 innocentes
1690 4497 1744 4543 et
1786 4488 1975 4541 mundi
2013 4503 2043 4541 a

2156 4488 2318 4543 αὐτοῦ
2371 4490 2579 4561 Πατὴρ,
2609 4490 2702 4543 κα)⁸
2734 4489 3006 4561 μαρτυρία
3026 4489 3360 4560 Πνεύματος,
3389 4490 3451 4553 ὃς
3478 4491 3597 4543 ἐστι
3616 4489 3731 4543 Πας

468 4592 653 4639 vestra
683 4584 1063 4639 incredulitate
1107 4584 1460 4654 reperiemur.

2156 4581 2435 4653 ράκλητος·
2467 4581 2792 4651 διδάσκομεν
2821 4582 2965 4650 ὑμᾶς
2992 4580 3165 4635 ταῦτα
3184 4582 3377 4649 πάντα,
3407 4582 3446 4637 ἃ.
3471 4584 3725 4651 διαταξάο

472 4694 632 4746 μενος
658 4678 786 4748 ἡμῖν
813 4675 1083 4747 ἀνελήφθη
1112 4674 1196 4727 ἐπ’
1229 4674 1351 4744 ὕψει
1378 4675 1534 4745 ήμῶν
1573 4678 1651 4740 είς
1688 4677 1779 4729 τὸν
1806 4675 2032 4745 οὐρανὸν
2097 4673 2235 4745 πρὸς
2263 4675 2353 4728 τὸν
2396 4673 2790 4741 ἀποστείλαντα
2833 4674 3014 4727 αὐτόν.
3071 4675 3181 4727 Καὶ
3238 4674 3334 4728 ἐὰν
3374 4678 3472 4747 μὲν
3501 4681 3720 4734 πιστεύ-

471 4782 621 4836 σητε,
655 4766 908 4836 μακάριοι
937 4762 1251 4835 γενήσεσθε·
1288 4766 1337 4817 εἰ
1382 4765 1439 4817 δὲ
1469 4767 1544 4836 μὴ
1596 4764 2135 4837 πιστεύσητε,ἀθῶοι
2196 4767 2356 4836 ἡμεῖς
2414 4764 2826 4837 εὑρεθησόμεθα
2885 4767 2979 4819 καὶ
3040 4767 3272 4839 καθαροὶ
3307 4769 3408 4840 τῆς
3450 4769 3729 4843 ὑμετέρας

466 4854 803 4917 δυσπιστίας.

534 4988 579 5019 ’·¹
621 4988 754 5043 Dan.
785 5006 885 5048 xu.
910 4993 964 5046 3.
1039 4993 1083 5024 “
1112 4992 1258 5047 Psal.
1290 5006 1469 5048 cxuv.
1498 4992 1583 5045 15.
1661 4991 2038 5055 “Num.xvn,

2199 4990 2242 5021 "
2272 4987 2465 5044 Matth.
2498 5005 2574 5049 ut.
2629 4992 2679 5047 5.
2780 4988 2825 5018 ⁵⁸
2855 4987 3024 5042 Marc.
3058 5005 3141 5052 ιιι,
3173 4990 3229 5044 5.
3299 4989 3343 5020 ιτ
3370 4988 3534 5046 Joan.
3562 5006 3643 5052 ιτ,
3675 4987 3725 5045 7.

469 5060 515 5090 ⁵⁸
548 5056 739 5114 Matth.
778 5077 890 5125 XIV,
928 5067 1016 5121 20.
1095 5065 1140 5095 ’δ’
1163 5062 1321 5118 Joan.
1359 5078 1418 5125 ιι,
1451 5062 1504 5116 '5.
1579 5062 1624 5092 ⁵ο
1655 5061 1844 5115 Matth.
1886 5078 2019 5126 xvu,
2051 5062 2063 5115 ε

2221 5061 2260 5092 ⁸¹
2298 5060 2419 5114 Act.
2478 5076 2517 5117 ι.
2550 5062 2605 5115 3.
2682 5059 2726 5090 "
2750 5056 2943 5114 Matth.
2968 5075 3161 5127 xxvul,
3197 5060 3282 5115 l8.
3362 5061 3410 5093 ⁸⁸
3432 5060 3557 5116 Act.
3594 5077 3634 5127 ι,
3670 5061 3725 5116 9.

1790 5194 2151 5251 VARIORUM
2185 5193 2418 5252 ΝΟΤᾹΞ.

537 5308 650 5433 $45)
684 5310 753 5364 Τὸ
781 5312 1251 5394 ρκατέῃαστογ.
1307 5311 1609 5382 Prmﬁgitur
1644 5310 1698 5364 iu
1730 5310 1899 5365 altero
1946 5311 2038 5363 καὶ

576 5398 644 5433 ις.
675 5389 735 5433 ut
781 5400 836 5433 m
866 5399 1140 5433 versione.
1172 5397 1273 5433 nec
1308 5384 1467 5433 male.
1504 5382 1675 5433 Cum.

466 5377 644 5444 αὖθις,
675 5389 735 5434 ut
781 5384 836 5437 in
866 5377 1140 5447 versione,
1172 5397 1273 5436 nec
1308 5377 1675 5437 malefCuan.

537 5450 648 5522 (44)
682 5453 791 5506 Καὶ
816 5454 896 5508 σὺ
927 5458 959 5507 ό
990 5451 1268 5520 πλάστης
1295 5452 1480 5520 ἡμῶν.
1525 5451 1646 5505 Non
1694 5451 1950 5506 abhorret
2007 5465 2036 5504 a

464 5537 616 5582 vero,
649 5532 773 5577 βεδε
798 5525 962 5578 etiam
990 5522 1095 5575 τῶν
1123 5524 1199 5581 0'.
1233 5523 1359 5576 licet
1386 5522 1526 5591 apud
1569 5537 1665 5575 eos
1705 5523 2033 5591 jampridem

467 5606 575 5661 l_lOll
600 5602 972 5661 compareant.
1030 5601 1083 5647 et
1110 5596 1212 5646 sub
1235 5593 1500 5646 asterisco
1524 5593 1681 5660 quasi
1728 5592 1937 5660 Aquila:
1982 5600 2036 5645 et

467 5659 879 5734 Theodotionis,
911 5670 1185 5734 ponantur
1210 5664 1265 5716 in
1295 5659 1805 5732 editione’Proc0pii
1828 5679 1893 5715 ex
1928 5678 2031 5734 ms.

466 5727 663 5782 limati
696 5727 974 5787 Marchali.
1030 5734 1106 5785 Ae
1127 5735 1270 5786 forte
1299 5727 1807 5788 coulincbauturiu
1841 5733 2031 5787 codice

467 5814 575 5866 quo
604 5816 735 5857 usus
769 5801 870 5855 fuit
902 5802 1282 5858 Theodorilus.
1308 5802 1445 5858 Cor.

2216 5308 2327 5380 (45)
2372 5305 2738 5380 Στεφθῆναιχ
2784 5306 2935 5380 Alter
2981 5307 3105 5362 cod.
3139 5306 3301 5363 Vind.
3331 5377 3346 5380 Α
3372 5306 3720 5377 στεφανωθῆ-

2145 5376 2253 5441 var,
2286 5376 2476 5434 eadem
2507 5376 2801 5442 sententia,
2835 5379 2929 5433 sed
2958 5394 3091 5433 voce
3120 5380 3306 5502 panici:
3325 5376 3719 5447 frequentiore.
3794 5387 3801 5391 '

3311 5463 3434 5502 ιειι.

3311 5463 3412 5501 ιειι
3420 5489 3434 5503 .

2217 5517 2326 5589 (46)
2375 5517 2486 5572 Καὶ
2514 5518 2684 5584 ὅσιος
2739 5534 2914 5589 usque
2943 5518 3248 5589 adpetat}.
3298 5519 3508 5575 Desunt
3527 5516 3584 5572 in
3622 5533 3717 5573 an-

2145 5586 2378 5659 tiquiore
2417 5590 2511 5643 sed
2537 5589 2808 5659 deteriore
2824 5586 2961 5645 'eod.
3014 5586 3092 5644 In.

2216 5661 2324 5729 (i7)
2370 5662 2500 5713 Kal.
2556 5658 2697 5729 Lege
2727 5677 2791 5714 ex
2844 5662 3016 5714 altero
3046 5661 3169 5715 eod.
3199 5661 3309 5713 Kal.
3350 5660 3398 5714 6.
3431 5657 3513 5713 In.

2212 5732 2323 5800 (48)
2367 5728 2744 5797 flanimeum
2792 5732 2942 5785 Alter
2975 5729 3337 5801 ξηραίνουσαν
3379 5731 3714 5851 ἐκφπῖσήσας.

3524 5817 3553 5851 ο

3524 5817 3553 5854 ο
3570 5852 3573 5853 ,
