3876 6188
168 351 282 407 853

736 466 1129 520 ΚΕΦΔΛᾹῙΟΝ
1156 467 1237 519 Η’.

170 557 321 627 Περὶ
361 556 638 613 Ἰακώϐου
664 559 772 614 τοῦ
800 558 1067 627 ἀδελφοῦ
1095 558 1202 613 τοῦ
1230 558 1473 625 Κυρίου,
1503 559 1601 614 καί
1627 561 1759 615 Στε-

530 627 728 697 φάνου
755 629 862 682 τοῦ
892 627 1405 697 πρωτομάρτυρος.

245 719 454 792 Περὶδὲ
482 720 595 773 τῶν
627 719 918 792 μαρτύρων
945 720 1174 790 λέγομεν
1210 720 1357 783 ὅπως
1376 722 1432 773 ὲν
1445 720 1594 794 πάσῃ
1621 724 1753 792 τιμῇ

166 806 277 864 ὦσι
313 814 442 884 παρ’
465 813 613 883 ὑμῖν,
638 812 714 874 ὡς
744 812 839 865 καὶ
868 814 995 883 παρ’
1022 813 1151 882 ἡμῖν
1181 811 1496 883 τετίμηνται
1520 814 1549 866 ὀ
1580 813 1755 882 μακά-

173 921 293 975 ριος
311 903 563 967 Ἰάκωϐος
575 904 604 955 6
622 903 939 971 ἐπίσκοπος,
962 905 1056 957 καὶ
1075 906 1103 956 6
1122 903 1277 973 ἅγιος
1298 903 1455 976 ἡμῶν
1471 903 1752 958 συνδιάκο-

165 1014 263 1060 νος
290 996 581 1066 Στέφανος.
616 990 777 1049 Οὗτοι
804 996 913 1067 γάρ
940 997 1046 1050 είσι
1075 996 1170 1049 καὶ
1207 986 1311 1049 ύπὺ
1337 996 1471 1050 Θεοῦ
1504 1011 1753 1067 μεμακα-

169 1088 446 1158 ρισμένοι,
476 1088 571 1142 καὶ
598 1088 703 1142 ὑπὸ
746 1088 907 1142 ὁσίων
944 1088 1152 1159 ἀνδρῶν
1181 1089 1553 1160 τετιμημένοι,
1585 1090 1751 1143 καθα-

164 1180 257 1250 ροὶ
306 1179 486 1251 πάσης
525 1178 900 1253 πλημμελίας,
946 1181 1204 1251 ἄτρεπτοι
1244 1180 1353 1254 (49)
1397 1180 1532 1251 πρὸς
1572 1182 1750 1253 ἁμαρι

158 1270 315 1334 τίαν,
380 1269 762 1340 ἀμετάπειστοι
790 1271 899 1325 τῶν
954 1270 1155 1338 καλῶν,
1211 1271 1571 1326 ἀνενδοίαστοι
1612 1272 1749 1344 πρὸς

150 1360 444 1431 ἐγκώμια·
488 1364 616 1434 περὶ
664 1356 738 1415 ὧν
765 1363 858 1416 καὶ
884 1365 912 1417 6
936 1363 1099 1417 Aa6l6
1134 1363 1302 1433 ἔλεγε·
1340 1383 1359 1416 ι
1378 1365 1568 1437 Τίμιος
1596 1366 1748 1419 ἐναν-

154 1454 277 1506 τίον
309 1453 514 1525 Κυρίου
533 1456 562 1507 ὀ
591 1454 815 1518 θάνατος
841 1454 951 1509 τῶν
979 1456 1137 1510 ὁσίων
1162 1455 1350 1510 αὐτοῦ’
1374 1476 1393 1509 ι
1410 1458 1504 1512 καὶ
1531 1460 1559 1511 6
1587 1458 1745 1512 Σολο-

158 1543 305 1615 μῶν·
343 1563 361 1595 ι
398 1546 602 1617 Μνήμη
656 1546 865 1600 δικαίου
924 1551 1039 1618 μετ’
1098 1548 1437 1619 ὲγκωμίου’›
1484 1550 1615 1622 περὶ
1669 1544 1745 1605 ὧν

153 1636 257 1689 καὶ
286 1637 318 1689 6
348 1638 633 1709 προφήτης
660 1637 864 1707 ἔλεγεν·
899 1657 917 1689 ι
959 1639 1183 1710 Ἄνδρες
1210 1639 1404 1694 δίκαιοι
1433 1642 1695 1713 αἴρονται.
1718 1661 1738 1694 ι

714 1731 1107 1783 ΚΕΦΑΛΔΙΟΝ
1137 1731 1214 1787 Θ’.

598 1820 737 1888 Περὶ
763 1820 1286 1892 ψευδομαρτύρων.

227 1909 427 1965 Ταῦτα
453 1911 511 1965 δὲ
542 1914 668 1983 περὶ
708 1913 818 1968 τῶν
866 1913 1007 1968 κατὰ
1049 1914 1302 1986 ἀλήθειαν
1326 1917 1466 1989 ὑπὲρ
1503 1919 1740 1991 Χριστοῦ

149 2002 629 2078 μαρτυρησάντων
658 2005 886 2075 εἴρηται,
910 2005 1023 2059 ἀλλ’
1044 2006 1106 2059 ού
1135 2008 1264 2078 περὶ
1292 2008 1402 2062 τῶν
1442 2009 1742 2083 ψευδομαρ-

144 2094 360 2165 τύρων,
397 2095 526 2167 περὶ
567 2092 644 2150 ὧν
690 2096 751 2149 τὸ
778 2096 958 2165 λόγιόν
987 2114 1171 2168 φησιν·
1207 2116 1227 2150 ι
1268 2100 1479 2170 Ὀνομα
1516 2101 1574 2153 δὲ
1610 2101 1739 2155 ἀσε-

148 2186 270 2238 ϐῶν
305 2185 608 2240 σϐέννυται.
641 2186 868 2258 Μάρτυς
888 2187 998 2259 (50)
1020 2189 1130 2260 γὰρ
1156 2189 1349 2254 πιστὸς
1375 2192 1436 2244 οὐ
1463 2191 1735 2261 ψεύδεται·

148 2278 379 2331 ἐκκαίει
405 2278 461 2331 δὲ
493 2278 661 2348 ψευδῆ
695 2279 906 2349 μάρτυς
932 2279 1135 2343 ἄδικος.
1171 2299 1191 2332 ι
1239 2281 1296 2334 'U
1325 2280 1433 2354 γὰρ
1460 2284 1517 2335 ὲν
1540 2301 1739 2355 μαρτυ-

148 2371 260 2443 ρίῳ
288 2370 520 2435 ἐξελθὼν
552 2370 798 2441 ἀψευδῶς
827 2371 968 2442 ὑπὲρ
995 2372 1095 2443 τῆς
1120 2373 1397 2445 ἀληθείας,
1429 2366 1584 2439 οὗτος
1609 2376 1740 2449 ἀλη-

142 2462 305 2525 θινὸς
361 2461 594 2533 μάρτυς,
641 2460 954 2527 ἀξιόπιστος
1013 2464 1071 2516 ὲν
1099 2460 1179 2529 οἷς
1223 2466 1626 2536 συνηγωνίσατο
1659 2468 1737 2540 τῷ

142 2553 301 2623 λόγῳ
326 2552 429 2623 τῆς
457 2552 739 2617 εὐσεϐείας
766 2552 856 2607 διὰ
884 2552 979 2607 τοῦ
1007 2555 1209 2610 οἰκείου
1237 2557 1490 2629 αἵματος.

696 2734 1094 2788 ΚΕΦΑΛΑΙΟΝ
1122 2735 1179 2787 ῐ⁹.

156 2821 380 2899 Ἥᾷικῂ
412 2825 769 2899 παραίνεσις
808 2825 943 2899 (51),
973 2825 1063 2899 ὅτι
1091 2824 1187 2880 δεῖ
1224 2828 1468 2899 φεύγειν
1488 2845 1733 2899 ματαιο-

216 2894 455 2968 λογίας,
487 2894 935 2968 αἰσχρολογίας,
964 2894 1377 2964 εὐτραπελίαςῇ
1390 2894 1603 2968 μέθην,
1626 2904 1736 2956 λα-

214 2964 451 3031 γνείαν,
483 2966 728 3034 θρύψιν.

218 3054 606 3125 Παραινοῦμεν
636 3057 695 3109 δὲ
727 3057 875 3128 ύμῖν,
914 3058 1131 3128 ἀδελφοὶ¹
1160 3058 1255 3114 καὶ
1282 3058 1572 3128 σύνδουλοι,
1600 3062 1732 3130 φεύ-

1098 347 1695 405 CONSTITUTIONES
1727 346 2411 405 APOSTOLICE.—LIB.
2452 348 2495 402 ν

3328 354 3432 410 854

2452 462 2681 520 CAPUT
2717 462 2850 521 Vill.

1858 556 1934 611 De
1979 556 2203 620 Iacobo,
2258 555 2425 626 fratre
2484 557 2718 640 Domini,
2778 568 2829 614 et
2869 557 3152 629 Stephano,
3190 574 3426 635 martyre

2539 642 2729 695 primo.

1925 716 2001 772 De
2060 717 2397 788 martyribus
2442 734 2572 773 vero
2631 719 2980 789 praecipimus
3029 722 3219 789 vobis,
3263 735 3322 780 ut
3370 729 3429 785 in

1854 810 2004 864 omni
2034 810 2242 866 honore
2272 811 2384 865 sint
2413 811 2557 880 apud
2587 827 2720 880 vos;
2758 813 2904 868 sicut
2930 811 3173 873 Iacobus
3210 820 3427 888 episco-

1855 917 1979 971 pus,
2021 908 2076 957 et
2118 910 2347 958 sanctus
2407 900 2720 973 Stephanus
2780 906 3153 963 condiaconus
3209 919 3422 976 noster,

1853 993 1997 1063 apud
2031 1009 2133 1048 nos
2169 995 2422 1049 honorati
2453 994 2696 1052 fuerunt.
2731 996 2773 1051 Ii
2821 999 2965 1053 enim
3003 1008 3131 1055 sunt
3153 1009 3207 1057 et
3247 1017 3278 1056 a
3312 1003 3425 1061 Deo

1851 1085 2190 1142 beatitudine
2218 1087 2429 1152 donati,
2450 1095 2505 1143 et
2522 1102 2551 1140 a
2580 1090 2788 1146 sanctis
2814 1091 2948 1148 viris
2978 1091 3185 1151 honore
3206 1096 3419 1166 allecti;

1850 1180 1972 1248 puri
2004 1178 2071 1233 ab
2089 1179 2238 1233 omni
2262 1179 2483 1243 delicto,
2521 1178 2846 1239 inflexibiles
2879 1184 2944 1238 ad
2978 1195 3287 1255 peccatum,
3316 1189 3421 1243 im-

1853 1270 2147 1326 mutabiles
2193 1286 2225 1325 a
2274 1272 2499 1336 virtute,
2547 1274 2925 1331 indubitanter
2957 1277 3289 1349 laudabiles;
3349 1284 3419 1337 de

1850 1360 2052 1429 quibus
2085 1360 2256 1427 David
2295 1362 2472 1418 dixit:
2502 1364 2749 1421 Pretiosa
2779 1369 2834 1421 in
2882 1380 3159 1440 conspectu
3203 1373 3416 1428 Domini

1848 1470 1990 1507 mors
2053 1462 2357 1507 sanctorum
2418 1456 2531 1526 ejus
2563 1457 2650 1525 “;
2715 1466 2769 1514 et
2816 1458 3075 1516 Salomon
3113 1462 3418 1519 :Memoria

1838 1545 1977 1613 justi
2018 1562 2142 1600 cum
2190 1545 2347 1601 laude
2371 1549 2417 1579 ⁸⁸
2454 1567 2467 1602 :
2503 1548 2571 1604 de
2621 1550 2823 1620 quibus
2872 1562 2927 1609 et
2973 1555 3236 1625 propheta
3284 1558 3362 1613 ait
3391 1576 3412 1629 γε

1855 1636 1967 1690 Viri
1986 1637 2127 1708 justi
2158 1639 2417 1695 tolluntur
2444 1641 2512 1696 ⁸⁸.

2445 1732 2675 1788 CAPUT
2712 1734 2803 1790 IX.

2303 1823 2380 1879 De
2406 1824 2562 1894 falsis
2591 1828 2936 1897 martyribus.

1914 1911 2090 1983 Atque
2118 1914 2232 1970 haec
2264 1916 2409 1970 dicta
2443 1925 2573 1971 sunt
2592 1919 2660 1973 de
2689 1920 2777 1983 iis,
2801 1922 2893 1991 qui
2918 1937 3042 1978 vere
3068 1938 3164 1991 pro
3192 1924 3411 1993 Christo

1842 2007 2163 2077 martyrium
2204 2008 2491 2064 subierunt
2522 2028 2536 2064 :
2568 2027 2675 2065 non
2709 2020 2890 2068 autem
2922 2013 2989 2070 de
3027 2015 3181 2073 falsis
3208 2027 3411 2089 martyo

1842 2096 2126 2163 ribus;de
2168 2100 2373 2170 quibus
2416 2102 2664 2157 divinum
2704 2106 2992 2160 oraculum
3041 2111 3407 2178 pronuntiat:

1843 2186 2049 2244 Nomen
2081 2200 2255 2247 autem
2272 2194 2555 2263 impiorum
2582 2199 3023 2268 exstinguitur“.
3042 2200 3209 2256 Testis
3238 2204 3408 2266 enim,

1841 2297 1939 2338 seu
1986 2291 2198 2356 martyr
2247 2284 2423 2354 ﬁdelis
2478 2303 2581 2343 non
2628 2286 2919 2356 mentitur;
2959 2294 3197 2347 accendit
3232 2306 3411 2371 autem

1839 2373 2113 2429 mendacia
2141 2378 2286 2432 testis
2309 2379 2521 2449 iniquus
2557 2381 2624 2435 ⁵⁸.
2651 2379 2786 2435 Nam
2816 2383 2911 2453 qui
2936 2384 2991 2437 in
3013 2387 3274 2458 martyrio
3299 2404 3408 2441 non

1840 2464 2104 2522 fallaciter
2143 2483 2242 2538 pro
2276 2471 2508 2526 veritate
2537 2472 2796 2538 decessit,
2832 2473 2925 2530 hic
2946 2485 3032 2531 est
3072 2493 3235 2534 verus
3264 2493 3408 2531 mare

1837 2564 1926 2627 tyr
1952 2572 2016 2613 ac
2042 2559 2220 2625 testis,
2273 2560 2377 2617 ﬁde
2407 2562 2605 2633 dignus
2653 2565 2711 2619 in
2765 2566 2968 2636 quibus
2998 2584 3095 2637 per
3128 2572 3406 2641 proprium

1837 2649 2181 2719 sanguinem,
2206 2652 2434 2708 verbum
2457 2654 2678 2724 pietatis
2700 2696 2713 2718 ,
2741 2659 3007 2714 certando
3033 2661 3261 2732 adjuvit.

2453 2744 2682 2802 CAPUT
2707 2746 2776 2805 Χ.

1835 2831 2062 2886 Moralis
2090 2836 2382 2912 admonitio
2398 2852 2428 2912 ;Δ
2445 2838 2585 2912 quod
2627 2850 2864 2908 oporteat
2887 2842 3066 2912 fugere
3100 2862 3262 2901 vanos
3291 2865 3406 2904 ssr-

1909 2920 2107 2982 mones.
2145 2908 2464 2982 turpiloquia
2484 2948 2499 2974 ,
2532 2909 2861 2978 dicacitates,
2887 2908 3218 2982 ebrietatem,
3245 2918 3405 2973 lasci-

1893 2974 2052 3038 viam,
2085 2984 2136 3029 et
2164 2975 2403 3031 delicias.

1904 3064 2189 3123 lionemus
2219 3077 2399 3124 autem
2424 3085 2545 3135 vos,
2580 3070 2777 3129 fratres
2821 3083 2876 3129 et
2908 3080 3198 3142 conversi,
3226 3087 3287 3135 ut
3320 3082 3403 3137 fu-

134 3161 267 3214 ¹γειν
300 3147 403 3210 τὰς
452 3150 862 3218 ματαιολογίας,
900 3151 996 3204 καὶ
1040 3151 1143 3215 τὰς
1185 3153 1564 3224 αἰσχρολογίας
1591 3153 1726 3227 (52),

1844 3158 1994 3227 giatis
2011 3174 2292 3216 sermones
2313 3177 2503 3224 vanos,
2530 3170 2740 3234 turpes,
2768 3180 2832 3221 ac
2856 3170 3145 3236 scurriles;
3166 3175 3401 3229 ebrieta~

136 3238 243 3289 καὶ
270 3237 371 3301 τὰς
397 3240 778 3310 εὐτραπελίας,
813 3242 1001 3313 μέθας,
1036 3242 1318 3312 λαγνείας,
1357 3244 1603 3316 θρύψεις,
1634 3245 1730 3300 καὶ

135 3330 242 3393 τὰς
274 3331 548 3401 ἀμέτρους
577 3333 767 3403 ὀργὰς,
800 3335 894 3388 σὺν
920 3338 1040 3398 ταῖς
1080 3318 1460 3408 μωρολογίαιςο
1496 3338 1580 3391 δτι
1608 3338 1731 3392 οὐδὲ

136 3425 200 3474 ἐν
229 3426 355 3485 ταῖς
370 3422 678 3495 Κυριακαῖς
706 3426 939 3499 ἡμέραις
988 3428 1097 3482 τῶν
1119 3428 1483 3501 εὐφροσυνῶν,
1512 3429 1731 3500 ἐπιτρέ-

133 3530 327 3583 πομεν
376 3518 501 3584 ὑμῖν
543 3517 776 3587 ἄσεμνον
810 3518 922 3589 τιῆ
971 3519 1327 3589 φθέγγεσθαι,
1370 3522 1403 3593 ἢ
1444 3523 1724 3594 πράττειν’

131 3606 297 3674 λέγει
325 3607 432 3677 γάρ
463 3624 563 3660 που
594 3608 627 3678 ή
674 3609 882 3682 Γραφή·
920 3628 939 3661 ‹
973 3610 1304 3666 Δουλεύσατε
1342 3612 1419 3684 τῷ
1448 3612 1639 3686 Κυρίῳ
1670 3615 1729 3668 ὲν

136 3697 321 3768 φόϐῳ,
379 3699 475 3752 καὶ
528 3698 856 3767 ἀγαλλιᾶσθε
908 3702 1056 3774 αὐτῷ
1096 3703 1157 3757 ὲν
1192 3704 1400 3775 τρόμῳ.
1440 3723 1459 3756 ι
1493 3705 1604 3759 Kal
1629 3706 1729 3770 τὰς

134 3788 495 3857 ἀγαλλιάσεις
546 3786 639 3844 οὖν
694 3792 871 3863 ὑμῶν,
908 3793 1044 3864 μετὰ
1080 3793 1246 3863 φόϐου
1284 3796 1379 3849 καὶ
1407 3796 1609 3867 τρόμου
1638 3797 1725 3865 γί-

134 3880 334 3933 νεσθαι
393 3882 520 3951 χρή.
569 3882 626 3934 ’0
658 3882 767 3954 γάρ
802 3902 885 3937 τοι
921 3886 1245 3958 Χριστιανὸς
1278 3890 1307 3940 6
1360 3888 1551 3952 πιστὸς
1602 3889 1724 3942 οὐδὲ

134 3972 291 4041 ᾠδὴν
339 3971 558 4042 ὲθνικὴν
603 3973 804 4043 ὀφείλει
848 3976 1045 4045 λέγειν,
1095 3977 1219 4031 οὔτε
1264 3974 1416 4050 ᾆσμα
1446 3980 1720 4051 πορνικόν·

135 4064 266 4115 ἐπεὶ
302 4064 640 4135 συμϐήσεται
672 4066 839 4138 αὐτῷ,
869 4068 956 4121 διὰ
989 4068 1092 4139 τῆς
1127 4069 1290 4141 ᾠδῆς,
1328 4070 1559 4125 εἰδώλων
1593 4089 1727 4144 μνη-

136 4155 395 4228 μονεύειν
449 4157 688 4227 ὀνὸματα
740 4159 1049 4230 δαιμονικὰ,
1104 4162 1200 4215 καὶ
1256 4162 1376 4216 ἀντὶ
1419 4164 1512 4218 τοῦ
1563 4165 1721 4234 ἁγίου

135 4248 485 4320 Πνεύματος,
516 4252 799 4323 είσφρήσει
828 4253 884 4306 ὲν
911 4252 1059 4325 αὐτῷ
1086 4253 1146 4308 τὸ
1175 4256 1425 4328 πονηρόν.

674 4366 1070 4419 ΚΕΦᾹΛΔΙΟΝ
1098 4368 1199 4421 ΙΑ¹.

134 4455 511 4523 Παραίνεσις
556 4456 949 4529 παιδεύουσαν
971 4460 1212 4528 φεύγειν
1253 4459 1363 4529 τῆς
1404 4461 1722 4518 εἰδωλολα-

674 4528 870 4595 τρείίις
898 4528 960 4581 τὸ
985 4530 1200 4597 μύσος.

230 4617 549 4690 Ἀπείρηται
590 4619 648 4673 δὲ
677 4620 771 4673 καὶ
814 4620 877 4673 τδ
921 4621 1141 4692 ὀμνύειν
1184 4622 1242 4674 ὲν
1277 4624 1478 4690 αὐτοῖς,
1522 4626 1615 4679 καὶ
1657 4628 1718 4681 τὸ

130 4707 227 4760 διὰ
254 4709 523 4779 στόματος
550 4711 729 4765 αὐτῶν
758 4712 1053 4785 προφέρειν
1096 4712 1167 4767 τὰ
1196 4713 1460 4783 βδελυκτὰ
1487 4716 1556 4769 τὰ
1599 4718 1715 4771 ὀνό-

138 4817 313 4871 ματα,
343 4800 376 4873 ἢ
425 4806 746 4872 προσκυνεῖν
801 4804 1002 4872 αὐτοῖς,
1032 4805 1065 4876 ἢ
1098 4805 1374 4875 φοϐεῖσθαι
1413 4809 1607 4873 αὐτοὺς
1641 4811 1715 4875 ὡς

136 4890 321 4953 θεούς.
359 4892 432 4945 Οὐ
461 4892 570 4963 γάρ
618 4895 723 4947 εἰσι
754 4894 886 4961 θεοὶ,
912 4895 1025 4948 ἀλλ’
1053 4897 1086 4967 ἢ
1120 4900 1344 4969 πονηροὶ
1380 4900 1649 4971 δαίμονες,
1680 4905 1711 4975 ἦ

139 4984 525 5055 μεμωκημένα
562 4985 720 5057 ἔργα.
764 4986 928 5056 Λέγει
960 4988 1068 5060 γάρ
1095 5006 1198 5042 που
1225 4992 1253 5044 6
1280 4990 1412 5055 Θεὸς
1452 4994 1580 5066 περὶ
1605 4995 1713 5049 τῶν

1834 3258 1937 3314 tes,
1989 3252 2273 3318 lascivias,
2351 3269 2536 3311 mores
2581 3258 2958 3326 effeminatos,
3013 3265 3401 3328 immoderatos

1832 3342 2088 3412 impetus,
2119 3359 2242 3398 cum
2275 3346 2668 3418 stultiloquiis:
2699 3354 2957 3421 quoniam
2991 3372 3169 3428 neque
3208 3360 3261 3415 in
3294 3361 3399 3417 Do-

1830 3434 2049 3490 minicis
2078 3434 2293 3501 diebus,
2314 3439 2409 3509 qui
2432 3440 2551 3495 dies
2577 3442 2781 3499 laetitia)
2809 3445 3069 3502 dicuntur
3088 3489 3103 3513 ,
3132 3454 3401 3519 permitti-

1828 3540 1955 3581 mus
1994 3526 2148 3584 vobis
2186 3528 2487 3600 quidquam
2524 3532 2801 3590 inhonesti
2841 3545 2936 3593 aut
2974 3538 3122 3610 loqui
3159 3551 3252 3597 aut
3315 3544 3398 3599 fa-

1828 3631 1994 3674 cere:
2022 3618 2098 3672 ait
2140 3620 2287 3675 enim
2329 3623 2532 3678 alicubi
2569 3624 2851 3698 Scriptura
2896 3648 2909 3685 :
2945 3630 3145 3688 Servite
3172 3634 3407 3696 Domino,

1829 3709 1884 3763 in
1916 3709 2494 3775 timore;etexsultate
2535 3718 2583 3770 ei
2604 3718 2661 3771 in
2687 3728 2910 3776 tremore
2940 3723 3007 3779 ".
3042 3722 3269 3794 Oportet
3308 3745 3397 3784 er-

1825 3815 1896 3871 go
1942 3804 2332 3860 exsultationes
2370 3815 2581 3864 vestras
2622 3825 2745 3865 cum
2804 3815 3002 3872 timore
3050 3833 3113 3873 ac
3162 3829 3405 3878 tremore

1826 3894 2032 3964 peragi.
2073 3894 2426 3954 Christianus
2469 3900 2674 3972 quippe
2715 3903 2911 3973 ﬁdelis,
2943 3924 3122 3979 neque
3165 3914 3395 3970 cantile-

1825 3999 1952 4038 nam
1990 3987 2263 4043 ethnicam
2294 3989 2455 4047 debet
2487 3992 2661 4059 effari,
2694 4011 2870 4067 neque
2914 4001 3189 4056 canticum
3219 4020 3394 4061 mere-

1823 4076 2043 4131 tricium
2065 4097 2079 4145 ;
2103 4081 2372 4149 siquidem
2397 4085 2677 4157 continget
2698 4087 2771 4151 ei,
2804 4096 2863 4142 ut
2894 4091 3037 4148 inter
3065 4096 3390 4152 cantilenam

1823 4179 2087 4224 memoret
2134 4172 2408 4228 diabolica
2442 4175 2711 4232 idolorum
2762 4184 3021 4250 nomina;
3059 4194 3112 4239 et
3149 4202 3248 4256 pro
3272 4186 3394 4258 Spi-

1822 4258 1931 4312 ritu
1962 4270 2185 4332 sancto,
2211 4266 2437 4334 spiritus
2470 4284 2703 4339 nequam
2736 4272 2959 4330 invadet
2994 4291 3140 4331 eum.

2435 4379 2664 4435 CAPUT
2692 4382 2783 4438 XI.

1823 4466 2149 4534 Admonitio,
2178 4471 2366 4527 docens
2393 4472 2831 4599 fugientiumbelsse
2860 4478 3187 4535 idololatria:
3217 4487 3386 4541 scelus

2433 4560 2464 4596 a
2504 4561 2681 4599 anima
2718 4564 2803 4599 te.

2433 4560 2803 4601 aoamtnaotle.

1892 4630 2242 4688 interdictum
2293 4650 2512 4705 quoque
2556 4645 2641 4692 est
2679 4638 2867 4709 jurare
2904 4657 3000 4710 per
3021 4642 3185 4705 idola.
3212 4656 3266 4701 et
3294 4664 3387 4703 eo.

1823 4738 1942 4777 rum
1974 4725 2334 4780 exsecrabilia
2359 4727 2582 4782 nomina
2615 4745 2710 4785 ore
2734 4731 3016 4801 proferre;
3054 4743 3146 4789 aut
3168 4754 3229 4791 ea
3253 4740 3384 4794 ado-

1822 4830 1963 4879 rare,
2014 4827 2107 4871 aut
2146 4826 2207 4871 ut
2252 4820 2385 4875 deos
2413 4822 2611 4876 vereri.
2644 4821 2759 4877 Non
2792 4826 2934 4880 enim
2969 4829 3043 4882 dii
3092 4840 3255 4898 sunt;
3291 4835 3391 4891 sed

1819 4907 1901 4960 vel
1944 4909 2072 4962 mali
2105 4908 2410 4977 daemones,
2444 4913 2525 4967 vel
2553 4929 2717 4984 opera
2756 4932 2853 4986 per
2898 4917 3192 4977 ludibrium
3220 4924 3384 4981 facta.

1821 4996 2100 5068 Siquidem
2146 5002 2289 5058 Deus
2333 5005 2533 5059 alicubi
2576 5006 2645 5061 de
2680 5005 2942 5065 Israelitis
2969 5012 3099 5066 dicit
3134 5034 3146 5067 :
3179 5015 3383 5073 Dereli~

208 5157 568 5228 “Psal.cxv,
600 5163 688 5218 15.
763 5164 811 5197 ⁵⁸
831 5164 993 5222 Prov.
1024 5184 1079 5233 χ,
1104 5168 1154 5223 7.
1230 5170 1277 5203 ⁵⁸
1297 5170 1402 5228 lsa.
1432 5188 1563 5239 LVII,
1584 5176 1635 5238 1,
1667 5176 1721 5230 in

1844 5177 1903 5231 Χ,
1979 5180 2022 5211 ⁸⁷
2052 5179 2212 5236 Prov.
2242 5199 2295 5247 ι,
2316 5185 2361 5236 7.
2439 5185 2484 5215 ⁵⁸
2513 5183 2672 5243 Prov.
2700 5203 2811 5251 xw,
2846 5191 2896 5245 5.
2965 5191 3011 5222 "
3037 5191 3259 5260 Psal.n,
3295 5193 3376 5248 li.

1446 5330 1810 5391 VARIORUM
1845 5338 2077 5395 NOTAE.

130 5496 327 5620 uti?)
354 5496 683 5565 Ἀτρεπτοι.
712 5498 771 5556 in
801 5504 971 5561 altero
990 5507 1277 5578 ἀνένδοτοι,
1296 5513 1486 5569 eodem
1519 5529 1705 5569 sensu.

134 5636 614 5768 “3:59)‘Dllfdptvc.
644 5640 794 5697 Alter
824 5645 948 5701 cod.
982 5648 1094 5701 Kal
1140 5650 1300 5704 πάλιν
1363 5652 1573 5725 μάρτυς
1617 5673 1707 5708 πι-

205 5776 320 5843 (Si)
361 5778 566 5849 Ἢθικὴ
596 5783 967 5853 παραίνεσις.
1000 5785 1205 5846 Desunt
1257 5790 1313 5846 in
1363 5792 1534 5850 altero
1584 5794 1704 5853 cod.

1814 5590 2591 5734 ξειξιῖτιοὲέιιιεεὲοιέάκ
2622 5590 2762 5671 ᾠδὴν
2802 5601 2827 5652 έ

1816 5516 2052 5576 Vindob.
2084 5538 2315 5591 quorum
2369 5535 2597 5595 uterque
2630 5539 2753 5597 post
2792 5530 2820 5583 θ
2864 5530 2985 5598 ύψιν
3010 5530 3211 5585 habent
3238 5552 3248 5587 :
3280 5536 3374 5604 ὀρ-

1816 5588 1925 5673 γὴν,
1940 5590 2204 5673 ς’ὶμετρον,
2236 5595 2591 5673 μωρολογίαν,
2622 5599 2762 5671 ᾠδὴν
2802 5548 3019 5671 ἐθνικὴν
3038 5638 3052 5662 ,
3083 5602 3376 5673 ὀνομασίαν

1815 5729 2022 5853 ωὲὅῖ)
2054 5729 2165 5785 Καὶ
2219 5729 2323 5800 ἑὰς
2370 5739 2813 5808 αἰσχρολογίας.
2868 5738 3072 5798 Desunt
3103 5740 3158 5799 in
3203 5743 3387 5803 altero
