3876 6188
476 329 578 388 851

1328 328 1384 383 S.
1417 323 1812 382 CLEMENTIS
1844 326 1862 379 1
1903 324 2075 381 ROM.
2114 326 2315 383 ΡΟΝΤ.
2353 327 2578 382 OPERA
2614 324 2842 382 DUBIA.

3634 326 3737 382 852

473 451 641 509 ctus;
685 442 929 513 profecto
960 444 1124 498 etiam
1154 458 1250 514 per
1278 458 1402 497 eum
1434 450 1557 511 post
1594 449 1827 495 mortem
1859 457 2046 495 resur-

2150 444 2347 511 γαστόν
2376 443 2488 515 (45)
2522 460 2621 514 μου
2651 439 2788 497 εἶδον
2815 446 2864 496 οἰ
2917 443 3181 514 ὀφθαλμοί
3237 460 3354 508 σου,
3395 444 3492 496 καὶ
3538 444 3640 496 ἐπὶ
3682 443 3737 497 τὸ

473 545 602 606 get;
653 545 714 589 ut
755 536 839 591 vel
876 545 1170 590 coronetur
1200 549 1299 604 pro
1323 533 1643 595 virtutibus,
1671 533 1755 587 vel
1785 533 2048 600 puniatur

473 644 574 698 pro
602 627 834 684 delictis.
885 626 1041 694 Quod
1070 629 1112 682 si
1134 627 1349 697 justitia
1386 626 1617 695 judicat,
1641 632 1701 678 ut
1730 625 2044 695 legislator;

471 718 929 788 quemadmodum
992 719 1149 789 punit
1198 718 1420 787 impios,
1482 716 1563 771 sic
1617 716 1804 771 ﬁdeles
1871 723 1925 770 et
1953 716 2047 785 qui

471 819 697 881 propter
735 827 859 866 eum
890 812 956 865 ab
1006 812 1321 865 hominibus
1369 817 1498 863 sunt
1547 808 1767 862 mactati
1799 817 2046 870 sanctos,

472 901 748 956 beneﬁcus
779 904 988 969 salvat;
1020 904 1216 972 partim
1242 903 1384 955 sicut
1409 909 1556 955 astra
1576 899 1894 970 splendidos
1922 898 2048 954 red-

470 992 626 1056 dens.
662 994 862 1063 partim
924 994 1073 1048 velut
1133 994 1426 1047 luminaria
1488 992 1850 1060 refulgentes,
1900 990 2047 1060 quod

471 1082 683 1139 Danieli
738 1087 1060 1155 prolocutus
1114 1092 1199 1139 est
1248 1080 1466 1138 Gabriel
1509 1082 1576 1137 δ’.
1643 1082 1809 1150 Igitur
1862 1081 2048 1135 ﬁdeles

468 1190 684 1239 omnes,
711 1178 805 1245 qui
840 1176 1045 1231 Christi
1071 1192 1263 1231 sumus
1286 1174 1565 1246 discipuli,
1596 1174 1887 1245 promissis
1924 1174 2047 1243 ejus

468 1267 742 1321 credimus
776 1286 787 1320 :
819 1284 945 1321 nam
1000 1268 1093 1337 qui
1128 1268 1405 1337 promisit,
1429 1266 1648 1320 mentiri
1690 1281 1797 1319 non
1831 1272 2044 1334 potest:

468 1358 603 1411 dicit
653 1366 831 1413 autem
870 1359 1061 1413 beatus
1091 1359 1355 1427 propheta
1392 1357 1558 1410 David
1587 1376 1598 1410 :
1629 1355 1834 1409 Fidelis
1862 1355 2047 1408 Domi-

467 1467 565 1504 nus
596 1452 652 1504 in
707 1451 946 1505 omnibus
977 1451 1145 1505 verbis
1177 1452 1310 1513 suis,
1356 1459 1406 1503 et
1457 1457 1670 1503 sanctus
1700 1449 1755 1501 in
1804 1447 2048 1501 omnibus

468 1544 709 1613 operibus
737 1545 846 1598 suis
876 1544 943 1599 “.
990 1543 1152 1598 Certe
1194 1543 1290 1612 qui
1338 1541 1442 1596 sibi
1485 1555 1686 1610 corpus
1732 1554 1800 1594 ex
1828 1538 2051 1608 Virgine

467 1636 797 1698 construxit,
832 1636 878 1689 is
901 1642 955 1689 et
977 1642 1301 1688 caeterorum
1334 1632 1615 1686 hominum
1644 1638 1731 1688 est
1760 1632 2046 1697 conditor;

466 1736 522 1782 et
554 1728 648 1798 qui
679 1743 740 1782 se
791 1742 821 1781 a
855 1727 1090 1781 mortuis
1136 1725 1421 1789 excitavit,
1462 1724 1607 1779 idem
1637 1732 1693 1779 et
1750 1739 1942 1779 omnes
1992 1724 2049 1777 in

465 1820 915 1889 mortejacentes
946 1818 1011 1873 ad
1047 1820 1215 1872 vitam
1242 1818 1433 1888 eriget.
1477 1815 1583 1882 Qui
1622 1815 1955 1871 frumentum
1978 1832 2047 1871 ex

468 1928 580 1968 uno
604 1928 776 1981 grano
805 1927 1163 1967 numerosum
1187 1928 1217 1966 e
1251 1918 1399 1965 terra
1432 1911 1616 1965 educit
1643 1928 1657 1976 ;
1690 1911 1784 1980 qui
1806 1912 2049 1965 excisam

468 2008 720 2062 arborem
743 2006 1076 2076 repullulare
1103 2004 1234 2059 facit
1257 2005 1313 2058 in
1345 2004 1661 2067 surculum;
1688 2003 1784 2074 qui
1812 2003 2050 2059 Aaronis

466 2101 675 2170 virgam
705 2098 819 2169 jam
879 2099 1167 2161 siccatam,
1202 2098 1255 2151 in
1299 2112 1522 2167 germen
1579 2095 1745 2165 jussit
1794 2110 2050 2165 prorum-

467 2208 598 2263 pere
621 2192 669 2224 “
695 2211 707 2246 :
764 2191 881 2262 ipse
911 2207 1011 2246 nos
1042 2206 1260 2261 quoque
1288 2190 1576 2244 suscitabit
1608 2190 1663 2245 in
1703 2189 1899 2258 gloria.
1942 2187 2048 2255 Qui

468 2283 833 2354 paralyticum
868 2298 1063 2337 sanum
1096 2283 1151 2336 in
1186 2282 1351 2352 pedes
1402 2282 1595 2335 statuit
1629 2281 1717 2347 δις
1764 2289 1819 2335 et
1847 2295 2048 2335 manus

468 2375 727 2429 ariditate
760 2374 1101 2427 laborantem
1144 2373 1362 2427 curavit
1392 2371 1479 2438 “;
1521 2380 1576 2427 et
1623 2386 1772 2427 caeco
1830 2386 1861 2424 a
1899 2371 2050 2426 nati-

466 2469 659 2531 vitate,
714 2467 859 2537 quod
907 2465 1196 2521 deﬁciebat
1252 2465 1582 2528 membrum,
1615 2480 1713 2535 per
1746 2474 1946 2519 terram
1992 2472 2049 2521 et

469 2560 695 2614 salivam
750 2557 986 2613 reddidit
1011 2558 1052 2589 "
1084 2578 1095 2612 ε
1128 2558 1173 2612 is
1208 2557 1323 2628 ipse
1358 2573 1461 2613 nos
1504 2573 1723 2627 quoque
1766 2557 1833 2611 ad
1882 2558 2049 2612 vitam

468 2652 768 2707 revocabit.
829 2650 933 2717 Qui
964 2667 1033 2705 ex
1059 2651 1301 2721 quinque
1327 2650 1565 2721 panibus
1604 2658 1658 2705 et
1698 2650 1912 2704 duobus
1965 2649 2051 2720 pi-

472 2744 661 2799 scibus
689 2743 931 2813 quinque
976 2743 1148 2797 millia
1179 2744 1422 2796 virorum
1460 2741 1703 2807 satiavit,
1736 2742 1942 2796 faciens
1992 2750 2052 2795 ut

469 2836 757 2891 duodecim
790 2835 1013 2905 c0phini
1061 2841 1416 2904 superessent
1443 2833 1489 2865 “‘
1518 2852 1532 2899 ;
1564 2841 1619 2888 et
1665 2849 1732 2888 ex
1778 2847 1919 2903 aqua
1961 2832 2048 2886 vi-

470 2943 604 2982 num
636 2928 874 2981 confecit
897 2927 972 2992 ";
1005 2936 1058 2981 et
1096 2943 1164 2981 ex
1193 2940 1288 2980 ore
1338 2925 1506 2995 piscis
1535 2932 1841 2980 extractum
1876 2930 2047 2980 state-

471 3036 587 3075 rem
618 3035 716 3091 per
748 3035 833 3073 me
856 3017 1078 3073 Petrum
1129 3017 1279 3072 misit
1328 3032 1530 3072 census
1578 3016 1930 3071 exactoribus
1949 3015 1996 3047 “
2032 3034 2044 3068 :

2150 535 2351 606 βιϐλίον
2383 551 2476 587 σου
2528 536 2731 599 πάντες
2757 537 3145 607 γραφήσονται.
3184 554 3205 588 s
3255 534 3417 588 Ἀλλά
3447 536 3547 589 καὶ
3573 538 3605 588 6
3649 536 3738 588 Ἡ-

2149 628 2307 690 σαΐας
2324 628 2472 695 λέγει
2491 629 2921 699 προσευχόμενος
2940 628 3108 699 αὐτῷ,
3130 629 3212 682 ὅτι
3244 647 3262 680 ι
3289 629 3480 699 Ἡμεῖς
3495 630 3525 680 6
3545 627 3738 696 111316;,

2149 727 2244 781 καὶ
2274 725 2339 778 σὺ
2362 726 2391 779 6
2414 724 2657 797 πλάστης
2681 724 2838 795 ήμῶν
2870 724 3001 793 (Η).
3039 742 3057 773 ι
3093 723 3156 775 Εἰ
3203 721 3381 773 τοίνυν
3421 716 3595 771 αὖτοῦ
3638 717 3735 785 διη-

2151 812 2468 886 μιοῦργημα
2493 812 2522 864 6
2552 812 2854 883 ἄνθρωπος,
2884 812 2973 865 διὰ
3004 808 3243 881 Χριστοῦ
3264 807 3580 879 γενόμενος,
3601 805 3741 857 πᾶν·

2145 920 2254 966 τως
2280 904 2362 956 ὅτι
2390 903 2482 955 καὶ
2509 900 2700 966 θανὼν,
2729 901 2794 954 δι’
2824 899 2988 953 αὐτοῦ
3019 900 3392 971 ἀναστήσεται·
3445 900 3543 951 ἐπὶ
3598 898 3683 970 τῷ
3710 899 3742 968 ἢ

2151 994 2442 1066 πεφθῆναι
2472 992 2583 1065 (45)
2614 994 2707 1045 ἐπὶ
2733 994 2845 1055 τοῖς
2873 991 3309 1063 κατορθώμασιν,
3340 991 3372 1061 ἢ
3403 990 3743 1062 κολασθῆναι

2149 1090 2242 1142 ἐπὶ
2265 1090 2378 1150 τοῖς
2431 1086 2918 1157 πλημμελήμασιν.
2966 1084 3029 1137 Εἰ
3068 1084 3126 1138 δὲ
3169 1083 3486 1154 δικαιοσύνῃ
3534 1082 3741 1154 κρίνει,

2148 1182 2225 1245 ὡς
2270 1179 2591 1251 νομοθέτης·
2624 1177 2814 1249 ὥσπερ
2842 1176 3059 1240 κολάζει
3100 1177 3227 1238 τοὺς
3274 1174 3514 1241 ἀσεϐεῖς,
3562 1173 3745 1236 οὕτως

2150 1270 2450 1345 εὐεργετῶν
2471 1269 2630 1333 σώζει
2656 1270 2779 1331 τοὺς
2806 1270 3049 1334 πιστοὺς,
3080 1268 3173 1321 καὶ⁵
3199 1267 3324 1329 τοὺς
3348 1267 3416 1319 δι’
3446 1266 3617 1320 αὐτὸν
3649 1266 3743 1323 ὑπ’

2149 1364 2448 1438 ἀνθρώπιον
2470 1361 2772 1432 σφαγέντας
2799 1360 3001 1429 ἁγίους·
3030 1360 3157 1421 τοὺς
3186 1358 3282 1428 μὲν
3309 1358 3384 1422 ὡς
3412 1358 3592 1429 ἄστρα
3624 1374 3745 1425 φαι-

2149 1459 2379 1530 δρύνων,
2409 1458 2535 1519 τοὺς
2562 1455 2618 1508 δὲ
2645 1454 2723 1518 ὡς
2750 1454 3043 1524 φωστῆρας
3087 1449 3436 1523 λαμπρύνων·
3494 1449 3688 1511 καθὼς
3712 1452 3743 1502 6

2150 1548 2391 1621 Γαϐριὴλ
2416 1547 2494 1619 τῷ
2521 1546 2718 1617 Δανιὴλ
2744 1545 2917 1612 ἔλεγε·
2953 1544 3188 1616 μαθηταὶ
3218 1540 3311 1596 οὖν
3331 1541 3577 1613 Χριστοῦ
3609 1541 3744 1594 πάν-

2150 1658 2243 1704 τες
2281 1638 2618 1712 ὑπάρχοντες
2655 1638 2705 1690 οἰ
2751 1638 2953 1700 πιστοὶ,
3008 1634 3335 1705 πιστεύομεν
3388 1633 3563 1687 αὑτοῦ
3618 1634 3743 1695 ταῖς

2152 1731 2522 1801 ἐπαγγελίαις·
2572 1728 2807 1800 ἀψευδὴς
2839 1727 2950 1799 γὰρ
2976 1729 3004 1781 ό
3044 1725 3531 1795 ἐπαγγειλάμενος·
3587 1724 3741 1791 λέγει

2149 1824 2206 1878 δὲ
2230 1826 2259 1877 6
2301 1822 2569 1894 μακάριος
2596 1820 2884 1891 προφήτης
2909 1816 3095 1880 Δαόὶδ,
3123 1818 3205 1871 ὅτι
3240 1836 3259 1868 ι
3290 1814 3488 1878 Πιστὸς
3526 1814 3743 1886 Κύριος

2150 1918 2209 1970 ἐν
2237 1918 2369 1970 πᾶσι
2395 1918 2506 1978 τοῖς
2533 1914 2711 1982 λόγοις
2738 1910 2926 1974 αὑτοῦ,
2954 1911 3047 1964 καὶ
3073 1912 3216 1971 ὅσιος
3240 1907 3349 1981 (46)
3369 1909 3428 1959 ὲν
3454 1908 3599 1960 πᾶσι
3629 1909 3742 1968 τοῖς

2151 2007 2332 2080 ἔργοις
2389 2004 2576 2059 αὑτοῦ.
2599 2023 2619 2057 ι
2682 2004 2742 2058 ὐ
2775 2002 2885 2074 γὰρ
2933 2004 2998 2056 ὲκ
3027 2000 3295 2072 παρθένου
3350 1998 3530 2069 ἑαυτῷ
3560 2014 3738 2052 κατα-

2152 2100 2422 2163 σκευάσας
2450 2098 2630 2168 σῶμα,
2657 2090 2813 2159 οὗτος
2839 2095 2934 2149 καὶ
2960 2094 3068 2147 τῶν
3096 2092 3266 2149 ἀλλων
3284 2091 3595 2162 ἀνθρώπων
3641 2090 3739 2161 δη-

2153 2191 2413 2264 μιουργός
2442 2191 2577 2243 ἐστι·
2609 2190 2703 2243 καί
2724 2186 2835 2259 (47)
2866 2186 3059 2240 ἑαυτὸν
3086 2186 3394 2254 ἀναστήσας
3414 2184 3483 2235 ἐκ
3509 2183 3625 2235 τῶν
3652 2198 3738 2233 νε-

2150 2283 2319 2355 κρῶν,
2374 2281 2537 2344 αὐτὸς
2572 2281 2666 2334 καὶ
2695 2279 2904 2342 πάντας
2928 2279 3055 2340 τοὺς
3097 2276 3381 2347 κειμένους
3409 2274 3732 2344 ἀναστήσει·

2148 2377 2178 2429 6
2204 2376 2294 2429 τὸν
2323 2374 2496 2447 πυρὸν
2522 2373 2585 2438 ἑξ
2610 2373 2730 2436 ἐνὸς
2755 2372 2956 2427 κόκκου
2979 2369 3244 2440 πολύχουν
3267 2370 3332 2421 ἐκ
3349 2368 3455 2436 γῆς
3472 2366 3733 2431 ἀνιστῶν,

2149 2472 2179 2524 6
2205 2469 2267 2522 τὸ
2294 2468 2527 2521 ὲκκοπὲν
2554 2466 2769 2537 δένδρον
2799 2468 2878 2528 εἰς
2900 2464 3170 2537 ράδαμνον
3200 2460 3543 2522 ἀναϐάλλων,
3576 2462 3607 2513 6
3634 2460 3733 2528 τὴν

2164 2559 2371 2632 Ἀαρὼν
2402 2558 2596 2633 ράὅδον
2627 2557 2936 2630 ξηράνασαν
2966 2554 3076 2627 (48)
3098 2553 3339 2623 ὲκφύσας
3365 2554 3447 2614 εἰς
3478 2550 3729 2622 βλαστόν-

2150 2653 2312 2718 αὑτδς
2339 2654 2435 2707 καὶ
2462 2652 2610 2723 ήμᾶς
2637 2652 2820 2722 ἐγερεῖ
2845 2651 2902 2703 ἐν
2929 2646 3078 2719 δόξῃ.
3150 2647 3207 2701 Ὀ
3235 2645 3326 2699 τὸν
3356 2645 3732 2715 παραλυτικὸν

2151 2746 2290 2801 σῶον
2326 2746 2634 2815 ἀνεγείρας,
2675 2744 2771 2798 καὶ
2812 2743 2905 2795 τὸν
2959 2740 3345 2813 ἐξηραμμένην
3393 2738 3596 2809 ἔχοντα
3634 2739 3734 2808 τὴν

2150 2840 2308 2911 χεῖρα
2340 2837 2655 2908 ἰασάμενος,
2687 2836 2779 2889 καὶ
2806 2835 2867 2887 τὸ
2890 2834 3075 2887 λεῖπον
3108 2832 3271 2903 μέρος
3297 2832 3356 2884 ὲν
3382 2830 3464 2901 τῷ
3492 2832 3561 2883 ὲκ
3588 2846 3734 2898 γενε-

2149 2932 2248 3001 τῆς
2276 2929 2436 3002 πηρῷ
2464 2931 2527 2982 ὲκ
2571 2929 2675 3000 γῆς
2716 2928 2811 2981 καί
2840 2926 3015 2980 σιέλου
3059 2923 3309 2986 ἀποδούς·
3356 2925 3384 2977 6
3432 2922 3602 2985 αὐτὸς
3642 2923 3733 2975 καὶ

2151 3023 2299 3094 ἡμᾶς
2317 3023 2583 3091 ἀνεγερεῖ.
2639 3021 2696 3073 '0
2724 3021 2789 3073 ὲκ
2816 3019 2975 3072 πέντε
3003 3019 3182 3090 ἀρτων
3235 3016 3330 3070 καὶ
3378 3015 3477 3067 δύο
3533 3014 3733 3083 ἰχθύων

472 3112 617 3167 idem
645 3119 697 3165 et
757 3120 933 3165 morte
984 3110 1231 3165 sublatos
1273 3110 1399 3162 vitae
1433 3108 1643 3163 reddet.
1694 3106 1819 3161 Haec
1848 3107 2049 3177 quippe

2152 3114 2623 3185 πεντακισχιλίους
2668 3112 2919 3183 κορέσας,
2951 3111 3044 3165 καὶ
3102 3108 3470 3181 περισσεύσας
3521 3107 3734 3160 δώδεκα

468 3204 655 3257 omnia
683 3202 751 3258 de
797 3218 862 3258 eo
890 3210 1255 3268 attestamur;
1288 3201 1394 3255 alia
1441 3214 1573 3254 vero
1602 3199 1898 3270 prOphetar.
1932 3198 2043 3254 Nos

469 3296 563 3366 qui
596 3311 718 3349 eum
741 3311 805 3350 eo
837 3293 1175 3349 comedimus
1203 3308 1270 3346 ac
1294 3292 1568 3358 bibimus;
1594 3300 1649 3347 et
1680 3290 2048 3362 spectavimus

468 3387 736 3442 miracula
764 3385 907 3455 ejus,
959 3386 1150 3449 vitam,
1201 3384 1699 3446 conversationem,
1735 3398 2041 3445 sermones,

470 3480 775 3550 passiones,
820 3484 1073 3541 mortem,
1108 3484 1271 3546 atque
1301 3492 1367 3530 ex
1401 3476 1635 3531 mortuis
1663 3476 2042 3531 resurrectio-

470 3588 595 3627 nem
622 3590 636 3638 ;
665 3579 719 3625 et
751 3585 874 3623 cum
920 3585 986 3625 eo
1027 3584 1123 3639 per
1168 3567 1533 3638 quadraginta
1592 3567 1711 3621 dies
1759 3574 2047 3636 postquam

472 3664 636 3718 rediit
687 3662 754 3715 ad
806 3662 970 3714 vitam
996 3660 1062 3725 ⁶¹,
1097 3662 1295 3715 versati
1344 3675 1574 3725 sumus;
1622 3668 1676 3714 et
1726 3658 2046 3712 mandatum

472 3756 786 3826 accepimus
837 3755 907 3808 ab
934 3769 1021 3818 eo,
1060 3752 1395 3823 praedicandi
1446 3751 1797 3822 Evangelium
1831 3755 1885 3804 in
1918 3750 2044 3803 uni-

472 3862 632 3902 verso
651 3847 878 3909 mundo,
910 3846 1142 3901 docendi
1173 3860 1365 3899 omnes
1386 3852 1600 3915 gentes,
1636 3860 1701 3900 ac
1732 3842 2047 3913 baptizandi

472 3942 530 3995 in
568 3949 797 3994 mortem
837 3940 958 4008 ejus
988 3938 1056 4001 ",
1089 3938 1143 3992 in
1198 3938 1523 3993 auctoritate
1552 3936 1649 3990 Dei
1681 3943 2004 3989 cunctorum
2031 3954 2045 4000 ;

470 4035 566 4103 qui
597 4041 682 4089 est
709 4031 872 4087 Pater
901 4033 1042 4101 ejus,
1087 4046 1187 4085 nec
1218 4046 1329 4085 non
1358 4031 1413 4084 in
1442 4028 1758 4084 testimonio
1786 4027 2045 4097 bpiritus,

470 4127 565 4196 qui
596 4132 679 4181 est
719 4124 1038 4181 Paracletus
1074 4142 1087 4179 :
1115 4139 1238 4188 nos,
1274 4124 1520 4192 inquam,
1540 4122 1655 4175 haec
1676 4122 1860 4175 omnia
1883 4120 2049 4176 doce-

470 4236 595 4274 mus
624 4234 721 4274 vos
748 4236 763 4283 ;
787 4233 908 4288 qua:
941 4232 1063 4271 cum
1112 4216 1379 4272 edixisset
1424 4215 1608 4276 nobis,
1644 4215 1699 4267 in
1748 4222 2047 4284 conspectu

470 4319 662 4367 nostro
682 4318 996 4380 assumptus
1016 4318 1101 4366 est
1120 4310 1174 4363 in
1192 4310 1389 4363 coalum
1403 4306 1476 4373 ",
1511 4307 1576 4360 ad
1614 4322 1736 4361 cum
1755 4307 1846 4376 qui
1868 4308 2045 4377 ipsum

468 4406 716 4460 miserat.
755 4406 930 4473 Atque
961 4404 1010 4458 si
1037 4402 1401 4463 credideritis,
1434 4402 1577 4455 beati
1610 4400 1765 4454 eritis
1793 4418 1809 4464 ;
1844 4400 1888 4453 si
1913 4414 2047 4452 con-

2151 3206 2421 3276 κοφίνους,
2451 3206 2544 3260 καί⁷
2588 3203 2649 3270 ἐξ
2684 3204 2875 3267 ὓδατος
2900 3199 3040 3256 οἶνον
3079 3203 3471 3274 μεταποιήσας,
3515 3203 3619 3255 καὶ
3673 3204 3736 3254 ἐκ

2153 3300 2420 3369 στόματος
2450 3297 2630 3369 ἰχθύος
2658 3298 2899 3366 στατῆρα
2925 3296 2991 3349 δι’
3022 3294 3156 3365 ἐμοῦ
3185 3294 3392 3365 Πέτρου
3432 3296 3549 3357 τοῖς
3578 3295 3736 3349 ἁπαι-

2152 3390 2303 3443 τοῦσι
2326 3391 2522 3460 κῆνσον
2547 3389 2887 3452 ἀποστείλας·
2909 3382 3062 3451 οὗτος
3088 3388 3183 3441 καὶ
3208 3388 3334 3451 τοὺς
3362 3390 3601 3459 νεκροὺς
3615 3389 3736 3441 ἀνε-

2149 3485 2317 3554 γερεῖ.
2350 3481 2534 3536 Ταῦτα
2558 3481 2667 3553 γὰρ
2711 3480 2927 3535 ἅπαντα
2954 3481 3111 3551 ἡμεῖς
3139 3480 3267 3551 περὶ
3318 3478 3488 3532 αὐτοῦ
3520 3496 3735 3551 μαρτυ-

2154 3575 2373 3646 ροῦμεν·
2402 3574 2473 3628 τά
2494 3575 2537 3628 δ’
2560 3574 2695 3629 ἄλλα
2720 3574 2769 3627 οἱ
2796 3572 3092 3645 προφῆται.
3120 3572 3308 3642 Ἡμεῖς
3333 3572 3384 3624 οἱ
3416 3572 3735 3642 συμφαγόν-

2148 3683 2240 3729 τες
2264 3666 2414 3738 αὐτῷ
2441 3667 2535 3719 καὶ
2563 3666 2909 3736 συμπιόντες·
2969 3667 3064 3719 καὶ
3092 3664 3281 3717 θεαταὶ
3306 3663 3596 3734 γενόμενοι
3626 3664 3734 3717 τῶν

2150 3758 2314 3812 αὑτοῦ
2341 3758 2660 3830 τεραστίων,
2707 3760 2799 3813 καὶ
2825 3760 2923 3830 τῆς
2974 3758 3138 3828 ζωῆς,
3191 3757 3283 3810 καί
3309 3757 3406 3827 τῆς
3430 3756 3733 3820 πολιτείας,

2149 3852 2244 3903 καὶ
2268 3850 2376 3904 τῶν
2404 3850 2596 3919 λόγων,
2628 3851 2721 3905 καὶ
2760 3850 2869 3903 τῶν
2900 3849 3256 3920 παθημάτων,
3287 3850 3382 3903 καὶ
3411 3849 3510 3902 τοῦ
3560 3850 3732 3903 θανά-

2147 3958 2266 4008 του,
2297 3941 2389 3994 καὶ
2411 3941 2510 4013 τῆς
2536 3943 2602 3994 ὲκ
2630 3940 2839 4012 νεκρῶν
2859 3938 3024 3993 αὐτοῦ
3051 3940 3421 4003 ἀναστάσεως,
3452 3940 3552 3993 καὶ
3574 3957 3733 3994 συνα-

2151 4032 2555 4104 ναστραφέντες
2582 4032 2731 4104 αὐτῷ
2758 4031 2973 4102 ήμέρας
3000 4030 3407 4101 τεσσαράκοντα
3456 4030 3601 4102 μετά
3623 4033 3729 4103 τὴν

2150 4126 2365 4199 ἔγερσιν
2391 4124 2577 4179 αὑτοῦ·
2635 4126 2729 4178 καὶ
2783 4123 3038 4186 λαϐόντες
3090 4123 3310 4194 ἐντολὴν
3366 4125 3500 4195 παρ’
3556 4123 3731 4177 αὑτοῦ

2149 4215 2382 4289 κηρύξαι
2408 4216 2469 4269 τὸ
2496 4216 2823 4286 Εὐαγγέλιον
2852 4218 2933 4278 εἰς
2960 4215 3079 4267 ὅλον
3107 4215 3198 4268 τὸν
3234 4215 3459 4286 κόσμον,
3492 4216 3588 4269 καὶ
3620 4234 3730 4286 μα-

2147 4308 2405 4381 θητεῦσαι
2435 4309 2612 4362 πάντα
2637 4307 2705 4361 τὰ
2733 4307 2879 4379 ἔθνη,
2911 4308 3005 4361 καὶ
3044 4306 3299 4377 βαπτίσαι
3327 4309 3406 4370 εἰς
3434 4307 3526 4361 τὸν
3556 4306 3728 4362 αὑτοῦ

2151 4401 2400 4467 θάνατον,
2428 4401 2521 4454 ἐπὶ
2548 4400 2798 4471 αὑθεντίᾳ
2825 4398 2920 4453 τοῦ
2948 4398 3084 4452 Θεοῦ
3112 4398 3219 4452 τῶν
3264 4399 3422 4465 ὅλων,
3470 4400 3528 4462 ὃς
3576 4400 3727 4452 ἐστιν

471 4505 557 4549 tra
602 4512 712 4551 non
758 4496 1122 4558 credideritis,
1167 4509 1269 4550 nos
1320 4494 1640 4548 innocentes
1689 4500 1744 4545 et
1785 4490 1974 4544 mundi
2013 4506 2042 4544 a

2151 4490 2317 4546 αὐτοῦ
2370 4492 2579 4563 Πατὴρ,
2609 4493 2702 4545 καὶ
2734 4491 3005 4563 μαρτυρίᾳ
3026 4491 3361 4561 Πνεύματος,
3389 4491 3451 4554 ὃς
3477 4492 3595 4544 ἐστι
3614 4490 3729 4544 Πας

468 4596 653 4643 vestra
683 4588 1063 4642 incredulitate
1106 4587 1460 4657 reperiemur.

2150 4583 2434 4655 ράκλητος·
2467 4583 2792 4654 διδάσκομεν
2820 4583 2965 4653 ὑμᾶς
2992 4582 3164 4637 ταῦτα
3184 4584 3377 4651 πάντα,
3406 4584 3445 4639 ἃ
3471 4585 3723 4653 διαταξά-

472 4698 632 4750 μενος
658 4683 786 4752 ήμῖν
814 4678 1083 4751 ἀνελήφθη
1111 4678 1195 4729 ἐπ’
1228 4677 1350 4746 ὄψει
1378 4678 1533 4749 ήμῶν
1572 4681 1651 4743 εἰς
1687 4680 1778 4732 τὸν
1806 4678 2032 4748 οὐρανὸν
2096 4676 2234 4747 πρὸς
2263 4678 2352 4731 τὸν
2396 4676 2789 4744 ἀποστείλαντα
2833 4676 3014 4739 αὐτόν.
3071 4677 3182 4730 Καὶ
3238 4676 3335 4730 ὲάν
3374 4680 3472 4749 μὲν
3500 4682 3717 4735 πιστεύο

470 4787 621 4840 σητε,
654 4769 908 4840 μακάριοι
937 4765 1250 4838 γενήσεσθε·
1288 4769 1336 4819 εἰ
1381 4768 1437 4820 δὲ
1469 4769 1543 4839 μή
1596 4767 2134 4840 πιστεύσητε,ἀθῶοι
2195 4770 2355 4839 ἡμεῖς
2414 4764 2826 4839 εὑρεθησόμεθα
2885 4770 2980 4821 καὶ
3040 4770 3273 4841 καθαροὶ⁵
3306 4771 3407 4841 τῆς
3450 4771 3727 4844 ὑμετέρας

466 4859 802 4921 δυσπιστίας.

533 4994 578 5023 ¹ο²
620 4993 753 5047 Dan.
784 5009 884 5051 xu.
910 4997 964 5050 5.
1039 4996 1083 5027 “
1113 4995 1258 5050 Psal.
1290 5009 1469 5050 exuv.
1498 4995 1582 5048 l5.
1660 4995 1707 5025 “
1727 4993 2038 5058 Num.xvn,

2199 4992 2242 5024 "
2273 4990 2465 5047 Matth.
2497 5007 2574 5051 ix,
2629 4994 2680 5050 5.
2780 4990 2825 5020 ⁸⁸
2854 4989 3023 5044 Marc.
3056 5007 3141 5054 ιιι,
3174 4992 3229 5045 5.
3298 4992 3343 5021 ⁸⁷
3371 4990 3533 5048 Joan.
3561 5007 3642 5055 ιι,
3673 4988 3723 5047 7.

468 5065 515 5094 ⁸⁸
548 5060 739 5118 Matth.
779 5080 890 5128 xiv,
928 5071 1016 5125 '20.
1095 5068 1139 5098 δ’
1163 5066 1321 5120 Joan.
1358 5081 1418 5128 ιι,
1451 5065 1503 5119 5.
1578 5066 1624 5096 ⁸ο
1654 5064 1843 5118 Matth.
1885 5081 2019 5130 svlt,
2051 5065 2065 5117 ε

2220 5063 2260 5095 ⁸¹
2298 5063 2419 5116 Act.
2477 5079 2517 5119 ι.
2550 5064 2606 5117 ὅ.
2682 5062 2727 5093 ⁸¹
2750 5059 2943 5117 Matth.
2968 5078 3162 5129 xxvm,
3198 5061 3283 5117 18.
3362 5063 3410 5094 ³³
3432 5062 3557 5117 Act.
3592 5078 3633 5127 ι,
3669 5062 3725 5118 9.

1790 5197 2151 5254 VARIORUM
2185 5196 2419 5255 ΝΟΤᾹΞ.

508 5312 650 5437 ΊΓ(ἰῶ)
683 5313 753 5368 Τὸ
782 5316 1250 5397 ρκατέρταστον.
1306 5314 1610 5385 Prteﬁgitur
1644 5314 1698 5367 in
1730 5313 1899 5368 altero
1946 5314 2039 5366 καὶ

508 5406 534 5437 υ
576 5402 643 5437 ιε.
675 5393 734 5437 ut
779 5404 836 5437 ιιι
866 5402 1140 5437 versione.
1171 5400 1273 5437 nec
1308 5387 1468 5437 male.
1504 5386 1675 5437 Cum.

2216 5311 2327 5382 (45)
2374 5308 2730 5378 Στεφθῆναι.
2784 5308 2935 5365 Alter
2981 5309 3105 5364 cod.
3139 5308 3301 5365 Vind.
3372 5308 3719 5380 στεφανωθῆ-

2150 5399 2253 5437 ναι.
2286 5381 2476 5437 eadem
2507 5380 2800 5437 sententia.
2835 5380 2929 5435 sed
2958 5396 3091 5435 voce
3120 5382 3284 5437 naqu
3324 5378 3717 5437 frequentiore.
3793 5389 3801 5395 '

466 5378 643 5448 αὖθις,
675 5393 734 5437 ιιι
779 5387 836 5441 in
866 5378 1140 5451 versione,
1171 5400 1273 5439 nec
1308 5378 1675 5440 male.'Cwn.
2145 5378 2253 5445 ναι,
2286 5378 2476 5437 eadem
2507 5380 2800 5444 sententia,
2835 5380 2929 5435 sed
2958 5396 3091 5435 voce
3120 5382 3303 5453 pauloA
3324 5378 3717 5449 frequentiore.

537 5454 648 5526 (44)
682 5456 791 5510 Καὶ
816 5458 897 5511 σὺ
927 5461 959 5511 ό
991 5449 1268 5523 πλάστης
1295 5455 1481 5524 ἡμῶν.
1515 5454 1646 5526 ῌΝυιι
1694 5454 1951 5526 abhorret
2007 5468 2037 5506 a

2384 5524 2423 5526 ν
2469 5520 2481 5526 _
2525 5520 2547 5526 _
2992 5521 3007 5526 _
3094 5449 3137 5526 _'
3198 5522 3224 5526 _
3264 5449 3434 5526 Ct“.

464 5518 773 5586 \'cro,'es$e
798 5529 961 5582 etiam
989 5518 1095 5579 τῶν
1123 5528 1199 5585 0’,
1219 5518 1359 5579 licet
1387 5524 1527 5594 apud
1570 5541 1665 5579 eos
1706 5525 2034 5594 jampridem

2218 5521 2327 5591 (46)
2375 5520 2707 5594 Καὶ-ὅσιος-
2739 5521 3248 5594 υειιιιοειί-αὺτοῦ.
3298 5520 3509 5575 Desunt
3527 5518 3584 5573 in
3622 5534 3716 5574 an-

466 5610 575 5665 non
599 5606 972 5665 compareant,
1030 5605 1083 5651 et
1110 5600 1212 5650 sub
1236 5588 1501 5650 asterisco
1525 5596 1682 5663 quasi
1706 5588 1937 5663 'Aquilaa
1983 5602 2037 5647 et
2146 5588 2379 5665 ticluiore
2417 5592 2512 5645 sed
2538 5591 2809 5665 deteriore
2825 5588 2962 5665 'cod.
3014 5588 3092 5646 In.

466 5659 879 5738 Theodotionis,
911 5674 1184 5738 ponantur
1210 5667 1265 5720 in
1296 5659 1808 5735 editione-Procopii
1829 5682 1894 5718 ex
1928 5681 2032 5738 ms.
2210 5659 2325 5738 ’(ἰῖ)
2371 5665 2522 5738 Ιέαί..
2558 5660 2698 5731 Lege
2728 5679 2818 5738 ex_
2842 5664 3016 5738 altero
3046 5663 3169 5738 cod.
3201 5663 3310 5715 Καὶ
3349 5661 3399 5738 6_.
3432 5659 3513 5714 In.

467 5732 664 5786 Rnnati
697 5732 975 5791 Marchali.
1028 5738 1105 5790 Ae
1128 5738 1270 5790 forte
1300 5732 1808 5791 continebantur'in
1842 5736 2032 5790 codice

2214 5735 2323 5802 (48)
2368 5732 2745 5799 Ξιςρὰιπσαν.
2793 5733 2943 5787 Alter
2975 5732 3339 5803 ξηραίνουσαν
3379 5732 3713 5803 ἐκφυσήσας.

467 5820 575 5871 quo
604 5821 735 5861 usus
769 5806 871 5859 fuit
902 5807 1283 5863 Theodoritus.
1308 5805 1446 5861 Cor.
2224 5800 2227 5802 ’
2308 5800 2311 5801 ⁷
3027 5800 3055 5803 ’⁷
3500 5800 3576 5855 ID.
