3876 6188
174 345 291 401 853

746 460 1139 515 ΚΕΦΑΛΔΙΟΝ
1166 463 1247 515 H’.

180 551 330 620 Περὶ
370 551 649 607 Ἰακώϐου
674 554 782 608 τοῦ
810 553 1077 622 ἀδελφοῦ
1106 553 1213 608 τοῦ
1239 554 1483 621 Κυρίου,
1513 555 1611 610 καί
1637 557 1769 610 Στε-

540 621 739 692 φάνου
764 624 872 677 τοῦ
902 621 1416 692 πρωτομάρτυρος.

255 713 464 786 Περὶδὲ
492 714 605 767 τῶν
637 713 927 787 μαρτύρων
955 714 1184 785 λέγομεν
1220 715 1367 778 ὅπως
1386 716 1442 768 ὲν
1455 715 1604 789 πάσῃ
1631 720 1763 789 τιμῇ

177 800 287 858 ὦσι
321 808 451 878 παρ’
474 807 623 877 ὑμῖν,
648 807 724 869 ὡς
754 807 849 859 καὶ
877 809 1004 879 παρ’
1032 808 1161 877 ἡμῖν
1190 807 1506 879 τετίμηνται
1530 809 1558 861 6
1589 809 1764 878 μακά-

183 915 302 969 ριος
319 897 613 961 Ἰάκωϐοςὸ
632 898 949 966 ἐπίσκοπος,
971 900 1065 952 καὶ
1084 901 1112 952 6
1132 899 1287 969 ἅγιος
1307 900 1464 971 ἡμῶν
1481 899 1761 954 συνδιάκο-

175 1008 272 1054 νος
298 990 591 1060 Στέφανος.
626 984 786 1044 Οὗτοι
813 991 923 1062 γάρ
949 992 1055 1045 εἰσι
1085 992 1180 1044 καὶ
1216 981 1321 1045 ύπὸ
1346 992 1481 1046 Θεοῦ
1513 1007 1762 1063 μεμακα-

178 1082 455 1152 ρισμένοι,
485 1082 581 1136 καὶ
607 1082 712 1136 ὑπὸ
756 1083 916 1137 ὁσίων
953 1083 1161 1154 ἀνδρῶν
1190 1085 1564 1155 τετιμημένοι,
1594 1086 1761 1139 καθα-

173 1174 264 1244 ροὶ
313 1173 495 1245 πάσης
534 1173 909 1246 πλημμελίας,
955 1176 1213 1246 ἄτρεπτοι
1253 1174 1363 1249 (49)
1406 1176 1541 1247 πρὸς
1582 1178 1759 1249 ἁμαρ-

165 1264 325 1329 τίαν,
388 1263 771 1334 ἀμετάπειστοι
799 1266 908 1319 τῶν
963 1265 1164 1333 καλῶν,
1220 1266 1579 1322 ἀνενδοίαστοι
1622 1267 1758 1340 πρὸς

160 1354 453 1426 ἐγκώμια·
497 1358 625 1428 περὶ⁸
673 1351 747 1410 ὧν
774 1358 867 1411 καὶ
893 1360 921 1412 6
944 1358 1108 1412 Δαϐὶδ
1143 1358 1312 1428 ἔλεγε·
1349 1379 1367 1412 ι
1387 1361 1577 1432 Τίμιος
1605 1363 1757 1415 ἐναν-

162 1448 285 1500 τίον
316 1447 522 1519 Κυρίου
541 1451 570 1501 ὀ
600 1448 823 1513 Θάνατος
850 1449 959 1504 τῶν
987 1451 1146 1505 ὁσίων
1171 1450 1359 1505 αὐτοῦ·
1383 1471 1401 1504 ›
1419 1454 1513 1507 καὶ
1540 1456 1568 1507 6
1596 1453 1753 1508 Σολο-

164 1537 314 1608 μὼν·
351 1557 371 1589 ι
407 1541 610 1612 Μνήμη
664 1540 874 1594 δικαίου
932 1546 1048 1613 μετ’
1106 1543 1446 1614 ὲγκωμίου’›
1492 1546 1623 1617 περὶ
1678 1540 1753 1601 ὧν

159 1630 265 1682 καὶ
293 1632 326 1683 6
356 1633 641 1703 προφήτης
669 1632 872 1701 ἔλεγεν·
907 1652 925 1684 ι
968 1634 1192 1705 Ἄνδρες
1218 1634 1413 1690 δίκαιοι
1441 1637 1703 1709 αἴρονται.
1726 1656 1746 1691 ι

722 1726 1116 1779 ΚΕΦΑΛΔΙΟΝ
1145 1726 1222 1782 Θθ.

606 1814 745 1883 Περὶ
772 1815 1294 1887 ψευδομαρτύρων.

234 1904 434 1960 Ταῦτα
462 1906 519 1959 δὲ
550 1908 677 1979 περὶ
716 1908 826 1963 τῶν
873 1909 1015 1963 κατὰ
1057 1910 1311 1981 ἀλήθειαν
1334 1912 1474 1985 ὑπὲρ
1511 1915 1748 1987 Χριστοῦ

154 1997 637 2068 μαρτυρησάντων
665 1999 894 2071 εἴρηται,
918 2001 1030 2054 ἀλλ’
1052 2001 1114 2054 οὐ
1143 2004 1272 2074 περὶ
1300 2004 1410 2057 τῶν
1450 2005 1750 2080 ψευδομαρ-

149 2089 369 2159 τύρων,
405 2090 534 2162 περὶ
574 2086 651 2145 ὧν
698 2090 759 2144 τὸ
786 2091 966 2160 λόγιόν
995 2110 1178 2164 φησιν·
1215 2112 1235 2146 ‹
1275 2095 1487 2165 Ὄνομα
1524 2096 1581 2150 δὲ
1617 2097 1747 2152 ἀσε-

154 2180 277 2232 ϐῶν
313 2180 615 2235 σϐέννυται.
649 2182 875 2253 Μάρτυς
896 2182 1006 2254 (50)
1027 2184 1137 2255 γὰρ
1164 2185 1357 2249 πιστὸς
1383 2188 1443 2240 οὐ
1471 2187 1742 2257 ψεύδεταιο

152 2272 387 2326 ἐκκαίει
413 2273 469 2325 δὲ
500 2273 669 2344 ψευδῆ
703 2274 913 2345 μάρτυς
939 2275 1141 2339 ἄδικος.
1178 2295 1198 2327 ι
1246 2276 1304 2330 'U
1333 2276 1440 2350 γὰρ
1468 2280 1524 2331 ὲν
1548 2297 1747 2351 μαρτυ-

154 2366 267 2437 ρίῳ
295 2364 527 2429 ἐξελθὼν
559 2365 806 2435 ἀψευδῶς
835 2367 975 2437 ὑπὲρ
1003 2367 1103 2439 τῆς
1128 2368 1405 2440 ἀληθείας,
1437 2362 1591 2435 οὗτος
1616 2372 1746 2445 άλη-

146 2456 312 2519 Θινδς
369 2456 601 2527 μάρτυς,
648 2455 961 2522 ἀξιόπιστος
1020 2459 1077 2511 ὲν
1105 2455 1186 2524 οἷς
1230 2461 1633 2531 συνηγωνίσατο
1666 2464 1745 2536 τῷ

148 2546 309 2617 λόγῳ
334 2547 436 2617 τῆς
465 2547 746 2612 εὐσεϐείας
773 2547 863 2603 διὰ
892 2547 986 2603 τοῦ
1014 2551 1216 2605 οἰκείου
1242 2553 1497 2624 αἵματος.

704 2728 1100 2783 ΚΕΦΑΛΑΙΟΝ
1128 2730 1186 2783 Ῐ’.

161 2815 387 2895 7!th?)
420 2820 776 2895 παραίνεσις
815 2820 950 2895 (51),
980 2820 1069 2895 ὅτι
1097 2820 1194 2876 δεῖ
1230 2824 1475 2895 φεύγειν
1495 2841 1740 2895 ματαιο-

222 2889 462 2964 λογίας,
493 2889 941 2964 αἰσχρολογίας,
971 2889 1383 2960 εὐτραπελίας,
1396 2889 1610 2964 μέθην,
1632 2900 1743 2952 λα-

220 2958 457 3025 γνείαν,
490 2963 558 3026 θρ
566 2960 734 3028 ύψιν.

225 3048 612 3121 Παραινοῦμεν
643 3052 701 3104 δὲ
733 3053 882 3123 ὑμῖν,
921 3053 1137 3124 ἀδελφοὶ
1166 3054 1261 3109 καὶ
1288 3054 1578 3125 σύνδουλοι,
1607 3057 1738 3127 φεύ-

1109 342 1705 401 CONSTITUTIONES
1738 342 2421 401 APOSTOLICIE.—LIB.
2464 346 2507 399 V

3339 352 3443 409 854

2463 459 2691 517 CAPUT
2726 460 2860 518 Vlll.

1867 552 1944 607 De
1990 552 2213 617 Iacobo,
2269 552 2436 622 fratre
2495 553 2729 637 Domini,
2789 565 2839 611 et
2879 554 3162 627 Stephano,
3201 573 3436 634 martyre

2549 640 2739 691 primo.

1935 712 2012 769 De
2069 714 2406 786 martyribus
2452 730 2582 770 vero
2641 717 2990 787 praecipimus
3038 720 3229 787 vobis,
3273 733 3333 779 ut
3380 727 3439 783 in

1864 806 2014 861 omni
2043 806 2252 863 honore
2282 808 2393 862 sint
2423 808 2567 877 apud
2596 824 2730 877 vos;
2768 811 2914 865 sicut
2940 809 3183 871 Jacobus
3220 818 3437 886 episco-

1865 913 1989 967 pus,
2030 905 2085 953 et
2127 906 2357 955 sanctus
2416 897 2730 970 Stephanus
2790 904 3163 961 condiaconus
3219 917 3431 975 noster,

1862 989 2005 1059 apud
2040 1006 2142 1045 nos
2178 992 2431 1046 honorati
2463 991 2706 1049 fuerunt.
2741 993 2782 1048 li
2830 997 2975 1050 enim
3013 1006 3141 1053 sunt
3163 1006 3218 1055 et
3257 1015 3288 1054 a
3322 1001 3435 1059 Deo

1860 1081 2199 1139 beatitudine
2227 1083 2439 1149 donati,
2460 1092 2514 1140 et
2532 1100 2561 1138 a
2590 1087 2798 1143 sanctis
2823 1089 2957 1146 viris
2987 1089 3194 1149 honore
3216 1094 3429 1164 affecti;

1860 1176 1981 1243 puri
2012 1175 2080 1229 ab
2098 1176 2247 1230 omni
2270 1176 2493 1241 delicto,
2530 1176 2856 1237 inﬂexibiles
2888 1182 2954 1235 ad
2987 1193 3296 1253 peccatum,
3326 1187 3431 1242 im-

1862 1267 2156 1323 mutabiles
2203 1283 2233 1322 a
2283 1269 2509 1333 virtute,
2557 1272 2935 1330 indubitanter
2966 1276 3299 1347 laudabiles;
3358 1282 3428 1336 de

1859 1356 2061 1425 quibus
2093 1357 2265 1423 David
2304 1359 2481 1416 dixit:
2510 1361 2758 1419 Pretiosa
2788 1366 2843 1419 in
2892 1378 3168 1438 conspectu
3213 1372 3426 1427 Domini

1857 1466 1999 1503 mors
2062 1459 2365 1504 sanctorum
2427 1453 2540 1523 ejus
2572 1455 2659 1522 “;
2724 1464 2778 1511 et
2826 1457 3084 1515 Salomon
3122 1460 3426 1519 :Memoria

1848 1541 1986 1609 justi
2027 1558 2150 1596 cum
2199 1542 2355 1599 laude
2379 1545 2425 1576 ⁸³
2464 1564 2476 1599 :
2512 1545 2580 1601 de
2630 1548 2833 1618 quibus
2882 1560 2936 1607 et
2982 1553 3245 1623 propheta
3294 1556 3371 1611 ait
3400 1575 3421 1629 λι

1863 1632 1976 1687 Viri
1994 1634 2135 1704 justi
2167 1636 2425 1692 tolluntur
2453 1638 2521 1694 '°.

2453 1728 2684 1786 CAPUT
2720 1731 2811 1788 IX.

2311 1821 2389 1876 De
2414 1822 2571 1892 falsis
2600 1826 2944 1895 martyribus.

1922 1907 2099 1979 Atque
2126 1911 2241 1967 haec
2272 1913 2417 1967 dicta
2452 1924 2581 1969 sunt
2601 1916 2668 1971 de
2697 1918 2786 1982 iis,
2810 1920 2902 1989 qui
2926 1935 3050 1976 vere
3077 1937 3172 1990 pro
3200 1923 3419 1989 Christo

1850 2004 2171 2074 martyrium
2213 2006 2499 2061 subierunt
2530 2026 2545 2062 :
2576 2025 2683 2063 non
2718 2020 2899 2066 autem
2929 2011 2997 2068 de
3035 2013 3189 2071 falsis
3216 2026 3419 2088 marty—

1850 2093 2134 2160 ribus;de
2177 2098 2381 2166 quibus
2425 2100 2672 2155 divinum
2713 2104 3000 2159 oraculum
3048 2110 3414 2177 pronuntiat:

1851 2184 2057 2241 Nomen
2089 2197 2263 2244 autem
2280 2192 2564 2260 impiorum
2591 2196 3031 2267 exstinguitur".
3050 2199 3217 2255 Testis
3246 2202 3415 2265 enim,

1848 2294 1948 2334 seu
1993 2288 2205 2353 martyr
2255 2282 2431 2352 ﬁdelis
2485 2301 2590 2340 non
2636 2284 2926 2354 mentitur;
2967 2293 3205 2346 accendit
3239 2305 3418 2368 autem

1846 2370 2119 2426 mendacia
2149 2375 2294 2429 testis
2317 2376 2529 2446 iniquus
2565 2378 2632 2434 ⁸⁸.
2659 2377 2794 2433 Nam
2824 2382 2918 2450 qui
2943 2382 2997 2435 in
3021 2386 3282 2456 martyrio
3306 2403 3415 2440 non

1847 2461 2112 2519 fallaciter
2150 2480 2250 2535 pro
2284 2468 2515 2524 veritate
2544 2470 2804 2536 decessit,
2840 2471 2932 2529 hic
2953 2484 3039 2529 est
3080 2492 3243 2532 verus
3271 2492 3415 2530 mar-

1844 2561 1933 2624 tyr
1958 2569 2023 2610 ac
2049 2556 2227 2622 testis,
2280 2557 2385 2614 ﬁde
2414 2560 2612 2631 dignus
2662 2563 2719 2617 in
2773 2564 2975 2634 quibus
3006 2582 3102 2636 per
3136 2570 3414 2640 proprium

1845 2646 2188 2716 sanguinem,
2213 2649 2441 2705 verbum
2464 2652 2686 2722 pietatis
2708 2694 2721 2716 ,
2748 2657 3014 2712 certando
3040 2660 3268 2730 adjuvit.

2460 2742 2690 2799 CAPUT
2714 2744 2783 2803 Χ.

1842 2827 2069 2884 Moralis
2097 2834 2389 2911 admonitio
2405 2850 2435 2911 ;_
2452 2836 2594 2911 quod
2635 2847 2871 2906 oporteat
2894 2840 3073 2911 fugere
3108 2861 3269 2900 cauos
3298 2864 3413 2903 ser-

1915 2917 2113 2981 mones.
2152 2905 2471 2981 turpiloquia
2491 2946 2506 2971 ,
2539 2905 2867 2976 dicacitates,
2894 2905 3225 2981 ebrietatem,
3252 2917 3412 2972 lasci-

1900 2971 2059 3035 viam,
2091 2981 2143 3026 et
2171 2971 2410 3029 delicias.

1910 3061 2195 3120 Ilonemus
2226 3075 2405 3121 autem
2430 3082 2552 3133 vos,
2587 3068 2784 3127 fratres
2827 3081 2883 3127 et
2914 3078 3166 3132 conversi
3190 3118 3204 3141 ,
3233 3086 3294 3134 ut
3327 3081 3410 3137 fu-

139 3156 274 3209 γειν
307 3141 410 3204 τὰς
459 3144 868 3214 ματαιολογίας,
907 3147 1002 3199 καὶ
1046 3146 1148 3210 τὰς
1191 3149 1570 3220 αἰσχρολογίας
1597 3150 1732 3224 (52),

1850 3155 2000 3224 giatis
2017 3171 2299 3213 sermones
2319 3174 2510 3222 vanos,
2536 3167 2747 3232 turpes,
2775 3178 2839 3219 ac
2862 3170 3152 3235 scurriles;
3173 3174 3407 3228 ebrieta-

142 3232 248 3284 καὶ
276 3232 378 3296 τὰς
404 3234 783 3305 εὐτραπελίας,
819 3236 1007 3307 μέθας,
1041 3237 1324 3307 λαγνείας,
1363 3239 1609 3312 θρύψεις,
1640 3242 1736 3297 καὶ

140 3324 248 3387 τὰς
281 3325 553 3396 ἀμέτρους
582 3328 773 3398 ὀργὰς,
805 3330 899 3383 σὺν
926 3333 1047 3393 ταῖς
1085 3314 1466 3403 μωρολογίαις·
1502 3334 1585 3387 ὅτι
1614 3334 1737 3389 οὐδὲ

141 3419 206 3468 ἐν
235 3420 361 3479 ταῖς
376 3416 683 3489 Κυριακαῖς
712 3421 945 3493 ἡμέραις
994 3424 1103 3477 τῶν
1123 3424 1489 3496 εὐφροσυνῶν,
1517 3425 1736 3497 ἐπιτρέ-

138 3524 332 3577 πομεν
382 3512 506 3579 ὑμῖν
548 3511 781 3581 ἄσεμνόν
815 3514 927 3585 τιῆ
976 3514 1333 3585 φθέγγεσθαι,
1375 3518 1409 3589 ἢ
1449 3519 1730 3589 πράττειν’

137 3600 301 3668 λέγει
330 3601 438 3671 γάρ
468 3619 569 3655 που
599 3603 633 3672 ἡ
679 3604 887 3677 Γραφὴ’
924 3623 944 3656 ι
978 3605 1310 3662 Δουλεύσατε
1347 3608 1425 3680 τῷ
1453 3609 1644 3683 Κυρίῳ
1675 3611 1734 3664 ὲν

141 3692 326 3762 φόϐῳ,
386 3693 481 3746 καὶ⁹
534 3693 861 3762 ἀγαλλιᾶσθε
913 3688 1061 3769 αὐτῷ
1102 3699 1163 3753 ἐν
1197 3700 1405 3771 τρόμῳ.
1446 3719 1464 3751 ι
1499 3701 1609 3755 Καὶ
1635 3701 1734 3767 τὰς

138 3782 501 3851 ἀγαλλιάσεις
551 3780 644 3838 οὖν
699 3786 875 3857 ὑμῶν,
913 3788 1049 3859 μετὰ
1085 3789 1251 3859 φόϐου
1290 3791 1384 3845 καὶ
1412 3792 1615 3863 τρόμου
1643 3793 1730 3862 γί-

140 3874 339 3926 νεσθαι
398 3876 525 3945 χρή.
574 3877 631 3929 Ὀ
662 3877 772 3949 γάρ
807 3896 889 3932 τοι
926 3880 1250 3953 Χριστιανὸς
1283 3886 1312 3936 6
1365 3885 1556 3948 πιστὸς
1607 3885 1729 3938 οὐδὲ

139 3966 297 4035 ᾠδὴν
344 3966 562 4037 ὲθνικὴν
608 3968 808 4037 ὀφείλει
852 3971 1051 4040 λέγειν,
1100 3972 1224 4026 οὐτε
1269 3970 1420 4046 ᾆσμα
1452 3977 1725 4048 πορνικόν·

140 4058 272 4110 ἐπεὶ
307 4058 644 4129 συμϐήσεται
676 4062 843 4133 αὐτῷ,
874 4063 961 4117 διὰ
994 4064 1096 4134 τῆς
1132 4064 1295 4137 ᾠδῆς,
1333 4066 1563 4121 εἰδώλων
1598 4086 1732 4141 μνη-

142 4149 400 4222 μονεύειν
454 4152 692 4222 ὀνὸματα
745 4154 1053 4226 δαιμονικὰ,
1109 4158 1205 4211 καὶ
1261 4158 1381 4212 ἀντὶ
1424 4160 1517 4214 τοῦ
1568 4161 1725 4231 ἁγίου

141 4242 489 4314 Πνεύματος,
520 4246 802 4318 είσφρήσει
832 4248 888 4300 ὲν
916 4247 1063 4320 αὐτῷ
1090 4249 1152 4304 τὸ
1179 4252 1430 4323 πονηρόν.

678 4360 1074 4414 ΚΕΦΑΛᾹΙΟΝ
1102 4363 1203 4417 ΙΑ’.

139 4450 515 4517 Παραίνεσις
560 4451 955 4525 παιδεύουσα,
974 4456 1216 4523 φεύγειν
1256 4455 1367 4525 τῆς
1408 4458 1726 4514 εἰδωλολα-

678 4522 874 4589 τρείας
900 4524 964 4576 τὸ
980 4522 1203 4592 μύσος.

234 4611 553 4683 Ἀπείρηται
594 4613 775 4668 δὲκαὶ
818 4615 880 4669 τὸ
925 4617 1144 4688 ὀμνύειν
1188 4618 1246 4670 ὲν
1281 4620 1482 4686 αὐτοῖς,
1526 4622 1620 4676 καὶ
1662 4624 1723 4677 τὸ

135 4701 231 4755 διὰ
257 4703 527 4773 στόματος
554 4706 733 4760 αὐτῶν
762 4707 1056 4780 προφέρειν
1100 4708 1171 4763 τὰ
1199 4709 1463 4779 βδελυκτὰ
1491 4711 1560 4766 τὰ
1603 4715 1719 4768 ὀνό-

143 4811 317 4864 ματα,
347 4794 379 4867 ἥ
428 4801 750 4866 προσκυνεῖν
805 4799 1006 4866 αὐτοῖς,
1036 4801 1068 4872 ἢ
1102 4801 1378 4871 φοϐεῖσθαι
1416 4805 1611 4870 αὐτοὺς
1644 4808 1719 4872 ὼς

140 4884 323 4947 θεούς.
362 4886 437 4939 Οὐ
464 4887 574 4958 γάρ
622 4891 727 4942 εἰσι
758 4889 889 4957 θεοὶ,
916 4891 1029 4944 ἀλλ’
1056 4893 1089 4963 ἢ
1124 4896 1347 4965 πονηροὶ
1382 4896 1653 4968 δαίμονες,
1683 4902 1715 4972 ἢ

143 4978 529 5049 μεμωκημένα
566 4980 723 5052 ἔργα.
768 4981 932 5051 Λέγει
963 4983 1072 5055 γάρ
1098 5001 1201 5039 που
1229 4987 1257 5039 6
1283 4986 1415 5051 Θεὸς
1455 4991 1583 5062 περὶ
1608 4992 1717 5045 τῶν

1840 3255 1943 3312 tes,
1995 3250 2279 3315 lascivias,
2358 3266 2542 3308 mores
2587 3255 2964 3324 effeminatos,
3020 3263 3407 3327 immoderatos

1839 3338 2093 3409 impetus,
2125 3356 2249 3395 cum
2281 3344 2638 3416 stultiloquiis
2663 3368 2675 3402 :
2705 3352 2963 3419 quoniam
2998 3370 3175 3426 neque
3215 3358 3267 3413 in
3300 3360 3405 3416 Do-

1836 3431 2055 3487 minicis
2083 3431 2299 3499 diebus,
2321 3436 2415 3506 qui
2439 3437 2557 3493 dies
2584 3440 2787 3497 laetitia:
2815 3443 3075 3500 dicuntur
3094 3487 3109 3511 ,
3138 3452 3406 3518 permitti-

1834 3536 1960 3577 mus
1998 3523 2154 3581 vobis
2191 3525 2493 3597 quidquam
2530 3530 2806 3589 inhonesti
2847 3543 2942 3590 aut
2980 3536 3127 3608 loqui
3165 3549 3258 3596 aut
3321 3543 3403 3597 fa.

1834 3628 1999 3671 cere:
2028 3615 2103 3669 ait
2146 3617 2291 3672 enim
2335 3620 2537 3676 alicubi
2575 3621 2857 3696 Scriptura
2901 3646 2915 3683 :
2951 3628 3150 3686 Servite
3178 3632 3413 3693 Domino,

1834 3706 1889 3759 in
1922 3706 2107 3761 timore
2127 3718 2215 3772 ;et
2237 3712 2500 3767 exsultate
2541 3716 2590 3768 ei
2611 3716 2667 3769 in
2693 3726 2916 3774 tremore
2946 3722 3013 3777 ".
3047 3720 3274 3793 Oportet
3314 3744 3402 3782 cr-

1830 3812 1901 3868 go
1947 3802 2338 3858 exsultationes
2376 3813 2587 3862 vestras
2628 3823 2751 3863 cum
2810 3812 3008 3870 timore
3055 3830 3119 3871 ac
3167 3827 3411 3877 tremore

1831 3891 2037 3960 peragi.
2078 3890 2431 3951 Christianus
2474 3898 2679 3970 quippe
2720 3900 2916 3971 ﬁdelis,
2950 3921 3127 3977 neque
3170 3912 3399 3969 cantile-

1830 3995 1957 4035 nam
1995 3984 2268 4040 ethnicam
2299 3987 2461 4044 debet
2492 3990 2666 4057 effari,
2699 4009 2876 4064 neque
2919 4000 3195 4055 canticum
3224 4019 3399 4060 mere-

1828 4072 2048 4128 tricium
2070 4094 2084 4141 ;
2108 4078 2377 4147 siquidem
2403 4083 2682 4154 continget
2704 4084 2776 4149 ei,
2810 4095 2868 4141 ut
2899 4089 3043 4146 inter
3069 4094 3395 4150 cantilenam

1828 4175 2092 4221 memoret
2138 4169 2413 4225 diabolica
2447 4172 2716 4230 idolorum
2767 4181 3026 4249 nomina;
3064 4193 3116 4238 et
3154 4201 3252 4254 pro
3276 4185 3399 4257 Spi-

1826 4254 1936 4309 ritu
1966 4267 2190 4329 sancto,
2216 4263 2443 4331 spiritus
2475 4282 2708 4337 nequam
2741 4270 2963 4328 invadet
2999 4290 3145 4329 eum.

2440 4377 2669 4433 CAPUT
2696 4380 2788 4436 Xl.

1827 4463 2153 4531 Admonitio,
2183 4468 2371 4525 docens
2397 4470 2835 4597 fugbiendumbelsse
2865 4476 3191 4534 idololatria:
3222 4486 3391 4540 scelus

2438 4559 2468 4594 a
2508 4559 2685 4597 omma
2722 4562 2807 4597 te.

2438 4559 2807 4600 αοοιηιηαοιιε.

1896 4627 2247 4685 lnterdictum
2298 4648 2516 4703 quoque
2560 4642 2645 4689 est
2684 4636 2872 4706 jurare
2908 4656 3005 4709 per
3025 4641 3189 4704 idola.
3215 4654 3270 4699 et
3297 4663 3390 4701 eo-

1827 4735 1946 4774 rum
1978 4723 2337 4778 exsecrabilia
2364 4726 2586 4781 nomina
2619 4743 2714 4783 ore
2738 4729 3020 4799 proferre;
3058 4742 3150 4787 aut
3172 4752 3232 4790 ea
3257 4739 3388 4793 ado-

1826 4827 1967 4876 rare,
2018 4824 2111 4869 aut
2150 4823 2211 4869 ut
2256 4817 2389 4873 deos
2417 4820 2615 4874 vereri.
2647 4819 2763 4875 Non
2796 4824 2937 4878 enim
2973 4827 3047 4880 dii
3095 4838 3259 4898 sunt;
3294 4834 3390 4889 sed

1823 4904 1904 4957 vel
1948 4906 2076 4959 mali
2108 4906 2414 4975 dazmones,
2447 4911 2529 4965 vel
2557 4928 2720 4982 opera
2760 4930 2857 4984 per
2901 4916 3195 4975 ludibrium
3224 4922 3387 4980 facta.

1825 4993 2104 5065 Siquidem
2150 4999 2293 5056 Deus
2337 5003 2537 5057 alicubi
2580 5005 2648 5059 de
2683 5004 2945 5063 lsraelitis
2973 5011 3103 5064 dicit
3137 5032 3149 5067 :
3183 5014 3386 5072 Dareti-

213 5151 571 5222 “Psal.cxv,
604 5158 692 5213 15.
766 5159 814 5192 ⁸⁵
835 5158 996 5217 Prov.
1027 5179 1081 5228 ι,
1107 5164 1157 5219 7.
1233 5166 1280 5199 ⁸⁸
1300 5166 1404 5224 lsa.
1434 5185 1567 5235 Lvit,
1587 5172 1638 5233 ί,
1670 5173 1724 5227 iu

1850 5174 1906 5228 Χ.
1982 5177 2026 5208 ⁸⁷
2056 5176 2215 5233 Prov.
2246 5197 2298 5244 x,
2319 5183 2364 5233 7.
2442 5182 2488 5213 ⁸⁸
2516 5181 2675 5242 Prov.
2703 5201 2814 5249 xw,
2849 5189 2899 5244 5.
2968 5190 3014 5221 "
3040 5189 3262 5259 Psal.n,
3298 5192 3379 5248 Η.

1448 5327 1814 5388 VARIORUM
1849 5334 2080 5392 NOTAE.

136 5490 330 5614 C19,?)
357 5491 685 5559 Ἀτρεπτοι.
714 5494 773 5551 In
804 5499 974 5556 altero
993 5502 1279 5574 ἀνένδοτοι,
1298 5509 1489 5565 eodem
1522 5525 1707 5567 sensu.

139 5631 617 5761 “ﬁmbllldptvc.
647 5635 797 5692 Alter
827 5641 950 5697 cod.
985 5644 1096 5697 Kal.
1142 5646 1303 5701 πάλιν
1365 5648 1575 5721 μάρτυς
1620 5670 1709 5705 πι-

210 5770 324 5837 (Si)
364 5771 569 5844 Ἠθική
598 5779 969 5849 παραίνεσις.
1002 5780 1207 5842 Desunt
1259 5787 1315 5843 in
1365 5789 1536 5847 altero
1586 5791 1707 5849 cod.

1819 5513 2054 5573 Vindob.
2087 5536 2317 5588 quorum
2371 5533 2600 5593 uterque
2632 5537 2756 5614 post
2796 5528 2988 5651 estid/tv
3013 5528 3251 5585 habent:
3284 5535 3377 5603 ὁρ-

1819 5586 1919 5651 γὴν
1947 5587 2206 5651 ἄμετρον,
2239 5594 2593 5651 μωρολογίαν.
2624 5597 2764 5651 ωδὴν
2804 5600 2830 5650 ἑ
2867 5600 3021 5651 νικὴν
3040 5636 3055 5651 .
3085 5600 3377 5651 ὀνομασίαν

1817 5594 2593 5731 ἔέἴῦῗξξτὲοὲἇιὲἴθρᾶλογὲαν,
2624 5594 2764 5669 ᾠδὴν
2804 5594 3021 5669 ἑθνιήκὴν
3040 5636 3055 5660 ,
3085 5594 3379 5670 ὀνομασίαν

1817 5726 2024 5850 εοὲὄῖ)
2058 5726 2167 5783 Καὶ
2222 5726 2326 5798 ἑὰς
2372 5736 2815 5807 αἰσχρολογίας.
2870 5737 3075 5797 Desunt
3105 5738 3160 5797 in
3206 5742 3389 5802 altero.
