3876 6188
522 373 631 433 885

1372 374 1430 434 S.
1469 370 1861 430 CLEMENTIS
1894 373 1913 428 l
1952 373 2118 430 ROM.
2161 371 2364 430 PONT.
2402 371 2634 430 OPERA
2666 362 2895 430 DUBIA.

3694 369 3791 425 856

518 498 747 551 nuerunt
772 506 873 555 me,
902 499 953 543 et
976 491 1294 559 juraverunt
1327 492 1381 544 in
1412 490 1495 545 his
1519 490 1609 561 qui
1640 506 1745 545 non
1781 498 1907 545 sunt
1942 489 2020 543 dii
2037 490 2103 556 ⁶⁶;

2225 488 2587 561 Ἰσραηλιτῶν·
2626 507 2645 540 ι
2698 484 3080 557 Ἑγκατέλιπόν
3115 461 3205 556 με,
3234 484 3328 539 καὶ
3354 481 3577 554 ὤμνυον
3604 483 3665 536 ὲν
3693 486 3794 547 τοῖς

518 592 576 639 et
607 583 787 639 adhuc
812 602 825 637 :
851 582 1109 651 Auferam
1132 584 1349 638 nomina
1366 582 1631 637 idolorum
1650 597 1716 637 ea:
1734 598 1823 636 ore
1834 598 2015 637 eorum
2033 581 2100 649 “;

517 676 739 745 alioque
762 674 820 729 in
848 674 972 729 loco
1008 694 1021 728 :
1060 673 1175 744 Ipsi
1201 674 1269 727 ad
1298 675 1468 728 zelum
1506 690 1587 728 me
1610 682 2021 743 prouocauerunt
2045 674 2101 726 in

517 784 626 821 non
660 766 807 832 diis;
838 776 888 821 et
920 768 1266 821 irritaverunt
1311 784 1390 821 me
1433 769 1486 820 in
1511 765 1670 820 idolis
1692 766 1805 821 suis
1827 768 1892 822 ".
1923 766 2101 835 Atque

517 859 576 912 in
607 858 867 914 omnibus
897 856 1201 928 Scripturis
1223 860 1412 914 eadem
1444 876 1474 913 a
1510 858 1740 914 Domino
1779 858 1890 915 Deo
1914 861 2101 931 prohi-

516 950 738 1006 bentur.

1115 1130 1347 1186 CAPUT
1382 1130 1499 1187 ΧΠ.

517 1222 672 1288 Quod
709 1240 816 1277 non
873 1222 1031 1278 liceat
1075 1224 1401 1277 cantilenam
1425 1224 1689 1278 ethnicam
1718 1234 1810 1278 aut
1858 1226 2097 1278 meretri-

587 1295 726 1346 ciam
748 1310 935 1347 canere
969 1295 1034 1326 ⁶¹’
1056 1309 1073 1357 ;
1099 1311 1261 1364 neque
1290 1310 1378 1362 per
1406 1295 1606 1348 idolum
1625 1296 1813 1364 jurare
1835 1311 1851 1347 :
1876 1296 2097 1364 impium

586 1364 728 1416 enim
758 1364 813 1417 id
834 1380 966 1429 esse,
996 1374 1046 1418 et
1083 1365 1367 1435 cognitioni
1400 1365 1495 1419 Dei
1520 1380 1843 1436 repugnans.

584 1453 703 1509 Non
729 1456 906 1511 solum
932 1464 1115 1512 autem
1150 1456 1455 1527 Scriptura:
1474 1465 1665 1513 vetent
1688 1458 1757 1514 de
1780 1457 1973 1523 idolis;
1999 1459 2095 1513 sed

511 1559 568 1603 et
623 1549 692 1604 de
740 1548 1131 1613 luminaribus,
1192 1550 1309 1620 lege
1365 1551 1476 1605 lata
1508 1558 1704 1607 cavent
1751 1566 1820 1606 ne
1855 1552 1980 1622 quis
2010 1551 2095 1606 vel

508 1641 660 1710 iuret
689 1656 786 1712 per
810 1656 895 1705 ea,
926 1643 1009 1697 vel
1041 1643 1175 1713 ipsis
1201 1642 1424 1698 serviat.
1458 1640 1658 1697 Dicunt
1683 1642 1829 1697 enim
1858 1657 1872 1695 :
1912 1639 1993 1696 Ne
2015 1643 2095 1697 vi-

509 1733 639 1788 dens
698 1733 862 1787 solem
922 1743 972 1788 et
1025 1734 1209 1788 lunam
1264 1745 1314 1788 et
1360 1734 1568 1797 stellas,
1613 1751 1792 1790 errore
1848 1733 2092 1805 deceptus

2206 580 2307 634 οὐκ
2338 574 2458 634 οὖσι
2489 580 2648 645 θεοῖς.
2689 599 2708 632 ι
2733 581 2845 634 Καὶ
2867 579 2992 651 ἑξῆς
3022 578 3156 650 (55)·
3193 596 3211 631 ι
3262 575 3473 648 Ἐξαρῶ
3502 575 3579 629 τά
3603 576 3796 645 ὀνόμα-

2204 690 2273 726 τα
2303 672 2413 727 τῶν
2441 673 2674 727 εἰδώλων
2713 674 2778 726 ὲκ
2810 671 2904 727 τοῦ
2946 673 3212 744 στόματος
3243 670 3447 727 αὐτῶν.
3490 689 3512 723 ι
3558 670 3676 724 Καὶ
3713 670 3796 724 ἀλ-

2203 767 2387 838 λαχοῦ⁹
2427 786 2445 818 ι
2483 767 2647 820 Αὐτοὶ
2675 764 3067 839 παρεζήλωσάν
3098 783 3165 837 με
3187 766 3271 817 ἐπ’
3292 764 3353 818 ού
3378 765 3548 826 θεοῖς,

2202 860 2363 929 γισάν
2415 878 2483 931 με
2526 861 2585 914 ὲν
2630 862 2741 923 τοῖς
2786 859 3024 922 εἰδώλοις
3068 857 3265 911 αὐτῶν.
3309 875 3328 910 ι
3362 857 3476 911 Καὶ
3504 857 3568 909 ὲν
3595 856 3794 920 πάσαις

2200 954 2257 1007 δὲ
2283 957 2400 1018 ταῖς
2428 954 2671 1025 Γραφαῖς
2698 952 3072 1025 ἀπηγόρευται
3099 950 3273 1005 ταῦτα
3319 950 3425 1003 ὑπὸ
3456 950 3678 1022 Κυρίου
3704 948 3791 1002 τοῦ

2201 1046 2357 1098 Θεοῦ.

2723 1136 3123 1192 ΚΕΦΑΛΑΙΟΝ
3152 1136 3252 1189 IB'.

2203 1231 2438 1300 ὀτιμὴ
2480 1230 2724 1295 καθήκει
2764 1228 2927 1296 ᾠδὴν
2971 1228 3218 1300 έθηκὴν
3258 1224 3655 1300 ἧ,,ἰξορνικὴν
3685 1224 3795 1300 (ὅτι)

2268 1296 2457 1367 ᾄδειν,
2471 1301 2608 1354 οὔτε
2632 1300 3002 1368 ἐπόμνυσθαι
3021 1298 3269 1353 εἴδωλον
3286 1297 3418 1368 (55)’
3437 1297 3666 1363 ἀσεϐὲς
3688 1296 3794 1364 γὰρ

2267 1371 2467 1433 τοῦτο,
2498 1371 2597 1423 καὶ
2628 1368 2739 1439 τῆς
2774 1369 2921 1423 Θεοῦ
2948 1370 3222 1438 γνώσεως
3248 1368 3483 1435 ἐχθρόν.

2267 1463 2343 1516 Ob
2374 1462 2533 1534 μόνον
2552 1461 2610 1516 δὲ
2640 1464 2768 1534 περὶ
2786 1461 3018 1516 εἰδώλων
3044 1461 3498 1533 ἀπαγορεύουσιν,
3533 1458 3676 1512 ἀλλὰ
3704 1461 3793 1512 καὶ

2198 1556 2327 1627 περὶ
2357 1557 2681 1627 φωστήρων,
2697 1555 3114 1628 νομοθετοῦντες
3135 1553 3478 1627 παραινοῦσι,
3516 1554 3663 1624 μήτε
3694 1553 3790 1621 ὀμ-

2195 1649 2341 1703 νύειν
2368 1648 2561 1715 ταῦτα,
2597 1650 2733 1721 μήτε
2764 1649 2870 1720 μὴν
2898 1648 3181 1720 λατρεύειν
3220 1648 3421 1710 αὐτοῖς.
3462 1646 3603 1699 Φασί
3659 1645 3786 1715 γάρ’

2201 1760 2219 1793 ι
2258 1741 2349 1812 Μή
2380 1738 2503 1794 ἰδὼν
2530 1740 2622 1793 τὸν
2650 1740 2800 1811 ήλιον
2827 1742 2919 1795 καί⁵
2944 1742 3047 1813 τήν
3076 1740 3307 1813 σελήνην
3335 1740 3433 1793 καὶ
3463 1741 3597 1802 τοὺς
3628 1739 3791 1792 ἀστέ-

510 1824 701 1879 adores
720 1841 784 1879 ea
805 1825 873 1889 “;
913 1835 966 1883 et
1005 1826 1135 1880 alibi
1162 1846 1174 1879 :
1200 1824 1369 1879 Juxta
1400 1827 1511 1880 vias
1539 1828 1771 1897 gentium
1803 1828 1965 1882 nolite
1985 1828 2098 1882 dis-

2202 1851 2320 1907 ρας,
2356 1831 2649 1903 πλανηθεὶς
2675 1835 3061 1907 προσκυνήσῃς
3087 1834 3291 1897 αὐτοῖς.
3323 1852 3340 1885 ι
3383 1833 3496 1887 Καὶ
3524 1830 3785 1901 ἀλλαχοῦο

507 1933 661 1980 cere;
699 1926 749 1971 et
780 1934 813 1970 a
848 1917 1017 1988 signis
1058 1918 1177 1972 caeli
1210 1919 1372 1973 nolite
1399 1930 1626 1975 metuere
1657 1919 1723 1974 “.
1765 1919 1899 1973 Nam
1941 1929 2089 1976 astra

2197 1945 2218 1979 ι
2254 1924 2411 1981 Κατά
2436 1924 2535 1989 τὰς
2558 1926 2714 1990 ὀδοὺς
2739 1925 2846 1979 τῶν
2877 1926 3046 1982 ὲθνῶν
3078 1928 3153 1999 μή
3187 1926 3487 1998 μανθάνετε
3512 1924 3657 1995 (56),
3695 1923 3789 1977 καὶ

507 2016 564 2064 et
594 2009 888 2064 luminaria
917 2009 1046 2064 data
1091 2022 1223 2066 sunt
1249 2010 1590 2076 hominibus,
1619 2019 1679 2067 ut
1707 2014 1950 2077 luceant,
1980 2028 2091 2068 non

2194 2025 2305 2081 ἀπὸ
2325 2023 2435 2078 τῶν
2458 2023 2704 2095 σημείων
2737 2022 2832 2078 τοῦ
2854 2023 3085 2095 οὐρανοῦ
3106 2024 3180 2095 μὴ
3219 2022 3489 2093 φοϐεῖσθε.
3514 2041 3534 2074 ι
3556 2024 3601 2076 Τ
3602 2022 3643 2076 ἁ
3675 2024 3781 2094 γὰρ

508 2112 693 2157 autem
734 2110 795 2156 ut
828 2103 1084 2157 colantur
1117 2118 1129 2152 :
1166 2098 1234 2129 “"
1270 2104 1398 2160 licet
1428 2106 1690 2163 Israelita
1727 2122 1939 2163 morum
1972 2121 2094 2178 pra-

504 2196 701 2258 vitate,
726 2203 1040 2249 creaturam
1077 2211 1177 2266 pro
1208 2196 1469 2254 Creatore
1509 2199 1894 2267 adoraverint;
1929 2216 2092 2254 mun—

506 2288 564 2343 di
594 2288 815 2359 quidem
858 2286 1244 2344 labricatorem
1283 2291 1617 2346 contumelia
1652 2290 1971 2354 allicientes.
2004 2290 2090 2345 fa-

502 2382 679 2438 bricae
725 2398 853 2436 vero
906 2384 1196 2452 plusquam
1239 2384 1483 2454 oportuit
1511 2384 1876 2439 admiratione
1900 2384 2087 2455 capti:

506 2483 564 2529 et
593 2475 889 2544 aliquando
930 2475 1151 2545 quidem
1202 2475 1435 2530 vitulum
1482 2474 1766 2540 facientes,
1814 2484 1873 2529 ut
1920 2476 1977 2530 in
2001 2475 2093 2531 de-

507 2576 660 2623 serto
683 2568 727 2599 "
753 2585 766 2633 ;
787 2566 1083 2637 aliquando
1095 2583 1226 2622 vero
1247 2567 1544 2623 adorantes
1569 2567 1992 2639 Beelphegorem
2011 2568 2089 2635 “;

507 2662 649 2716 alias
701 2669 881 2715 autem
937 2660 1153 2715 Baalem
1184 2661 1252 2725 "’,
1282 2670 1335 2715 et
1359 2660 1757 2715 Thammuzum
1784 2704 1799 2727 ,
1840 2671 1894 2717 et
1924 2659 2089 2716 Sido-

506 2753 658 2823 niam
683 2752 945 2807 Astarten
968 2752 1035 2817 “,
1069 2768 1377 2823 rursusque
1406 2751 1715 2808 Molochum
1752 2767 1815 2807 ac
1856 2752 2091 2807 Chamo-

503 2820 665 2911 dum;
701 2854 756 2900 et
786 2844 1061 2899 interdum
1102 2845 1293 2909 solem,
1327 2852 1389 2900 ut
1410 2844 1553 2915 apud
1589 2844 1928 2900 Ezechielem
1952 2844 2091 2900 scri-

505 2949 662 3010 ptum
690 2947 776 2994 est
797 2940 842 2970 ⁶⁹
875 2958 887 2992 :
916 2939 1253 3010 iusuperque
1281 2938 1542 2994 animalia
1566 2939 1797 2994 rationis
1816 2937 2087 3008 expertia,

506 3042 571 3087 ut
600 3030 747 3104 apud
776 3030 1044 3103 Egyptos
1074 3032 1256 3102 Apim,
1289 3039 1455 3097 atque
1480 3030 1692 3085 hircum
1718 3028 2087 3097 Mendesium;

444 3168 445 3173 η
502 3128 639 3182 item
692 3126 826 3182 deos
867 3132 1158 3195 argenteos
1214 3133 1377 3193 atque
1421 3137 1642 3185 aureos,
1686 3129 1747 3175 ut
1794 3121 1849 3175 in
1876 3119 2085 3176 Iudaea.

2191 2118 2372 2190 ἄστρα
2385 2118 2481 2172 καὶ
2499 2120 2548 2173 οι
2566 2117 2850 2187 φωστῆρες
2868 2118 2948 2181 εἰς
2967 2117 3164 2186 φαῦσιν
3179 2115 3505 2187 ἀνθρώποις,
3536 2115 3661 2169 ἀλλ’
3682 2118 3780 2170 οὒκ

2188 2210 2270 2275 εις
2286 2208 2653 2283 προσκύνησιν
2683 2208 2959 2281 ἐδόθησαν·
2977 2211 3026 2263 εἰ
3042 2210 3199 2264 καἰοί
3225 2208 3552 2280 Ἰσραηλῖται
3572 2209 3781 2279 μοχθη-

2192 2300 2283 2371 ρίᾳ
2298 2300 2499 2372 τρόπον
2528 2299 2898 2372 προσεκύνουν
2914 2300 3035 2354 ἀντὶ
3066 2299 3160 2353 τοῦ
3183 2297 3411 2353 κτίστου
3434 2299 3539 2371 τήν
3565 2300 3775 2352 κτίσιν⁵

2186 2391 2280 2445 τὸν
2297 2392 2395 2462 μὲν
2410 2391 2737 2463 δημιουργὸν
2752 2390 3197 2462 καθυϐρίσαντες,
3210 2390 3307 2461 τὴν
3322 2389 3377 2442 δὲ
3393 2388 3576 2442 κτίσιν
3587 2387 3777 2440 πλείον

2186 2481 2221 2553 ή
2244 2481 2326 2535 δεῖ
2352 2481 2750 2553 θαυμάσαντες·
2781 2481 2875 2537 καὶ
2897 2480 3029 2535 ποτὲ
3062 2480 3161 2551 μὲν
3188 2478 3675 2550 μοσχοποιοῦντες,
3702 2478 3777 2541 ὡς

2194 2574 2254 2626 ἑν
2271 2574 2481 2645 ἐρήμῳο
2502 2574 2634 2629 ποτὲ
2660 2574 2715 2628 δὲ
2740 2574 2831 2628 τὸν
2846 2571 3168 2645 Βεελφεγὼρ
3187 2570 3619 2644 προσκυνοῦντες
3635 2589 3652 2601 ·
3677 2570 3773 2624 ἄλ-

2186 2666 2306 2718 λοτε
2329 2664 2387 2718 δὲ
2411 2665 2503 2721 τὸν
2519 2665 2686 2731 Βαὰλ,
2706 2667 2801 2720 καὶ
2828 2666 2920 2721 τὸν
2949 2665 3232 2736 Θαμμοὺς,
3255 2663 3345 2716 καὶ
3370 2664 3471 2735 τὴν
3506 2663 3773 2716 Σιδωνίαν

2185 2757 2512 2829 ’Δστάρτην,
2530 2758 2623 2811 καὶ
2642 2757 2800 2811 πάλιν
2818 2756 2909 2811 τὸν
2924 2754 3125 2825 Μολὸχ,
3140 2755 3233 2809 καὶ
3248 2754 3459 2823 Χαμὺς,
3470 2754 3567 2805 καί
3576 2752 3771 2808 ἄλλοτε

2185 2848 2278 2902 τὸν
2293 2848 2549 2920 ήλιον,ὠς
2567 2849 2717 2919 παρὰ
2736 2847 2813 2919 τῷ
2841 2847 3100 2919 Ἰεζεκιὴλ
3115 2846 3427 2916 γέγραπται
3455 2844 3591 2913 (57).
3628 2843 3770 2912 Ἤδη

2184 2939 2241 2993 δὲ
2264 2940 2358 2994 καὶ
2387 2940 2555 3010 ἄλογα
2580 2939 2715 3004 ζῶα,
2750 2939 2824 3004 ὼς
2842 2941 2968 3012 παρ’
2992 2936 3310 3006 Αἰγυπτίοις
3330 2935 3422 2989 τὸν
3440 2936 3635 2999 Ἆπιν,
3679 2934 3773 2988 καὶ

2185 3031 2277 3085 τὸν
2300 3030 2596 3102 Μενδήσιον
2624 3031 2847 3102 τράγον,
2882 3030 2973 3084 καὶ
3006 3030 3173 3093 Θεοὺς
3203 3027 3478 3101 ἀργυροῦς
3510 3029 3607 3081 καὶ
3632 3046 3768 3100 χρυ-

2188 3122 2421 3187 σοῦς,ὠς
2437 3124 2495 3177 ὲν
2528 3122 2778 3194 Ἰουδαίᾳ.
2811 3124 2889 3175 Δι’
2909 3122 3051 3193 ἆπερ
3082 3121 3296 3175 ἅπαντα
3320 3119 3560 3174 ἀπιλῶν
3584 3120 3772 3182 autat;

504 3220 739 3290 Propter
778 3234 899 3288 qua:
946 3217 1131 3273 omnia
1161 3218 1426 3272 minitans
1463 3216 1545 3271 eis
1577 3213 1843 3270 Dominus
1872 3215 1949 3268 ait
1990 3230 2088 3285 per

2193 3214 2339 3283 Ιλεγε
2363 3215 2451 3270 διὰ
2483 3215 2577 3269 τοῦ
2613 3215 2911 3285 προφήτου·
2937 3232 2955 3265 ι
2985 3212 3077 3285 Μὴ
3115 3212 3311 3285 μικρὸν
3334 3210 3497 3264 τοῦτο
3529 3210 3609 3281 τῷ
3636 3213 3770 3281 οῖκιρ

502 3311 867 3383 prophetam:
909 3308 1168 3380 Nunquid
1201 3324 1393 3377 parum
1443 3316 1522 3361 est
1552 3307 1647 3361 hoc
1682 3307 1864 3361 domui
1904 3306 2085 3374 Judw,

506 3404 688 3473 facere
735 3403 1156 3457 abominationes
1200 3403 1357 3465 istas,
1388 3418 1521 3471 quas
1546 3400 1780 3469 fecerunt
1804 3417 1822 3465 ;
1850 3402 1975 3471 quia
2001 3416 2086 3455 re-

502 3496 773 3565 pleverunt
798 3504 993 3548 terram
1020 3495 1323 3565 iniquitate,
1342 3502 1399 3546 ut
1433 3494 1709 3546 irritarent
1731 3495 1853 3546 me?
1875 3491 1943 3546 Et
1972 3510 2088 3549 ecce

502 3588 610 3656 ipsi
650 3596 772 3641 sunt
806 3587 960 3657 quasi
1009 3586 1420 3640 subsannantes.
1472 3584 1540 3638 Et
1586 3602 1679 3655 ego
1724 3585 1921 3654 faciam
1966 3602 2086 3640 cum

504 3680 728 3748 furore;
756 3696 861 3733 non
904 3689 1081 3748 parcet
1134 3677 1316 3731 oculus
1342 3695 1509 3740 meus,
1549 3694 1711 3748 neque
1758 3678 2084 3733 miserebor:

501 3782 558 3826 et
605 3772 912 3827 clamabunt
942 3773 999 3825 in
1030 3771 1250 3826 auribus
1293 3772 1422 3825 meis
1475 3788 1594 3825 uoce
1638 3788 1831 3841 magna
1856 3812 1870 3835 ,
1902 3782 1951 3825 et
1980 3788 2085 3826 non

503 3866 793 3921 exaudiam
824 3881 912 3919 eos
939 3866 1007 3919 "°.
1046 3863 1256 3928 Videte,
1286 3864 1600 3920 charissimi
1622 3904 1638 3930 ,
1669 3874 1873 3934 quanta
1898 3864 2088 3919 adver-

504 3976 606 4014 sus
643 3959 1049 4023 idololatras,et
1068 3958 1201 4013 solis
1238 3973 1302 4012 ac
1326 3958 1468 4013 luna:
1496 3958 1738 4014 cultores
1767 3959 2084 4027 pronuntiet

505 4051 795 4106 Dominus.
844 4051 1026 4118 Quare
1081 4058 1298 4121 oportet
1348 4049 1443 4105 Dei
1476 4051 1775 4114 hominem,
1822 4059 2083 4121 tanquam

503 4144 907 4209 Christianum,
960 4160 1137 4214 neque
1184 4144 1372 4214 iurare
1416 4159 1513 4213 per
1544 4143 1712 4197 solem
1732 4184 1746 4207 ,
1778 4158 1955 4213 neque
1986 4158 2084 4215 per

579 4285 623 4316 ⁸ο
653 4282 767 4339 Jer.
818 4300 872 4347 ν,
930 4282 979 4336 7.

506 4359 553 4390 ⁸⁸
610 4353 723 4409 Jer.
780 4370 834 4415 ιι.
892 4353 947 4405 ‘2.
1039 4353 1105 4382 ’δ’

504 4428 551 4459 ⁸⁷
581 4423 761 4480 Judic.
797 4439 860 4488 ιι,
914 4423 1001 4477 15.

1058 4283 1100 4312 ⁶¹
1133 4280 1298 4334 Zach.
1334 4296 1456 4343 xm,
1486 4278 1539 4333 2.
1619 4280 1663 4310 ⁶²
1701 4278 1860 4334 Deut.
1894 4297 2069 4347 xuii,
2126 4283 2217 4341 2|.

1176 4351 1387 4404 Laudat
1458 4350 1761 4404 Cedl'enus.
1833 4350 2214 4408 VideTestim.
2275 4362 2383 4407 vet.

1075 4422 1119 4453 ⁸⁸
1157 4420 1221 4475 Ill
1253 4418 1383 4489 Reg.
1420 4436 1495 4484 xu,
1529 4421 1581 4474 5.
1659 4421 1703 4451 ⁶⁹
1738 4420 1934 4475 Ezech.
1973 4438 2091 4487 vm,

2193 4453 2219 4476 ι.
2296 4426 2343 4455 τ’*
2386 4424 2582 4479 Ezech.
2614 4441 2734 4490 vm,
2771 4424 2855 4476 l7.

2200 3305 2391 3371 Ἰούδα,
2409 3306 2501 3360 τοῦ
2518 3309 2690 3362 ποιεῖν
2709 3305 3052 3378 βδελύγματα
3085 3304 3275 3367 ταῦτα,
3299 3304 3335 3358 ἃ
3369 3305 3661 3375 ἐποίησαν,
3685 3306 3768 3357 ὅτι

2185 3397 2426 3469 ἔπλησαν
2446 3398 2544 3470 τὴν
2566 3399 2668 3468 γῆν
2690 3400 2939 3470 ἀνομίας,
2957 3397 3048 3452 τοῦ
3068 3397 3399 3469 παροργίσαι
3420 3412 3487 3465 με
3504 3413 3521 3461 ;
3543 3397 3640 3449 καὶ
3659 3396 3768 3449 ἰδοῦ

2183 3490 2336 3544 αὐτοί
2369 3492 2508 3545 εἰσιν
2538 3491 2614 3555 ὡς
2638 3490 3081 3563 μυκτηρίζοντες.
3118 3490 3228 3543 Καὶ
3248 3487 3357 3555 ὲγὼ
3385 3489 3601 3559 ποιήσω
3629 3486 3769 3556 μετά

2183 3578 2380 3651 θυμοῦ,
2400 3580 2461 3633 οὐ
2484 3580 2727 3648 φείσεται
2747 3581 2775 3633 ὁ
2792 3579 3067 3649 ὀφθαλμός
3085 3596 3208 3649 μου,
3225 3577 3331 3631 οὐδ’
3353 3577 3416 3629 οὐ
3438 3578 3513 3646 μή
3530 3576 3763 3647 ἐλεήσειν

2184 3671 2282 3726 καὶ
2304 3669 2663 3742 κεκράξονται
2694 3673 2754 3725 ὲν
2785 3674 2898 3735 τοῖς
2924 3671 3026 3725 ὠσί
3061 3688 3164 3742 μου
3204 3672 3355 3740 φωνῇ
3393 3667 3605 3739 μεγάλῃ
3625 3708 3641 3731 ,
3672 3667 3768 3721 καὶ

2183 3760 2283 3815 οὐκ
2330 3760 2946 3832 είσακούσομαιαὺτῶν.
2987 3780 3007 3814 ι
3067 3762 3287 3832 Ὁρᾶτε,
3318 3760 3625 3829 ἀγαπητοὶ,
3667 3760 3769 3813 ὅσα

2186 3851 2331 3906 κατά
2356 3852 2466 3906 τῶν
2493 3852 2912 3923 εἰδωλολατρῶν,
2954 3852 3052 3906 καὶ
3097 3852 3205 3905 τῶν
3255 3850 3563 3920 σεϐομένων
3612 3850 3770 3921 ἣλιον

2189 3943 2287 3997 καὶ
2340 3943 2569 4015 σελήνην
2620 3944 2981 4013 ἀποφαίνεται
3028 3946 3058 3999 ὁ
3116 3944 3337 4016 Κύριος.
3398 3943 3489 3996 Διὸ
3535 3942 3643 4014 χρὴ
3676 3943 3770 3995 τὸν

2186 4033 2282 4087 τοῦ
2325 4033 2459 4088 Θεοῦ
2527 4033 2845 4106 ἄνθρωπον,
2896 4034 2973 4099 ὡς
3020 4034 3371 4106 Χριστιανὸν,
3419 4033 3558 4104 μήτε
3609 4031 3769 4102 ἥλιον

2196 4124 2426 4196 ὀμνύναι
2475 4125 2622 4198 (58),
2680 4128 2816 4199 μήτε
2864 4127 3123 4199 σελήνην,
3173 4128 3308 4199 μήτε
3362 4124 3574 4196 ἄστρα,
3624 4126 3765 4195 μήτε

2309 4285 2376 4315 αν
2409 4282 2533 4338 "me
2564 4282 2632 4337 ad
2662 4298 2784 4352 cap.
2822 4288 3166 4350 “spectant.
3215 4276 3485 4352 __”__Del|i-
3538 4293 3615 4339 Ws
3679 4276 3770 4352 ίὲο

2482 4355 2526 4385 ⁶⁸
2575 4347 2748 4407 Exod:
2816 4347 3002 4415 xxxii,
3053 4353 3109 4405 4.
3208 4350 3253 4381 ⁶⁶
3291 4349 3453 4403 Num.
3532 4364 3664 4415 xxv,
3714 4347 3765 4401 5.

1819 4556 2185 4613 VARIORUM
2221 4557 2451 4615 ΝΟΤᾹΞ.

578 4691 694 4766 (53)
723 4691 835 4743 Καὶ
856 4690 1027 4766 ῥξῆς.
1062 4690 1234 4766 Ambo
1279 4690 1447 4766 codd.
1476 4689 1710 4747 Vindob.
1754 4695 1863 4766 καί
1896 4694 2077 4759 πάλιν,

2193 4696 2254 4751 de
2281 4696 2613 4765 specialibus
2643 4696 2855 4766 legibus
2896 4712 3004 4750 non
3035 4704 3323 4752 assecutus
3357 4704 3444 4751 est
3466 4697 3763 4765 interpres.

502 4770 567 4814 ιιι
592 4762 754 4833 habet
783 4768 836 4814 et
856 4760 1047 4815 Latina
1082 4762 1284 4823 versio,
1316 4762 1523 4817 rectius
1563 4778 1727 4831 quam
1778 4763 1922 4833 ἑξῆς,
1969 4782 2077 4833 quo

505 4830 850 4955 signiﬁcatur
876 4841 925 4885 et
955 4841 1169 4895 cwtera,
1202 4847 1325 4885 cum
1355 4833 1519 4886 etiam
1549 4830 1687 4888 alter
1711 4830 1868 4888 locus
1896 4830 2077 4904 pro—le-

506 4914 682 4955 ratur.
763 4916 884 4955 LER.

506 4914 682 4955 ΐιιιιιτ.
716 4914 884 4956 υιειι.

601 4970 690 5038 54)
731 4972 808 5025 ’Ἡ
833 4971 1146 5038 πορνικήν.
1181 4971 1343 5026 Deest
1374 4973 1428 5026 in
1456 4974 1629 5028 altero
1662 4972 1823 5028 Vind.
1856 4972 1932 5029 lo.

599 5033 688 5100 553
715 5033 1000 5094 Εῖδωλον.
1026 5033 1156 5096 Post
1205 5043 1347 5096 hanc
1388 5059 1575 5098 vocem
1615 5045 1751 5096 alter
1781 5046 1951 5099 codex
1981 5046 2077 5100 adn

503 5112 584 5164 dit
612 5131 636 5186 :_
666 5110 790 5163 οὔτε
827 5112 1055 5186 οἰωνοῖς,
1088 5111 1127 5186 ή
1154 5112 1426 5186 κληδόσιν,
1456 5113 1490 5184 ἥ
1523 5114 1853 5186 παλμοῖςμή
1899 5132 2078 5186 παρα-

500 5197 569 5253 τη
581 5182 800 5255 ρήσεσιν
836 5182 1159 5255 ξιουδαῖκαῖς
1184 5182 1564 5255 προσανέχειν.
1599 5182 1706 5239 sed
1738 5182 1902 5238 trium
1930 5182 2080 5255 prio-

501 5251 804 5307 ruin'nulla
836 5251 927 5305 hic
956 5253 1181 5306 mentio.
1212 5251 1289 5308 lo.

575 5322 688 5397 (56)
730 5321 1099 5397 May-Odyssia.
1159 5321 1399 5397 Uterque
1453 5324 1576 5379 cod.
1635 5324 1833 5397 addit,
1873 5326 2075 5397 πορεύ-

502 5393 679 5454 εσθαι,
704 5392 893 5445 dtscite
922 5392 1179 5457 incedere,
1211 5392 1357 5462 quod
1389 5404 1443 5448 et
1472 5412 1597 5451 vere
1618 5395 1823 5452 deerat.
1860 5397 1938 5452 lo.

483 5512 507 5525 κ
597 5464 666 5517 57
718 5462 800 5514 Γέ
875 5478 1076 5516 arctat.
1101 5462 1158 5529 In
1186 5472 1417 5534 utroque
1451 5466 1769 5537 ἐμφέρεται.
1801 5466 1877 5521 lo.

574 5464 689 5603 £58;
721 5480 885 5598 Mra;
913 5533 1091 5600 ἣλιον
1111 5534 1502 5601 membranae.
1520 5536 1623 5590 Per
1654 5538 1877 5599 coelum,

598 5533 689 5601 58)
721 5533 885 5598 Μήτε
913 5533 1091 5600 ἣλιον
1111 5533 1623 5601 ὀμνύνάι,θιοζΡθι·
1654 5538 1877 5599 coelum,
1909 5539 2076 5594 coale-

504 5604 887 5678 stia,_terram,
903 5614 1130 5678 caeteras
1153 5613 1461 5678 creaturas,
1480 5618 1878 5678 perquecaput
1912 5624 2073 5663 suum

505 5680 600 5724 aut
613 5673 904 5727 charorum
923 5673 1112 5742 jurare
1137 5673 1732 5741 solitiJudaei.’ethniei,
1753 5673 2072 5735 Christiani.

504 5742 647 5830 Quum-
681 5742 998 5830 j'ut'almenta
1042 5751 1333 5830 utramque
1383 5747 1646 5830 librorum
1689 5751 1940 5830 paginam
1974 5750 2076 5830 im-

509 5813 674 5879 plent.
702 5809 946 5869 Philonis
972 5814 1142 5869 Judaﬁ
1176 5809 1476 5887 elegantem
1503 5809 1867 5876 loculn'initio
1894 5819 2077 5891 Operis

2201 4767 2641 4838 ’ᾼναγέγραπταί
2666 4783 2749 4838 τις
2770 4767 2971 4837 (inquit
2999 4768 3136 4821 alter
3165 4766 3344 4837 Plato)
3373 4769 3432 4818 ὲν
3450 4769 3565 4829 τοῖς
3584 4768 3767 4837 νόμοις

2180 4836 2289 4888 τῶν
2316 4836 2618 4908 ἀρχιγενῶν
2662 4836 2758 4908 καὶ
2782 4836 3385 4908 ξπὶὲσοφίᾳᾲμάλιστα
3426 4837 3766 4908 θαυμασθέν-

2177 4924 2307 4979 των,
2337 4907 2505 4979 ὀμνὺς
2545 4906 2696 4979 κατά-
2736 4906 2829 4959 τοῦ
2861 4906 3029 4976 φόϐου
3052 4906 3415 4979 τοῦπατρὸς,
3450 4907 3597 4977 ὑπὲρ
3627 4908 3766 4975 ὠφε-

2180 4976 2329 5049 λείας
2356 4972 2510 5046 οἷμαι
2538 4976 2645 5049 τῶν
2674 4972 2902 5049 ἔπειτα)
2936 4979 3030 5031 καὶ
3069 4972 3649 5049 διδαχῆς’ἀναγκαίας,
3684 4972 3765 5031 ἵνα

2180 5048 2307 5133 τοὺς
2335 5049 2512 5136 γονεῖς
2541 5047 2614 5136 ὃνὶ
2644 5048 2751 5136 χρή
2794 5048 2994 5136 Ἑρδπον
3039 5047 3283 5136 τιμῶσι,
3327 5048 3654 5131 στέργοντες
3691 5050 3766 5110 ὡς

2181 5116 2507 5189 εὐεργέτας,
2529 5117 2623 5170 καὶ
2648 5116 3053 5189 εὐλαϐούμενοι
3081 5116 3157 5189 ὡς
3187 5118 3291 5171 ὑπὸ
3334 5116 3553 5189 φύσεως
3600 5135 3767 5171 κειτα-⁸

2180 5186 2767 5259 σταθένταςᾷρχοντας,
2798 5186 2996 5259 καὶμὴ
3031 5188 3229 5259 ῥᾳδίως
3259 5187 3614 5259 ἐπιχειρῶσιν
3650 5189 3760 5240 ὀνο-

2183 5255 2378 5326 μάζειν
2408 5255 2585 5320 Θεόν,
2604 5268 2658 5311 et
2686 5266 2882 5313 caetera
2910 5255 2935 5312 ε’
2954 5255 3007 5312 in
3032 5255 3243 5326 quibus
3282 5255 3550 5328 permittit
3572 5258 3761 5328 jurare

2179 5341 2276 5396 per
2304 5334 2529 5391 terram,
2560 5329 2753 5391 solem,
2774 5338 2945 5391 astra,
2980 5330 3181 5383 ccelum
3213 5337 3267 5384 et
3286 5326 3581 5383 mundum.
3610 5326 3759 5381 Verti

2180 5396 2405 5451 debuit:
2439 5396 2504 5450 In
2545 5397 2745 5467 legibus
2784 5398 3058 5468 (Geneseos
3098 5415 3254 5458 xxxx.
3286 5398 3412 5466 55).
3445 5400 3669 5466 quidam
3699 5412 3762 5451 ea:

2178 5469 2367 5548 priscis
2393 5468 2526 5552 illis,
2558 5486 2883 5552 quorumque
2911 5472 3173 5552 sapientia
3198 5470 3491 5550 maximam
3518 5468 3762 5549 admira-

2180 5540 2375 5593 tionem
2404 5538 2551 5603 [ecit,
2594 5538 2936 5607 perscribitur
2960 5538 3141 5609 iurare
3170 5556 3263 5608 per
3311 5541 3556 5593 timorem
3590 5541 3760 5607 patris

2177 5611 2263 5663 sui
2285 5623 2304 5662 :
2332 5625 2441 5681 pro
2476 5610 2710 5681 utilitate
2753 5610 2983 5681 (opinor)
3048 5621 3417 5681 posterorum,
3448 5622 3498 5664 et
3550 5620 3760 5679 propter

2183 5680 2536 5733 necessarium
2566 5678 2941 5734 documentum
2967 5678 2983 5747 ,
3016 5678 3073 5734 ut
3102 5681 3340 5735 homines
3375 5680 3637 5735 honorent
3661 5698 3727 5749 pa
3746 5709 3758 5717 —

2183 5759 2353 5821 rentes
2382 5766 2503 5804 suos
2528 5767 2588 5804 eo
2613 5766 2715 5818 quo
2759 5754 2903 5805 decet
2952 5751 3107 5804 modo
3131 5792 3146 5817 ,
3190 5762 3366 5805 ament
3388 5768 3479 5805 eos
3508 5763 3757 5821 tanquam

2184 5819 2461 5891 beneﬁcos,
2503 5838 2563 5875 ac
2597 5833 2930 5875 rerereantur
2974 5822 3113 5876 velut
3151 5840 3182 5877 a
3213 5833 3412 5878 statura
3442 5819 3757 5877 constitutos
