3876 6188
210 251 321 313 I73

1138 243 1741 305 CONSTITUTIONES
1769 239 2449 299 APOSTOLICE.——LIB.
2485 238 2552 295 ν.

3363 241 3464 299 87ό

211 381 379 440 μενος
406 364 501 419 καὶ
528 362 689 418 αὐτὸν
712 361 1063 435 σωφρονίσαι,
1099 364 1193 417 καὶ
1210 365 1359 435 ἡμᾶς
1374 361 1658 416 παιδεῦσαι
1679 360 1778 433 (72]

1894 356 2159 413 Dominus
2187 372 2311 412 eum
2344 356 2642 425 corrigere,
2672 360 2727 413 et
2751 368 2853 411 nos
2880 354 3280 427 praescientiam
3308 371 3465 412 suam

208 460 311 529 τὴν
340 455 654 529 πρόγνωσιν
685 454 872 519 αὑτοῦ,
905 454 1054 524 λέγει
1075 471 1090 484 ·
1130 473 1149 507 ι
1190 454 1394 526 Ἀμὴν,
1448 453 1597 524 ἀμὴν
1655 451 1798 521 λέγω

209 549 364 620 ὑμῖν,
395 548 478 602 ὅτι
497 540 574 610 εἷς
614 545 675 611 ἐξ
694 546 851 617 ὑμῶν
881 544 1197 618 παραδώσει
1234 563 1301 617 με
1322 562 1337 577 θ
1378 563 1399 598 ι
1454 546 1547 599 καὶ
1565 545 1796 600 ἑκάστου

205 639 371 711 ήμῶν
398 638 679 708 λέγοντοςο
717 657 736 692 ι
762 639 908 711 Μήτι
940 637 1082 708 ἐγώ;
1119 658 1137 690 ι
1177 637 1386 693 καὶτοῦ
1417 637 1623 710 Κυρίου
1668 653 1795 690 σιω-

208 732 445 795 πῶντος,
476 731 719 796 ἀναστὰς
746 730 879 800 ἐγὼ,
912 725 992 795 είς
1013 734 1079 784 ἐκ
1108 730 1217 784 τῶν
1258 730 1466 785 δώδεκα
1489 768 1505 795 ,
1539 728 1795 800 φιλούμε-

205 842 301 888 νος
331 823 517 877 πλεῖον
552 823 664 877 τῶν
703 823 878 877 ἀλλων
923 823 1014 876 ὑπ’
1036 820 1235 887 αὐτοῦ,
1276 820 1756 893 ἐνστερνισάμενος
1776 856 1792 882 ,

206 915 375 969 αὐτὸν
413 914 528 987 (75)
570 914 809 968 ἱκέτευον
855 915 1026 967 εἰπεῖν
1057 913 1140 977 τίς
1169 912 1236 968 ἂν
1268 914 1355 985 είη
1390 914 1420 966 ὁ
1456 911 1795 985 παραδώσων

207 1008 402 1062 αὐτόν·
435 1008 531 1061 καὶ
556 1007 663 1062 οὐδ’
692 1004 866 1069 οὕτως
899 1007 1035 1076 ήμῖν
1080 1005 1301 1077 εἴρηκεν
1341 1002 1507 1058 αὐτοῦ
1534 1003 1597 1057 τὸ
1623 1003 1794 1075 ὄνομα

205 1101 238 1153 ό
267 1099 471 1169 ἀγαθὸς
502 1098 733 1169 Κύριος’
770 1096 905 1151 ἀλλά
926 1096 1019 1150 δύο
1040 1099 1241 1167 σημεῖα
1260 1094 1355 1150 τοῦ
1382 1095 1641 1168 προδότου
1660 1095 1793 1149 ἔδω-

207 1208 335 1245 κεν·
378 1190 437 1243 ἑν
459 1191 580 1260 μὲν,
609 1188 804 1243 εἰπών·
846 1207 865 1241 ι
905 1190 963 1242 '0
992 1188 1406 1260 ἐμϐαπτόμενος
1435 1187 1551 1258 μετ’
1581 1185 1715 1258 ἐμοῦ
1735 1188 1793 1241 ἐν

205 1282 289 1354 τῷ
310 1281 546 1354 τρυϐλίῳ
570 1296 585 1311 ·
616 1300 638 1333 ι
669 1279 919 1352 δεύτερον
950 1278 1008 1334 δέ
1032 1295 1047 1311 '
1087 1298 1108 1332 ι
1134 1274 1204 1351 τῼ
1236 1277 1345 1348 ἐγὼ
1383 1278 1559 1349 βάψας
1586 1278 1648 1331 τὸ
1678 1278 1793 1348 ψω-

208 1374 331 1445 μίον
350 1372 599 1427 ἐπιδώσω
623 1389 638 1403 ο
675 1391 694 1425 ι
745 1372 838 1425 καί
865 1388 946 1425 τοι
981 1370 1233 1425 κάκείνου
1266 1370 1513 1440 λέγοντος
1536 1388 1551 1401 ·
1601 1390 1620 1422 ι
1646 1372 1789 1442 Μήτι

204 1464 321 1535 ἐγώ
347 1468 483 1536 εἰμι,
513 1464 739 1532 Ῥαϐϐίς
770 1484 789 1518 ι
852 1465 953 1518 οὐκ
982 1460 1134 1518 εἶπεν
1179 1464 1208 1516 ό
1254 1463 1457 1535 Κύριος
1507 1461 1618 1534 (74)
1645 1502 1662 1528 ,
1708 1464 1789 1516 ὃτι

209 1577 231 1611 ι
258 1558 389 1623 Ναί,
420 1578 439 1609 ι
471 1556 584 1613 ἀλλ’
612 1557 693 1611 ὅτι
729 1576 748 1609 ι
778 1556 849 1611 Σὺ
878 1552 1067 1620 εἴπας·
1091 1576 1109 1608 ι
1136 1556 1230 1610 καὶ
1258 1555 1492 1626 φοϐῆσαι
1519 1555 1679 1609 αὑτὸν
1697 1554 1790 1608 ἐπὶ

203 1648 383 1720 τούτῳ
402 1648 699 1720 βουληθεὶς,
723 1648 886 1719 φησίν
911 1664 925 1678 ο
966 1667 984 1699 ι
1013 1648 1147 1702 Οὐαὶ
1166 1646 1245 1718 τῷ
1276 1645 1547 1719 ἀνθρώπῳ
1574 1645 1787 1717 ἐκείνῳ,

1898 450 2117 514 docere,
2148 450 2286 504 dixit
2309 467 2322 504 :
2361 467 2379 499 ι
2404 446 2601 514 Arnen,
2631 461 2789 502 amen
2817 446 2942 503 dico
2974 449 3152 513 vobis,
3177 450 3305 519 quia
3324 466 3467 507 unus

1896 557 1965 598 ex
1980 542 2139 598 vobis
2154 541 2333 596 tradet
2358 556 2472 596 me:
2489 559 2507 593 ι
2529 550 2583 595 et
2604 554 2932 611 unoquoque
2948 550 3196 595 nostrum
3214 541 3429 597 dicente
3447 558 3463 595 :

1903 634 2186 707 (Nunquid
2216 634 2356 705 ego?
2392 653 2409 686 ι
2441 649 2505 688 ac
2530 632 2762 688 Domino
2804 642 3051 696 tacente;
3086 650 3314 706 surgens
3339 650 3463 705 ego,

1895 743 2041 783 unus
2072 742 2139 782 ex
2173 725 2487 790 duodecim,
2519 741 2681 796 quem
2711 725 2835 796 plus
2884 727 3099 782 caeteris
3151 726 3463 790 adamabat,

1893 819 2295 876 ctiucumbens
2345 818 2400 873 in
2436 828 2628 889 pectus
2659 816 2816 887 ejus,
2857 820 3082 873 orabam
3129 825 3189 872 ut
3217 817 3463 880 diceret,

1894 914 2021 984 quis
2051 919 2222 976 esset,
2246 910 2339 983 qui
2391 926 2514 967 eum
2540 917 2660 966 erat
2688 911 3028 973 traditurus;
3059 918 3113 965 et
3166 925 3344 981 neque
3384 911 3466 965 sic

1893 1022 2091 1062 nomen
2114 1005 2260 1059 illius
2292 1003 2452 1059 nobis
2476 1004 2690 1074 aperuit
2712 1002 2887 1058 bonus
2905 1002 3200 1070 Dominus;
3232 1002 3325 1057 sed
3355 1001 3466 1056 duo

1894 1097 2050 1169 signa
2078 1097 2371 1167 proditoris
2394 1095 2564 1161 dedit;
2591 1111 2757 1150 unum
2779 1094 3299 1166 quidem,dicendo:
3328 1094 3463 1161 cQui

1893 1188 2115 1259 intingit
2140 1204 2348 1243 mecum
2373 1188 2426 1242 in
2459 1189 2664 1254 catino;
2698 1207 2715 1239 ι
2746 1188 2974 1243 alterum
3012 1203 3160 1252 vero,
3197 1188 3459 1244 dicendo:

1896 1279 2026 1335 «Cui
2049 1295 2148 1350 ego
2163 1281 2388 1334 tinctam
2414 1279 2673 1336 bucceam
2698 1295 2994 1351 porrexero
3014 1298 3061 1338 ς»
3094 1281 3202 1335 imo
3224 1280 3251 1336 J
3260 1282 3365 1337 uda
3387 1283 3467 1338 in-

1891 1380 2234 1442 terrogante:
2273 1390 2292 1422 ι
2321 1369 2575 1441 Nunquid
2598 1388 2698 1443 ego
2733 1388 2874 1439 sum,
2910 1371 3110 1427 Rabbi?
3140 1392 3157 1425 ι
3212 1390 3326 1429 ιιοη
3371 1390 3462 1429 re-

1890 1464 2111 1534 spondit
2138 1462 2420 1527 Dominus,
2442 1463 2703 1530 cEtiamp
2730 1463 2846 1529 sed,
2872 1463 2981 1518 «Tu
3007 1465 3221 1521 dixisti:
3249 1486 3267 1519 ι
3285 1475 3339 1523 et
3361 1485 3463 1524 cu-

1891 1556 2046 1625 piens
2067 1563 2270 1610 metum
2295 1555 2372 1609 illi
2389 1571 2451 1609 ea
2470 1556 2527 1610 in
2547 1571 2605 1610 re
2622 1555 3462 1629 incutere,cVa:,inquit,homini

1891 1646 1990 1711 illi,
2010 1663 2106 1718 per
2125 1663 2291 1717 quem
2302 1646 2716 1703 Filiushominis
2740 1649 3005 1715 tradetur;
3024 1650 3227 1705 bonum
3254 1659 3372 1707 erat
3386 1653 3459 1719 ei,

200 1740 273 1795 δι’
300 1734 365 1793 οὗ
394 1739 563 1804 om;
603 1739 698 1793 τοῦ
743 1736 1030 1811 ἀνθρώπου
1064 1739 1415 1811 παραδίδοται
1437 1756 1451 1770 ’
1516 1739 1676 1793 καλὸν
1725 1736 1778 1813 ἧι

1894 1740 1939 1795 si
1962 1751 2124 1796 natus
2146 1756 2253 1795 non
2280 1739 2531 1806 fuissem
2560 1739 2758 1810 quibus
2792 1740 2996 1796 auditis
3020 1742 3174 1806 abiit,
3212 1742 3461 1815 dixitque

201 1831 381 1902 αὐτῷ,
416 1833 464 1886 εί
492 1831 593 1885 οὐκ
622 1831 884 1904 ἐγεννήθη
907 1847 920 1860 ·
956 1850 975 1884 ι
1028 1832 1124 1885 καὶ
1164 1831 1338 1884 ταῦτα
1383 1830 1621 1895 ἀκούσας
1654 1832 1787 1901 (75).

200 1920 455 1979 ἀπελθὼν
486 1919 607 1976 εἷπε
653 1926 766 1986 τοῖς
813 1921 1067 1993 ἱερεῦσιν·
1104 1943 1122 1976 ι
1153 1923 1219 1978 Τί
1260 1923 1443 1977 θέλετέ
1471 1942 1563 1995 μοι
1583 1924 1786 1991 δοῦναι,

203 2018 301 2070 καὶ
328 2014 441 2085 ἐγὼ
470 2016 599 2087 ὑμίν
616 2015 777 2070 αὑτὸν
798 2015 1140 2088 παραδώσω;
1173 2034 1192 2068 ι
1227 2016 1278 2069 οί
1303 2016 1361 2070 δὲ
1385 2016 1618 2088 ἔστησαν
1639 2018 1787 2090 αὐτῷ

200 2108 497 2179 τριάκοντα
544 2106 784 2179 ἀργύρια
808 2124 823 2139 ·
856 2107 950 2162 καὶ
993 2106 1282 2180 ἐπληρώθη
1329 2110 1363 2180 ή
1403 2109 1655 2183 Γραφὴή
1698 2112 1787 2166 λέ-

201 2217 379 2269 γουσα
397 2221 408 2231 ·
453 2219 472 2253 ι
500 2201 610 2254 Καὶ
638 2200 830 2256 ἔλαϐον
864 2199 976 2275 (76)
1004 2200 1074 2255 τὰ
1100 2201 1395 2274 τριάκοντα
1425 2204 1662 2277 ἀργύρια
1687 2207 1786 2279 τὴν

200 2293 374 2364 τιμὴν
423 2291 518 2346 τοῦ
573 2293 969 2365 τετιμημένου,
1015 2293 1074 2348 ὃν
1125 2294 1452 2366 ἐτιμήσαντο
1500 2296 1608 2350 ἀπὸ
1656 2298 1786 2354 υἱῶν

223 2385 471 2457 Ἰσραὴλ,
484 2385 579 2440 καὶ
598 2386 801 2440 ἔδωκαν
822 2386 961 2441 αὺτά
977 2389 1057 2451 εἰς
1082 2386 1174 2441 τὸν
1192 2384 1338 2442 οἷκον
1360 2387 1471 2459 (77)
1489 2388 1585 2443 τοῦ
1618 2407 1786 2461 κεραιι

202 2477 425 2548 μέωςοι
477 2479 573 2531 καὶ
619 2480 686 2549 τῇ
736 2478 993 2552 πέμπτῃ,
1050 2478 1314 2548 φαγόντες
1362 2481 1493 2550 παρ’
1526 2481 1675 2553 αὐτῷ
1724 2482 1786 2538 τὺ

200 2569 419 2639 Πάσχα,
452 2569 722 2640 βάψαντος
758 2571 966 2625 ἐκείνου
998 2572 1095 2644 τὴν
1126 2575 1282 2642 χεῖρα
1325 2574 1405 2636 είς
1432 2573 1493 2626 τὸ
1514 2574 1782 2644 τρυϐλίον,

199 2661 297 2714 καὶ
320 2660 384 2713 τὺ
412 2661 625 2732 ψωμίον
667 2660 951 2726 λαϐόντος,
976 2664 1071 2716 καὶ
1092 2663 1395 2729 ἐξελθόντος
1420 2666 1631 2731 νυκτὸς,
1652 2670 1783 2739 ήμίν

197 2748 356 2804 εἶπεν
390 2752 420 2804 ό
446 2752 675 2823 Κύριος’
706 2772 724 2805 ι
761 2753 1045 2825 Ἐλήλυθεν
1066 2757 1098 2826 ή
1122 2754 1260 2827 ὥρα,
1286 2756 1372 2810 ἵνα
1395 2759 1781 2831 σκορπισθῆτε,

196 2843 298 2896 καὶ
317 2842 421 2913 ἐμὲ
452 2844 611 2914 μόνον
642 2846 837 2918 ἀφῆτε
866 2866 885 2899 ι
920 2848 1013 2901 καὶ
1046 2847 1276 2902 ἐκαστου
1313 2848 1783 2922 διισχυριζομένου

199 2936 281 3007 μὴ
306 2936 699 3009 ἐγκαταλείψαι
732 2939 918 3004 αὑτὸν,
953 2939 1087 3011 ἐμοῦ
1136 2940 1343 3012 Πέτρου
1384 2943 1784 3015 ἐπαγγελλομέ-

1888 1832 2299 1889 sacerdotibus:
2332 1833 2504 1897 «Quid
2526 1834 2690 1887 vultis
2733 1832 2867 1886 mihi
2913 1834 3064 1896 dare,
3094 1843 3149 1890 et
3173 1850 3272 1905 ego
3304 1837 3461 1892 vobis

1887 1940 2009 1980 eum
2027 1924 2238 1981 tradam
2253 1924 2363 1977 ⁸³2»
2390 1924 2467 1978 illi
2490 1940 2620 1979 vero
2632 1924 3034 1979 constituerunt
3047 1925 3097 1980 ei
3121 1927 3342 1995 triginta
3366 1942 3461 1982 ar-

1888 2025 2135 2087 genteos;
2159 2024 2213 2072 et
2230 2017 2450 2086 impleta
2466 2023 2549 2072 est
2569 2015 2851 2086 Scriptura
2870 2032 2990 2086 quae
3011 2017 3143 2071 dicit
3164 2037 3206 2071 :r
3220 2016 3285 2071 Et
3303 2033 3461 2075 acce~

1886 2116 2085 2183 perunt
2117 2108 2338 2179 triginta
2385 2118 2670 2177 argenteos
2707 2108 2940 2177 pretium
2966 2110 3276 2177 appretiati,
3296 2126 3458 2183 quem

1887 2203 2338 2272 appretiaverunt
2364 2216 2395 2255 a
2427 2200 2552 2256 [iliis
2580 2201 2828 2268 lsraelis;
2868 2207 2923 2254 et
2963 2200 3232 2256 dederunt
3267 2218 3362 2257 eos
3402 2204 3458 2258 in

1885 2294 2104 2348 domum
2126 2292 2323 2365 ﬁguli“
2340 2312 2352 2348 :
2370 2312 2387 2344 ι
2410 2302 2465 2348 et
2483 2294 2671 2363 quinta
2689 2292 2843 2359 feria,
2860 2308 2985 2347 cum
3001 2294 3141 2365 apud
3157 2310 3282 2350 eum
3306 2310 3457 2353 corn-

1884 2387 2190 2443 edisscmus
2236 2386 2470 2452 Pascha,
2502 2395 2557 2442 et
2597 2384 2768 2441 Judas
2799 2400 3024 2439 manum
3054 2385 3368 2441 intinxisset
3397 2387 3454 2441 in

1884 2481 2088 2546 catino,
2122 2482 2384 2536 bucceam
2414 2482 2720 2551 accepisset
2752 2494 2816 2533 ac
2839 2486 3001 2534 nocte
3025 2479 3268 2545 exiisset,
3295 2480 3454 2537 nobis

1883 2574 2021 2629 dixit
2047 2573 2308 2631 Dominus
2328 2593 2340 2629 :
2357 2571 2549 2628 «Venit
2574 2574 2731 2637 hora,
2764 2581 2825 2627 ut
2854 2571 3271 2643 dispergamini,
3292 2581 3347 2628 et
3368 2588 3457 2628 me

1884 2668 2059 2721 solum
2082 2667 2406 2737 relinquatis
2420 2667 2466 2698 ⁸⁸
2488 2685 2535 2723 ει
2564 2675 2618 2722 et
2641 2666 2873 2737 singulis
2890 2664 3290 2721 aﬂirmantibus
3307 2666 3453 2735 quod

1882 2775 1993 2815 non
2028 2760 2272 2815 relicturi
2302 2766 2489 2815 essent
2508 2773 2656 2823 eum,
2689 2773 2884 2828 meque
2912 2754 3076 2812 Petro
3101 2757 3455 2826 promittente

1882 2852 2025 2922 quod
2049 2868 2173 2907 cum
2194 2851 2407 2907 eomori
2431 2859 2655 2921 paratus
2670 2865 2869 2914 essem,
2892 2848 3210 2919 respondit:
3250 2849 3452 2905 «Amen

1882 2945 2006 3001 dico
2036 2945 2157 3009 tibi,
2190 2944 2507 3015 priusquam
2536 2942 2713 3014 gallus
2756 2952 2960 3007 cantct,
2994 2949 3076 2997 ter
3103 2942 3332 3013 negabis
3364 2958 3453 2999 me

194 3044 291 3081 νου
326 3028 421 3082 καὶ
453 3030 860 3097 συναποθανεῖν,
882 3028 1060 3085 εἶπεν·
1092 3051 1111 3085 ι
1152 3032 1321 3105 Ἀμὴν
1351 3032 1491 3103 λέγω
1516 3036 1622 3102 σοὶ,
1651 3039 1778 3110 πρὶν

1886 3037 1979 3092 tibi
2007 3046 2195 3092 notum
2212 3053 2335 3094 esse
2352 3037 2418 3092 '“.
2433 3055 2452 3089 ο
2474 3035 2611 3093 Cum
2641 3046 2822 3091 autem
2840 3034 3155 3091 tradidisset
3182 3036 3342 3091 nobis
3359 3050 3454 3090 an-

193 3119 468 3192 ἀλέκτορα
509 3123 774 3193 φωνῆσαι,
826 3124 946 3194 τρὶς
989 3124 1279 3197 ἀπαρνήσῃ
1314 3126 1388 3197 μὴ
1410 3127 1608 3183 εἰδέναι
1639 3146 1725 3200 με.
1756 3150 1775 3184 ι

196 3210 485 3283 Παραδοὺς
526 3214 583 3266 δὲ
613 3217 747 3285 ἡμῖν
778 3214 847 3269 τά
876 3216 1139 3271 ἀντίτυπα
1171 3220 1441 3290 μυστήρια
1475 3220 1570 3273 τοῦ
1601 3221 1780 3292 τιμίου

197 3305 456 3376 σώματος
486 3306 651 3359 αὑτοῦ
679 3309 771 3360 καὶ
798 3308 1028 3378 αἵματος
1078 3308 1212 3380 (78),
1258 3308 1427 3363 Ἰούδα
1459 3310 1534 3382 μὴ
1562 3327 1780 3383 συμπα-

197 3398 389 3469 ρόντος
432 3400 565 3469 ήμῖν
599 3398 733 3471 (79),
759 3399 979 3471 ἐξῆλθεν
1027 3403 1106 3464 είς
1153 3401 1215 3453 τὸ
1258 3401 1383 3474 ὅρος
1426 3402 1534 3456 τῶν
1584 3403 1779 3461 ἐλαιῶν

196 3488 431 3559 πλησίον
462 3490 555 3543 τοῦ
586 3492 888 3565 χειμάρρου
918 3492 1024 3546 τῶν
1043 3492 1284 3564 Κέδρων,
1326 3494 1456 3546 ὅπου
1485 3490 1552 3565 ἦν
1581 3496 1774 3567 κῆπος⁹

200 3583 446 3653 συνῆμεν
476 3583 533 3636 δὲ
554 3584 648 3637 καὶ
670 3587 851 3655 ἡμεῖς,
882 3585 974 3638 καὶ
1004 3584 1323 3656 ὑμνήσαμεν
1356 3586 1498 3641 κατὰ
1544 3587 1604 3640 τὸ
1635 3588 1777 3653 ἔθος*

194 3672 295 3727 καὶ
313 3674 603 3746 χωρισθεὶς
623 3676 801 3747 ήμῶν,
824 3676 957 3730 πολὺ
980 3676 1090 3749 (80)
1114 3678 1454 3750 προσηύχετο
1483 3680 1560 3751 τῷ
1581 3682 1774 3754 Πατρὶ,

194 3762 376 3834 λέγων
396 3782 410 3795 ·
465 3786 484 3819 ι
508 3768 690 3839 Πάτερ
712 3808 727 3832 ,
766 3768 1072 3840 παρένεγκε
1100 3771 1194 3823 ἀπ’
1220 3770 1355 3840 ἐμοῦ
1387 3770 1449 3823 τὸ
1482 3772 1735 3844 ποτήριον
1758 3789 1773 3803 ·

194 3856 343 3929 πλὴν
364 3860 439 3931 μὴ
468 3860 598 3931 ἐμὸν
627 3860 960 3931 (81)θὲλημα
980 3862 1238 3930 γενέσθω,
1259 3862 1393 3916 ἀλλά
1419 3862 1480 3915 τὸ
1509 3864 1619 3917 σόν·
1646 3884 1663 3916 ι
1681 3865 1776 3918 καὶ

1882 3129 2054 3200 titypa
2082 3130 2341 3200 mysteria
2369 3128 2597 3199 pretiosi
2653 3126 2907 3198 corporis
2932 3142 2997 3181 ac
3019 3128 3307 3196 sanguinis
3337 3129 3448 3192 sui,

1878 3219 2018 3277 Juda
2050 3221 2338 3276 nobiscum
2377 3236 2487 3275 non
2531 3221 2905 3283 consistente,
2951 3234 3209 3289 egressus
3262 3228 3348 3274 est
3391 3221 3449 3277 in

1880 3321 2119 3371 montem
2142 3311 2423 3368 Olivarum
2454 3328 2625 3384 prope
2668 3320 2965 3366 torrentem
2996 3311 3321 3377 Cedrorum,
3354 3313 3448 3368 ubi

1878 3418 1998 3461 erat
2034 3406 2227 3461 hortus
2264 3404 2343 3459 ’ἐ
2377 3405 2668 3460 aderamus
2707 3412 2889 3458 autem
2913 3419 3038 3470 nos,
3074 3411 3129 3459 et
3159 3419 3311 3459 more
3348 3421 3448 3458 no~

1877 3508 1994 3555 stro
2016 3499 2278 3570 hymnum
2309 3497 2548 3552 diximus
2577 3497 2628 3529 ⁸⁸
2655 3516 2668 3552 :
2714 3497 2806 3551 ille
2836 3511 2967 3551 vero
2996 3511 3026 3548 a
3081 3496 3241 3550 nobis
3269 3510 3449 3550 remo-

1876 3601 1989 3653 tus,
2018 3593 2250 3646 multum
2271 3592 2465 3647 orabat
2483 3588 2723 3654 Patrem,
2747 3589 2937 3645 dicens
2953 3587 3191 3654 :«Pater,
3208 3588 3447 3642 transfer

1884 3700 1914 3738 a
1940 3700 2027 3739 me
2050 3686 2309 3754 calicem;
2342 3692 2718 3739 verumtamen
2749 3697 2858 3735 non
2888 3696 3006 3736 mea
3032 3682 3285 3736 voluntas
3317 3680 3442 3743 ﬁat,

1876 3777 1971 3833 sed
2002 3785 2092 3831 tua
2127 3776 2203 3830 ":
2230 3796 2249 3828 ι
2280 3775 2428 3847 quod
2456 3790 2581 3828 cum
2609 3773 2770 3829 tertio
2797 3772 3041 3837 fecisset,
3097 3788 3308 3843 nosque
3333 3787 3445 3841 prae

1876 3868 2135 3923 maestitia
2162 3869 2216 3922 in
2248 3882 2500 3923 somnum
2524 3865 2922 3921 decidissemus
2949 3864 3019 3930 ’°,
3050 3865 3319 3920 accedens
3357 3864 3441 3917 di-

267 4017 319 4049 ⁸⁸
351 4016 811 4093 Matth._xx_vr,15.
887 4018 934 4051 “
966 4017 1157 4093 Matth.
1178 4036 1352 4093 xxv",
1375 4020 1430 4075 9.
1504 4022 1551 4053 ⁸⁸
1580 4021 1738 4093 Joan.

1886 4066 1892 4087 .
1943 4026 2047 4093 '52;
2073 4025 2262 4079 Matth.
2286 4040 2441 4085 xxvi,
2464 4026 2555 4080 δί.
2631 4024 2678 4056 ⁸⁸
2707 4022 2838 4077 Luc.
2868 4037 3006 4086 χιιι,
3042 4023 3133 4077 δι.
3206 4022 3254 4053 ⁸¹¹
3278 4020 3435 4076 Joan.

196 4102 362 4154 xvm,
422 4090 473 4143 l.

548 4090 790 4145 "Matth.
827 4106 976 4158 τινι,
1009 4091 1096 4145 30.
1174 4090 1219 4121 ⁸⁸
1244 4090 1377 4146 Luc.
1410 4106 1546 4160 χιιι,
1570 4092 1661 4149 ﬂ.
1735 4096 1778 4127 '°

1886 4098 2003 4151 ιιιιι.
2034 4090 2182 4163 xxvi,
2215 4097 2309 4163 45,
2365 4096 2468 4163 44;
2504 4095 2637 4149 Luc.
2666 4110 2803 4161 χιιι,
2829 4093 2921 4148 ιὸ.

1510 4276 1873 4335 νΑΡιιοιιυΜ
1908 4276 2138 4333 NOTAE.

269 4506 386 4588 (75)
422 4506 1230 4588 Ἐξὲσὲερνισᾴμεῖοςιαύξόν..
1250 4506 1555 4588 ’.Ὸιθτίιυθί
1614 4510 1766 4588 Ἑςπι-

194 4578 383 4641 metm}
518 4578 703 4659 στήθει
738 4578 924 4636 αὑτοῦ.
976 4580 1131 4648 Quod
1180 4578 1397 4635 videtur
1442 4578 1575 4635 esse
1620 4581 1767 4651 glos-

194 4674 373 4708 sema.
432 4672 487 4708 Do

192 4674 373 4716 sema.
409 4672 487 4709 ID.

264 4727 536 4799 (74)_01‘22t
558 4724 732 4799 εἶπεν
761 4726 794 4779 ὁ
813 4724 1044 4799 ΚύριοςἸ
1077 4725 1189 4781 Hoc
1211 4721 1463 4799 estquod
1486 4721 1768 4799 eleganter

192 4790 335 4855 dicit
366 4790 755 4852 'Tertulltanus
818 4790 1134 4850 in'laudem
1186 4790 1456 4866 patientiae
1512 4790 1759 4846 Domini:

194 4871 381 4924 Etiam
406 4867 731 4937 proditorem
758 4882 914 4918 suum
953 4883 1125 4920 secum
1154 4865 1359 4929 habuit,
1388 4878 1478 4916 nec
1514 4871 1765 4915 constan-

194 4951 275 4995 ter
309 4935 598 4991 denotavit.
631 4935 769 4990 Cor.

264 5010 381 5081 (75)
414 5007 527 5062 Καὶ
540 5006 737 5081 ταῦτα
768 5006 1053 5081 ἀκορξοξᾳς.
1085 5006 1198 5062 lmo
1222 5016 1510 5081 antequam
1531 5002 1761 5081 dixisset

194 5073 499 5134 Dominus:
540 5076 629 5130 νω
664 5078 869 5148 [nomini
898 5076 1003 5142 illi,
1024 5094 1115 5148 per
1135 5094 1283 5148 quem
1304 5073 1486 5148 Filius
1506 5073 1761 5148 -Ιιοηιιηὶε

195 5150 440 5203 tradetur
458 5188 472 5210 ,
501 5162 625 5200 cum
657 5145 859 5201 Iudaeis
880 5141 1072 5215 pactus
1094 5141 1271 5201 fuerat
1296 5146 1485 5201 Judas.
1506 5141 1580 5196 lo.

261 5214 377 5286 (76)
414 5214 525 5270 Καὶ
551 5215 793 5282 ἔλαϐον,
825 5214 929 5271 etc.
962 5215 1086 5270 Haec
1112 5215 1316 5286 omnia,
1359 5231 1535 5286 usque
1564 5214 1631 5270 ad
1664 5229 1760 5269 κε-

176 5284 442 5353 ραμέως,
471 5286 667 5339 desunt
698 5286 752 5340 in
782 5286 950 5339 altero
979 5286 1182 5339 codice.
1216 5284 1385 5339 (lu-1n.

189 5356 381 5482 ιι,(77)
420 5355 528 5409 Τὸν
547 5353 729 5407 οἷκον.
763 5353 954 5408 Melius
980 5355 1035 5409 in
1053 5363 1285 5426 utroque
1311 5355 1432 5409 cod.
1451 5352 1540 5407 τὸν
1566 5355 1753 5425 αγρόν,

266 5496 381 5577 (78)
417 5493 726 5577 Ἀκτιςυπα
767 5493 1069 5577 μυστήρια
1109 5495 1213 5577 τοῦ
1248 5495 1441 5575 rude}:
1487 5493 1756 5577 σώματος

190 5563 383 5636 αὑτοῦ
409 5564 508 5636 καί
531 5563 795 5636 agnae.
821 5564 1174 5636 Sacramenta
1197 5563 1443 5634 corporis
1465 5572 1521 5636 et
1540 5563 1757 5636 sangui-

192 5638 283 5691 nis
300 5634 537 5689 Domini.
567 5631 625 5686 ln
655 5635 884 5689 Andreae
906 5633 1186 5690 Cretensis
1211 5631 1457 5691 oratione
1485 5634 1560 5688 De
1587 5631 1751 5690 ruinis

192 5707 529 5777 palmarum:
574 5704 661 5757 Ἑν
688 5704 995 5768 ἀντιτύποις
1048 5702 1349 5777 συμϐόλοις.
1404 5704 1468 5759 Ει
1518 5715 1663 5761 tomo
1706 5704 1751 5760 ll

525 5796 795 5858 Parnor.
829 5797 943 5859 Gn.
986 5798 1037 5858 Ι.

268 4445 365 4520 (72
417 4444 595 4514 Ἠμᾶς
616 4439 1204 4510 παιδεῦσαιἪιθηιιιθ
1228 4441 1359 4510 ήμϊν
1389 4438 1573 4504 δεῖξαι.
1591 4438 1761 4494 Cena.

269 4445 386 4586 (75)
422 4514 999 4586 ἘνοντερνισᾴμεεροςΔ
1015 4510 1230 4586 αὐτόν..
1256 4578 1267 4586 _
1289 4506 1555 4580 Uterque:
1614 4510 1766 4586 ‘Em-

1886 4436 2104 4508 )perum
2122 4437 2177 4491 S.
2195 4436 2503 4523 Epiphanii,
2518 4442 2660 4515 orat.
2678 4434 2743 4488 In
2757 4433 2956 4518 Christi
2971 4435 3397 4490 resurrectionem
3409 4454 3433 4517 ί

1886 4509 1952 4562 Γά
1984 4510 2056 4586 μή
2089 4509 2457 4586 παλαιοιυμενα
2494 4523 2605 4586 ’του
2664 4505 2786 4557 νέου
2813 4506 3004 4586 Πασχα
3048 4505 3169 4586 ἀντ).-
3206 4505 3433 4586 παλαιου

1871 4505 1952 4562 Τά
1984 4510 2056 4581 μὴ
2089 4505 2457 4581 παλαιούμενα
2494 4505 2605 4581 ,τοῦ
2664 4505 2786 4557 νέου
2813 4505 3004 4574 Πάσχα
3048 4505 3169 4581 ἀντὶ
3206 4505 3433 4581 παλαιοῦ

1918 4574 2145 4701 occipiat
2172 4574 2457 4631 ἀντίτῦπα.
2494 4576 2671 4629 Minus
2714 4590 2842 4645 ergo
2870 4584 3015 4629 recte
3066 4590 3097 4627 a
3138 4574 3430 4639 Salmasio,

1918 4651 2009 4701 bro
2077 4667 2101 4701 e
2120 4647 2726 4701 transsubstantiatr‘one.
2746 4661 2800 4701 ι).
2823 4644 2883 4698 Η
2900 4684 2913 4701 .
2940 4643 3205 4697 ἀντίτυπα
3228 4648 3430 4701 μυστή-

1918 4597 2013 4632 υστ
2059 4596 2145 4650 ρια
2172 4595 2457 4631 αντιτυπα.
2495 4595 2671 4629 MIIIUS
2714 4595 2842 4645 ergo
2870 4595 3015 4629 I'BCIC
3066 4595 3097 4627 ιι
3138 4595 3430 4639 annuas"),

1872 4595 2101 4704 ﬁbra?”
2120 4647 2726 4710 transsubstantiatr‘one,
2746 4644 2883 4718 p.41
2900 4684 2913 4706 ,
2940 4643 3205 4697 ἀντίτυπα
3228 4648 3435 4718 μυστή-

1910 4737 1961 4772 ια
1995 4721 2259 4773 indictum
2303 4734 2425 4773 csse
2455 4726 2678 4785 putatur
2718 4725 2773 4769 et
2804 4715 3080 4784 ineptum,
3115 4726 3280 4785 atque
3330 4715 3435 4770 hoc

1891 4805 1992 4843 oco
2012 4807 2076 4844 ex
2093 4791 2275 4859 glossa
2300 4789 2380 4841 vel
2405 4803 2471 4859 ex
2492 4785 2908 4859 interpolatione
2926 4785 3265 4859 profectum.
3289 4785 3427 4840 Cor.

1880 4856 2195 4915 Ἀντίτιίπα
2214 4858 2535 4927 μυστήρια.
2578 4856 2670 4911 Sic
2696 4856 2955 4909 dicuntur
2980 4856 3426 4925 panisetvinum,

1866 4945 2007 4999 quae,
2038 4929 2268 5000 mystica
2307 4930 2519 4982 ratione
2543 4968 2559 4994 ,
2607 4942 2806 4997 corpus
2851 4927 2971 4995 ejus
3010 4934 3067 4981 et
3108 4927 3427 4997 sanguinem

1864 5000 2191 5055 referebant.
2219 5000 2387 5052 (Sun.

1934 5070 2047 5141 (79)
2092 5069 2275 5124 Ἰούδα
2282 5068 2367 5137 μὴ
2401 5068 2818 5141 συμπαρόντος
2838 5066 2999 5141 ἡμῖν,
3016 5065 3134 5121 Non
3156 5073 3239 5121 est
3263 5064 3425 5134 hujus

1862 5138 1968 5196 loci
1995 5141 2298 5210 expendere
2323 5142 2460 5194 duas
2487 5139 2729 5193 celebres
2760 5138 3174 5210 contrariasque
3205 5147 3425 5192 senten-

1861 5212 1989 5274 tias,
2023 5208 2147 5265 cum
2172 5217 2437 5274 veterum,
2486 5216 2601 5261 tum
2639 5208 3028 5269 recentiorum,
3074 5210 3222 5261 circa
3276 5221 3423 5275 quas-

1861 5283 2114 5341 stionem,
2160 5281 2470 5335 adlueritne
2522 5279 2713 5340 Judas,
2755 5279 2839 5333 vel
2888 5278 3144 5339 abfuerit,
3200 5275 3421 5345 quando

1857 5352 2188 5406 eucharistia
2222 5351 2471 5405 instituta
2501 5349 2624 5404 fuit.
2658 5347 2957 5403 Videantur
2984 5362 3267 5402 sacrorum
3306 5345 3420 5399 clo-

1858 5424 2107 5492 quiorurn
2132 5421 2479 5492 interpretes.
2502 5418 2638 5473 Cor.

1928 5493 2039 5560 (80)
2065 5492 2247 5545 Πολύ.

1855 5563 1968 5616 diu.
2002 5563 2169 5616 CLI-Ill.

1926 5632 2039 5703 (81)
2076 5631 2263 5703 Ἐμόν.
2300 5630 2356 5703 In
2380 5632 2554 5703 altero
2589 5631 2651 5685 τὸ
2683 5627 3013 5703 ἐμόνηιιυοᾶ
3061 5626 3256 5683 melius
3286 5642 3414 5684 con-

1855 5697 2001 5759 venit
2021 5697 2152 5757 'cuui
2176 5702 2233 5753 τὸ
2266 5701 2356 5754 σόν
2379 5702 2522 5771 quod
2556 5697 2820 5772 sequitur.
2846 5697 2918 5753 lo.

3084 5794 3164 5857 28

2324 5500 2513 5560 terque
2532 5493 2703 5545 codex
2730 5489 2792 5543 οὐ
2843 5486 2998 5555 πολύ,
3036 5487 3141 5542 hoc
3170 5495 3256 5541 est
3305 5502 3412 5540 tum
