3876 6188
181 298 301 355 8¹Π

1095 296 1688 353 CONSTITUTIONES
1720 297 2388 354 APOSTOLICJE.—LIB.
2426 298 2489 351 γ.

3312 305 3423 358 878

184 420 362 489 ἑαυτῇ
379 433 395 450 ⁶
421 434 443 472 ι
473 414 569 471 καὶ
594 413 753 469 πάλιν
770 432 784 445 ο
824 434 844 467 ι
869 416 1314 487 Περιεκύκλωσάν
1353 435 1418 489 με
1448 416 1605 482 κύνες
1632 418 1745 471 πολ·

1863 435 2030 491 agoga
2052 421 2461 491 malignantium
2486 420 2695 475 obsedit
2717 418 2889 483 me”;
2921 437 2940 470 ι
2971 417 3095 471 etin
3119 416 3226 471 alio
3256 418 3376 472 loco
3403 438 3416 472 :

182 511 293 573 λοὶ,
328 506 615 578 συναγωγὴ
635 508 1077 578 πονηρευομένων
1114 509 1396 579 περιέσχον
1426 526 1512 579 με·
1540 528 1560 561 ι
1592 510 1683 561 καὶ
1702 510 1760 562 ἐν

182 601 431 673 ἑτέροιςο
470 619 488 651 ι
540 600 782 667 Ἐγένετο
810 601 843 669 ἡ
877 599 1209 670 κληρονομία
1242 616 1341 670 μου
1373 600 1482 671 (94)
1515 602 1657 670 ἐμοὶ,
1685 601 1761 665 ὡς

180 692 327 745 λέων
360 692 419 744 ἐν
446 689 655 762 δρυμῷ,
686 690 881 742 ἔδωκεν
914 690 1014 741 ἐπ’
1043 690 1142 761 ἐμὲ
1171 690 1267 760 τὴν
1308 691 1487 762 φωνὴν
1514 692 1703 761 αὐτῆς.
1735 710 1753 743 ι

193 782 258 837 Ὁ
291 779 387 836 οὖν
415 782 646 844 Πιλάτος
664 781 923 852 ἀνανδρίᾳ
945 782 1309 853 καταισχύνας
1338 782 1434 853 τὴν
1456 783 1649 855 ἀρχὴν,
1672 784 1761 837 αύ-

176 876 279 938 τδς
310 873 500 929 ἐαυτὸν
530 872 800 943 ἐξελέγχει
820 874 1017 936 κακίας
1038 874 1169 945 (95),
1200 875 1307 945 πρὸ
1334 875 1427 927 τοῦ
1458 875 1664 929 δικαίου
1691 876 1759 929 τὰ

177 966 370 1038 πλήθη
400 964 758 1037 θεραπεύσας,
784 966 877 1018 καὶ
900 965 1188 1037 μαρτυρῶν
1212 967 1308 1037 μὲν
1335 966 1483 1037 αὐτῷ
1512 966 1587 1030 ὡς
1606 967 1759 1019 ἀναι-

174 1059 306 1128 τίῳ,
329 1058 407 1120 ὡς
437 1058 608 1109 αἴτιον
635 1056 691 1109 δέ
714 1055 929 1109 κολάσει
957 1056 1143 1109 τοῦτον
1165 1057 1489 1127 παραδιδοὺς
1519 1058 1755 1129 σταυρῷ,

176 1152 368 1203 καίτοι
409 1149 690 1220 Ῥωμαίων
710 1148 903 1219 νόμους
920 1148 1211 1219 τιθεμένων
1231 1149 1360 1219 (96),
1382 1150 1580 1220 μηδένα
1607 1150 1759 1215 ἀνεξ-

176 1242 444 1309 έλεγκτον
473 1240 742 1311 θνήσκειν.
782 1242 977 1310 Δήμιοι
1013 1240 1068 1292 δέ
1101 1240 1507 1311 παραλαϐόντες
1536 1239 1625 1293 τὸν
1657 1241 1757 1311 τῆς

174 1334 342 1402 δόξης
363 1333 583 1403 Κύριον,
608 1331 747 1403 ξύλῳ
764 1331 1140 1403 προσήλωσαψ
1165 1332 1297 1404 ἕκτῃ
1322 1332 1418 1402 μὲν
1447 1331 1565 1403 ὥρᾳ
1596 1348 1757 1384 σταυ-

178 1426 462 1496 ρώσαντες
504 1425 685 1487 αὐτὸν,
707 1425 865 1497 τρίτῃ
893 1424 947 1476 δὲ
965 1423 1083 1495 ὥρᾳ
1109 1423 1206 1495 τὴν
1238 1424 1507 1493 ἀπόφασιν
1533 1424 1757 1493 δεξάμε-

174 1536 262 1570 νοι
290 1518 389 1589 τὴν
428 1517 554 1588 περὶ
588 1516 751 1569 αὐτοῦ
796 1516 926 1587 (97).
962 1517 1187 1568 Ἔπειτα
1216 1515 1418 1568 ἔδωκαν
1456 1515 1605 1586 αὐτῷ
1636 1514 1756 1580 ὅξος

173 1613 329 1663 πιεῖν
363 1609 497 1681 μετὰ
525 1610 706 1680 χολῆς.
743 1604 877 1661 Εἶτα
905 1609 973 1661 τὰ
1004 1608 1190 1679 ἱμάτια
1236 1606 1401 1660 αὐτοῦ
1431 1608 1616 1679 κλήρῳ
1646 1607 1753 1679 (98)

172 1702 254 1755 διε
265 1720 333 1773 με
340 1703 394 1773 ρί
401 1719 577 1754 σαντο.
603 1703 827 1754 Ἔπειτα
842 1700 932 1753 δύο
946 1700 1282 1773 κακούργους
1295 1699 1642 1771 ἐσταύρωσαν
1660 1701 1753 1754 σὺν

172 1793 354 1863 αὐτῷ,
386 1792 447 1857 ἐξ
478 1793 736 1865 ἐκατέρου
770 1792 969 1864 μέρους
990 1809 1001 1821 ·
1028 1794 1113 1845 ἵνα
1142 1792 1397 1864 πληρωθῇ
1425 1791 1485 1845 τὸ
1511 1810 1755 1865 γεγραμ-

176 1886 379 1955 μένον·
419 1903 436 1935 ι
465 1885 711 1937 Ἐδωκαν
749 1886 827 1946 είς
854 1883 913 1935 τὸ
944 1883 1136 1955 βρῶμά
1185 1901 1286 1958 μου
1324 1883 1504 1955 χολὴν,
1552 1885 1645 1937 καὶ
1676 1887 1755 1949 εἰς

171 1976 276 2046 τὴν
304 1975 463 2045 δίψαν
487 1970 586 2047 μου
608 1975 859 2029 ἐπύτισάν
908 1993 973 2046 με
1019 1976 1158 2040 ὅξος
1200 1996 1218 2027 ›
1246 1977 1339 2029 καὶ
1367 1977 1545 2029 πάλιν·
1583 1996 1601 2028 ι
1638 1980 1755 2030 Διε-

174 2068 478 2139 μερίσαντο
507 2067 575 2120 τά
597 2067 786 2137 ἱμάτιά
814 2084 914 2138 μου
945 2068 1177 2131 ἑαυτοῖς,
1207 2068 1301 2120 καὶ
1332 2069 1424 2121 ἐπί
1444 2068 1533 2121 τὸν
1576 2071 1755 2140 ἱματι-

174 2159 319 2229 σμόν
355 2176 456 2231 μου
485 2158 674 2213 έΰαλον
703 2158 902 2231 κλῆρον
927 2176 940 2189 ·
970 2178 990 2210 ι
1023 2161 1116 2212 καὶ
1135 2161 1191 2212 ἐν
1208 2160 1383 2224 ἄλλοις
1402 2178 1414 2189 ·
1447 2180 1464 2213 ι
1489 2163 1597 2214 Καὶ
1619 2162 1753 2233 μετὰ

169 2250 397 2321 ἀνόμων
416 2251 717 2322 ἐλογίσθην.
749 2270 767 2302 ι
798 2252 1025 2304 Ἔπειτα
1048 2251 1261 2319 ἐγένετο
1281 2255 1427 2323 τρεῖς
1461 2252 1608 2323 ὧρας
1630 2254 1753 2307 σκό-

170 2358 292 2405 τος,
323 2342 433 2396 ἀπὸ
460 2341 622 2413 ἕκτης
650 2343 755 2406 ἕως
787 2342 1030 2413 ἐννάτης’
1064 2344 1158 2397 καὶ
1184 2343 1343 2396 πάλιν
1363 2344 1476 2413 φῶς
1495 2345 1631 2415 πρὸς
1649 2345 1751 2397 δεί-

169 2433 275 2504 λην
299 2451 313 2464 ·
346 2432 530 2497 καθὼς
560 2434 885 2506 γέγραπται·
912 2454 930 2485 ι
956 2436 1067 2488 Καὶ
1093 2436 1190 2505 οὐχ
1217 2435 1398 2507 ἡμέρα
1420 2436 1547 2507 (99),
1579 2436 1672 2490 κα).
1691 2437 1751 2490 ού

169 2525 294 2590 νὺξ,
326 2527 423 2580 καὶ
461 2526 598 2598 πρὸς
640 2528 876 2599 ἑσπέραν
906 2527 1058 2581 ἔσται
1101 2528 1234 2597 φῶς.
1262 2548 1281 2580 ι
1317 2530 1493 2600 "Amp
1537 2529 1751 2583 ἅπαντα

170 2618 325 2690 (100)
347 2618 669 2692 θεασάμενοι
697 2622 746 2673 oi
767 2620 1235 2693 συσταυρωθέντες
1254 2621 1401 2692 αύτῷ
1417 2621 1712 2691 κακοῦργοι
1734 2639 1747 2652 ·

167 2710 202 2763 ὁ
237 2712 338 2781 μέν
368 2711 545 2765 αὐτῶν
572 2712 930 2784 ἐϐλασφήμει,
964 2712 1162 2767 ὡσανεὶ
1183 2713 1250 2765 δι’
1269 2713 1548 2767 ἀσθένειαν
1568 2714 1642 2785 μὴ
1662 2714 1753 2767 δυ-

169 2802 409 2872 νάμενον
454 2802 632 2873 ἑαυτῷ
671 2804 999 2875 ἐπαμύνεινο
1030 2804 1060 2856 ὁ
1087 2804 1143 2857 δὲ
1176 2804 1350 2874 τούτῳ
1395 2805 1490 2874 μὲν
1530 2806 1751 2873 ἄγνοιαν

169 2893 435 2965 ἐπετίμα,
469 2894 605 2966 πρὸς
632 2895 688 2948 δὲ
714 2896 803 2949 τὸν
836 2894 1034 2966 Κύριον
1068 2896 1343 2966 στραφεὶς,
1373 2895 1448 2959 ὡς
1488 2895 1554 2949 ἂν
1588 2914 1751 2966 φωτι-

170 2982 328 3048 σθεὶς
358 2985 460 3038 ὑπ’
489 2986 677 3051 αὑτοῦ,
707 2987 800 3040 καὶ
846 2988 1008 3055 γνοὺς
1035 2988 1093 3049 ὃς
1119 3004 1204 3050 τις
1247 2988 1274 3038 ὁ
1323 2986 1564 3057 πάσχων,
1597 2984 1748 3058 ἠξίου

1865 530 1885 563 ι
1918 512 2079 565 Facta
2106 520 2188 566 est
2219 512 2504 567 haareditas
2535 526 2652 565 mea
2684 510 2839 575 mihi,
2872 509 3032 578 quasi
3064 508 3149 562 leo
3173 508 3228 562 in
3252 509 3418 572 silva;

1860 604 2008 657 dedit
2036 611 2225 657 contra
2250 618 2335 657 me
2359 619 2541 657 vocem
2575 617 2727 657 suam
2768 601 2833 655 θ’.
2869 619 2887 652 ι
2910 598 3117 654 Pilatus
3138 614 3267 667 ergo
3284 615 3422 668 pra:-

1861 696 2120 751 l'ecturam
2144 712 2297 751 suam
2329 697 2542 767 ignavia
2580 695 2936 758 dedecorans,
2981 708 3040 748 se
3071 692 3188 763 ipse
3219 693 3425 762 impro-

1857 788 2043 843 bitatis
2066 789 2321 852 convicit,
2357 788 2448 858 qui
2488 788 2625 857 plebi
2659 787 2839 841 favere
2884 786 3076 840 maluit
3103 800 3267 854 quam
3306 784 3425 839 viro

1853 878 2043 948 justo;
2074 889 2127 935 et
2158 896 2281 935 eum
2322 881 2410 934 cui
2441 880 2811 935 testimonium
2857 876 3182 931 innocentiae
3218 876 3414 946 prabe—

1856 972 1967 1039 bat,
2002 980 2258 1041 tanquam
2289 979 2575 1026 nocentem
2623 968 2894 1039 supplicio
2941 968 3125 1022 crucis
3158 966 3421 1031 tradidit;

1856 1065 2104 1135 quamvis
2127 1063 2357 1119 Romani
2380 1064 2588 1133 legibus
2610 1062 2880 1117 vetuerint
2929 1076 2997 1115 ne
3018 1060 3073 1115 in
3095 1075 3421 1130 quemquam

1855 1158 1960 1211 nisi
1999 1156 2338 1218 convictum,
2384 1162 2559 1209 morte
2605 1153 3086 1207 animadvertatur.
3126 1149 3423 1205 Carnilices

1854 1266 1984 1305 vero
2015 1250 2119 1303 sibi
2154 1248 2413 1301 traditum
2465 1246 2651 1317 gloria:
2683 1245 2970 1299 Dominum
3014 1243 3161 1312 ligno
3184 1240 3424 1295 conﬁxe—

1853 1349 2019 1407 runt;
2052 1342 2183 1394 hora
2214 1347 2366 1395 sexta
2408 1339 2791 1407 cruciligentes
2816 1352 2961 1399 eum,
2998 1349 3121 1389 cum
3154 1334 3286 1386 hora
3313 1339 3425 1386 ter-

1852 1432 1928 1485 tia
1966 1432 2287 1487 sententiam
2328 1432 2393 1485 de
2426 1446 2491 1485 eo
2530 1430 2798 1498 prolatam
2839 1424 3275 1495 accepissentd“
3318 1423 3424 1477 De-

1853 1524 2050 1578 derunt
2091 1524 2139 1579 ei
2179 1536 2365 1593 postea
2414 1531 2625 1576 acetum
2662 1536 2785 1574 cum
2830 1518 2953 1573 felle
2985 1517 3051 1571 ad
3101 1516 3420 1570 bibendum.

1854 1613 2055 1669 Deinde
2074 1615 2395 1669 vestimenta
2413 1614 2533 1681 ejus
2552 1620 2698 1667 sorte
2718 1610 2863 1680 jacta
2892 1607 3076 1678 partiti
3100 1615 3247 1662 sunt.
3282 1605 3419 1659 Tum

1854 1705 1992 1760 duos
2023 1705 2297 1759 maleficos
2329 1719 2452 1757 cum
2485 1718 2550 1757 eo
2575 1718 2638 1757 ex
2674 1709 2909 1771 utraque
2937 1706 3091 1769 parte
3120 1700 3174 1752 in
3200 1712 3419 1751 crucem

1855 1798 2216 1852 sustulerunt.
2244 1794 2314 1850 Ut
2334 1796 2649 1865 impleretur
2670 1793 2814 1864 quod
2831 1792 3092 1861 scriptum
3117 1790 3219 1843 l'uit
3244 1803 3258 1839 ε
3287 1787 3422 1842 «υθ-

1860 1890 2059 1945 derunt
2087 1888 2143 1941 in
2174 1903 2354 1942 escam
2386 1902 2558 1941 meam
2590 1885 2659 1941 fel
2685 1901 2698 1951 ;
2742 1892 2796 1940 et
2831 1884 2885 1937 in
2918 1884 3008 1937 siti
3052 1897 3170 1935 mea
3199 1887 3422 1951 potave-

1854 1987 1981 2035 runt
2007 1995 2093 2033 me
2118 1986 2270 2033 aceto
2294 1980 2308 2009 ι
2336 1994 2350 2031 :
2388 1996 2405 2028 ›
2442 1985 2496 2032 et
2528 1992 2720 2031 rursus
2745 1991 2758 2027 :
2799 1993 2817 2025 ι
2849 1973 3165 2028 Diviserunt
3194 1971 3298 2027 sibi
3325 1986 3420 2024 ve-

1855 2071 2108 2127 stimenta
2137 2084 2254 2123 mea
2280 2084 2293 2133 ;
2323 2074 2375 2123 et
2396 2082 2560 2138 super
2578 2074 2782 2122 vestem
2816 2080 2988 2120 meam
3012 2065 3283 2120 miserunt
3304 2077 3422 2116 sor-

1852 2170 1962 2217 tem
1984 2164 2004 2193 ¹
2029 2178 2073 2228 ;»
2115 2167 2168 2215 et
2194 2160 2299 2213 alio
2322 2160 2375 2213 in
2409 2160 2565 2213 loco:
2599 2176 2615 2209 ι
2646 2157 2710 2210 Et
2739 2172 2865 2211 cum
2902 2156 3106 2226 iniquis
3140 2161 3422 2224 repulatus

1854 2268 1973 2307 sum
1996 2250 2036 2307 ³.
2076 2270 2095 2303 ι
2155 2250 2283 2304 Inde
2325 2249 2541 2303 fuerunt
2583 2249 2817 2304 tenebras
2870 2263 2963 2317 per
3003 2255 3114 2302 tres
3150 2245 3346 2311 horas,
3389 2260 3419 2299 a

1854 2351 2006 2399 sexta
2031 2358 2207 2411 usque
2242 2340 2308 2394 ad
2352 2355 2550 2394 nonam
2580 2356 2594 2404 ;
2628 2354 2932 2409 rursusque
2965 2338 3056 2392 lux
3096 2337 3200 2391 sub
3229 2351 3420 2404 vespe-

1850 2452 1966 2490 ram
2004 2455 2017 2490 :
2049 2437 2192 2491 sicut
2222 2433 2484 2502 scriptum
2506 2439 2589 2486 est
2617 2447 2629 2481 :
2664 2452 2680 2483 ι
2701 2432 2765 2484 Et
2788 2446 2895 2484 non
2922 2429 3059 2491 dies,
3088 2444 3264 2498 neque
3287 2443 3417 2492 nox;

1850 2536 1905 2583 et
1932 2527 1999 2581 ad
2027 2541 2311 2595 vesperam
2342 2526 2446 2579 erit
2474 2525 2565 2577 lux
2588 2524 2629 2580 ⁸.
2663 2542 2681 2575 ι
2721 2522 2853 2588 Qua:
2900 2522 3082 2576 omnia
3129 2534 3255 2574 cum
3294 2534 3421 2589 spc-

1849 2629 2093 2675 ctassent
2132 2616 2427 2672 facinerosi
2462 2616 2563 2681 illi,
2602 2630 2710 2669 una
2751 2617 2806 2668 in
2838 2629 3056 2668 crucem
3084 2612 3223 2677 acti;
3282 2612 3422 2665 alter

1850 2712 2069 2782 quidem
2090 2728 2152 2765 ex
2179 2712 2245 2765 iis
2270 2709 2515 2763 convicia
2536 2707 2793 2777 iaciebat,
2824 2705 2981 2775 quasi
3014 2703 3268 2759 Christus
3294 2718 3421 2773 pro-

1850 2812 1970 2874 pter
1998 2802 2365 2857 infirmitatem
2408 2799 2512 2854 sibi
2544 2800 2660 2869 ipse
2689 2814 2845 2868 opem
2884 2798 3023 2852 ferre
3060 2811 3167 2851 non
3195 2803 3417 2866 posset;

1849 2898 1985 2951 alter
2017 2910 2143 2950 vero
2169 2892 2416 2947 criminis
2450 2892 2658 2947 socium
2698 2891 3013 2960 increpabat
3058 2888 3376 2957 ignorantia:
3400 2924 3415 2950 .

1848 2996 2010 3057 atque
2037 2986 2102 3040 ad
2129 2984 2419 3039 Dominum
2451 2998 2774 3045 conversus,
2810 2989 2869 3035 ut
2899 2981 2964 3035 ab
2992 2996 3058 3033 eo
3089 2980 3415 3042 illustratus.

172 3076 401 3147 μνήμην
428 3075 591 3130 αὐτοῦ
620 3078 869 3147 γενέσθαι
896 3080 953 3131 ἐν
980 3081 1045 3150 τῇ
1077 3077 1320 3149 βασιλεία
1373 3080 1454 3141 είς
1495 3078 1563 3132 τὰ
1608 3080 1743 3150 μετὰ

1851 3094 1914 3134 ac
1951 3080 2132 3133 sciens
2161 3078 2253 3146 qui
2278 3082 2423 3131 esset
2448 3075 2543 3143 qui
2577 3083 2875 3144 pateretur,
2907 3072 3118 3135 orabat,
3147 3071 3201 3125 in
3231 3078 3416 3141 poste--

168 3168 348 3221 ταῦτα
374 3185 386 3197 ·
415 3169 445 3221 ὁ
472 3169 500 3221 δ
518 3171 533 3191 ’
564 3170 723 3234 εὐθὺς
748 3170 1047 3242 ἀμνηστίαν
1075 3170 1223 3240 αὐτῷ
1266 3169 1374 3223 τῶν
1421 3171 1745 3240 προγεγονό-

168 3276 279 3315 wv
308 3262 694 3333 χαρισάμενος,
724 3266 803 3327 εἰς
831 3263 1152 3335 παράδεισον
1179 3263 1490 3334 εἰσήγαγεν,
1508 3262 1745 3316 ἀπολαύ-

172 3369 336 3406 σοντα
364 3353 471 3407 τῶν
501 3355 775 3424 μυστικῶν
794 3372 808 3386 ο
839 3355 897 3419 ὃς
923 3356 1015 3408 καὶ
1044 3356 1171 3426 περὶ
1198 3354 1293 3426 τὴν
1333 3356 1557 3426 ἐννάτην
1597 3356 1745 3427 ὥραν

168 3443 481 3513 ἀναϐοήσας
508 3441 627 3498 εἷπε
666 3446 744 3517 τῷ
771 3448 945 3518 Πατρί
964 3464 976 3477 ⁸
1015 3466 1033 3497 ι
1071 3447 1169 3500 Θεέ
1200 3464 1321 3517 μου,
1351 3447 1449 3499 Θεέ
1493 3464 1591 3516 μου
1616 3486 1629 3510 ,
1660 3448 1745 3500 ἴνα

170 3533 225 3586 τί
257 3552 326 3605 με
356 3536 730 3603 ἐγκατέλιπες;
762 3556 780 3589 ι
801 3540 895 3591 καὶ
925 3540 1039 3609 μετ’
1068 3538 1243 3605 ὀλίγον
1265 3537 1337 3609 (1)
1361 3538 1565 3608 κράξας
1594 3542 1743 3609 φωνῇ

174 3626 388 3700 μεγάλῃ
408 3643 424 3657 δ
459 3629 691 3700 (Πάτερ,
722 3631 855 3699 ἄφες
888 3631 1089 3694 αὐτοῖς,
1120 3632 1182 3683 οὐ
1211 3629 1318 3701 γὰρ
1361 3631 1531 3682 οἴδασι
1570 3629 1621 3681 τί
1666 3630 1740 3700 (2)

171 3717 417 3772 ποιοῦσι·
434 3739 453 3771 ›
487 3722 580 3774 καὶ
607 3722 900 3791 ἐπαγαγών
922 3741 966 3775 ⁸(
988 3725 1082 3786 Εἰς
1110 3722 1294 3794 χεῖράς
1325 3740 1416 3775 σου
1448 3723 1742 3795 παρατίθη-

276 3873 324 3905 ⁹⁸
346 3871 492 3927 Psal.
526 3889 641 3936 xu,
668 3874 754 3928 l7.

172 3941 263 4002 19.
374 3944 395 3974 ³
425 3941 530 3999 lsa.
557 3961 675 4010 Lm,
704 3944 787 3998 1‘2.
896 3951 917 3977 ⁸
948 3946 1112 4001 Zach.
1146 3963 1257 4012 xw,
1278 3947 1326 4001 7.

841 3874 886 3907 ⁹⁹
906 3874 1015 3930 Jer.
1044 3890 1144 3941 xu,
1176 3876 1228 3930 8.
1308 3877 1374 3908 ¹⁰⁰
1396 3876 1431 3929 l.
1462 3875 1635 3944 lgnat.
1680 3874 1745 3927 inl

896 3951 917 3977 ⁸
948 3946 1112 3998 Zach.
1146 3963 1256 3998 xw.
1278 3947 1326 3998 7.
1431 3947 1451 3975 "
1480 3946 1671 3998 Matth.
1705 3962 1745 3997 Χ

1851 3874 2039 3997 ιοίὶϋειίι
2064 3872 2230 3929 Trali.
2271 3874 2324 3927 9.
2405 3874 2419 3901 ‘
2454 3870 2599 3929 Psal.
2643 3887 2834 3937 uvtn,
2875 3872 2968 3928 ‘22.

1480 3960 1671 3999 manu.
1705 3960 1872 4009 xxut,
1899 3960 1990 3998 eo.

1846 3188 1965 3228 rum
2002 3171 2318 3225 memoriam
2353 3168 2435 3222 sui
2464 3166 2718 3237 usurpari
2760 3168 2811 3219 in
2836 3180 3004 3235 regno
3033 3184 3045 3218 ;
3071 3172 3126 3217 at
3152 3162 3417 3216 Dominus

1845 3264 2133 3319 confestim
2163 3264 2288 3316 data
2333 3262 2383 3315 ei
2408 3260 2808 3331 prmteritorum
2840 3258 2997 3313 venia
3038 3265 3093 3311 et
3116 3256 3423 3317 obiivione,‘

1845 3360 1898 3411 in
1925 3356 2237 3427 paradisum
2264 3354 2585 3417 introduxit,
2621 3350 2713 3405 ubi
2748 3350 2906 3405 bonis
2936 3349 3184 3420 mysticis
3215 3348 3417 3401 fruere—

1848 3460 1954 3506 tur.
1980 3448 2152 3503 Porro
2181 3448 2326 3502 circa
2358 3446 2547 3501 horam
2577 3459 2776 3498 nonam
2797 3443 3048 3496 Christus
3065 3440 3412 3501 exclamavit,

1845 3549 1898 3595 et
1917 3540 2065 3593 Patri
2089 3539 2227 3593 dixit
2253 3554 2265 3588 :
2296 3556 2313 3588 ι
2348 3536 2487 3591 Deus
2512 3549 2685 3598 meus,
2713 3534 2855 3589 Deus
2876 3550 3050 3595 meus,
3086 3541 3145 3586 ut
3170 3530 3299 3601 quid
3319 3532 3415 3585 de-

1846 3632 2112 3701 reliquisti
2133 3630 2283 3684 me“?
2320 3650 2337 3681 ι
2364 3628 2430 3681 Ει
2462 3629 2621 3698 paulo
2644 3633 2769 3697 post
2802 3641 2926 3680 cum
2961 3625 3252 3679 clamasset
3283 3637 3416 3676 voce

1843 3722 2046 3793 ingenti
2075 3740 2087 3775 :
2120 3718 2335 3785 «Pater,
2361 3718 2575 3773 dimitte
2595 3716 2732 3782 illis;
2784 3732 2891 3770 non
2915 3717 3057 3771 enim
3081 3715 3262 3769 sciunt
3284 3712 3415 3783 quid

3065 3871 3084 3901 ²
3115 3869 3259 3925 Psal.
3306 3884 3423 3929 xxt.

1469 4082 1831 4139 VARIORUM
1864 4082 2092 4139 ΝΟΤᾹΞ.

186 4284 189 4291 .
241 4236 353 4307 (94)
380 4237 530 4291 Μοῦ.
562 4235 724 4311 Deest
753 4239 807 4292 in
836 4239 1007 4295 altero
1036 4240 1160 4295 cod.
1205 4250 1394 4311 estque
1422 4258 1606 4297 revera
1636 4258 1730 4296 su-

174 4322 526 4378 pervacuum.
554 4308 721 4378 CLEn.

240 4378 354 4445 (95)
386 4378 629 4443 Κακίας.
664 4377 822 4433 Deest
848 4380 899 4433 in
930 4380 1102 4433 altero
1128 4379 1250 4435 eod.
1294 4380 1366 4435 In.

173 4510 186 4521 .
239 4447 349 4513 (96)
388 4447 723 4521 Ίψεμένων.
756 4447 811 4500 in
840 4450 961 4503 cod.
996 4449 1223 4504 Vindob.
1259 4450 1494 4520 θεμένων
1524 4452 1578 4504 in
1606 4466 1736 4521 con-

1832 4243 1923 4294 καὶ
1952 4242 2329 4317 ἀναμφιβόλως
2357 4245 2656 4298 ἐκτίθεται·
2693 4248 2813 4299 ἐπεὶ
2841 4244 2934 4300 οὖν
2966 4247 3276 4317 σταυρῶσαι
3307 4248 3403 4317 καὶ

1832 4312 2245 4387 τιμωρήσασθαι
2275 4314 2474 4387 -ἕῌκτοτε
2503 4318 2551 4367 οἱ
2596 4317 2843 4370 δικασταὶ
2884 4312 3150 4384 λέγονται,
3195 4319 3300 4387 ἀφ’
3345 4312 3409 4369 οὗ

1833 4382 1930 4456 τῂν
1959 4382 2233 4456 ἀπόφασιν
2272 4382 2644 4451 ἐξενέγκωσιν,
2676 4397 2782 4440 etc.
2827 4388 2903 4440 Ita
2948 4382 3309 4456 supplendum
3338 4404 3407 4441 ex

1843 4450 2245 4526 'l‘thphylaCto
2271 4492 2284 4513 ,
2329 4450 2492 4521 atque
2522 4472 2585 4508 ex
2618 4458 2809 4509 codice
2841 4450 3161 4526 licgio'iﬁﬁ,
3191 4474 3254 4511 ex
3298 4474 3409 4526 quo

166 4514 296 4595 ἱείς..
318 4514 517 4595 nte-dia,
540 4535 660 4595 quae
692 4522 1106 4595 hic_elegantior
1133 4532 1234 4577 est.
1272 4514 1403 4578 Vide
1447 4522 1591 4575 Lud.
1633 4518 1743 4576 tm-

1851 4514 2163 4595 ]uibu'sd'am
2210 4514 2533 4591 interjebtis,
2580 4535 2698 4593 post
2739 4514 3029 4589 nléﬁav'teg
3058 4514 3410 4595 στέφανον’ἐξ

169 4583 296 4635 steri
336 4583 572 4641 dissert;
593 4590 659 4642 de
688 4592 851 4643 verbo
880 4583 1074 4646 medio.
1103 4595 1176 4647 In.

242 4652 354 4727 (97)
387 4654 558 4727 ΔΤρίτῃ
576 4653 797 4727 ’δὲμῶρᾳ
825 4660 937 4723 τὴν
964 4658 1270 4725 ἀπόφασιν
1288 4658 1594 4727 δεξάμενοι
1623 4665 1736 4727 τὴν

169 4723 303 4789 περὶ
331 4722 537 4777 αὑτοῦ.
572 4722 950 4778 llaliucinatur
982 4722 1457 4783 vir'doctissimu's
1498 4722 1736 4783 Jarobus

174 4792 450 4868 ysserius,
496 4792 625 4846 dum
667 4810 789 4863 cap.
818 4797 897 4868 _ll
953 4797 1355 4868 dissertationis
1393 4799 1460 4853 de
1513 4802 1733 4868 scriptis

170 4860 472 4938 S._lgnatii,
512 4872 643 4938 ete.,
667 4860 775 4938 (non
799 4865 1155 4938 dubitandum
1192 4878 1379 4922 censet
1416 4870 1547 4938 quin
1588 4860 1734 4923 (ὲὶηι-

168 4935 394 5008 stitutor
437 4932 624 5008 legerit
663 4934 968 5008 inxJoannis
997 4937 1288 5006 Evangelio
1322 4932 1582 5008 capIxtx,
1634 4941 1729 5001 lii:

171 5003 313 5082 Ἥρᾳ
340 5000 474 5082 ὡσεὶ
496 5000 1055 5082 τρίτῃᾉῼυίιίιειρὶιη,
1090 5008 1134 5062 si
1150 5000 1235 5062 ἐχ
1278 5000 1466 5082 eorum
1506 5000 1734 5082 munero

170 5070 295 5133 fuit,
339 5071 457 5147 qui,
491 5070 1108 5147 teste"heophylucto,
1145 5093 1269 5130 cum
1314 5080 1554 5147 legerent
1591 5081 1733 5134 sicut

168 5156 337 5219 nunc,
365 5145 540 5219 Ma_r_‘c._
572 5146 788 5219 ιδῃ-25,
814 5145 879 5219 ἦν
908 5147 964 5199 δὲ
992 5146 1107 5217 ὥρα
1135 5148 1312 5219 τρίτη,
1343 5145 1397 5203 et
1424 5147 1580 5205 Joan.
1616 5166 1729 5212 χιχ,

169 5212 255 5288 μ,
285 5211 404 5288 ὥρα
429 5211 484 5263 δὲ
512 5211 1095 5288 ὡσεὶ-ἐκτηξῇιιιτουὶη
1126 5211 1467 5288 οὲροὴθιηηι
1496 5219 1562 5273 de
1600 5211 1731 5273 hera

170 5283 290 5335 lata?
312 5283 577 5336 adversus
597 5283 875 5339 Christum
901 5283 1211 5350 sententim,
1232 5287 1496 5343 Joannem
1518 5306 1646 5343 vero
1666 5291 1732 5345 de

170 5353 817 5430 cruciﬁgonistempore
840 5357 861 5409 ?
891 5356 1020 5421 Qua:
1042 5358 1263 5430 quidem
1288 5361 1579 5430 explicatio
1607 5378 1731 5430 pro-

170 5419 328 5499 batur
368 5419 982 5499 Theophani—Cerauniae
1036 5419 1223 5499 ligmil.
1254 5419 1377 5499 27..
1428 5419 1730 5499 Hesychius

170 5491 1001 5614 ﬂesbyterlherosolymitanus
1026 5496 1143 5579 ait.
1169 5491 1731 5579 P._Francisco'Com-

224 5561 359 5614 .ﬁsuo
388 5562 569 5614 editus
606 5570 740 5614 tom.
785 5566 799 5614 I
858 5567 1096 5614 Auctarn
1129 5584 1269 5614 nam-
1304 5584 1355 5614 n_
1403 5570 1536 5614 773:
1574 5571 1730 5614 Τίνος

224 5561 359 5614 :ﬁsio
388 5561 740 5638 editustom.
784 5566 801 5618 l
856 5567 1098 5638 Auctarii
1128 5571 1270 5632 novi,
1304 5584 1357 5638 p.
1403 5570 1536 5621 775:
1574 5571 1730 5633 Τίνος

168 5630 367 5710 ἐνεκεν,
396 5633 424 5683 ὁ
457 5633 822 5710 μὲνηιξίάρκος,
854 5637 1236 5710 τρίτην-ὥραν
1260 5630 1421 5706 ’λέγει
1463 5639 1553 5691 τὸν
1582 5630 1730 5710 ᾼΧριξ

171 5702 289 5785 στὸν
333 5701 704 5785 σταυρωθῆναι
738 5723 749 5733 ·
784 5708 823 5785 ιὸ
865 5701 1228 5785 asinam;
1270 5701 1469 5785 Exim;
1508 5701 1730 5785 Μάρκος

171 5772 266 5841 μὲν
302 5771 399 5843 τὴν
446 5771 590 5843 ὥραν
638 5774 733 5844 τῆς
772 5776 1093 5847 ἀποφάσεως
1121 5771 1211 5831 τοῦ
1245 5771 1473 5851 σταυροῦ
1500 5819 1513 5846 ,
1547 5771 1729 5851 σαφῶς

1835 4593 2104 4668 άκανθῷν,
2136 4595 2373 4668 scribere
2402 4602 2615 4668 oportet
2650 4596 2920 4665 ἐπέθηκαν
2950 4593 3210 4668 αύτοῦῌτῇ
3238 4615 3409 4666 κεφα-

1835 4660 1920 4736 λῇ,
1951 4663 2042 4736 ζα).
2076 4664 2285 4733 ἱμάτιον
2314 4660 2627 4736 πορφυροῦν
2671 4660 2989 4736 περιέϐαλον
3014 4662 3162 4736 αὐτῷ
3183 4660 3210 4720 ’Ξ
3242 4676 3296 4721 et
3318 4660 3409 4721 'in.

1836 4732 1940 4807 ira,
1962 4732 2169 4807 arma
2198 4732 2530 4804 παρέδωκεν,
2564 4735 2707 4804 quod
2739 4732 2901 4789 etiam
2930 4736 3091 4789 habet
3118 4732 3410 4807 Thegphy-

1835 4801 2031 4876 lactus.
2056 4802 2197 4858 Loca
2228 4801 2521 4874 compone:
2553 4801 2819 4875 intelliges
2851 4820 3108 4876 przeterea
3136 4807 3189 4859 in
3224 4801 3405 4860 Theo-

1834 4872 2088 4994 {rhylacto
2119 4876 2330 4929 restitui
2354 4872 2570 4931 'debere
2608 4872 2864 4947 Ἰωάννης
2896 4876 2953 4929 δέ
2975 4916 2988 4939 ,
3036 4885 3089 4931 et
3138 4876 3412 4929 ἐνύττετω

1867 4958 1968 4994 ,οτ.

1867 4958 1968 4995 .OT.

1835 5013 2013 5135 CL(98)
2048 5013 2278 5081 Κλήρῳ.
2309 5014 2585 5070 Omissum
2612 5016 2665 5070 in
2698 5018 2870 5071 altero
2886 5016 3075 5071 codice
3098 5032 3399 5087 perperam.

1928 5098 2000 5135 an.

1879 5097 2000 5136 LER.

1906 5153 2016 5221 (99)
2046 5153 2155 5231 Ιςαὶ
2200 5156 2329 5231 οὐχ.
2355 5154 2581 5231 ᾐμέρα.-
2610 5157 2696 5231 Ἐν
2743 5157 2925 5231 ἐκείνῃ
2969 5160 3035 5227 τῇ
3058 5157 3269 5231 ’ἡμέρα
3301 5158 3399 5209 ούκ

1834 5219 1978 5297 ἔσται
2001 5219 2152 5291 φῶς*
2186 5219 2479 5294 καὶ-ψύχος
2502 5227 2594 5279 καὶ
2625 5227 2797 5294 πάγος
2827 5219 2976 5280 ἐστἀι
3008 5219 3135 5296 μίαν
3164 5219 3395 5297 ἡμέραν.

1836 5290 1925 5345 Sic
1955 5290 2155 5346 habent
2180 5290 2338 5348 ambo
2373 5290 2533 5350 codd.
2572 5290 2805 5350 Vindob.
2841 5299 2916 5351 In.

1904 5363 2269 5436 (100)"Aasp
2306 5366 2540 5436 ᾶπαντα
2583 5376 2637 5421 et
2676 5382 2791 5436 seq.
2825 5370 2891 5421 ad
2918 5382 3104 5422 vocem
3142 5364 3393 5433 ἀγαθῶν.

1830 5432 2039 5488 Desunt
2070 5434 2123 5486 in
2155 5437 2325 5489 altero
2354 5437 2475 5489 cod.
2509 5435 2583 5490 In.

1904 5504 1982 5573 (1)
2013 5504 2123 5556 Kal
2145 5505 2287 5573 μετ’
2318 5506 2544 5573 ὀλίγον,
2567 5515 2671 5561 etc.
2702 5505 2928 5561 Frustra
2958 5508 3047 5561 hic
3069 5520 3287 5575 quoque
3317 5504 3392 5557 la-

1831 5574 2048 5628 bantem
2092 5575 2626 5643 pseudo-Clementis
2656 5580 2970 5631 memoriam
3006 5574 3395 5633 fulcirc’com-

1832 5654 1921 5698 tus
1942 5654 2024 5698 est
2046 5643 2373 5700 Turrianus.
2402 5643 2538 5700 Cor.

1905 5716 1981 5787 (2)
2020 5715 2095 5769 Τί.
2130 5716 2225 5772 Est
2253 5716 2281 5770 ὅ
2310 5716 2365 5770 in
2394 5718 2563 5773 altero
2597 5716 2719 5774 cod.
2749 5716 2908 5774 Vind.
2944 5716 3037 5775 CL.
