3876 6188
469 338 585 396 883

1323 341 1378 395 S.
1419 337 1807 396 CLEMENTIS
1837 338 1858 394 1
1894 339 2059 396 ROM.
2093 339 2294 396 PONT.
2332 341 2557 397 OPERA
2589 340 2815 398 DUBIA.

3612 341 3724 398 885

470 458 615 514 enim
647 455 1172 526 comprehenderunt
1197 456 1252 510 in
1275 456 1390 526 ipsa
1412 457 1518 519 die,
1539 471 1643 525 qua
1668 455 1862 509 festum
1894 455 2038 510 cele-

2138 459 2397 527 μιουργοῦ
2436 460 2493 510 ὲν
2531 458 2676 528 αύτῷ
2713 457 2791 510 ἔτι
2833 456 2936 511 ύπὺ
2967 458 3068 528 γῆν
3098 457 3249 520 ὄντος
3282 470 3296 488 ⁶
3339 457 3397 510 ὲν
3428 454 3498 510 αὖ
3515 460 3584 529 τῇ
3617 457 3726 528 γάρ

471 547 736 613 brahaut;
767 554 826 600 ut
866 547 997 600 illud
1033 546 1328 615 Scripturze
1367 548 1648 600 oraculum
1701 547 2036 617 impleretur,

470 637 615 696 uuod
647 637 766 692 ait:
812 655 830 688 ι
868 636 1175 692 Posueruut
1224 638 1377 706 signa
1419 652 1515 691 sua
1575 638 1629 691 iu
1674 639 1849 692 medio
1899 639 2041 693 sole--

472 732 716 785 mnitatis
744 746 890 796 suat;
928 739 982 785 et
1008 747 1116 784 non
1140 737 1512 800 cognoverunt
1541 730 1638 785 ⁸⁸.»
1663 730 1887 800 Oportet
1907 746 2036 802 ergo

471 823 657 892 lugere
695 823 761 876 de
805 822 958 892 ipsis,
1008 821 1152 892 quod
1182 837 1304 876 cum
1347 821 1608 877 Dominus
1640 823 1896 885 venisset,
1929 837 2039 876 non

469 913 819 967 crediderunt
848 913 919 976 ei,
951 911 1044 966 sed
1067 913 1376 982 repulerunt
1401 913 1699 967 doctrinam
1728 914 1868 982 ejus,
1897 921 1950 968 et
1980 929 2040 968 se

470 1002 722 1075 indignos
753 1005 929 1060 salute
953 1004 1291 1073 judicarunt.
1341 1003 1410 1056 At
1439 1019 1536 1059 vos
1576 1004 1718 1058 beati
1759 1006 1913 1068 estis,
1944 1005 2035 1073 qui

469 1093 764 1164 aliquando
802 1109 910 1148 non
951 1095 1208 1164 populus.
1245 1109 1392 1147 nunc
1420 1108 1550 1148 vero
1585 1109 1717 1164 gens
1749 1103 1936 1149 sancta
1971 1096 2036 1160 ",

467 1187 696 1241 liberata
725 1185 793 1239 ab
818 1185 1087 1240 idolorum
1119 1201 1329 1250 errore,
1379 1187 1448 1240 ab
1482 1186 1808 1256 ignorantia,
1842 1187 1910 1240 ab
1937 1188 2041 1241 im-

467 1279 704 1348 pietate;
750 1278 844 1348 qui
888 1285 1017 1332 tunc
1068 1293 1176 1333 non
1236 1279 1520 1333 consecuti
1582 1279 2035 1346 miscricordiam,

467 1383 615 1421 nunc
662 1377 843 1422 autem
883 1385 1001 1424 eam
1048 1370 1229 1440 adepti
1282 1370 1345 1433 η,
1403 1377 1625 1440 propter
1677 1368 2036 1425 obedientiam

467 1459 651 1513 cordis
676 1459 843 1513 vestri
879 1479 891 1514 :
927 1461 1082 1515 vohis
1111 1461 1281 1523 enim,
1320 1461 1413 1530 qui
1443 1477 1509 1515 ex
1549 1462 1821 1530 gentibus,
1855 1471 2038 1532 aperta

465 1559 550 1605 est
577 1552 700 1606 vita:
718 1551 908 1620 janua,
937 1552 1030 1622 qui
1057 1551 1352 1621 aliquando
1378 1568 1483 1605 non
1510 1553 1716 1615 dilecti,
1749 1569 1891 1606 nunc
1912 1569 2040 1608 vero

467 1643 633 1697 amati
661 1661 674 1708 ;
712 1644 947 1714 populus
973 1645 1026 1697 in
1060 1644 1477 1714 acquisitionem
1513 1645 1602 1698 Dei
1635 1645 1939 1709 ordinatus,
1970 1647 2036 1701 ad

469 1733 842 1802 prmdicandas
893 1734 1124 1788 virtutes
1179 1734 1336 1802 ejus;
1395 1732 1464 1788 de
1514 1735 1716 1804 quibus
1786 1734 2038 1790 Salvator

2140 547 2318 602 αὐτῶν
2353 551 2418 619 τῇ
2451 550 2610 620 ἑορτῇ
2643 549 2902 618 κατέσχον
2933 549 3025 601 τὸν
3057 549 3276 619 Κύριον,
3305 547 3453 612 ὅπως
3481 549 3726 619 πληρω-

2141 637 2206 709 θῇ
2238 640 2410 692 έκεῖνο
2437 640 2496 693 τὸ
2538 640 2742 708 φάσκον
2783 639 2959 708 λόγιον
2986 656 3000 670 ’
3056 658 3076 692 ι
3125 639 3343 694 Ἐθεντο
3391 639 3462 691 τά
3510 641 3728 710 σημεῖα

2138 732 2318 787 αὐτῶν
2355 732 2429 804 (6)
2468 734 2526 786 ὲν
2557 733 2706 805 μέσῳ
2731 732 2830 803 τῆς
2857 731 3048 803 ἑορτῆς
3071 730 3267 795 αὐτῶν,
3301 731 3395 784 καὶ
3414 731 3523 782 οὐκ
3545 731 3726 798 ἐγνω-

2141 842 2260 880 σαν.
2297 845 2315 877 ι
2358 828 2450 878 Δεῖ
2473 823 2564 879 οὖν
2595 808 2808 879 πενθεῖν
2842 825 2982 894 ὑπὲρ
3006 823 3203 886 αὐτῶν,
3233 823 3314 876 ὅτι
3337 821 3602 884 ἐλθόντος
3632 824 3727 874 τοῦ

2137 919 2344 990 Κυρίου
2373 919 2473 972 οὐκ
2513 919 2835 972 ἐπίστευσαν
2862 917 3030 988 αὐτῷ,
3070 917 3195 970 ἀλλ’
3224 915 3601 969 ἀπεσείσαντο
3629 917 3730 985 τὴν

2135 1009 2478 1064 διδασκαλίαν
2523 1009 2706 1074 αὑτοῦ,
2745 1009 2992 1074 ἀναξίους
3029 1009 3308 1081 κρίναντες
3337 1008 3582 1070 ἑαυτοὺς
3621 1025 3730 1059 σω-

2137 1102 2348 1173 τηρίας.
2380 1103 2568 1174 Ὑμεῖς
2614 1099 2707 1155 οῦν
2740 1102 3017 1172 μακάριοι,
3045 1102 3094 1153 οί
3123 1101 3250 1153 ποτὲ
3270 1099 3330 1153 οὐ
3359 1100 3510 1163 λαὸς,
3537 1099 3646 1152 νῦν
3673 1100 3729 1151 δὲ

2138 1193 2288 1257 ἔθνος
2300 1195 2471 1263 ἆγιον,
2499 1194 2690 1266 ρυσθὲν
2709 1195 2816 1247 ἀπὸ
2832 1194 3038 1264 πλάνης
3059 1193 3310 1256 εἰδώλων,
3329 1193 3437 1245 ἀπὸ
3457 1193 3727 1259 ἀγνοίας,

2137 1286 2243 1338 ἀπὸ
2253 1285 2585 1348 δυσσεϐείας·
2601 1286 2649 1339 οἱ
2663 1286 2761 1338 οὐκ
2777 1286 2907 1356 ἡλεη
2917 1286 3085 1356 μένοι,
3103 1283 3197 1337 νῦν
3217 1285 3274 1338 δὲ
3295 1283 3623 1355 ἐλεηθέντες
3637 1282 3728 1336 διὰ

2137 1378 2235 1450 τὴν
2251 1379 2495 1449 ὑπακοὴν
2527 1378 2626 1449 τῆς
2655 1378 2882 1449 καρδίας
2905 1377 3058 1448 ὑμῶν
3087 1395 3101 1407 ·
3135 1377 3260 1447 ὑμῖν
3297 1375 3404 1447 γάρ
3432 1377 3647 1445 ἠνοίγη
3691 1377 3727 1444 ἡ

2138 1469 2277 1539 πύλη
2304 1469 2402 1540 τῆς
2433 1468 2574 1540 ζωῆς
2606 1472 2717 1532 τοῖς
2738 1468 2797 1533 ἐξ
2823 1469 3010 1534 ἐθνῶν,
3040 1469 3255 1532 οἵτινές
3283 1485 3412 1521 ποτε
3439 1468 3550 1520 οὐκ
3579 1469 3726 1536 ἠγα-

2139 1561 2387 1630 πημένοι,
2417 1559 2512 1612 νῦν
2541 1561 2598 1613 δὲ
2640 1560 3028 1631 πεφιλημένοι·
3072 1561 3198 1623 λαὸς
3239 1562 3319 1622 εἰς
3360 1560 3728 1629 περιποίησιν

2137 1651 2270 1704 Θεοῦ
2295 1653 2641 1722 τεταγμένος,
2670 1651 2746 1723 τῷ
2775 1651 2873 1714 τὰς
2900 1650 3100 1723 ἀρετάς
3127 1650 3288 1703 αὑτοῦ
3320 1650 3684 1718 ἐξαγγέλλειν
3703 1664 3723 1681 ·

2140 1744 2266 1814 περὶ
2301 1736 2376 1797 ὧν
2405 1741 2552 1797 εἶπεν
2581 1746 2610 1797 ὁ
2644 1744 2831 1814 Σωτήρ
2870 1743 2981 1814 (7)·
3022 1763 3040 1794 ι
3079 1743 3320 1815 Εὑρέθην
3348 1745 3458 1805 τοῖς
3485 1743 3602 1812 ἐμὲ
3645 1743 3725 1813 μὴ

466 1825 604 1878 dixit
639 1844 653 1879 :
696 1843 715 1876 ι
767 1823 1025 1879 Inventus
1057 1841 1177 1885 sum
1211 1824 1280 1879 ab
1307 1826 1390 1881 his
1423 1825 1513 1894 qui
1548 1841 1632 1880 me
1671 1842 1778 1880 non
1828 1843 2037 1897 quaere-

2138 1835 2388 1906 ζητοῦσιν
2419 1854 2431 1866 ·
2463 1836 2711 1907 ἐμφανὴς
2742 1835 3004 1907 ἐγενόμην
3031 1839 3142 1898 τοῖς
3169 1835 3267 1906 ἐμὲ
3301 1835 3373 1906 μὴ
3419 1834 3728 1906 ἐπερωτῶ-

466 1918 626 1982 bant;
660 1915 982 1972 manifestus
1014 1915 1187 1971 lactus
1221 1932 1339 1970 sum
1376 1917 1444 1972 iis
1488 1919 1579 1986 qui
1616 1933 1703 1972 me
1729 1933 1835 1972 non
1868 1919 2037 1973 inter-

465 2009 763 2080 rogabant;
802 2008 914 2063 dixi
945 2027 957 2062 :
985 2007 1125 2062 Ecce
1163 2023 1284 2078 ego,
1319 2009 1463 2077 genti
1489 2024 1607 2078 quae
1633 2025 1740 2063 non
1766 2010 2036 2065 invocavit

466 2138 663 2178 nomen
683 2137 862 2177 meum
890 2121 950 2175 ¹⁹.
979 2131 996 2163 ι
1026 2119 1161 2174 Cum
1193 2120 1336 2174 enim
1369 2135 1478 2174 non
1508 2121 1841 2189 qumsissetis
1885 2136 2031 2182 eum.

465 2225 599 2272 tunc
631 2215 698 2269 ab
725 2229 790 2270 eo
822 2212 1070 2283 inquisiti
1100 2212 1252 2268 estis.
1288 2211 1354 2265 Et
1383 2228 1480 2268 vos
1509 2212 1782 2267 credendo
1809 2213 1863 2267 in
1885 2229 2031 2277 cum,

465 2307 730 2364 ohedistis
772 2305 1044 2360 vocatioui
1094 2304 1236 2372 ejus,
1277 2304 1466 2358 relicto
1511 2319 1714 2360 vesano
1743 2305 2032 2359 multorum

463 2397 689 2452 deorum
719 2397 890 2460 cultu,
919 2404 974 2450 et
996 2394 1062 2448 ad
1086 2409 1266 2448 veram
1289 2395 1680 2457 monarchiam,
1707 2396 1808 2451 hoc
1831 2403 1936 2461 est,
1967 2395 2035 2450 ad

465 2505 634 2543 unum
661 2503 849 2544 verum
883 2487 1209 2558 principem,
1233 2486 1660 2556 omnipotentem
1694 2486 1885 2552 Deum,
1909 2502 2038 2542 con-

464 2579 756 2650 fugientes,
797 2594 894 2649 per
939 2575 1122 2633 Iesum
1168 2576 1476 2644 Christum;
1525 2578 1699 2632 effecti
1754 2576 2035 2647 plenitudo

462 2686 653 2726 eorum
683 2671 918 2733 numeri,
946 2671 1036 2733 qui
1079 2671 1214 2725 salvi
1248 2670 1382 2724 ﬁunt
1431 2688 1444 2724 :
1502 2689 1520 2720 ι
1574 2669 1720 2724 Dena
1757 2671 1921 2724 millia
1947 2671 2037 2724 de-

463 2777 596 2816 num
629 2762 878 2826 millium,
915 2771 968 2816 et
1005 2763 1150 2818 mille
1181 2763 1350 2816 millia
1374 2762 1419 2793 ὀ
1475 2781 1534 2815 ε»
1574 2761 2031 2831 quemadmodum

463 2850 608 2922 apud
633 2851 892 2907 Davidem
917 2852 1180 2923 scriptum
1206 2859 1289 2908 est
1323 2871 1336 2906 :
1373 2869 1392 2902 ι
1436 2851 1645 2906 Cadent
1667 2866 1696 2905 a
1737 2852 1901 2907 latere
1938 2860 2035 2906 tuo

462 2930 904 3008 mille,etdecem
927 2945 1094 2998 millia
1125 2959 1154 2998 a
1182 2943 1388 2999 dextris
1418 2944 1528 2998 tuis
1555 2945 1595 2974 "
1623 2960 1670 3009 ;ι
1702 2951 1756 2998 et
1777 2944 1971 2998 iterum
2013 2962 2028 3000 :

468 3055 488 3084 ε
522 3034 733 3090 Currus
782 3032 874 3088 Dei
907 3033 1091 3089 decem
1134 3034 1376 3089 millibus
1409 3033 1709 3102 multiplex,
1749 3033 1915 3086 millia
1943 3033 2034 3087 lat-

461 3127 696 3180 tantium
721 3128 821 3182 η.»
855 3125 934 3181 Ad
957 3125 1209 3182 lsraelem
1237 3141 1364 3180 vero
1392 3125 1683 3189 inﬁdelem,
1717 3125 1794 3178 ait
1822 3145 1835 3180 :
1867 3124 2031 3180 «Tota

2138 1947 2220 1982 σιν
2251 1945 2265 1960 ο
2299 1927 2455 1983 εἶπα·
2500 1929 2627 1982 Ἰδού
2655 1932 2788 2000 εἰμι,
2837 1928 2914 2000 τῷ
2947 1927 3106 1992 ἔθνει,
3135 1929 3184 1981 οἳ
3221 1927 3319 1980 οὐκ
3352 1927 3633 1979 ἐκάλεσαν
3664 1924 3728 1978 τὸ

2134 2021 2306 2091 ὄνομά
2329 2039 2449 2092 μου.
2487 2041 2504 2073 ι
2533 2021 2624 2092 Μὴ
2652 2021 2978 2092 ζητήσαντες
3011 2019 3118 2090 γάρ
3147 2019 3304 2072 αὑτὸν
3328 2018 3449 2071 τότε
3480 2018 3566 2087 (8)
3595 2019 3727 2070 ἐπ-

2135 2110 2403 2184 ζητήθητε
2443 2116 2577 2184 παρ’
2611 2111 2794 2166 αὑτοῦ.
2848 2113 2956 2166 Καὶ
3002 2113 3160 2183 ὑμεῖς
3197 2110 3272 2183 (9)
3318 2109 3725 2174 πιστεύσαντες

2133 2206 2213 2268 εἰς
2241 2205 2420 2269 αὐτὸν,
2452 2204 2793 2276 ὑπηκούσατε
2829 2207 2895 2278 τῇ
2920 2205 3106 2277 κλήσει
3135 2203 3319 2268 αὐτοῦ,
3348 2203 3725 2272 καταλείψαν-

2133 2313 2224 2360 τες
2250 2298 2348 2368 τὴν
2389 2297 2643 2350 πολύθεον
2683 2297 2895 2368 μανίαν,
2941 2298 3035 2351 καὶ
3085 2299 3149 2368 τῇ
3199 2296 3386 2366 ἀληθεῖ
3437 2296 3723 2367 μοναρχίᾳ

2135 2389 2554 2459 προσφυγόντες,
2577 2388 2654 2459 τῷ
2684 2389 3077 2460 παντοκράτορι
3111 2388 3220 2458 (10)
3235 2387 3373 2458 Θεῷ,
3403 2387 3492 2440 διά
3533 2388 3722 2457 Ἰησοῦ

2133 2479 2367 2550 Χριστοῦ
2405 2497 2418 2510 ·
2454 2480 2724 2552 πλήρωμα
2749 2479 2843 2534 τοῦ
2874 2479 3106 2551 ἀριθμοῦ
3137 2479 3244 2533 τῶν
3270 2480 3600 2549 σωζομένων
3621 2497 3721 2548 γε-

2135 2573 2349 2642 νόμενοι
2379 2589 2392 2602 °
2435 2591 2453 2623 ι
2491 2573 2697 2644 Μύριαι
2732 2573 3010 2643 μυριάδες,
3043 2573 3138 2626 καὶ
3163 2572 3327 2642 χίλιαι
3362 2571 3611 2642 χιλιάδες
3642 2590 3658 2604 ο
3691 2590 3714 2624 ι

2132 2663 2208 2724 ὡς
2233 2664 2290 2717 ὲν
2317 2663 2393 2734 τῷ
2422 2665 2584 2718 Δαϐὶδ
2612 2665 2919 2736 γέγραπται
2949 2682 2962 2694 ·
2997 2685 3015 2716 ι
3055 2665 3303 2717 Πεσεῖται
3343 2664 3455 2734 (Η)
3499 2667 3572 2718 ἐκ
3621 2664 3718 2717 τοῦ

2133 2754 2347 2818 κλίτους
2378 2772 2469 2808 σου
2502 2756 2698 2826 χιλιάς,
2730 2758 2825 2810 καὶ
2858 2757 3055 2828 μυριάς
3079 2758 3144 2809 ὲκ
3168 2755 3354 2820 δεξιῶν
3382 2773 3476 2808 σου
3507 2773 3524 2786 ο
3574 2774 3594 2808 ›
3622 2757 3720 2809 καὶ

2133 2849 2324 2902 πάλιν·
2368 2867 2386 2900 ι
2434 2849 2508 2902 Τὸ
2535 2849 2686 2920 ἅρμα
2732 2847 2826 2901 τοῦ
2856 2847 2988 2902 Θεοῦ
3027 2847 3432 2919 μυριοπλάσιον,
3471 2847 3719 2917 χιλιάδες

2131 2939 2496 3011 εὐθηνούντων
2546 2940 2676 3010 (12).
2730 2958 2748 2992 ι
2787 2939 2928 3010 Πρὸς
2965 2940 3021 2993 δὲ
3057 2940 3146 2992 τὸν
3187 2938 3422 3010 Ἰσραὴλ,
3463 2939 3559 2991 τὸν
3588 2939 3720 2992 ἀπι-

2134 3048 2257 3085 στον
2283 3031 2430 3100 λέγει
2459 3049 2473 3062 ·
2514 3051 2533 3084 ι
2565 3032 2732 3103 Ὅλην
2762 3032 2861 3104 τὴν
2890 3031 3099 3103 ἡμέραν
3121 3031 3219 3093 τάς
3243 3031 3432 3102 χεῖράς
3462 3047 3568 3100 μου
3596 3028 3716 3094 ἐξει-

2132 3122 2343 3179 πέτασα
2373 3123 2508 3196 πρὸς
2535 3123 2661 3178 λαὸν
2697 3123 3039 3188 ἀπειθοῦντα,
3070 3123 3164 3176 καὶ
3200 3121 3572 3190 ἀντιλέγοντα,
3604 3123 3718 3183 τοῖς

461 3218 550 3272 die
575 3218 809 3288 expandi
838 3234 1034 3273 manus
1070 3233 1220 3274 meas
1265 3216 1333 3270 ad
1367 3217 1623 3288 populum
1667 3217 2028 3284 incredulutn,

2138 3215 2515 3288 πορευομένοις
2546 3217 2603 3268 ὲν
2751 3215 2812 3268 οὐ
2841 3215 2999 3286 καλῇ,
3031 3215 3153 3282 ἀλλ’
3189 3214 3361 3266 ὀπίσω
3389 3212 3498 3266 τῶν
3529 3215 3719 3284 ἀμαρ-

459 3318 515 3365 et
539 3310 1024 3374 contradicentem,
1066 3311 1160 3382 qui
1201 3310 1478 3364 ambulant
1514 3309 1568 3363 in
1596 3309 1684 3362 via
1716 3325 1824 3363 non
1849 3311 2012 3374 bona,

2118 3307 2249 3363 τιῶν
2287 3306 2486 3372 αὐτῶν,
2519 3307 2644 3361 λαὸν
2675 3307 3052 3378 παροξύναντά
3084 3323 3151 3377 με
3177 3304 3404 3359 ἐνώπιόν
3433 3321 3558 3374 μου,
3601 3324 3622 3356 ι

462 3399 557 3455 sed
580 3410 703 3472 post
728 3408 950 3472 peccata
999 3415 1126 3467 sua;
1153 3399 1410 3469 populum
1461 3398 1873 3454 exacerbantem
1918 3414 2005 3454 me
2051 3401 2107 3455 in
2140 3407 2434 3468 conspectu
2465 3413 2584 3453 meo
2613 3397 2678 3451 ".
2719 3416 2739 3450 ι

1033 3508 1260 3565 CAPUT
1305 3506 1443 3562 XVI.

461 3604 810 3660 Enumeratio
839 3603 1258 3672 proplteticarum
1296 3599 1838 3672 pra'dictionnmAqum
1873 3600 2029 3654 Citrio

529 3686 668 3729 stum
698 3668 1020 3743 prwd'icant;
1065 3668 1554 3743 quarunt'eventum
1601 3668 1779 3743 Iudici
1819 3673 2020 3743 intuiti,

529 3739 740 3814 propter
787 3739 1226 3814 malevolentiam
1256 3741 1439 3795 Jcsum
1477 3756 1588 3814 esse
1631 3739 1897 3814 C_Itristum_
1931 3741 2028 3814 Dei

529 3809 635 3868 non
663 3813 1017 3878 crediderunt,
1060 3822 1109 3866 et
1159 3812 1227 3866 ad
1270 3825 1476 3866 crucem
1522 3809 1804 3863 Dominum
1843 3812 2026 3880 gloria:

527 3885 1016 3938 condemnaverunt.

536 3977 720 4036 Videte
735 3991 842 4048 quo
865 3975 1026 4030 modo
1046 3975 1276 4046 populus
1291 3974 1692 4031 cxacerhaverit
1712 3972 2022 4038 Dominum,

533 4133 575 4164 "
599 4130 745 4187 Psal.
781 4145 974 4190 uxm,
1006 4132 1057 4184 ι.
1166 4129 1206 4159 ²⁷
1231 4127 1249 4180 1
1279 4128 1423 4184 Petr.
1457 4147 1516 4192 ιι,
1539 4131 1626 4185 10.

457 4201 672 4258 "Psal.
707 4217 878 4256 uvu.
913 4202 1002 4255 18.
1080 4200 1125 4230 ’³
1163 4199 1268 4253 Isa.
1305 4216 1433 4263 va,
1468 4201 1519 4254 2.

1731 4130 1773 4161 ’⁸
1797 4129 1953 4183 Rom.
1980 4144 2055 4193 ix,
2085 4128 2174 4183 25.

2639 3509 3030 3562 ΚΕΦΑΛΑΙΟΝ
3069 3511 3184 3576 ις’.

2151 3601 2573 3672 Ἀπαρίθμησις
2606 3602 2986 3672 προφητικῶν
3011 3601 3397 3670 προρῥήσεων
3424 3602 3531 3654 τλν
3575 3605 3714 3670 Χρι-

2204 3677 2354 3725 στὸν
2389 3670 2838 3738 κηρυττουσῶν,
2869 3670 2954 3724 ὧν
3006 3672 3271 3725 Ἰουδαῖοι
3303 3672 3420 3738 τὴν
3458 3673 3715 3725 ἔκϐασιν

2207 3743 2580 3810 θεασάμενοι,
2598 3742 2664 3794 ἐκ
2696 3742 3011 3806 κακονοίας
3033 3743 3381 3807 ’ἠπίστησαν
3407 3742 3599 3794 αὑτὸν
3629 3741 3712 3793 εῖ-

2203 3828 2297 3864 ναι
2335 3813 2440 3864 τὸν
2485 3811 2739 3878 Χριστὸν
2785 3812 2888 3864 τοῦ
2927 3812 3093 3875 Θεοῦ,
3131 3811 3226 3863 καὶ
3256 3810 3495 3879 σταυρῷ
3535 3812 3714 3866 κατέ-

2205 3898 2412 3948 κρίναν
2447 3882 2552 3934 τὸν
2584 3880 2692 3950 τῆς
2719 3880 2900 3946 δόξης
2924 3883 3160 3948 Κύριον.

2203 3973 2434 4026 Βλέπετε
2482 3973 2598 4037 πῶς
2643 3971 2956 4045 παρώξυνεν
3001 3975 3029 4026 ὁ
3081 3971 3208 4035 λαὸς
3239 3971 3327 4025 τὸν
3367 3969 3596 4043 Κύριον,
3634 3969 3711 4041 μὴ

2277 4131 2317 4161 ιν
2341 4129 2443 4184 Isa.
2473 4147 2594 4194 va,
2627 4130 2675 4183 i.
2750 4130 2796 4160 ¹⁰
2829 4128 2961 4184 Dan.
2983 4145 3081 4191 vlt,
3109 4127 3174 4181 l0
3269 4128 3309 4158 ²¹
3343 4123 3491 4181 Psal.
3515 4142 3609 4195 xc,
3656 4125 3706 4182 7.

1744 4351 2106 4408 VARIORUM
2139 4350 2370 4406 NOTAE.

454 4605 622 4663 Vind.
668 4609 764 4663 CL.

529 4679 605 4745 (7)
642 4678 843 4745 Σωτήρ

529 4741 605 4819 (8)
651 4741 818 4801 Τότεῖ
851 4745 1017 4810 Ποτέ,
1072 4741 2023 4819 uterquecodcx._Conjungcndum

454 4811 892 4886 cuin'negatione
914 4832 1034 4884 quae
1056 4811 1372 4886 antecessit,
1403 4811 1559 4886 quasi
1593 4819 1749 4886 esset_
1771 4814 1976 4881 μήποτε
1994 4829 2020 4886 _-

453 4902 576 4940 cum
618 4880 886 4957 nu'nquam
922 4880 1240 4957 quwsissetis
1283 4898 1423 4945 eum,
1472 4880 1535 4934 ab
1569 4896 1626 4933 eo
1651 4880 1781 4934 estis
1807 4883 2024 5002 linventi.

1831 4968 1881 5002 ι).

1831 4968 1881 5005 υ.

527 5026 606 5097 (9)
647 5025 861 5095 Ὑμεῖς.
893 5023 1053 5080 Deest
1075 5023 1130 5080 in
1159 5020 1452 5078 cod.Vind.
1484 5030 1536 5075 et
1565 5020 1788 5141 quiderltlt)
1807 5024 2020 5077 melius.

1760 5108 1814 5144 υ.

529 5164 641 5235 (10)
701 5163 786 5235 Τῷ
829 5163 1277 5235 πατζτοῃρᾴτορι.
1325 5160 1516 5216 Melius
1555 5162 1676 5216 cod.
1715 5160 1878 5214 Vind.
1920 5160 2025 5214 Τοῦ

457 5233 894 5306 παντοκράτορος
921 5233 1074 5286 Θεοῦ.
1110 5233 1184 5287 In.

528 5305 641 5377 (Η)
671 5300 971 5377 Πεσὲῖται,
1000 5312 1133 5368 etc.,
1166 5303 1234 5358 ad
1275 5302 1706 5368 εὐθηνούντων.
1740 5300 1942 5356 Desunt
1973 5300 2027 5353 in

456 5375 690 5429 utrooue
711 5375 831 5428 cod.

531 5439 643 5513 (η)
672 5443 1116 5513 [εὐθηνούντων.
1166 5441 1579 5513 Abundantium.
1603 5439 2012 5513 ΑΙίἰεύθυμούν-

456 5511 584 5566 των.
605 5511 795 5567 Caneri
816 5512 1197 5565 εὑθυνούντων.
1239 5511 1385 5565 Psal.
1409 5527 1573 5571 vau,
1597 5513 1680 5564 l8.
1711 5511 1875 5562 Multo
1900 5519 2019 5576 post

459 5581 576 5636 lucc
601 5584 744 5702 tépis
775 5583 1049 5644 mandata,
1089 5596 1214 5635 cum
1247 5583 1476 5650 legerem
1517 5581 1781 5634 Theodoti
1831 5579 2014 5650 Ancy—

459 5653 577 5702 rani
665 5653 1017 5702 mositionem
1051 5651 1105 5702 in
1149 5651 1451 5702 svmholum
1503 5650 1801 5702 Nicmnum.
1851 5666 2013 5702 uuam

457 5653 582 5721 (ani
617 5650 1017 5721 Expositioncm
1051 5651 1105 5705 in
1149 5651 1451 5721 symbolum
1503 5650 1801 5705 Nicmnum.
1851 5666 2013 5716 quam

455 5718 673 5772 duobus
700 5718 784 5774 ‘ab
827 5721 951 5774 hinc
995 5723 1154 5775 annis
1182 5718 1300 5774 orbi
1332 5720 1645 5773 Christiano
1675 5721 1900 5784 largitus
1929 5729 2012 5772 est

455 5789 919 5845 eminentissimus
963 5791 1253 5845 cardinalis
1290 5789 1612 5845 Frauciscus
1662 5789 2006 5855 Burherinus,

849 4719 861 4730 .
894 4675 952 4730 In
984 4676 1155 4729 altero
1175 4671 1298 4727 cod.
1325 4670 1486 4726 Vind.
1520 4670 1739 4741 Κύριος.
1773 4669 1844 4727 lo.

531 4536 606 4660 (6)
643 4536 848 4594 Αὐτῶν
876 4544 930 4591 et
973 4551 1125 4604 seqq.
1173 4532 1242 4587 ad
1275 4531 1494 4588 αὐτῶν.
1534 4531 1738 4587 Desunt
1783 4507 1844 4585 in.
1894 4535 2018 4590 cod.
2054 4539 2098 4595 ι)
2126 4534 2432 4588 litterarum
2469 4533 2648 4588 fautor
2669 4533 2921 4594 eximius,
2945 4534 3165 4602 perveni
3200 4534 3264 4588 ad
3292 4536 3472 4590 locum
3506 4540 3700 4602 istum.

531 4625 580 4660 ιιι
609 4650 622 4660 .
668 4609 764 4660 CL.
2130 4621 2184 4660 n.
2216 4605 2284 4658 86
2319 4623 2330 4657 :
2365 4604 2438 4656 Τὸ
2467 4605 2573 4660 γὰρ
2603 4605 2816 4656 πάντων
2860 4605 2986 4660 τοὺς
3031 4603 3220 4660 λόγους
3255 4607 3501 4660 ἐρευνᾶν.
3543 4627 3689 4660 κατα

2130 4621 2187 4676 ρ.
2216 4605 2284 4658 86
2307 4623 2330 4676 γε
2365 4604 2573 4676 Τὸᾼγὲιρ
2603 4605 2816 4656 πάντων
2860 4605 2986 4676 τοὺς
3031 4603 3220 4676 λόγους
3255 4607 3501 4676 ὲρευνᾷν,
3543 4627 3705 4662 κατα,

2128 4674 2273 4744 λύειν
2303 4675 2415 4726 ἐστὶ
2446 4673 2697 4744 θαύματα
2734 4691 2745 4702 ·
2784 4674 2892 4744 καὶ
2928 4673 3295 4744 παροργίςειν
3321 4673 3452 4728 Θεὸν
3491 4679 3550 4730 ἐν
3585 4682 3706 4742 ταῖς

2129 4743 2590 4825 θαυματουργίαις
2643 4743 2806 4824 αὑτοῦ
2864 4743 3017 4814 παρί
3061 4743 3216 4825 ἡμῶν
3272 4745 3699 4818 εὐθυμούμενον.

2133 4812 2273 4865 Nam
2325 4812 2554 4868 rationes
2611 4813 2840 4866 omnium
2897 4812 3263 4882 pertestigare,
3305 4812 3704 4871 est'miracula

2129 4883 2428 4946 dissolvere,
2460 4894 2507 4936 et
2546 4884 2709 4937 Deum
2759 4883 2810 4934 in
2843 4885 2952 4936 suis
2987 4899 3112 4952 erga
3143 4902 3235 4936 nos
3272 4887 3548 4940 miraculis
3595 4905 3702 4942 sese

2129 4954 2470 5007 obiectantem
2515 4955 2582 5006 ad
2632 4955 2768 5006 iram
2817 4967 3115 5019 provocare.
3145 4953 3245 5018 Qui
3287 4955 3508 5022 quidem
3549 4958 3701 5011 locus

2129 5023 2260 5076 mihi
2303 5024 2452 5097 visus
2503 5030 2586 5078 est
2629 5032 2960 5097 corruptus;
3003 5023 3360 5097 Corrigendus
3389 5035 3573 5079 autem
3609 5043 3702 5097 per

2131 5093 2484 5164 mutationem
2509 5092 2777 5162 participii
2813 5091 3213 5164 εύθυμούμενον
3243 5097 3296 5147 in
3347 5091 3697 5164 participium

2134 5162 2503 5232 εὐθυνόμενον,
2535 5164 2606 5216 ita
2635 5171 2690 5216 ut
2711 5178 2906 5216 sensus
2935 5163 3040 5216 sit:
3088 5174 3138 5216 et
3166 5164 3233 5215 ad
3253 5162 3391 5232 iram
3416 5162 3700 5225 proculcare

2133 5231 2387 5294 Demn,’a
2421 5233 2566 5287 nobis
2600 5233 2654 5286 in
2687 5233 2795 5284 suis
2824 5232 3094 5285 miraculis
3180 5231 3442 5285 rationem
3515 5247 3699 5302 postu-

2135 5311 2321 5363 .atum,
2368 5318 2474 5371 seu
2497 5320 2528 5354 a
2567 5319 2666 5371 quo
2703 5303 2756 5354 in
2787 5302 2894 5354 suis
2923 5302 3196 5356 miraculis
3269 5306 3531 5360 rationem
3609 5319 3698 5358 ea:-

2135 5387 2431 5436 poscamus.
2469 5370 2596 5445 Pagi.
2646 5373 2735 5445 30,
2775 5373 2834 5445 5|
2874 5389 2887 5423 :
2942 5371 3511 5445 Ἀπάσης-περιέργου
3540 5373 3698 5445 ζητή-

2126 5457 2260 5513 σεως
2316 5441 2589 5513 παντελῶς
2634 5443 2955 5513 ἀπεχόμενοι
2986 5457 3008 5513 °_
3051 5441 3112 5493 ού
3144 5441 3259 5513 γάρ
3292 5441 3609 5512 smmum
3631 5461 3660 5495 τ

2252 5512 2500 5583 πατέρων
2530 5509 2961 5581 πεπιστευμένα,
2994 5511 3102 5583 hoc
3148 5509 3278 5566 est:
3309 5513 3389 5565 Ab
3428 5509 3574 5565 omni
3608 5529 3696 5565 cup

2119 5580 2261 5652 riosa
2305 5579 2669 5652 disquisitione
2698 5579 2913 5652 penitus
2939 5579 3266 5652 abstinentes
3303 5597 3321 5634 :
3365 5600 3528 5652 neque
3557 5583 3694 5636 enim

2117 5650 2170 5701 in
2199 5666 2259 5701 ea
2301 5649 2416 5719 qua}
2452 5668 2484 5702 a
2534 5649 2785 5704 Patribus
2826 5651 3027 5704 credita
3067 5650 3301 5716 fuerunt.
3355 5649 3691 5719 inquirimus.

2119 5719 2272 5783 Quod
2295 5729 2472 5773 autem
2495 5720 2847 5774 doctissimus
2873 5723 3033 5774 homo
3059 5722 3278 5776 Samuel
3306 5719 3616 5777 Bocharlus
3639 5722 3693 5777 in

2123 5789 2452 5856 llierozoiro,
2485 5807 2535 5860 ι).
2582 5790 2632 5858 1,
2667 5792 2701 5845 1.
2749 5808 2809 5857 ιι,
2842 5809 2891 5846 c.
2925 5792 3016 5857 45,
3050 5793 3322 5864 corrigere
3362 5793 3560 5848 nititur
3587 5792 3691 5865 Cy-
