3876 6188
243 340 354 395 885

1160 338 1757 395 CONSTITUTIONES
1790 339 2465 399 APOSTOLICAE.-LIB.
2505 345 2567 398 V.
2608 360 2611 363 λ

3377 352 3482 409 886

238 455 532 517 πιστεύσας
573 452 719 524 αὕτῷ
750 470 765 483 ο
813 452 893 507 διὸ
937 452 1084 523 λέγει
1115 469 1129 483 ο
1167 451 1499 539 Παρώξυναν
1539 452 1600 506 τὸ
1647 452 1801 506 Πνεῦ-

1917 470 2023 508 ηοη
2054 457 2283 512 credens
2312 458 2362 513 ei
2397 478 2406 511 :
2441 466 2772 529 quapropter
2798 460 2875 513 ait
2907 480 2919 515 :
2952 478 2970 512 ι
3004 460 3485 520 Exacerbaverunt

238 564 318 617 μα
344 546 406 599 τὸ
450 546 621 615 ἅγιον,
653 546 747 600 καὶ
774 546 1018 617 ἐστράφη
1060 547 1242 609 αὐτοῖς
1271 549 1351 610 είς
1378 546 1597 618 ἔχθραν.
1637 546 1801 599 Ἀϐλε-

1918 543 2183 615 Spiritum
2216 555 2503 614 sanctum;
2539 556 2595 603 ct
2619 562 2915 605 conversus
2941 560 3025 606 est
3051 551 3130 606 eis
3159 551 3213 604 in
3249 552 3485 608 inimici-

229 636 335 705 ψία
364 638 473 708 γάρ
501 637 683 700 αὐτοῖς
711 637 979 709 κατεχύθη
1016 637 1106 691 διὰ
1147 638 1247 709 τὴν
1284 639 1569 692 κακόνοιαν
1614 638 1814 704 αὐτῶν,

230 729 316 783 ὅτι
358 729 643 799 βλέποντες
676 729 765 782 τὸν
806 730 1012 801 Ἰησοῦν
1039 731 1139 784 οὐκ
1165 732 1446 784 ἐπίστευον
1484 731 1643 784 αὑτὸν
1678 726 1815 783 εἶναι

230 820 326 873 τὸν
356 821 587 890 Χριστὸν
613 821 707 875 τοῦ
755 822 911 887 Θεοῦ,
950 822 1041 875 τὸν
1080 824 1185 895 πρὸ
1230 824 1445 878 πάντων
1492 821 1701 876 αἰώνων
1755 821 1815 886 ἐξ

231 914 400 967 αὐτοῦ
429 915 752 986 γεννηθέντα
781 916 913 987 (15),
962 917 1088 970 Υἰὸν
1121 917 1401 988 μονογενῆ,
1440 916 1611 984 Λόγον
1659 915 1811 979 Θεὸν,

229 1006 291 1059 ὃν
327 1007 428 1059 οὐκ
466 1008 784 1075 ἐπέγνωσαν
834 1008 944 1079 (14)
982 1011 1048 1063 δι’
1078 1010 1355 1075 ἀπιστίαν,
1405 1008 1526 1062 οὔτε
1575 1008 1662 1062 διὰ
1704 1008 1812 1061 τῶν

230 1096 523 1168 ἐνεργειῶν
568 1098 753 1163 αὐτοῦ,
793 1099 916 1152 οὔτε
970 1102 1074 1171 μὴν
1119 1101 1206 1154 διὰ
1232 1103 1340 1155 τῶν
1380 1102 1507 1172 περ).
1532 1101 1695 1154 αὑτοῦ
1719 1119 1814 1170 γε-

228 1189 567 1260 γραμμένων
604 1193 967 1263 προφητειῶν.
1006 1194 1125 1246 Ὅτι
1161 1192 1269 1264 γὰρ
1315 1194 1380 1246 ἐκ
1426 1193 1692 1265 παρθένου
1724 1212 1815 1263 γε-

228 1286 477 1351 νήσεται,
498 1283 858 1351 ἀνεγίνωσκον
880 1285 958 1336 τό·
979 1303 996 1335 ι
1034 1284 1162 1337 Ἰδοὺ
1192 1285 1223 1354 ἡ
1249 1285 1515 1355 παρθένος
1543 1287 1599 1338 ἐν
1618 1287 1814 1357 γαστρὶ

226 1371 479 1441 λήψεται,
508 1374 602 1427 κα)⁵
620 1373 828 1438 τέξεται
852 1375 984 1439 υίὸν,
1015 1376 1107 1429 καὶ
1134 1376 1417 1429 καλέσουσι
1445 1377 1505 1429 τὸ
1531 1378 1699 1449 ὄνομα
1726 1380 1815 1432 αὺ-

227 1464 326 1516 τοῦ
364 1464 707 1536 Ἐμμανουήλ
754 1483 769 1496 ο
809 1467 890 1519 ὃτι
935 1467 1144 1521 παιδίον
1187 1468 1444 1539 ἐγεννήθη
1500 1470 1630 1540 ἡμῖν
1677 1470 1810 1540 (15),

225 1555 349 1618 υἱὸς
378 1556 474 1608 καὶ
505 1556 659 1628 ἐδόθη
690 1559 840 1627 ήμίν,
873 1550 933 1609 οῦ
962 1559 993 1629 ή
1023 1559 1165 1629 ἀρχὴ
1197 1559 1289 1611 ἐπὶ
1317 1560 1411 1613 τοῦ
1446 1559 1597 1630 ὤμου
1626 1562 1808 1628 αὑτοῦ,

225 1647 326 1699 καὶ
349 1648 595 1701 καλεῖται
624 1648 685 1702 τὸ
715 1650 884 1719 ὄνομα
908 1650 1092 1715 αὑτοῦ,
1124 1651 1366 1722 μεγάλης
1404 1651 1597 1723 βουλῆς
1644 1654 1811 1721 ἄγγε-

221 1741 339 1802 λος,
374 1738 702 1811 θαυμαστὸς,
734 1740 1051 1811 σύμϐουλος,
1082 1743 1232 1808 Θεὸς,
1267 1745 1483 1815 ἰσχυρὸς
1512 1744 1642 1817 (16),
1671 1745 1815 1810 ἐξουο

1916 640 2161 695 ιίειιι²⁸.›
2198 640 2427 696 Caecitas
2460 644 2605 696 enim
2630 641 2712 697 eis
2740 640 2912 695 offusa
2938 649 3041 705 est,
3067 650 3287 712 propter
3314 643 3483 697 animi

1917 734 1998 788 sui
2040 733 2357 803 pravitatem
2382 773 2397 795 .
2440 734 2585 803 quod
2624 740 2911 789 cernentes
2942 732 3148 801 Jesum,
3192 734 3486 790 noluerunt

1915 822 2137 879 credere
2163 839 2286 879 eum
2314 839 2437 879 esse
2460 824 2738 880 Christum
2770 823 2888 887 Dei,
2923 830 3048 879 ante
3067 824 3252 878 omnia
3281 826 3482 880 saacula

1915 914 1984 966 ab
2011 912 2133 983 ipso
2154 916 2415 984 genitum,
2435 913 2632 968 Filium
2656 913 3016 985 unigenitum,
3034 912 3270 969 Verbum
3292 914 3486 983 Deum;

1917 1004 2064 1060 hunc
2102 1007 2171 1060 ob
2206 1006 2579 1061 infidelitatem
2626 1022 2737 1062 non
2779 1015 3153 1077 agnoverunt,
3204 1021 3381 1076 neque
3416 1021 3487 1063 ex

1916 1098 2173 1167 Operibus
2202 1098 2343 1168 ejus,
2380 1114 2557 1168 neque
2587 1114 2655 1153 ex
2692 1098 2993 1168 prophetiis
3030 1098 3097 1151 de
3136 1112 3201 1151 eo
3239 1098 3484 1167 scriptis.

1915 1188 2070 1254 Quod
2094 1189 2235 1243 enim
2258 1205 2324 1243 ex
2350 1190 2561 1259 virgine
2584 1190 2737 1243 nasci
2768 1188 3011 1250 deberet,
3041 1188 3292 1258 legebant
3317 1188 3480 1241 illud:

1918 1296 1939 1329 ι
1968 1280 2107 1334 Ecce
2134 1280 2285 1350 virgo
2322 1278 2377 1333 in
2408 1287 2565 1334 utero
2598 1279 2893 1349 concipiet,
2925 1286 2977 1333 et
3008 1278 3181 1348 pariet
3214 1278 3406 1341 lilium,
3430 1285 3487 1332 et

1914 1372 2189 1425 vocabunt
2215 1387 2411 1426 nomen
2443 1372 2563 1440 ejus
2588 1370 2905 1425 Emmanuel
2930 1371 2975 1401 ’⁵
3002 1412 3014 1424 .
3063 1369 3332 1436 Quoniam
3358 1384 3487 1439 par-

1913 1459 2073 1513 vulus
2102 1467 2260 1513 natus
2284 1466 2367 1513 est
2395 1459 2577 1524 nobis,
2609 1458 2752 1513 filius
2782 1468 2836 1514 et
2863 1459 3024 1513 datus
3052 1467 3135 1513 est
3164 1458 3343 1523 nobis,
3384 1474 3485 1513 cu-

1909 1550 2001 1621 jus
2029 1550 2367 1620 principatus
2398 1566 2562 1619 super
2612 1550 2901 1606 humerum
2947 1550 3107 1620 ejus;
3154 1558 3208 1605 et
3256 1558 3485 1606 vocatur

1915 1655 2113 1695 nomen
2158 1642 2278 1710 ejus
2336 1642 2517 1711 magni
2565 1641 2779 1697 consilii
2821 1642 3079 1711 Angelus,
3123 1641 3481 1707 admirabilis,

1913 1732 2282 1796 consiliarius,
2332 1731 2491 1796 Deus,
2542 1732 2722 1798 fortis,
2760 1743 2972 1803 potens,
3017 1735 3270 1804 princeps
3307 1737 3479 1805 pacis,

227 1833 481 1903 σιαστὴς,
526 1834 709 1904 ἄρχων
750 1834 989 1904 εἰρήνης,
1036 1834 1215 1905 πατὴρ
1241 1835 1336 1888 τοῦ
1375 1835 1657 1906 μέλλοντος
1680 1821 1801 1889 αίῶ-

1913 1832 2065 1894 pater
2086 1823 2253 1878 futuri
2285 1825 2467 1880 saaculi
2493 1824 2557 1879 ’⁸.
2590 1844 2607 1877 ι
2626 1824 2781 1891 Quod
2808 1841 2935 1881 vero
2959 1842 3054 1896 per
3078 1842 3345 1883 summam
3364 1842 3482 1881 ma-

221 1940 338 1986 νος.
379 1943 398 1975 ι
442 1925 562 1978 ’Ὁτι
589 1926 646 1978 δέ
666 1924 753 1977 διὰ
780 1926 977 1979 κακίαν
1006 1926 1447 1997 ὑπερϐάλλουσαν
1483 1929 1808 2001 ἀπειθήσου-

223 2031 313 2068 σιν
344 2014 514 2086 αὺτῷ,
544 2016 712 2085 λέγει·
741 2036 758 2069 ι
793 2017 995 2089 Κύριος
1017 2018 1149 2089 (17),
1173 2018 1255 2083 τίς
1273 2018 1559 2073 ἐπίστευσε
1586 2023 1651 2092 τῇ
1671 2021 1806 2091 ἀκοῇ

219 2107 416 2178 ὴμῶν;
458 2109 553 2162 καὶ
585 2111 613 2162 ό
660 2108 898 2180 βραχίων
936 2110 1143 2181 Κυρίου
1188 2110 1295 2163 τίνι
1342 2111 1730 2183 ἀπεκαλύφθης
1785 2131 1803 2162 ι

220 2200 338 2252 Καὶ
368 2199 494 2269 ἑξῆς
516 2216 530 2230 ο
570 2218 589 2251 ι
631 2201 787 2271 Ἀκοῇ
818 2200 1099 2265 ἀκούσετε,
1133 2202 1225 2254 xuii.
1252 2202 1313 2254 οὺ
1346 2202 1421 2273 μὴ
1452 2203 1646 2273 συνῆτε
1668 2218 1682 2233 ⁸
1715 2202 1810 2255 καὶ⁵

222 2288 518 2359 βλέποντες
548 2290 788 2361 βλέψετε,
823 2292 917 2345 καὶ
960 2292 1021 2345 οὐ
1054 2293 1126 2364 μὴ
1169 2292 1314 2363 ἴδητε
1347 2309 1361 2322 ⁸
1387 2293 1668 2364 ἐπαχύνθη
1700 2293 1808 2364 γὰρ

220 2382 259 2450 ἡ
290 2380 491 2451 καρδία
512 2382 605 2434 τοῦ
632 2382 760 2435 λαοῦ
791 2382 998 2436 τούτου.
1039 2402 1058 2435 ι
1108 2384 1200 2436 Διὸ
1238 2383 1375 2455 ἤρθη
1419 2385 1519 2437 ἀπ’
1550 2383 1727 2437 αὐτῶν
1774 2385 1805 2454 ή

219 2470 452 2539 γνῶσις,
502 2473 584 2525 ὅτι
633 2473 829 2537 ἰδόντες
876 2476 1148 2546 παρεῖδον,
1199 2476 1293 2528 καὶ
1339 2477 1666 2539 ἀκούσαντες
1707 2475 1807 2527 οὐκ

220 2563 469 2632 ἤκουσαν
500 2580 513 2593 ⁸
547 2566 675 2635 ὑμῖν
702 2566 780 2631 δὲ,
818 2569 929 2628 τοῖς
960 2566 1017 2631 ἐξ
1047 2567 1233 2631 ἐθνῶν,
1268 2567 1420 2637 ἐδόθη
1469 2568 1501 2637 ἡ
1542 2566 1803 2637 βασιλεία,

219 2655 309 2708 ὅτι
340 2656 415 2726 μή
440 2656 794 2724 γινώσκοντες
821 2658 970 2722 Θεὸν,
992 2658 1078 2710 διά
1097 2657 1190 2711 τοῦ
1218 2658 1569 2729 κηρύγματος
1596 2658 1809 2711 πιστεύο

223 2763 423 2811 σαντες
451 2748 648 2818 ἔγνωτε
687 2749 867 2813 αὐτὸν,
904 2750 1099 2819 μᾶλλον
1128 2750 1185 2803 δὲ
1215 2748 1522 2820 ἐγνώσθητε
1552 2750 1660 2803 ὑπ’
1709 2751 1807 2802 αὐ-

220 2837 345 2902 τοῦ,
380 2840 469 2893 διὰ
508 2841 680 2911 Ἰησοῦ
708 2840 800 2893 τοῦ
838 2842 1088 2913 Σωτῆρος
1120 2844 1213 2895 καὶ
1256 2842 1530 2913 λυτρωτοῦ
1560 2842 1670 2895 τῶν
1716 2842 1805 2894 ἐλ-

223 2930 496 2995 πιζόντων
525 2935 618 2986 ἐπ’
647 2934 826 2986 αὐτόν.
870 2935 1219 2998 Μεταὸάντες
1246 2936 1353 3006 γὰρ
1382 2935 1488 2988 ἀπὸ
1533 2936 1632 3005 τῆς
1669 2952 1805 3006 προ-

218 3023 396 3095 τέρας
424 3026 781 3094 ματαιοπόνου
813 3026 921 3097 (18)
956 3028 1264 3097 συνηθείας,
1319 3028 1412 3081 κει)¹
1445 3027 1553 3079 τῶν
1583 3026 1804 3097 ἀψύχων

216 3114 461 3167 εἰδώλων
489 3116 848 3187 ὑπεριδόντες,
881 3118 1103 3170 καὶτῶν
1138 3121 1196 3171 ἐν
1246 3119 1421 3171 σκότει
1467 3119 1577 3188 (19)
1615 3118 1804 3188 δαιμό-

218 3225 334 3261 νων
362 3211 884 3280 καταφρονήσαντες,
915 3211 1347 3282 προσδραμόντες
1376 3228 1433 3262 τε
1460 3210 1537 3281 τῷ
1566 3212 1702 3279 φωτὶ
1728 3208 1805 3281 τῷ

220 3297 484 3369 ἀληθινῷ,
524 3301 616 3352 καὶ
655 3300 965 3368 ἐπιγνόντες
993 3302 1058 3354 δι’
1088 3302 1251 3355 αὑτοῦ
1281 3303 1371 3355 τὸν
1399 3303 1494 3356 ἕνα
1523 3303 1616 3356 καὶ
1651 3304 1806 3373 μόνον

221 3390 479 3461 ἀληθινὸν
525 3391 654 3443 Θεὸν
695 3393 787 3445 καὶ
830 3393 1077 3464 Πατέρα,
1127 3393 1447 3465 κληρονόμοι
1491 3396 1590 3465 τῆς
1644 3396 1805 3449 αὐτοῦ

225 3482 505 3552 βασιλείας
532 3484 851 3557 ἀνεφάνητε.
897 3486 1291 3549 Βατπισθέντες
1318 3486 1425 3558 γάρ
1463 3487 1573 3559 (20)
1602 3490 1681 3550 είς
1716 3488 1807 3542 τὸν

220 3574 320 3628 τοῦ
362 3577 565 3647 Κυρίου
611 3576 855 3642 θάνατον,
897 3578 991 3631 καὶ
1032 3581 1110 3642 εἰς
1147 3579 1244 3650 τὴν
1272 3578 1565 3632 ἀνάστασιν
1611 3580 1795 3645 αὑτοῦ,

220 3667 302 3729 ὡς
332 3667 588 3738 ἀρτιγενῆ
620 3667 790 3740 βρέφη
812 3670 1148 3741 ἀνενέργητα
1175 3670 1310 3741 πρὸς
1333 3672 1510 3723 πᾶσαν
1530 3670 1798 3741 ἁμαρτίαν

219 3758 466 3827 ὀφείλετε
496 3755 650 3825 εἶναι,
682 3762 741 3814 οὐ
770 3761 877 3833 γάρ
906 3763 1027 3814 ἐστε
1060 3763 1284 3825 ἑαυτῶν,
1317 3762 1452 3815 ἀλλά
1478 3763 1570 3815 τοῦ
1600 3764 1800 3834 ἀγορά-

222 3868 422 3915 σαντος
449 3853 592 3923 ὑμᾶς
617 3854 693 3924 τῷ
724 3854 914 3907 ἑαυτοῦ
952 3855 1161 3923 αἵματι.
1208 3855 1341 3926 Περὶ
1384 3855 1492 3926 γάρ
1530 3854 1623 3907 τοῦ
1672 3872 1799 3907 ποτε

235 3944 475 4015 Ἰσραὴλ,
512 3941 664 3997 εἶπεν
700 3948 728 3998 ὁ
766 3945 984 4017 Κύριος,
1032 3946 1119 3999 διὰ
1166 3948 1262 4017 τὴν
1307 3948 1561 3999 ἀπιστίαν
1600 3946 1797 4011 αὐτῶν,

221 4036 308 4089 ὅτι
336 4035 628 4106 ἀρθήσεται
658 4038 760 4090 ἀπ’
786 4037 961 4089 αὐτῶν
1007 4039 1041 4108 ἡ
1081 4038 1322 4107 βασιλεία
1366 4039 1459 4091 τοῦ
1507 4038 1662 4102 Θεοῦ,
1706 4039 1800 4090 καὶ

220 4126 511 4196 δοθήσεται
530 4127 668 4182 ἔθνει
690 4128 926 4182 ποιοῦντι
939 4130 1064 4192 τοὺς
1092 4132 1334 4201 καρποὺς
1363 4132 1548 4202 αὐτῆςο
1577 4132 1797 4202 δηλαδὴ,

218 4217 306 4270 ὅτι
338 4218 450 4288 (21)
483 4219 627 4288 ὑμῖν,
656 4223 767 4283 τοῖς
810 4222 925 4273 ποτ’
967 4217 1117 4274 οὖσιν
1163 4222 1589 4293 ἀπεξενωμένοις
1635 4222 1797 4275 αὑτοῦ

222 4308 467 4381 μακρὰν,
496 4310 620 4374 δοὺς
643 4312 741 4382 τὴν
773 4311 1063 4383 βασιλείαν,
1105 4314 1381 4385 ἐκδέχεται
1416 4317 1539 4379 τοὺς
1580 4318 1678 4386 τῆς
1707 4317 1797 4369 εὐ-

331 4465 503 4521 “lsa.
557 4482 708 4531 Lxut,
748 4466 834 4520 10.
910 4467 1087 4523 "lsa.
1142 4484 1239 4532 vn,
1286 4469 1382 4534 H;
1432 4468 1617 4523 Matth.
1676 4484 1716 4533 t,
1764 4468 1853 4522 25.
1942 4466 2111 4520 "lsa.
2169 4483 2243 4527 tx,
2294 4465 2346 4519 6.

738 4537 782 4567 ³⁰
821 4535 979 4591 Joan.
1036 4553 1076 4599 ι,
1109 4538 1172 4600 9;
1227 4530 1378 4604 XVII,
1410 4540 1464 4593 ’5.
1542 4540 1584 4571 ⁸¹
1611 4530 1768 4593 Rom.

1955 4538 2007 4591 5.
2086 4536 2171 4589 ³²1
2220 4536 2363 4589 Pett‘.
2428 4551 2489 4597 tt,
2517 4542 2570 4588 2.
2650 4531 2695 4563 ³³
2725 4532 2744 4582 Ι
2775 4532 2898 4584 Cor.
2934 4547 3007 4593 v1,
3040 4532 3127 4586 19.
3204 4530 3247 4562 ³⁵
3277 4531 3463 4585 Matth.

221 4532 421 4590 "Gal.
479 4553 551 4593 tv.
607 4536 660 4589 9.

222 4623 339 4671 nt,
363 4606 449 4663 45.
524 4606 568 4638 ³⁸
600 4606 791 4661 Matth.
836 4622 952 4670 xxi,
984 4606 1075 4661 28.

1908 1914 2078 1969 litiam
2106 1922 2289 1969 essent
2310 1917 2359 1971 ei
2392 1916 2777 1980 d‘ilIisuri,ait:
2812 1935 2829 1968 ι
2868 1916 3115 1981 Domine,
3147 1918 3273 1988 quis
3300 1920 3483 1975 credi-

1907 2006 1986 2061 dit
2034 2006 2241 2060 auditui
2281 2009 2503 2063 nostro?
2544 2016 2599 2064 et
2639 2008 2922 2063 brachium
2973 2010 3186 2064 Domini
3216 2011 3303 2065 cui
3330 2027 3482 2067 reve-

1908 2097 2075 2152 latum
2103 2105 2188 2153 est
2211 2099 2289 2152 ’τί
2318 2119 2335 2151 ›
2364 2098 2428 2152 Ει
2452 2098 2629 2154 adhuc
2656 2119 2669 2155 :
2706 2119 2723 2151 ι
2763 2098 2966 2154 Auditu
3000 2100 3257 2164 audietis,
3289 2109 3476 2157 etnon

1908 2212 2259 2283 intelligetis;
2313 2222 2367 2269 et
2396 2214 2643 2271 videntes
2681 2214 2956 2276 videbitis.
3004 2224 3058 2270 et
3100 2232 3209 2269 non
3247 2216 3432 2273 scietis
3461 2236 3483 2285 ιη

1912 2304 2280 2359 incrassatum
2305 2306 2449 2360 enim
2473 2312 2558 2359 est
2587 2320 2682 2359 cor
2704 2305 2885 2376 populi
2910 2305 3151 2375 hujus".
3170 2326 3187 2357 ι
3207 2306 3388 2371 Quare
3413 2308 3482 2361 ab

1912 2396 1981 2451 iis
2005 2396 2219 2450 sublata
2242 2404 2327 2451 est
2354 2398 2616 2467 cognitio,
2659 2398 2787 2467 quia
2822 2413 2948 2451 cum
2983 2397 3347 2468 aspexissent,
3384 2400 3484 2454 de—

1908 2496 2221 2556 spexerunt,
2260 2496 2313 2542 et
2344 2504 2469 2542 cum
2506 2488 2807 2553 audissent,
2841 2505 2947 2543 non
2979 2489 3349 2545 obedierunt’:
3384 2508 3483 2547 vo-

1906 2578 1991 2632 bis
2026 2592 2173 2640 vero,
2220 2580 2309 2648 qui
2349 2579 2580 2649 gentiles
2630 2578 2835 2643 fuistis,
2871 2578 3059 2633 datum
3091 2588 3176 2634 est
3220 2596 3483 2651 regnum;

1906 2670 2185 2736 quoniam,
2235 2685 2357 2723 cum
2410 2685 2519 2723 non
2578 2672 2980 2741 cognosceretis
3021 2670 3212 2736 Deum,
3257 2682 3481 2741 accepta

1907 2761 2287 2829 praedicatione
2321 2762 2653 2826 credidistis,
2696 2768 2749 2816 et
2802 2777 2926 2816 eum
2967 2746 3324 2833 cognovistis,
3370 2764 3482 2818 imo

1906 2867 2038 2906 vero
2068 2853 2269 2923 cogniti
2307 2853 2442 2909 estis
2467 2854 2534 2908 ab
2564 2869 2650 2918 eo,
2690 2869 2787 2924 per
2814 2852 3000 2908 Jesutn
3034 2853 3373 2910 Salvatorem
3420 2864 3478 2910 et

1907 2945 2305 3014 redemptorem
2338 2946 2675 3015 sperantium
2699 2946 2753 2998 in
2786 2946 2965 3015 ipsum
2999 2946 3066 3000 ”.
3090 2945 3299 3001 Relicta
3332 2947 3479 3001 enim

1908 3036 2072 3105 priori
2099 3037 2512 3101 consuetudine,
2548 3037 2672 3091 vani
2713 3036 2919 3093 laboris
2962 3037 3144 3107 plena,
3184 3045 3238 3092 et
3281 3038 3477 3109 despe-

1908 3127 2012 3181 ctis
2036 3128 2194 3182 idolis
2216 3130 2393 3182 anima
2429 3130 2764 3195 carentibus,
2803 3136 2855 3183 et
2888 3130 3086 3199 spretis
3115 3129 3478 3194 daemonibus,

1908 3220 2001 3288 qui
2027 3219 2081 3272 in
2110 3219 2351 3273 tenebris
2379 3226 2698 3285 versantur;
2726 3227 3077 3274 accurrentcs
3114 3236 3244 3274 vero
3279 3222 3343 3275 ad
3384 3238 3477 3276 ve-

1909 3327 2028 3365 rum
2059 3311 2262 3372 lumen,
2297 3326 2360 3365 ac
2389 3326 2485 3380 per
2522 3310 2655 3364 illud
2684 3320 3043 3380 agnoscentes
3075 3327 3241 3365 unum
3292 3327 3356 3366 ac
3387 3328 3476 3367 so-

1910 3406 2020 3459 lum
2046 3420 2230 3458 verum
2268 3402 2433 3457 Deum
2458 3411 2511 3458 et
2533 3401 2749 3456 Patrem
2782 3403 2858 3468 ³⁰;
2889 3402 3155 3472 designati
3186 3404 3320 3458 estis
3365 3404 3479 3458 hae.-

1907 3496 2066 3552 redcs
2098 3495 2249 3565 regni
2279 3495 2417 3561 ejus.
2446 3491 2581 3546 Nam
2608 3492 2865 3561 baptizati
2895 3492 2948 3546 in
2981 3500 3205 3547 mortem
3237 3492 3474 3556 Domini,

1903 3597 1957 3642 et
1981 3588 2033 3641 in
2056 3586 2507 3641 resurrectionem
2529 3584 2647 3653 ejus
2671 3584 2737 3648 “,
2766 3592 3021 3652 tanquam
3046 3584 3281 3640 infantes
3311 3586 3474 3639 modo

1905 3678 2069 3748 geniti
2100 3675 2309 3731 debetis
2337 3688 2461 3729 esse
2489 3675 2556 3728 ad
2576 3688 2736 3727 omne
2761 3680 3043 3743 peccatum
3066 3673 3364 3730 inefficaces
3384 3674 3427 3704 ³’
3455 3693 3469 3723 τ

1905 3768 2030 3838 quia
2060 3782 2169 3819 non
2188 3765 2354 3821 vestri
2375 3766 2529 3824 estis,
2554 3764 2647 3818 sed
2681 3763 2800 3832 ejus
2821 3762 2915 3831 qui
2943 3778 3039 3817 vos
3069 3763 3332 3835 sanguine
3372 3778 3474 3817 suo

1906 3860 2035 3914 emit
2060 3858 2125 3912 ³³.
2154 3855 2433 3926 Siquidem
2462 3855 2528 3908 dc
2562 3853 2785 3923 antiquo
2811 3851 3007 3907 lsraele.
3028 3852 3163 3906 dixit
3187 3851 3471 3918 Dominus,

1907 3951 1980 4005 ob
2021 3949 2393 4003 infidelitatem
2428 3962 2643 4009 eorum,
2679 3944 2823 4015 quod
2867 3943 3143 3998 auferetur
3173 3945 3242 3999 ab
3269 3944 3349 4000 eis
3389 3960 3476 3999 re-

1905 4056 2069 4111 gnum
2105 4039 2222 4101 Dei,
2244 4046 2297 4093 et
2322 4037 2543 4091 dabitur
2567 4035 2713 4105 genti
2745 4034 2961 4088 facienti
2994 4032 3205 4087 fructus
3236 4034 3356 4103 ejus
3384 4034 3469 4087 ’δε

1906 4133 2133 4195 scilicet,
2167 4146 2389 4200 regnum
2423 4126 2602 4182 dando
2652 4126 2825 4188 vobis,
2870 4127 2961 4195 qui
2995 4125 3286 4194 aliquando
3316 4126 3473 4195 longe

1904 4223 1973 4276 ab
1998 4238 2063 4277 eo
2091 4221 2260 4276 eratis
2307 4219 2465 4272 alieni
2516 4228 2569 4273 et
2606 4216 2859 4286 ablegati,
2892 4216 3085 4284 recipit
3130 4216 3266 4285 grati
3302 4216 3468 4269 animi

1904 4313 2133 4367 fructus.
2168 4313 2213 4345 ³⁸
2248 4309 2355 4365 Vos
2384 4310 2581 4379 quippe
2602 4308 2754 4373 estis,
2786 4305 2881 4375 qui
2911 4305 3203 4375 aliquando
3226 4304 3377 4361 missi
3401 4307 3469 4359 ad

2457 4462 2636 4517 "lsa.
2698 4475 2817 4525 LIII,
2878 4462 2927 4515 1.
3045 4462 3225 4516 "lsa.
3275 4476 3350 4521 vi,
3410 4462 3462 4513 9.

1525 4737 1889 4794 VARIORUM
1920 4737 2149 4794 NOTAE.

215 4924 404 4978 rillum
438 4918 863 4994 Alexandrinum
899 4916 964 4994 ad
988 4915 1156 4994 ΔΜίρῂ.
1185 4932 1223 4977 ι,
1246 4920 1304 4976 Η
1325 4955 1338 4979 ,
1381 4913 1606 4994 legendo
1634 4913 1786 4984 εὐθη-

1911 4914 2117 4994 triticus
2141 4916 2413 4994 addidisse
2433 4915 2645 4994 videtur
2668 4912 2726 4994 ἐξ
2754 4910 2937 4994 αὑτοῦ,
2965 4925 3088 4964 cum
3117 4908 3305 4992 Ariani
3332 4926 3462 4964 con-

211 4993 439 5052 νοῦσαν,
484 4989 576 5042 ubi
620 4988 849 5042 habetur
884 4985 1238 5040 εὐσθενοῦσαν
1275 5006 1287 5039 :
1321 4986 1452 5038 mihi
1484 4985 1572 5037 illa
1603 5000 1788 5039 emen-

212 5064 371 5117 datio
402 5074 511 5114 non
544 5059 823 5127 probatur,
858 5057 1302 5127 quiasubjunzit
1343 5054 1596 5127 ACyrillus‘
1633 5070 1647 5107 :
1693 5053 1789 5105 Εὑ-

214 5132 381 5197 σθενῆ
402 5147 485 5192 τε,
506 5122 585 5181 ὅτι
603 5128 697 5181 καὶ
717 5127 854 5180 πίων
943 5122 1241 5197 χώραίκαλ.
1268 5122 1786 5197 ληῖοιςκατ-άκορος,

214 5149 312 5186 συε
402 5149 485 5192 τε,
506 5149 585 5181 οτι
603 5149 697 5181 και
717 5149 854 5180 πιων
883 5149 915 5197 η
943 5149 1116 5197 χωρα,
1148 5149 1241 5180 και
1270 5149 1437 5195 Ληιυις
1467 5149 1786 5194 κατακυρυς,

211 5149 513 5265 «Eine-1w
542 5198 897 5268 ἀμφιϐαλείν;
930 5206 983 5268 et
1022 5198 1147 5268 quia
1190 5193 1708 5268 TileOdOI‘ili‘illlld,
1742 5193 1789 5268 _~q

206 5262 329 5326 τῶν
353 5270 568 5341 χωρίων
583 5262 884 5336 ἀσφάλεια,
914 5266 983 5321 ad
1012 5262 1365 5320 εὖσθενοῦσαν
1401 5265 1669 5335 pertinere
1706 5262 1790 5314 vi-

384 5383 395 5393 .
426 5354 562 5393 LOT.

207 5343 395 5398 detur.
426 5343 562 5393 Cor.

285 5407 680 5481 (l3)__Alt_brwr
728 5406 800 5481 ἐξ
841 5406 1027 5460 αὐτοῦ
1083 5404 1462 5481 γεννηθέντα.
1508 5402 1569 5481 in
1616 5402 1789 5481 altero

1891 4984 2179 5039 tenderent
2203 4985 2397 5039 Filium
2417 5000 2538 5039 esse
2568 4984 2633 5036 ὲκ
2659 4984 2765 5035 τῶν
2798 4982 2871 5052 μὴ
2900 4981 3069 5034 ὄντων
3097 4982 3337 5051 genitum
3366 4998 3461 5036 seu

1892 5063 2158 5110 creatum.
2192 5057 2359 5111 Cum.

1968 5123 2079 5191 (14)
2130 5122 2702 5195 Ἐπέγνωσαν.ΑΙιει·
2729 5122 2850 5175 co;l.
2887 5121 3149 5195 ἔγνωσαν.
3184 5118 3259 5177 In.

1970 5196 2081 5263 (l5)
2130 5190 2307 5265 Ἡμῖιί
2340 5193 2498 5265 Deest
2534 5194 2586 5247 in
2616 5193 2788 5265 altero
2810 5191 2941 5265 cod._
2966 5190 3042 5245 In.

1969 5259 2081 5333 (16)
2126 5259 2402 5333 Ἰᾰχιφός.
2440 5262 2600 5319 Deest
2628 5263 2682 5333 itt
2707 5264 2895 5333 altero.
2922 5259 2998 5314 ID.

1969 5331 2080 5403 (17)
2119 5331 2349 5402 mpm.
2382 5334 2530 5388 Alter
2558 5332 2746 5403 Κύριε,
2775 5332 2983 5386 melius.
3020 5331 3095 5385 In.

1968 5400 2080 5475 (18)
2114 5400 2542 5459 Μάταιοπόνου.
2590 5400 2739 5455 Alter
2785 5404 2908 5454 cod.
2950 5400 3453 5472 πατροπαραδότου.

208 5473 343 5538 cod.
385 5473 707 5533 'Vindohon.
769 5478 921 5531 deest
972 5473 1183 5530 tantum
1230 5474 1458 5537 αἰώνων,
1506 5473 1561 5526 in
1616 5475 1785 5526 altero
1883 5473 1964 5529 In.

207 5552 379 5607 etiam
438 5553 722 5622 sequentia
770 5548 935 5622 verba
995 5565 1008 5601 :
1078 5546 1167 5622 ᾚξ
1220 5544 1393 5622 αὑτοῦ.
1435 5540 1778 5622 γεννηθέντα.

208 5622 456 5677 Arianus
478 5613 735 5687 scriptor,
768 5624 862 5687 aut
899 5618 1254 5687 interpolator
1303 5614 1479 5687 hujus
1505 5613 1657 5687 libri,
1700 5613 1783 5664 vi-

208 5694 375 5748 detur
403 5681 611 5741 tantum
642 5686 932 5755 scripsisse
964 5706 976 5739 :
1023 5681 1137 5755 Πρὸ
1172 5685 1385 5755 πάντων
1428 5681 1654 5743 αἰώνων,
1687 5697 1784 5735 ne-

208 5777 321 5833 que
345 5758 491 5814 enim
520 5753 787 5833 negabant
810 5756 1003 5833 Ariani
1037 5753 1294 5833 Filium_a
1329 5753 1508 5833 Putre,
1541 5761 1661 5831 ante
1688 5768 1782 5833 sre-

209 5823 701 5900 Eula,generatiun.
737 5827 841 5884 Sed
874 5827 1076 5883 rectius
1111 5827 1349 5883 sentiens
1376 5823 1653 5890 librarius,
1688 5829 1777 5874 aut

1985 5544 2071 5614 19)
2129 5547 2221 5597 Ἐν
2248 5546 2465 5598 σκότει.
2503 5541 2661 5614 Deest
2687 5540 2741 5593 in
2770 5540 2958 5614 altero.
2979 5537 3065 5614 in:

1985 5545 2071 5614 19)
2129 5547 2221 5597 Ἐν
2248 5546 2465 5598 σκότει.
2503 5545 2661 5596 Deest
2687 5545 2741 5593 in
2770 5545 2958 5593 altero.
2992 5545 3065 5592 lo.

1959 5545 2071 5681 £20)
2110 5615 2257 5682 Γάρ.
2284 5615 2473 5668 Melius
2502 5608 2593 5665 οὖν
2618 5613 2668 5664 in
2700 5610 2821 5682 cod.
2855 5608 3015 5682 Vind.
3050 5608 3122 5682 In.

1956 5680 2067 5751 (21)
2115 5680 2372 5751 Auitum,
2406 5685 2507 5738 ὅτι.
2541 5682 2705 5753 Δῆλον
2751 5680 2828 5733 ὅτι
2869 5681 3059 5734 melius
3115 5680 3166 5733 in
3220 5687 3455 5749 utroque

1883 5756 2003 5809 ('Oti.
2032 5754 2189 5809 Vind.
2224 5754 2295 5808 ID.
