3876 6188
239 326 356 390 893

1165 323 1764 383 CONSTITUTIONES
1795 321 2481 382 APOSTOLICJE.—LIB.
2523 323 2566 384 V
2586 369 2599 383 .

3372 329 3480 387 885

243 442 747 513 συναθροιζόμεναι,
777 442 1120 515 γρηγορεῖτε,
1141 443 1582 513 προσευχόμενοι,
1600 443 1692 495 καὶ
1713 439 1814 492 δεό-

1921 441 2138 510 vigiliis,
2189 443 2531 498 orationibus
2572 453 2625 499 et
2662 448 2727 498 ad
2771 444 2938 503 Deum
2963 441 3228 520 precibus
3289 460 3482 506 vacate

240 554 391 605 μενοι
426 534 520 590 τοῦ
558 534 726 600 Θεοῦ,
757 535 815 588 ὲν
851 538 916 606 τῇ
946 534 1378 607 διανυκτερεύσει
1418 537 1589 607 ὑμῶν,
1629 537 1816 603 ἀναγι-

229 627 538 690 νώσκοντες
584 627 676 678 τὴν
714 627 911 697 νόμον,
958 628 1084 690 τοὺς
1139 628 1460 698 προφήτας,
1511 628 1636 690 τοὺς
1682 627 1817 696 ψαλ-

238 722 397 790 μοὺς,
433 718 627 789 μέχρις
672 717 1044 789 ἀλεκτρυόνιον
1073 718 1119 750 ⁸³
1140 720 1420 790 κραυγῆς,
1467 719 1562 772 καὶ
1622 719 1814 788 βαπτί-

234 828 432 874 σαντες
458 811 612 882 ὑμῶν
638 812 764 872 τοὺς
793 827 1032 881 κατηχου
1041 810 1231 880 μένους
1253 849 1268 873 ,
1296 811 1390 864 καὶ
1407 811 1728 878 ἀναγνόντες
1755 812 1816 864 τὺ

234 904 569 972 Εύαγγέλιον
625 904 684 954 ἐν
739 902 888 972 φόϐῳ
940 902 1035 955 καὶ
1088 901 1275 973 τρόμῳ
1306 941 1322 965 ,
1379 903 1472 955 καὶ
1519 902 1816 973 προσλαλῆ-

236 1012 431 1058 σαντες
459 995 571 1067 (57)
592 994 670 1064 τῷ
697 993 810 1064 λαῷ
835 993 902 1047 τὰ
933 994 1067 1064 πρὸς
1097 994 1388 1064 σωτηρίαν,
1411 992 1692 1046 παύσασθε
1719 993 1813 1046 τοῦ

234 1087 470 1151 πένθους
498 1087 673 1158 ὑμῶν,
705 1086 798 1139 καὶ
827 1085 1053 1156 δεήθητε
1079 1083 1172 1137 τοῦ
1202 1084 1338 1136 Θεοῦ
1358 1124 1372 1147 ,
1411 1086 1812 1156 ἐπιστραφῆναι

231 1179 329 1230 τὸν
388 1177 624 1250 Ἰσραὴλ,
660 1178 756 1230 καὶ
805 1176 989 1229 λαϐεῖν
1035 1176 1198 1228 αὑτὸν
1256 1175 1420 1228 τόπον
1451 1176 1499 1207 ⁸⁸
1525 1177 1812 1246 μετανοίας

233 1270 333 1322 καὶ
369 1269 467 1339 τῆς
493 1269 746 1332 ἀσεϐείας
781 1269 1004 1338 ἄφεσιν·
1049 1269 1130 1320 ὅτι
1159 1267 1187 1318 6
1219 1269 1315 1338 μὲν
1361 1266 1656 1336 ἀλλόφυλος
1691 1285 1813 1338 κρι-

232 1360 366 1431 τὴς,
397 1359 686 1432 νιψάμενος
706 1359 803 1422 τὰς
830 1363 1018 1430 χεῖρας
1044 1354 1221 1411 εἶπεν·
1259 1377 1278 1410 ι
1333 1358 1531 1421 ’Λθῶός
1559 1361 1674 1429 εἰμι
1704 1359 1812 1412 ἀπὸ

229 1454 333 1506 τοῦ
359 1455 585 1523 αἵματος
617 1452 721 1504 τοῦ
739 1452 943 1504 δικαίου
963 1450 1172 1511 τούτου,
1195 1451 1350 1518 ὑμεῖς
1377 1449 1590 1519 ὄψεσθε.
1624 1469 1642 1501 ι
1679 1451 1735 1503 Ὀ
1756 1449 1811 1503 δὲ

251 1545 466 1618 Ἰσραὴλ
491 1545 782 1616 ἐπεϐόησε·
812 1563 832 1594 ι
869 1543 942 1595 Τὸ
966 1537 1104 1613 αἷμα
1133 1541 1298 1594 αὑτοῦ
1327 1542 1702 1612 ὲφ’ήμᾶς,καὶ
1721 1541 1811 1594 ἐπὶ

232 1634 679 1707 τάτέκναήμῶν·
720 1654 737 1686 ι
759 1635 853 1687 καὶ
872 1633 1098 1686 Πιλάτου
1114 1632 1375 1696 εἰπόντος’
1412 1651 1429 1683 ι
1459 1633 1561 1685 Τὸν
1589 1631 1810 1702 βασιλέα

237 1727 394 1799 ὑμῶν
422 1727 751 1798 σταυρώσω;
776 1745 794 1778 ι
815 1726 968 1778 αὐτοὶ
993 1725 1251 1778 ἐπεϐόων·
1272 1743 1290 1776 ι
1315 1725 1425 1778 Ούκ
1446 1723 1636 1794 ἔχομεν
1660 1723 1810 1794 βασι-

1918 530 1972 582 in
2004 535 2414 599 pernoctatione
2444 543 2645 598 vestra,
2674 537 2866 606 legem,
2899 544 3209 611 prophetas,
3243 557 3306 597 ac
3337 544 3484 612 psal-

1917 636 2036 675 mos
2075 623 2234 694 legite
2267 641 2440 694 usque
2485 627 2550 680 ad
2607 629 2872 698 gallorum
2919 644 3160 701 cantum,
3201 641 3255 690 et
3304 634 3480 704 bapti-

1929 727 2108 765 snmm
2157 715 2400 770 conferte
2433 720 2630 773 vestris
2659 722 3098 791 catechumenis;
3150 732 3206 779 et
3258 724 3486 779 recitato

1917 802 2210 874 Evangelio
2264 806 2316 858 in
2379 811 2572 864 timore
2627 826 2691 864 ac
2739 820 3007 878 tremore,
3074 815 3367 885 habitaqu
3413 814 3483 868 ad

1917 898 2172 964 populum
2228 900 2554 955 allocutione
2595 901 2662 956 de
2713 905 2875 959 rebus
2932 906 2999 959 ad
3047 906 3276 961 salutem
3318 907 3487 976 perti-

1916 988 2172 1042 nentibus
2197 1029 2212 1052 ,
2266 990 2432 1044 luctui
2473 1005 2652 1047 vestro
2697 993 2852 1049 linem
2892 997 3189 1066 imponite;
3229 1005 3282 1051 et
3335 1005 3486 1052 orate

1917 1073 2081 1129 Deum
2117 1087 2173 1131 ut
2217 1089 2569 1134 convertatur
2609 1081 2795 1145 Israel,
2835 1085 3126 1156 locumque
3151 1086 3484 1156 pmniteutia:

1916 1169 2145 1238 accipiat
2201 1186 2324 1224 cum
2392 1173 2547 1227 venia
2608 1174 2906 1243 impietatis
2967 1195 2981 1229 :
3042 1178 3486 1247 quandoquidem

1911 1259 2076 1328 judex
2109 1261 2410 1332 alienigena
2463 1265 2588 1320 lotis
2619 1268 2891 1330 manibus,
2921 1268 3058 1322 dixit
3085 1289 3097 1324 :
3139 1289 3158 1322 ι
3219 1270 3486 1324 Innocens

1917 1365 2036 1404 sum
2061 1368 2089 1404 a
2124 1355 2388 1422 sanguine
2413 1356 2544 1424 justi
2582 1355 2764 1422 hujus.
2802 1373 2897 1413 vos
2923 1358 3250 1414 videritis”.
3275 1379 3294 1410 ι
3317 1359 3483 1414 Israel

1916 1457 2045 1495 vero
2093 1443 2416 1498 exclamavit
2469 1464 2482 1497 :
2553 1463 2570 1494 ι
2633 1444 2867 1515 Sanguis
2913 1449 3034 1516 ejus
3068 1463 3233 1518 super
3267 1463 3390 1509 nos,
3430 1454 3486 1501 et

1916 1545 2080 1598 super
2113 1532 2253 1588 lilios
2298 1543 2559 1599 nostros;
2602 1554 2620 1586 ›
2666 1543 2720 1590 et
2777 1535 2952 1591 Pilato
3018 1538 3277 1593 dicente:
3321 1557 3340 1589 ι
3381 1536 3484 1592 Re-

1916 1638 2034 1692 gem
2085 1635 2325 1680 vestrum
2388 1630 2750 1700 cruciﬁgam?
2810 1651 2830 1683 ›
2887 1632 2990 1701 ipsi
3047 1634 3479 1690 acclamarunt:

1922 1731 1938 1762 ι
1976 1713 2091 1768 Non
2139 1717 2402 1776 habemus
2447 1736 2627 1790 regem
2659 1762 2673 1784 ,
2710 1722 2814 1776 nisi
2847 1721 3141 1779 Cazsarem.
3187 1725 3479 1794 Crucilige,

232 1791 334 1871 λέα
359 1820 406 1871 εί
443 1817 516 1889 μὴ
531 1791 807 1888 Καίσαρα·
827 1815 1158 1888 σταύρωσον,
1175 1791 1484 1886 σταύρωσον
1628 1791 1807 1868 αὐτόν.

1921 1809 2176 1878 crucilige
2228 1827 2371 1865 eum.
2412 1811 2601 1866 Omnis
2651 1815 2792 1867 enim
2848 1817 2939 1884 qui
2989 1833 3047 1870 se
3097 1832 3275 1886 regem
3327 1817 3478 1883 facit,

231 1911 355 1974 Πᾶς
365 1909 472 1983 γὰρ
486 1912 515 1963 6
531 1909 698 1964 ποιῶν
711 1911 898 1963 ἑαυτὸν
920 1909 1161 1979 βασιλέα,
1179 1908 1443 1976 ἀντιλέγει
1463 1907 1539 1978 τῷ
1550 1908 1808 1979 Καίσαρι.

231 2004 350 2056 Καὶ
363 2002 456 2056 ἐὰν
474 2002 661 2055 τοῦτον
689 2001 982 2074 ἀπολύσῃς,
1000 2003 1098 2054 οὐκ
1118 1998 1168 2053 εἷ
1187 2001 1338 2070 φίλος
1351 2000 1443 2053 τοῦ
1459 2001 1756 2072 Καίσαρος.
1788 2020 1807 2051 ι

231 2095 349 2148 Καὶ
393 2094 623 2158 Πιλάτος
678 2095 707 2146 ὁ
751 2093 976 2165 ἡγεμὼν
1031 2093 1125 2146 καὶ¹
1187 2091 1432 2165 Ἡρώδης
1481 2095 1508 2146 6
1565 2092 1814 2162 βασιλεὺς

232 2176 658 2258 ἐκέλευσεν’(’59)
687 2187 846 2239 αὑτὸν
878 2185 1275 2256 σταυρωθῆναι·
1311 2186 1403 2237 καὶ
1432 2184 1727 2256 πληροῦται
1755 2185 1816 2238 τὸ

234 2278 447 2346 φάσκον
497 2276 694 2346 λόγιον·
749 2297 768 2328 ι
817 2277 933 2331 Ἵνα
978 2277 1030 2329 τί
1076 2275 1350 2348 ἐφρύαξαν
1393 2275 1546 2347 ἔθνη,
1578 2277 1670 2329 καὶ
1698 2277 1816 2329 λαοὶ

232 2369 572 2440 ἐμελέτησαν
613 2370 773 2435 κενάς
819 2369 1168 2441 παρέστησαν
1195 2369 1245 2421 οἱ
1275 2368 1507 2438 βασιλεῖς
1541 2369 1642 2439 τῆς
1680 2369 1814 2438 γῆς,

230 2462 284 2514 οἱ
345 2462 604 2531 ἄρχοντες
659 2461 1002 2533 συνήχθησαν
1060 2461 1153 2513 ἐπὶ
1207 2460 1268 2512 τὸ
1323 2460 1486 2526 αὐτὸ,
1536 2460 1676 2513 κατά
1721 2459 1814 2512 τοῦ

231 2552 442 2623 Κυρίου
473 2553 564 2605 καὶ
585 2552 726 2606 κατά
755 2553 848 2605 τοῦ
879 2551 1115 2624 Χριστοῦ
1147 2550 1330 2605 αὑτοῦ.
1365 2551 1475 2604 Καὶ
1503 2551 1815 2624 ἀπέρριψαν

231 2643 330 2698 τὸν
394 2645 716 2715 ἀγαπητὸν,
784 2644 860 2707 ὡς
921 2644 1114 2714 νεκρὸν
1177 2643 1585 2715 ὲὸδελυγμένον.
1627 2664 1644 2696 ι
1707 2646 1818 2698 Καὶ

233 2734 406 2791 αὐτοῦ
439 2735 838 2806 σταυρωθέντος
881 2739 947 2806 τῇ
987 2739 1328 2807 παρασκευῇ,
1360 2738 1453 2790 καὶ
1491 2736 1818 2800 ἀναστάντος

234 2827 658 2898 ὲπιφωσκούσης
704 2826 1024 2898 Κυριακῆς,
1093 2827 1381 2900 ἐπληρώθη
1449 2831 1480 2898 ἡ
1536 2827 1724 2898 Γραφὴ
1780 2829 1813 2898 ἡ

231 2919 491 2987 λέγουσα·
530 2938 548 2969 ι
586 2916 841 2981 Ἀνάστα,
876 2921 903 2972 6
933 2918 1085 2984 Θεὸς,
1119 2923 1301 2989 κρῖνον
1340 2921 1438 2991 τὴν
1469 2919 1593 2988 γῆν·
1641 2919 1722 2971 ὅτι
1752 2919 1816 2971 σὺ

232 3010 812 3083 κατακληρονομήσεις
841 3011 899 3063 ὲν
922 3012 1055 3063 πᾶσι
1083 3013 1196 3074 τοῖς
1222 3009 1416 3064 ἔθνεσι.
1451 3029 1468 3062 ι
1495 3009 1605 3063 Καὶ
1632 3009 1814 3063 πάλιν·

1915 1901 2244 1954 contradit-it
2265 1903 2487 1968 Caesari.
2513 1904 2638 1958 Etsi
2665 1907 2804 1959 hunc
2827 1907 3124 1969 dimiseris,
3149 1922 3257 1960 non
3279 1922 3338 1961 es
3353 1910 3485 1961 ami-

1915 2008 2012 2046 cus
2045 1992 2278 2048 Czesaris
2302 1995 2366 2050 59.
2398 2016 2415 2046 ι
2451 1996 2513 2049 lit
2544 1996 2748 2052 Pilatus
2772 2014 2992 2068 prmses,
3017 2014 3080 2053 ac
3099 1998 3341 2054 llerodes
3365 2016 3480 2065 rex,

1910 2083 2190 2152 jusserunt
2211 2102 2333 2140 eum
2364 2090 2604 2157 crucitigi
2628 2109 2640 2153 ;
2665 2099 2827 2159 atque
2843 2093 3296 2160 complementum
3322 2107 3484 2146 acce-

1917 2178 1994 2247 pit
2026 2177 2330 2248 Scriptura,
2372 2199 2492 2250 qua:
2524 2182 2655 2235 dicit
2686 2185 2729 2215 ⁵⁷
2760 2185 2804 2215 ⁵⁸
2831 2202 2843 2235 :
2882 2203 2900 2234 ι
2936 2184 3114 2250 Quare
3144 2184 3483 2240 fremuerunt

1916 2279 2127 2340 gentes,
2164 2280 2216 2326 et
2247 2274 2432 2342 populi
2461 2275 2702 2328 meditati
2735 2284 2864 2330 sunt
2905 2276 3130 2330 inania?
3171 2276 3482 2332 Astiterunt

1916 2379 2072 2433 reges
2104 2372 2298 2431 terras;
2341 2374 2393 2420 et
2444 2367 2723 2436 principes
2754 2375 3126 2422 convenerunt
3179 2369 3232 2421 in
3287 2385 3478 2432 unum,

1916 2455 2180 2509 adversus
2213 2455 2523 2516 Dominum.
2561 2467 2614 2511 et
2646 2461 2908 2512 adversus
2949 2459 3230 2514 Christum
3260 2459 3380 2528 ejus
3410 2458 3477 2513 ".

1917 2545 1982 2599 Et
2014 2548 2363 2616 projeccrunt
2389 2548 2646 2602 dilectum
2675 2589 2690 2612 ,
2739 2551 2897 2620 quasi
2944 2559 3218 2604 mortuum
3271 2550 3482 2604 abomi-

1917 2646 2102 2692 natum
2127 2641 2193 2695 ⁸⁸.
2229 2660 2246 2691 ι
2291 2642 2464 2710 Atque
2507 2643 2624 2712 ipso
2659 2651 2807 2696 sexta
2844 2642 2974 2697 feria
3003 2642 3056 2696 in
3089 2657 3304 2696 crucem
3347 2641 3480 2696 sub-

1918 2729 2062 2795 lato;
2119 2739 2172 2784 et
2233 2746 2264 2784 a
2309 2733 2538 2786 mortuis
2586 2733 2851 2797 excitato,
2913 2733 3014 2788 sub
3061 2733 3165 2787 diei
3213 2733 3479 2788 Dominici

1918 2822 2220 2877 diluculum
2239 2863 2253 2887 ,
2283 2825 2486 2878 exitum
2517 2824 2705 2880 habuit
2729 2824 2858 2878 illud
2887 2825 3185 2896 Scriptum
3207 2844 3221 2881 :
3244 2845 3261 2876 ι
3287 2826 3480 2897 Surge,

1919 2913 2304 2985 Deus;judica
2351 2923 2552 2970 terram
2588 2935 2600 2970 :
2633 2917 2890 2986 quoniam
2948 2925 3006 2970 tu
3045 2917 3400 2971 litereditabis
3426 2918 3481 2970 in

1907 3010 2162 3064 omnibus
2188 3009 2436 3079 gentibus
2465 3008 2540 3072 ⁶¹;
2569 3027 2586 3060 ›
2607 3018 2660 3062 et
2687 3008 2877 3062 iterum
2901 3022 2914 3062 :
2949 3026 2966 3059 ι
2996 3006 3318 3078 Exsurgam,
3339 3010 3469 3064 dicit

240 3123 260 3155 ι
286 3105 710 3175 Ἀναστήσομαι,
743 3102 890 3173 λέγει
920 3101 1152 3175 Κύριος,
1187 3102 1421 3173 θήσομαι
1450 3103 1505 3155 ὲν
1535 3101 1812 3174 σωτηρίῳ,

1921 3101 2192 3165 Dominus,
2234 3115 2429 3169 ponam
2471 3101 2522 3153 in
2559 3101 2816 3165 salutari;
2865 3101 3192 3154 liducialiter
3220 3116 3376 3169 agam
3415 3103 3470 3154 in

235 3195 690 3268 παρρησιάσομαι
715 3197 771 3248 ὲν
800 3194 966 3265 αύτῷ·
993 3213 1012 3246 ι
1047 3192 1155 3266 (40)
1186 3193 1299 3246 καί·
1340 3213 1357 3244 ι
1396 3193 1467 3246 Σὺ
1499 3193 1576 3260 δὲ,
1610 3193 1813 3265 Κύριε,

1921 3211 1971 3250 ξο
2001 3196 2074 3259 ⁶²;
2109 3212 2130 3245 ι
2164 3202 2252 3246 et:
2289 3213 2307 3244 ι
2338 3190 2417 3245 Tu
2450 3201 2652 3258 autem,
2689 3191 2934 3257 Domine,
2977 3192 3236 3246 miserere
3263 3194 3389 3258 mei,
3423 3202 3478 3247 et

234 3287 463 3356 ἐλέησόν
530 3303 627 3356 με,
685 3286 780 3339 καὶ
828 3285 1131 3356 ἀνάστησόν
1182 3302 1279 3356 με,
1327 3284 1418 3338 καὶ
1457 3284 1818 3338 ἀνταποδώσω

235 3379 442 3442 αὐτοῖς.
493 3397 512 3430 ι
559 3377 658 3431 Διά
698 3376 855 3430 τοῦτο
899 3372 992 3430 οὖν
1023 3377 1117 3430 καὶ
1144 3377 1330 3447 ὑμεῖς,
1364 3377 1693 3439 ἀναστάντος
1721 3376 1816 3429 τοῦ

235 3471 479 3542 Κυρίου,
515 3471 914 3541 προσενέγκατε
944 3469 1042 3540 τὴν
1076 3468 1264 3522 θυσίαν
1316 3467 1425 3540 (41)
1458 3469 1612 3538 ὑμῶν
1634 3511 1649 3536 ,
1691 3468 1818 3538 περὶ

234 3557 307 3633 ἧς
351 3562 476 3632 ὑμῖν
510 3560 786 3624 διετάξατο
814 3561 879 3614 δι’
907 3560 1084 3632 ἡμῶν,
1129 3559 1320 3629 λέγων·
1362 3578 1380 3609 ι
1421 3560 1588 3613 Τοῦτο
1616 3565 1818 3614 ποιεῖτε

237 3655 322 3717 εἰς
348 3653 447 3722 τὴν
475 3652 612 3724 ἐμὴν
639 3652 961 3724 ἀνάμνησιν.
994 3671 1013 3702 ι
1049 3651 1160 3704 Καὶ
1187 3651 1368 3705 λοιπὸν
1399 3651 1815 3723 ἀπονηστεύετε,

239 3744 658 3815 εὐφραινόμενοι
715 3745 809 3796 καὶ
854 3742 1240 3814 ἑορτάζοντες,
1283 3743 1367 3795 ὅτι
1415 3742 1672 3814 ἀρραϐὼν
1717 3744 1818 3813 τῆς

237 3836 588 3900 ἀναστάσεως
617 3836 770 3907 ὑμῶν
816 3834 927 3906 (42)
973 3833 1179 3906 Ἰησοῦς
1209 3836 1237 3888 6
1263 3835 1496 3906 Χριστὸς
1522 3836 1815 3906 ἐγήγερται

240 3931 306 3982 ἐκ
351 3928 720 3999 νεκρῶνο’καὶ
765 3928 923 3981 τοῦτο
961 3927 1087 3998 ύμῖν
1123 3925 1261 3979 ἔστω
1306 3927 1533 3996 νόμιμον
1579 3925 1814 3994 αἰώνιον,

239 4021 349 4084 ἓως
385 4020 485 4090 τῆς
525 4018 828 4082 συντελείας
872 4017 966 4070 τοῦ
1012 4017 1233 4084 αἰῶνος,
1288 4018 1482 4090 μέχρις
1517 4018 1583 4072 ἂν
1615 4018 1740 4090 ἔλθῃ
1789 4020 1818 4071 6

241 4112 469 4184 Κύριος.
508 4111 783 4172 Ἰουδαίοις
819 4109 929 4182 γὰρ
967 4111 995 4161 ὁ
1033 4109 1237 4181 Κύριος
1279 4110 1358 4164 ἔτι
1394 4110 1642 4181 τέθνηκε·
1678 4112 1815 4182 Χρι-

243 4207 478 4268 στιανοῐς
506 4204 562 4256 δὲ
591 4204 902 4275 ἐγήγερται·
932 4205 1044 4266 τοῖς
1075 4202 1172 4273 μὲν
1200 4202 1265 4255 δι’
1295 4203 1580 4268 ἀπιστίαν,
1621 4206 1734 4266 τοῖς
1760 4202 1817 4256 δὲ

238 4295 335 4349 διά
371 4294 766 4366 πληροφορίαν,
815 4294 897 4346 ὅτι
942 4295 975 4364 ή
1025 4296 1106 4356 είς
1153 4293 1314 4346 αὑτὸν
1360 4294 1514 4358 ἐλπὶς
1551 4294 1816 4358 ἀθάνατος

242 4387 360 4460 ζωὴ
403 4388 497 4440 καὶ
541 4387 650 4459 (45)
696 4385 927 4449 αἰώνιος·
981 4385 1117 4456 μετὰ
1158 4385 1214 4437 δὲ
1261 4384 1403 4438 ὀκτὼ
1446 4386 1660 4458 ἡμέρας
1706 4388 1816 4459 (44)

318 4525 367 4561 ⁵³
389 4524 580 4579 Anast.
610 4523 1088 4595 ἀλεκτρυοφωνῶν.
1163 4522 1209 4555 ⁸⁵
1239 4524 1309 4577 al.
1336 4523 1552 4594 τρόπον.
1629 4523 1674 4556 ⁵⁸
1705 4524 2184 4587 Matthxxvuﬂi,

320 4595 437 4649 -27.
510 4596 555 4626 5’
590 4594 710 4648 Psal
761 4610 820 4650 ll.
857 4595 904 4646 l.
1007 4594 1050 4623 ⁶⁰
1080 4591 1180 4647 lsa.
1216 4609 1324 4650 xw,
1374 4594 1456 4646 19.
1579 4593 1619 4624 δ’
1651 4593 1795 4650 Psal.
1829 4612 2016 4650 Lxxxt.
2050 4597 2110 4648 8.

241 4595 437 4650 95-27.
510 4596 555 4626 δ’
590 4594 710 4648 Psal
761 4591 820 4653 ll,
857 4591 904 4646 l.
1007 4594 1050 4623 ⁸ο
1080 4591 1180 4647 lsa.
1216 4609 1324 4655 xw,
1374 4591 1456 4646 l9.

249 4675 390 4730 xxlt,
423 4665 506 4722 19.
573 4665 616 4696 ⁸⁵
646 4664 934 4727 Exod.xn,
974 4661 1265 4727 24;lCor.
1306 4679 1381 4726 xl,
1406 4663 1492 4717 '26.

1918 3284 2188 3338 resuscita
2213 3297 2327 3348 me;
2357 3290 2410 3335 et
2439 3282 2738 3335 retribuam
2770 3282 2849 3335 eis
2868 3281 2932 3343 ⁸³.
2959 3301 2976 3330 ι
3004 3280 3084 3335 Ob
3107 3281 3209 3335 hoc
3242 3282 3406 3350 igitur
3425 3291 3482 3337 ct

1916 3389 2051 3436 vos,
2103 3380 2421 3443 resurgente
2464 3371 2728 3435 Domino,
2764 3371 2953 3427 ollerte
3005 3371 3331 3427 sacriﬁcium
3380 3389 3479 3426 ve-

1918 3473 2113 3529 strum,
2155 3465 2221 3519 de
2265 3479 2373 3534 quo
2419 3464 2575 3519 vobis
2625 3463 2906 3518 constituit
2961 3479 3056 3532 per
3097 3478 3216 3526 nos,
3257 3465 3478 3519 dicens:

1923 3578 1941 3608 ι
1986 3557 2096 3612 lloc
2126 3557 2287 3612 facite
2311 3557 2365 3611 in
2399 3573 2571 3610 meam
2592 3557 3164 3611 commemorationem
3186 3555 3481 3615 “.tl’ostea

1914 3650 2185 3719 jejunium
2263 3648 2560 3714 dimittite,
2632 3651 2879 3704 laetantes
2941 3656 2994 3703 et
3062 3648 3206 3702 diem
3280 3647 3477 3702 festum

1918 3753 2173 3812 agentes;
2233 3743 2490 3811 quoniam
2544 3739 2742 3811 pignus
2773 3739 3232 3806 fresurrectionis
3285 3750 3480 3794 vestrae

1918 3835 2077 3891 Jesus
2098 3835 2352 3889 Christus
2384 3850 2412 3887 a
2439 3834 2670 3888 mortuis
2713 3833 2980 3887 excitatus
3023 3839 3108 3887 est
3136 3849 3150 3887 :
3186 3840 3346 3902 atque
3374 3831 3479 3886 hoc

1918 3929 2073 3982 vobis
2101 3927 2170 3982 sit
2199 3926 2495 3996 legitimum
2531 3925 2916 3993 sempiternum
2941 3940 3112 3993 usque
3135 3923 3200 3977 ad
3229 3938 3483 3978 consum-

1919 4023 2208 4075 mationem
2241 4019 2447 4080 smculi,
2481 4016 2659 4087 quoad
2701 4017 2907 4070 venerit
2943 4015 3207 4071 Dominus
3229 4017 3296 4072 ⁶⁵.
3344 4015 3478 4070 Nam

1917 4113 2120 4169 Judaais
2151 4113 2328 4166 adhue
2370 4109 2634 4163 Dominus
2678 4107 2921 4174 interiit;
2972 4106 3304 4161 Christianis
3346 4092 3478 4160 vero

1918 4205 2256 4270 resurrexit;
2290 4203 2399 4257 illis
2429 4201 2647 4270 quidem
2676 4207 2898 4268 propter
2938 4198 3312 4253 inﬁdelitatem
3340 4215 3354 4264 ;
3390 4198 3476 4253 his

1919 4309 2097 4353 autem
2149 4301 2364 4365 propter
2409 4291 2776 4347 certissimam
2832 4290 2974 4344 hanc
3022 4290 3473 4360 persuasionem,

1919 4389 2063 4461 quod
2091 4401 2313 4456 Sperare
2351 4385 2406 4438 in
2437 4399 2560 4439 eum
2591 4382 2658 4437 sit
2683 4382 2790 4435 vita
2819 4383 3139 4436 immortalis
3165 4397 3227 4434 ac
3249 4388 3472 4434 mterna.

2309 4517 2532 4573 “Joan.
2568 4518 2795 4581 Xlx,15.
2831 4516 2884 4575 6.
2921 4517 3004 4570 l2.
3079 4516 3124 4546 ⁸⁷
3161 4517 3205 4546 ⁸⁸
3235 4515 3354 4570 Act.
3397 4531 3471 4580 Iv,

2207 4594 2250 4623 θ’
2289 4591 2433 4645 Psal.
2469 4605 2546 4653 XI,
2572 4587 2626 4642 6.
2721 4587 2764 4618 ⁸³
2795 4586 2940 4641 Psal.
2975 4602 3063 4647 xL,
3099 4586 3184 4640 ll.
3261 4587 3304 4617 “
3335 4585 3468 4642 Luc.

1553 4749 1912 4805 VARIORUM
1945 4746 2175 4805 ΝΟΤΛΕ.

241 4874 402 4944 juxta
447 4873 687 4940 ejusdem
730 4872 787 4927 S.
838 4871 1077 4926 doctoris
1105 4867 1666 4944 animadversionem,
1698 4882 1813 4944 non

1922 4865 2079 4918 linem
2095 4856 2356 4912 Panarii:
2388 4857 2682 4944 'Ev'dklot‘g
2709 4859 2775 4944 δὲ,
2809 4857 2993 4942 τόποις
3023 4858 3082 4910 οὐ
3122 4858 3324 4940 γίνεται
3378 4859 3476 4914 λα-

246 4937 727 5012 semper—poterat,
760 4949 976 5012 servato
999 4939 1379 5012 ecclesiastico
1416 4938 1628 5012 calculo
1651 4976 1667 5000 ,
1697 4937 1814 5005 ipsa

244 5007 552 5067 observari.
611 5013 689 5068 lo.
715 5007 792 5054 έ-
818 5010 949 5066 Mss.
999 5009 1162 5064 Vind.
1197 5009 1305 5062 ἀπὸ
1349 5007 1604 5077 δευτέρας
1657 5023 1714 5076 μ.
1757 5023 1816 5058 α.

244 5082 659 5135 καρτεροῦντες.
692 5082 791 5135 CL.

615 5100 659 5145 ς.
692 5100 791 5136 ιιι..

244 5101 322 5138 κα
394 5099 659 5152 ερουντες.
692 5099 791 5136 ιιι..

325 5100 439 5222 Ξῖ)
467 5151 1032 5222 Προσλαλήσαντες.
1063 5148 1256 5222 Latine
1285 5148 1484 5216 alloqui
1511 5146 1736 5222 dicitur,
1765 5152 1824 5222 et

246 5216 526 5276 allocutio.
577 5216 805 5276 Exstant
855 5218 1167 5289 hujusmodi
1213 5233 1495 5274 sermones
1546 5216 1714 5270 habiti
1767 5216 1820 5268 in

245 5293 434 5361 vigilia
463 5291 706 5346 Paschaa.
733 5291 875 5345 Cor.

324 5354 438 5430 (38)
479 5362 854 5429 Σταύρωσον.
912 5358 1076 5430 Addit
1114 5358 1270 5430 Aalter
1313 5357 1436 5411 cod.
1485 5354 1642 5408 Vind.
1689 5362 1816 5408 ante

248 5427 395 5486 hanc
419 5427 605 5486 vocem
634 5427 653 5485 Ξ
687 5432 782 5484 καὶ
811 5431 970 5484 πάλιν
999 5427 1321 5500 ἐπεϐόησαν,
1365 5440 1643 5496 perperam
1668 5433 1721 5479 et
1745 5440 1815 5480 ex

244 5501 460 5557 Joanne
480 5502 665 5570 liquet.
689 5501 786 5554 CL.

323 5571 438 5638 (39)
469 5565 842 5625 Ἐὶιέλευσεν.
873 5568 938 5625 L.
968 5565 1450 5638 éxélsucav.Cor.

323 5571 438 5704 (39)
469 5571 842 5625 Ἐκέλευσεν.
873 5571 938 5625 L.
968 5571 1278 5623 ἐκέλευσαν.
1313 5571 1450 5620 Cor.
1499 5633 1508 5644 _

323 5641 416 5710 (40
461 5639 944 5710 Παρῤησιάσομαι
969 5641 1038 5693 ἐν
1063 5637 1240 5703 αὐτῷ.
1273 5636 1476 5690 Desunt
1498 5649 1550 5686 tn
1577 5640 1808 5701 utraque

246 5710 376 5767 eod.
406 5709 564 5764 Vind.
601 5710 700 5765 CL.

322 5781 436 5851 (ll)
465 5779 900 5850 Προσενέγκατε
931 5780 1038 5849 τὴν
1068 5778 1302 5833 θυσίαν.
1337 5774 1672 5846 Epiphanius
1703 5772 1804 5826 sub

1918 4933 2071 5000 τρεία
2123 4933 2224 5000 τῆς
2262 4929 2588 5000 οἰκονομίας,
2631 4929 2662 4999 ἢ
2711 4929 2866 5000 μόνον
2914 4928 3328 5000 ἐπιλφωσκούσης
3355 4931 3476 5000 τῆς

1973 4997 2224 5072 υριακῆς,
2265 5001 2359 5072 ὅτε
2399 4997 2620 5072 ἀπολύει
2652 4997 2780 5072 περὶ
2817 4997 2917 5072 τὴν
2959 4997 3063 5048 τῶν
3092 4997 3474 5072 ’ἀλεκτρυόνων

1918 5067 2183 5147 κλαγγὴν2
2215 5072 2272 5147 ἐν
2303 5071 2368 5139 τῇ
2412 5067 2992 5147 ’ᾼναστασίμῳΙήμέρᾳ
3021 5067 3470 5147 καὶιπανηγύρει,

1923 5119 2268 5210 ”’ὲὲ3ιλῇ’ἧμὶέ
2492 5119 2621 5190 Πάᾶ
2647 5119 2713 5189 ας
2735 5119 2870 5189 Ana
2893 5119 3010 5190 υδνευ
3041 5137 3094 5189 in
3124 5119 3472 5198 (Damasi;-

1923 5159 2162 5263 gluslerii
2196 5157 2365 5261 cuiius
2390 5224 2490 5260 non
2515 5157 2829 5263 celeliralur.
2860 5207 2962 5258 nisi
2991 5205 3319 5259 solummodo
3345 5207 3472 5258 illu-

1952 5205 2162 5278 lyslei'ii
2183 5205 2365 5261 cultus
2390 5224 2490 5260 non
2515 5205 2829 5278 celebratur,
2860 5207 2962 5278 nisi
2991 5205 3319 5259 solummodo
3342 5207 3472 5278 illu-

1915 5275 2143 5332 cescente
2171 5278 2465 5332 Dominica.
2491 5276 2698 5345 quando
2721 5275 2788 5328 ad
2809 5275 3070 5343 gallorum
3093 5285 3304 5326 cantum
3324 5275 3470 5343 jeju-

1915 5351 2060 5402 nium
2089 5349 2324 5408 solvitur,
2350 5347 2404 5398 in
2435 5345 2842 5400 Iiesurrectionis
2865 5345 2968 5409 die,
3001 5363 3062 5398 ac
3093 5345 3246 5413 festo,
3274 5361 3469 5414 magna

1910 5419 1996 5472 die
2034 5418 2324 5470 Paschalis.
2352 5416 2427 5468 ID.
2884 5447 2886 5450 ν

1980 5488 2088 5559 (42)
2137 5487 2248 5556 Τῆς
2291 5484 2677 5549 ἀναστάσεως
2701 5483 2882 5553 ὑμῶν.
2913 5485 2996 5540 Al.
3038 5481 3220 5553 ἡμῶν,
3253 5489 3310 5536 et
3351 5495 3471 5537 rec-

1905 5559 2033 5613 tius.
2071 5559 2142 5611 lo.

2002 5628 2090 5694 45)
2122 5625 2250 5693 Ζωὴ
2280 5625 2395 5694 καί.
2431 5623 2578 5694 Alter
2605 5623 2727 5694 cod.
2762 5625 2856 5676 καὶ
2888 5620 3150 5694 ζωή.ᾼ(ᾆ1..

2002 5628 2090 5694 45)
2122 5628 2250 5693 Ζωὴ
2280 5628 2395 5676 καί.
2431 5628 2578 5677 Alter
2605 5628 2727 5681 cod.
2762 5628 2856 5676 καὶ
2888 5628 3016 5692 ζωή.
3053 5628 3150 5675 CL.

1979 5628 2088 5764 (44)
2132 5695 2295 5764 Μετᾲ
2317 5692 2383 5745 δὲ
2429 5693 2579 5744 ὀκτὼ
2606 5693 2844 5760 ἡμέρας,
2876 5699 2980 5764 etc.
3029 5690 3202 5764 Simili
3249 5694 3411 5748 modo
3438 5710 3469 5748 a

1906 5762 2110 5836 (lyrill'o
2160 5768 2213 5820 in
2272 5763 2558 5830 Joannem,
2619 5773 2670 5818 et
2716 5765 2784 5818 ab
2827 5763 2949 5817 aliis
2995 5762 3262 5834 accipitur
3301 5765 3469 5826 illud.
