3876 6188
421 307 527 364 893

1260 306 1317 363 S.
1353 306 1744 364 CLEMENTS
1777 309 1794 363 1
1830 310 1996 367 11011.
2032 312 2232 367 PONT.
2268 311 2493 366 OPERA
2527 312 2749 367 DUBlA.

3547 317 3646 371 898

421 426 553 482 Post
584 425 701 481 dies
728 439 857 479 vero
878 430 1023 487 octo,
1065 422 1136 479 sit
1163 424 1317 479 vobis
1352 440 1543 480 rursus
1578 424 1775 478 festum
1812 425 1986 479 hono-

2091 423 2223 477 ἔστω
2254 425 2379 494 ὑμῖν
2410 426 2575 478 πάλιν
2623 428 2780 499 ἑορτὴ
2829 424 3013 499 τιμὶα,
3064 426 3198 498 αὐτὴ
3226 428 3258 497 ἡ
3289 427 3479 499 ὀγδῦη,
3531 431 3588 482 ὲν
3615 424 3648 502 ᾗ

420 518 653 572 randum
708 522 937 571 octavus
985 516 1142 579 dies,
1192 515 1245 568 in
1305 532 1415 585 quo
1467 532 1552 572 me
1601 515 1865 570 Thomam
1920 518 1986 572 de

424 610 828 666 resurrectione
876 609 963 661 vix
1023 623 1086 662 ac
1126 622 1194 661 ne
1242 607 1327 661 vix
1380 608 1597 677 quidem
1641 608 1983 673 credentem,

420 704 697 766 convicit,
739 700 1035 757 ostendens
1085 700 1216 753 mihi
1255 700 1530 753 clavorum
1558 701 1819 771 vestigia,
1858 702 1984 756 item

422 797 625 851 lanceae
655 796 855 849 vulnus
882 795 932 849 in
962 794 1129 847 latere
1144 793 1205 847 “.
1227 791 1292 845 Et
1318 793 1533 855 itermn,
1560 808 1587 844 a
1612 794 1785 862 prima
1815 792 1990 846 Domi-

422 904 545 942 nlca
588 886 891 941 numeratis
930 884 1291 954 quadraginta
1337 884 1530 938 diebus
1560 886 1625 947 ",
1659 893 1780 953 post
1804 882 1988 938 Domi—

424 980 607 1033 nicum
638 978 781 1033 diem
816 994 910 1031 seu
944 976 1294 1030 hebdomadas
1327 974 1460 1030 feria
1502 975 1689 1045 quinta
1719 977 1990 1031 celebrate

424 1072 622 1125 festum
664 1069 1069 1139 Assumptionis
1115 1068 1328 1122 Domini
1364 1069 1428 1128 ".
1468 1069 1521 1121 in
1556 1084 1664 1136 quo
1700 1069 1809 1130 die,
1838 1083 1986 1122 com-

424 1166 569 1234 pleta
603 1162 748 1218 omni
777 1162 1184 1231 dispensatione
1222 1166 1275 1212 et
1302 1160 1709 1222 constitutione,
1743 1161 1989 1215 ascendit

424 1257 493 1308 ad
526 1254 693 1307 Deum
721 1268 783 1305 ac
803 1251 1020 1305 Patrem
1044 1253 1110 1315 ⁶⁹,
1140 1253 1457 1305 emissorem
1497 1268 1654 1307 suum
1673 1252 1739 1313 ⁷⁰,
1764 1261 1816 1306 et
1840 1253 1991 1306 sedet

423 1361 455 1400 a
495 1346 699 1399 dextris
731 1345 951 1399 virtutis
985 1345 1053 1407 ⁷⁸,
1084 1353 1473 1414 exspectatque
1500 1343 1673 1398 donec
1714 1354 1989 1414 ponantur

426 1438 634 1492 inimici
671 1438 790 1506 ejus
831 1438 933 1491 sub
978 1438 1096 1506 ejus
1150 1437 1377 1507 pedibus
1409 1438 1490 1502 ";
1546 1436 1637 1506 qui
1663 1446 1715 1491 et
1752 1438 1805 1491 in
1852 1454 1987 1492 con-

424 1532 789 1587 summatione
831 1531 1013 1584 saeculi
1048 1530 1222 1583 veniet
1248 1545 1371 1584 cum
1405 1537 1673 1599 potestate
1719 1547 1781 1585 ac
1818 1532 1987 1601 gloria

425 1625 595 1678 multa
634 1624 702 1687 ⁷³,
746 1623 812 1677 ad
861 1621 1220 1691 judi‘eandum
1253 1620 1404 1676 vivos
1444 1629 1498 1676 et
1542 1630 1789 1677 mortuos
1828 1625 1895 1689 ⁷⁸,
1935 1632 1990 1678 et

424 1714 491 1770 ad
525 1715 858 1769 reddendum
905 1714 1134 1783 singulis
1184 1712 1483 1769 secundum
1530 1728 1592 1767 ea
1643 1730 1763 1784 quae
1805 1730 1989 1785 gesse-

427 1808 536 1862 rint
582 1808 651 1863 ".
706 1806 965 1875 Tuncque
1014 1804 1274 1858 videbunt
1323 1804 1582 1859 dilectum
1633 1803 1727 1859 Dei
1765 1804 1986 1869 Filium,

424 1916 585 1971 quem
610 1905 1046 1970 compunxerunt
1073 1915 1087 1961 ;
1133 1905 1186 1951 et
1217 1907 1611 1967 cognoscentes
1655 1913 1801 1962 eum,
1834 1900 1991 1970 plan-

426 2002 551 2062 gent
580 2007 743 2061 super
767 1992 998 2061 seipsos,
1038 1990 1215 2044 tribus
1239 1988 1307 2043 ad
1337 1989 1539 2045 tribum
1561 2029 1576 2057 ,
1626 2004 1691 2045 ac
1732 1993 1991 2047 mulieres

423 2099 611 2139 eorum
640 2085 928 2153 separatim
958 2084 1023 2138 ".

1057 2169 1286 2225 CAPUT
1317 2170 1433 2225 XX.

675 2262 962 2317 Prwdictio
1001 2263 1282 2331 prophetiae
1322 2263 1385 2317 de
1412 2260 1625 2317 Christo
1660 2260 1811 2316 Iesu.

500 2411 708 2467 Etenim
751 2430 897 2467 nunc
947 2429 1203 2484 quoque,
1256 2415 1469 2469 decima
1512 2416 1717 2471 mensis
1756 2415 1991 2487 Gorpiaei

426 2504 545 2565 die,
608 2502 778 2557 Judcei
836 2506 1193 2575 congregati,
1253 2504 1699 2562 Lamentationes
1742 2506 1992 2565 Jeremim

427 2594 633 2663 legunt,
665 2596 717 2648 in
757 2596 956 2665 quibus
985 2597 1215 2649 habetur
1250 2614 1264 2649 :
1293 2614 1311 2647 ι
1342 2595 1584 2667 Spiritus
1625 2607 1751 2654 ante
1792 2598 1989 2657 faciem

427 2695 668 2741 nostram
708 2686 961 2742 Christus
1017 2686 1279 2742 Dominus
1316 2696 1511 2758 captus
1536 2700 1619 2744 est
1664 2691 1719 2745 in
1759 2707 1992 2764 corrup-

425 2779 668 2833 tionibus
690 2795 876 2833 eorum
900 2780 966 2844 7",
999 2800 1017 2830 ι
1055 2787 1108 2834 et
1140 2780 1470 2845 Baruchum,
1506 2782 1557 2835 in
1591 2798 1699 2852 quo
1725 2786 1988 2854 scriptum

423 2876 509 2924 est
539 2888 553 2925 :
593 2889 611 2920 ι
654 2869 751 2924 llic
778 2878 861 2925 est
895 2869 1037 2927 Deus
1066 2880 1279 2939 noster;
1310 2888 1417 2927 non
1463 2874 1826 2930 aastimabitur
1852 2878 1991 2934 alius

424 2961 492 3015 ad
524 2977 683 3029 eum;
716 2962 992 3017 adinvenit
1015 2978 1227 3017 omnem
1252 2964 1393 3017 viam
1419 2965 1682 3029 scientim,
1716 2975 1769 3021 et
1799 2978 1989 3023 osten-

423 3052 503 3105 dit
529 3052 674 3105 illam
706 3051 911 3107 Jacobo
939 3069 1110 3123 puero
1138 3070 1239 3108 suo
1260 3092 1276 3117 ,
1309 3063 1363 3110 et
1392 3055 1576 3111 lsraeli
1617 3057 1818 3114 dilectu
1861 3062 1985 3117 sibi.

424 3142 555 3199 Post
586 3144 687 3197 hoc
733 3145 787 3198 in
835 3147 995 3199 terris
1042 3150 1192 3201 visus
1243 3154 1349 3213 est,
1404 3156 1457 3202 et
1501 3165 1625 3203 cum
1677 3153 1989 3211 hominibus

424 3244 781 3291 conversatus
812 3240 965 3297 est".
1006 3236 1105 3292 »Ει
1145 3238 1286 3292 inter
1312 3238 1597 3307 legendum
1630 3242 1897 3313 plangunt
1925 3262 1989 3300 ac

425 3327 826 3394 lamentantur,
871 3336 930 3381 ut
959 3329 1061 3399 ipsi
1086 3330 1303 3399 quidem
1348 3340 1569 3398 putant,
1620 3335 1927 3390 vastitatem
1958 3353 1989 3391 a

423 3418 962 3475 Nahuchodonosoro
1015 3422 1327 3489 inductam;
1368 3432 1422 3478 at
1468 3440 1653 3478 revera
1702 3428 1987 3483 exordium

425 3510 605 3564 luctus
636 3513 1085 3581 comprehensuri
1126 3530 1243 3575 eos.
1279 3516 1431 3569 inviti
1463 3516 1689 3571 faciunt.
1714 3519 1984 3574 Caeterum

422 3612 545 3674 post
576 3603 761 3658 decem
784 3604 903 3659 dies
945 3607 1013 3658 ab
1042 3605 1379 3662 Ascensione
1401 3647 1416 3672 ,
1461 3624 1555 3662 seu
1592 3610 1988 3681 quinquagesia

422 3711 512 3749 mo
544 3703 663 3763 post
686 3696 911 3765 primam
943 3695 1277 3752 Dominicam
1309 3700 1417 3761 die,
1458 3716 1711 3769 magnum
1738 3702 1810 3755 sit
1832 3703 1989 3759 vobis

422 3783 620 3839 festum
678 3785 1037 3842 Pentecostes
1072 3789 1159 3855 7’;
1222 3789 1277 3843 in
1326 3805 1391 3845 eo
1426 3792 1627 3861 quippe
1672 3793 1759 3846 die
1805 3791 1989 3848 Domi-

420 3892 528 3931 nus
552 3875 715 3933 Jesus
744 3879 811 3932 ad
841 3896 941 3934 nos
975 3881 1106 3933 hora
1138 3883 1295 3935 tertia
1339 3884 1488 3938 misit
1514 3883 1716 3938 donum
1748 3883 1987 3954 Spiritus

419 3971 633 4036 sancti;
664 3986 728 4026 ac
758 3972 942 4039 repleti
971 3988 1161 4027 sumus
1202 3974 1321 4042 ejus
1363 3974 1642 4043 efﬁcacia;
1681 3984 1736 4031 et
1782 3960 1983 4047 linguis

420 4062 579 4117 novis
606 4063 773 4117 locuti
804 4080 1014 4129 sumus,
1043 4072 1201 4133 prout
1226 4066 1365 4120 idem
1399 4065 1637 4135 Spiritus
1666 4069 1825 4125 nobis
1855 4086 1985 4141 sug-

420 4154 639 4223 gerebat
668 4154 749 4221 ⁸⁰;
796 4162 850 4209 et
899 4154 1316 4224 prmdicavimus
1346 4155 1549 4211 Judaeis
1595 4166 1757 4227 atque
1808 4161 1985 4229 genti-

420 4242 545 4308 bus,
587 4243 771 4301 Jesum
815 4262 935 4301 esse
975 4247 1251 4301 Christum
1299 4245 1427 4312 Dei,
1477 4256 1529 4302 et
1568 4252 1925 4304 constitutum
1953 4266 1982 4305 a

2091 516 2486 570 δυσπιστοῦντα
2522 520 2622 589 ἐμὲ
2665 521 2864 591 Θωμᾶν
2886 520 2977 571 ἐπὶ
3004 522 3069 590 τῇ
3113 520 3401 574 ἀναστάσει
3426 562 3442 581 ,
3483 521 3650 592 ἐπλη-

2093 607 2387 678 ροφδρησε,
2419 609 2596 675 δείξας
2628 629 2717 681 μοι
2743 612 2869 673 τοὺς
2894 612 3095 675 τύπους
3119 610 3225 663 τῶν
3253 612 3418 682 ἥλων,
3442 613 3539 665 καὶ
3558 614 3655 682 τῆς

2086 697 2284 768 λόγχης
2314 702 2371 753 ὲν
2514 703 2723 775 πλευρᾷ
2758 706 2856 775 τὴν
2892 705 3111 775 τρῶσιν.
3159 705 3267 757 Καὶ
3306 703 3469 757 πάλιν
3491 746 3507 768 ,
3551 705 3659 758 ἀπὸ

2088 791 2188 860 τῆς
2218 791 2440 864 πρώτης
2479 796 2764 867 Κυριακῆς
2801 796 3203 867 ἀριθμήσαντες
3246 796 3658 866 τεσσαράκοντα

2085 884 2317 955 ἡμέρας,
2348 885 2455 939 άπὸ
2501 887 2785 958 Κυριακῆς
2831 888 2989 958 μέχρι
3040 886 3323 957 πέμπτης,
3366 882 3659 957 ἑορτάζετε

2086 977 2184 1047 τὴν
2233 978 2423 1048 ἑορτὴν
2469 978 2569 1047 τῆς
2610 978 2954 1047 Ἀναλήψεως
3000 977 3093 1030 τοῦ
3139 976 3372 1047 Κυρίου,
3423 976 3548 1028 καθ’
3594 978 3661 1042 ἢν

2090 1068 2382 1139 πληρώσας
2430 1072 2609 1123 πᾶσαν
2653 1070 2961 1141 οἰκονομίαν
3007 1069 3102 1122 καὶ
3145 1068 3406 1133 διάταξιν,
3457 1067 3659 1137 ἀνῆλθε

2089 1162 2223 1235 πρὸς
2260 1164 2351 1216 τὸν
2402 1162 2798 1217 ἀποστείλαντα
2851 1161 3012 1215 αὐτὸν
3068 1160 3200 1216 Θεὸν
3256 1163 3349 1215 καὶ
3405 1160 3658 1232 Πατέρα,

2089 1256 2316 1319 καθίσας
2362 1258 2425 1309 ὲκ
2480 1253 2668 1319 δεξιῶν
2712 1255 2813 1324 τῆς
2853 1254 3159 1323 δυνάμεως,
3206 1253 3301 1306 καὶ
3347 1252 3664 1323 περιμένων

2088 1347 2192 1411 ἕως
2221 1348 2285 1401 ἂν
2312 1346 2539 1400 τεθῶσιν
2557 1350 2605 1401 οἱ
2635 1348 2815 1419 ἐχθροὶ
2842 1346 3003 1400 αὑτοῦ
3024 1346 3127 1398 ὑπὸ
3140 1346 3265 1408 τοὺς
3285 1344 3452 1407 πόδας
3469 1344 3656 1397 αὐτοῦ·

2088 1440 2149 1502 ὃς
2196 1442 2289 1494 καὶ
2348 1440 2624 1496 ἐλεύσεται
2681 1441 2772 1494 ἐπὶ
2814 1439 3094 1510 συντελείᾳ
3137 1437 3230 1490 τοῦ
3277 1436 3472 1499 αίῶνος
3523 1434 3664 1506 μετά

2087 1533 2365 1604 δυνάμεως
2421 1534 2513 1589 καὶ
2566 1533 2723 1603 δόξης
2777 1530 3004 1600 πολλῆς,
3065 1532 3244 1600 κρῖναι
3300 1526 3512 1589 ζῶντας
3568 1527 3663 1580 καὶ

2088 1629 2332 1697 νεκροὺς,
2367 1627 2457 1678 καὶ
2485 1624 2774 1679 ἀποδοῦναι
2808 1623 3021 1692 ἑκάστῳ
3049 1628 3187 1677 κατά
3215 1620 3283 1673 τὰ
3311 1620 3447 1688 ἔργα
3472 1618 3659 1673 αὑτοῦ.

2090 1720 2201 1772 Καὶ
2227 1720 2346 1772 τότε
2384 1719 2599 1788 δᾷονται
2645 1718 2734 1769 τὸν
2773 1714 3054 1783 ἀγαπητὸν
3094 1714 3221 1766 Υἱὺν
3256 1710 3349 1764 τοῦ
3390 1710 3563 1776 Θεοῦ,
3604 1710 3664 1762 δν

2091 1811 2476 1881 ἐξεκέντησαν,
2528 1810 2623 1863 καὶ
2668 1808 2989 1876 ἐπιγνόντες
3032 1806 3221 1869 αὑτὸν,
3267 1804 3527 1872 κόψονται
3578 1804 3665 1871 ἐφ’

2092 1906 2319 1968 ἑαυτοῖς,
2347 1904 2485 1972 φυλὴ
2517 1899 2657 1955 κατά
2683 1899 2872 1969 φυλὴν,
2904 1899 2995 1951 καὶ
3025 1898 3081 1949 αἱ
3117 1898 3368 1965 γυναῖκες
3417 1893 3534 1964 (45)
3564 1894 3664 1947 αὐ-

2090 1996 2197 2048 τῶν
2226 1996 2345 2048 κατ’
2383 1994 2536 2047 ίδίαν.

2620 2155 3021 2210 ΚΕΦΑΚΔΙΟΝ
3057 2155 3141 2209 Κ’.

2202 2252 2539 2323 Πῷρῤησις
2588 2250 2951 2323 προφητείςις
2970 2248 3131 2323 -ςτερὶ
3168 2246 3425 2318 Χριστοῦ
3455 2246 3568 2302 τοῦ

2704 2268 2951 2342 furator;
3000 2268 3067 2301 πε

2716 2324 2902 2387 Ιησου
2935 2319 3067 2389 (46).

2160 2412 2270 2465 Καὶ
2304 2410 2412 2481 γὰρ
2439 2409 2535 2463 καὶ
2563 2411 2657 2463 νῦν
2686 2408 2885 2478 δεκάτῃ
2919 2405 3013 2459 τοῦ
3040 2404 3205 2477 μηνὸς
3222 2403 3519 2474 Γορπιαίου
3554 2396 3668 2473 (47)

2093 2500 2592 2574 συναθροιζόμενοι,
2632 2500 2759 2564 τοὺς
2815 2498 3058 2570 Θρήνους
3100 2494 3359 2567 Ἰερεμίου
3399 2492 3670 2562 ἀναγινώ-

2093 2613 2341 2659 σκουσιν,
2390 2596 2446 2645 ὲν
2491 2587 2573 2655 οἷς
2618 2593 2848 2662 εἴρηται·
2885 2610 2902 2641 ι
2940 2587 3163 2659 Πνεῦμα
3214 2584 3319 2657 πρὸ
3367 2584 3669 2657 προσώπου

2089 2690 2246 2762 ήμῶν
2274 2688 2507 2759 Χριστὸς
2538 2685 2741 2757 Κύριος
2769 2680 3072 2751 συνελήφθη
3111 2681 3167 2733 ὲν
3192 2682 3311 2743 ταῖς
3344 2678 3671 2762 διαφθοραῖς

2089 2760 2284 2835 αίιτῶν·
2326 2799 2344 2831 ι
2379 2778 2473 2832 xui.
2500 2776 2593 2830 τὸν
2620 2776 2832 2847 Βαροϋχ
2856 2816 2870 2839 ,
2902 2774 2961 2825 ὲν
2996 2766 3041 2838 ᾧ
3069 2771 3393 2841 γέγραπται·
3436 2788 3455 2821 ι
3496 2760 3671 2832 Οὗτος

2091 2874 2119 2925 δ
2146 2872 2276 2935 Θεὸς
2314 2870 2494 2941 ἡμῶν,
2542 2869 2602 2921 οὐ
2651 2866 3028 2937 λογισθήσεται
3062 2863 3247 2934 ἕτερος
3291 2861 3433 2932 πρὸς
3477 2861 3664 2914 αὐτόν’

2089 2962 2276 3034 ἐξεῦρε
2304 2963 2481 3014 πᾶσαν
2509 2960 2626 3013 ὁδὸν
2656 2956 3090 3028 ἑπιστήμης,καὶ
3123 2952 3320 3017 ἔδειξεν
3352 2951 3466 3022 (48)
3495 2952 3669 3021 αὐτὴν

2092 3054 2285 3108 Ἰακὼό
2314 3053 2392 3123 τῷ
2423 3053 2568 3106 παιδὶ
2598 3049 2782 3113 αὑτοῦ,
2814 3047 2909 3101 καὶ
2951 3045 3167 3117 Ἰσραὴλ
3202 3044 3279 3116 τῷ
3319 3044 3671 3115 ἠγαπημένῳ

2092 3147 2181 3199 ὑπ’
2210 3144 2393 3198 αὐτοῦ.
2429 3142 2581 3197 Μετὰ
2607 3141 2765 3194 τοῦτο
2790 3139 2881 3192 ἐπὶ
2922 3137 3024 3208 τῆς
3070 3137 3173 3208 γῆς
3202 3136 3379 3207 ὤφθη,
3423 3138 3520 3190 καὶ
3556 3140 3671 3199 τοῖς

2092 3236 2395 3309 ἀνθρώποις
2444 3233 2871 3304 συνανεστράφη.
2912 3230 3023 3282 Καὶ
3050 3229 3176 3282 ὅταν
3214 3227 3528 3295 άναγνῶσι,
3574 3228 3667 3281 x6-

2091 3344 2315 3381 πτονται
2346 3328 2439 3379 καὶ
2469 3324 2775 3395 θρηνοῦσιν,
2806 3321 2881 3385 ὡς
2912 3320 3009 3391 μὲν
3056 3318 3209 3372 αὐτοὶ
3236 3318 3539 3388 νομίζουσι,
3570 3320 3670 3389 τὴν

2091 3418 2323 3492 ἐρημίαν
2351 3417 2447 3487 τὴν
2477 3416 2580 3468 ὑπὸ
2625 3412 3088 3483 Ναϐουχοδονόσορ
3125 3411 3446 3481 γενομένην,
3495 3410 3577 3473 ὡς
3612 3410 3670 3461 δὲ

2089 3515 2121 3583 ἡ
2154 3511 2375 3583 ἀλήθεια
2403 3508 2534 3578 ἔχει,
2568 3506 2829 3578 προοίμια
2858 3504 3129 3557 ποιοῦνται
3158 3503 3379 3563 ἄκοντες
3405 3500 3503 3553 τοῦ
3541 3501 3670 3571 μέλ-

2090 3604 2269 3665 λοντος
2297 3600 2491 3662 αὐτοὺς
2521 3596 2956 3666 καταλαμϐάνειν
2986 3593 3231 3655 πένθους.
3264 3591 3421 3645 Μετὰ
3449 3592 3505 3644 δὲ
3535 3592 3669 3644 δέκα

2088 3695 2300 3766 ἡμέρας
2329 3694 2427 3762 τῆς
2459 3689 2799 3759 Ἀναλήψεως
2842 3687 2973 3757 (49),
3006 3688 3128 3756 ἥτις
3168 3684 3278 3739 ἀπὸ
3305 3683 3409 3753 τῆς
3438 3683 3670 3755 πρώτης

2089 3785 2372 3857 Κυριακῆς
2418 3780 2761 3852 πεντηκοστὴ
2806 3778 3033 3848 γίνεται,
3064 3776 3223 3849 ἑορτὴ
3270 3774 3483 3848 μεγάλη
3537 3775 3669 3844 ὑμῖν

2088 3879 2244 3932 ἔστω·
2274 3878 2331 3931 ὲν
2356 3876 2491 3946 αὐτῇ
2511 3872 2638 3945 γὰρ,
2669 3870 2787 3942 ὥρᾳ
2812 3869 2969 3941 τρίτῃ
2999 3866 3313 3921 ἀπέστειλεν
3344 3869 3426 3929 είς
3455 3868 3609 3936 ἡμᾶς
3636 3868 3666 3918 ὁ

2089 3970 2290 4041 Κύριος
2312 3967 2518 4040 Ἰησοῦς
2546 3965 2643 4036 τὴν
2671 3962 2877 4035 δωρεὰν
2904 3960 2999 4015 τοῦ
3030 3960 3183 4031 άγίου
3206 3959 3546 4029 Πνεύματος,
3572 3958 3667 4011 7.11

2088 4061 2433 4133 ὲπλήσθημεν
2463 4056 2625 4111 αὐτοῦ
2654 4055 2753 4125 τῆς
2788 4053 3086 4124 ἐνεργείας,
3118 4052 3211 4104 καὶ
3238 4050 3510 4119 γλώσσαις
3542 4066 3665 4102 και-

2084 4158 2201 4217 ναῖς
2221 4152 2585 4221 ἐλαλήσαμεν,
2624 4145 2803 4208 καθὼς
2840 4147 3013 4198 ἐκεῖνο
3058 4145 3254 4215 ὑπήχει
3292 4144 3350 4196 ὲν
3377 4146 3534 4213 ἡμῖν·
3568 4142 3664 4194 καὶ

2084 4245 2425 4318 ἐκηρύξαμεν
2452 4239 2724 4302 Ἰουδαίοις
2760 4255 2821 4290 τε
2849 4239 2944 4291 καὶ
2970 4236 3195 4301 ἔθνεσιν,
3219 4234 3378 4288 αὐτὸν
3399 4230 3541 4288 εἶναι
3570 4234 3663 4286 τὸν

493 4356 537 4385 ⁸⁸
565 4356 723 4412 Joan.
755 4375 845 4422 xx,
882 4357 977 4415 27.
1050 4359 1093 4389 ν’
1125 4357 1244 4412 Act.
1276 4374 1314 4419 ι.
1347 4359 1399 4412 5.
1476 4360 1521 4390 ⁸⁸
1548 4358 1739 4417 Anast.
1792 4363 1923 4417 ihid.
2000 4374 2001 4381 ‘

2091 4360 2241 4414 ﬂare.
2299 4373 2411 4418 xw,
2448 4356 2536 4411 l9.
2610 4355 2657 4387 "
2686 4354 2723 4408 l.
2766 4327 2941 4422 lgnat.
2989 4350 3243 4422 interpol.
3286 4348 3352 4422 ad
3386 4348 3655 4422 μαθοῦς’).

421 4425 509 4496 il,
546 4425 611 4479 ad
643 4426 756 4496 Sin.
788 4430 840 4482 5.
916 4430 959 4460 ⁷¹
991 4428 1178 4482 Matth.
1229 4444 1376 4493 xxvi,
1408 4427 1496 4483 6i.
1573 4432 1617 4461 "
1651 4432 1781 4487 lleh.
1835 4449 1888 4490 ιι,
1922 4434 2006 4496 i3,

2081 4432 2127 4462 ’³
2159 4430 2323 4483 Marc.
2369 4417 2489 4487 xm,
2547 4424 2635 4477 26.
2713 4424 2758 4454 "
2782 4417 2824 4477 ΙῙ
2856 4421 3000 4476 Tim.
3064 4417 3216 4478 ινξί.
3293 4420 3342 4450 ⁷⁸
3386 4417 3551 4473 Rom.
3597 4436 3659 4483 ιι,

418 4488 503 4549 6Q
549 4498 593 4527 ⁷⁸
640 4494 805 4552 Zach.
859 4513 957 4558 χιι.
1026 4498 1131 4562 l0;
1185 4488 1516 4563 Joan/xlx,
1575 4502 1663 4556 57.
1739 4488 2012 4557 “Thren.
2069 4517 2143 4563 tv,
2192 4501 2284 4553 ‘20.
2361 4498 2406 4529 ⁷⁸
2452 4498 2577 4551 Bar.
2642 4508 2726 4559 ιιι,
2778 4493 2869 4548 56.
2948 4492 2994 4524 ⁷⁸
3035 4489 3267 4544 Laudat.
3301 4488 3659 4555 Anastasius,

418 4573 612 4633 quaest.
650 4567 738 4621 6i.
818 4568 863 4599 ⁸⁰
893 4566 1014 4622 Act.
1044 4582 1105 4632 ιι,
1139 4569 1192 4623 4.

1709 4677 2077 4735 VARIORUM
2111 4675 2341 4732 NOTAE.

457 4862 535 4905 ost
570 4852 678 4905 dies

457 4872 535 4905 0"
570 4872 678 4905 ales
725 4872 863 4913 0010,
907 4872 974 4907 ue
1028 4872 1114 4907 me
1161 4872 1373 4914 οςιιινξι,
1421 4872 1527 4905 "(ill
1575 4872 1754 4907 illnc"!
1812 4872 1975 4908 "0'13.

418 4872 577 4978 {lude
620 4922 790 4975 Grreci
832 4922 971 4976 hanc
1014 4922 1353 4975 Dominicam
1400 4930 1716 4975 octavarum
1762 4921 1981 4977 Paschae

420 5001 761 5063 nuncupant
784 4992 1067 5063 Κυριακὴν
1100 4992 1193 5044 τοῦ
1226 4993 1415 5062 Θωμᾶ.
1456 4992 1586 5063 Quae
1635 4993 1768 5063 ipsis
1814 4994 1976 5046 etiam

420 5008 739 5061 nuncupant
788 5008 1067 5063 nupzaxqv
1100 5009 1193 5044 του
1226 5008 1415 5062 υωμα.
1456 5008 1586 5057 ωηο
1635 5008 1768 5113 ngas
1814 5008 1976 5046 etiam

416 5072 501 5117 est
528 5061 687 5132 καινὴ
723 5062 997 5132 Κυριακὴ,
1026 5068 1081 5116 et
1121 5062 1444 5132 ἀντίπασχα.
1497 5062 1607 5116 Nos
1688 5063 1978 5115 ominieain

420 5132 475 5185 in
508 5131 1059 5198 Albis'appellaln’us.
1112 5139 1167 5185 et
1211 5131 1419 5185 Pascha
1466 5133 1735 5189 clausum.
1786 5133 1870 5186 vel
1923 5140 1982 5184 ut

418 5202 615 5271 legitur
643 5201 698 5252 in
745 5199 946 5270 Regula
993 5201 1392 5271 Cbrodogangi,
1443 5216 1562 5271 cap.
1607 5201 1698 5265 36,
1727 5199 1882 5256 Tom.
1934 5200 1977 5265 Ι,

418 5270 703 5339 Spicilegii,
738 5271 994 5325 Clausum
1026 5270 1412 5325 Paschaa.Co'r.

347 5396 354 5403 ,
490 5338 739 5410 (Militari
780 5343 838 5392 al
878 5341 1175 5409 γυναῖκες,
1214 5352 1319 5397 etc.
1361 5340 1488 5395 Haec
1542 5340 1597 5394 in
1648 5340 1818 5396 altero
1853 5338 1979 5397 cod.

341 5428 355 5455 θ
414 5414 765 5465 Oiniltuntttr.
798 5410 894 5464 CL.

488 5480 595 5548 (66)
630 5479 736 5532 Τοῦ
766 5479 989 5545 Ἰησοῦ.
1022 5478 1308 5533 Adduntur
1353 5479 1464 5533 lucc
1499 5480 1553 5533 in
1588 5479 1745 5533 codd.
1768 5480 1927 5536 Vind.
1968 5506 1978 5538 :

413 5547 481 5666 ἓν
508 5548 1197 5668 Ἱουδαίοιιάναγινώσκουσι
1220 5549 1417 5620 δεκάτῃ
1434 5551 1597 5603 Σεπτε
1605 5550 1677 5620 μ6
1683 5550 1819 5621 ρίου,
1859 5552 1976 5620 ἢτοι

458 5632 721 5668 comam).
775 5635 824 5668 υ.

458 5632 721 5685 ορπιαιου.
751 5632 824 5672 ιο.

487 5685 596 5758 (l7)
623 5687 844 5753 Δεκάτῃ
873 5689 977 5741 τοῦ
1001 5688 1191 5757 μηνὸς
1220 5689 1561 5755 Γορπιαίου.
1592 5688 1804 5742 Decima
1837 5689 1975 5758 Sep-

418 5757 672 5817 tembris,
725 5760 927 5814 mensis
972 5761 1227 5830 septimi,
1282 5759 1368 5814 die
1410 5771 1602 5813 sancta
1644 5769 1693 5814 et
1741 5757 1972 5815 solemni

725 4862 863 4913 octo,
907 4852 974 4907 de
1028 4851 1114 4907 die
1161 4860 1373 4914 octava,
1421 4866 1527 4905 non
1575 4860 1754 4907 autem
1812 4868 1975 4908 nona.
2012 4855 2056 4913 υ
2084 4850 2489 4920 Expiationum,
2521 4864 2626 4918 qua
2656 4846 2859 4920 Judaris
2888 4846 3101 4902 animas
3133 4863 3261 4920 suas
3286 4846 3531 4918 aﬂiigere
3560 4868 3659 4912 seu

2084 4918 2327 4991 ieiunare
2373 4921 2711 4991 praecipitur,
2744 4918 2916 4973 Levit.
2991 4934 3104 4980 xvr,
3132 4918 3250 4991 ,29]
3282 4936 3479 4991 ASINI.
3547 4923 3659 4991 27;

2132 4986 2305 5046 umer.
2341 4986 2493 5055 xxix,
2543 4986 2602 5045 Ἴ.
2657 4987 2714 5042 In
2756 5004 2818 5045 ea
2849 4995 3097 5057 poterant
3124 4986 3295 5043 Judmi
3338 4986 3661 5050 llellenistaé

2079 5062 2250 5185 Etiam
2279 5060 2587 5114 Baruchum
2610 5057 2796 5114 Graece
2819 5059 3015 5129 legere,
3035 5073 3131 5128 per
3164 5073 3477 5130 synagogas
3499 5077 3655 5119 suas.

2123 5147 2216 5185 or.

2123 5147 2216 5185 0T.

2179 5199 2265 5268 48)
2297 5198 2586 5263 Ἐδειξεν.
2618 5196 2860 5268 Uterque
2884 5197 3007 5255 cod.
3036 5198 3252 5252 ἔδωκεν.
3282 5197 3381 5255 CL.

2178 5268 2267 5338 49)
2309 5269 2471 5323 Μετὰ
2522 5268 2591 5321 δὲ
2642 5268 2787 5322 δέκα
2814 5268 3037 5337 ἡμέρας
3090 5268 3200 5335 τῆς
3239 5270 3651 5338 Ἀναιήψ-εως.

2087 5338 2448 5408 Recuperabit
2477 5354 2598 5408 qua:
2626 5340 2810 5393 amisit
2840 5338 3189 5400 Anastasius,
3234 5341 3279 5393 si
3325 5348 3525 5407 quzest.
3558 5341 3650 5404 6i,

2082 5427 2135 5480 p.
2166 5410 2292 5472 4‘28,
2322 5409 2446 5480 l._7,
2486 5417 2607 5478 post
2650 5408 2857 5480 κυρίου
2901 5408 3151 5480 posueris
3187 5408 3650 5480 quemadmodum

2080 5477 2321 5533 inlibris
2365 5478 2571 5548 Regiis,
2606 5485 2661 5549 et
2708 5477 2762 5549 in
2793 5477 2988 5549 Τυρίου
3028 5478 3149 5549 Tol.
3178 5480 3321 5549 Δ1⁸55.
3361 5480 3460 5531 καὶ
3514 5479 3654 5549 μετά

2079 5550 2293 5620 ἡμέρας
2309 5546 2560 5618 δέκατῆς
2604 5546 2965 5620 Ἀναλήψεως.
3003 5546 3457 5620 constitutionem
3486 5546 3653 5617 porro

2081 5616 2258 5673 locum
2281 5621 2422 5671 hunc
2446 5616 2689 5687 aliosque
2717 5616 2917 5671 multos
2940 5617 3185 5671 continet
3208 5616 3433 5671 Niconis
3460 5616 3655 5687 mona-

2079 5690 2165 5763 chi
2184 5688 2529 5763 _l‘andeetes_;
2560 5686 2655 5757 qui
2694 5688 2832 5744 liber
2867 5693 3120 5744 servatur
3149 5687 3206 5742 in
3238 5687 3438 5744 forulis
3469 5686 3652 5763 Regia

2082 5759 2447 5815 Bibliotheca.
2477 5758 2614 5815 Co'r.
