3876 6188
252 278 255 281 ’
267 288 378 348 89⁸1

1180 276 1779 340 CONSTITUTIONES
1812 273 2491 334 APOSTOLICIE.—L|B.
2532 272 2597 328 γ.

3395 277 3504 334 893

267 402 503 475 Χριστὸν
517 396 613 453 τοῦ
630 394 789 463 Θεοῦ,
805 397 896 452 τὸν
915 396 1214 470 ὡρισμένον
1230 398 1319 450 ὑπ’
1334 394 1496 449 αὐτοῦ
1516 392 1707 465 κριτὴν
1721 392 1820 465 (50]

1940 389 2053 444 Deo
2094 389 2346 475 ,judicem
2406 393 2653 444 vivorum
2700 401 2765 442 ac
2824 396 3160 444 mortuorum
3215 388 3299 445 ⁸¹..
3360 387 3498 444 lluic

236 505 242 510 ’
266 494 485 562 ζώντων
513 495 606 548 καὶ
630 492 855 565 νεκρῶν.
881 491 1066 563 Τούτῳ
1088 490 1292 561 Μωσῆς
1316 488 1608 562 μαρτυρῶν
1631 486 1828 556 ἐλεγενο

270 606 291 639 ι
336 586 535 641 Ἐλαὼ
584 586 786 658 Κύριος
829 585 940 657 πῦρ
977 584 1128 655 παρά
1155 584 1392 656 Κυρίου,
1442 582 1539 636 καὶ
1576 580 1781 652 ἔϐρεξε.
1806 598 1826 633 ι

261 679 466 734 Τοῦτον
484 675 624 733 εἶδεν
650 678 845 732 Ἰακὼὸ
875 678 949 742 ὡς
966 677 1268 749 ἄνθρωπον,
1300 677 1395 728 καὶ
1422 670 1590 727 εἷπεν·
1625 691 1644 724 ι
1680 669 1833 726 Εἶδον

260 771 399 825 Θεὸν
442 770 731 841 πρόσωπον
767 768 904 841 πρὸς
948 769 1258 840 πρόσωπον,
1305 767 1401 821 καὶ
1441 765 1616 836 ἐσώθη
1651 782 1751 835 μου
1795 767 1829 836 ή

259 862 464 934 ψυχή.»
492 862 692 916 Τοῦτον
719 861 969 932 Ἀϐραάμ
990 859 1352 931 ξενοδοχήσας,
1368 858 1558 931 κριτὴν
1569 857 1831 930 ὡμολόγει

259 954 359 1007 καὶ
396 952 589 1008 ἑαυτοῦ
631 953 850 1024 Κύριον.
902 951 1101 1005 Τοῦτον
1153 951 1359 1021 Μωσῆς
1407 950 1501 1004 ἐπὶ
1537 950 1638 1020 τῆς
1668 949 1829 1020 βάτου

254 1044 529 1097 τεθέαταισ
547 1046 672 1116 περὶ
692 1044 879 1097 τούτου
901 1045 957 1097 ὲν
975 1042 1371 1115 Δευτερονομίῳ
1389 1041 1559 1110 ἔλεγε’
1582 1060 1600 1092 ‹
1620 1041 1831 1112 Προφή-

254 1150 361 1203 την
384 1136 511 1205 ὑμῖν
551 1136 840 1206 ἀναστήσει
864 1134 1064 1202 Κύριος
1091 1135 1120 1187 6
1147 1134 1277 1197 Θεὸς
1319 1135 1382 1187 ὲκ
1428 1133 1537 1186 τῶν
1584 1134 1828 1204 ἀδελφῶν

256 1225 291 1277 ὑ
298 1225 416 1295 μῶν
439 1226 513 1289 ὡς
544 1226 663 1297 ὲ
680 1226 840 1280 αὐτοῦ
855 1225 1150 1280 ἀκούσεσθε
1190 1226 1329 1280 κατά
1350 1225 1527 1279 πάντα
1543 1225 1642 1279 ὅσα
1659 1225 1724 1279 ἂν
1743 1226 1831 1280 λα-

253 1315 400 1389 λήσῃ
416 1319 549 1389 πρὸς
562 1321 724 1390 ὑμᾶς.
743 1320 932 1373 Ἔσται
945 1319 1020 1387 δὲ,
1037 1321 1185 1373 πᾶσα
1197 1320 1342 1393 ψυχὴ
1354 1320 1475 1392 ἥτις
1494 1319 1558 1372 ἂν
1575 1322 1648 1391 μὴ
1671 1320 1829 1373 ἀκού-

258 1425 330 1480 σῃ
345 1408 438 1462 τοῦ
470 1411 745 1482 προφήτου
761 1411 991 1477 ἐκείνου,
1005 1409 1182 1475 ὲξολοθ
1192 1412 1506 1483 ρευθήσεται
1518 1413 1581 1465 ὲκ
1592 1412 1684 1465 τοῦ
1698 1411 1825 1465 λαοῦ

254 1499 450 1570 αὐτῆς.
465 1520 484 1552 ι
503 1500 704 1556 Τοῦτον
734 1498 869 1555 εἶδεν
888 1502 1093 1574 Ἰησοῦς
1117 1504 1146 1555 6
1170 1501 1264 1556 τοῦ
1294 1503 1452 1574 Ναυῆ
1484 1503 1825 1575 στρατάρχην

248 1593 363 1663 τῆς
387 1593 669 1664 δυνάμεως
689 1594 916 1665 Κυρίου,
944 1592 1410 1665 καθωπλισμένον,
1436 1592 1721 1665 σύμμαχον
1746 1596 1826 1658 εἰς

266 1685 509 1757 Ἱεριχὼ·
542 1681 587 1755 ᾧ
614 1686 709 1739 καὶ
740 1685 918 1740 πεσὼν
940 1686 1342 1758 προσεκύνησεν
1371 1684 1511 1757 (51),
1541 1686 1617 1749 ὡς
1643 1686 1825 1750 δοῦλος

256 1779 553 1847 δεσπότην.
605 1778 805 1831 Τοῦτον
866 1778 1115 1849 Sanco-hit
1166 1776 1320 1841 εἰδὼς
1365 1778 1597 1849 Χριστὸν
1649 1778 1821 1845 Θεοῦ,

247 1869 385 1930 τοὺς
427 1870 591 1940 ἱερεῖς
632 1870 724 1922 καὶ
761 1871 887 1933 τοὺς
940 1868 1210 1940 βασιλεῖς,
1253 1870 1509 1939 χριστοὺς
1553 1866 1818 1939 ὠνόμαζε.

248 1958 458 2012 Τοῦτον
498 1959 651 2023 εἰδὼς
676 1960 856 2023 Δαῦὶδ,
889 1960 1081 2030 ἔψαλλε
1119 1961 1218 2032 τὴν
1265 1960 1403 2032 ὑπὲρ
1447 1959 1612 2013 αὑτοῦ
1657 1961 1820 2032 ᾠδὴν,

253 2051 449 2118 λέγων·
484 2070 503 2103 ι
547 2052 666 2123 ᾯδὴ
696 2054 833 2123 ὑπὲρ
869 2052 964 2105 τοῦ
1006 2051 1309 2123 ἀγαπητοῦ·
1338 2070 1356 2103 ι
1402 2053 1496 2105 καὶ
1550 2052 1823 2124 ἐπιφέρων

247 2143 335 2203 είς
390 2143 677 2212 πρόσωπον
732 2143 931 2208 αὐτοῦ,
980 2143 1246 2212 ἔφασκεν·
1301 2162 1319 2194 ι
1346 2143 1654 2214 Περίζωσαι
1721 2145 1822 2217 τὴν

252 2234 528 2303 ῥομφαίαν
559 2251 652 2287 σου
680 2235 772 2288 ἐπὶ
798 2234 889 2288 τὸν
936 2235 1105 2306 μηρόν
1135 2252 1249 2299 σου,
1278 2234 1489 2299 δυνατὲ,
1518 2239 1585 2306 τῇ
1626 2235 1823 2306 ὡραιό-

244 2323 377 2393 τητί
407 2340 519 2388 σου,
550 2326 642 2378 καὶ
667 2324 746 2394 τῷ
788 2325 970 2379 κάλλει
1002 2343 1116 2388 σου,
1148 2327 1242 2380 καὶ
1286 2326 1539 2391 ἔντεινον,
1570 2329 1664 2381 καὶ
1692 2347 1825 2382 κατ-

245 2413 459 2478 ευοδοῦ,
520 2417 614 2469 καὶ
643 2416 911 2485 βασίλευε,
942 2418 1125 2471 ἕνεκεν
1153 2417 1427 2487 ἀληθείας,
1458 2420 1552 2473 καὶ¹
1580 2420 1821 2490 πραότη-

243 2520 344 2567 τος
373 2506 465 2559 κα)⁵
489 2506 848 2581 δικαιοσύνης·
882 2510 974 2563 καὶ
1013 2509 1265 2581 ὁδηγήσει
1311 2526 1370 2562 σε
1416 2510 1741 2582 θαυμαστῶς
1785 2515 1818 2584 ἡ

242 2594 402 2663 δεξιά
429 2615 542 2652 σου.
572 2600 652 2653 Τά
683 2599 807 2671 βέλη
841 2617 933 2654 σου
959 2602 1291 2673 ἠκονημένα,
1320 2602 1507 2656 δυνατὲ
1538 2604 1670 2674 (52),
1701 2604 1821 2658 λαοὶ

242 2688 511 2744 ὑποκάτω
548 2708 640 2744 σου
670 2689 959 2747 πεσοῦνται
986 2694 1044 2747 ὲν
1086 2694 1281 2765 καρδίᾳ
1321 2695 1428 2749 τῶν
1472 2695 1682 2769 ἐχθρῶν
1724 2696 1820 2752 τοῦ

247 2779 516 2851 βασιλέως
553 2783 686 2856 (55).
726 2785 825 2838 Διὰ
867 2784 1026 2847 τοῦτο
1080 2786 1262 2858 ἔχρισὲ
1303 2804 1362 2840 σε
1388 2790 1416 2841 6
1443 2787 1593 2853 Θεὸς,
1622 2791 1650 2843 6
1689 2789 1821 2854 Θεός

246 2889 349 2927 σου
376 2873 554 2929 ἔλαιον
599 2876 987 2945 ἀγαλλιάσεως,
1019 2877 1169 2949 παρά
1194 2880 1321 2942 τοὺς
1361 2880 1620 2950 μετόχους
1651 2898 1763 2934 σου.
1795 2900 1815 2933 ι

243 2966 391 3039 Περὶ
434 2967 597 3021 αὐτοῦ
628 2970 720 3023 καὶ
746 2972 774 3024 6
801 2969 1050 3041 Σολομὼν
1095 2970 1275 3039 ἔλεγεν
1303 2972 1378 3035 ὡς
1423 2973 1487 3026 ὲκ
1529 2974 1818 3043 προσώπου

1933 464 2157 539 Christo
2229 482 2442 553 Moyses
2501 481 2874 537 testimonium
2931 482 3213 552 praebens,
3271 482 3495 539 aiebat:

1939 594 1958 627 ι
1997 575 2221 645 Accepit
2252 575 2515 629 Dominus
2552 575 2730 644 ignem
2766 588 2795 626 a
2834 572 3088 637 Domino,
3120 581 3175 628 et
3205 575 3342 644 pluit
3368 574 3435 629 “.
3470 592 3494 627 ι

1934 665 2090 721 Hune
2113 665 2357 722 Jacobus
2405 675 2664 737 tanquam
2712 666 2986 720 hominem
3014 665 3173 728 vidit,
3215 673 3271 719 et
3308 665 3444 719 dixit
3478 681 3495 720 :

1935 775 1957 809 ι
1986 756 2110 812 Vidi
2166 757 2333 812 Deum
2378 756 2517 812 facie
2563 755 2629 810 ad
2679 756 2895 823 faciem,
2923 764 2978 811 et
3020 756 3171 812 salva
3222 754 3364 809 facta
3412 762 3499 812 est

1930 850 2115 904 anima
2141 865 2261 933 mea
2291 849 2356 905 ⁸³.
2397 869 2416 901 ι
2470 847 2626 902 llunc
2682 848 3026 903 Abrahamns
3071 847 3308 917 hospitio
3338 861 3499 901 exce-

1930 949 2105 1011 ptum,
2136 941 2497 995 conﬁtebatur
2534 940 2774 1010 judicem
2809 956 2872 995 ac
2906 939 3192 993 Dominum
3235 954 3394 994 suum
3427 939 3493 995 “.

1930 1032 2087 1087 llunc
2120 1031 2331 1104 Moyses
2354 1033 2408 1087 in
2441 1033 2575 1087 rubo
2597 1032 2732 1086 vidit
2752 1032 2832 1086 ":
2862 1040 2915 1087 et
2944 1031 3011 1087 de
3050 1031 3239 1085 eodem
3272 1032 3325 1084 in
3356 1029 3496 1085 Deu-

1928 1124 2235 1180 teronomio
2277 1124 2416 1179 dixit
2468 1143 2481 1179 :
2542 1143 2560 1174 ι
2615 1123 2944 1195 Prophetam
2996 1122 3288 1178 suscitabit
3341 1121 3496 1177 vobis

1928 1214 2198 1271 Dominus
2262 1214 2407 1271 Deus
2468 1232 2534 1272 ex
2593 1214 2857 1270 fratribus
2913 1215 3114 1270 vestris
3173 1215 3315 1269 sicut
3371 1228 3493 1281 me;

1928 1307 2105 1377 ipsum
2155 1308 2431 1373 audietis,
2501 1310 2805 1363 secundum
2857 1308 3041 1362 omnia
3102 1321 3223 1376 quae
3277 1306 3495 1359 locutus

1928 1400 2093 1455 fuerit
2153 1401 2343 1466 vobis;
2408 1408 2464 1453 et
2521 1401 2667 1464 erit,
2719 1399 2900 1454 omnis
2953 1397 3166 1460 anima,
3214 1412 3334 1467 quae
3381 1411 3492 1450 non

1926 1492 2164 1546 audierit
2201 1490 2526 1560 Prophetam
2568 1492 2741 1554 illum,
2773 1489 3227 1545 exterminabitur
3276 1487 3349 1551 de
3393 1502 3493 1555 po-

1924 1586 2052 1655 pqu
2082 1600 2181 1639 suo
2208 1584 2276 1638 ⁸⁸.
2314 1603 2333 1634 ›
2380 1583 2536 1637 Hunc
2569 1584 2701 1637 vidit
2730 1582 2890 1637 Jesus
2922 1581 3065 1636 lilius
3098 1579 3260 1634 Navae
3297 1579 3491 1633 ducem

1924 1678 2200 1732 exercitus
2246 1692 2310 1731 ac
2360 1676 2579 1730 virtutis
2623 1674 2858 1739 Domini,
2908 1681 3286 1736 armatum,ct
3310 1672 3493 1726 subsi-

1924 1771 2157 1823 diarium
2222 1769 2277 1823 in
2334 1769 2684 1839 expeditione
2743 1768 3194 1832 Hierichuntina;
3247 1780 3407 1835 quem
3437 1772 3493 1819 et

1924 1862 2212 1932 procidens
2259 1860 2527 1924 adoravit,
2576 1868 2635 1913 ut
2681 1876 2873 1915 servus
2923 1859 3206 1912 dominum
3236 1857 3300 1910 ⁸⁷.
3337 1855 3493 1911 llunc

1925 1951 2142 2006 Samuel
2189 1952 2491 2022 respiciens
2534 1951 2811 2006 Christum
2855 1950 2947 2005 Dei
2980 1949 3050 2013 ⁸⁸,
3093 1947 3409 2001 sacerdotes
3437 1956 3493 2001 et

1920 2059 2099 2115 reges,
2151 2046 2388 2100 christos
2438 2044 2760 2099 nominavit.
2817 2042 2970 2096 Hune
3023 2041 3191 2094 David
3225 2055 3484 2104 cernens,

1920 2139 2191 2192 canticum
2224 2139 2289 2192 de
2336 2153 2402 2193 eo
2439 2139 2724 2207 psallebat,
2773 2136 3119 2191 inscribens:
3158 2152 3176 2183 ι
3205 2133 3490 2187 Canticum

1920 2245 2021 2300 pro
2050 2232 2249 2284 dilecto
2263 2230 2309 2261 3’
2337 2254 2348 2286 .
2374 2249 2392 2283 ›
2431 2239 2592 2299 atque
2623 2231 2736 2283 haec
2766 2229 2930 2283 verba
2961 2227 3027 2281 de
3060 2241 3292 2296 persona
3319 2224 3495 2295 ipsius

1921 2322 2299 2392 subjungens:
2342 2341 2360 2372 ι
2392 2324 2692 2392 Accingere
2732 2321 2912 2391 gladio
2958 2327 3051 2372 tuo
3103 2332 3267 2386 super
3314 2316 3491 2371 femur

1922 2420 2095 2477 tuum,
2126 2414 2519 2483 potentissime,
2545 2414 2725 2484 specie
2748 2422 2839 2466 tua
2861 2421 2914 2466 et
2942 2410 3348 2481 pulchritudine
3374 2419 3489 2472 tua,

1920 2515 1974 2561 et
2000 2507 2244 2574 intende;
2275 2514 2329 2561 et
2363 2523 2623 2578 prospere
2651 2506 2912 2575 procede,
2945 2512 2999 2558 et
3040 2518 3226 2573 regna,
3269 2510 3491 2574 propter

1920 2602 2228 2665 veritatem,
2270 2609 2323 2655 et
2368 2602 2862 2661 mansuetudinem.
2892 2608 2946 2653 et
2973 2598 3276 2668 justitiam;
3310 2604 3365 2651 et
3394 2598 3492 2650 de-

1922 2695 2082 2749 ducet
2111 2705 2161 2750 te
2194 2694 2513 2747 mirabiliter
2536 2694 2757 2747 dextera
2782 2701 2896 2747 tua.
2926 2691 3148 2763 Sagittae
3170 2701 3273 2746 tuae
3294 2698 3488 2754 acutae,

1921 2786 2331 2857 potentissime;
2366 2785 2545 2856 populi
2580 2786 2681 2840 sub
2713 2794 2763 2839 te
2790 2786 3006 2851 cadent,
3031 2787 3087 2840 in
3115 2783 3280 2840 corde
3310 2784 3492 2837 inimio

1921 2896 2113 2937 eorum
2162 2879 2328 2949 regis.
2360 2878 2654 2949 Propterea
2698 2879 2852 2931 unxit
2893 2886 2944 2932 te
2976 2877 3138 2940 Deus,
3173 2877 3315 2933 Deus
3363 2884 3490 2932 tuus

1921 2976 2042 3030 oleo
2070 2973 2475 3036 exsultationis,
2501 2988 2612 3042 pra:
2647 2971 3006 3042 participibus
3040 2971 3151 3025 tuis
3174 2971 3242 3026 '°.
3272 2990 3291 3023 ι
3334 2968 3409 3023 De
3424 2984 3491 3024 eo

241 3058 436 3110 αὐτοῦ·
490 3059 733 3131 (Κύριος
791 3060 969 3115 ἔκτισέ
1016 3079 1080 3133 με
1122 3063 1295 3134 ἀρχὴν
1353 3062 1485 3116 ὁδῶν
1524 3064 1688 3118 αὐτοῦ
1743 3069 1820 3130 είς

1926 3070 2107 3132 etiam,
2139 3076 2195 3121 et
2223 3083 2287 3122 ex
2319 3066 2439 3136 ejus
2468 3080 2720 3136 persona,
2752 3065 2968 3119 dicebat
2999 3062 3255 3117 Salomon
3282 3082 3293 3116 :
3333 3080 3353 3112 ι
3386 3060 3490 3115 Do-

242 3149 389 3222 ἔργα
416 3152 600 3205 αὐτοῦ’
626 3152 730 3225 πρὸ
756 3153 849 3206 τοῦ
879 3154 1072 3217 αἰῶνος
1087 3153 1412 3225 ἐθεμελίωσέ
1444 3172 1530 3227 με,
1560 3158 1617 3209 ὲν
1649 3158 1812 3230 ἀρχῇ,

242 3241 357 3313 πρὸ
384 3241 476 3295 τοῦ
504 3243 604 3315 τὴν
631 3244 732 3315 γῆν
770 3245 1009 3315 ποιῆσαι,
1042 3245 1147 3317 πρὸ
1188 3244 1282 3299 τοῦ
1330 3246 1503 3301 ἐλθεῖν
1560 3248 1671 3323 (54)
1713 3252 1812 3315 τάς

241 3333 433 3403 πηγάς
456 3336 564 3388 τῶν
592 3335 816 3400 ὑδάτων,
850 3338 955 3409 πρὸ
979 3338 1075 3391 τοῦ
1118 3339 1217 3411 ὅρη
1248 3339 1596 3412 ἑδρασθῆναι,
1628 3343 1735 3414 πρὸ
1760 3343 1816 3397 δὲ

241 3425 467 3478 πάντων
499 3425 699 3496 βουνῶν
743 3431 906 3499 γεννᾷ
938 3447 1022 3500 με·
1052 3449 1070 3481 ι
1118 3432 1212 3484 καὶ
1255 3431 1435 3484 πάλινο
1488 3452 1507 3484 ι
1549 3433 1613 3486 Ἡ
1656 3435 1816 3502 σοφία

238 3514 592 3588 ᾠκοδόμησεν
622 3519 786 3591 ἑαυτῇ
824 3517 1027 3573 οἷκον.)
1077 3522 1211 3593 Περὶ
1252 3521 1416 3576 αὐτοῦ
1461 3525 1554 3577 καὶ
1594 3525 1817 3588 Ἡσαΐας

239 3606 452 3675 ἐλεγενο
489 3627 508 3661 ι
552 3610 916 3673 Ἐξελεύσεται
949 3613 1138 3684 ῥάϐδος
1166 3615 1230 3667 ὲκ
1273 3614 1373 3683 τῆς
1402 3611 1557 3687 ῥίζης
1598 3616 1813 3680 Ἰεσσαὶ,

244 3699 343 3751 διαί
371 3698 529 3763 ἄνθος
556 3702 620 3755 ὲκ
646 3703 744 3773 τῆς
776 3703 930 3775 ῥίζης
948 3705 1295 3776 ἀναϐήσεται.
1318 3707 1426 3759 Καὶ
1456 3706 1604 3760 ἔσται
1626 3708 1658 3777 ὴ
1691 3706 1815 3779 ῥίζα

252 3786 341 3840 τοῦ
380 3789 591 3853 Ἰεσσαὶ,
622 3794 716 3846 καὶ
754 3797 782 3848 6
800 3796 1171 3866 ἀνιστάμενος,
1192 3797 1375 3868 ἄρχειν
1401 3797 1586 3851 ἐθνῶν·
1610 3800 1694 3851 ἐπ’
1720 3800 1817 3852 αύ-

241 3880 325 3951 τῷ
354 3881 480 3954 ἔθνη
547 3884 813 3940 ὲλπιοῦσι.
843 3908 861 3939 ι
893 3890 1166 3960 Ζαχαρίας
1194 3890 1268 3942 δέ·
1307 3910 1324 3942 ι
1363 3891 1493 3945 Ἰδοὺ
1524 3890 1635 3962 (55)
1665 3894 1692 3945 6
1722 3892 1815 3961 βα-

244 3973 428 4033 σιλεύς
458 3991 551 4029 σου
591 3977 805 4049 ἔρχεται
831 3980 1033 4045 δίκαιος
1060 3983 1153 4035 καὶ
1192 3981 1397 4046 σώζων,
1427 3983 1589 4047 αὐτὸς
1618 3987 1811 4056 πρᾶος,

242 4066 343 4119 καὶ
388 4068 733 4142 ἑπιόεὗηκὼς
775 4074 881 4149 ἐπὶ.
912 4073 1053 4139 ὄνον,
1096 4076 1189 4129 κα)⁵
1234 4076 1411 4129 πῶλον
1457 4076 1570 4130 υίδν
1614 4076 1814 4140 ὑποζυ-

241 4157 389 4222 γίου.
406 4177 423 4210 ι
458 4160 657 4215 Τοῦτον
676 4163 872 4236 Δανιὴλ
891 4166 1002 4218 υἱὸν
1030 4166 1314 4238 ἀνθρώπου
1344 4168 1488 4236 λέγει
1516 4165 1652 4222 εἶναι
1682 4169 1813 4240 (56),

1922 3161 2104 3216 minus
2142 3159 2386 3214 condidit
2413 3173 2500 3211 me
2543 3156 2871 3226 principium
2919 3155 3130 3207 viarum
3172 3167 3395 3207 suarum
3432 3153 3489 3206 in

1920 3267 2084 3322 Opera
2109 3266 2208 3307 sua
2236 3270 2248 3305 :
2277 3257 2403 3303 ante
2429 3249 2684 3304 sreculum
2714 3246 2957 3300 fundavit
2987 3261 3093 3310 me,
3117 3243 3170 3299 in
3198 3244 3486 3314 principio,

1921 3355 2208 3415 antequam
2229 3351 2427 3398 terram
2451 3341 2673 3402 faceret,
2699 3344 2985 3407 antequam
3005 3336 3287 3405 prodirent
3310 3334 3490 3389 fontes

1922 3451 2222 3507 aquarum,
2271 3442 2562 3503 antequam
2616 3438 2827 3483 montes
2878 3430 3244 3489 firmarentur,
3275 3435 3328 3481 et
3363 3433 3491 3481 ante

1920 3544 2108 3582 omnes
2133 3527 2299 3581 colles
2324 3529 2543 3596 generat
2568 3522 2744 3586 me";
2766 3540 2783 3572 ι
2813 3528 2866 3576 et
2896 3521 3090 3573 iterum
3118 3538 3131 3573 :
3160 3537 3179 3571 ι
3210 3516 3488 3587 Sapientia

1919 3619 2203 3674 ardiﬁcavit
2234 3618 2336 3671 sibi
2367 3616 2588 3669 domum
2610 3615 2710 3667 ⁹².›
2743 3613 2816 3669 De
2845 3629 2909 3668 eo
2932 3621 2984 3668 et
3010 3610 3179 3667 Isaias
3202 3611 3444 3665 aiebat”
3470 3630 3484 3665 :

1925 3729 1943 3763 ι
1970 3710 2286 3781 Egredietur
2317 3709 2464 3777 virga
2496 3705 2561 3761 dc
2588 3706 2771 3760 radice
2794 3704 2983 3768 Jessee,
3010 3713 3064 3759 et
3094 3703 3190 3759 ﬁos
3212 3704 3278 3757 de
3306 3702 3489 3757 radice

1921 3805 2196 3857 ascendet.
2233 3800 2296 3853 Et
2326 3802 2429 3855 erit
2461 3799 2614 3853 radix
2665 3797 2853 3861 Jessze,
2884 3806 2938 3853 et
2966 3798 3059 3867 qui
3090 3798 3393 3866 consurgit,
3430 3802 3489 3848 ut

1921 3895 2173 3964 princeps
2203 3894 2273 3947 sit
2301 3892 2562 3962 gentium,
2596 3891 2651 3944 in
2681 3891 2800 3959 ipso
2829 3900 3015 3960 gentes
3045 3889 3341 3958 sperabunt
3370 3887 3433 3941 “.
3462 3906 3481 3938 ι

1922 3986 2215 4040 Zacharias
2265 4000 2433 4040 vero:
2480 4002 2497 4035 ι
2529 3982 2668 4037 Ecce
2715 3999 2806 4037 rex
2847 3993 2973 4037 tuus
3008 3982 3157 4035 venit
3202 3981 3386 4050 justus
3433 3988 3488 4034 et

1922 4082 2160 4144 salvans,
2194 4079 2307 4148 ipse
2339 4077 2506 4140 mitis,
2533 4085 2586 4130 et
2615 4075 2811 4130 sedens
2838 4090 3001 4145 super
3031 4074 3262 4137 asinam,
3291 4081 3343 4126 et
3373 4074 3488 4143 pni-

1921 4172 2031 4223 lum
2064 4170 2233 4223 ﬁlium
2275 4168 2580 4238 subjugalis
2603 4168 2669 4222 ".
2700 4186 2718 4219 ι
2768 4166 2924 4219 Hunc
2977 4164 3165 4220 Daniel
3193 4166 3325 4240 dicit
3364 4180 3488 4219 esse

319 4293 680 4373 '"ActJJg.
758 4299 1200 4373 “{Qe‘nJIxﬂt.
1277 4306 1775 4372 "Gen.xxxu,50.
1852 4308 2438 4373 “Gen.xvn|,25,‘27.
2516 4305 2916 4369 "Exod.m,2.
2992 4303 3483 4366 "Deut.xvnt,15.

325 4362 441 4442 dos.
496 4383 550 4428 ν,
765 4369 853 4422 ⁸⁸1
892 4370 1023 4442 Reg.

1076 4391 1175 4441 xu,
1233 4376 1285 4430 5.
1364 4378 1579 4433 "Psal.
1624 4397 1767 4445 xuv,
1818 4382 1869 4434 ‘l.

1946 4382 1991 4414 9°
2036 4383 2195 4445 lbul.,
2246 4381 2303 4433 4.
2418 4379 2457 4409 ⁹¹
2492 4376 2651 4432 Prov.
2692 4392 2808 4443 νιιι,
2868 4375 2960 4429 22.
3050 4375 3096 4406 ’⁸
3132 4373 3293 4428 Prov.
3327 4376 3484 4437 11,1.

245 4433 297 4481 ⁹ν³
337 4436 373 4487 ι.
408 4433 576 4505 lgnat.
631 4438 884 4510 interpol.
934 4433 1003 4497 ad
1037 4433 1251 4500 Sm.'2.
1327 4448 1499 4504 "lsa.
1547 4433 1820 4518 χιξίίί(

1936 4451 1982 4482 σε
2012 4433 2195 4505 zichf
2215 4468 2287 4514 ιχ,
2320 4449 2374 4503 9.

1554 4605 1918 4666 VARIORUM
1949 4609 2181 4665 NOTJE.

329 4770 441 4841 (50)
471 4770 709 4853 Κριτήν.
742 4773 975 4857 Additur
1002 4771 1139 4857 εἶναι
1179 4776 1233 4830 in
1272 4778 1444 4857 altero
1475 4781 1687 4857 codice,
1719 4799 1815 4857 pa-

1926 4802 2049 4839 num
2080 4804 2093 4841 :
2127 4784 2349 4857 Sagitta:
2378 4800 2546 4843 acuta:
2571 4786 2965 4857 potentissimw.
2997 4784 3133 4840 Vide
3179 4795 3340 4857 etiam
3373 4784 3480 4840 Pa-

250 4858 379 4926 rum
417 4851 702 4926 concinne,
747 4860 869 4926 eum
888 4851 1011 4926 jam
1052 4852 1447 4926 a_ntecesserit._
1475 4851 1531 4904 In
1564 4855 1815 4926 margine
1922 4851 2225 4911 schasiunf.
2261 4857 2401 4911 Malo
2435 4851 2613 4914 autem
2644 4859 2893 4925 exemplo
2935 4856 3135 4910 factum
3172 4855 3241 4926 ab
3284 4855 3350 4911 iis
3389 4858 3482 4926 qui

249 4912 591 4989 adsfriptu‘m
626 4931 640 4962 :
666 4915 793 4989 περὶ
823 4912 915 4989 τοῦ
948 4917 1151 4987 Κυρίου
1182 4923 1521 4989 προφητεῖαι.
1556 4920 1651 4975 CL.

324 4977 554 5050 (51)“⁷ῼ
584 4981 691 5056 καί
740 4977 948 5056 ξπεσῲν
1006 4977 1482 5056 εἰροᾳεέύτληὸεν.
1540 4989 1615 5046 De
1668 4993 1818 5045 nullo

1920 4927 2253 4995 praefuerunt
2277 4929 2608 4983 editionibus
2630 4928 2687 4982 S.
2712 4926 3023 4994 Augustini,
3040 4925 3185 4995 quod
3221 4940 3329 4979 non
3358 4925 3482 4982 sus-

1918 4997 2144 5049 tulerint
2192 5000 2416 5053 evidens
2469 5000 2722 5052 mendum
2754 4997 2819 5051 ad
2853 4996 2996 5050 hunc
3028 4996 3343 5050 'Psalmum:
3382 4997 3482 5051 Sa-

250 5057 571 5128 sanctorum
605 5052 841 5128 refertur
871 5055 924 5108 in
954 5052 1110 5128 sacra
1135 5052 1437 5126 Scriptura,
1470 5064 1614 5128 quod
1651 5062 1817 5117 Deum
1914 5060 2060 5128 ρίίιφ
2101 5068 2204 5108 mw
2249 5052 2444 5128 Εευῑιέν
2496 5058 2895 5123 Ροιεηιὶδδίηιεέ
2946 5068 2997 5111 ει
3032 5064 3393 5127 "ﬂmmeum
3423 5068 3472 5111 ει

250 5119 459 5174 cadens
488 5122 798 5177 adoraverit
822 5142 836 5189 ;
881 5126 975 5179 sed

1052 5128 1325 5197 uicunque
1369 5130 1559 5184 illicita
1598 5133 1811 5197 adorat,

251 5191 463 5246 cadens
495 5191 696 5245 dicitur
725 5194 974 5249 adorare.

1075 5196 1346 5251 bservatio
1393 5209 1475 5254 est
1523 5202 1578 5255 ὃ.
1622 5201 1814 5254 Hiero-

1914 5115 2210 5193 Eﬂicientes.
2249 5115 2553 5179 PraJsei-ti'm
2579 5143 2700 5180 cun
2730 5136 3016 5197 cernerent
3045 5115 3198 5182 πηοχέ
3222 5115 3277 5181 Ὁ
3307 5138 3471 5197 sagit-

1911 5204 2017 5247 tam
2050 5204 2263 5247 acutam
2286 5197 2696 5269 potentissimum
2719 5196 2742 5269 !_
2780 5194 2933 5252 Unde
2971 5199 3241 5269 corrigere
3271 5194 3472 5251 debue-

250 5263 406 5338 rrymi
451 5261 517 5338 ad
543 5263 1078 5338 caputtIrDanielis.
1120 5266 1439 5338 Quanquam
1485 5271 1538 5323 in
1581 5271 1812 5325 Matthaei
1909 5275 2049 5327 tant.
2085 5276 2263 5318 acuta?
2292 5268 2689 5331 ρυιεηιὶεεὶηιιε.
2727 5265 2805 5320 In.

251 5329 551 5407 [:Z‘vangelio
579 5329 647 5387 de
680 5332 846 5407 Magis
880 5329 1510 5407 Iegimusfproc'identcs
1550 5340 1813 5397 infantem

249 5396 441 5456 Iesum
473 5403 751 5457 adorasse.
766 5396 916 5457 'Cor.

293 5472 443 5593 ,((52)
497 5472 880 5541 Ἠκονημένα,
927 5473 1161 5529 δυνατέ.
1187 5475 1433 5532 Notanda
1482 5478 1535 5532 in
1584 5480 1685 5534 hoc
1716 5480 1816 5534 Da-

293 5557 306 5593 I
353 5557 400 5593 IS
430 5550 578 5593 textu
606 5549 827 5593 varians
859 5545 1037 5593 lectio-
1073 5545 1287 5593 δυνατά.
1322 5557 1433 5593 lmn
1468 5554 1608 5593 anml
1648 5550 1815 5593 Ιεῖιιςρ-

251 5545 400 5616 vidis
430 5550 578 5616 textu
606 5549 827 5616 varians
859 5545 1037 5616 lectio,
1073 5545 1288 5610 δυνατά,
1322 5557 1433 5602 tum
1468 5554 1608 5616 apud
1647 5550 1815 5604 Euse-

253 5611 408 5691 bium
429 5610 728 5691 Demens".
747 5612 1021 5691 Evangel._.
1038 5616 1341 5691 lib;v,cap.
1357 5620 1411 5677 5,
1426 5610 1538 5671 tum
1559 5637 1623 5674 ex
1646 5620 1814 5673 Mela-

252 5680 439 5761 pftrau'
462 5683 818 5761 Apollinaris,
845 5680 1071 5761 Arnobii
1104 5680 1510 5761 Cornmentario,
1534 5698 1586 5743 et
1610 5690 1813 5743 Catena

255 5752 349 5808 hic
380 5768 433 5824 p.
461 5753 581 5811 826.
616 5752 884 5810 Firmicus
907 5756 978 5812 De
1003 5771 1188 5812 errore
1219 5759 1567 5829 profanarum
1599 5761 1814 5832 religio-

1993 5344 2127 5412 (55)
2182 5344 2502 5409 Βασιλέως.
2572 5343 2803 5397 Additur
2867 5340 2920 5396 in
2988 5341 3111 5397 cod.
3168 5338 3331 5393 Vind.
3391 5342 3482 5394 καὶ

1915 5412 2057 5482 ἑξῆς.
2092 5412 2187 5467 CL.

1989 5475 2099 5554 (5t)
2152 5483 2404 5554 Ἑγίθεῗνἒ
2429 5481 2717 5554 Προελθεῖν
2748 5481 2801 5554 in
2834 5488 3065 5549 utraque
3087 5478 3215 5554 cod.
3244 5475 3320 5554 lo.

1988 5546 2100 5618 (55)
2153 5552 2325 5606 Ἰδού.
2380 5546 2697 5606 Praicedunt
2754 5552 2893 5604 hanc
2944 5546 3209 5618 voculam_
3244 5548 3381 5614 haec,
3424 5546 3477 5605 in

1918 5613 2094 5693 aitem'
2115 5623 2238 5693 cod.
2259 5642 2269 5676 :
2292 5624 2460 5693 Χαῖρε
2491 5622 2710 5693 σφόδρα,
2745 5620 2979 5693 θύγατερ
3005 5617 3161 5673 Σιών.
3193 5613 3268 5674 In.

1990 5692 2101 5762 ‘56)
2138 5692 2325 5749 Εἶναι.
2361 5689 2519 5749 Deest
2538 5689 2601 5746 in
2623 5689 2824 5747 altero.
2859 5689 2933 5745 In.
