  <div class='ocr_page' id='page_1' title='image "/cluster/home/n/w/nwhite01/storage/ocr_20150623/1/nnc1.0022106693/498.png"; bbox 0 0 3876 6188; ppageno 0'>
   <div class='ocr_carea' id='block_1_1' title="bbox 177 259 292 317">
    <p class='ocr_par' dir='ltr' id='par_1_1' title="bbox 177 259 292 317">
     <span class='ocr_line' id='line_1_1' title="bbox 177 259 292 317; baseline 0 0"><span class='ocrx_word' id='word_1_1' title='bbox 177 259 292 317; x_wconf 83' lang='lat'><strong><em>909</em></strong></span> 
     </span>
    </p>
   </div>
   <div class='ocr_carea' id='block_1_2' title="bbox 1072 254 2511 317">
    <p class='ocr_par' dir='ltr' id='par_1_2' title="bbox 1072 254 2511 317">
     <span class='ocr_line' id='line_1_2' title="bbox 1072 254 2511 317; baseline -0.001 -2"><span class='ocrx_word' id='word_1_2' title='bbox 1072 254 1677 316; x_wconf 82' lang='lat' dir='ltr'><strong><em>CONSTITUTIONBS</em></strong></span> <span class='ocrx_word' id='word_1_3' title='bbox 1709 258 2388 317; x_wconf 63' lang='lat' dir='ltr'><strong><em>APOSTOLICIE.—LIB.</em></strong></span> <span class='ocrx_word' id='word_1_4' title='bbox 2424 260 2511 316; x_wconf 79' lang='lat' dir='ltr'><strong>VI.</strong></span> 
     </span>
    </p>
   </div>
   <div class='ocr_carea' id='block_1_3' title="bbox 3326 260 3433 317">
    <p class='ocr_par' dir='ltr' id='par_1_3' title="bbox 3326 260 3433 317">
     <span class='ocr_line' id='line_1_3' title="bbox 3326 260 3433 317; baseline 0 0"><span class='ocrx_word' id='word_1_5' title='bbox 3326 260 3433 317; x_wconf 79' lang='lat' dir='ltr'><strong><em>9I0</em></strong></span> 
     </span>
    </p>
   </div>
   <div class='ocr_carea' id='block_1_4' title="bbox 175 372 1762 449">
    <p class='ocr_par' dir='ltr' id='par_1_4' title="bbox 175 372 1760 445">
     <span class='ocr_line' id='line_1_4' title="bbox 175 372 1760 445; baseline 0.001 -15"><span class='ocrx_word' id='word_1_6' title='bbox 175 380 251 430; x_wconf 70' lang='grc' dir='ltr'><em>κ’.</em></span> <span class='ocrx_word' id='word_1_7' title='bbox 289 373 387 440; x_wconf 81' lang='grc' dir='ltr'><strong><em>Τίς</em></strong></span> <span class='ocrx_word' id='word_1_8' title='bbox 422 374 456 427; x_wconf 81' lang='grc' dir='ltr'><em>ὁ</em></span> <span class='ocrx_word' id='word_1_9' title='bbox 502 372 758 441; x_wconf 68' lang='grc' dir='ltr'><em>φυσικὸς</em></span> <span class='ocrx_word' id='word_1_10' title='bbox 804 375 988 444; x_wconf 87' lang='grc' dir='ltr'><em>νόμος</em></span> <span class='ocrx_word' id='word_1_11' title='bbox 1010 417 1025 443; x_wconf 93' lang='grc'><strong><em>,</em></strong></span> <span class='ocrx_word' id='word_1_12' title='bbox 1055 377 1156 431; x_wconf 89' lang='grc' dir='ltr'><strong><em>καί</em></strong></span> <span class='ocrx_word' id='word_1_13' title='bbox 1198 379 1292 445; x_wconf 85' lang='grc' dir='ltr'><strong><em>τίς</em></strong></span> <span class='ocrx_word' id='word_1_14' title='bbox 1319 381 1353 433; x_wconf 82' lang='grc' dir='ltr'><em>ὁ</em></span> <span class='ocrx_word' id='word_1_15' title='bbox 1387 378 1760 443; x_wconf 80' lang='grc' dir='ltr'><strong><em>ἐπείσακτος,</em></strong></span> 
     </span>
    </p>
   </div>
   <div class='ocr_carea' id='block_1_5' title="bbox 1881 372 3431 449">
    <p class='ocr_par' dir='ltr' id='par_1_5' title="bbox 1881 377 3431 449">
     <span class='ocr_line' id='line_1_5' title="bbox 1881 377 3431 449; baseline -0.001 -17"><span class='ocrx_word' id='word_1_16' title='bbox 1881 378 1982 436; x_wconf 69' lang='lat' dir='ltr'><strong><em>KX.</em></strong></span> <span class='ocrx_word' id='word_1_17' title='bbox 2011 379 2141 446; x_wconf 65' lang='lat' dir='ltr'><strong><em>Quae</em></strong></span> <span class='ocrx_word' id='word_1_18' title='bbox 2160 381 2228 434; x_wconf 90' lang='lat' dir='ltr'><strong><em>sit</em></strong></span> <span class='ocrx_word' id='word_1_19' title='bbox 2258 379 2342 433; x_wconf 80' lang='lat' dir='ltr'><strong><em>lea:</em></strong></span> <span class='ocrx_word' id='word_1_20' title='bbox 2363 378 2646 443; x_wconf 88' lang='lat' dir='ltr'><strong><em>naturalis,</em></strong></span> <span class='ocrx_word' id='word_1_21' title='bbox 2674 386 2725 432; x_wconf 94' lang='lat' dir='ltr'><strong><em>et</em></strong></span> <span class='ocrx_word' id='word_1_22' title='bbox 2751 393 2868 447; x_wconf 72' lang='lat' dir='ltr'><strong><em>quae</em></strong></span> <span class='ocrx_word' id='word_1_23' title='bbox 2888 377 3171 443; x_wconf 76' lang='lat' dir='ltr'><strong><em>invectitia,</em></strong></span> <span class='ocrx_word' id='word_1_24' title='bbox 3201 386 3250 431; x_wconf 82' lang='lat' dir='ltr'><strong><em>et</em></strong></span> <span class='ocrx_word' id='word_1_25' title='bbox 3274 392 3431 449; x_wconf 81' lang='lat' dir='ltr'><strong><em>quam</em></strong></span> 
     </span>
    </p>
   </div>
   <div class='ocr_carea' id='block_1_6' title="bbox 251 463 1154 537">
    <p class='ocr_par' dir='ltr' id='par_1_6' title="bbox 251 463 1154 537">
     <span class='ocr_line' id='line_1_6' title="bbox 251 463 1154 537; baseline 0.007 -20"><span class='ocrx_word' id='word_1_26' title='bbox 251 464 353 518; x_wconf 83' lang='grc' dir='ltr'><strong><em>καί</em></strong></span> <span class='ocrx_word' id='word_1_27' title='bbox 380 463 455 517; x_wconf 77' lang='grc' dir='ltr'><em>δι’</em></span> <span class='ocrx_word' id='word_1_28' title='bbox 471 463 552 533; x_wconf 79' lang='grc' dir='ltr'><em>ἢν</em></span> <span class='ocrx_word' id='word_1_29' title='bbox 577 465 775 520; x_wconf 87' lang='grc' dir='ltr'><em>αἰτίαν</em></span> <span class='ocrx_word' id='word_1_30' title='bbox 801 465 1154 537; x_wconf 82' lang='grc' dir='ltr'><em>ἐπεισήχθη.</em></span> 
     </span>
    </p>
   </div>
   <div class='ocr_carea' id='block_1_7' title="bbox 173 557 1763 631">
    <p class='ocr_par' dir='ltr' id='par_1_7' title="bbox 173 557 1763 631">
     <span class='ocr_line' id='line_1_7' title="bbox 173 557 1763 631; baseline 0 -18"><span class='ocrx_word' id='word_1_31' title='bbox 173 564 302 613; x_wconf 69' lang='grc' dir='ltr'><em>κω.</em></span> <span class='ocrx_word' id='word_1_32' title='bbox 333 558 455 611; x_wconf 84' lang='grc' dir='ltr'><strong><em>Ὅτι</em></strong></span> <span class='ocrx_word' id='word_1_33' title='bbox 497 558 615 613; x_wconf 81' lang='grc' dir='ltr'><strong><em>ὑπὸ</em></strong></span> <span class='ocrx_word' id='word_1_34' title='bbox 656 557 833 629; x_wconf 83' lang='grc' dir='ltr'><strong><em>χάριν</em></strong></span> <span class='ocrx_word' id='word_1_35' title='bbox 876 559 1084 631; x_wconf 82' lang='grc' dir='ltr'><em>ἐσμὲν,</em></span> <span class='ocrx_word' id='word_1_36' title='bbox 1133 560 1271 615; x_wconf 74' lang='grc' dir='ltr'><em>ἀλλ’</em></span> <span class='ocrx_word' id='word_1_37' title='bbox 1300 563 1413 630; x_wconf 85' lang='grc' dir='ltr'><strong><em>οὐχ</em></strong></span> <span class='ocrx_word' id='word_1_38' title='bbox 1460 561 1576 616; x_wconf 83' lang='grc' dir='ltr'><strong><em>ὑπὸ</em></strong></span> <span class='ocrx_word' id='word_1_39' title='bbox 1624 559 1763 614; x_wconf 90' lang='grc' dir='ltr'><em>δου-</em></span> 
     </span>
    </p>
   </div>
   <div class='ocr_carea' id='block_1_8' title="bbox 247 647 1765 722">
    <p class='ocr_par' dir='ltr' id='par_1_8' title="bbox 247 647 1765 722">
     <span class='ocr_line' id='line_1_8' title="bbox 247 647 1765 722; baseline 0.001 -19"><span class='ocrx_word' id='word_1_40' title='bbox 247 649 428 703; x_wconf 71' lang='grc' dir='ltr'><em>λείαν</em></span> <span class='ocrx_word' id='word_1_41' title='bbox 450 649 558 703; x_wconf 89' lang='grc' dir='ltr'><em>τοῦ</em></span> <span class='ocrx_word' id='word_1_42' title='bbox 587 647 946 704; x_wconf 73' lang='grc' dir='ltr'><strong><em>ἐπεισάκτου</em></strong></span> <span class='ocrx_word' id='word_1_43' title='bbox 974 653 1183 722; x_wconf 86' lang='grc' dir='ltr'><em>νόμου,</em></span> <span class='ocrx_word' id='word_1_44' title='bbox 1201 655 1257 707; x_wconf 88' lang='grc' dir='ltr'><strong><em>οἰ</em></strong></span> <span class='ocrx_word' id='word_1_45' title='bbox 1282 655 1369 720; x_wconf 87' lang='grc' dir='ltr'><strong><em>εἰς</em></strong></span> <span class='ocrx_word' id='word_1_46' title='bbox 1396 652 1653 722; x_wconf 81' lang='grc' dir='ltr'><em>Χριστὸν</em></span> <span class='ocrx_word' id='word_1_47' title='bbox 1680 664 1765 705; x_wconf 85' lang='grc' dir='ltr'><em>πι-</em></span> 
     </span>
    </p>
   </div>
   <div class='ocr_carea' id='block_1_9' title="bbox 249 742 591 808">
    <p class='ocr_par' dir='ltr' id='par_1_9' title="bbox 249 742 591 808">
     <span class='ocr_line' id='line_1_9' title="bbox 249 742 591 808; baseline 0.006 -12"><span class='ocrx_word' id='word_1_48' title='bbox 249 742 591 808; x_wconf 81' lang='grc' dir='ltr'><em>στεύοντες.</em></span> 
     </span>
    </p>
   </div>
   <div class='ocr_carea' id='block_1_10' title="bbox 171 832 1761 908">
    <p class='ocr_par' dir='ltr' id='par_1_10' title="bbox 171 832 1761 908">
     <span class='ocr_line' id='line_1_10' title="bbox 171 832 1761 908; baseline 0.003 -23"><span class='ocrx_word' id='word_1_49' title='bbox 171 832 289 886; x_wconf 74' lang='grc' dir='ltr'><em>κδ’.</em></span> <span class='ocrx_word' id='word_1_50' title='bbox 325 834 445 887; x_wconf 87' lang='grc' dir='ltr'><em>Ὅτι</em></span> <span class='ocrx_word' id='word_1_51' title='bbox 471 834 833 903; x_wconf 82' lang='grc' dir='ltr'><em>ἐπείσακτος</em></span> <span class='ocrx_word' id='word_1_52' title='bbox 862 840 894 892; x_wconf 87' lang='grc' dir='ltr'><em>ὀ</em></span> <span class='ocrx_word' id='word_1_53' title='bbox 922 837 1021 890; x_wconf 82' lang='grc' dir='ltr'><strong><em>ἐπὶ</em></strong></span> <span class='ocrx_word' id='word_1_54' title='bbox 1060 837 1287 892; x_wconf 85' lang='grc' dir='ltr'><em>θυσιῶν</em></span> <span class='ocrx_word' id='word_1_55' title='bbox 1322 838 1526 908; x_wconf 81' lang='grc' dir='ltr'><em>νόμος,</em></span> <span class='ocrx_word' id='word_1_56' title='bbox 1557 837 1629 891; x_wconf 83' lang='grc' dir='ltr'><em>ὃν</em></span> <span class='ocrx_word' id='word_1_57' title='bbox 1658 853 1761 890; x_wconf 84' lang='grc' dir='ltr'><em>πε-</em></span> 
     </span>
    </p>
   </div>
   <div class='ocr_carea' id='block_1_11' title="bbox 239 924 1253 1000">
    <p class='ocr_par' dir='ltr' id='par_1_11' title="bbox 239 924 1253 1000">
     <span class='ocr_line' id='line_1_11' title="bbox 239 924 1253 1000; baseline 0.006 -22"><span class='ocrx_word' id='word_1_58' title='bbox 239 924 434 993; x_wconf 77' lang='grc' dir='ltr'><em>ριεῖλε</em></span> <span class='ocrx_word' id='word_1_59' title='bbox 460 928 723 996; x_wconf 85' lang='grc' dir='ltr'><em>Χριστὸς</em></span> <span class='ocrx_word' id='word_1_60' title='bbox 753 929 1253 1000; x_wconf 77' lang='grc' dir='ltr'><em>παραγενόμενος.</em></span> 
     </span>
    </p>
   </div>
   <div class='ocr_carea' id='block_1_12' title="bbox 170 1017 1765 1092">
    <p class='ocr_par' dir='ltr' id='par_1_12' title="bbox 170 1017 1765 1092">
     <span class='ocr_line' id='line_1_12' title="bbox 170 1017 1765 1092; baseline 0.001 -22"><span class='ocrx_word' id='word_1_61' title='bbox 170 1023 287 1086; x_wconf 76' lang='grc' dir='ltr'><em>κγ’.</em></span> <span class='ocrx_word' id='word_1_62' title='bbox 327 1017 462 1085; x_wconf 85' lang='grc' dir='ltr'><strong><em>Πῶς</em></strong></span> <span class='ocrx_word' id='word_1_63' title='bbox 508 1020 831 1089; x_wconf 79' lang='grc' dir='ltr'><strong><em>πληρωτὴς</em></strong></span> <span class='ocrx_word' id='word_1_64' title='bbox 874 1022 976 1075; x_wconf 86' lang='grc' dir='ltr'><strong><em>τοῦ</em></strong></span> <span class='ocrx_word' id='word_1_65' title='bbox 1023 1021 1213 1091; x_wconf 85' lang='grc' dir='ltr'><em>νόμου</em></span> <span class='ocrx_word' id='word_1_66' title='bbox 1252 1021 1501 1092; x_wconf 72' lang='grc' dir='ltr'><em>γέγονεν</em></span> <span class='ocrx_word' id='word_1_67' title='bbox 1547 1023 1581 1075; x_wconf 84' lang='grc' dir='ltr'><em>ό</em></span> <span class='ocrx_word' id='word_1_68' title='bbox 1625 1023 1765 1089; x_wconf 86' lang='grc' dir='ltr'><em>Χρι-</em></span> 
     </span>
    </p>
   </div>
   <div class='ocr_carea' id='block_1_13' title="bbox 248 1109 1759 1182">
    <p class='ocr_par' dir='ltr' id='par_1_13' title="bbox 248 1109 1759 1182">
     <span class='ocr_line' id='line_1_13' title="bbox 248 1109 1759 1182; baseline 0.011 -20"><span class='ocrx_word' id='word_1_69' title='bbox 248 1109 426 1176; x_wconf 84' lang='grc' dir='ltr'><em>στός’</em></span> <span class='ocrx_word' id='word_1_70' title='bbox 457 1110 555 1164; x_wconf 86' lang='grc' dir='ltr'><strong><em>καί</em></strong></span> <span class='ocrx_word' id='word_1_71' title='bbox 582 1112 717 1166; x_wconf 88' lang='grc' dir='ltr'><em>τίνα</em></span> <span class='ocrx_word' id='word_1_72' title='bbox 758 1113 973 1167; x_wconf 87' lang='grc' dir='ltr'><em>τούτου</em></span> <span class='ocrx_word' id='word_1_73' title='bbox 999 1114 1301 1182; x_wconf 79' lang='grc' dir='ltr'><em>ἔπαυσεν,</em></span> <span class='ocrx_word' id='word_1_74' title='bbox 1332 1112 1370 1182; x_wconf 83' lang='grc' dir='ltr'><em>ἢ</em></span> <span class='ocrx_word' id='word_1_75' title='bbox 1401 1111 1759 1179; x_wconf 69' lang='grc' dir='ltr'><em>ἐνήλλαξεν»</em></span> 
     </span>
    </p>
   </div>
   <div class='ocr_carea' id='block_1_14' title="bbox 246 1198 660 1272">
    <p class='ocr_par' dir='ltr' id='par_1_14' title="bbox 246 1198 660 1272">
     <span class='ocr_line' id='line_1_14' title="bbox 246 1198 660 1272; baseline 0.007 -3"><span class='ocrx_word' id='word_1_76' title='bbox 246 1198 287 1269; x_wconf 80' lang='grc' dir='ltr'><strong><em>ἣ</em></strong></span> <span class='ocrx_word' id='word_1_77' title='bbox 314 1200 660 1272; x_wconf 79' lang='grc' dir='ltr'><em>μετέθηκενο</em></span> 
     </span>
    </p>
   </div>
   <div class='ocr_carea' id='block_1_15' title="bbox 170 1292 1764 1369">
    <p class='ocr_par' dir='ltr' id='par_1_15' title="bbox 170 1292 1764 1369">
     <span class='ocr_line' id='line_1_15' title="bbox 170 1292 1764 1369; baseline 0.003 -23"><span class='ocrx_word' id='word_1_78' title='bbox 170 1292 286 1347; x_wconf 77' lang='grc' dir='ltr'><em>κδ’.</em></span> <span class='ocrx_word' id='word_1_79' title='bbox 324 1295 445 1346; x_wconf 88' lang='grc' dir='ltr'><em>Ὅτι</em></span> <span class='ocrx_word' id='word_1_80' title='bbox 486 1294 587 1349; x_wconf 80' lang='grc' dir='ltr'><em>καὶ</em></span> <span class='ocrx_word' id='word_1_81' title='bbox 625 1294 723 1350; x_wconf 84' lang='grc' dir='ltr'><em>διὰ</em></span> <span class='ocrx_word' id='word_1_82' title='bbox 780 1297 1084 1369; x_wconf 85' lang='grc' dir='ltr'><em>Ῥωμαίων</em></span> <span class='ocrx_word' id='word_1_83' title='bbox 1126 1297 1462 1366; x_wconf 81' lang='grc' dir='ltr'><em>εὐδόκησεν</em></span> <span class='ocrx_word' id='word_1_84' title='bbox 1490 1300 1523 1351; x_wconf 86' lang='grc' dir='ltr'><strong><em>ό</em></strong></span> <span class='ocrx_word' id='word_1_85' title='bbox 1548 1298 1764 1366; x_wconf 87' lang='grc' dir='ltr'><em>Κύριος</em></span> 
     </span>
    </p>
   </div>
   <div class='ocr_carea' id='block_1_16' title="bbox 246 1386 1617 1460">
    <p class='ocr_par' dir='ltr' id='par_1_16' title="bbox 246 1386 1617 1460">
     <span class='ocr_line' id='line_1_16' title="bbox 246 1386 1617 1460; baseline 0.002 -22"><span class='ocrx_word' id='word_1_86' title='bbox 246 1386 358 1439; x_wconf 81' lang='grc' dir='ltr'><em>τὸν</em></span> <span class='ocrx_word' id='word_1_87' title='bbox 384 1387 494 1454; x_wconf 78' lang='grc' dir='ltr'><em>τῆς</em></span> <span class='ocrx_word' id='word_1_88' title='bbox 521 1387 912 1458; x_wconf 79' lang='grc' dir='ltr'><em>δικαιοσύνης</em></span> <span class='ocrx_word' id='word_1_89' title='bbox 938 1393 1127 1460; x_wconf 81' lang='grc' dir='ltr'><em>νόμον</em></span> <span class='ocrx_word' id='word_1_90' title='bbox 1153 1390 1617 1444; x_wconf 84' lang='grc' dir='ltr'><em>ἐπιδείκνυσθαι.</em></span> 
     </span>
    </p>
   </div>
   <div class='ocr_carea' id='block_1_17' title="bbox 169 1479 1764 1551">
    <p class='ocr_par' dir='ltr' id='par_1_17' title="bbox 169 1479 1764 1551">
     <span class='ocr_line' id='line_1_17' title="bbox 169 1479 1764 1551; baseline 0.002 -20"><span class='ocrx_word' id='word_1_91' title='bbox 169 1480 279 1532; x_wconf 77' lang='grc' dir='ltr'><em>κε’.</em></span> <span class='ocrx_word' id='word_1_92' title='bbox 325 1479 419 1545; x_wconf 80' lang='grc' dir='ltr'><em>Ὠς</em></span> <span class='ocrx_word' id='word_1_93' title='bbox 448 1481 592 1545; x_wconf 84' lang='grc' dir='ltr'><em>Θεὸς</em></span> <span class='ocrx_word' id='word_1_94' title='bbox 619 1481 952 1549; x_wconf 85' lang='grc' dir='ltr'><em>Ἰουδαίους,</em></span> <span class='ocrx_word' id='word_1_95' title='bbox 975 1482 1073 1537; x_wconf 85' lang='grc' dir='ltr'><strong><em>διὰ</em></strong></span> <span class='ocrx_word' id='word_1_96' title='bbox 1099 1482 1213 1551; x_wconf 77' lang='grc' dir='ltr'><em>τὴν</em></span> <span class='ocrx_word' id='word_1_97' title='bbox 1238 1485 1324 1549; x_wconf 84' lang='grc' dir='ltr'><strong><em>εἰς</em></strong></span> <span class='ocrx_word' id='word_1_98' title='bbox 1350 1480 1605 1550; x_wconf 85' lang='grc' dir='ltr'><em>Χριστὸν</em></span> <span class='ocrx_word' id='word_1_99' title='bbox 1630 1480 1764 1536; x_wconf 84' lang='grc' dir='ltr'><strong><em>ἀσέ-</em></strong></span> 
     </span>
    </p>
   </div>
   <div class='ocr_carea' id='block_1_18' title="bbox 249 1571 1763 1644">
    <p class='ocr_par' dir='ltr' id='par_1_18' title="bbox 249 1571 1763 1644">
     <span class='ocr_line' id='line_1_18' title="bbox 249 1571 1763 1644; baseline 0.003 -21"><span class='ocrx_word' id='word_1_100' title='bbox 249 1571 437 1638; x_wconf 81' lang='grc' dir='ltr'><em>ϐειαν,</em></span> <span class='ocrx_word' id='word_1_101' title='bbox 471 1573 884 1642; x_wconf 71' lang='grc' dir='ltr'><em>αἰχμαλώτους</em></span> <span class='ocrx_word' id='word_1_102' title='bbox 928 1573 1362 1644; x_wconf 81' lang='grc' dir='ltr'><em>ποιησάμενος,</em></span> <span class='ocrx_word' id='word_1_103' title='bbox 1405 1573 1522 1629; x_wconf 87' lang='grc' dir='ltr'><strong><em>ὑπὸ</em></strong></span> <span class='ocrx_word' id='word_1_104' title='bbox 1574 1575 1763 1643; x_wconf 71' lang='grc' dir='ltr'><em>φόρον</em></span> 
     </span>
    </p>
   </div>
   <div class='ocr_carea' id='block_1_19' title="bbox 245 1662 644 1732">
    <p class='ocr_par' dir='ltr' id='par_1_19' title="bbox 245 1662 644 1732">
     <span class='ocr_line' id='line_1_19' title="bbox 245 1662 644 1732; baseline 0.003 -15"><span class='ocrx_word' id='word_1_105' title='bbox 245 1662 644 1732; x_wconf 84' lang='grc' dir='ltr'><em>κατέστησεν.</em></span> 
     </span>
    </p>
   </div>
   <div class='ocr_carea' id='block_1_20' title="bbox 1936 470 2613 539">
    <p class='ocr_par' dir='ltr' id='par_1_20' title="bbox 1936 470 2613 539">
     <span class='ocr_line' id='line_1_20' title="bbox 1936 470 2613 539; baseline -0.006 -11"><span class='ocrx_word' id='word_1_106' title='bbox 1936 472 1997 529; x_wconf 87' lang='lat' dir='ltr'><strong><em>ob</em></strong></span> <span class='ocrx_word' id='word_1_107' title='bbox 2028 489 2245 526; x_wconf 80' lang='lat' dir='ltr'><strong><em>causam</em></strong></span> <span class='ocrx_word' id='word_1_108' title='bbox 2271 472 2471 525; x_wconf 72' lang='lat' dir='ltr'><strong><em>intecta</em></strong></span> <span class='ocrx_word' id='word_1_109' title='bbox 2493 470 2613 539; x_wconf 83' lang='lat' dir='ltr'><strong><em>fuit.</em></strong></span> 
     </span>
    </p>
   </div>
   <div class='ocr_carea' id='block_1_21' title="bbox 1864 559 3433 630">
    <p class='ocr_par' dir='ltr' id='par_1_21' title="bbox 1864 559 3433 630">
     <span class='ocr_line' id='line_1_21' title="bbox 1864 559 3433 630; baseline -0.003 -13"><span class='ocrx_word' id='word_1_110' title='bbox 1864 563 2007 618; x_wconf 87' lang='lat' dir='ltr'><strong>XXI.</strong></span> <span class='ocrx_word' id='word_1_111' title='bbox 2043 562 2196 629; x_wconf 90' lang='lat' dir='ltr'><strong><em>Quod</em></strong></span> <span class='ocrx_word' id='word_1_112' title='bbox 2226 563 2392 616; x_wconf 89' lang='lat' dir='ltr'><strong><em>simus</em></strong></span> <span class='ocrx_word' id='word_1_113' title='bbox 2428 559 2522 614; x_wconf 98' lang='lat' dir='ltr'><strong><em>sub</em></strong></span> <span class='ocrx_word' id='word_1_114' title='bbox 2561 560 2757 630; x_wconf 88' lang='lat' dir='ltr'><strong><em>gratia,</em></strong></span> <span class='ocrx_word' id='word_1_115' title='bbox 2788 576 2893 613; x_wconf 91' lang='lat' dir='ltr'><strong><em>non</em></strong></span> <span class='ocrx_word' id='word_1_116' title='bbox 2935 568 3110 613; x_wconf 88' lang='lat' dir='ltr'><strong><em>autem</em></strong></span> <span class='ocrx_word' id='word_1_117' title='bbox 3138 559 3233 613; x_wconf 89' lang='lat' dir='ltr'><strong><em>sub</em></strong></span> <span class='ocrx_word' id='word_1_118' title='bbox 3272 559 3433 614; x_wconf 77' lang='lat' dir='ltr'><strong><em>servi-</em></strong></span> 
     </span>
    </p>
   </div>
   <div class='ocr_carea' id='block_1_22' title="bbox 1935 651 3291 725">
    <p class='ocr_par' dir='ltr' id='par_1_22' title="bbox 1935 651 3291 725">
     <span class='ocr_line' id='line_1_22' title="bbox 1935 651 3291 725; baseline -0.002 -16"><span class='ocrx_word' id='word_1_119' title='bbox 1935 664 2044 709; x_wconf 88' lang='lat' dir='ltr'><strong><em>tute</em></strong></span> <span class='ocrx_word' id='word_1_120' title='bbox 2073 655 2198 725; x_wconf 84' lang='lat' dir='ltr'><strong><em>legis</em></strong></span> <span class='ocrx_word' id='word_1_121' title='bbox 2226 652 2475 717; x_wconf 69' lang='lat' dir='ltr'><strong><em>inductaz,</em></strong></span> <span class='ocrx_word' id='word_1_122' title='bbox 2507 653 2597 724; x_wconf 90' lang='lat' dir='ltr'><strong><em>qui</em></strong></span> <span class='ocrx_word' id='word_1_123' title='bbox 2627 653 2681 706; x_wconf 88' lang='lat' dir='ltr'><strong><em>in</em></strong></span> <span class='ocrx_word' id='word_1_124' title='bbox 2711 651 2980 707; x_wconf 73' lang='lat' dir='ltr'><strong><em>Christum</em></strong></span> <span class='ocrx_word' id='word_1_125' title='bbox 3009 651 3291 706; x_wconf 76' lang='lat' dir='ltr'><strong><em>credimus.</em></strong></span> 
     </span>
    </p>
   </div>
   <div class='ocr_carea' id='block_1_23' title="bbox 1865 826 3434 900">
    <p class='ocr_par' dir='ltr' id='par_1_23' title="bbox 1865 826 3434 900">
     <span class='ocr_line' id='line_1_23' title="bbox 1865 826 3434 900; baseline -0.002 -15"><span class='ocrx_word' id='word_1_126' title='bbox 1865 830 2029 886; x_wconf 81' lang='lat' dir='ltr'><strong>XXII.</strong></span> <span class='ocrx_word' id='word_1_127' title='bbox 2063 829 2217 898; x_wconf 83' lang='lat' dir='ltr'><strong><em>Quod</em></strong></span> <span class='ocrx_word' id='word_1_128' title='bbox 2262 830 2500 885; x_wconf 87' lang='lat' dir='ltr'><strong><em>ascititia</em></strong></span> <span class='ocrx_word' id='word_1_129' title='bbox 2543 838 2657 884; x_wconf 91' lang='lat' dir='ltr'><strong><em>erat</em></strong></span> <span class='ocrx_word' id='word_1_130' title='bbox 2705 829 2789 883; x_wconf 80' lang='lat' dir='ltr'><strong><em>lea:</em></strong></span> <span class='ocrx_word' id='word_1_131' title='bbox 2832 826 2896 883; x_wconf 88' lang='lat' dir='ltr'><strong><em>de</em></strong></span> <span class='ocrx_word' id='word_1_132' title='bbox 2938 829 3238 899; x_wconf 85' lang='lat' dir='ltr'><strong><em>sacriﬁciis,</em></strong></span> <span class='ocrx_word' id='word_1_133' title='bbox 3274 845 3434 900; x_wconf 86' lang='lat' dir='ltr'><strong><em>quam</em></strong></span> 
     </span>
    </p>
   </div>
   <div class='ocr_carea' id='block_1_24' title="bbox 1935 906 2925 978">
    <p class='ocr_par' dir='ltr' id='par_1_24' title="bbox 1935 906 2925 978">
     <span class='ocr_line' id='line_1_24' title="bbox 1935 906 2925 978; baseline -0.003 0"><span class='ocrx_word' id='word_1_134' title='bbox 1935 923 2180 978; x_wconf 81' lang='lat' dir='ltr'><strong><em>Christus</em></strong></span> <span class='ocrx_word' id='word_1_135' title='bbox 2210 924 2489 977; x_wconf 85' lang='lat' dir='ltr'><strong><em>adveniens</em></strong></span> <span class='ocrx_word' id='word_1_136' title='bbox 2518 922 2753 977; x_wconf 75' lang='lat' dir='ltr'><strong><em>sustulit.</em></strong></span> <span class='ocrx_word' id='word_1_137' title='bbox 2916 906 2925 916; x_wconf 59' lang='grc'><em>’</em></span> 
     </span>
    </p>
   </div>
   <div class='ocr_carea' id='block_1_25' title="bbox 1863 1012 3434 1084">
    <p class='ocr_par' dir='ltr' id='par_1_25' title="bbox 1863 1012 3434 1084">
     <span class='ocr_line' id='line_1_25' title="bbox 1863 1012 3434 1084; baseline -0.001 -14"><span class='ocrx_word' id='word_1_138' title='bbox 1863 1015 2054 1070; x_wconf 89' lang='lat' dir='ltr'><strong>XXIII.</strong></span> <span class='ocrx_word' id='word_1_139' title='bbox 2089 1016 2204 1082; x_wconf 88' lang='lat' dir='ltr'><strong><em>Quo</em></strong></span> <span class='ocrx_word' id='word_1_140' title='bbox 2231 1014 2385 1069; x_wconf 89' lang='lat' dir='ltr'><strong><em>modo</em></strong></span> <span class='ocrx_word' id='word_1_141' title='bbox 2422 1013 2667 1068; x_wconf 75' lang='lat' dir='ltr'><strong><em>Christus</em></strong></span> <span class='ocrx_word' id='word_1_142' title='bbox 2698 1013 2860 1082; x_wconf 78' lang='lat' dir='ltr'><strong><em>fuerit</em></strong></span> <span class='ocrx_word' id='word_1_143' title='bbox 2897 1012 3157 1083; x_wconf 79' lang='lat' dir='ltr'><strong><em>perfector</em></strong></span> <span class='ocrx_word' id='word_1_144' title='bbox 3187 1012 3353 1084; x_wconf 82' lang='lat' dir='ltr'><strong><em>legis;</em></strong></span> <span class='ocrx_word' id='word_1_145' title='bbox 3382 1025 3434 1069; x_wconf 80' lang='lat' dir='ltr'><strong><em>et</em></strong></span> 
     </span>
    </p>
   </div>
   <div class='ocr_carea' id='block_1_26' title="bbox 1932 1106 3435 1180">
    <p class='ocr_par' dir='ltr' id='par_1_26' title="bbox 1932 1106 3435 1180">
     <span class='ocr_line' id='line_1_26' title="bbox 1932 1106 3435 1180; baseline 0.001 -17"><span class='ocrx_word' id='word_1_146' title='bbox 1932 1125 2177 1180; x_wconf 80' lang='lat' dir='ltr'><strong><em>quamam</em></strong></span> <span class='ocrx_word' id='word_1_147' title='bbox 2202 1123 2266 1162; x_wconf 79' lang='lat' dir='ltr'><strong><em>ea:</em></strong></span> <span class='ocrx_word' id='word_1_148' title='bbox 2296 1124 2358 1161; x_wconf 90' lang='lat' dir='ltr'><strong><em>ea</em></strong></span> <span class='ocrx_word' id='word_1_149' title='bbox 2397 1106 2699 1171; x_wconf 86' lang='lat' dir='ltr'><strong><em>aboleverit,</em></strong></span> <span class='ocrx_word' id='word_1_150' title='bbox 2729 1116 2823 1160; x_wconf 90' lang='lat' dir='ltr'><strong><em>aut</em></strong></span> <span class='ocrx_word' id='word_1_151' title='bbox 2854 1109 3095 1172; x_wconf 86' lang='lat' dir='ltr'><strong><em>mutarit,</em></strong></span> <span class='ocrx_word' id='word_1_152' title='bbox 3121 1117 3215 1162; x_wconf 91' lang='lat' dir='ltr'><strong><em>aut</em></strong></span> <span class='ocrx_word' id='word_1_153' title='bbox 3255 1119 3435 1165; x_wconf 83' lang='lat' dir='ltr'><strong><em>trans-</em></strong></span> 
     </span>
    </p>
   </div>
   <div class='ocr_carea' id='block_1_27' title="bbox 1936 1202 2136 1259">
    <p class='ocr_par' dir='ltr' id='par_1_27' title="bbox 1936 1202 2136 1259">
     <span class='ocr_line' id='line_1_27' title="bbox 1936 1202 2136 1259; baseline 0.02 -4"><span class='ocrx_word' id='word_1_154' title='bbox 1936 1202 2136 1259; x_wconf 83' lang='lat' dir='ltr'><strong><em>tulerit.</em></strong></span> 
     </span>
    </p>
   </div>
   <div class='ocr_carea' id='block_1_28' title="bbox 1861 1293 3431 1363">
    <p class='ocr_par' dir='ltr' id='par_1_28' title="bbox 1861 1293 3431 1363">
     <span class='ocr_line' id='line_1_28' title="bbox 1861 1293 3431 1363; baseline 0.001 -14"><span class='ocrx_word' id='word_1_155' title='bbox 1861 1293 2054 1350; x_wconf 82' lang='lat' dir='ltr'><strong>XXIV.</strong></span> <span class='ocrx_word' id='word_1_156' title='bbox 2095 1294 2250 1362; x_wconf 83' lang='lat' dir='ltr'><strong><em>Quod</em></strong></span> <span class='ocrx_word' id='word_1_157' title='bbox 2289 1294 2489 1363; x_wconf 86' lang='lat' dir='ltr'><strong><em>placuit</em></strong></span> <span class='ocrx_word' id='word_1_158' title='bbox 2528 1293 2786 1358; x_wconf 89' lang='lat' dir='ltr'><strong><em>Domino,</em></strong></span> <span class='ocrx_word' id='word_1_159' title='bbox 2825 1294 2985 1348; x_wconf 87' lang='lat' dir='ltr'><strong><em>etiam</em></strong></span> <span class='ocrx_word' id='word_1_160' title='bbox 3022 1310 3113 1363; x_wconf 91' lang='lat' dir='ltr'><strong><em>per</em></strong></span> <span class='ocrx_word' id='word_1_161' title='bbox 3141 1293 3431 1361; x_wconf 85' lang='lat' dir='ltr'><strong><em>Romanos,</em></strong></span> 
     </span>
    </p>
   </div>
   <div class='ocr_carea' id='block_1_29' title="bbox 1935 1388 2732 1458">
    <p class='ocr_par' dir='ltr' id='par_1_29' title="bbox 1935 1388 2732 1458">
     <span class='ocr_line' id='line_1_29' title="bbox 1935 1388 2732 1458; baseline 0.001 -16"><span class='ocrx_word' id='word_1_162' title='bbox 1935 1390 2096 1458; x_wconf 87' lang='lat' dir='ltr'><strong><em>legem</em></strong></span> <span class='ocrx_word' id='word_1_163' title='bbox 2115 1389 2342 1458; x_wconf 71' lang='lat' dir='ltr'><strong><em>justitiaz</em></strong></span> <span class='ocrx_word' id='word_1_164' title='bbox 2362 1388 2732 1443; x_wconf 87' lang='lat' dir='ltr'><strong><em>demonstrari.</em></strong></span> 
     </span>
    </p>
   </div>
   <div class='ocr_carea' id='block_1_30' title="bbox 1863 1478 3435 1549">
    <p class='ocr_par' dir='ltr' id='par_1_30' title="bbox 1863 1478 3435 1549">
     <span class='ocr_line' id='line_1_30' title="bbox 1863 1478 3435 1549; baseline -0.001 -14"><span class='ocrx_word' id='word_1_165' title='bbox 1863 1479 2029 1535; x_wconf 84' lang='lat' dir='ltr'><strong>XXV.</strong></span> <span class='ocrx_word' id='word_1_166' title='bbox 2071 1480 2224 1546; x_wconf 84' lang='lat' dir='ltr'><strong><em>Quod</em></strong></span> <span class='ocrx_word' id='word_1_167' title='bbox 2265 1479 2405 1534; x_wconf 89' lang='lat' dir='ltr'><strong><em>Deus</em></strong></span> <span class='ocrx_word' id='word_1_168' title='bbox 2449 1478 2707 1543; x_wconf 78' lang='lat' dir='ltr'><strong><em>Judwos,</em></strong></span> <span class='ocrx_word' id='word_1_169' title='bbox 2755 1487 2966 1549; x_wconf 82' lang='lat' dir='ltr'><strong><em>propter</em></strong></span> <span class='ocrx_word' id='word_1_170' title='bbox 3014 1480 3332 1548; x_wconf 85' lang='lat' dir='ltr'><strong><em>impietatem</em></strong></span> <span class='ocrx_word' id='word_1_171' title='bbox 3378 1481 3435 1534; x_wconf 86' lang='lat' dir='ltr'><strong><em>in</em></strong></span> 
     </span>
    </p>
   </div>
   <div class='ocr_carea' id='block_1_31' title="bbox 1935 1571 3435 1644">
    <p class='ocr_par' dir='ltr' id='par_1_31' title="bbox 1935 1571 3435 1644">
     <span class='ocr_line' id='line_1_31' title="bbox 1935 1571 3435 1644; baseline 0.002 -19"><span class='ocrx_word' id='word_1_172' title='bbox 1935 1574 2226 1639; x_wconf 85' lang='lat' dir='ltr'><strong><em>Christum,</em></strong></span> <span class='ocrx_word' id='word_1_173' title='bbox 2264 1574 2339 1626; x_wconf 93' lang='lat' dir='ltr'><strong><em>ad</em></strong></span> <span class='ocrx_word' id='word_1_174' title='bbox 2366 1574 2720 1642; x_wconf 76' lang='lat' dir='ltr'><strong><em>captivitatem</em></strong></span> <span class='ocrx_word' id='word_1_175' title='bbox 2752 1571 3013 1641; x_wconf 85' lang='lat' dir='ltr'><strong><em>redactos,</em></strong></span> <span class='ocrx_word' id='word_1_176' title='bbox 3043 1573 3239 1629; x_wconf 88' lang='lat' dir='ltr'><strong><em>tributo</em></strong></span> <span class='ocrx_word' id='word_1_177' title='bbox 3258 1574 3435 1644; x_wconf 83' lang='lat' dir='ltr'><strong><em>subje-</em></strong></span> 
     </span>
    </p>
   </div>
   <div class='ocr_carea' id='block_1_32' title="bbox 1933 1668 2080 1723">
    <p class='ocr_par' dir='ltr' id='par_1_32' title="bbox 1933 1668 2080 1723">
     <span class='ocr_line' id='line_1_32' title="bbox 1933 1668 2080 1723; baseline -0.041 0"><span class='ocrx_word' id='word_1_178' title='bbox 1933 1668 2080 1723; x_wconf 85' lang='lat' dir='ltr'><strong><em>cerit.</em></strong></span> 
     </span>
    </p>
   </div>
   <div class='ocr_carea' id='block_1_33' title="bbox 170 1755 1762 1832">
    <p class='ocr_par' dir='ltr' id='par_1_33' title="bbox 170 1755 1762 1828">
     <span class='ocr_line' id='line_1_33' title="bbox 170 1755 1762 1828; baseline 0.004 -21"><span class='ocrx_word' id='word_1_179' title='bbox 170 1760 299 1819; x_wconf 63' lang='lat' dir='ltr'><strong><em>scg&quot;.</em></strong></span> <span class='ocrx_word' id='word_1_180' title='bbox 336 1755 455 1808; x_wconf 76' lang='grc' dir='ltr'><strong><em>Ὀτι</em></strong></span> <span class='ocrx_word' id='word_1_181' title='bbox 481 1755 599 1825; x_wconf 75' lang='grc' dir='ltr'><strong><em>χρὴ</em></strong></span> <span class='ocrx_word' id='word_1_182' title='bbox 628 1758 873 1828; x_wconf 72' lang='grc' dir='ltr'><em>φεύγειν</em></span> <span class='ocrx_word' id='word_1_183' title='bbox 895 1758 1037 1825; x_wconf 85' lang='grc' dir='ltr'><em>τοὺς</em></span> <span class='ocrx_word' id='word_1_184' title='bbox 1062 1758 1521 1828; x_wconf 76' lang='grc' dir='ltr'><em>αἰρεσιώτας,ὡς</em></span> <span class='ocrx_word' id='word_1_185' title='bbox 1546 1757 1762 1828; x_wconf 67' lang='grc' dir='ltr'><em>ψυχῶν</em></span> 
     </span>
    </p>
   </div>
   <div class='ocr_carea' id='block_1_34' title="bbox 1881 1755 3433 1832">
    <p class='ocr_par' dir='ltr' id='par_1_34' title="bbox 1881 1760 3433 1832">
     <span class='ocr_line' id='line_1_34' title="bbox 1881 1760 3433 1832; baseline 0.001 -18"><span class='ocrx_word' id='word_1_186' title='bbox 1881 1760 2053 1816; x_wconf 65' lang='lat' dir='ltr'><strong>KXVI.</strong></span> <span class='ocrx_word' id='word_1_187' title='bbox 2086 1761 2239 1829; x_wconf 85' lang='lat' dir='ltr'><strong><em>Quod</em></strong></span> <span class='ocrx_word' id='word_1_188' title='bbox 2269 1770 2503 1831; x_wconf 88' lang='lat' dir='ltr'><strong><em>oporteat</em></strong></span> <span class='ocrx_word' id='word_1_189' title='bbox 2524 1763 2702 1832; x_wconf 78' lang='lat' dir='ltr'><strong><em>lugere</em></strong></span> <span class='ocrx_word' id='word_1_190' title='bbox 2730 1762 3023 1829; x_wconf 77' lang='lat' dir='ltr'><strong><em>hwreticos,</em></strong></span> <span class='ocrx_word' id='word_1_191' title='bbox 3056 1772 3112 1815; x_wconf 90' lang='lat' dir='ltr'><strong><em>ut</em></strong></span> <span class='ocrx_word' id='word_1_192' title='bbox 3135 1762 3433 1816; x_wconf 82' lang='lat' dir='ltr'><strong><em>animarum</em></strong></span> 
     </span>
    </p>
   </div>
   <div class='ocr_carea' id='block_1_35' title="bbox 244 1847 524 1915">
    <p class='ocr_par' dir='ltr' id='par_1_35' title="bbox 244 1847 524 1915">
     <span class='ocr_line' id='line_1_35' title="bbox 244 1847 524 1915; baseline 0 -14"><span class='ocrx_word' id='word_1_193' title='bbox 244 1847 524 1915; x_wconf 72' lang='grc' dir='ltr'><em>φθορέας.</em></span> 
     </span>
    </p>
   </div>
   <div class='ocr_carea' id='block_1_36' title="bbox 169 1936 1764 2012">
    <p class='ocr_par' dir='ltr' id='par_1_36' title="bbox 169 1936 1764 2012">
     <span class='ocr_line' id='line_1_36' title="bbox 169 1936 1764 2012; baseline 0.003 -21"><span class='ocrx_word' id='word_1_194' title='bbox 169 1936 260 1999; x_wconf 77' lang='grc' dir='ltr'><strong><em>κζ’</em></strong></span> <span class='ocrx_word' id='word_1_195' title='bbox 276 1978 292 1992; x_wconf 94' lang='grc'><strong><em>.</em></strong></span> <span class='ocrx_word' id='word_1_196' title='bbox 325 1940 469 2007; x_wconf 81' lang='grc' dir='ltr'><strong><em>Περί</em></strong></span> <span class='ocrx_word' id='word_1_197' title='bbox 496 1943 1009 2012; x_wconf 70' lang='grc' dir='ltr'><strong><em>παρατηρημάτοιη⁸</em></strong></span> <span class='ocrx_word' id='word_1_198' title='bbox 1049 1943 1378 1998; x_wconf 83' lang='grc' dir='ltr'><em>Ἰουδαϊκῶν</em></span> <span class='ocrx_word' id='word_1_199' title='bbox 1419 1942 1517 1997; x_wconf 83' lang='grc' dir='ltr'><strong><em>καί</em></strong></span> <span class='ocrx_word' id='word_1_200' title='bbox 1555 1942 1764 2011; x_wconf 78' lang='grc' dir='ltr'><em>Ἑλλη-</em></span> 
     </span>
    </p>
   </div>
   <div class='ocr_carea' id='block_1_37' title="bbox 246 2049 451 2087">
    <p class='ocr_par' dir='ltr' id='par_1_37' title="bbox 246 2049 451 2087">
     <span class='ocr_line' id='line_1_37' title="bbox 246 2049 451 2087; baseline 0.01 -2"><span class='ocrx_word' id='word_1_201' title='bbox 246 2049 451 2087; x_wconf 71' lang='grc' dir='ltr'><em>νίκων.</em></span> 
     </span>
    </p>
   </div>
   <div class='ocr_carea' id='block_1_38' title="bbox 166 2125 1764 2198">
    <p class='ocr_par' dir='ltr' id='par_1_38' title="bbox 166 2125 1764 2198">
     <span class='ocr_line' id='line_1_38' title="bbox 166 2125 1764 2198; baseline 0.003 -21"><span class='ocrx_word' id='word_1_202' title='bbox 166 2130 288 2191; x_wconf 71' lang='grc' dir='ltr'><em>κη’.</em></span> <span class='ocrx_word' id='word_1_203' title='bbox 321 2125 464 2193; x_wconf 84' lang='grc' dir='ltr'><strong><em>Περί</em></strong></span> <span class='ocrx_word' id='word_1_204' title='bbox 520 2126 965 2195; x_wconf 83' lang='grc' dir='ltr'><em>παιδεραστίας,</em></span> <span class='ocrx_word' id='word_1_205' title='bbox 1016 2129 1288 2198; x_wconf 84' lang='grc' dir='ltr'><em>μοιχείας</em></span> <span class='ocrx_word' id='word_1_206' title='bbox 1344 2145 1410 2182; x_wconf 84' lang='grc' dir='ltr'><strong><em>τε</em></strong></span> <span class='ocrx_word' id='word_1_207' title='bbox 1467 2128 1567 2183; x_wconf 84' lang='grc' dir='ltr'><strong><em>καί</em></strong></span> <span class='ocrx_word' id='word_1_208' title='bbox 1622 2141 1764 2197; x_wconf 80' lang='grc' dir='ltr'><em>πορ-</em></span> 
     </span>
    </p>
   </div>
   <div class='ocr_carea' id='block_1_39' title="bbox 250 2219 430 2285">
    <p class='ocr_par' dir='ltr' id='par_1_39' title="bbox 250 2219 430 2285">
     <span class='ocr_line' id='line_1_39' title="bbox 250 2219 430 2285; baseline -0.017 -9"><span class='ocrx_word' id='word_1_209' title='bbox 250 2219 430 2285; x_wconf 82' lang='grc' dir='ltr'><em>νείας.</em></span> 
     </span>
    </p>
   </div>
   <div class='ocr_carea' id='block_1_40' title="bbox 168 2311 1761 2385">
    <p class='ocr_par' dir='ltr' id='par_1_40' title="bbox 168 2311 1761 2385">
     <span class='ocr_line' id='line_1_40' title="bbox 168 2311 1761 2385; baseline -0.001 -19"><span class='ocrx_word' id='word_1_210' title='bbox 168 2314 284 2366; x_wconf 69' lang='grc' dir='ltr'><em>κθν.</em></span> <span class='ocrx_word' id='word_1_211' title='bbox 321 2312 512 2379; x_wconf 85' lang='grc' dir='ltr'><em>Ὅπως</em></span> <span class='ocrx_word' id='word_1_212' title='bbox 538 2314 654 2383; x_wconf 82' lang='grc' dir='ltr'><strong><em>χρὴ</em></strong></span> <span class='ocrx_word' id='word_1_213' title='bbox 684 2314 791 2381; x_wconf 84' lang='grc' dir='ltr'><strong><em>τὰς</em></strong></span> <span class='ocrx_word' id='word_1_214' title='bbox 832 2313 1120 2385; x_wconf 76' lang='grc' dir='ltr'><em>γυναῖκας</em></span> <span class='ocrx_word' id='word_1_215' title='bbox 1149 2313 1599 2369; x_wconf 82' lang='grc' dir='ltr'><em>ὑποτάσσεσθαι</em></span> <span class='ocrx_word' id='word_1_216' title='bbox 1635 2311 1761 2380; x_wconf 78' lang='grc' dir='ltr'><em>τοῖς</em></span> 
     </span>
    </p>
   </div>
   <div class='ocr_carea' id='block_1_41' title="bbox 248 2404 1761 2475">
    <p class='ocr_par' dir='ltr' id='par_1_41' title="bbox 248 2404 1761 2475">
     <span class='ocr_line' id='line_1_41' title="bbox 248 2404 1761 2475; baseline -0.001 -16"><span class='ocrx_word' id='word_1_217' title='bbox 248 2405 425 2472; x_wconf 87' lang='grc' dir='ltr'><em>ἰδίοις</em></span> <span class='ocrx_word' id='word_1_218' title='bbox 448 2405 719 2474; x_wconf 82' lang='grc' dir='ltr'><em>ἀνδράσι,</em></span> <span class='ocrx_word' id='word_1_219' title='bbox 751 2406 850 2461; x_wconf 87' lang='grc' dir='ltr'><strong><em>καί</em></strong></span> <span class='ocrx_word' id='word_1_220' title='bbox 894 2406 1036 2473; x_wconf 87' lang='grc' dir='ltr'><em>τοὺς</em></span> <span class='ocrx_word' id='word_1_221' title='bbox 1076 2406 1299 2475; x_wconf 77' lang='grc' dir='ltr'><em>ἄνδρας</em></span> <span class='ocrx_word' id='word_1_222' title='bbox 1340 2405 1612 2474; x_wconf 78' lang='grc' dir='ltr'><em>στέργειν</em></span> <span class='ocrx_word' id='word_1_223' title='bbox 1653 2404 1761 2470; x_wconf 81' lang='grc' dir='ltr'><strong><em>τὰς</em></strong></span> 
     </span>
    </p>
   </div>
   <div class='ocr_carea' id='block_1_42' title="bbox 245 2496 816 2568">
    <p class='ocr_par' dir='ltr' id='par_1_42' title="bbox 245 2496 816 2568">
     <span class='ocr_line' id='line_1_42' title="bbox 245 2496 816 2568; baseline 0.004 -18"><span class='ocrx_word' id='word_1_224' title='bbox 245 2496 480 2551; x_wconf 73' lang='grc' dir='ltr'><em>ἑαυτῶν</em></span> <span class='ocrx_word' id='word_1_225' title='bbox 505 2499 781 2568; x_wconf 75' lang='grc' dir='ltr'><em>γαμετάς.</em></span> <span class='ocrx_word' id='word_1_226' title='bbox 810 2500 816 2506; x_wconf 87' lang='grc'><strong>’</strong></span> 
     </span>
    </p>
   </div>
   <div class='ocr_carea' id='block_1_43' title="bbox 167 2581 1760 2659">
    <p class='ocr_par' dir='ltr' id='par_1_43' title="bbox 167 2581 1760 2659">
     <span class='ocr_line' id='line_1_43' title="bbox 167 2581 1760 2659; baseline 0.001 -17"><span class='ocrx_word' id='word_1_227' title='bbox 167 2590 250 2643; x_wconf 68' lang='grc'><strong><em>2⁸.</em></strong></span> <span class='ocrx_word' id='word_1_228' title='bbox 285 2581 407 2641; x_wconf 82' lang='grc' dir='ltr'><em>Ὅτι</em></span> <span class='ocrx_word' id='word_1_229' title='bbox 448 2590 584 2656; x_wconf 73' lang='grc' dir='ltr'><em>ἔθος</em></span> <span class='ocrx_word' id='word_1_230' title='bbox 624 2589 922 2658; x_wconf 85' lang='grc' dir='ltr'><em>Ἰουδαίοις</em></span> <span class='ocrx_word' id='word_1_231' title='bbox 965 2608 1029 2645; x_wconf 89' lang='grc' dir='ltr'><strong><em>τε</em></strong></span> <span class='ocrx_word' id='word_1_232' title='bbox 1074 2592 1173 2647; x_wconf 85' lang='grc' dir='ltr'><strong><em>καί</em></strong></span> <span class='ocrx_word' id='word_1_233' title='bbox 1204 2593 1481 2659; x_wconf 74' lang='grc' dir='ltr'><em>Ἕλλησι,</em></span> <span class='ocrx_word' id='word_1_234' title='bbox 1523 2603 1760 2659; x_wconf 79' lang='grc' dir='ltr'><em>συμπα-</em></span> 
     </span>
    </p>
   </div>
   <div class='ocr_carea' id='block_1_44' title="bbox 239 2679 1760 2753">
    <p class='ocr_par' dir='ltr' id='par_1_44' title="bbox 239 2679 1760 2753">
     <span class='ocr_line' id='line_1_44' title="bbox 239 2679 1760 2753; baseline -0.001 -17"><span class='ocrx_word' id='word_1_235' title='bbox 239 2682 628 2750; x_wconf 78' lang='grc' dir='ltr'><em>ρατηρεῖσθαι</em></span> <span class='ocrx_word' id='word_1_236' title='bbox 673 2684 780 2750; x_wconf 70' lang='grc' dir='ltr'><em>τὰς</em></span> <span class='ocrx_word' id='word_1_237' title='bbox 827 2684 1091 2753; x_wconf 68' lang='grc' dir='ltr'><em>φυσικὰς</em></span> <span class='ocrx_word' id='word_1_238' title='bbox 1130 2680 1467 2751; x_wconf 79' lang='grc' dir='ltr'><em>καθάρσεις,</em></span> <span class='ocrx_word' id='word_1_239' title='bbox 1498 2681 1598 2737; x_wconf 83' lang='grc' dir='ltr'><em>καὶ</em></span> <span class='ocrx_word' id='word_1_240' title='bbox 1640 2679 1760 2735; x_wconf 89' lang='grc' dir='ltr'><strong><em>τῶν</em></strong></span> 
     </span>
    </p>
   </div>
   <div class='ocr_carea' id='block_1_45' title="bbox 1930 1853 2239 1924">
    <p class='ocr_par' dir='ltr' id='par_1_45' title="bbox 1930 1853 2239 1924">
     <span class='ocr_line' id='line_1_45' title="bbox 1930 1853 2239 1924; baseline 0.003 -16"><span class='ocrx_word' id='word_1_241' title='bbox 1930 1853 2239 1924; x_wconf 88' lang='lat' dir='ltr'><strong><em>perditores.</em></strong></span> 
     </span>
    </p>
   </div>
   <div class='ocr_carea' id='block_1_46' title="bbox 1863 1945 3290 2013">
    <p class='ocr_par' dir='ltr' id='par_1_46' title="bbox 1863 1945 3290 2013">
     <span class='ocr_line' id='line_1_46' title="bbox 1863 1945 3290 2013; baseline 0.001 -12"><span class='ocrx_word' id='word_1_242' title='bbox 1863 1945 2075 2001; x_wconf 82' lang='lat' dir='ltr'><strong><em>XXVII.</em></strong></span> <span class='ocrx_word' id='word_1_243' title='bbox 2108 1946 2185 2001; x_wconf 87' lang='lat' dir='ltr'><strong><em>De</em></strong></span> <span class='ocrx_word' id='word_1_244' title='bbox 2216 1946 2658 2003; x_wconf 84' lang='lat' dir='ltr'><strong><em>observationibus</em></strong></span> <span class='ocrx_word' id='word_1_245' title='bbox 2681 1946 2924 2013; x_wconf 84' lang='lat' dir='ltr'><strong><em>Judaicis</em></strong></span> <span class='ocrx_word' id='word_1_246' title='bbox 2955 1965 3016 2002; x_wconf 91' lang='lat' dir='ltr'><strong><em>ac</em></strong></span> <span class='ocrx_word' id='word_1_247' title='bbox 3051 1948 3290 2003; x_wconf 86' lang='lat' dir='ltr'><strong><em>ethnicis.</em></strong></span> 
     </span>
    </p>
   </div>
   <div class='ocr_carea' id='block_1_47' title="bbox 1864 2101 3434 2176">
    <p class='ocr_par' dir='ltr' id='par_1_47' title="bbox 1864 2101 3434 2176">
     <span class='ocr_line' id='line_1_47' title="bbox 1864 2101 3434 2176; baseline 0.003 -20"><span class='ocrx_word' id='word_1_248' title='bbox 1864 2101 2102 2159; x_wconf 84' lang='lat' dir='ltr'><strong>XXVIII.</strong></span> <span class='ocrx_word' id='word_1_249' title='bbox 2131 2103 2208 2158; x_wconf 88' lang='lat' dir='ltr'><strong><em>De</em></strong></span> <span class='ocrx_word' id='word_1_250' title='bbox 2247 2104 2476 2174; x_wconf 82' lang='lat' dir='ltr'><strong><em>nefando</em></strong></span> <span class='ocrx_word' id='word_1_251' title='bbox 2520 2122 2699 2161; x_wconf 91' lang='lat' dir='ltr'><strong><em>amore</em></strong></span> <span class='ocrx_word' id='word_1_252' title='bbox 2736 2122 3052 2176; x_wconf 87' lang='lat' dir='ltr'><strong><em>puerorum,</em></strong></span> <span class='ocrx_word' id='word_1_253' title='bbox 3091 2106 3353 2162; x_wconf 88' lang='lat' dir='ltr'><strong><em>adulterio</em></strong></span> <span class='ocrx_word' id='word_1_254' title='bbox 3383 2117 3434 2162; x_wconf 86' lang='lat' dir='ltr'><strong><em>et</em></strong></span> 
     </span>
    </p>
   </div>
   <div class='ocr_carea' id='block_1_48' title="bbox 1936 2198 2305 2266">
    <p class='ocr_par' dir='ltr' id='par_1_48' title="bbox 1936 2198 2305 2266">
     <span class='ocr_line' id='line_1_48' title="bbox 1936 2198 2305 2266; baseline 0.005 -15"><span class='ocrx_word' id='word_1_255' title='bbox 1936 2198 2305 2266; x_wconf 82' lang='lat' dir='ltr'><strong><em>fornicatione.</em></strong></span> 
     </span>
    </p>
   </div>
   <div class='ocr_carea' id='block_1_49' title="bbox 1866 2289 3436 2362">
    <p class='ocr_par' dir='ltr' id='par_1_49' title="bbox 1866 2289 3436 2362">
     <span class='ocr_line' id='line_1_49' title="bbox 1866 2289 3436 2362; baseline -0.001 -15"><span class='ocrx_word' id='word_1_256' title='bbox 1866 2289 2056 2347; x_wconf 82' lang='lat' dir='ltr'><strong>XXIX.</strong></span> <span class='ocrx_word' id='word_1_257' title='bbox 2090 2291 2206 2358; x_wconf 86' lang='lat' dir='ltr'><strong><em>Quo</em></strong></span> <span class='ocrx_word' id='word_1_258' title='bbox 2252 2289 2407 2345; x_wconf 87' lang='lat' dir='ltr'><strong><em>modo</em></strong></span> <span class='ocrx_word' id='word_1_259' title='bbox 2445 2300 2681 2361; x_wconf 89' lang='lat' dir='ltr'><strong><em>oporteat</em></strong></span> <span class='ocrx_word' id='word_1_260' title='bbox 2727 2292 2972 2347; x_wconf 89' lang='lat' dir='ltr'><strong><em>mulieres</em></strong></span> <span class='ocrx_word' id='word_1_261' title='bbox 3018 2291 3280 2362; x_wconf 73' lang='lat' dir='ltr'><strong><em>subjectus</em></strong></span> <span class='ocrx_word' id='word_1_262' title='bbox 3323 2307 3436 2347; x_wconf 79' lang='lat' dir='ltr'><strong><em>esse</em></strong></span> 
     </span>
    </p>
   </div>
   <div class='ocr_carea' id='block_1_50' title="bbox 1937 2382 3099 2455">
    <p class='ocr_par' dir='ltr' id='par_1_50' title="bbox 1937 2382 3099 2455">
     <span class='ocr_line' id='line_1_50' title="bbox 1937 2382 3099 2455; baseline 0 -16"><span class='ocrx_word' id='word_1_263' title='bbox 1937 2383 2061 2439; x_wconf 77' lang='lat' dir='ltr'><strong><em>uiris</em></strong></span> <span class='ocrx_word' id='word_1_264' title='bbox 2085 2384 2218 2448; x_wconf 87' lang='lat' dir='ltr'><strong><em>suis,</em></strong></span> <span class='ocrx_word' id='word_1_265' title='bbox 2257 2392 2308 2438; x_wconf 86' lang='lat' dir='ltr'><strong><em>et</em></strong></span> <span class='ocrx_word' id='word_1_266' title='bbox 2334 2383 2472 2438; x_wconf 78' lang='lat' dir='ltr'><strong><em>viros</em></strong></span> <span class='ocrx_word' id='word_1_267' title='bbox 2496 2382 2714 2455; x_wconf 88' lang='lat' dir='ltr'><strong><em>diligere</em></strong></span> <span class='ocrx_word' id='word_1_268' title='bbox 2738 2399 2928 2439; x_wconf 71' lang='lat' dir='ltr'><strong><em>uxores</em></strong></span> <span class='ocrx_word' id='word_1_269' title='bbox 2954 2400 3099 2439; x_wconf 89' lang='lat' dir='ltr'><strong><em>suas.</em></strong></span> 
     </span>
    </p>
   </div>
   <div class='ocr_carea' id='block_1_51' title="bbox 1866 2582 3437 2655">
    <p class='ocr_par' dir='ltr' id='par_1_51' title="bbox 1866 2582 3437 2655">
     <span class='ocr_line' id='line_1_51' title="bbox 1866 2582 3437 2655; baseline -0.001 -14"><span class='ocrx_word' id='word_1_270' title='bbox 1866 2584 2033 2641; x_wconf 82' lang='lat' dir='ltr'><strong>XXX.</strong></span> <span class='ocrx_word' id='word_1_271' title='bbox 2063 2584 2215 2652; x_wconf 87' lang='lat' dir='ltr'><strong><em>Quod</em></strong></span> <span class='ocrx_word' id='word_1_272' title='bbox 2236 2583 2441 2639; x_wconf 66' lang='lat' dir='ltr'><strong><em>Iudaeis</em></strong></span> <span class='ocrx_word' id='word_1_273' title='bbox 2475 2594 2524 2639; x_wconf 87' lang='lat' dir='ltr'><strong><em>et</em></strong></span> <span class='ocrx_word' id='word_1_274' title='bbox 2546 2584 2826 2655; x_wconf 86' lang='lat' dir='ltr'><strong><em>gentilibus</em></strong></span> <span class='ocrx_word' id='word_1_275' title='bbox 2858 2582 3179 2638; x_wconf 89' lang='lat' dir='ltr'><strong><em>consuetudo</em></strong></span> <span class='ocrx_word' id='word_1_276' title='bbox 3207 2584 3299 2649; x_wconf 88' lang='lat' dir='ltr'><strong><em>sit,</em></strong></span> <span class='ocrx_word' id='word_1_277' title='bbox 3327 2600 3437 2639; x_wconf 80' lang='lat' dir='ltr'><strong><em>una</em></strong></span> 
     </span>
    </p>
   </div>
   <div class='ocr_carea' id='block_1_52' title="bbox 1934 2677 3435 2747">
    <p class='ocr_par' dir='ltr' id='par_1_52' title="bbox 1934 2677 3435 2747">
     <span class='ocr_line' id='line_1_52' title="bbox 1934 2677 3435 2747; baseline -0.001 -13"><span class='ocrx_word' id='word_1_278' title='bbox 1934 2678 2206 2734; x_wconf 88' lang='lat' dir='ltr'><strong><em>observare</em></strong></span> <span class='ocrx_word' id='word_1_279' title='bbox 2264 2677 2534 2731; x_wconf 87' lang='lat' dir='ltr'><strong><em>naturales</em></strong></span> <span class='ocrx_word' id='word_1_280' title='bbox 2582 2677 2959 2747; x_wconf 86' lang='lat' dir='ltr'><strong><em>purgationes,</em></strong></span> <span class='ocrx_word' id='word_1_281' title='bbox 3010 2684 3060 2730; x_wconf 93' lang='lat' dir='ltr'><strong><em>et</em></strong></span> <span class='ocrx_word' id='word_1_282' title='bbox 3106 2687 3435 2732; x_wconf 82' lang='lat' dir='ltr'><strong><em>mortuorum</em></strong></span> 
     </span>
    </p>
   </div>
   <div class='ocr_carea' id='block_1_53' title="bbox 246 2766 1762 2845">
    <p class='ocr_par' dir='ltr' id='par_1_53' title="bbox 246 2774 1756 2845">
     <span class='ocr_line' id='line_1_53' title="bbox 246 2774 1756 2845; baseline 0 -17"><span class='ocrx_word' id='word_1_283' title='bbox 246 2774 584 2829; x_wconf 82' lang='grc' dir='ltr'><em>τεθνεώτων</em></span> <span class='ocrx_word' id='word_1_284' title='bbox 639 2776 713 2830; x_wconf 70' lang='grc' dir='ltr'><em>τὰ</em></span> <span class='ocrx_word' id='word_1_285' title='bbox 761 2778 1026 2845; x_wconf 70' lang='grc' dir='ltr'><em>λείψανα</em></span> <span class='ocrx_word' id='word_1_286' title='bbox 1076 2777 1531 2832; x_wconf 76' lang='grc' dir='ltr'><em>,Βδελύσσεσθαι</em></span> <span class='ocrx_word' id='word_1_287' title='bbox 1548 2791 1562 2807; x_wconf 87' lang='grc'><strong>·</strong></span> <span class='ocrx_word' id='word_1_288' title='bbox 1613 2775 1756 2844; x_wconf 77' lang='grc' dir='ltr'><em>Χρι-</em></span> 
     </span>
    </p>
   </div>
   <div class='ocr_carea' id='block_1_54' title="bbox 1881 2766 3438 2845">
    <p class='ocr_par' dir='ltr' id='par_1_54' title="bbox 1929 2766 3438 2841">
     <span class='ocr_line' id='line_1_54' title="bbox 1929 2766 3438 2841; baseline -0.001 -15"><span class='ocrx_word' id='word_1_289' title='bbox 1929 2771 2179 2841; x_wconf 79' lang='lat' dir='ltr'><strong><em>reliquias</em></strong></span> <span class='ocrx_word' id='word_1_290' title='bbox 2235 2768 2572 2833; x_wconf 88' lang='lat' dir='ltr'><strong><em>abominari;</em></strong></span> <span class='ocrx_word' id='word_1_291' title='bbox 2633 2785 2668 2822; x_wconf 93' lang='lat' dir='ltr'><strong><em>a</em></strong></span> <span class='ocrx_word' id='word_1_292' title='bbox 2731 2766 3051 2823; x_wconf 81' lang='lat' dir='ltr'><strong><em>Christianis</em></strong></span> <span class='ocrx_word' id='word_1_293' title='bbox 3118 2784 3236 2824; x_wconf 75' lang='lat' dir='ltr'><strong><em>vero</em></strong></span> <span class='ocrx_word' id='word_1_294' title='bbox 3304 2768 3438 2825; x_wconf 83' lang='lat' dir='ltr'><strong><em>alie—</em></strong></span> 
     </span>
    </p>
   </div>
   <div class='ocr_carea' id='block_1_55' title="bbox 241 2866 969 2938">
    <p class='ocr_par' dir='ltr' id='par_1_55' title="bbox 241 2866 969 2938">
     <span class='ocr_line' id='line_1_55' title="bbox 241 2866 969 2938; baseline 0.003 -17"><span class='ocrx_word' id='word_1_295' title='bbox 241 2866 511 2923; x_wconf 81' lang='grc' dir='ltr'><em>στιανῶν</em></span> <span class='ocrx_word' id='word_1_296' title='bbox 536 2867 606 2922; x_wconf 86' lang='grc' dir='ltr'><em>δὲ</em></span> <span class='ocrx_word' id='word_1_297' title='bbox 632 2869 969 2938; x_wconf 76' lang='grc' dir='ltr'><em>ἀλλότριον.</em></span> 
     </span>
    </p>
   </div>
   <div class='ocr_carea' id='block_1_56' title="bbox 519 3095 1413 3185">
    <p class='ocr_par' dir='ltr' id='par_1_56' title="bbox 519 3095 1413 3185">
     <span class='ocr_line' id='line_1_56' title="bbox 519 3095 1413 3185; baseline 0.004 -4"><span class='ocrx_word' id='word_1_298' title='bbox 519 3095 959 3185; x_wconf 88' lang='grc' dir='ltr'><strong><em>ΒΙΒΛΙΟΝ</em></strong></span> <span class='ocrx_word' id='word_1_299' title='bbox 1010 3099 1413 3185; x_wconf 88' lang='grc' dir='ltr'><strong><em>ΕΚΤΟΝ.</em></strong></span> 
     </span>
    </p>
   </div>
   <div class='ocr_carea' id='block_1_57' title="bbox 581 3264 1356 3343">
    <p class='ocr_par' dir='ltr' id='par_1_57' title="bbox 581 3264 1356 3343">
     <span class='ocr_line' id='line_1_57' title="bbox 581 3264 1356 3343; baseline 0.005 -22"><span class='ocrx_word' id='word_1_300' title='bbox 581 3264 762 3324; x_wconf 75' lang='grc' dir='ltr'><em>ΠΕΡΙ</em></span> <span class='ocrx_word' id='word_1_301' title='bbox 788 3270 1053 3324; x_wconf 77' lang='grc' dir='ltr'><strong><em>ΣΧΙΣΜΑ</em></strong></span> <span class='ocrx_word' id='word_1_302' title='bbox 1064 3271 1205 3325; x_wconf 80' lang='grc' dir='ltr'><strong><em>ΤΩΝ</em></strong></span> <span class='ocrx_word' id='word_1_303' title='bbox 1226 3269 1356 3343; x_wconf 71' lang='grc'><strong><em>(64).</em></strong></span> 
     </span>
    </p>
   </div>
   <div class='ocr_carea' id='block_1_58' title="bbox 719 3484 1224 3541">
    <p class='ocr_par' dir='ltr' id='par_1_58' title="bbox 719 3484 1224 3541">
     <span class='ocr_line' id='line_1_58' title="bbox 719 3484 1224 3541; baseline 0.006 -4"><span class='ocrx_word' id='word_1_304' title='bbox 719 3484 1116 3539; x_wconf 80' lang='grc' dir='ltr'><strong><em>ΚΕΦΑΛΑΙΟΝ</em></strong></span> <span class='ocrx_word' id='word_1_305' title='bbox 1151 3484 1224 3541; x_wconf 81' lang='lat' dir='ltr'><strong><em>A&#39;.</em></strong></span> 
     </span>
    </p>
   </div>
   <div class='ocr_carea' id='block_1_59' title="bbox 173 3595 1764 3673">
    <p class='ocr_par' dir='ltr' id='par_1_59' title="bbox 173 3595 1764 3673">
     <span class='ocr_line' id='line_1_59' title="bbox 173 3595 1764 3673; baseline 0.004 -22"><span class='ocrx_word' id='word_1_306' title='bbox 173 3596 349 3662; x_wconf 77' lang='grc' dir='ltr'><em>πνες</em></span> <span class='ocrx_word' id='word_1_307' title='bbox 372 3595 680 3665; x_wconf 80' lang='grc' dir='ltr'><em>σχίσματα</em></span> <span class='ocrx_word' id='word_1_308' title='bbox 704 3596 897 3673; x_wconf 75' lang='grc' dir='ltr'><em>ποιεῖν</em></span> <span class='ocrx_word' id='word_1_309' title='bbox 921 3598 1353 3673; x_wconf 70' lang='grc' dir='ltr'><em>τολμήσαντες,</em></span> <span class='ocrx_word' id='word_1_310' title='bbox 1382 3601 1454 3655; x_wconf 85' lang='grc' dir='ltr'><em>οὐ</em></span> <span class='ocrx_word' id='word_1_311' title='bbox 1480 3600 1764 3673; x_wconf 74' lang='grc' dir='ltr'><em>διέφυγον</em></span> 
     </span>
    </p>
   </div>
   <div class='ocr_carea' id='block_1_60' title="bbox 742 3666 1187 3737">
    <p class='ocr_par' dir='ltr' id='par_1_60' title="bbox 742 3666 1187 3737">
     <span class='ocr_line' id='line_1_60' title="bbox 742 3666 1187 3737; baseline 0.004 -17"><span class='ocrx_word' id='word_1_312' title='bbox 742 3666 859 3735; x_wconf 80' lang='grc' dir='ltr'><em>τὴν</em></span> <span class='ocrx_word' id='word_1_313' title='bbox 885 3666 1187 3737; x_wconf 72' lang='grc' dir='ltr'><em>τιμωρίαν.</em></span> 
     </span>
    </p>
   </div>
   <div class='ocr_carea' id='block_1_61' title="bbox 247 3754 1764 3836">
    <p class='ocr_par' dir='ltr' id='par_1_61' title="bbox 247 3754 1764 3836">
     <span class='ocr_line' id='line_1_61' title="bbox 247 3754 1764 3836; baseline 0.005 -23"><span class='ocrx_word' id='word_1_314' title='bbox 247 3758 366 3831; x_wconf 80' lang='grc' dir='ltr'><strong><em>Πρὸ</em></strong></span> <span class='ocrx_word' id='word_1_315' title='bbox 394 3758 611 3813; x_wconf 80' lang='grc' dir='ltr'><em>πάντων</em></span> <span class='ocrx_word' id='word_1_316' title='bbox 656 3759 1027 3829; x_wconf 83' lang='grc' dir='ltr'><em>φυλάσσεσθε,</em></span> <span class='ocrx_word' id='word_1_317' title='bbox 1072 3754 1117 3814; x_wconf 80' lang='grc' dir='ltr'><strong>ὦ</strong></span> <span class='ocrx_word' id='word_1_318' title='bbox 1157 3761 1444 3816; x_wconf 75' lang='grc' dir='ltr'><em>ἐπίσκοποι</em></span> <span class='ocrx_word' id='word_1_319' title='bbox 1486 3763 1619 3836; x_wconf 84' lang='grc'><strong><em>(65),</em></strong></span> <span class='ocrx_word' id='word_1_320' title='bbox 1662 3766 1764 3831; x_wconf 85' lang='grc' dir='ltr'><em>τὰς</em></span> 
     </span>
    </p>
   </div>
   <div class='ocr_carea' id='block_1_62' title="bbox 124 3852 1760 3930">
    <p class='ocr_par' dir='ltr' id='par_1_62' title="bbox 124 3852 1760 3930">
     <span class='ocr_line' id='line_1_62' title="bbox 124 3852 1760 3930; baseline 0.003 -21"><span class='ocrx_word' id='word_1_321' title='bbox 124 3917 128 3920; x_wconf 8' lang='grc' dir='ltr'><strong><em>ς</em></strong></span> <span class='ocrx_word' id='word_1_322' title='bbox 168 3853 361 3919; x_wconf 75' lang='grc' dir='ltr'><em>δεινὰς</em></span> <span class='ocrx_word' id='word_1_323' title='bbox 388 3852 481 3906; x_wconf 73' lang='grc' dir='ltr'><em>καὶ</em></span> <span class='ocrx_word' id='word_1_324' title='bbox 535 3853 779 3923; x_wconf 73' lang='grc' dir='ltr'><em>χαλεπὰς</em></span> <span class='ocrx_word' id='word_1_325' title='bbox 807 3854 902 3907; x_wconf 77' lang='grc' dir='ltr'><em>καὶ</em></span> <span class='ocrx_word' id='word_1_326' title='bbox 932 3854 1273 3920; x_wconf 81' lang='grc' dir='ltr'><em>ἀθεωτάτους</em></span> <span class='ocrx_word' id='word_1_327' title='bbox 1315 3858 1557 3929; x_wconf 76' lang='grc' dir='ltr'><em>αἱρέσεις</em></span> <span class='ocrx_word' id='word_1_328' title='bbox 1578 3901 1594 3927; x_wconf 84' lang='grc'><strong><em>,</em></strong></span> <span class='ocrx_word' id='word_1_329' title='bbox 1628 3861 1760 3930; x_wconf 83' lang='grc' dir='ltr'><strong><em>φεύ-</em></strong></span> 
     </span>
    </p>
   </div>
   <div class='ocr_carea' id='block_1_63' title="bbox 168 3945 1761 4026">
    <p class='ocr_par' dir='ltr' id='par_1_63' title="bbox 168 3945 1761 4026">
     <span class='ocr_line' id='line_1_63' title="bbox 168 3945 1761 4026; baseline 0.003 -25"><span class='ocrx_word' id='word_1_330' title='bbox 168 3965 369 4017; x_wconf 85' lang='grc' dir='ltr'><em>γοντες</em></span> <span class='ocrx_word' id='word_1_331' title='bbox 406 3945 576 4010; x_wconf 76' lang='grc' dir='ltr'><em>αὐτὰς</em></span> <span class='ocrx_word' id='word_1_332' title='bbox 616 3945 802 4018; x_wconf 83' lang='grc' dir='ltr'><em>ὥσπερ</em></span> <span class='ocrx_word' id='word_1_333' title='bbox 845 3946 987 4018; x_wconf 80' lang='grc' dir='ltr'><em>πῦρ,</em></span> <span class='ocrx_word' id='word_1_334' title='bbox 1033 3947 1228 4017; x_wconf 79' lang='grc' dir='ltr'><strong><em>φλέγον</em></strong></span> <span class='ocrx_word' id='word_1_335' title='bbox 1263 3949 1391 4013; x_wconf 82' lang='grc' dir='ltr'><em>τοὺς</em></span> <span class='ocrx_word' id='word_1_336' title='bbox 1429 3951 1578 4023; x_wconf 82' lang='grc' dir='ltr'><strong><em>αὑτῷ</em></strong></span> <span class='ocrx_word' id='word_1_337' title='bbox 1621 3953 1761 4026; x_wconf 77' lang='grc' dir='ltr'><em>πλη-</em></span> 
     </span>
    </p>
   </div>
   <div class='ocr_carea' id='block_1_64' title="bbox 1918 2881 2061 2923">
    <p class='ocr_par' dir='ltr' id='par_1_64' title="bbox 1918 2881 2061 2923">
     <span class='ocr_line' id='line_1_64' title="bbox 1918 2881 2061 2923; baseline 0.028 -4"><span class='ocrx_word' id='word_1_338' title='bbox 1918 2881 2061 2923; x_wconf 85' lang='lat' dir='ltr'><strong><em>num.</em></strong></span> 
     </span>
    </p>
   </div>
   <div class='ocr_carea' id='block_1_65' title="bbox 2189 3092 3118 3185">
    <p class='ocr_par' dir='ltr' id='par_1_65' title="bbox 2189 3092 3118 3185">
     <span class='ocr_line' id='line_1_65' title="bbox 2189 3092 3118 3185; baseline -0.005 -1"><span class='ocrx_word' id='word_1_339' title='bbox 2189 3096 2546 3185; x_wconf 81' lang='lat' dir='ltr'><strong><em>LIBER</em></strong></span> <span class='ocrx_word' id='word_1_340' title='bbox 2622 3092 3118 3184; x_wconf 88' lang='lat' dir='ltr'><strong><em>SEXTUS.</em></strong></span> 
     </span>
    </p>
   </div>
   <div class='ocr_carea' id='block_1_66' title="bbox 2216 3262 3017 3324">
    <p class='ocr_par' dir='ltr' id='par_1_66' title="bbox 2216 3262 3017 3324">
     <span class='ocr_line' id='line_1_66' title="bbox 2216 3262 3017 3324; baseline -0.004 -2"><span class='ocrx_word' id='word_1_341' title='bbox 2216 3290 2219 3293; x_wconf 57' lang='grc' dir='ltr'><strong><em>λ</em></strong></span> <span class='ocrx_word' id='word_1_342' title='bbox 2295 3267 2392 3323; x_wconf 87' lang='lat' dir='ltr'><em>DE</em></span> <span class='ocrx_word' id='word_1_343' title='bbox 2440 3262 3017 3324; x_wconf 79' lang='lat' dir='ltr'><strong><em>SCHISMATIBUS.</em></strong></span> 
     </span>
    </p>
   </div>
   <div class='ocr_carea' id='block_1_67' title="bbox 2620 3408 2685 3425">
    <p class='ocr_par' dir='ltr' id='par_1_67' title="bbox 2620 3408 2685 3425">
     <span class='ocr_line' id='line_1_67' title="bbox 2620 3408 2685 3425; baseline -0.015 0"><span class='ocrx_word' id='word_1_344' title='bbox 2620 3408 2685 3425; x_wconf 42' lang='grc' dir='ltr'><strong><em>ἡ</em></strong></span> 
     </span>
    </p>
   </div>
   <div class='ocr_carea' id='block_1_68' title="bbox 2367 3479 2926 3540">
    <p class='ocr_par' dir='ltr' id='par_1_68' title="bbox 2367 3479 2926 3540">
     <span class='ocr_line' id='line_1_68' title="bbox 2367 3479 2926 3540; baseline -0.009 -1"><span class='ocrx_word' id='word_1_345' title='bbox 2367 3482 2591 3540; x_wconf 83' lang='lat' dir='ltr'><strong><em>CAPUT</em></strong></span> <span class='ocrx_word' id='word_1_346' title='bbox 2632 3479 2926 3537; x_wconf 80' lang='lat' dir='ltr'><strong><em>PRIMUM.</em></strong></span> 
     </span>
    </p>
   </div>
   <div class='ocr_carea' id='block_1_69' title="bbox 1872 3588 3439 3679">
    <p class='ocr_par' dir='ltr' id='par_1_69' title="bbox 1872 3588 3439 3679">
     <span class='ocr_line' id='line_1_69' title="bbox 1872 3588 3439 3679; baseline -0.007 -26"><span class='ocrx_word' id='word_1_347' title='bbox 1872 3598 2103 3667; x_wconf 86' lang='lat' dir='ltr'><strong><em>Quinam</em></strong></span> <span class='ocrx_word' id='word_1_348' title='bbox 2132 3598 2419 3654; x_wconf 85' lang='lat' dir='ltr'><strong><em>schismata</em></strong></span> <span class='ocrx_word' id='word_1_349' title='bbox 2439 3597 2558 3652; x_wconf 88' lang='lat' dir='ltr'><strong><em>ausi</em></strong></span> <span class='ocrx_word' id='word_1_350' title='bbox 2578 3597 2769 3679; x_wconf 79' lang='lat' dir='ltr'><strong><em>facere,</em></strong></span> <span class='ocrx_word' id='word_1_351' title='bbox 2794 3609 2900 3649; x_wconf 85' lang='lat' dir='ltr'><strong><em>non</em></strong></span> <span class='ocrx_word' id='word_1_352' title='bbox 2925 3591 3217 3663; x_wconf 63' lang='lat' dir='ltr'><strong><em>eﬁugerunt</em></strong></span> <span class='ocrx_word' id='word_1_353' title='bbox 3238 3588 3439 3659; x_wconf 82' lang='lat' dir='ltr'><strong><em>suppli-</em></strong></span> 
     </span>
    </p>
   </div>
   <div class='ocr_carea' id='block_1_70' title="bbox 2570 3684 2728 3722">
    <p class='ocr_par' dir='ltr' id='par_1_70' title="bbox 2570 3684 2728 3722">
     <span class='ocr_line' id='line_1_70' title="bbox 2570 3684 2728 3722; baseline 0.006 -1"><span class='ocrx_word' id='word_1_354' title='bbox 2570 3684 2728 3722; x_wconf 68' lang='lat' dir='ltr'><strong><em>crum.</em></strong></span> 
     </span>
    </p>
   </div>
   <div class='ocr_carea' id='block_1_71' title="bbox 1935 3758 3438 3831">
    <p class='ocr_par' dir='ltr' id='par_1_71' title="bbox 1935 3758 3438 3831">
     <span class='ocr_line' id='line_1_71' title="bbox 1935 3758 3438 3831; baseline -0.005 -12"><span class='ocrx_word' id='word_1_355' title='bbox 1935 3764 2077 3821; x_wconf 85' lang='lat' dir='ltr'><strong><em>Ante</em></strong></span> <span class='ocrx_word' id='word_1_356' title='bbox 2105 3763 2290 3819; x_wconf 84' lang='lat' dir='ltr'><strong><em>omnia</em></strong></span> <span class='ocrx_word' id='word_1_357' title='bbox 2320 3768 2530 3824; x_wconf 87' lang='lat' dir='ltr'><strong><em>cavete,</em></strong></span> <span class='ocrx_word' id='word_1_358' title='bbox 2557 3758 2823 3831; x_wconf 83' lang='lat' dir='ltr'><strong><em>episcopi,</em></strong></span> <span class='ocrx_word' id='word_1_359' title='bbox 2862 3758 3203 3827; x_wconf 88' lang='lat' dir='ltr'><strong><em>importunas</em></strong></span> <span class='ocrx_word' id='word_1_360' title='bbox 3221 3795 3236 3821; x_wconf 88' lang='lat'><strong><em>,</em></strong></span> <span class='ocrx_word' id='word_1_361' title='bbox 3265 3769 3438 3812; x_wconf 58' lang='lat' dir='ltr'><strong><em>saevas</em></strong></span> 
     </span>
    </p>
   </div>
   <div class='ocr_carea' id='block_1_72' title="bbox 1865 3847 3436 3929">
    <p class='ocr_par' dir='ltr' id='par_1_72' title="bbox 1865 3847 3436 3929">
     <span class='ocr_line' id='line_1_72' title="bbox 1865 3847 3436 3929; baseline -0.008 -14"><span class='ocrx_word' id='word_1_362' title='bbox 1865 3866 1920 3915; x_wconf 89' lang='lat' dir='ltr'><strong><em>et</em></strong></span> <span class='ocrx_word' id='word_1_363' title='bbox 1946 3858 2302 3929; x_wconf 90' lang='lat' dir='ltr'><strong><em>impiissimas</em></strong></span> <span class='ocrx_word' id='word_1_364' title='bbox 2334 3856 2596 3918; x_wconf 70' lang='lat' dir='ltr'><strong><em>haereses,</em></strong></span> <span class='ocrx_word' id='word_1_365' title='bbox 2628 3860 2684 3908; x_wconf 91' lang='lat' dir='ltr'><strong><em>et</em></strong></span> <span class='ocrx_word' id='word_1_366' title='bbox 2728 3852 2900 3922; x_wconf 79' lang='lat' dir='ltr'><strong><em>fugite</em></strong></span> <span class='ocrx_word' id='word_1_367' title='bbox 2938 3867 3033 3907; x_wconf 84' lang='lat' dir='ltr'><strong><em>eas</em></strong></span> <span class='ocrx_word' id='word_1_368' title='bbox 3055 3849 3230 3905; x_wconf 84' lang='lat' dir='ltr'><strong><em>instar</em></strong></span> <span class='ocrx_word' id='word_1_369' title='bbox 3256 3847 3436 3920; x_wconf 80' lang='lat' dir='ltr'><strong><em>ignis,</em></strong></span> 
     </span>
    </p>
   </div>
   <div class='ocr_carea' id='block_1_73' title="bbox 1864 3938 3441 4022">
    <p class='ocr_par' dir='ltr' id='par_1_73' title="bbox 1864 3938 3441 4022">
     <span class='ocr_line' id='line_1_73' title="bbox 1864 3938 3441 4022; baseline -0.008 -15"><span class='ocrx_word' id='word_1_370' title='bbox 1864 3951 1960 4022; x_wconf 87' lang='lat' dir='ltr'><strong><em>qui</em></strong></span> <span class='ocrx_word' id='word_1_371' title='bbox 2008 3950 2332 4006; x_wconf 84' lang='lat' dir='ltr'><strong><em>accedentes</em></strong></span> <span class='ocrx_word' id='word_1_372' title='bbox 2362 3948 2493 4002; x_wconf 89' lang='lat' dir='ltr'><strong><em>urit.</em></strong></span> <span class='ocrx_word' id='word_1_373' title='bbox 2527 3946 2711 4000; x_wconf 83' lang='lat' dir='ltr'><strong><em>Vitate</em></strong></span> <span class='ocrx_word' id='word_1_374' title='bbox 2764 3944 2929 3999; x_wconf 89' lang='lat' dir='ltr'><strong><em>etiam</em></strong></span> <span class='ocrx_word' id='word_1_375' title='bbox 2974 3941 3291 3997; x_wconf 84' lang='lat' dir='ltr'><strong><em>schismata.</em></strong></span> <span class='ocrx_word' id='word_1_376' title='bbox 3330 3938 3441 3995; x_wconf 82' lang='lat' dir='ltr'><strong><em>Nec</em></strong></span> 
     </span>
    </p>
   </div>
   <div class='ocr_carea' id='block_1_74' title="bbox 171 4020 1762 4120">
    <p class='ocr_par' dir='ltr' id='par_1_74' title="bbox 171 4020 1761 4120">
     <span class='ocr_line' id='line_1_74' title="bbox 171 4020 1761 4120; baseline 0.004 -25"><span class='ocrx_word' id='word_1_377' title='bbox 171 4042 486 4107; x_wconf 78' lang='grc' dir='ltr'><em>σιὰζοντας.</em></span> <span class='ocrx_word' id='word_1_378' title='bbox 529 4038 764 4109; x_wconf 80' lang='grc' dir='ltr'><em>Φεύγετε</em></span> <span class='ocrx_word' id='word_1_379' title='bbox 804 4038 862 4091; x_wconf 82' lang='grc' dir='ltr'><em>δὲ</em></span> <span class='ocrx_word' id='word_1_380' title='bbox 902 4042 996 4094; x_wconf 77' lang='grc' dir='ltr'><em>καὶ</em></span> <span class='ocrx_word' id='word_1_381' title='bbox 1032 4040 1101 4094; x_wconf 78' lang='grc' dir='ltr'><em>τὰ</em></span> <span class='ocrx_word' id='word_1_382' title='bbox 1145 4042 1439 4113; x_wconf 76' lang='grc' dir='ltr'><em>σχίσματαο</em></span> <span class='ocrx_word' id='word_1_383' title='bbox 1487 4020 1611 4099; x_wconf 54' lang='grc' dir='ltr'><em>οὔτε</em></span> <span class='ocrx_word' id='word_1_384' title='bbox 1652 4020 1761 4120; x_wconf 61' lang='grc' dir='ltr'><em>γάρ</em></span> 
     </span>
    </p>
   </div>
   <div class='ocr_carea' id='block_1_75' title="bbox 1881 4020 3438 4120">
    <p class='ocr_par' dir='ltr' id='par_1_75' title="bbox 1881 4020 3438 4108">
     <span class='ocr_line' id='line_1_75' title="bbox 1881 4020 3438 4108; baseline -0.01 -9"><span class='ocrx_word' id='word_1_385' title='bbox 1881 4020 2010 4099; x_wconf 61' lang='lat' dir='ltr'><strong><em>inim</em></strong></span> <span class='ocrx_word' id='word_1_386' title='bbox 2038 4042 2122 4097; x_wconf 82' lang='lat' dir='ltr'><strong><em>l‘as</em></strong></span> <span class='ocrx_word' id='word_1_387' title='bbox 2143 4049 2230 4097; x_wconf 88' lang='lat' dir='ltr'><strong><em>est</em></strong></span> <span class='ocrx_word' id='word_1_388' title='bbox 2253 4048 2488 4096; x_wconf 89' lang='lat' dir='ltr'><strong><em>mentem</em></strong></span> <span class='ocrx_word' id='word_1_389' title='bbox 2511 4038 2577 4094; x_wconf 90' lang='lat' dir='ltr'><strong><em>ad</em></strong></span> <span class='ocrx_word' id='word_1_390' title='bbox 2596 4036 2855 4108; x_wconf 82' lang='lat' dir='ltr'><strong><em>profanas</em></strong></span> <span class='ocrx_word' id='word_1_391' title='bbox 2878 4035 3113 4090; x_wconf 72' lang='lat' dir='ltr'><strong><em>haereses</em></strong></span> <span class='ocrx_word' id='word_1_392' title='bbox 3127 4033 3404 4088; x_wconf 84' lang='lat' dir='ltr'><strong><em>declinare</em></strong></span> <span class='ocrx_word' id='word_1_393' title='bbox 3422 4048 3438 4093; x_wconf 86' lang='lat'><strong>:</strong></span> 
     </span>
    </p>
   </div>
   <div class='ocr_carea' id='block_1_76' title="bbox 169 4132 1758 4208">
    <p class='ocr_par' dir='ltr' id='par_1_76' title="bbox 169 4132 1758 4208">
     <span class='ocr_line' id='line_1_76' title="bbox 169 4132 1758 4208; baseline 0.006 -24"><span class='ocrx_word' id='word_1_394' title='bbox 169 4136 320 4207; x_wconf 79' lang='grc' dir='ltr'><em>πρὸς</em></span> <span class='ocrx_word' id='word_1_395' title='bbox 355 4134 606 4197; x_wconf 80' lang='grc' dir='ltr'><em>ἀνοσίους</em></span> <span class='ocrx_word' id='word_1_396' title='bbox 647 4133 888 4204; x_wconf 78' lang='grc' dir='ltr'><em>αἱρέσεις</em></span> <span class='ocrx_word' id='word_1_397' title='bbox 930 4132 1149 4204; x_wconf 82' lang='grc' dir='ltr'><em>θεμιτὸν</em></span> <span class='ocrx_word' id='word_1_398' title='bbox 1197 4134 1439 4189; x_wconf 76' lang='grc' dir='ltr'><em>ἐκκλῖναι</em></span> <span class='ocrx_word' id='word_1_399' title='bbox 1482 4136 1574 4191; x_wconf 79' lang='grc' dir='ltr'><em>τὸν</em></span> <span class='ocrx_word' id='word_1_400' title='bbox 1613 4138 1758 4208; x_wconf 77' lang='grc' dir='ltr'><em>νοῦν,</em></span> 
     </span>
    </p>
   </div>
   <div class='ocr_carea' id='block_1_77' title="bbox 167 4227 1763 4307">
    <p class='ocr_par' dir='ltr' id='par_1_77' title="bbox 167 4227 1763 4307">
     <span class='ocr_line' id='line_1_77' title="bbox 167 4227 1763 4307; baseline 0.003 -24"><span class='ocrx_word' id='word_1_401' title='bbox 167 4229 303 4284; x_wconf 72' lang='grc' dir='ltr'><em>οὔτε</em></span> <span class='ocrx_word' id='word_1_402' title='bbox 330 4228 438 4281; x_wconf 83' lang='grc' dir='ltr'><strong><em>τῶν</em></strong></span> <span class='ocrx_word' id='word_1_403' title='bbox 464 4227 858 4298; x_wconf 83' lang='grc' dir='ltr'><em>ὁμογνωμόνων</em></span> <span class='ocrx_word' id='word_1_404' title='bbox 885 4227 1208 4299; x_wconf 79' lang='grc' dir='ltr'><em>χωρίζεσθαι</em></span> <span class='ocrx_word' id='word_1_405' title='bbox 1241 4229 1458 4299; x_wconf 84' lang='grc' dir='ltr'><em>Θεμιτὺν</em></span> <span class='ocrx_word' id='word_1_406' title='bbox 1476 4231 1565 4285; x_wconf 82' lang='grc' dir='ltr'><em>διὰ</em></span> <span class='ocrx_word' id='word_1_407' title='bbox 1579 4233 1763 4307; x_wconf 83' lang='grc' dir='ltr'><em>φιλαρ-</em></span> 
     </span>
    </p>
   </div>
   <div class='ocr_carea' id='block_1_78' title="bbox 167 4318 1763 4398">
    <p class='ocr_par' dir='ltr' id='par_1_78' title="bbox 167 4318 1763 4398">
     <span class='ocr_line' id='line_1_78' title="bbox 167 4318 1763 4398; baseline 0.005 -25"><span class='ocrx_word' id='word_1_408' title='bbox 167 4322 322 4393; x_wconf 79' lang='grc' dir='ltr'><em>χίαν.</em></span> <span class='ocrx_word' id='word_1_409' title='bbox 352 4318 537 4373; x_wconf 79' lang='grc' dir='ltr'><em>Ταῦτα</em></span> <span class='ocrx_word' id='word_1_410' title='bbox 572 4318 682 4391; x_wconf 83' lang='grc' dir='ltr'><strong><em>γὰρ</em></strong></span> <span class='ocrx_word' id='word_1_411' title='bbox 720 4320 813 4373; x_wconf 71' lang='grc' dir='ltr'><em>καὶ</em></span> <span class='ocrx_word' id='word_1_412' title='bbox 851 4320 912 4373; x_wconf 82' lang='grc' dir='ltr'><em>τὸ</em></span> <span class='ocrx_word' id='word_1_413' title='bbox 951 4319 1174 4375; x_wconf 86' lang='grc' dir='ltr'><em>παλαιόν</em></span> <span class='ocrx_word' id='word_1_414' title='bbox 1216 4340 1362 4388; x_wconf 87' lang='grc' dir='ltr'><em>τινες</em></span> <span class='ocrx_word' id='word_1_415' title='bbox 1399 4322 1763 4398; x_wconf 81' lang='grc' dir='ltr'><em>τολμήσαντες</em></span> 
     </span>
    </p>
   </div>
   <div class='ocr_carea' id='block_1_79' title="bbox 169 4412 1762 4492">
    <p class='ocr_par' dir='ltr' id='par_1_79' title="bbox 169 4412 1762 4492">
     <span class='ocr_line' id='line_1_79' title="bbox 169 4412 1762 4492; baseline 0.004 -24"><span class='ocrx_word' id='word_1_416' title='bbox 169 4413 546 4484; x_wconf 75' lang='grc' dir='ltr'><em>ἐπιχειρῆσαι,</em></span> <span class='ocrx_word' id='word_1_417' title='bbox 586 4413 647 4466; x_wconf 84' lang='grc' dir='ltr'><em>οὐ</em></span> <span class='ocrx_word' id='word_1_418' title='bbox 685 4412 937 4481; x_wconf 81' lang='grc' dir='ltr'><em>διέφυγον</em></span> <span class='ocrx_word' id='word_1_419' title='bbox 971 4414 1069 4485; x_wconf 84' lang='grc' dir='ltr'><em>τὴν</em></span> <span class='ocrx_word' id='word_1_420' title='bbox 1108 4415 1394 4487; x_wconf 82' lang='grc' dir='ltr'><em>τιμωρίαν.</em></span> <span class='ocrx_word' id='word_1_421' title='bbox 1439 4417 1614 4473; x_wconf 75' lang='grc' dir='ltr'><em>Δαθὰν</em></span> <span class='ocrx_word' id='word_1_422' title='bbox 1654 4420 1762 4492; x_wconf 84' lang='grc' dir='ltr'><strong><em>γὰρ</em></strong></span> 
     </span>
    </p>
   </div>
   <div class='ocr_carea' id='block_1_80' title="bbox 170 4506 1764 4579">
    <p class='ocr_par' dir='ltr' id='par_1_80' title="bbox 170 4506 1764 4579">
     <span class='ocr_line' id='line_1_80' title="bbox 170 4506 1764 4579; baseline 0.001 -15"><span class='ocrx_word' id='word_1_423' title='bbox 170 4510 273 4564; x_wconf 70' lang='grc' dir='ltr'><strong><em>καὶ</em></strong></span> <span class='ocrx_word' id='word_1_424' title='bbox 317 4506 573 4578; x_wconf 76' lang='grc' dir='ltr'><em>Ἀδειρὼν</em></span> <span class='ocrx_word' id='word_1_425' title='bbox 603 4506 1008 4578; x_wconf 81' lang='grc' dir='ltr'><em>ἀντιπρόσωποι</em></span> <span class='ocrx_word' id='word_1_426' title='bbox 1049 4507 1330 4579; x_wconf 86' lang='grc' dir='ltr'><em>γενόμενοι</em></span> <span class='ocrx_word' id='word_1_427' title='bbox 1358 4510 1567 4577; x_wconf 87' lang='grc' dir='ltr'><em>Μωσεί,</em></span> <span class='ocrx_word' id='word_1_428' title='bbox 1601 4529 1764 4565; x_wconf 84' lang='grc' dir='ltr'><em>κατε-</em></span> 
     </span>
    </p>
   </div>
   <div class='ocr_carea' id='block_1_81' title="bbox 174 4599 1763 4674">
    <p class='ocr_par' dir='ltr' id='par_1_81' title="bbox 174 4599 1763 4674">
     <span class='ocr_line' id='line_1_81' title="bbox 174 4599 1763 4674; baseline -0.001 -18"><span class='ocrx_word' id='word_1_429' title='bbox 174 4603 425 4674; x_wconf 76' lang='grc' dir='ltr'><em>πόθησαν</em></span> <span class='ocrx_word' id='word_1_430' title='bbox 453 4603 533 4665; x_wconf 85' lang='grc' dir='ltr'><strong><em>εἰς</em></strong></span> <span class='ocrx_word' id='word_1_431' title='bbox 562 4601 665 4671; x_wconf 80' lang='grc' dir='ltr'><strong><em>γῆν</em></strong></span> <span class='ocrx_word' id='word_1_432' title='bbox 685 4618 697 4630; x_wconf 91' lang='grc'><strong>·</strong></span> <span class='ocrx_word' id='word_1_433' title='bbox 731 4599 879 4671; x_wconf 81' lang='grc' dir='ltr'><em>Κορὲ</em></span> <span class='ocrx_word' id='word_1_434' title='bbox 898 4600 955 4652; x_wconf 84' lang='grc' dir='ltr'><em>δὲ</em></span> <span class='ocrx_word' id='word_1_435' title='bbox 987 4600 1082 4653; x_wconf 73' lang='grc' dir='ltr'><em>καὶ</em></span> <span class='ocrx_word' id='word_1_436' title='bbox 1099 4601 1149 4653; x_wconf 84' lang='grc' dir='ltr'><em>οἱ</em></span> <span class='ocrx_word' id='word_1_437' title='bbox 1182 4602 1296 4670; x_wconf 83' lang='grc' dir='ltr'><em>μετ’</em></span> <span class='ocrx_word' id='word_1_438' title='bbox 1316 4601 1481 4654; x_wconf 79' lang='grc' dir='ltr'><em>αὑτοῦ</em></span> <span class='ocrx_word' id='word_1_439' title='bbox 1499 4603 1763 4657; x_wconf 86' lang='grc' dir='ltr'><em>διακόσιοι</em></span> 
     </span>
    </p>
   </div>
   <div class='ocr_carea' id='block_1_82' title="bbox 168 4692 1762 4769">
    <p class='ocr_par' dir='ltr' id='par_1_82' title="bbox 168 4692 1762 4769">
     <span class='ocr_line' id='line_1_82' title="bbox 168 4692 1762 4769; baseline -0.003 -17"><span class='ocrx_word' id='word_1_440' title='bbox 168 4700 533 4769; x_wconf 80' lang='grc' dir='ltr'><em>πεντήκοντα,</em></span> <span class='ocrx_word' id='word_1_441' title='bbox 565 4695 643 4766; x_wconf 85' lang='grc' dir='ltr'><em>τῷ</em></span> <span class='ocrx_word' id='word_1_442' title='bbox 684 4692 891 4764; x_wconf 84' lang='grc' dir='ltr'><em>Ἀαρὼν</em></span> <span class='ocrx_word' id='word_1_443' title='bbox 912 4692 1021 4763; x_wconf 88' lang='lat'><strong><em>(66)</em></strong></span> <span class='ocrx_word' id='word_1_444' title='bbox 1051 4692 1547 4761; x_wconf 84' lang='grc' dir='ltr'><em>διαστασιάσαντες,</em></span> <span class='ocrx_word' id='word_1_445' title='bbox 1589 4694 1762 4766; x_wconf 80' lang='grc' dir='ltr'><em>πυρὸς</em></span> 
     </span>
    </p>
   </div>
   <div class='ocr_carea' id='block_1_83' title="bbox 169 4784 1758 4863">
    <p class='ocr_par' dir='ltr' id='par_1_83' title="bbox 169 4784 1758 4863">
     <span class='ocr_line' id='line_1_83' title="bbox 169 4784 1758 4863; baseline -0.003 -19"><span class='ocrx_word' id='word_1_446' title='bbox 169 4790 557 4863; x_wconf 75' lang='grc' dir='ltr'><em>παρανάλωμα</em></span> <span class='ocrx_word' id='word_1_447' title='bbox 584 4786 859 4857; x_wconf 80' lang='grc' dir='ltr'><em>γεγόνασι.</em></span> <span class='ocrx_word' id='word_1_448' title='bbox 878 4785 1066 4857; x_wconf 87' lang='grc' dir='ltr'><em>Μαρία</em></span> <span class='ocrx_word' id='word_1_449' title='bbox 1081 4785 1138 4838; x_wconf 85' lang='grc' dir='ltr'><em>δὲ</em></span> <span class='ocrx_word' id='word_1_450' title='bbox 1161 4785 1203 4816; x_wconf 68' lang='grc'><strong><em>’⁸</em></strong></span> <span class='ocrx_word' id='word_1_451' title='bbox 1232 4784 1534 4840; x_wconf 83' lang='grc' dir='ltr'><em>ὁνειδίσασα</em></span> <span class='ocrx_word' id='word_1_452' title='bbox 1562 4787 1758 4856; x_wconf 83' lang='grc' dir='ltr'><em>Μωσῆ,</em></span> 
     </span>
    </p>
   </div>
   <div class='ocr_carea' id='block_1_84' title="bbox 169 4877 1761 4953">
    <p class='ocr_par' dir='ltr' id='par_1_84' title="bbox 169 4877 1761 4953">
     <span class='ocr_line' id='line_1_84' title="bbox 169 4877 1761 4953; baseline -0.003 -16"><span class='ocrx_word' id='word_1_453' title='bbox 169 4882 285 4948; x_wconf 76' lang='grc' dir='ltr'><strong><em>ἔξω</em></strong></span> <span class='ocrx_word' id='word_1_454' title='bbox 315 4883 415 4953; x_wconf 83' lang='grc' dir='ltr'><em>τῆς</em></span> <span class='ocrx_word' id='word_1_455' title='bbox 443 4880 792 4953; x_wconf 76' lang='grc' dir='ltr'><em>παρεμϐολῆς</em></span> <span class='ocrx_word' id='word_1_456' title='bbox 819 4878 1098 4950; x_wconf 79' lang='grc' dir='ltr'><em>ἀπεϐλήθη</em></span> <span class='ocrx_word' id='word_1_457' title='bbox 1135 4877 1276 4932; x_wconf 81' lang='grc' dir='ltr'><em>ἑπτὰ</em></span> <span class='ocrx_word' id='word_1_458' title='bbox 1303 4878 1533 4950; x_wconf 80' lang='grc' dir='ltr'><em>ἡμέρας.</em></span> <span class='ocrx_word' id='word_1_459' title='bbox 1568 4880 1761 4948; x_wconf 85' lang='grc' dir='ltr'><em>Ἔλεγε</em></span> 
     </span>
    </p>
   </div>
   <div class='ocr_carea' id='block_1_85' title="bbox 167 4970 1755 5047">
    <p class='ocr_par' dir='ltr' id='par_1_85' title="bbox 167 4970 1755 5047">
     <span class='ocr_line' id='line_1_85' title="bbox 167 4970 1755 5047; baseline -0.004 -18"><span class='ocrx_word' id='word_1_460' title='bbox 167 4975 290 5047; x_wconf 80' lang='grc' dir='ltr'><em>γάρ</em></span> <span class='ocrx_word' id='word_1_461' title='bbox 309 4991 323 5005; x_wconf 88' lang='grc'><strong>·</strong></span> <span class='ocrx_word' id='word_1_462' title='bbox 360 4992 381 5026; x_wconf 78' lang='grc' dir='ltr'><strong><em>ι</em></strong></span> <span class='ocrx_word' id='word_1_463' title='bbox 420 4975 542 5028; x_wconf 86' lang='grc' dir='ltr'><em>Ὅτι</em></span> <span class='ocrx_word' id='word_1_464' title='bbox 574 4975 807 5042; x_wconf 85' lang='grc' dir='ltr'><em>γυναῖκα</em></span> <span class='ocrx_word' id='word_1_465' title='bbox 833 4972 1073 5043; x_wconf 85' lang='grc' dir='ltr'><em>Μωῦσῆς</em></span> <span class='ocrx_word' id='word_1_466' title='bbox 1100 4971 1455 5025; x_wconf 79' lang='grc' dir='ltr'><em>Αίθιόπισσαν</em></span> <span class='ocrx_word' id='word_1_467' title='bbox 1484 4970 1696 5025; x_wconf 75' lang='grc' dir='ltr'><em>ἐλαϐεν.</em></span> <span class='ocrx_word' id='word_1_468' title='bbox 1737 4991 1755 5023; x_wconf 74' lang='grc' dir='ltr'><strong><em>ι</em></strong></span> 
     </span>
    </p>
   </div>
   <div class='ocr_carea' id='block_1_86' title="bbox 1868 4124 3436 4206">
    <p class='ocr_par' dir='ltr' id='par_1_86' title="bbox 1868 4124 3436 4206">
     <span class='ocr_line' id='line_1_86' title="bbox 1868 4124 3436 4206; baseline -0.009 -16"><span class='ocrx_word' id='word_1_469' title='bbox 1868 4150 2043 4206; x_wconf 88' lang='lat' dir='ltr'><strong><em>neque</em></strong></span> <span class='ocrx_word' id='word_1_470' title='bbox 2073 4135 2200 4189; x_wconf 86' lang='lat' dir='ltr'><strong><em>licet</em></strong></span> <span class='ocrx_word' id='word_1_471' title='bbox 2227 4148 2258 4187; x_wconf 90' lang='lat' dir='ltr'><strong><em>a</em></strong></span> <span class='ocrx_word' id='word_1_472' title='bbox 2280 4131 2649 4189; x_wconf 86' lang='lat' dir='ltr'><strong><em>concordibus</em></strong></span> <span class='ocrx_word' id='word_1_473' title='bbox 2670 4145 2767 4201; x_wconf 89' lang='lat' dir='ltr'><strong><em>per</em></strong></span> <span class='ocrx_word' id='word_1_474' title='bbox 2790 4127 3141 4182; x_wconf 87' lang='lat' dir='ltr'><strong><em>ambitionem</em></strong></span> <span class='ocrx_word' id='word_1_475' title='bbox 3169 4124 3436 4194; x_wconf 86' lang='lat' dir='ltr'><strong><em>separari.</em></strong></span> 
     </span>
    </p>
   </div>
   <div class='ocr_carea' id='block_1_87' title="bbox 1869 4214 3440 4297">
    <p class='ocr_par' dir='ltr' id='par_1_87' title="bbox 1869 4214 3440 4297">
     <span class='ocr_line' id='line_1_87' title="bbox 1869 4214 3440 4297; baseline -0.009 -13"><span class='ocrx_word' id='word_1_476' title='bbox 1869 4228 1996 4283; x_wconf 80' lang='lat' dir='ltr'><strong><em>Haec</em></strong></span> <span class='ocrx_word' id='word_1_477' title='bbox 2024 4242 2261 4297; x_wconf 85' lang='lat' dir='ltr'><strong><em>namque</em></strong></span> <span class='ocrx_word' id='word_1_478' title='bbox 2281 4241 2404 4279; x_wconf 90' lang='lat' dir='ltr'><strong><em>cum</em></strong></span> <span class='ocrx_word' id='word_1_479' title='bbox 2437 4224 2566 4278; x_wconf 89' lang='lat' dir='ltr'><strong><em>olim</em></strong></span> <span class='ocrx_word' id='word_1_480' title='bbox 2597 4219 2848 4277; x_wconf 91' lang='lat' dir='ltr'><strong><em>nonnulli</em></strong></span> <span class='ocrx_word' id='word_1_481' title='bbox 2892 4225 3107 4273; x_wconf 87' lang='lat' dir='ltr'><strong><em>tentare</em></strong></span> <span class='ocrx_word' id='word_1_482' title='bbox 3135 4215 3254 4271; x_wconf 88' lang='lat' dir='ltr'><strong><em>ausi</em></strong></span> <span class='ocrx_word' id='word_1_483' title='bbox 3303 4214 3440 4270; x_wconf 82' lang='lat' dir='ltr'><strong><em>fuis-</em></strong></span> 
     </span>
    </p>
   </div>
   <div class='ocr_carea' id='block_1_88' title="bbox 1869 4308 3439 4388">
    <p class='ocr_par' dir='ltr' id='par_1_88' title="bbox 1869 4308 3439 4388">
     <span class='ocr_line' id='line_1_88' title="bbox 1869 4308 3439 4388; baseline -0.01 -11"><span class='ocrx_word' id='word_1_484' title='bbox 1869 4329 2010 4388; x_wconf 84' lang='lat' dir='ltr'><strong><em>sent,</em></strong></span> <span class='ocrx_word' id='word_1_485' title='bbox 2046 4336 2155 4376; x_wconf 90' lang='lat' dir='ltr'><strong><em>non</em></strong></span> <span class='ocrx_word' id='word_1_486' title='bbox 2176 4319 2481 4388; x_wconf 79' lang='lat' dir='ltr'><strong><em>effugerunt</em></strong></span> <span class='ocrx_word' id='word_1_487' title='bbox 2512 4313 2865 4385; x_wconf 84' lang='lat' dir='ltr'><strong><em>supplicium.</em></strong></span> <span class='ocrx_word' id='word_1_488' title='bbox 2907 4310 3121 4364; x_wconf 87' lang='lat' dir='ltr'><strong><em>Dathan</em></strong></span> <span class='ocrx_word' id='word_1_489' title='bbox 3144 4308 3347 4380; x_wconf 89' lang='lat' dir='ltr'><strong><em>quippe</em></strong></span> <span class='ocrx_word' id='word_1_490' title='bbox 3384 4318 3439 4361; x_wconf 84' lang='lat' dir='ltr'><strong><em>et</em></strong></span> 
     </span>
    </p>
   </div>
   <div class='ocr_carea' id='block_1_89' title="bbox 1868 4401 3442 4482">
    <p class='ocr_par' dir='ltr' id='par_1_89' title="bbox 1868 4401 3442 4482">
     <span class='ocr_line' id='line_1_89' title="bbox 1868 4401 3442 4482; baseline -0.01 -13"><span class='ocrx_word' id='word_1_491' title='bbox 1868 4413 2099 4478; x_wconf 82' lang='lat' dir='ltr'><strong><em>Abiron,</em></strong></span> <span class='ocrx_word' id='word_1_492' title='bbox 2127 4412 2257 4482; x_wconf 90' lang='lat' dir='ltr'><strong><em>quia</em></strong></span> <span class='ocrx_word' id='word_1_493' title='bbox 2287 4409 2424 4464; x_wconf 86' lang='lat' dir='ltr'><strong><em>Mosi</em></strong></span> <span class='ocrx_word' id='word_1_494' title='bbox 2464 4409 2520 4463; x_wconf 91' lang='lat' dir='ltr'><strong><em>in</em></strong></span> <span class='ocrx_word' id='word_1_495' title='bbox 2552 4423 2615 4463; x_wconf 89' lang='lat' dir='ltr'><strong><em>os</em></strong></span> <span class='ocrx_word' id='word_1_496' title='bbox 2643 4405 2987 4467; x_wconf 84' lang='lat' dir='ltr'><strong><em>restiterunt,</em></strong></span> <span class='ocrx_word' id='word_1_497' title='bbox 3036 4401 3278 4471; x_wconf 89' lang='lat' dir='ltr'><strong><em>absorpti</em></strong></span> <span class='ocrx_word' id='word_1_498' title='bbox 3310 4410 3442 4454; x_wconf 84' lang='lat' dir='ltr'><strong><em>sunt</em></strong></span> 
     </span>
    </p>
   </div>
   <div class='ocr_carea' id='block_1_90' title="bbox 1869 4492 3441 4575">
    <p class='ocr_par' dir='ltr' id='par_1_90' title="bbox 1869 4492 3441 4575">
     <span class='ocr_line' id='line_1_90' title="bbox 1869 4492 3441 4575; baseline -0.012 -12"><span class='ocrx_word' id='word_1_499' title='bbox 1869 4516 2028 4563; x_wconf 68' lang='lat' dir='ltr'><strong><em>terrae</em></strong></span> <span class='ocrx_word' id='word_1_500' title='bbox 2056 4507 2204 4560; x_wconf 87' lang='lat' dir='ltr'><strong><em>hiatu</em></strong></span> <span class='ocrx_word' id='word_1_501' title='bbox 2235 4505 2277 4537; x_wconf 83' lang='grc'><strong><em>¹³</em></strong></span> <span class='ocrx_word' id='word_1_502' title='bbox 2302 4519 2316 4555; x_wconf 89' lang='lat'><strong>:</strong></span> <span class='ocrx_word' id='word_1_503' title='bbox 2342 4503 2387 4535; x_wconf 75' lang='lat'>“</span> <span class='ocrx_word' id='word_1_504' title='bbox 2407 4500 2547 4557; x_wconf 88' lang='lat' dir='ltr'><strong><em>Core</em></strong></span> <span class='ocrx_word' id='word_1_505' title='bbox 2572 4507 2752 4555; x_wconf 85' lang='lat' dir='ltr'><strong><em>autem</em></strong></span> <span class='ocrx_word' id='word_1_506' title='bbox 2777 4505 2830 4553; x_wconf 90' lang='lat' dir='ltr'><strong><em>et</em></strong></span> <span class='ocrx_word' id='word_1_507' title='bbox 2852 4496 2943 4575; x_wconf 87' lang='lat' dir='ltr'><strong><em>qui</em></strong></span> <span class='ocrx_word' id='word_1_508' title='bbox 2970 4510 3095 4549; x_wconf 90' lang='lat' dir='ltr'><strong><em>cum</em></strong></span> <span class='ocrx_word' id='word_1_509' title='bbox 3124 4508 3190 4548; x_wconf 90' lang='lat' dir='ltr'><strong><em>eo</em></strong></span> <span class='ocrx_word' id='word_1_510' title='bbox 3218 4492 3441 4547; x_wconf 83' lang='lat' dir='ltr'><strong><em>ducenti</em></strong></span> 
     </span>
    </p>
   </div>
   <div class='ocr_carea' id='block_1_91' title="bbox 1868 4584 3444 4672">
    <p class='ocr_par' dir='ltr' id='par_1_91' title="bbox 1868 4584 3444 4672">
     <span class='ocr_line' id='line_1_91' title="bbox 1868 4584 3444 4672; baseline -0.01 -20"><span class='ocrx_word' id='word_1_511' title='bbox 1868 4600 2288 4672; x_wconf 81' lang='lat' dir='ltr'><strong><em>quinquaginta,</em></strong></span> <span class='ocrx_word' id='word_1_512' title='bbox 2320 4595 2447 4667; x_wconf 90' lang='lat' dir='ltr'><strong><em>quia</em></strong></span> <span class='ocrx_word' id='word_1_513' title='bbox 2472 4601 2665 4649; x_wconf 88' lang='lat' dir='ltr'><strong><em>contra</em></strong></span> <span class='ocrx_word' id='word_1_514' title='bbox 2697 4592 2969 4645; x_wconf 84' lang='lat' dir='ltr'><strong><em>Aaronem</em></strong></span> <span class='ocrx_word' id='word_1_515' title='bbox 3009 4584 3255 4643; x_wconf 82' lang='lat' dir='ltr'><strong><em>seditiosi</em></strong></span> <span class='ocrx_word' id='word_1_516' title='bbox 3278 4585 3444 4639; x_wconf 78' lang='lat' dir='ltr'><strong><em>exsti-</em></strong></span> 
     </span>
    </p>
   </div>
   <div class='ocr_carea' id='block_1_92' title="bbox 1868 4677 3442 4762">
    <p class='ocr_par' dir='ltr' id='par_1_92' title="bbox 1868 4677 3442 4762">
     <span class='ocr_line' id='line_1_92' title="bbox 1868 4677 3442 4762; baseline -0.011 -14"><span class='ocrx_word' id='word_1_517' title='bbox 1868 4700 2074 4757; x_wconf 86' lang='lat' dir='ltr'><strong><em>terunt,</em></strong></span> <span class='ocrx_word' id='word_1_518' title='bbox 2102 4691 2246 4762; x_wconf 82' lang='lat' dir='ltr'><strong><em>ignis</em></strong></span> <span class='ocrx_word' id='word_1_519' title='bbox 2266 4689 2522 4760; x_wconf 90' lang='lat' dir='ltr'><strong><em>pabulum</em></strong></span> <span class='ocrx_word' id='word_1_520' title='bbox 2552 4685 2681 4741; x_wconf 80' lang='lat' dir='ltr'><strong><em>facti</em></strong></span> <span class='ocrx_word' id='word_1_521' title='bbox 2704 4691 2853 4741; x_wconf 86' lang='lat' dir='ltr'><strong><em>sunt.</em></strong></span> <span class='ocrx_word' id='word_1_522' title='bbox 2881 4681 2946 4736; x_wconf 86' lang='lat' dir='ltr'><strong><em>Et</em></strong></span> <span class='ocrx_word' id='word_1_523' title='bbox 2977 4680 3145 4734; x_wconf 83' lang='lat' dir='ltr'><strong><em>Maria</em></strong></span> <span class='ocrx_word' id='word_1_524' title='bbox 3172 4694 3295 4737; x_wconf 87' lang='lat' dir='ltr'><strong><em>cum</em></strong></span> <span class='ocrx_word' id='word_1_525' title='bbox 3326 4677 3442 4731; x_wconf 83' lang='lat' dir='ltr'><strong><em>Mo-</em></strong></span> 
     </span>
    </p>
   </div>
   <div class='ocr_carea' id='block_1_93' title="bbox 1867 4773 3438 4855">
    <p class='ocr_par' dir='ltr' id='par_1_93' title="bbox 1867 4773 3438 4855">
     <span class='ocr_line' id='line_1_93' title="bbox 1867 4773 3438 4855; baseline -0.012 -12"><span class='ocrx_word' id='word_1_526' title='bbox 1867 4801 1983 4843; x_wconf 89' lang='lat' dir='ltr'><strong><em>sem</em></strong></span> <span class='ocrx_word' id='word_1_527' title='bbox 2036 4794 2299 4855; x_wconf 86' lang='lat' dir='ltr'><strong><em>tanquam</em></strong></span> <span class='ocrx_word' id='word_1_528' title='bbox 2341 4782 2576 4839; x_wconf 78' lang='lat' dir='ltr'><strong><em>ethnicae</em></strong></span> <span class='ocrx_word' id='word_1_529' title='bbox 2612 4778 3026 4835; x_wconf 86' lang='lat' dir='ltr'><strong><em>concubitorem</em></strong></span> <span class='ocrx_word' id='word_1_530' title='bbox 3062 4773 3438 4843; x_wconf 87' lang='lat' dir='ltr'><strong><em>increpasset,</em></strong></span> 
     </span>
    </p>
   </div>
   <div class='ocr_carea' id='block_1_94' title="bbox 1868 4863 3438 4945">
    <p class='ocr_par' dir='ltr' id='par_1_94' title="bbox 1868 4863 3438 4945">
     <span class='ocr_line' id='line_1_94' title="bbox 1868 4863 3438 4945; baseline -0.012 -11"><span class='ocrx_word' id='word_1_531' title='bbox 1868 4878 2068 4934; x_wconf 84' lang='lat' dir='ltr'><strong><em>castris</em></strong></span> <span class='ocrx_word' id='word_1_532' title='bbox 2088 4878 2313 4933; x_wconf 82' lang='lat' dir='ltr'><strong><em>exclusa</em></strong></span> <span class='ocrx_word' id='word_1_533' title='bbox 2343 4882 2429 4931; x_wconf 89' lang='lat' dir='ltr'><strong><em>est</em></strong></span> <span class='ocrx_word' id='word_1_534' title='bbox 2449 4891 2546 4945; x_wconf 90' lang='lat' dir='ltr'><strong><em>per</em></strong></span> <span class='ocrx_word' id='word_1_535' title='bbox 2575 4881 2783 4943; x_wconf 89' lang='lat' dir='ltr'><strong><em>septem</em></strong></span> <span class='ocrx_word' id='word_1_536' title='bbox 2815 4869 2962 4932; x_wconf 85' lang='lat' dir='ltr'><strong><em>dies;</em></strong></span> <span class='ocrx_word' id='word_1_537' title='bbox 3008 4868 3222 4922; x_wconf 83' lang='lat' dir='ltr'><strong><em>dixerat</em></strong></span> <span class='ocrx_word' id='word_1_538' title='bbox 3250 4863 3394 4919; x_wconf 91' lang='lat' dir='ltr'><strong><em>enim</em></strong></span> <span class='ocrx_word' id='word_1_539' title='bbox 3423 4880 3438 4916; x_wconf 92' lang='lat'>:</span> 
     </span>
    </p>
   </div>
   <div class='ocr_carea' id='block_1_95' title="bbox 1868 4953 3441 5041">
    <p class='ocr_par' dir='ltr' id='par_1_95' title="bbox 1868 4953 3441 5041">
     <span class='ocr_line' id='line_1_95' title="bbox 1868 4953 3441 5041; baseline -0.011 -16"><span class='ocrx_word' id='word_1_540' title='bbox 1868 4968 2077 5041; x_wconf 76' lang='lat' dir='ltr'><strong><em>Moyses</em></strong></span> <span class='ocrx_word' id='word_1_541' title='bbox 2103 4984 2320 5022; x_wconf 78' lang='lat' dir='ltr'><strong><em>uxorem</em></strong></span> <span class='ocrx_word' id='word_1_542' title='bbox 2352 4966 2735 5036; x_wconf 63' lang='lat' dir='ltr'><strong><em>Ethiopissam</em></strong></span> <span class='ocrx_word' id='word_1_543' title='bbox 2783 4962 2935 5016; x_wconf 74' lang='lat' dir='ltr'><strong><em>duxit</em></strong></span> <span class='ocrx_word' id='word_1_544' title='bbox 2960 4960 3024 5014; x_wconf 81' lang='grc'><strong><em>¹⁸.</em></strong></span> <span class='ocrx_word' id='word_1_545' title='bbox 3054 4956 3364 5025; x_wconf 85' lang='lat' dir='ltr'><strong><em>Quinetiam</em></strong></span> <span class='ocrx_word' id='word_1_546' title='bbox 3398 4953 3441 4985; x_wconf 80' lang='lat'>&quot;</span> 
     </span>
    </p>
   </div>
   <div class='ocr_carea' id='block_1_96' title="bbox 251 5090 1762 5179">
    <p class='ocr_par' dir='ltr' id='par_1_96' title="bbox 251 5104 1762 5179">
     <span class='ocr_line' id='line_1_96' title="bbox 251 5104 1762 5179; baseline -0.002 -18"><span class='ocrx_word' id='word_1_547' title='bbox 251 5107 297 5142; x_wconf 79' lang='grc'>¹¹</span> <span class='ocrx_word' id='word_1_548' title='bbox 326 5107 395 5161; x_wconf 86' lang='lat' dir='ltr'><strong>aI.</strong></span> <span class='ocrx_word' id='word_1_549' title='bbox 418 5108 493 5173; x_wconf 83' lang='grc' dir='ltr'><em>ὡς</em></span> <span class='ocrx_word' id='word_1_550' title='bbox 515 5107 887 5179; x_wconf 65' lang='grc' dir='ltr'><em>ἑλληνοκΟἰτην</em></span> <span class='ocrx_word' id='word_1_551' title='bbox 907 5106 1033 5163; x_wconf 84' lang='lat' dir='ltr'><strong><em>add.</em></strong></span> <span class='ocrx_word' id='word_1_552' title='bbox 1110 5106 1155 5138; x_wconf 83' lang='grc'><strong><em>¹³</em></strong></span> <span class='ocrx_word' id='word_1_553' title='bbox 1175 5105 1337 5161; x_wconf 81' lang='lat' dir='ltr'><strong><em>Num.</em></strong></span> <span class='ocrx_word' id='word_1_554' title='bbox 1370 5121 1483 5174; x_wconf 73' lang='lat' dir='ltr'><strong>XVI,</strong></span> <span class='ocrx_word' id='word_1_555' title='bbox 1509 5107 1598 5162; x_wconf 79' lang='grc'><strong><em>51.</em></strong></span> <span class='ocrx_word' id='word_1_556' title='bbox 1679 5105 1721 5138; x_wconf 68' lang='grc' dir='ltr'><strong><em>ίδ</em></strong></span> <span class='ocrx_word' id='word_1_557' title='bbox 1753 5104 1762 5158; x_wconf 80' lang='lat'>1</span> 
     </span>
    </p>
   </div>
   <div class='ocr_carea' id='block_1_97' title="bbox 1881 5090 3437 5179">
    <p class='ocr_par' dir='ltr' id='par_1_97' title="bbox 1881 5090 3437 5176">
     <span class='ocr_line' id='line_1_97' title="bbox 1881 5090 3437 5176; baseline -0.01 -17"><span class='ocrx_word' id='word_1_558' title='bbox 1881 5113 1928 5160; x_wconf 74' lang='lat' dir='ltr'><strong><em>,t.</em></strong></span> <span class='ocrx_word' id='word_1_559' title='bbox 1960 5105 2215 5176; x_wconf 86' lang='lat' dir='ltr'><strong><em>interpol.</em></strong></span> <span class='ocrx_word' id='word_1_560' title='bbox 2242 5103 2309 5159; x_wconf 87' lang='lat' dir='ltr'><strong><em>ad</em></strong></span> <span class='ocrx_word' id='word_1_561' title='bbox 2337 5102 2516 5175; x_wconf 79' lang='lat' dir='ltr'><strong><em>Magn.</em></strong></span> <span class='ocrx_word' id='word_1_562' title='bbox 2540 5101 2593 5157; x_wconf 80' lang='lat'><strong><em>3.</em></strong></span> <span class='ocrx_word' id='word_1_563' title='bbox 2670 5098 2715 5131; x_wconf 81' lang='grc'>¹⁸</span> <span class='ocrx_word' id='word_1_564' title='bbox 2740 5096 2901 5153; x_wconf 89' lang='lat' dir='ltr'><strong><em>Num.</em></strong></span> <span class='ocrx_word' id='word_1_565' title='bbox 2936 5110 3036 5161; x_wconf 83' lang='lat' dir='ltr'><strong><em>xu,</em></strong></span> <span class='ocrx_word' id='word_1_566' title='bbox 3066 5093 3118 5147; x_wconf 86' lang='lat' dir='ltr'><strong><em>I.</em></strong></span> <span class='ocrx_word' id='word_1_567' title='bbox 3196 5090 3240 5123; x_wconf 81' lang='lat'>“</span> <span class='ocrx_word' id='word_1_568' title='bbox 3267 5090 3437 5160; x_wconf 74' lang='lat' dir='ltr'><strong><em>lgnat.</em></strong></span> 
     </span>
    </p>
   </div>
   <div class='ocr_carea' id='block_1_98' title="bbox 174 5177 821 5250">
    <p class='ocr_par' dir='ltr' id='par_1_98' title="bbox 174 5177 821 5250">
     <span class='ocr_line' id='line_1_98' title="bbox 174 5177 821 5250; baseline -0.006 -15"><span class='ocrx_word' id='word_1_569' title='bbox 174 5180 441 5250; x_wconf 87' lang='lat' dir='ltr'><strong><em>interpol.</em></strong></span> <span class='ocrx_word' id='word_1_570' title='bbox 468 5180 537 5233; x_wconf 87' lang='lat' dir='ltr'><strong><em>ad</em></strong></span> <span class='ocrx_word' id='word_1_571' title='bbox 561 5177 740 5249; x_wconf 77' lang='lat' dir='ltr'><strong><em>Magn.</em></strong></span> <span class='ocrx_word' id='word_1_572' title='bbox 767 5179 821 5233; x_wconf 78' lang='lat'><strong><em>5.</em></strong></span> 
     </span>
    </p>
   </div>
   <div class='ocr_carea' id='block_1_99' title="bbox 1528 5325 2159 5385">
    <p class='ocr_par' dir='ltr' id='par_1_99' title="bbox 1528 5325 2159 5385">
     <span class='ocr_line' id='line_1_99' title="bbox 1528 5325 2159 5385; baseline -0.002 -1"><span class='ocrx_word' id='word_1_573' title='bbox 1528 5326 1896 5385; x_wconf 81' lang='lat' dir='ltr'><strong><em>VARIORUM</em></strong></span> <span class='ocrx_word' id='word_1_574' title='bbox 1927 5325 2159 5383; x_wconf 73' lang='grc' dir='ltr'><strong><em>ΝΟΤᾸΞ.</em></strong></span> 
     </span>
    </p>
   </div>
   <div class='ocr_carea' id='block_1_100' title="bbox 258 5444 1770 5524">
    <p class='ocr_par' dir='ltr' id='par_1_100' title="bbox 258 5444 1770 5524">
     <span class='ocr_line' id='line_1_100' title="bbox 258 5444 1770 5524; baseline -0.003 -17"><span class='ocrx_word' id='word_1_575' title='bbox 258 5453 375 5524; x_wconf 69' lang='grc'><strong>(64)</strong></span> <span class='ocrx_word' id='word_1_576' title='bbox 406 5452 549 5521; x_wconf 82' lang='grc' dir='ltr'><strong><em>Περί</em></strong></span> <span class='ocrx_word' id='word_1_577' title='bbox 563 5449 941 5524; x_wconf 3' lang='grc' dir='ltr'><em>,σχισμάτωκ</em></span> <span class='ocrx_word' id='word_1_578' title='bbox 956 5448 1017 5505; x_wconf 84' lang='lat' dir='ltr'><strong><em>In</em></strong></span> <span class='ocrx_word' id='word_1_579' title='bbox 1029 5456 1261 5519; x_wconf 86' lang='lat' dir='ltr'><strong><em>utroque</em></strong></span> <span class='ocrx_word' id='word_1_580' title='bbox 1271 5444 1561 5524; x_wconf 43' lang='lat' dir='ltr'><strong><em>cgilind.</em></strong></span> <span class='ocrx_word' id='word_1_581' title='bbox 1577 5447 1659 5524; x_wconf 78' lang='lat' dir='ltr'><strong><em>sic</em></strong></span> <span class='ocrx_word' id='word_1_582' title='bbox 1669 5463 1770 5502; x_wconf 83' lang='lat' dir='ltr'><strong><em>ex-</em></strong></span> 
     </span>
    </p>
   </div>
   <div class='ocr_carea' id='block_1_101' title="bbox 180 5511 1768 5657">
    <p class='ocr_par' dir='ltr' id='par_1_101' title="bbox 180 5511 1768 5657">
     <span class='ocr_line' id='line_1_101' title="bbox 180 5511 1768 5639; baseline -0.004 -61"><span class='ocrx_word' id='word_1_583' title='bbox 180 5511 450 5595; x_wconf 74' lang='lat' dir='ltr'><strong><em>primitur</em></strong></span> <span class='ocrx_word' id='word_1_584' title='bbox 479 5511 657 5590; x_wconf 50' lang='lat' dir='ltr'><strong><em>Iiujus&#39;</em></strong></span> <span class='ocrx_word' id='word_1_585' title='bbox 685 5511 808 5576; x_wconf 76' lang='lat' dir='ltr'><strong><em>libri</em></strong></span> <span class='ocrx_word' id='word_1_586' title='bbox 844 5511 1226 5592; x_wconf 73' lang='lat' dir='ltr'><strong><em>argumentum</em></strong></span> <span class='ocrx_word' id='word_1_587' title='bbox 1256 5536 1279 5603; x_wconf 76' lang='grc' dir='ltr'><strong><em>ε⁹</em></strong></span> <span class='ocrx_word' id='word_1_588' title='bbox 1302 5519 1390 5573; x_wconf 87' lang='grc' dir='ltr'><em>Έν</em></span> <span class='ocrx_word' id='word_1_589' title='bbox 1415 5511 1460 5605; x_wconf 53' lang='grc' dir='ltr'><strong><em>εἶτ</em></strong></span> <span class='ocrx_word' id='word_1_590' title='bbox 1487 5517 1616 5639; x_wconf 51' lang='lat' dir='ltr'><strong><em>negl.</em></strong></span> <span class='ocrx_word' id='word_1_591' title='bbox 1650 5534 1768 5587; x_wconf 65' lang='grc' dir='ltr'><strong><em>σχι-⁸</em></strong></span> 
     </span>
     <span class='ocr_line' id='line_1_102' title="bbox 183 5586 1768 5657; baseline -0.006 -9"><span class='ocrx_word' id='word_1_592' title='bbox 183 5594 439 5657; x_wconf 80' lang='grc' dir='ltr'><em>σμὰτων,</em></span> <span class='ocrx_word' id='word_1_593' title='bbox 465 5592 560 5646; x_wconf 78' lang='grc' dir='ltr'><em>καὶ</em></span> <span class='ocrx_word' id='word_1_594' title='bbox 587 5592 671 5646; x_wconf 81' lang='grc' dir='ltr'><em>ὅτι</em></span> <span class='ocrx_word' id='word_1_595' title='bbox 699 5591 822 5645; x_wconf 79' lang='grc' dir='ltr'><em>οὕτε</em></span> <span class='ocrx_word' id='word_1_596' title='bbox 838 5589 1102 5657; x_wconf 84' lang='grc' dir='ltr'><em>βασιλείᾳ,</em></span> <span class='ocrx_word' id='word_1_597' title='bbox 1126 5589 1246 5643; x_wconf 76' lang='grc' dir='ltr'><em>οὔτε</em></span> <span class='ocrx_word' id='word_1_598' title='bbox 1268 5605 1531 5657; x_wconf 80' lang='grc' dir='ltr'><em>ιερωσυνῃ</em></span> <span class='ocrx_word' id='word_1_599' title='bbox 1584 5586 1768 5657; x_wconf 81' lang='grc' dir='ltr'><em>εμιτὸν</em></span> 
     </span>
    </p>
   </div>
   <div class='ocr_carea' id='block_1_102' title="bbox 183 5588 1531 5667">
    <p class='ocr_par' dir='ltr' id='par_1_102' title="bbox 183 5588 1531 5667">
     <span class='ocr_line' id='line_1_103' title="bbox 183 5588 1531 5667; baseline -0.007 -17"><span class='ocrx_word' id='word_1_600' title='bbox 183 5588 439 5667; x_wconf 64' lang='grc' dir='ltr'><em>σμὰτων,</em></span> <span class='ocrx_word' id='word_1_601' title='bbox 465 5588 567 5667; x_wconf 30' lang='grc' dir='ltr'><em>καὶ*</em></span> <span class='ocrx_word' id='word_1_602' title='bbox 587 5591 822 5667; x_wconf 34' lang='grc' dir='ltr'><em>ὃτιᾼοῠίςε</em></span> <span class='ocrx_word' id='word_1_603' title='bbox 838 5588 1102 5667; x_wconf 58' lang='grc' dir='ltr'><em>βασιλεία,</em></span> <span class='ocrx_word' id='word_1_604' title='bbox 1126 5588 1531 5667; x_wconf 45' lang='grc' dir='ltr'><em>οὒτε-ἱερωσύνῃ</em></span> 
     </span>
    </p>
   </div>
   <div class='ocr_carea' id='block_1_103' title="bbox 1944 5431 3443 5515">
    <p class='ocr_par' dir='ltr' id='par_1_103' title="bbox 1944 5431 3443 5515">
     <span class='ocr_line' id='line_1_104' title="bbox 1944 5431 3443 5515; baseline -0.009 -16"><span class='ocrx_word' id='word_1_605' title='bbox 1944 5444 2055 5515; x_wconf 81' lang='grc'><strong><em>(65)</em></strong></span> <span class='ocrx_word' id='word_1_606' title='bbox 2108 5442 2515 5515; x_wconf 71' lang='grc' dir='ltr'><em>Ἆθεωτάτους.</em></span> <span class='ocrx_word' id='word_1_607' title='bbox 2540 5439 2884 5515; x_wconf 42' lang='grc' dir='ltr'><em>-Ἄθεμίςους,</em></span> <span class='ocrx_word' id='word_1_608' title='bbox 2929 5444 3162 5507; x_wconf 88' lang='lat' dir='ltr'><strong><em>uterque</em></strong></span> <span class='ocrx_word' id='word_1_609' title='bbox 3182 5431 3352 5489; x_wconf 81' lang='lat' dir='ltr'><strong><em>codex</em></strong></span> <span class='ocrx_word' id='word_1_610' title='bbox 3383 5436 3443 5487; x_wconf 77' lang='lat' dir='ltr'><strong><em>et</em></strong></span> 
     </span>
    </p>
   </div>
   <div class='ocr_carea' id='block_1_104' title="bbox 1871 5510 3467 5587">
    <p class='ocr_par' dir='ltr' id='par_1_104' title="bbox 1871 5510 3467 5587">
     <span class='ocr_line' id='line_1_105' title="bbox 1871 5510 3467 5587; baseline -0.002 -18"><span class='ocrx_word' id='word_1_611' title='bbox 1871 5510 2089 5587; x_wconf 78' lang='lat' dir='ltr'><strong><em>quidem</em></strong></span> <span class='ocrx_word' id='word_1_612' title='bbox 2121 5515 2430 5587; x_wconf 71' lang='lat' dir='ltr'><strong><em>melius,_ut</em></strong></span> <span class='ocrx_word' id='word_1_613' title='bbox 2466 5510 2703 5587; x_wconf 41' lang='lat' dir='ltr'><strong><em>ridetur.</em></strong></span> <span class='ocrx_word' id='word_1_614' title='bbox 2741 5510 2817 5566; x_wconf 84' lang='lat' dir='ltr'><strong><em>In.</em></strong></span> <span class='ocrx_word' id='word_1_615' title='bbox 2855 5580 2887 5587; x_wconf 89' lang='lat'><strong><em>__</em></strong></span> <span class='ocrx_word' id='word_1_616' title='bbox 2984 5576 3045 5587; x_wconf 49' lang='grc' dir='ltr'>ψ</span> <span class='ocrx_word' id='word_1_617' title='bbox 3107 5575 3123 5587; x_wconf 81' lang='lat'><em>_</em></span> <span class='ocrx_word' id='word_1_618' title='bbox 3164 5575 3181 5587; x_wconf 84' lang='lat'><em>_</em></span> <span class='ocrx_word' id='word_1_619' title='bbox 3461 5514 3467 5521; x_wconf 84' lang='grc'><em>’</em></span> 
     </span>
    </p>
   </div>
   <div class='ocr_carea' id='block_1_105' title="bbox 1944 5575 3442 5667">
    <p class='ocr_par' dir='ltr' id='par_1_105' title="bbox 1944 5575 3442 5667">
     <span class='ocr_line' id='line_1_106' title="bbox 1944 5575 3442 5667; baseline -0.005 -28"><span class='ocrx_word' id='word_1_620' title='bbox 1944 5584 2061 5667; x_wconf 67' lang='lat'>(66)</span> <span class='ocrx_word' id='word_1_621' title='bbox 2103 5583 2187 5651; x_wconf 88' lang='grc' dir='ltr'><strong><em>Τῷ</em></strong></span> <span class='ocrx_word' id='word_1_622' title='bbox 2203 5582 2440 5667; x_wconf 81' lang='grc' dir='ltr'><em>Ἀαρών.</em></span> <span class='ocrx_word' id='word_1_623' title='bbox 2473 5582 2636 5641; x_wconf 87' lang='lat' dir='ltr'><strong><em>Deest</em></strong></span> <span class='ocrx_word' id='word_1_624' title='bbox 2662 5582 2718 5638; x_wconf 92' lang='lat' dir='ltr'><strong><em>in</em></strong></span> <span class='ocrx_word' id='word_1_625' title='bbox 2766 5580 2956 5639; x_wconf 90' lang='lat' dir='ltr'><strong><em>codice</em></strong></span> <span class='ocrx_word' id='word_1_626' title='bbox 2984 5575 3221 5633; x_wconf 81' lang='lat' dir='ltr'><strong><em>Vindob.</em></strong></span> <span class='ocrx_word' id='word_1_627' title='bbox 3252 5586 3442 5647; x_wconf 78' lang='lat' dir='ltr'><strong><em>perpe-</em></strong></span> 
     </span>
    </p>
   </div>
   <div class='ocr_carea' id='block_1_106' title="bbox 178 5646 2117 5735">
    <p class='ocr_par' dir='ltr' id='par_1_106' title="bbox 178 5646 2117 5735">
     <span class='ocr_line' id='line_1_107' title="bbox 178 5646 2117 5735; baseline -0.005 -16"><span class='ocrx_word' id='word_1_628' title='bbox 178 5646 613 5735; x_wconf 37' lang='lat' dir='ltr'><strong><em>tangitangit,</em></strong></span> <span class='ocrx_word' id='word_1_629' title='bbox 672 5661 810 5735; x_wconf 79' lang='grc' dir='ltr'><em>βαρὺ</em></span> <span class='ocrx_word' id='word_1_630' title='bbox 838 5646 951 5734; x_wconf 39' lang='grc' dir='ltr'><em>ξαρ</em></span> <span class='ocrx_word' id='word_1_631' title='bbox 985 5646 1266 5734; x_wconf 45' lang='lat' dir='ltr'><strong><em>rabiam).</em></strong></span> <span class='ocrx_word' id='word_1_632' title='bbox 1302 5646 1567 5733; x_wconf 64' lang='grc' dir='ltr'><em>ῥεγίστῆς</em></span> <span class='ocrx_word' id='word_1_633' title='bbox 1593 5646 1765 5728; x_wconf 68' lang='grc' dir='ltr'><em>’έιμω-</em></span> <span class='ocrx_word' id='word_1_634' title='bbox 1869 5646 2009 5712; x_wconf 67' lang='lat' dir='ltr'><strong><em>rum.</em></strong></span> <span class='ocrx_word' id='word_1_635' title='bbox 2039 5646 2117 5731; x_wconf 79' lang='lat' dir='ltr'><strong><em>In.</em></strong></span> 
     </span>
    </p>
   </div>
   <div class='ocr_carea' id='block_1_107' title="bbox 182 5732 693 5805">
    <p class='ocr_par' dir='ltr' id='par_1_107' title="bbox 182 5732 693 5805">
     <span class='ocr_line' id='line_1_108' title="bbox 182 5732 693 5805; baseline -0.006 -14"><span class='ocrx_word' id='word_1_636' title='bbox 182 5736 316 5805; x_wconf 69' lang='lat' dir='ltr'><strong><em>plac</em></strong></span> <span class='ocrx_word' id='word_1_637' title='bbox 340 5732 508 5801; x_wconf 79' lang='grc' dir='ltr'><em>ἄξιον.</em></span> <span class='ocrx_word' id='word_1_638' title='bbox 532 5732 693 5789; x_wconf 57' lang='lat' dir='ltr'><strong><em>Cum</em></strong></span> 
     </span>
    </p>
   </div>
  </div>
