3876 6188
606 452 609 455 ρ
714 412 1112 466 ΚΕΦΑΛΔΙΟΝ
1148 413 1222 466 Γ’.

164 502 312 570 Περὶ
340 499 450 569 τῆς
474 503 774 569 Μωῢσέως
791 502 1025 570 ἀρετῆς,
1048 503 1143 556 καὶ
1161 505 1441 570 ἀπιστίας
1461 504 1579 559 τῶν
1616 506 1752 558 Ἰου-

237 570 425 626 δαίων
450 572 685 639 ἔθνους,
716 572 813 626 καὶ
840 572 924 627 ὦν
961 576 994 628 ὀ
1040 573 1184 639 Θεὸς
1228 574 1753 644 ἐθαυματούργησε

232 640 529 696 araon
558 642 625 694 ³⁸.

240 734 353 786 Καὶ
380 732 754 803 ἐπανέστησαν
784 734 973 787 Μωσεί
1005 733 1082 804 τῷ
1121 733 1215 787 τοῦ
1245 733 1380 787 Θεοῦ
1423 732 1748 806 θεράποντι,

159 824 245 897 τῷ
272 824 429 897 παρά
458 824 665 888 πάντας
694 824 1003 896 πραοτάτῳ,
1036 827 1130 879 καὶ
1171 826 1376 897 πιστῷ,
1418 828 1511 880 καὶ
1555 828 1752 899 ἠτίμη-

162 934 270 971 σαν
299 917 412 989 (75)
443 916 533 970 τὸν
561 917 876 989 τηλικοῦτον
902 917 1070 989 ἄνδρα
1098 920 1147 970 οἱ
1174 919 1589 989 ἀχαριστότατοι
1612 936 1625 949 ·
1659 920 1751 973 τὸν

159 1008 485 1080 νομοθέτην,
516 1007 607 1061 τὸν
662 1007 898 1077 φύλακα,
946 1009 1038 1062 τὸν
1069 1010 1327 1081 ἀρχιερέα
1358 1012 1451 1063 καὶ
1485 1010 1708 1080 βασιλέα
1732 1053 1747 1077 ,

159 1104 259 1157 τὸν
291 1103 501 1173 μύστην
545 1100 655 1154 τῶν
701 1100 881 1168 θείων,
923 1100 1016 1153 τὸν
1045 1101 1121 1164 ὼς
1161 1100 1490 1171 δημιουργὸν
1530 1101 1629 1165 τὰς
1655 1101 1750 1154 τοῦ

155 1191 502 1265 δημιουργοῦ
530 1191 940 1262 ἐπιδειξάμενον
967 1191 1246 1263 ἐνεργείας
1264 1210 1277 1223 ·
1307 1193 1397 1245 τὸν
1419 1193 1746 1264 πραότατον,

158 1286 258 1337 τὸν
278 1282 644 1353 ἀτυφότατονο
681 1282 771 1336 τὸν
802 1284 1148 1355 καρτερικὸν,
1178 1284 1269 1337 τὸν
1298 1284 1747 1355 φιλανθρωπότα-

160 1394 257 1429 τον
277 1394 289 1404 ·
338 1375 427 1429 τὸν
454 1374 665 1428 πολλῶν
692 1374 952 1429 κινδύνων
983 1376 1179 1439 αὐτοὺς
1205 1377 1609 1444 ἀπαλλάξαντα,
1653 1378 1746 1430 καὶ

155 1468 440 1538 διαφόρων
469 1466 715 1520 θανάτων
730 1467 928 1529 αὐτοὺς
951 1467 1273 1539 ῥυσάμενον,
1314 1472 1380 1539 τῇ
1412 1472 1539 1540 παρ’
1557 1468 1750 1522 ἑαυτοῦ

157 1561 408 1632 ὁσιότητι
426 1577 440 1589 ο
470 1560 561 1613 τὸν
591 1558 829 1612 τοσαῦτα
856 1560 1010 1631 παρὰ
1035 1559 1169 1613 Θεοῦ
1201 1565 1400 1632 σημεῖα
1429 1562 1522 1616 καὶ
1547 1561 1752 1633 τέρατα

157 1652 244 1723 τῷ
281 1652 398 1723 λαῷ
440 1653 812 1724 πεποιηκότα·
852 1653 944 1705 τὸν
982 1652 1052 1706 τά
1092 1651 1275 1718 ἔνδοξα
1322 1655 1416 1707 καὶ
1463 1653 1753 1724 θαυμαστὰ

1053 292 1654 355 CONSTITUTIONES
1683 296 2364 353 APOSTOLIC£.——UB.
2402 298 2490 354 Vl.

3293 300 3419 371 sit

2455 410 2683 467 CAPUT
2726 411 2814 467 lil.

1854 500 1929 555 De
1952 501 2139 577 virtute
2162 500 2383 577 dloysis.
2412 512 2463 557 et
2492 502 2555 556 de
2573 503 3067 577 inﬁdelitategentis
3086 506 3347 577 Iudaica,
3373 508 3422 566 et

2026 571 2089 624 de
2117 572 2388 625 miraculis
2419 588 2535 641 qua:
2576 571 2716 627 Deus
2739 589 2830 642 per
2862 571 3014 628 illum
3049 577 3237 661 edidit.

1924 725 1990 778 Et
2014 726 2415 782 rebellaverant
2435 728 2698 786 adversus
2716 729 2921 787 Mosem
2951 731 3047 789 Dei
3067 732 3330 793 famulum
3352 740 3421 802 “,

1853 818 2098 871 omnium
2128 819 2635 875 mansuetissimam
2664 822 2963 889 hominem,
2994 840 3059 880 ac
3088 824 3300 884 ﬁdelem
3319 871 3335 895 ,
3367 839 3427 885 et

1853 911 2213 982 ingratissimi
2268 919 2480 966 tantum
2514 912 2693 967 virum
2724 913 3179 983 inbonestarunt;
3210 918 3430 988 legisla-

1853 1011 2048 1067 torem,
2074 1004 2381 1068 custodem,
2400 1004 2716 1074 pontiﬁcem
2740 1020 2805 1060 ac
2830 1022 3035 1077 regem,
3071 1009 3426 1081 interpretem

1851 1093 2167 1149 divinorum
2194 1095 2576 1166 mysteriorum
2598 1115 2613 1162 ;
2639 1096 2694 1152 in
2716 1097 2937 1152 modum
2956 1099 3280 1165 conditoris,
3299 1118 3429 1171 ope-

1852 1203 1971 1242 rum
2000 1186 2280 1242 Creatoris
2310 1194 2766 1255 monstratorem;
2795 1189 3168 1256 mitissimum,
3204 1192 3429 1249 minime

1854 1279 2236 1344 ambitiosum,
2273 1280 2593 1349 patientem,
2650 1279 3145 1349 humanissimum;
3202 1285 3296 1353 qui
3326 1302 3425 1340 eos

1852 1371 2039 1425 multis
2070 1370 2328 1439 periculis
2351 1370 2701 1435 liberaverat,
2731 1381 2785 1426 et
2806 1387 2872 1426 ex
2903 1373 3192 1442 multiplici
3238 1378 3430 1431 mortis

1853 1477 2049 1532 genere
2070 1462 2347 1531 eripuerat
2377 1462 2666 1517 sanctitate
2696 1477 2794 1517 sua
2813 1480 2827 1529 ;
2849 1464 2942 1534 qui
2961 1471 3041 1516 tot
3068 1464 3251 1518 divina
3276 1467 3430 1533 signa

1851 1562 1905 1608 et
1927 1553 2175 1623 prodigia
2209 1553 2411 1622 populo
2442 1554 2717 1619 ediderat;
2756 1556 2847 1624 qui
2882 1555 3141 1625 praeclara
3177 1565 3231 1611 et
3264 1558 3430 1611 mira-

1852 1645 1981 1699 bilia
2023 1659 2189 1714 opera
2238 1644 2295 1698 in
2328 1660 2517 1699 eorum
2549 1646 2869 1700 beneﬁcium
2906 1660 2971 1701 ac
2997 1648 3425 1702 emolumentum

159 1744 305 1815 ἔργα
327 1746 407 1808 είς
434 1742 752 1815 εὐεργεσίαν
780 1744 957 1797 αὐτῶν
984 1744 1302 1797 τετελεκὸτα
1320 1761 1333 1774 ·
1364 1745 1453 1798 τὸν
1483 1745 1747 1812 ὲπἈίγυ-

1854 1737 2193 1806 perfecerat;
2244 1738 2339 1806 qui
2372 1736 2643 1808 Egyptiis
2675 1739 2863 1794 decem
2897 1740 3019 1796 illas
3063 1740 3251 1810 plagas
3278 1742 3425 1795 intu-

159 1836 358 1898 πτίους
368 1834 706 1906 δεκάπληγον
720 1835 1116 1907 πεπληρωκότα
1135 1833 1360 1907 (74),τὸν
1374 1834 1470 1906 τὴν
1484 1834 1747 1906 Ἐρυθρὰν

1854 1828 2021 1895 lerat;
2056 1828 2149 1897 qui
2180 1842 2331 1883 mare
2350 1826 2600 1883 Rubrum
2642 1829 2938 1897 diviserat,
2970 1841 3024 1886 et
3062 1832 3237 1887 instar
3283 1834 3427 1887 muri

156 1927 446 1981 θάλασσαν
489 1927 807 2001 διῃρηκότα,
853 1926 946 1981 καὶ
973 1926 1050 1989 ὡς
1077 1929 1253 1996 τεῖχος
1293 1924 1362 1979 τὰ
1390 1925 1556 1979 ὕδατα
1602 1925 1750 1979 ἔνθεν

157 2021 262 2075 καὶ
293 2018 444 2073 ἐνθεν
470 2018 865 2089 διαστήσαντα,
918 2018 1013 2072 καὶ
1041 2018 1117 2081 ὡς
1146 2018 1435 2090 δι’ὲρήμου
1456 2017 1626 2090 ξηρᾶς
1660 2017 1750 2070 τὸν

159 2112 294 2167 λαὸν
315 2109 607 2179 ἀγηοχότα,
637 2110 730 2163 καὶ
760 2109 1053 2179 βυθίσαντα
1078 2109 1279 2180 Φαραὼ
1308 2111 1402 2164 καὶ
1436 2112 1561 2174 τοὺς
1588 2113 1752 2179 Αἰγυ-

159 2200 360 2263 πτίους
386 2201 483 2253 καὶ
512 2199 718 2264 πάντας
748 2201 874 2263 τοὺς
904 2202 1034 2271 παρ’
1051 2201 1231 2253 αὐτῶν
1262 2204 1377 2271 μετ’
1398 2202 1574 2255 αὐτῶν
1604 2200 1714 2273 (75)
1732 2218 1744 2231 ο

157 2294 258 2346 τὸν
284 2291 628 2361 γλυκάναντα
659 2292 839 2362 πηγὴν
880 2292 1061 2354 αὐτοῖς
1088 2290 1178 2343 διὰ
1208 2290 1394 2358 ξύλου,
1437 2294 1531 2346 καὶ
1557 2294 1620 2345 ὲκ
1650 2292 1749 2345 πέ-

132 2450 135 2453 _
156 2402 304 2456 τρας
332 2384 640 2455 ἀκροτόμω
663 2384 846 2446 αὐτοῖς
869 2383 1256 2452 προαγαγόντα
1269 2382 1634 2455 ῦδωρδιψῶσι·
1659 2383 1748 2436 τὸν

159 2474 228 2539 ἐξ
246 2473 476 2546 οὐρανοῦ
496 2473 959 2544 μαννοδοτήσαντα
987 2474 1187 2540 αὐτοῖς,
1210 2474 1304 2526 καὶ
1324 2473 1383 2541 ἐξ
1401 2475 1560 2546 ἀέρος
1578 2492 1750 2546 κρεω-

156 2564 476 2636 λογήσαντα
497 2567 542 2597 ³⁸
558 2583 573 2597 ο
604 2566 695 2619 τδν
717 2565 906 2618 στῦλον
922 2566 1093 2637 πυρὸς
1112 2567 1169 2619 ὲν
1194 2568 1349 2619 νυκτὶ
1374 2568 1452 2631 είς
1471 2565 1747 2637 φωτισμὸν

156 2657 263 2713 καὶ
276 2656 501 2729 ὀδηγίαν
515 2657 883 2729 παρεχόμενον
903 2658 1104 2723 αὐτοῖς,
1122 2658 1216 2711 καλ⁸
1230 2657 1419 2711 στῦλον
1434 2659 1659 2729 νεφέλης
1670 2658 1749 2721 είς

158 2748 662 2820 σκιασμὸνὴμέρας
688 2748 776 2801 διὰ
795 2748 887 2802 τὸν
917 2747 976 2813 ἐξ
1003 2748 1152 2819 ἡλίου
1170 2750 1430 2821 φλογμὸν·
1464 2750 1554 2802 τὸν
1584 2751 1747 2821 νόμον

153 2841 302 2893 Θεοῦ
316 2842 381 2894 ὲκ
402 2842 667 2913 στόματος
685 2842 778 2894 καί
788 2843 970 2913 χειρὸς
999 2843 1093 2895 καὶ
1104 2843 1320 2913 γραφῆς
1333 2841 1465 2895 Θεοῦ
1496 2843 1554 2895 ὲν
1585 2841 1747 2908 πλαξὶ

154 2931 395 2995 λιθίναις
424 2933 828 3004 κεκολαμμένον
846 2934 1257 3004 παρασχόμενον
1278 2935 1479 3001 αὐτοῖς,
1539 2936 1743 2989 τελείου

151 3022 402 3095 ἀριθμοῦ
433 3025 757 3093 Δεκάλογονσ
800 3019 843 3093 ᾧ
869 3028 896 3079 ὁ
920 3026 1048 3089 Θεὸς
1071 3025 1300 3090 ὲνώπιος
1327 3026 1542 3098 ὲνωπίῳ
1570 3029 1746 3099 ὁμιλεί

1854 1933 2024 1989 aquas
2047 1918 2177 1974 hinc
2211 1918 2340 1974 inde
2370 1919 2721 1985 distraxerat,
2746 1929 2801 1977 et
2836 1923 3095 1991 populum
3122 1937 3219 1994 per
3251 1924 3427 1980 undas

1850 2010 2006 2081 quasi
2034 2026 2131 2079 per
2155 2010 2507 2066 solitudinem
2532 2013 2733 2066 siccam
2754 2004 3071 2078 duxerat,et
3089 2013 3427 2069 Pharaonem

1851 2115 1916 2154 ac
1944 2099 2233 2173 Egyptios
2254 2110 2617 2173 ceteramque
2638 2104 2856 2157 turbam
2874 2119 2980 2158 una
3009 2105 3425 2175 demerserat";

1850 2192 1943 2261 qui
1975 2208 2071 2262 per
2094 2193 2302 2263 lignum
2334 2194 2416 2249 eis
2438 2193 2643 2249 fontem
2667 2194 2980 2251 reddiderat
3007 2196 3246 2259 dulcem,
3278 2210 3332 2251 et
3360 2213 3426 2252 ex

1850 2290 2001 2353 petra
2022 2283 2160 2338 dura
2194 2284 2506 2341 sitientibus
2533 2286 2795 2341 elicuerat
2821 2302 3017 2357 aquam
3046 2288 3133 2354 ³³;
3166 2288 3258 2359 qui
3292 2290 3426 2359 ipsis

1850 2390 2105 2428 mannam
2137 2391 2168 2431 e
2199 2376 2341 2431 ccelo
2365 2376 2610 2441 dederat,
2636 2385 2689 2432 et
2712 2393 2778 2431 ex
2806 2394 2931 2433 aere
2956 2394 3152 2433 carnes
3185 2380 3424 2450 college-

1848 2467 2012 2534 rat“;
2032 2468 2123 2538 qui
2142 2467 2413 2523 tribuerat
2434 2468 2543 2524 illis
2572 2468 2640 2524 de
2665 2476 2827 2525 nocte
2862 2470 3170 2525 columnam
3200 2472 3342 2541 ignis
3359 2471 3427 2541 ⁸⁵,

1848 2558 1904 2611 in
1926 2559 2381 2614 illuminationem
2409 2574 2473 2614 ac
2501 2558 2909 2625 deductionem,
2939 2569 2995 2617 et
3018 2562 3085 2617 de
3106 2562 3193 2617 die
3216 2563 3430 2617 colum-

1847 2666 1972 2703 nam
2005 2650 2190 2715 nubis,
2237 2651 2289 2703 in
2344 2649 2724 2705 umbraculum
2770 2652 3033 2708 adversus
3079 2654 3212 2709 solis
3267 2655 3430 2709 ardo-

1847 2758 1960 2797 rem
1987 2742 2033 2773 "
2052 2760 2068 2809 ;
2093 2742 2184 2812 qui
2218 2743 2388 2813 legem
2424 2742 2519 2797 Dei
2546 2758 2613 2799 ex
2645 2759 2741 2799 ore
2786 2752 2841 2799 et
2868 2760 3033 2799 manu
3058 2754 3115 2800 et
3151 2747 3427 2817 scriptura

1847 2832 1939 2889 Dei
1965 2835 2020 2888 in
2044 2835 2245 2890 tabulis
2276 2836 2503 2906 lapideis
2528 2836 2798 2907 sculptam
2828 2837 2910 2892 eis
2944 2838 3274 2907 praebuerat,
3305 2855 3422 2911 per-

1846 2926 1970 2981 fecti
2002 2928 2216 2982 numeri
2248 2927 2576 2999 Decalogum
2596 2929 2645 2960 ⁸⁸
2675 2945 2688 2981 :
2730 2943 2854 2984 cum
2881 2946 2990 3000 quo
3022 2929 3164 2985 Deus
3196 2931 3334 2987 facie
3358 2934 3427 2988 ad

1846 3018 2039 3075 faciem
2078 3020 2517 3091 colloquebatur,
2571 3021 2717 3076 sicut
2770 3022 2968 3092 aliquis
3018 3024 3333 3093 loqueretur
3357 3025 3426 3080 ad

152 3114 486 3189 [Ῑ.ὠμίλει],
510 3117 638 3170 ὡσεί
666 3134 751 3181 τις
778 3118 1007 3190 λαλῆσαι
1037 3118 1174 3191 πρὸς
1202 3118 1396 3173 ἑαυτοῦ
1414 3120 1583 3188 φίλον
1613 3125 1742 3195 περὶ⁴

1851 3112 2079 3167 amicum
2112 3129 2270 3169 suum
2303 3113 2463 3180 ";ac
2486 3113 2555 3167 de
2574 3128 2683 3183 quo
2711 3112 2846 3168 dixit
2880 3134 2891 3168 :
2918 3133 2935 3165 ι
2962 3112 3027 3167 Et
3057 3130 3163 3168 non
3188 3117 3427 3170 surrexit

150 3200 223 3260 οὗ
238 3202 407 3259 εἶπεν⁸
422 3227 439 3257 ι
450 3209 560 3260 Καὶ
576 3209 674 3261 οὑκ
686 3208 882 3281 ἀνέστη
898 3212 1186 3283 προφήτης
1204 3211 1281 3274 ὡς
1293 3212 1515 3282 Μωσῆς.
1532 3233 1549 3263 ι
1560 3213 1743 3285 Τούτῳ

154 3298 542 3368 ἐπανέστησαν
571 3300 618 3351 οἱ
646 3302 906 3371 Κορεῖται
930 3303 1024 3354 καὶ
1044 3303 1093 3354 οἱ
1122 3302 1463 3373 Ῥουϐηνῖται
1483 3306 1656 3369 ",xa‘t
1675 3305 1745 3357 λί-

153 3387 291 3451 θυυς
314 3387 538 3441 ἔϐαλλον
551 3392 691 3444 κατά
703 3392 794 3443 τοῦ
809 3394 1053 3456 Μωσέως
1066 3393 1177 3465 (76)
1193 3397 1630 3467 προσευχομένου
1650 3400 1745 3452 καὶ⁵

151 3479 434 3548 λέγοντος·
472 3500 490 3530 ι
520 3482 611 3553 Μὴ
638 3483 882 3555 πρόσχῃς
912 3487 990 3548 εἰς
1014 3485 1111 3556 τὴν
1147 3484 1335 3539 θυσίαν
1370 3488 1566 3542 αὐτῶν.
1600 3509 1618 3540 ι
1637 3492 1746 3545 Καὶ

154 3569 390 3639 ὀφθεῖσα
418 3573 450 3641 ἡ
475 3572 601 3637 δόξα
621 3574 714 3628 τοῦ
753 3575 908 3641 Θεοῦ,
924 3577 1048 3639 τοὺς
1073 3577 1170 3647 μὲν
1183 3579 1262 3640 εἰς
1287 3577 1391 3648 γῆν
1413 3581 1741 3650 κατήνεγκε,

153 3661 289 3724 τοὺς
312 3661 370 3714 δὲ
394 3663 529 3733 πυρὶ
556 3665 852 3733 κατέφλεξε
869 3683 881 3695 ο
906 3667 999 3720 καὶ⁵
1030 3665 1173 3719 οὕτω
1202 3670 1328 3732 τοὺς
1344 3670 1619 3741 ἀρχηγοὺς
1648 3672 1745 3743 τῆς

156 3752 377 3823 πλάνης
402 3753 496 3806 τοῦ
532 3755 863 3827 σχίσματος,
903 3758 1192 3827 λέγοντας·
1236 3779 1253 3813 ι
1286 3761 1475 3833 Δῶμεν
1504 3762 1745 3835 ἀρχηγὸν

154 3844 398 3907 ἑαυτοῖςο
441 3865 459 3895 ι
494 3845 704 3915 ἦνοιξεν
739 3849 771 3919 ἡ
804 3848 874 3920 γῆ
902 3849 964 3902 τὸ
985 3850 1159 3922 στόμα
1188 3852 1357 3923 αὐτῆς
1379 3856 1471 3908 καὶ
1487 3855 1745 3910 κατέπιεν

154 3935 384 4001 αὐτοὺς,
408 3936 631 4002 καὶτὰς
672 3940 877 4012 σκηνάς
918 3941 1117 4008 αὐτῶν,
1157 3943 1249 3998 καὶ
1289 3946 1388 4017 τὴν
1433 3947 1744 4020 ἀποσκευὴν

155 4026 366 4093 αὐτῶν,
389 4029 481 4081 καὶ
511 4029 775 4101 κατῆλθον
804 4033 884 4096 είς
913 4031 1041 4103 ᾅδου
1071 4032 1298 4099 ζῶντες·
1323 4038 1450 4101 τοὺς
1475 4038 1532 4091 δὲ
1561 4040 1747 4112 Κορεί-

154 4135 261 4181 τας
279 4118 532 4173 ἀπώλεσε
561 4121 650 4174 διὰ
668 4124 858 4195 πυρός.

711 4238 1108 4294 ΚΕΦΑΛΑΙΟΝ
1144 4242 1219 4295 Δ¹.

1844 3205 2106 3274 propheta
2131 3205 2273 3259 sicut
2302 3203 2552 3260 Moses".
2575 3224 2594 3257 ι
2632 3205 2907 3262 Adversus
2938 3207 3083 3261 hunc
3116 3207 3427 3263 insurrexe-

1845 3304 1973 3349 runt
2009 3295 2212 3350 Coritae
2254 3304 2310 3351 et
2357 3295 2676 3365 Rubenitze;
2724 3305 2779 3352 et
2829 3298 3035 3367 lapides
3080 3298 3335 3368 iecerunt
3368 3300 3424 3354 in

1846 3387 2046 3443 Mosem
2064 3388 2109 3418 ⁶²
2139 3396 2382 3442 orantem
2414 3404 2478 3442 ac
2498 3389 2803 3444 dicentem:
2833 3408 2850 3440 ι
2871 3388 2947 3444 Ne
2968 3390 3215 3445 attendas
3240 3391 3307 3445 ad
3337 3408 3427 3447 sa-

1844 3481 2109 3535 crificium
2153 3481 2404 3535 eorum“
2432 3500 2451 3534 ι
2497 3498 2509 3533 :
2552 3489 2606 3537 et
2654 3482 2827 3553 gloria
2870 3482 2963 3538 Dei
3004 3499 3125 3554 qua:
3151 3486 3420 3554 apparuit,

1845 3573 1982 3628 alios
2010 3573 2231 3642 quidem
2261 3573 2316 3627 in
2345 3581 2547 3627 terram
2584 3574 2793 3639 intulit,
2828 3575 2967 3630 alios
2996 3591 3125 3630 vero
3148 3577 3417 3646 ignecon-

1846 3665 2080 3734 sumpsit
2113 3683 2127 3719 :
2177 3671 2341 3737 atque
2389 3664 2464 3719 ita
2493 3666 2702 3722 erroris
2735 3666 3075 3724 schismatici
3130 3669 3422 3738 magistros

1846 3769 1911 3809 ac
1936 3755 2318 3826 ductores,qui
2347 3756 2593 3813 dixerant
2621 3775 2633 3809 :
2667 3777 2685 3809 ι
2711 3757 3119 3814 Constituamus
3142 3760 3297 3815 nobis
3319 3762 3418 3814 du-

1849 3863 1965 3902 cem
1982 3848 2031 3881 ’⁵⁵
2051 3889 2066 3915 ,
2090 3867 2108 3899 ι
2138 3855 2307 3911 terra,
2340 3855 2529 3918 aperto
2558 3850 2682 3904 sinu
2713 3866 2814 3905 suo
2836 3851 3133 3914 devoravit,
3167 3867 3271 3905 una
3293 3867 3416 3906 cum

1848 3936 2222 3995 tabernaculis
2268 3953 2333 3994 ac
2381 3940 2718 4011 supellectile
2744 3957 2958 4005 eorum,
2988 3941 3419 3997 descenderunt-

1847 4047 1953 4100 que
1983 4031 2038 4084 in
2068 4031 2343 4086 infernum
2371 4032 2481 4086 vivi
2507 4051 2520 4086 :
2553 4031 2771 4089 Coritas
2802 4049 2929 4089 vero
2952 4049 3051 4104 per
3076 4034 3251 4104 ignem
3274 4034 3417 4092 Dens

1848 4136 2066 4190 pessum
2085 4122 2254 4179 dedit.

2442 4233 2673 4292 CAPUT
2713 4236 2803 4292 ιν.

157 4322 285 4377 Ὅτι
301 4324 631 4410 ἀετοσχζζεέ,
646 4330 757 4410 οὐχ
775 4330 807 4382 ό
826 4330 943 4410 τῶν
953 4330 1192 4410 ἀρέϐῶνξ
1196 4332 1596 4404 χωριζόμενος,
1610 4336 1747 4392 ἀλλ’

1851 4326 2002 4393 Quod
2022 4328 2251 4383 schisma
2278 4328 2558 4410 [acia-non
2582 4328 2673 4409 qui
2698 4341 2909 4410 separat
2934 4346 2988 4383 se
3020 4329 3083 4383 ab
3106 4332 3302 4399 impiis,
3326 4333 3415 4386 sed

487 4400 522 4449 ὁ
544 4396 662 4450 τῶν
688 4399 954 4452 εὐσεϐῶν
973 4396 1410 4471 ἀεριστάιρεἱίεος.⁷
1551 4396 1593 4402 ”

2279 4396 2289 4399 ⁷
2358 4400 2447 4468 qui
2475 4417 2507 4451 α
2538 4396 2640 4466 piis
2670 4396 2922 4453 abscedit.

232 4485 296 4538 Ei
317 4482 411 4539 οῦν
439 4491 554 4551 τοῖς
578 4488 668 4542 διὰ
697 4490 986 4562 φιλαρχίαν
1014 4493 1398 4563 ἀποσχίσασιν,
1427 4496 1742 4566 παραυτίκα

1918 4489 1975 4544 Si
2008 4506 2138 4560 ergo
2183 4491 2420 4547 schisma
2481 4504 2577 4559 per
2625 4489 2975 4544 ambitionem
3025 4488 3413 4558 conﬂantibus,

148 4574 294 4638 Θεὸς
346 4578 595 4648 ἐπήγαγε
653 4581 752 4652 τὴν
803 4582 1074 4654 τιμωρίαν
1098 4624 1115 4650 ,
1173 4585 1329 4656 πόσῳ
1377 4586 1574 4657 μᾶλλον
1629 4590 1742 4651 τοῖς

1851 4581 1991 4637 Deus
2017 4582 2305 4637 confestim
2348 4581 2678 4652 supplicium
2732 4582 2950 4648 intulit;
3005 4591 3210 4651 quanto
3242 4586 3417 4654 magis

149 4665 427 4735 αἱρέσεων
454 4670 664 4724 ἀσεϐῶν
711 4673 1223 4745 καθηγησαμένοις;
1255 4676 1330 4729 Οὐ
1377 4678 1743 4749 σφοδροτέραν

1851 4674 2135 4729 ὴωιεείιιιιι
2168 4675 2457 4744 impiarum
2496 4672 2854 4729 auctoribus?
2888 4672 3077 4729 Nonne
3122 4675 3416 4729 vehemen-

150 4757 353 4823 ἑπάξει
378 4760 481 4830 τὴν
507 4761 648 4815 τίσιν
677 4762 1087 4836 βλασφημοῦσιν
1106 4766 1269 4820 αὐτοῦ
1291 4768 1546 4838 πρόνοιαν
1575 4768 1608 4840 ἢ
1640 4770 1740 4840 τὴν

1851 4767 2040 4821 liorem
2073 4767 2293 4822 inducet
2321 4765 2618 4820 vindictam
2661 4766 2715 4820 in
2745 4780 2841 4820 eos
2887 4765 2980 4835 qui
3012 4765 3414 4836 providentiam

230 4940 277 4973 ³⁸
303 4940 376 5012 al.
407 4942 474 4995 δι’
518 4944 699 4997 αὐτόν.
778 4946 819 4978 ³⁸
841 4945 1123 5012 Num.xn,
1153 4947 1208 5001 5.
1285 4947 1329 4977 ³²
1352 4945 1523 5001 Exod.
1550 4961 1649 5010 vn,
1681 4946 1734 5002 8.

1851 4950 1854 4974 ¹
1886 4944 2057 4998 Exod.
2109 4961 2197 5008 xv,
2229 4945 2321 4998 ‘25.

155 5010 248 5064 14.
327 5010 371 5041 ³⁸
392 5015 462 5067 al.
484 5015 961 5087 νκρεωὼτήσαπα,
1010 5010 1193 5071 sicel
1230 5016 1366 5069 alter
1407 5017 1532 5087 cod.
1573 5016 1735 5087 Vind.

1851 5016 1889 5049 "’
1916 5014 2087 5087 Exod.
2122 5030 2244 5077 xm,
2300 5014 2390 5087 ‘2l.

153 5095 372 5205 XXIII4I,
436 5082 547 5139 11.⁷
629 5084 673 5116 ⁸ο
707 5082 860 5140 Deut.
914 5102 1102 5153 χχχιιι,
1140 5086 1230 5141 il).
1305 5086 1439 5139 “al.
1486 5086 1747 5159 Ῥουὸηλῖί

155 5166 281 5215 xw,
351 5192 364 5207 .

1851 5126 1854 5138 .
1914 5086 1957 5116 ’⁸³
1995 5082 2155 5137 Num.
2209 5101 2315 5148 xw,
2372 5085 2458 5138 ID.

2424 4944 2467 4976 ³⁵
2494 4942 2660 4997 Exod.
2711 4957 2823 5006 χιιι,
2872 4944 2924 4996 4.
3002 4944 3045 4976 ³⁸
3075 4942 3245 4999 Exod.
3292 4961 3407 5006 xvi,

2484 5015 2529 5045 ³⁸
2559 5012 2728 5065 Exod.
2775 5029 2925 5075 xui,
2963 5015 3051 5068 i8.
3159 5015 3202 5047 ἰ’
3239 5013 3406 5067 Exod.

2561 5083 2605 5113 ”
2631 5082 2791 5136 Num.
2820 5085 3047 5151 xv1,l5.
3156 5085 3201 5115 δ”
3236 5083 3402 5139 Num.

1504 5261 1865 5320 VARIORUM
1895 5264 2128 5320 ΝΟΤᾸΞ.

231 5397 345 5472 (75)
382 5397 497 5472 Καὶ
515 5398 843 5472 ᾐτίμηοῄαν.
890 5396 1013 5472 Haec
1038 5404 1097 5472 et
1141 5403 1631 5472 quae_sequuntul_',
1667 5396 1734 5450 ad

1851 5411 1961 5472 esse
1975 5398 2191 5472 prioris
2216 5398 2563 5472 emendatio.
2577 5397 2715 5472 Cor.

154 5464 274 5525 haec
295 5464 462 5539 ᾔει-ιη
478 5483 493 5516 :
512 5468 590 5539 [Τῇ
622 5464 750 5539 παρ’
772 5467 965 5520 ἑαυτοῦ
986 5466 1242 5536 ὁσιότητιο
1263 5465 1460 5520 desunt
1484 5466 1538 5520 in
1563 5465 1734 5521 altero

1851 5537 1857 5539 γ
1908 5464 2020 5539 (76)
2059 5467 2398 5539 Καίᾲλίθους
2426 5469 2687 5539 Mentior
2710 5468 2859 5539 κατὰ
2899 5470 3005 5523 τοῦ
3029 5467 3304 5539 Μωσέως.
3335 5464 3396 5539 in

153 5535 713 5608 mammam;
880 5607 885 5608 ν
1027 5606 1037 5608 _
1143 5535 1163 5608 ς
1566 5607 1571 5608 ,

1851 5535 2090 5608 loSepho,
2139 5537 2247 5608 lib;
2274 5552 2327 5588 iv
2371 5552 2489 5608 cap.
2532 5537 2611 5591 ει
2649 5540 2756 5591 Καὶ
2802 5538 3014 5608 βάλλειν
3059 5538 3149 5608 τὸν
3194 5537 3398 5608 Ms

229 5607 342 5678 (74)
388 5607 497 5662 Τὸν
522 5606 615 5660 ἐπ’
637 5607 994 5677 Αἰγυπτίους
1013 5605 1393 5678 δεκάπληγον
1419 5607 1723 5672 πεπληρω-

1851 5607 2181 5678 ὒρμήκεσαν.
2208 5605 2351 5678 Tunc
2379 5605 2554 5678 itaque
2573 5605 2831 5678 populus,
2865 5610 2937 5660 ait
2963 5606 3191 5678 Rufinus
3228 5605 3398 5660 inter-

152 5674 331 5732 xd'm.
358 5678 565 5732 Desunt
596 5679 649 5734 in
676 5674 855 5747 altero
880 5679 1002 5731 cod.
1036 5675 1293 5747 YindLlu.
1379 5744 1389 5747 Α
1555 5743 1604 5747 η
1834 5674 2056 5738 omni
2077 5677 2236 5732 etiam
2264 5674 2449 5731 Mosen
2488 5674 3145 5747 lapidaretagyressuseu.
3180 5676 3256 5730 ιι.

226 5749 344 5818 (75)
383 5750 525 5817 [Iap'
544 5746 740 5802 αὐτῶν
758 5749 885 5819 μετ’
913 5745 1127 5802 αὐτῶν.
1180 5744 1462 5802 Posterius
1518 5743 1731 5800 videtur
