3876 6188
1328 316 1404 375 ’5.
1439 314 1828 376 CLEMENTIS
1857 314 1879 368 1
1911 311 2079 369 ROM.
2115 312 2319 370 PONT.
2354 312 2582 370 OPERA
2617 312 2823 370 DUBlA

3638 308 3753 367 M6

512 444 635 513 ejus
657 445 752 494 aut
769 434 1098 492 creationem
1124 430 1505 503 blasphemant
1519 430 1542 483 ἲ
1554 429 1622 483 At
1641 444 1763 489 vos.
1782 427 2000 489 fratres,
2014 439 2079 479 ex

2186 423 2579 497 δημιουργίαν;
2638 426 2772 477 Ἀλλ’
2795 424 2971 496 ὑμεῖς,
3021 423 3255 494 ἀδελφοὶ,
3283 423 3347 477 ὲκ
3388 422 3489 495 τῆς
3526 423 3757 496 Γραφῆς

518 533 803 603 Scriptura
844 526 1065 590 eruditi,
1098 534 1285 580 cavete
1320 538 1388 578 ne
1433 522 1752 592 opinionum
1782 518 2081 575 schismata

519 623 754 690 faciatis,
810 634 989 690 neque
1010 632 1141 673 vero
1170 615 1399 670 unitatis
1420 621 1614 669 vestra:
1644 632 1656 667 :
1689 611 1948 682 quoniam
1987 609 2080 679 qui

516 715 741 772 nefaria:
784 711 1029 782 opinioni
1054 708 1329 779 principes
1357 722 1417 762 se
1452 705 1823 776 praebuerunt,
1863 702 2081 772 p0pulis

515 808 887 880 speculatores
917 804 984 859 ad
1015 802 1373 874 perditionem
1414 802 1851 855 constituuntur.
1876 794 2081 850 Simili-

513 909 600 955 ter
617 906 671 954 et
689 913 807 962 vos,
828 896 975 958 laici,
994 896 1064 949 iis
1077 894 1170 964 qui
1185 894 1464 947 contraria
1478 892 1574 947 Dei
1594 891 1842 947 consiliis
1857 890 2083 944 tradunt

513 992 766 1063 dogmata
791 1004 862 1045 ne
907 987 1200 1051 acoedatis,
1236 1001 1336 1041 nec
1385 985 1683 1056 impietatis
1719 998 1909 1039 eorum
1937 982 2081 1039 iiatis

512 1083 837 1153 participes;
874 1080 950 1134 ait
965 1078 1266 1135 enimDeus
1294 1093 1347 1133 τι
1372 1076 1757 1148 Disjungimini
1799 1076 1867 1131 de
1904 1076 2081 1131 medio

511 1176 705 1229 horum
734 1174 1078 1234 virorum.ne
1106 1186 1230 1226 cum
1257 1171 1339 1227 eis
1366 1171 1602 1241 pereatis
1618 1170 1693 1231 “:
1724 1189 1742 1221 ι
1760 1177 1815 1225 et
1843 1170 2074 1224 iterum:

517 1269 703 1323 «Exite
716 1267 782 1323 de
794 1267 974 1321 medio
985 1280 1195 1330 eorum,
1214 1262 1565 1334 separamini,
1579 1262 1713 1317 dicit
1725 1262 2007 1326 Dominus;
2027 1268 2081 1317 et

511 1359 849 1414 immundum
875 1373 945 1413 ne
976 1357 1293 1427 tetigeritis;
1326 1364 1381 1410 et
1399 1370 1501 1426 ego
1541 1354 1799 1424 recipiam
1833 1368 1931 1408 vos
1955 1354 2022 1406 ⁸⁸.
2055 1372 2073 1405 ι

1124 1445 1352 1502 CAPUT
1401 1445 1462 1501 V.

508 1544 629 1611 Qua
674 1543 739 1596 de
784 1557 948 1595 causa
990 1540 1209 1609 rejectus
1263 1539 1442 1607 fuerit,
1480 1538 1730 1611 quifaito
1779 1542 2079 1611 nominatur

577 1612 785 1676 Israel,
824 1608 1201 1665 demonstratio
1257 1624 1322 1663 ex
1377 1608 1688 1677 propheticis
1743 1610 2077 1678 prwdicatio—

576 1683 753 1739 nibus.

2183 517 2575 588 παιδευόμενοι,
2597 516 2931 587 φυλάσσεσθε
2966 516 3039 588 μὴ
3060 519 3229 569 ποιεῖν
3256 514 3325 569 τά
3357 516 3636 587 σχίσματα
3654 516 3758 587 τῆς

2181 608 2405 682 γνώμης
2433 610 2565 682 (77),
2598 610 2731 681 μήτε
2763 610 2866 680 μὴν
2886 609 2983 680 τῆς
3011 606 3256 671 ὲνώσεως
3286 606 3471 677 ὑμῶν·
3504 608 3591 660 ὅτι
3626 625 3758 660 σκο-

2182 704 2276 755 ποὶ
2303 702 2577 765 ἀπωλείας
2603 704 2651 755 οἱ
2665 702 2823 772 δόξης
2838 701 3098 772 ἀθεμίτου
3116 700 3377 772 ἄρξαντες
3390 700 3757 753 καθίστανται

2180 798 2293 859 τοῖς
2310 796 2477 860 λαοῖς.
2513 794 2743 866 Ὁμοίως
2765 796 2860 848 κα).
2892 796 2942 847 οί
2979 795 3176 858 λαῖκοὶ,
3202 796 3315 856 τοῖς
3342 796 3408 864 τῇ
3427 791 3632 863 γνώμῃ
3658 790 3758 845 τοῦ

2181 887 2313 941 Θεοῦ
2342 888 2555 941 ἐναντία
2581 888 2937 959 δογματίσασι
2969 887 3042 959 μὴ
3080 886 3424 957 πλησιάζετε,
3460 885 3604 957 μηδὲ
3636 902 3759 937 κοι-

2180 980 2336 1033 νωνοὶ
2358 982 2457 1050 τῆς
2487 979 2737 1044 ἀσεϐείας
2764 980 2940 1033 αὐτῶν
2972 978 3211 1048 γίνεσθε·
3229 978 3375 1045 λέγει
3394 977 3504 1047 γὰρ
3531 980 3562 1031 ὁ
3585 976 3722 1040 Θεός
3740 993 3756 1007 ·

2166 1072 2580 1144 «Ἀποσχίσθητε
2626 1074 2691 1126 ὲκ
2723 1073 2887 1143 μέσου
2917 1072 3023 1125 τῶν
3051 1070 3259 1143 ἀνδρῶν
3282 1070 3507 1136 τούτων,
3543 1070 3638 1123 ἵνα
3680 1071 3758 1140 μὴ

2183 1165 2549 1236 συναπόλησθε
2579 1166 2779 1229 αὐτοῖς·
2796 1184 2813 1216 ι
2839 1164 2931 1219 καὶ
2950 1164 3160 1218 πάλινοι
3184 1164 3452 1231 Ἐξέλθετε
3482 1164 3552 1216 ὲκ
3585 1164 3757 1234 μέσου

2180 1257 2377 1325 αὐτῶν,
2397 1258 2746 1329 ἀφορίσθητε,
2777 1258 2921 1326 λέγει
2949 1258 3170 1329 Κύριος,
3201 1258 3293 1311 καὶ
3335 1256 3653 1329 ἀκαθάρτου
3679 1256 3760 1327 μὴ

2181 1351 2414 1405 ἅπτεσθε
2434 1395 2449 1419 ,
2480 1351 2635 1420 κάγὼ
2661 1351 2964 1422 εἰσδέξομαι
2984 1352 3145 1421 ὑμᾶς.
3188 1370 3206 1402 ι

2700 1444 3092 1499 ΚΕΦΑΛᾹΙΟΝ
3130 1441 3208 1495 E'.

2186 1538 2227 1588 Τ
2224 1536 2375 1621 ἱνος.
2394 1534 2587 1621 χιξριν-
2617 1535 2922 1621 ἀπεϐλήθη
2969 1539 3003 1589 ό
3042 1534 3432 1621 ᾐευδὼνηεέιος
3473 1533 3758 1602 Ἰσραὴλ,

2343 1606 2644 1673 ἀπόδειξις
2670 1608 2739 1660 ἐκ
2764 1606 3141 1675 προφητικῶν
3167 1606 3571 1674 προρῤήσεοη·.

579 1775 720 1831 Vere
751 1774 898 1830 enim
927 1771 1168 1843 fugiendi
1199 1779 1350 1837 sunt,
1390 1770 1483 1844 qui
1534 1770 1645 1827 Deo
1682 1771 2073 1843 blasphemiam

2243 1764 2524 1818 Φευκταῖοι
2552 1764 2660 1838 γάρ
2688 1767 2823 1819 εἰσιν
2849 1766 2925 1830 ὡς
2965 1766 3177 1838 ἀληθῶς
3217 1767 3267 1820 οἱ
3306 1763 3763 1836 βλασφημοῦντες

505 1864 768 1923 inferunt.
818 1863 1097 1935 Siquidem
1158 1863 1450 1934 impiorum
1514 1864 1924 1934 quamplurimi,
1980 1864 2075 1920 Dei

504 1957 811 2028 ignorantia
836 1963 1091 2011 tenentur
1122 1974 1135 2009 :
1173 1963 1229 2009 at
1255 1954 1310 2008 hi
1342 1955 1498 2010 mala:
1537 1956 1735 2011 mentis
1762 1956 1896 2010 vitio
1926 1957 2077 2011 labo-

503 2054 650 2111 rant,
677 2055 935 2117 tanquam
962 2045 1055 2102 Dei
1086 2046 1293 2102 hostes.
1330 2044 1465 2101 Nam
1507 2062 1575 2102 ex
1619 2047 1824 2102 malitia
1861 2047 2075 2103 haereti—

504 2153 703 2194 corum
736 2155 753 2190 ι
786 2152 1005 2208 egressa
1034 2145 1116 2192 est
1140 2137 1367 2207 pollutio
1391 2137 1444 2191 in
1467 2152 1681 2193 omnem
1706 2146 1929 2204 terram,
1971 2159 1989 2193 ι
2016 2148 2075 2194 ιιι

500 2230 579 2287 ait
606 2228 869 2286 Jeremias
895 2228 1155 2300 propheta
1186 2228 1252 2271 ⁵⁷·
1284 2226 1532 2299 improba
1561 2230 1760 2300 quippe
1792 2228 2074 2301 Synagoga

500 2322 786 2395 repudiata
817 2336 849 2376 a
875 2320 1105 2375 Domino
1138 2319 1269 2384 Deo,
1302 2329 1357 2376 et
1388 2320 1600 2391 abiecta
1642 2322 1710 2376 ab
1755 2323 1947 2377 eodem
1977 2322 2076 2378 do-

499 2430 593 2471 mo
614 2413 692 2481 “;
722 2412 1181 2485 quemadmodum
1212 2413 1449 2482 quodam
1478 2412 1533 2467 in
1565 2414 1686 2467 loco
1711 2412 1845 2469 dicit
1876 2434 1889 2468 :
1927 2433 1946 2467 ι
1976 2414 2078 2472 Re-

500 2506 637 2577 liqui
660 2506 883 2560 domum
914 2520 1112 2569 meam,
1138 2503 1319 2560 dimisi
1347 2505 1716 2561 haareditatem
1747 2523 1921 2563 meam
1942 2508 2017 2575 ";
2051 2528 2070 2561 ι

497 2606 555 2654 et
584 2599 783 2654 iterum
839 2596 1047 2653 lsaias:
1090 2615 1108 2647 ‹
1148 2595 1402 2652 Deseram
1442 2598 1651 2653 vineam
1683 2615 1857 2655 meam
1890 2609 1944 2656 et
1966 2618 2074 2657 non

499 2690 802 2763 putabitur,
829 2704 1008 2759 neque
1039 2688 1308 2756 fodietur;
1347 2698 1402 2745 et
1443 2692 1698 2746 ascendet
1728 2691 1783 2747 in
1810 2706 1929 2747 eam
1950 2700 2075 2749 tan-

497 2796 664 2852 quam
698 2781 753 2835 in
786 2788 989 2836 terram
1020 2780 1283 2835 incultam
1324 2781 1514 2851 spina;
1543 2788 1599 2836 et
1642 2782 1879 2839 nubibus
1919 2799 2072 2840 man-

497 2872 665 2937 dabo,
696 2888 764 2928 ne
794 2873 987 2943 pluant
1018 2872 1073 2927 in
1102 2888 1221 2928 eam
1257 2873 1487 2928 imbrem
1516 2874 1595 2941 ⁸⁶;
1630 2892 1648 2925 ι
1683 2874 1961 2940 derelicto,
1990 2876 2073 2932 in-

495 2980 686 3036 quam,
731 2965 954 3037 populo,
991 2965 1165 3020 instar
1210 2965 1548 3022 tabernaculi
1580 2968 1635 3022 in
1684 2968 1862 3036 vinea,
1890 2976 1946 3023 et
1990 2970 2073 3024 in-

496 3067 613 3114 star
636 3058 866 3128 pomarii
898 3058 953 3113 in
982 3059 1379 3122 cucumerario,
1410 3067 1464 3114 et
1493 3059 1669 3115 instar
1699 3061 1939 3118 civitatis
1974 3062 2073 3117 ob-

2173 1853 2323 1908 Θεόν.
2378 1857 2443 1908 Οἱ
2498 1857 2596 1927 μὲν
2652 1856 2760 1929 γὰρ
2811 1858 3048 1911 πλεῖστοι
3099 1858 3207 1911 τῶν
3257 1856 3467 1911 ἀσεϐῶν
3525 1857 3763 1923 ἄγνοιαν

2175 1947 2353 2019 ἔχουσι
2398 1948 2551 2002 Θεοῦ·
2596 1940 2739 2003 οὗτοι
2782 1950 2838 2003 δὲ
2866 1950 3149 2003 κακόνοιαν
3176 1950 3253 2013 ὡς
3280 1948 3535 2019 θεομάχοι
3566 1946 3764 1999 νοσοῦ-

2177 2056 2279 2093 σιν.
2315 2041 2409 2094 Ἐκ
2435 2040 2542 2114 γάρ
2567 2042 2667 2112 τῆς
2687 2044 2883 2105 κακίας
2900 2043 3006 2096 τῶν
3025 2042 3356 2115 αἱρεσιωτῶν
3374 2041 3486 2111 (78)
3513 2060 3532 2090 ι
3559 2039 3763 2111 ἐξῆλθε

2178 2132 2424 2204 μόλυσμα
2452 2134 2545 2188 ἐπὶ
2574 2136 2752 2188 πᾶσαν
2780 2135 2877 2206 τὴν
2905 2135 3030 2205 γῆν,
3071 2153 3089 2185 ι
3121 2134 3196 2198 ὥς
3224 2149 3385 2205 φησιν
3425 2133 3705 2203 Ἱερεμίας
3733 2134 3765 2187 ὁ

2175 2228 2475 2299 προφήτης.
2531 2226 2951 2299 Ἀποσληθείσης
2993 2227 3102 2300 γάρ
3141 2228 3241 2298 τῆς
3277 2227 3611 2296 Συναγωγῆς
3650 2226 3765 2297 τῆς

2176 2320 2416 2390 πονηρᾶς
2445 2320 2549 2374 ὑπὸ
2576 2320 2782 2391 Κυρίου
2810 2320 2902 2373 τοῦ
2946 2320 3102 2384 Θεοῦ,
3134 2321 3227 2373 καὶ
3265 2319 3360 2373 τοῦ
3396 2321 3549 2372 οἴκου
3580 2322 3763 2391 ἀπορ-

2178 2410 2423 2484 ριφέντος
2450 2411 2540 2464 ὑπ’
2584 2410 2770 2476 αὑτοῦ,
2800 2410 2981 2474 καθώς
3021 2411 3123 2465 πού
3162 2429 3343 2485 φησιν·
3379 2431 3398 2463 ι
3424 2412 3764 2480 Ἐγκαταλέο

2174 2501 2335 2555 λοιπα
2386 2503 2475 2556 τὸν
2502 2499 2646 2557 οἶκόν
2690 2520 2813 2577 μου,
2857 2504 3042 2576 ἀφῆκα
3086 2503 3193 2575 (79)
3239 2505 3339 2577 τὴν
3381 2503 3762 2576 κληρονομίαν

2179 2611 2297 2666 μου·
2356 2612 2375 2645 ι
2420 2595 2514 2647 καὶ
2551 2594 2712 2648 πάλιν
2753 2596 2995 2659 Ἡσαΐας·
3046 2615 3064 2649 ι
3090 2597 3294 2667 Ἀνήσω
3320 2596 3411 2650 τὸν
3448 2597 3763 2667 ἀμπελῶνά

2179 2701 2303 2757 μου,
2333 2684 2427 2738 καὶ
2455 2684 2515 2738 οὑ
2548 2686 2621 2756 μὴ
2651 2685 2830 2757 τμηθῇ
2864 2726 2877 2751 ,
2907 2686 3012 2740 οὐδ’
3041 2688 3102 2741 οὐ
3135 2688 3209 2761 μὴ
3255 2692 3456 2761 σκαφῇ·
3490 2691 3590 2743 καὶ
3619 2691 3759 2743 ἁνα-

2176 2776 2397 2848 6ήσεται
2424 2778 2503 2841 είς
2546 2778 2708 2831 αὐτὸν
2750 2779 2825 2842 ὡς
2864 2781 2945 2843 είς
2990 2781 3183 2851 χέρσον
3220 2781 3447 2836 ἄκανθα·
3498 2784 3599 2836 καὶ
3635 2786 3761 2848 ταῖς

2175 2868 2419 2938 νεφέλαις
2431 2868 2848 2941 ὲντελοῦμαιτοῦ
2865 2872 2938 2945 μὴ
2958 2870 3141 2943 βρέξαι
3156 2874 3234 2935 είς
3248 2872 3411 2926 αὐτὸν
3429 2874 3604 2927 ὑετόν·
3622 2894 3639 2925 ι
3658 2876 3759 2942 ἑγ-

2174 2959 2485 3013 καταλιπὼν
2531 2957 2623 3015 οὖν
2651 2963 2741 3016 τὸν
2782 2962 2929 3028 λαὸν,
2975 2964 3051 3027 ὡς
3092 2965 3294 3038 σκηνὴν
3340 2966 3397 3017 ὲν
3442 2966 3757 3037 ἀμπελῶνι,

2175 3050 2269 3104 καὶ
2295 3050 2371 3114 ὡς
2396 3052 2835 3124 ὀπωροφυλάκιον
2865 3056 2921 3107 ὲν
2952 3056 3233 3130 συκηλάτῳ
3264 3058 3397 3129 (80),
3427 3060 3521 3113 καὶ
3552 3060 3631 3123 ὡς
3658 3064 3761 3114 πό-

494 3117 667 3205 sessa:
692 3150 770 3217 ἰς
800 3150 1158 3220 detractoque
1184 3151 1269 3206 eis
1314 3150 1522 3222 Spiritu
1571 3161 1764 3208 sancto
1807 3168 1870 3209 ac
1900 3153 2072 3209 imbre

2177 3143 2254 3197 λιν
2284 3117 2759 3216 πολιορκουμένην,
2790 3146 3053 3218 περιελὼν
3075 3117 3138 3203 ’δὲ
3165 3117 3399 3221 ἀπ’“(81)
3446 3117 3631 3204 αὐτῶν
3660 3156 3760 3207 καὶ

494 3240 839 3312 prophetico.
872 3241 1120 3311 implevit
1157 3241 1456 3299 Ecclesiam
1505 3258 1661 3299 suam
1701 3245 1877 3315 gratia
1910 3245 2071 3314 spiri-

495 3332 652 3397 tuali,
685 3332 833 3386 velut
862 3332 1084 3390 ﬂuvium
1129 3333 1349 3405 IEgypti
1383 3335 1434 3388 in
1467 3334 1663 3391 diebus
1700 3351 1966 3390 novorum
1998 3336 2067 3400 ⁸⁸,

492 3431 549 3480 et
576 3423 732 3483 valde
760 3425 1019 3480 exaltavit
1060 3440 1202 3490 eam,
1236 3426 1380 3481 sicut
1410 3426 1632 3480 domum
1666 3426 1718 3481 in
1767 3436 1949 3483 monte
1993 3427 2069 3483 si-

496 3516 716 3581 tam,vel
743 3516 885 3573 sicut
908 3526 1147 3573 montem
1174 3519 1475 3582 excelsum,
1509 3518 1654 3574 sicut
1681 3527 1918 3574 montem
1947 3534 2068 3575 coa—

493 3606 740 3676 gulatum
772 3615 825 3663 et
857 3619 1093 3663 montem
1147 3610 1432 3681 pinguem;
1482 3629 1500 3661 ι
1538 3612 1593 3667 in
1639 3626 1749 3681 quo
1804 3612 2064 3682 benepla—

495 3699 664 3755 citum
689 3708 771 3755 est
801 3698 914 3755 Deo
951 3700 1199 3757 habitare
1235 3703 1290 3756 in
1319 3718 1383 3758 eo
1416 3723 1430 3759 :
1462 3705 1663 3759 etenim
1695 3703 1957 3760 Dominus
1990 3706 2067 3761 in-

491 3789 760 3847 habitabit
790 3791 843 3844 in
870 3790 1029 3847 linem
1060 3792 1131 3859 ⁸³;
1173 3812 1190 3843 ι
1225 3800 1278 3848 et
1304 3794 1356 3848 in
1380 3792 1611 3850 Ieremia
1640 3794 1811 3853 dicit:
1845 3816 1863 3848 ι
1896 3796 2065 3853 Thro-

488 3894 599 3936 nus
626 3882 813 3952 gloriae
841 3884 1118 3948 elevatus,
1152 3885 1526 3939 sanctuarium
1559 3894 1808 3941 nostrum
1839 3888 1915 3954 “;
1957 3908 1974 3940 ι
2009 3896 2063 3943 et

499 3973 554 4027 in
605 3973 779 4028 Isaia:
820 3992 838 4026 ι
882 3974 950 4033 Ει
995 3977 1129 4039 erit.
1177 3979 1376 4051 inquit,
1422 3983 1476 4037 in
1523 3986 1838 4044 novissimis
1879 3987 2075 4047 diebus

495 4063 823 4121 manifestus
866 4082 1026 4123 mons
1077 4067 1316 4136 Domini,
1365 4082 1418 4128 et
1459 4075 1657 4134 domus
1704 4076 1803 4133 Dei
1848 4079 1902 4134 in
1950 4095 2071 4135 ver-

494 4154 605 4210 tice
651 4159 921 4214 montium
955 4170 1006 4217 et
1037 4164 1338 4221 elevabitur
1374 4182 1541 4238 super
1569 4170 1737 4225 colles
1769 4171 1836 4227 ".
1876 4192 1895 4224 ι
1930 4171 2071 4239 Quia

494 4261 629 4318 ergo
647 4257 701 4303 et
733 4252 995 4323 populum
1030 4255 1270 4325 reliquit,
1289 4272 1353 4312 ac
1380 4261 1644 4330 templum
1672 4262 1884 4319 dimisit
1911 4266 2072 4321 deso-

496 4340 695 4408 latum,
726 4344 848 4398 velo
882 4345 1068 4415 templi
1102 4347 1299 4415 scisso,
1332 4350 1629 4422 ablataque
1662 4354 1731 4409 ab
1766 4355 1833 4412 iis
1864 4355 2069 4427 Spiritu

2171 3236 2232 3290 τὸ
2261 3236 2481 3309 Πνεῦμα
2506 3238 2569 3291 τὸ
2596 3238 2747 3308 ἅγιον
2776 3241 2870 3293 καὶ
2895 3240 2984 3293 τὸν
3015 3243 3348 3314 προφητικὸν
3375 3245 3553 3308 ὑετὸν,
3585 3246 3760 3318 Exit;-

2174 3347 2315 3402 ρωσε
2358 3331 2457 3403 τὴν
2498 3331 2663 3385 αὑτοῦ
2706 3332 3027 3403 Ἐκκλησίαν
3082 3336 3453 3409 πνευματικῆς
3500 3338 3757 3409 χάριτος,

2169 3422 2246 3486 ὡς
2274 3422 2515 3494 ποταμὸν
2542 3423 2816 3493 Αἰγύπτου
2862 3426 2920 3479 έν
2958 3426 3195 3499 ἡμέραις
3235 3428 3389 3491 νέων,
3422 3431 3516 3482 καὶ
3548 3433 3761 3502 ὑπερῦα

2167 3512 2345 3583 ψωσεν
2374 3516 2541 3587 αὐτὴν
2582 3516 2658 3580 ὡς
2698 3513 2843 3572 οἷκον
2890 3518 2974 3571 ἐπ’
3003 3518 3182 3588 ὅρους,
3224 3518 3257 3590 ἢ
3299 3520 3375 3583 ὠς
3414 3520 3542 3591 ὅρος
3584 3524 3761 3595 ὑπερ-

2168 3606 2330 3676 φερὲς
2362 3646 2376 3669 ,
2409 3607 2484 3670 ὡς
2511 3606 2634 3678 ὅρος
2658 3610 3051 3682 τετυρωμένον,
3080 3612 3175 3664 καὶ
3202 3611 3326 3681 ὅρος
3364 3616 3503 3666 πῖον·
3564 3635 3583 3665 ι
3620 3616 3681 3667 ἐν
3714 3612 3762 3684 ᾧ

2166 3700 2453 3772 εὐδόκησεν
2478 3703 2507 3753 ὁ
2534 3702 2666 3767 Θεὸς
2701 3708 2971 3758 κατοικεῖν
3016 3705 3074 3758 ὲν
3119 3705 3287 3777 αὐτῷ·
3323 3708 3417 3760 καὶ
3445 3708 3556 3781 γάρ
3585 3711 3615 3762 ὁ
3641 3712 3761 3765 Κύ-

2167 3811 2279 3867 ριος
2324 3796 2734 3867 κατασκηνώσει
2776 3800 2855 3862 είς
2885 3798 3036 3862 τέλος
3080 3799 3212 3869 (82)'
3253 3818 3272 3850 ι
3309 3801 3404 3853 καὶ
3447 3802 3506 3853 έν
3536 3802 3617 3873 τῷ
3655 3804 3763 3857 Ἱε-

2166 3886 2331 3957 ρεμίᾳ.
2376 3885 2538 3954 λέγει·
2584 3907 2602 3939 ι
2659 3887 2857 3960 Θρόνος
2911 3889 3067 3961 δόξης
3124 3891 3433 3961 ὑψωμένος,
3496 3894 3760 3966 ἀγίασμα

2162 3977 2318 4048 ἡμῶν
2357 3977 2488 4051 (85)·
2522 3997 2540 4030 ³
2563 3980 2657 4034 καὶ
2684 3982 2741 4033 ὲν
2767 3980 2964 4052 Ἡσαΐᾳ
2992 3981 3155 4051 λέγει·
3184 4001 3202 4032 ι
3229 3984 3338 4036 Καὶ
3357 3983 3509 4035 ἔσται
3542 3985 3601 4036 ὲν
3630 3990 3760 4050 cui;

2162 4069 2664 4143 ὲηάταιςὴμέραις
2689 4073 2927 4142 ἐμφανὲς
2953 4073 3148 4145 τὺὸρος
3177 4075 3404 4145 Κυρίου,
3422 4077 3518 4128 καὶ
3545 4078 3575 4128 ὀ
3603 4073 3759 4143 οἶκος

2159 4161 2254 4214 τοῦ
2269 4162 2403 4216 Θεοῦ
2414 4165 2498 4217 ἐπ’
2511 4165 2693 4236 ἄκρων
2707 4164 2815 4217 τῶν
2830 4165 3017 4237 ὀρέων,
3033 4168 3126 4219 καὶ
3137 4166 3476 4239 ὑψωθήσεται
3488 4168 3757 4240 ὑπεράνω

2159 4254 2267 4308 τῶν
2295 4254 2514 4326 βουνῶν.
2542 4276 2560 4308 ι
2595 4258 2744 4311 Ἐπεὶ
2771 4254 2863 4311 οὖν
2892 4259 2985 4311 καὶ
3012 4260 3102 4311 τὸν
3134 4259 3257 4312 λαὸν
3286 4261 3636 4329 ἐγκατέλιπε,
3653 4265 3755 4316 καί⁵

2158 4346 2251 4400 τὸν
2276 4348 2403 4403 ναὸν
2432 4350 2641 4421 ἀφῆκεν
2673 4350 2895 4422 ἔρημον,
2922 4352 3111 4422 σχίσας
3138 4352 3197 4404 τὸ
3230 4353 3632 4425 καταπέτασμα
3650 4354 3751 4409 τοῦ

491 4442 728 4490 sancto:
780 4453 799 4487 ι
855 4434 996 4493 Ecce
1043 4438 1226 4505 enim,
1276 4440 1475 4512 inquit,
1526 4446 1866 4516 relinquetur
1913 4450 2070 4507 vobis

2177 4438 2287 4492 ιαοῦ
2307 4439 2538 4512 (84),καὶ
2564 4441 2743 4495 λαϐὼν
2782 4444 2876 4497 ἀπ’
2905 4444 3085 4496 αὐτῶν
3121 4444 3181 4496 τὸ
3209 4443 3433 4515 Πνεῦμα
3460 4444 3523 4497 τὺ
3566 4446 3747 4514 ἀγιον·

485 4524 694 4581 domus
728 4535 909 4582 vestra
939 4528 1154 4585 deserta
1182 4531 1271 4600 5';
1310 4550 1329 4583 ι
1364 4542 1419 4589 et
1449 4534 1598 4593 dedit
1618 4539 1794 4606 vobis,
1821 4542 1914 4610 qui
1938 4543 2071 4598 estis

559 4656 604 4738 ξ’
630 4655 793 4738 Num;
826 4657 1057 4738 xv_|_,_2l.
1132 4657 1180 4738 ἰζ
1205 4659 1249 4713 ll
1272 4658 1402 4738 ρος.
1436 4676 1511 4738 vi,
1543 4661 1630 4715 l7.
1705 4662 1905 4738 Ἴλιον.
1926 4683 2085 4738 “ut,
2117 4675 2204 4730 15.

2170 4553 2187 4584 ι
2213 4534 2341 4589 Ἰδοὺ
2359 4536 2488 4607 γὰρ,
2502 4537 2687 4607 φησὶν,
2706 4537 2921 4605 ἀφίεται
2938 4537 3065 4609 ὑμῖν
3080 4538 3109 4590 ὁ
3126 4535 3270 4602 οἶκος
3291 4538 3446 4609 ὑμῶν
3469 4537 3696 4611 ἔρημος·
3724 4558 3743 4589 ι

2281 4676 2536 4749 “gignat.
2582 4677 2839 4749 interpol.
2882 4679 2949 4734 ad
2972 4678 3183 4734 Phiiad.
3209 4678 3264 4733 ἓ.
3342 4678 3388 4710 ⁸⁸
3406 4677 3519 4733 Jer.
3546 4694 3648 4749 λιι,
3689 4676 3743 4749 7.

488 4727 534 4758 ³ο
560 4726 737 4814 Issa,
762 4726 815 4783 6.
884 4728 928 4807 ’ξ
952 4726 1057 4783 lsa.
1086 4743 1127 4795 ι,
1149 4728 1204 4784 8.
1278 4730 1324 4761 ⁵⁸
1348 4729 1515 4787 Eccli.
1554 4747 1701 4798 mv,
1728 4734 1817 4789 55.
1895 4737 1940 4769 ⁸³
1963 4726 2086 4797 Psai

2177 4726 2308 4813 im,
2330 4726 2540 4803 mimi;
2568 4726 2847 4814 Ιέιῖζέὗιῖἰ,
2881 4726 2996 4805 ii."
3019 4726 3324 4814 "erasin,
3349 4726 3429 4802 εξ
3444 4726 3529 4780 Ἶέ
3547 4726 3745 4802 iam;

492 4811 645 4863 mu,
666 4795 757 4851 58.

1824 4962 2184 5022 VARIORUM
2219 4968 2447 5027 NOTAE.

557 5093 669 5173 (:77)
713 5090 827 5172 Τῆς
855 5094 1118 5173 γνώμης,
1156 5095 1305 5173 Alter
1326 5097 1450 5153 cod.
1496 5096 1657 5153 Vind.
1689 5102 1785 5173 τῆς
1815 5103 2057 5169 ἑνώσεως

484 5163 661 5234 ὐμῶν,
682 5163 901 5218 omissis
922 5163 1166 5234 reliquis.
1198 5166 1365 5221 ULEn.

556 5232 667 5308 (78_)
706 5232 1091 5308 A_lp§tht(3’l’.
1123 5234 1405 5308 Natalibus
1431 5238 1594 5308 hujus
1622 5241 1771 5297 vocis
1795 5241 2057 5299 interfue-

376 5344 381 5347 .
484 5303 595 5357 rint
615 5303 870 5381 dgetiviri
898 5313 1109 5373 Oportet
1136 5325 1150 5361 :
1189 5306 1324 5362 adeo
1343 5303 1540 5381 negant
1568 5310 1773 5379 lgnatio
1802 5327 1897 5381 per
1919 5323 2056 5369 tem-

484 5388 618 5451 pora
649 5373 871 5451 licuisse
898 5388 1018 5451 eam
1049 5390 1339 5451 usurpare1
1368 5373 1617 5451 Usurpat
1633 5382 1778 5451 enim
1802 5373 1899 5451 qui
1935 5399 2045 5438 non

471 5438 571 5525 iliu
606 5449 728 5525 post
760 5439 1023 5525 lgnatjum
1056 5438 1280 5525 scripsit
1310 5438 1561 5525 Justinus
1580 5450 1639 5525 in
1659 5438 1915 5525 __Dialogo
1939 5473 2059 5509 cum

482 5505 1043 5588 z‘ryphone,'p._506._
1066 5505 1275 5588 Sed'_et
1297 5519 1496 5573 multas
1547 5519 1746 5575 similis
1781 5505 2060 5579 ίιέῖ-ἱηίιὶέέζ

478 5582 916 5660 ιιοιιὶεξιεηοεεὶι
934 5584 1160 5661 an_tiqua
1180 5585 1385 5661 Graecia
1407 5607 1419 5641 :
1445 5588 1750 5659 ἡλικιῶται,
1775 5593 2055 5661 θιασῶται,

472 5654 777 5720 πατριῶται
805 5692 821 5717 ,
854 5654 1140 5725 νησιῶται,
1175 5654 1488 5727 στασιῶται,
1524 5664 1883 5731 στρατιῶται,
1927 5654 2055 5735 (δια,

2166 5110 2452 5182 quodnon
2482 5111 2786 5182 debuerunt
2805 5112 3076 5182 ignorare.
3103 5112 3239 5169 Cor.

2257 5179 2344 5250 79)
2396 5180 2637 5249 'Agpﬁxa.
2669 5183 2817 5235 Alter
2834 5179 2965 5236 'cod.
2999 5185 3091 5235 xui.
3118 5183 3324 5250 ἀφῆκα.
3355 5183 3455 5241 CL.

2256 5232 2344 5324 δυ)
2380 5232 2977 5324 ξὶῖὶτῇὰᾷὲῷἶιὶθὲιιῦὲ
3000 5232 3330 5324 ξέυξιιιεξέ
3354 5232 3494 5310 ea}.

2256 5296 2344 5379 81)
2380 5296 2561 5373 τΑπΪ
2581 5296 2739 5377 δέξει
2765 5296 2831 5375 iri
2853 5337 2962 5373 uno
2981 5323 3104 5375 cod.
3132 5296 3296 5378 Vind:
3330 5296 3404 5379 ul.

2254 5389 2649 5474 82)Ὺ.Κᾳὶχάρ,
2682 5407 2855 5461 usque
2888 5391 2955 5445 ad
2998 5391 3190 5458 τέλος.
3223 5392 3432 5450 Desunt
3466 5396 3521 5450 in
3560 5398 3740 5453 altero

2153 5460 2277 5513 cod.
2315 5460 2474 5513 Vind.
2505 5460 2670 5515 (lu-3n.

2152 5596 2187 5651 ὁ
2225 5529 2346 5651 (82$)I
2375 5530 2596 5596 Θρόνος
2624 5538 2678 5585 et
2706 5532 2987 5601 sequentia
3020 5530 3088 5584 ad
3130 5534 3248 5588 καί.
3297 5534 3507 5593 Desunt
3541 5539 3597 5593 in
3636 5554 3738 5594 eo-

2191 5614 2297 5651 em.
2350 5615 2401 5651 ι).

2191 5614 2297 5653 em.
2328 5614 2401 5653 ID.

2225 5668 2337 5742 (85)
2380 5670 2487 5724 Τοῦ
2516 5670 2682 5725 ναοῦ.
2717 5669 2878 5728 Deest
2907 5672 2961 5728 in
2996 5672 3157 5728 Vind.
3191 5672 3265 5733 lo.
