3886 6190
435 312 541 369 959
1333 316 1393 373 S.
1430 317 1821 373 CLEMENTIS
1852 319 1870 372 1
1903 318 1969 375 Β(

2166 319 2304 375 )NT.
2342 316 2569 374 OP'EIIA
2600 311 2846 377 DUBIA;
3588 315 3700 370 9&0

426 430 518 505 tur
551 452 871 520 progenies,
901 451 995 521 qui
1029 460 1150 507 erat
1198 456 1538 524 exspectatio
1589 457 1858 527 gentium,
1902 457 2063 512 .lesus
2109 457 2398 518 Christus,
2458 456 2551 527 qui
2597 471 2663 511 ex
2715 455 2853 510 Juda
2889 453 3154 525 originem
3199 448 3393 514 duxit,
3440 448 3594 505 filius
3628 465 3699 503 ex

424 544 696 616 germine,
725 542 825 601 flos
846 561 910 600 ex
935 542 1089 601 Jesse
1118 546 1161 577 ’ί
1192 566 1204 602 ;
1239 565 1259 598 ι
1287 546 1461 618 Cujus
1492 550 1829 621 principatus
1861 565 2026 620 super
2058 550 2341 604 humerum
2360 549 2428 604 ”.
2473 570 2491 601 ι

1026 681 1255 738 CAPUT
1298 666 1420 738 xu.‘
2037 687 2082 743 Α

2037 687 2082 743 Α
2610 680 3005 735 ΚΕΦΑΛᾹΙΟΝ
3040 681 3136 733 lB'.

429 769 635 827 Contra
657 788 744 846 eos
765 772 1188 846 quiChristiqme
1223 776 1467 846 religioni
1491 793 1609 830 cum
1640 778 1963 832 assentiente

2168 772 2264 839 ρὸς
2300 772 2441 839 τοὺς
2470 772 2917 842 ὁμολογοῦντας
2948 771 3081 841 (55),
3142 765 3459 826 ὶουδαΐζὲιν
3498 764 3573 817 δὲ
3605 763 3702 817 ϐέ-

653 844 833 898 volunt
858 855 1033 899 tamen
1054 844 1478 901 Judaicosﬁritus
1508 847 1806 903 observare.
2771 846 3013 908 λοντας-

502 953 702 1011 Verum
740 958 867 1027 quia
893 967 1027 1013 tunc
1055 974 1119 1013 ea
1142 959 1365 1016 haeresis
1395 961 1462 1016 ad
1496 960 1743 1019 fraudem
1776 965 2008 1021 validior

2193 978 2328 1031 Ἀλλ’
2377 978 2500 1031 ἐπεὶ
2540 978 2661 1031 τότε
2705 977 2844 1047 αὕτη
2886 978 2920 1046 ἡ
2950 976 3157 1047 αἵρεσις
3189 970 3524 1043 ἰσχυροτέρα
3560 967 3708 1040 «ph;

432 1048 551 1105 visa
578 1057 686 1111 est,
720 1058 775 1103 et
806 1050 1064 1105 universa
1106 1051 1350 1108 Ecclesia
1393 1055 1842 1124 periclitabatur;
1875 1073 1966 1111 cor

2178 1071 2321 1141 ,ἀνην
2352 1070 2526 1136 ἔδοξεν
2556 1067 2715 1135 εἶναι,
2746 1070 2837 1122 καὶ
2858 1069 2957 1139 τῆς
3010 1065 3328 1135 Ἑκκλησίας
3348 1063 3483 1133 ὅλης
3513 1062 3712 1115 κινδυ-

434 1140 643 1210 gregati
674 1138 1069 1214 Hierosolymis
1100 1158 1201 1199 nos
1229 1144 1518 1201 duodecim
1568 1147 1715 1217 (nam
1740 1149 1862 1203 loco
1882 1148 1968 1203 l'rt

2176 1138 2398 1236 υουσης,
2432 1164 2591 1235 ⁴ἡμεῖς
2619 1162 2668 1215 οἱ
2705 1138 2931 1227 δώδεκα,
2980 1157 3323 1219 συνελθόντες
3362 1158 3445 1219 εἰς
3490 1154 3710 1227 Ἰερου-

433 1231 634 1287 ditoris
685 1232 943 1291 Matthias
988 1235 1204 1291 electus
1238 1236 1361 1301 fuit,
1417 1246 1478 1292 ut
1535 1241 1819 1295 nobiscum
1862 1258 1967 1297 esse

2182 1255 2295 1328 λὴμ
2526 1255 2635 1327 γὰρ
2675 1254 2769 1307 τοῦ
2819 1253 3077 1325 προδότου
3125 1250 3372 1313 Ματθίας
3426 1248 3534 1301 σὺν
3570 1248 3716 1317 ἡμῖν

434 1325 740 1395 apostolus,
774 1335 998 1398 accepta
1031 1337 1180 1383 sorte
1215 1328 1369 1384 Judae
1400 1330 1484 1397 ";
1513 1332 1657 1387 sicut
1687 1333 1827 1388 dixit
1859 1333 1968 1388 Scr

2182 1325 2487 1420 ητεῷηςρίσθη
2519 1325 2813 1409 ἀπόστολος
2844 1342 3001 1410 εἶναι,
3035 1342 3213 1396 λαϐὼν
3236 1342 3296 1394 τὸ
3314 1340 3527 1412 κλῆρον
3576 1336 3716 1391 Ἰού-

436 1424 601 1485 ptura
634 1436 646 1470 :
686 1435 704 1469 ι
730 1417 1119 1490 Episcopatum
1151 1420 1273 1490 ejus
1297 1423 1530 1493 accipiat
1552 1422 1818 1489 alter").t
1840 1426 1970 1497 dispi

2184 1482 2199 1509 ,
2242 1417 2319 1504 ὡς
2359 1417 2593 1511 εῐρηνταν
2637 1459 2655 1490 t
2686 1439 2794 1510 Τὴν
2838 1437 3140 1508 ἐπισκοπὴν
3174 1434 3336 1489 αύτοῦ
3373 1432 3544 1488 λάὀοι
3588 1434 3715 1485 ἓτε-

435 1509 721 1566 ciebamus
747 1526 856 1565 una
894 1526 1019 1567 cum
1043 1512 1250 1569 Jacobo
1281 1515 1451 1571 fratre
1476 1515 1711 1582 Domini,
1738 1518 1869 1587 quid
1895 1519 1969 1576 fici

2180 1509 2726 1609 ς›),ἐπεσκεπτόμεθα
2756 1509 2889 1602 νᾶμα
2952 1528 3189 1599 Ἰακώϐῳ
3228 1527 3306 1598 τῷ
3354 1525 3450 1578 τοῦ
3486 1523 3714 1595 Κυρίου

434 1610 717 1672 oporteret
753 1622 765 1657 :
801 1604 1121 1675 placuitque
1179 1607 1257 1660 illi
1304 1622 1369 1662 ac
1424 1608 1780 1680 presbyteris,
1834 1620 1894 1665 ut
1945 1612 1968 1666 tl

2181 1604 2347 1697 ελίρῷ,
2403 1625 2459 1677 τι
2521 1624 2766 1694 γένηται·
2826 1621 2921 1675 καὶ
2954 1621 3128 1687 ἔδοξεν
3175 1618 3320 1689 αύτῷ
3361 1634 3423 1669 τε
3456 1616 3566 1669 καὶ
3596 1618 3715 1676 τοῖς

437 1694 786 1752 sermonibus
813 1696 1085 1753 doctrina:
1108 1699 1377 1754 allocutio
1414 1700 1713 1757 haberetur
1735 1702 1801 1756 ad
1838 1718 1971 1774 popu

2183 1694 2532 1787 δεσθυτέροις,
2566 1715 2755 1784 λόγους
2813 1712 3161 1774 διδασκαλίας
3202 1708 3591 1780 προσλαλῆσαι
3633 1707 3717 1776 τῷ

438 1784 573 1841 lum.
593 1784 807 1842 Etenim
831 1788 1053 1859 quidam
1072 1806 1141 1846 ex
1162 1790 1348 1847 Judaza
1366 1792 1716 1848 Antiochiam
1738 1795 1972 1867 degress‘

2183 1810 2247 1882 ᾦ.
2293 1784 2403 1863 Kal
2428 1808 2537 1879 γὰρ
2570 1807 2663 1861 καί
2692 1824 2839 1870 τινες
2879 1804 3228 1867 κατελθόντες
3281 1801 3389 1855 ἀπὸ
3416 1801 3526 1871 τῆς
3577 1800 3716 1852 Ἰου-

435 1876 708 1933 docebant
733 1878 935 1937 fratres
957 1882 1029 1937 ibi
1061 1885 1458 1949 consistentes,
1491 1886 1581 1941 his
1614 1887 1828 1942 verbis:
1855 1906 1873 1939 c
1895 1886 1969 1943 Ni:

2185 1876 2270 1965 ξας
2313 1906 2393 1964 εἰς
2432 1876 2759 1970 ’Ἀντιόχειαν
2792 1898 3071 1951 ἐδίδασκον
3097 1895 3223 1958 τοὺς
3261 1895 3379 1946 ἐκεῖ
3410 1891 3716 1959 ἀδελφοὺς,

436 1970 909 2029 circumcidamini
937 1977 1046 2031 ritu
1065 1976 1327 2041 Mosaico,
1348 1990 1404 2035 et
1421 1981 1476 2034 in
1501 1981 1625 2036 aliis
1652 1982 1851 2037 ritibus
1873 1997 1970 2052 quc

2183 2011 2380 2063 γοντες·
2408 1993 2489 2046 ὅτι
2526 2013 2544 2044 ι
2586 1992 2709 2048 Ἐὰν
2734 1993 2807 2063 μὴ
2856 1988 3227 2061 περιτμηθῆτε
3262 1985 3338 2057 τῷ
3383 1984 3497 2037 ἔθει
3539 1985 3717 2036 Μωῡ-

438 2063 582 2119 idem
634 2068 926 2123 constituit
980 2070 1287 2139 incedatis,
1316 2089 1424 2127 non
1464 2074 1697 2144 potestis
1743 2040 1972 2131 ξεινίης

2182 2040 2275 2151 ἕως,
2317 2040 2409 2139 x‘a‘t
2444 2088 2557 2148 τοῖς
2605 2040 2997 2146 ἄλλοιιςιέθεσιν
3021 2040 3142 2151 ⁵(54)
3181 2073 3261 2141 οἷς
3290 2076 3587 2139 διετάξατο
3614 2092 3716 2125 πε-

439 2156 490 2210 ri
519 2155 587 2211 ”.
620 2176 639 2210 ι
676 2156 809 2215 Orta
853 2161 1025 2233 igitur
1054 2165 1413 2221 contentione
1454 2176 1509 2221 et
1562 2168 1870 2237 quaestione
1902 2182 1973 2221 no

2184 2177 2412 2248 πατῖγεε,
2459 2177 2520 2229 ού
2552 2175 2779 2229 δύνασθε
2826 2169 3425 2243 σωθῆναι.›Γενομένης
3449 2164 3550 2219 οὖν
3584 2165 3718 2218 στά-

438 2262 638 2321 parva,
696 2251 1104 2315 Antioclienses
1136 2255 1339 2314 fratres
1378 2260 1645 2314 certiores
1696 2258 1827 2314 facti
1865 2274 1972 2330 quo

2185 2286 2257 2333 ως
2286 2269 2380 2322 καὶ
2414 2269 2693 2339 ζητήσεως
2721 2267 2819 2319 ούκ
2842 2265 3049 2334 ὀλίγης,
3070 2263 3119 2315 οἱ
3140 2264 3195 2314 ἐν
3229 2257 3535 2329 Ἀντιοχείᾳ
3565 2256 3719 2310 ἀδελ-

437 2360 629 2403 omnes
658 2364 722 2403 ea
758 2350 826 2405 de
856 2367 915 2407 re
944 2352 1297 2423 disquisituri
1328 2368 1772 2410 conveneramus
1793 2394 1807 2418 ,
1843 2355 1971 2409 misr

2182 2364 2229 2430 ἡ,
2260 2361 2479 2431 γνόντες
2509 2362 2589 2413 ὅτι
2640 2356 3075 2429 συνεληλύθαμεν
3119 2355 3317 2417 πάντες
3350 2353 3482 2422 περὶ
3513 2351 3716 2404 τούτου

437 2449 571 2494 runt
612 2442 774 2498 nobis
806 2445 957 2500 viros
996 2445 1184 2502 fideles
1214 2463 1277 2503 ac
1315 2446 1729 2518 Scripturarum
1766 2448 1971 2517 peritos

2181 2456 2451 2528 yrﬁcavra;
2504 2452 2636 2523 (55),
2690 2448 3075 2517 ἐξαπέστειλαν
3124 2446 3259 2519 πρὸς
3309 2446 3459 2514 ἡμᾶς
3504 2443 3715 2513 ἄνδρας

439 2540 501 2586 ut
526 2531 595 2587 de
633 2533 735 2589 hac
774 2539 1077 2606 quaestione
1115 2539 1477 2595 edocerentur
1510 2558 1524 2595 :
1560 2547 1615 2592 at
1644 2540 1721 2593 illi
1753 2538 1973 2594 Hierose

2180 2547 2344 2610 moi»;
2378 2546 2471 2599 καὶ
2496 2544 2605 2597 τῶν
2633 2544 2671 2595 Γ
2676 2541 2864 2613 ραφῶν
2886 2541 3194 2613 εἰδήμονας,
3220 2536 3411 2609 μαθεῖν
3447 2534 3585 2607 περὶ
3616 2532 3714 2587 τοῦ

440 2623 644 2693 lymam
675 2626 1024 2686 advenientes
1046 2670 1061 2694 ,
1095 2632 1484 2687 nuntiaverunt
1525 2632 1685 2688 nobis
1711 2648 1775 2687 ea
1808 2648 1930 2703 quae
1959 2636 1973 2689 i

2180 2641 2432 2714 ιτήματος
2467 2636 2681 2692 τούτουο
2718 2636 2767 2687 οἱ
2799 2634 2877 2701 δὲ,
2907 2632 3341 2705 παραγενόμενοι
3379 2630 3463 2691 εἰς
3504 2626 3714 2698 Ἰερου-

441 2712 685 2773 Ecclesia
716 2734 933 2790 quoque
962 2720 1302 2779 Antiochena
1319 2724 1762 2795 disputabantur,
1783 2726 1975 2781 scilicel

2179 2712 2326 2805 ιλῆμ,
2359 2728 2685 2802 ἀνήγγειλαν
2712 2729 2843 2799 ἡμῖν
2869 2726 2939 2780 τὰ
2963 2724 3263 2798 ζητηθέντα
3283 2722 3377 2775 καὶ
3398 2723 3457 2773 ἐν
3485 2724 3560 2792 τῇ
3591 2714 3713 2771 Ἀν-

442 2808 588 2877 quod
628 2810 850 2880 quidam
881 2812 1160 2880 dicerent,
1186 2824 1439 2886 oportere
1468 2818 1812 2882 circumcidi,
1848 2826 1903 2872 et
1930 2835 1976 2875 τε

2178 2826 2349 2898 οχέων
2366 2822 2682 2893 Ἐκκλησία,
2704 2820 2779 2883 ὼς
2796 2821 2879 2873 ὅτι
2913 2818 3057 2882 τινὲς
3088 2817 3293 2885 ἔλεγον,
3321 2815 3405 2867 ὅτι
3437 2814 3521 2866 δεῖ
3546 2829 3710 2883 περι-

442 2900 623 2972 liquas
648 2906 1004 2963 caeremonias
1033 2922 1097 2961 ac
1119 2909 1512 2965 sanctimonias
1536 2910 1671 2982 legis
1700 2912 1976 2967 observari

2172 2918 2436 2991 ἱμνεσθαι,
2494 2916 2590 2969 καὶ
2630 2913 2729 2976 τὰς
2764 2912 2929 2975 ἄλλας
2971 2909 3194 2979 ἁγνείας
3228 2905 3706 2980 παραῳυλάττειν.

444 2994 691 3067 Cumque
737 2998 885 3053 aliud
930 3000 1022 3054 alii
1059 2999 1384 3071 proferrent,
1412 3016 1514 3073 ego
1550 3001 1749 3058 Petrus
1785 3018 1978 3075 surgen

2176 3011 2337 3065 λλλων
2364 3010 2421 3065 δὲ
2453 3007 2580 3064 ἄλλο
2594 3024 2647 3059 τι
2678 3004 2961 3074 λεγόντων,
2996 3002 3106 3072 ἐγὼ
3132 3002 3337 3073 Πέτρος
3354 2997 3603 3058 ἀναστάς
3631 2993 3710 3049 εἷ-

445 3086 561 3143 dixi
586 3090 653 3144 ad
687 3105 782 3146 eos
811 3109 825 3145 :
872 3109 890 3143 ι
929 3089 1045 3147 Viri
1076 3091 1308 3157 fratres,
1336 3109 1434 3150 vos
1464 3095 1640 3163 scitis,
1667 3096 1926 3165 quoniam
1952 3110 1979 3149 a

2173 3122 2224 3158 ον
2257 3103 2392 3176 πρὸς
2418 3102 2629 3164 αὐτούς·
2667 3098 2929 3170 «Ἄνδρες
2948 3094 3357 3164 ἀδελφοὶ,ύμεῖς
3386 3089 3707 3154 ἐπίστασθε,

448 3181 689 3252 antiquis
722 3183 937 3250 diebus,
960 3183 1102 3241 Deus
1129 3186 1183 3240 in
1205 3187 1362 3242 vobis
1394 3188 1578 3258 elegit,
1614 3203 1711 3258 per
1741 3202 1805 3243 os
1837 3204 1982 3243 metu

2178 3215 2207 3250 :t
2253 3197 2346 3266 ἀφ’
2380 3192 2603 3265 ἡμερῶν
2649 3190 2912 3263 ἀρχαίων,
2946 3190 3003 3241 ἐν
3036 3189 3165 3258 ὑμῖν
3212 3185 3323 3257 (56)
3364 3182 3654 3249 ἐξελέξατο
3682 3184 3712 3234 ὁ

450 3274 639 3332 audire
668 3284 860 3347 gentes
906 3278 1130 3335 verbum
1180 3277 1479 3351 Evangelii,
1518 3288 1574 3336 et
1616 3280 1841 3336 credere
1866 3281 1984 3349 ";t

2176 3288 2277 3355 εδς,
2306 3286 2397 3341 διὰ
2425 3286 2519 3339 τοῦ
2554 3284 2819 3356 στόματός
2852 3300 2953 3355 μου
2983 3280 3213 3335 ἀκοῦσαι
3240 3278 3308 3331 τὰ
3340 3276 3471 3346 ἔθνη
3492 3276 3589 3328 τὸν
3620 3275 3710 3327 λό-

448 3366 543 3435 qui
571 3368 721 3421 novit
743 3369 909 3424 corda
940 3368 1107 3436 Deus,
1143 3372 1516 3426 testimonium
1542 3372 1820 3442 perhibuit
1838 3370 1982 3441 ipsis.

2177 3399 2220 3434 >ν
2250 3379 2345 3433 τοῦ
2371 3378 2725 3448 Εὐαγγελίου,
2751 3376 2846 3429 καὶ
2874 3373 3182 3429 πιστεῦσαι·
3207 3372 3300 3425 καὶ
3330 3373 3358 3423 ὁ
3380 3366 3711 3439 καρδιογἮῦ-

447 3457 703 3516 Cornelio
727 3464 875 3519 enim
896 3463 964 3528 ⁸⁷,
988 3466 1081 3534 qui
1110 3472 1227 3519 erat
1255 3463 1482 3520 Remani
1506 3466 1717 3536 imperii
1737 3465 1981 3521 Centurit

2178 3490 2259 3544 της
2330 3472 2465 3536 Θεὸς
2519 3470 2898 3543 ἐμαρτύρησεν
2961 3468 3163 3530 αὐτοῖς.
3197 3484 3216 3518 ι
3243 3461 3537 3533 Κορνηλίῳ
3603 3460 3712 3531 γάρ

449 3551 689 3623 Angelus
714 3553 925 3610 Domini
958 3558 1240 3627 apparuit;
1265 3567 1320 3612 et
1340 3558 1408 3613 de
1442 3574 1529 3613 me
1558 3559 1697 3614 dixit
1724 3559 1815 3625 ei,
1842 3565 1903 3613 ut
1935 3573 1983 3612 at

2176 3582 2256 3618 οτε
2298 3564 2669 3636 ἑκατοντάρχῃ
2721 3560 3032 3633 Ῥωμαῖκῆς
3071 3557 3244 3629 ἀρχῆς
3283 3554 3441 3625 ὤφθη
3480 3551 3710 3621 ἄγγελος

450 3653 693 3701 cesseret
720 3662 829 3712 me,
851 3655 906 3703 et
933 3664 998 3703 ex
1028 3664 1123 3704 ore
1168 3664 1290 3705 meo
1340 3650 1555 3706 audiret
1601 3651 1830 3706 verbum
1874 3650 1984 3705 vita

2182 3657 2355 3729 υρίου,
2398 3656 2492 3709 καὶ
2538 3656 2667 3728 περὶ
2692 3653 2827 3726 ἐμοῦ
2860 3649 3013 3706 εἶπεν
3041 3649 3208 3720 αὐτῷ,
3236 3648 3385 3709 ὅπως
3422 3644 3709 3717 μεταπεῖ-

453 3736 545 3793 llle
566 3754 696 3794 vero
726 3741 1013 3797 accersivit
1043 3759 1130 3798 me
1159 3759 1189 3797 a
1219 3742 1389 3815 Joppe
1418 3745 1474 3801 in
1517 3744 1827 3800 Caesaream
1868 3743 1987 3799 Stra

2177 3749 2285 3820 ⁵γται
2321 3766 2411 3819 με,
2468 3749 2563 3802 καὶ
2608 3747 2818 3818 ἀκούσῃ
2851 3746 3000 3818 ῥῆμα
3044 3743 3187 3813 ζωῆς
3216 3742 3280 3793 ἐκ
3307 3737 3404 3791 τοῦ
3444 3737 3711 3809 στόματός

458 3832 625 3887 tonis.
648 3832 787 3889 Cum
817 3842 1000 3890 autem
1031 3836 1099 3892 ad
1122 3852 1247 3892 eum
1297 3852 1477 3893 essem
1506 3845 1871 3909 perventurus
1892 3874 1906 3902 ,
1929 3852 1992 3891 vo

2178 3861 2254 3896 ου.
2300 3842 2357 3896 '0
2388 3842 2467 3908 δὲ,
2504 3838 2893 3913 μετεπέμψατό
2945 3853 3009 3908 με
3050 3833 3158 3887 ἀπὸ
3200 3832 3425 3900 Ἰόππης
3454 3831 3538 3892 εἰς
3572 3830 3712 3881 Και-

454 3920 533 3979 iui
585 3924 765 3981 cibum
819 3941 1049 3997 capere;
1103 3944 1266 3999 quem
1300 3929 1430 3983 dum
1462 3938 1720 4001 pararent
1742 3970 1757 3995 ,
1787 3945 1940 3986 eram
1970 3930 1986 3984 i

2176 3936 2358 4007 ἔιρειαν
2388 3933 2487 4005 τὴν
2512 3932 2845 4005 Στράτωνος.
2882 3928 3075 3982 Ὀπὸτε
3106 3925 3164 3979 δὲ
3191 3922 3416 3994 ἔμελλον
3444 3921 3583 3991 πρὸς
3612 3920 3710 3972 αύο

456 4018 741 4072 cmnaculo
782 4032 982 4086 orans;
1014 4026 1070 4082 et
1112 4022 1268 4077 video
1303 4022 1504 4077 cmlum
1545 4030 1830 4092 apertum;
1865 4031 1990 4092 atqu

2171 4028 2223 4081 ὸν
2279 4025 2697 4098 ἐκπορεύεσθαι,
2753 4021 3054 4093 ἐϐουλήθην
3111 4017 3317 4091 τροφῆς
3364 4013 3705 4086 μεταλαϐεῖν

455 4119 696 4179 quatuor
730 4110 904 4165 initiis
935 4112 1203 4183 illigatum
1253 4127 1349 4169 vas
1392 4114 1689 4185 quoddam,
1735 4115 1882 4170 velut
1924 4115 1989 4169 lin

2178 4120 2225 4173 ιὶ
2255 4115 2809 4191 παρασκευαζόντων,
2836 4114 2983 4185 ἥμην
3011 4113 3068 4165 ἐν
3097 4111 3174 4181 τῷ
3201 4107 3436 4179 ὑπερὼῳ
3476 4121 3712 4177 προσευο

457 4210 604 4257 teum
628 4203 1011 4273 splendidum,
1042 4206 1097 4259 in
1124 4212 1324 4261 terram
1372 4206 1609 4271 demitti,
1647 4206 1704 4261 in
1733 4220 1842 4277 quo
1871 4222 1991 4262 erar

2176 4212 2382 4284 ύμενος·
2417 4212 2512 4264 κα)⁵
2557 4208 2749 4280 θεωρῶ
2775 4207 2864 4260 τὸν
2896 4204 3125 4278 οὐρανὸν
3146 4200 3445 4271 ἀνεῳγότα,
3469 4197 3566 4250 καὶ
3588 4196 3710 4249 τέσ-

457 4296 643 4349 omnia
690 4296 1085 4368 quadrupedia,
1142 4306 1197 4353 et
1225 4307 1387 4354 terra:
1418 4300 1654 4370 reptilia,
1687 4310 1742 4355 et
1789 4300 1991 4355 volatili

2177 4320 2328 4375 ιρσιν
2376 4303 2571 4374 ἀρχαῖς
2604 4301 2884 4371 δεδεμένον
2928 4295 3121 4358 σκεῦός
3145 4311 3220 4361 τι,
3251 4292 3328 4355 ὡς
3355 4290 3546 4359 ὀθόνην
3569 4286 3711 4359 λαμ-

456 4387 954 4461 cmli.Exstititque
986 4408 1088 4447 vox
1116 4408 1148 4447 e
1192 4393 1334 4449 caelo
1364 4394 1432 4448 ad
1464 4410 1550 4449 me
1573 4395 1761 4450 dicens
1789 4414 1802 4449 :
1835 4413 1853 4445 ι
1892 4394 1990 4448 Sur

2179 4394 2299 4467 ράν,
2316 4396 2409 4449 καὶ
2432 4394 2757 4465 καθιέμενον
2773 4392 2865 4444 ἐπὶ
2881 4390 2980 4461 τῆς
3006 4389 3131 4460 γῆς,
3154 4388 3212 4440 ἐν
3230 4378 3273 4453 ᾧ
3298 4383 3512 4455 ὑπῆρχε
3533 4382 3710 4435 πάντα

458 4496 546 4551 ge,
581 4480 762 4547 Petre,
794 4483 1006 4549 occide,
1037 4494 1091 4541 et
1111 4487 1383 4541 manduca
1400 4487 1472 4542 ".
1531 4505 1550 4538 ι
1578 4485 1692 4558 Ego
1722 4496 1904 4543 autem
1943 4502 1992 4541 re

2176 4487 2199 4540 ὶ
2236 4488 2570 4559 τετράποδα,
2604 4488 2699 4540 καὶ
2733 4484 2939 4557 ἐρπετά
2975 4484 3074 4554 τῆς
3101 4482 3203 4552 γῆς
3222 4523 3236 4548 ,
3267 4479 3362 4531 καὶ
3389 4477 3462 4530 τά
3490 4475 3710 4529 πετεινά

458 4576 657 4645 spondi
692 4594 707 4630 :
744 4594 763 4628 ι
800 4576 1153 4648 Neqanuam
1180 4618 1196 4646 ,
1260 4578 1518 4647 Domine;
1584 4580 1713 4650 quia
1753 4595 1992 4650 nunqual

2174 4580 2225 4633 οὗ
2250 4580 2497 4651 ούρανοῦ.
2534 4580 2645 4633 Καὶ
2672 4579 2889 4648 ἐγένετο
2924 4575 3076 4645 φωνὴ
3107 4576 3171 4627 ἐκ
3196 4572 3290 4626 τοῦ
3324 4568 3554 4642 οὐρανοῦ
3576 4568 3708 4637 πρός

459 4666 787 4723 manducavi
835 4671 1133 4741 quidquam
1181 4686 1473 4727 commune
1512 4679 1566 4727 et
1606 4672 1969 4726 immundum.

2168 4690 2205 4724 ιε
2253 4673 2503 4741 λέγουσαι
2550 4692 2568 4724 ‹
2594 4669 2876 4736 Ἀναστὰς,
2910 4670 3105 4740 Πέτρε,
3146 4666 3328 4732 θῦσον,
3362 4663 3459 4717 καὶ
3490 4662 3648 4730 φάγε.
3683 4679 3702 4712 ι

461 4760 599 4815 Tum
628 4778 734 4818 vox
787 4734 1029 4820 secundo
1064 4764 1210 4819 edita
1255 4772 1360 4832 est,
1406 4764 1633 4818 dicens:
1664 4783 1683 4816 ι
1720 4762 1852 4829 Quae
1886 4762 1995 4817 Deu

2177 4734 3077 4837 ζάγὼἐἷπονδιΜηδαμῶς,⁷Κύριε,
3112 4760 3193 4814 ὅτι
3221 4758 3475 4811 οὐδέποτε
3511 4754 3711 4824 ἔφαγον

461 4854 790 4924 puriﬁcavit,
817 4865 876 4911 tu
911 4857 1224 4913 communia
1260 4872 1330 4911 ne
1364 4863 1556 4926 putato
1577 4856 1679 4910 ³⁸.»
1712 4855 1828 4910 Hoc
1849 4864 1995 4910 auter

2173 4860 2245 4912 ;ἄν
2274 4858 2450 4911 κοινὸν
2481 4859 2574 4911 καὶ
2610 4857 2937 4930 ἀκάθαρτον.
2980 4876 2998 4907 ι
3031 4856 3140 4909 Καὶ
3172 4852 3383 4922 ἐγένετο
3415 4849 3567 4918 φωνὴ
3599 4847 3707 4918 (57)

463 4946 667 5001 factum
718 4956 799 5003 est
832 4956 914 5005 ter
946 4968 960 5005 :
990 4958 1045 5004 et
1095 4958 1374 5020 receptqu
1436 4956 1522 5004 est
1570 4963 1667 5004 vas
1710 4948 1768 5002 in
1808 4948 1997 5003 coelum

2175 4966 2207 5003 κ
2232 4950 2508 5021 δευτέρου,
2542 4948 2793 5020 λέγουσα·
2835 4969 2853 5000 ι
2886 4951 2953 5001 Ἀ
2982 4950 3010 5001 ό
3044 4947 3177 5010 Θεὸς
3196 4943 3511 5014 ἐκαθάρισε,
3548 4940 3611 4992 σὺ
3632 4940 3709 5009 μὴ

534 5091 577 5160 ξι
608 5087 747 5146 Gen.
776 5106 924 5155 thx,
962 5092 1063 5160 l0;
1093 5091 1149 5157 9,
1181 5091 1236 5144 in
1269 5088 1445 5156 LXX;
1477 5089 1581 5144 lsa.
1613 5106 1688 5160 xl,
1721 5090 1776 5160 1ἶ
1802 5089 1846 5121 ⁵⁸
1876 5090 1981 5145 lsa.
2016 5104 2068 5144 tx

2128 5089 2182 5145 6.
2260 5090 2305 5121 "
2339 5090 2461 5147 Act.
2497 5107 2536 5145 ι.
2631 5090 2677 5122 ⁸⁸
2706 5088 2852 5145 Psal.
2900 5104 3056 5155 cvm,
3092 5089 3144 5143 1.
3220 5088 3268 5120 ⁹⁸
3300 5085 3423 5140 Act.
3455 5099 3547 5146 xv,
3586 5083 3639 5138 5.

464 5160 510 5192 "
540 5159 675 5216 Ibid.
711 5160 760 5216 7.
836 5163 879 5193 "
907 5162 1026 5218 Act.
1061 5179 1118 5220 ι.
1191 5161 1238 5192 ⁸⁸
1270 5160 1408 5215 Ibid.
1438 5160 1524 5214 15.
1600 5159 1801 5216 "Ibid.
1825 5161 1913 5217 15.

1766 5291 2134 5349 VABIOBUM
2168 5291 2401 5348 ΝΟΤᾹΞ.

541 5418 833 5492 (5ὖ)Πρρς
862 5417 1024 5482 τούς,
1080 5424 1187 5469 etc.
1245 5413 1407 5470 Deest
1469 5411 1759 5481 inscriptio
1807 5411 1862 5464 in
1909 5409 2036 5465 cod.
2142 5402 2866 5492 veterrimusthalrenmus
2901 5408 3114 5489 ιίὺειιι,
3138 5400 3509 5492 ςεββ-ξ,
3531 5407 3705 5492 (etiam

476 5472 914 5548 “addubitas.
1225 5554 1238 5563 _
1398 5552 1413 5563 _
1479 5510 1539 5563 ’χ
1602 5549 1617 5563 ε
1648 5472 1707 5563 ἠ
2141 5480 2569 5563 Chrysostthus
2590 5497 2704 5563 :_ex_
2726 5496 2835 5563 quo
2864 5472 3504 5563 corrigendae—editiones
3529 5472 3709 5529 OEcu-

545 5510 710 5547 noon.
742 5510 914 5546 hum.
1522 5510 1525 5515 η

541 5561 655 5632 (51)
690 5562 952 5632 Ἐθεσιν.
986 5556 1194 5632 ’Ἅπασι
1225 5554 1280 5632 in
1312 5552 1438 5607 cod.
1479 5549 1643 5632 Yind.
1668 5551 1875 5632 CLsnn.“

1522 5510 1525 5515 ”
2141 5510 2602 5552 υιιιιδυθιυηιυθς
2637 5510 2702 5536 ει
2726 5510 2835 5551 quu
2864 5510 2942 5534 LUI

1408 5552 1438 5607 Ι.
1479 5549 1643 5632 Yind.
1668 5551 1875 5632 Ccsnn.“
2140 5552 2318 5632 menii‘
2336 5550 2843 5632 et_‘1‘heophylacti.
2870 5547 2942 5632 Ia.

546 5563 631 5632 [51
690 5562 952 5616 Ἐθεσιν.
986 5561 1194 5609 Ἅπασι
1225 5561 1280 5608 in
1312 5561 1438 5607 cod.
1482 5561 1643 5606 Vind.
1668 5561 1837 5606 Cum.

546 5561 658 5701 (ssi
693 5630 1092 5702 Ζητήᾳαντες.
1126 5623 1222 5679 Vir
1250 5624 1445 5679 doctus
1481 5620 1722 5678 Joannes
1762 5621 1995 5678 Dallaéus
2019 5664 2034 5691 ,

2172 5561 2308 5605 uenit
2336 5561 2390 5606 et
2424 5561 2843 5622 'l'heophylactt.
2871 5561 2943 5602 In.

2212 5622 2326 5702 (57)
2366 5620 2698 5702 Macte;
2750 5620 2808 5674 ln
2858 5620 3035 5676 altero
3062 5616 3188 5675 cod.
3212 5625 3316 5682 est,
3373 5613 3537 5669 πάλιν
3569 5615 3706 5685 φωνὴ

477 5691 1060 5771 ζηέήάοντέςο’(ῖρτ-ξ
1166 5765 1212 5771 .-
1377 5763 1443 5771 -.
1675 5760 1690 5771 -
1924 5762 1935 5771 .

1377 5764 1392 5771 _
1432 5763 1443 5771 _
1675 5760 1690 5771 _
1924 5762 1935 5771 .
2139 5692 2205 5747 ἐκ
2232 5691 2326 5747 τοῦ
2359 5692 2609 5764 οὐρανοῦ.
2652 5691 2799 5749 CLss

552 5760 664 5839 (56)
707 5760 808 5824 Ἐκ
836 5769 994 5839 ὑμῖν.
1040 5766 1117 5828 lta
1160 5763 1557 5824 Alexandrinus
1590 5760 1761 5818 codex
1790 5762 2035 5820 omnium

2956 5860 2986 5871 ι.
