3886 6190
208 376 319 434 οιει

1089 379 1690 439 CONSTITUTIONES
1724 381 2199 439 APOSTOLICAS.
2236 415 2305 422 —
2337 383 2467 438 LIB.
2506 381 2595 437 Vl.

3342 388 3455 445 966.

206 490 430 554 αὐτούς.
474 492 776 563 Προσέχετε
834 493 929 547 ἀπ’
955 495 1155 549 αὐτῶν.
1231 497 1649 568 Ἀναστήσονται
1680 497 1789 569 γὰρ

1891 501 1961 554 ab
1988 500 2069 554 eis
2107 499 2168 554 “.
2196 497 2502 568 Exsurgent
2523 499 2666 553 enim
2698 501 3117 570 pscudochristi,
3147 511 3202 558 et
3228 504 3464 575 pseudo-

205 584 582 656 ψευδόχριστοι
634 587 728 639 καὶ
776 585 1251 658 ψευδοπροφῆται,
1312 590 1407 642 καὶ
1456 589 1791 662 πλανήσουσι

203 676 463 741 πολλούςι
486 696 505 730 ι

736 771 1130 824 ΚΕΦΑΛΔΙΟΝ
1166 773 1261 824 1Δ’.

211 862 382 928 Τίνες
400 864 457 916 οἱ
485 861 856 929 κηρύξαντες
880 862 994 929 τὴν
1013 863 1343 932 καθολικὴν
1370 863 1790 932 διδασκαλίαν,

413 932 512 986 καί
540 933 675 985 τινα
702 933 774 985 τὰ
812 932 886 986 δι’
910 931 1111 987 αὐτῶν
1136 934 1614 1003 παραγγέλματα.

282 1026 359 1080 Δι’
387 1024 480 1088 οὓς
509 1026 601 1077 καὶ
627 1027 789 1095 ἡμεῖς
835 1024 932 1091 νῦν
980 1025 1073 1077 ἐπὶ
1103 1024 1162 1077 τὸ
1193 1001 1324 1078 αὺτδ
1342 1001 1653 1095 γενόμενοι,
1685 1026 1792 1079 Ηέ-
1887 1001 1893 1005 ί

203 1135 337 1189 τρος
367 1118 461 1171 καὶ
503 1117 772 1189 Ἀνδρέας,
819 1116 1074 1180 Ἰάκωϐος
1127 1118 1219 1171 καὶ
1281 1118 1532 1190 Ἰωάννης
1560 1122 1665 1185 υἱοὶ
1692 1123 1791 1174 Ζε-

203 1208 423 1261 ϐεδαίου
444 1247 459 1272 ,
517 1208 782 1272 Φίλιππος
835 1209 932 1261 καὶ
978 1207 1398 1279 Βαρθολομαῖος,
1441 1210 1639 1283 Θωμᾶς
1697 1213 1793 1266 καὶ

201 1300 506 1364 Ματθαῖος,
534 1300 787 1364 Ἰάκωϐος
812 1300 1061 1370 Ἀλφαίου
1096 1301 1191 1354 καὶ
1215 1301 1481 1366 Λεϐϐαῖος
1510 1305 1538 1356 6
1566 1304 1792 1375 ἐπικλη-

192 1396 325 1457 θεὶς
353 1394 627 1459 Θαδδαῖος,
660 1394 754 1449 καὶ
781 1395 964 1464 Σίμων
993 1394 1022 1445 ὁ
1050 1394 1379 1463 Κανανίτης,
1420 1396 1513 1448 καὶ
1544 1395 1793 1461 Ματθίας

201 1488 235 1541 6
255 1488 380 1541 ἀντὶ
423 1488 588 1541 Ἰούδα
615 1486 1053 1556 καταψηφισθεὶς
1105 1488 1239 1557 ἡμῖν
1264 1487 1351 1518 ¹⁹’·
1395 1487 1649 1552 Ἱάκωϐός
1677 1502 1737 1541 τε
1762 1491 1791 1543 6

200 1578 303 1631 τοῦ
332 1579 536 1650 Κυρίου
591 1578 820 1648 ἀδελφὸς
876 1578 974 1632 καὶ
1043 1576 1430 1649 Ἱεροσολύμων
1476 1579 1789 1645 ἐπίσκοπος,

201 1669 304 1722 καὶ
334 1669 545 1733 Παῦλος
572 1672 601 1723 6
628 1669 738 1723 τῶν
767 1670 940 1724 ἐθνῶν
991 1668 1330 1734 διδάσκαλος,
1384 1671 1444 1724 τὺ
1473 1672 1665 1738 σκεῦος
1691 1675 1792 1745 τῆς

197 1761 458 1831 ἐκλογῆς,
512 1762 628 1833 ἅμα
674 1762 876 1825 πάντες
931 1762 1025 1815 καὶ
1081 1762 1173 1815 ἐπὶ
1219 1762 1279 1817 τὸ
1324 1764 1456 1817 αὐτὸ
1484 1765 1786 1836 γενόμενοι,

1894 592 2192 662 ριόριιοῑαξ,
2223 599 2277 645 et
2304 590 2566 646 seducent
2590 592 2792 645 multos
2822 592 2887 647 ⁸⁷.
2913 612 2934 644 ν

2467 786 2694 841 CAPUT
2738 787 2878 843 XIV.

1894 875 2000 943 Qui
2018 877 2360 947 pra’dicarint
2412 878 2731 954 catholicam
2773 879 3089 947 doctrinam,
3138 893 3186 937 et
3213 899 3331 954 quia
3358 885 3465 939 sint

2404 948 2619 1002 illorum
2655 959 2936 1019 praecepta.

1963 1036 2191 1108 Propter
2240 1056 2396 1110 quos,
2456 1056 2603 1095 nunc
2651 1041 2708 1097 in
2764 1058 2931 1097 unum
2988 1033 3301 1115 congregati
3338 1061 3463 1113 nos,

1892 1125 2088 1183 Petrus
2120 1136 2173 1183 et
2213 1129 2479 1195 Andreas,
2530 1130 2769 1187 Jacobus
2795 1140 2851 1191 et
2896 1133 3135 1191 Joannes
3168 1137 3263 1192 ﬁlii
3293 1138 3467 1196 Zebe-

1893 1218 2016 1283 diei,
2074 1219 2358 1293 Philippus
2388 1232 2442 1278 et
2497 1223 2951 1289 Bartholomteus,
2980 1226 3217 1285 Thomas
3246 1237 3301 1284 et
3328 1229 3465 1284 Mat-

1895 1312 2097 1379 thaeus,
2151 1312 2390 1369 Jacobus
2427 1315 2633 1387 Alphaai
2688 1325 2742 1371 ct
2789 1316 3053 1375 Lehbazus
3106 1332 3466 1391 cognomento

1893 1404 2221 1471 Thaddteus,
2252 1422 2315 1461 ac
2338 1406 2526 1461 Simon
2556 1407 2898 1465 Chananeus
2921 1411 2964 1449 ⁸·
3009 1411 3465 1470 ctMatthiasioco

1892 1495 2046 1551 Iudae
2072 1504 2464 1555 annumeratus
2494 1500 2779 1556 nobiscum
2816 1502 2895 1567 ¹⁹;
2930 1503 3058 1557 item
3090 1501 3330 1561 Jacobus
3351 1505 3465 1560 fra-

1888 1594 1976 1642 ter
2013 1586 2263 1652 Domini,
2295 1590 2586 1660 episcopus
2616 1589 3172 1662 liierosolymitanus,
3202 1609 3304 1650 nec
3352 1610 3465 1651 non

1890 1676 2093 1733 Paulus
2131 1680 2371 1750 gentium
2426 1680 2616 1735 doctor
2644 1678 2714 1745 ’°,
2761 1695 2859 1735 vas
2910 1681 3193 1739 electionis
3231 1683 3297 1749 ³³,
3356 1698 3465 1738 una

1892 1782 2082 1825 omnes
2110 1771 2445 1841 congregati,
2472 1770 2613 1825 hanc
2638 1771 2966 1827 catholicam
2995 1774 3297 1828 doctrinam
3327 1775 3467 1831 scri-

197 1853 523 1924 ὲγράψαμεν
579 1854 708 1925 ὑμῖν
732 1854 832 1925 τὴν
865 1853 1157 1926 καθολικὴν
1186 1854 1387 1926 ταύτην
1418 1856 1787 1924 διδασκαλίαν,

1893 1861 2104 1930 psinius
2135 1862 2312 1927 vobis,
2372 1861 2439 1916 ad
2490 1862 2893 1919 conﬁrmandos
2944 1873 2996 1920 et
3029 1865 3464 1923 corroborandos

196 1947 285 2007 εἰς
312 1946 710 2016 ἐπιστηριγμὸν
743 1944 917 2015 ὑμῶν,
950 1945 1058 1998 τῶν
1095 1945 1192 2016 τὴν
1225 1946 1454 2000 καθόλου
1484 1949 1790 2020 ἐπισκοπὴν

197 2037 316 2108 (68)
358 2037 850 2108 πεπιστευμένων·
908 2038 967 2089 ἐν
1023 2029 1056 2108 ᾖ
1113 2036 1382 2108 δηλοῦμεν
1437 2039 1597 2109 ὑμῖν,
1657 2040 1790 2096 Θεὸν

196 2129 621 2201 παντοκράτορα
681 2129 779 2181 ἕνα
827 2129 985 2198 μόνον
1034 2129 1329 2199 ὑπάρχειν,
1371 2132 1503 2201 παρ’
1531 2131 1589 2184 ὂν
1632 2132 1790 2197 ἄλλος

192 2223 302 2274 οὐκ
328 2221 472 2274 ἐστι’
503 2222 598 2275 καὶ
626 2220 788 2275 αὑτὸν
822 2220 980 2291 μόνον
1005 2220 1183 2272 σέϐειν
1214 2221 1307 2274 καὶ¹
1335 2222 1789 2292 προσκυνεῖν,διά

207 2312 389 2381 Ἰησοῦ
417 2313 653 2383 Χριστοῦ
709 2312 803 2365 τοῦ
838 2311 948 2382 (69)
982 2312 1189 2383 Κυρίου
1244 2312 1425 2383 ἡμῶν,
1458 2314 1516 2365 ἐν
1541 2313 1620 2383 τῷ
1660 2330 1790 2369 παν-

193 2403 341 2472 αγίῳ
389 2403 694 2473 Πνεύματι·
754 2405 846 2456 καὶ
874 2406 993 2466 ταῖς
1034 2405 1205 2475 ἱεραῖς
1258 2406 1501 2475 Γραφαῖς
1528 2405 1784 2476 χρῆσθαι,

191 2494 351 2565 νόμῳ
378 2495 473 2548 καὶ
498 2495 835 2566 προφήταις·
858 2497 1037 2563 γονεῖς
1067 2497 1253 2566 τιμᾷν·
1282 2495 1497 2550 ἃπασαν
1517 2496 1786 2568 ἔκθεσμον

192 2588 400 2658 πρᾶξιν
418 2587 638 2658 φεύγειν
656 2606 670 2618 ·
689 2587 987 2641 ἀνάστασιν
1020 2588 1317 2654 πιστεύειν,
1341 2591 1435 2642 καὶ
1464 2589 1666 2661 κρίσιν’
1692 2590 1787 2644 καὶ

191 2680 550 2733 ἀνταπόδοσιν
567 2680 874 2751 προσδοκᾷν
890 2698 903 2711 ·
924 2681 1151 2744 καὶτοῖς
1178 2682 1471 2753 κτίσμασιν
1496 2682 1659 2736 αὑτοῦ
1688 2685 1787 2737 πᾶ-

194 2789 285 2826 σιν
316 2773 653 2844 εὐχαρίστως
699 2772 1119 2845 προσέρχεσθαι,
1143 2774 1219 2837 ὼς
1244 2774 1377 2827 Θεοῦ
1409 2774 1593 2846 ἔργοις
1614 2814 1630 2838 ,
1690 2777 1787 2830 καὶ

195 2865 371 2935 μηδὲν
423 2867 480 2917 ἐν
531 2868 744 2929 ἑαυτοῖς
800 2865 984 2935 έχουσι
1014 2865 1234 2934 φαῦλον·
1284 2865 1379 2918 καὶ
1406 2869 1605 2936 γαμεῖν
1632 2868 1786 2937 νομί-

195 2972 339 3027 μως,
396 2957 682 3027 ἄμεμπτος
736 2956 846 3028 γὰρ
899 2957 929 3010 6
985 2959 1229 3019 τοιοῦτος
1281 2956 1496 3026 γάμοςο
1552 2958 1637 3011 ὅτι
1691 2959 1785 3012 καὶ

197 3062 219 3097 ι
240 3046 393 3118 παρὰ
425 3047 630 3118 Κυρίου
678 3047 979 3120 ἁρμόζεται
1035 3048 1172 3118 γυνὴ
1200 3047 1384 3119 εῙινδρί⁹
1426 3066 1444 3099 υ
1486 3049 1583 3102 καὶ
1609 3050 1638 3102 6
1666 3048 1783 3102 Κύ-

1888 1966 2009 2013 vos,
2042 1950 2242 2019 quibus
2276 1951 2603 2007 universalis
2652 1952 2998 2023 episc0patus
3036 1953 3280 2009 creditus
3327 1962 3413 2009 est
3445 1973 3460 2009 :

1890 2042 1947 2095 in
2003 2057 2109 2111 qua
2160 2042 2534 2113 signiﬁcamus
2588 2044 2764 2108 vobis,
2818 2042 2985 2099 Deum
3037 2045 3463 2116 omnipotentem

1888 2150 2058 2188 unum
2110 2136 2374 2189 duntaxat
2450 2134 2705 2198 existere,
2764 2142 2962 2205 praeter
3017 2152 3178 2206 quem
3228 2152 3335 2191 non
3393 2137 3467 2195 sit

1888 2227 2070 2293 alius;
2130 2226 2277 2279 hunc
2309 2226 2485 2280 solum
2536 2226 2828 2281 colendum
2881 2240 2946 2280 ac
2974 2227 3338 2291 adorandum,
3368 2242 3465 2297 per

1886 2315 2072 2371 Jesum
2099 2317 2377 2372 Christum
2417 2315 2707 2371 Dominum
2729 2325 3000 2382 nostrum,
3032 2317 3088 2371 in
3111 2318 3463 2373 sanctissimo

1890 2407 2134 2479 Spiritu;
2165 2412 2425 2464 utendum
2479 2409 2653 2465 sacris
2686 2408 3009 2479 Scripturis,
3063 2410 3182 2481 lege
3238 2424 3304 2463 ac
3333 2425 3464 2480 pro-

1885 2501 2099 2573 phetis;
2151 2500 2498 2555 honorandos
2540 2506 2830 2569 parentes;
2884 2500 3195 2570 fugiendam
3242 2514 3461 2556 omnem

1887 2595 2160 2650 actionem
2206 2594 2446 2663 iniquam
2475 2610 2488 2657 ;
2521 2593 2871 2651 credendum.
2908 2592 3366 2649 resurrectionem
3395 2605 3464 2648 ac

1881 2685 2148 2757 judicium
2181 2684 2328 2750 fore;
2364 2683 2786 2754 exspectandam
2836 2684 3283 2751 retributionem;
3334 2698 3460 2737 cum

1885 2778 2179 2848 gratiarum
2239 2777 2457 2831 actione
2512 2776 2775 2833 utendum
2830 2776 2888 2831 in
2940 2776 3067 2831 cibo
3092 2776 3310 2832 cunctis
3365 2774 3462 2832 Dei

1885 2871 2171 2931 creaturis,
2208 2878 2397 2938 utpote
2422 2884 2452 2923 a
2477 2868 2587 2924 Deo
2618 2868 2798 2931 factis,
2837 2868 3085 2939 nihilque
3122 2867 3273 2940 pravi
3305 2868 3362 2922 in
3400 2883 3463 2924 se

1886 2961 2215 3016 habentibus
2242 2978 2255 3027 ;
2283 2960 2694 3015 matrimonium
2721 2959 2963 3029 legitime
2986 2959 3458 3025 contrahendum;

1883 3053 1992 3107 tale
2021 3052 2164 3107 enim
2195 3052 2357 3122 culpa
2384 3059 2578 3117 vacat;
2612 3051 2739 3121 quia
2766 3058 2822 3105 et
2858 3069 2877 3102 ι
2908 3065 2938 3104 a
2970 3050 3201 3106 Domino
3239 3058 3461 3122 aptatur

194 3155 315 3209 ριος
343 3137 492 3207 λέγει
516 3155 529 3169 ο
567 3158 585 3191 ι
630 3139 686 3196 '0
714 3141 945 3211 ποιήσας
974 3139 1071 3193 ἀπ’
1105 3140 1303 3210 ἀρχῆς,
1335 3141 1501 3212 ἄρσεν
1529 3143 1621 3195 καὶ
1650 3142 1780 3214 θῆλυ

1890 3161 2023 3200 uxor
2053 3145 2171 3200 viro
2202 3145 2279 3211 ";
2307 3164 2326 3197 ι
2352 3151 2406 3199 et
2422 3143 2687 3199 Dominus
2714 3144 2821 3198 ait:
2859 3163 2877 3197 ι
2901 3142 3007 3211 Qui
3038 3144 3165 3200 fecit
3189 3145 3256 3197 ah
3279 3144 3454 3211 initio,

192 3232 453 3300 ἐποίησεν
490 3233 708 3295 αὐτοὺς,
748 3232 842 3285 καὶ
875 3226 1028 3285 εἶπεν
1054 3246 1068 3261 ⁶
1120 3232 1344 3284 Ἕνεκεν
1378 3232 1572 3286 τούτου
1614 3248 1785 3287 κατα-

1890 3234 2192 3290 masculum
2225 3241 2280 3288 et
2327 3232 2586 3288 feminam
2615 3233 2743 3287 fecit
2759 3247 2876 3297 eos,
2921 3240 2976 3287 et
3001 3233 3179 3287 dixit:
3226 3232 3458 3304 Propter

190 3321 371 3392 λείψει
397 3323 685 3393 ἄνθρωπος
714 3323 807 3377 τὸν
856 3322 1070 3395 πατέρα
1099 3321 1264 3375 αὐτοῦ
1295 3323 1390 3377 καὶ
1420 3322 1517 3394 τὴν
1548 3324 1783 3397 μητέρα,

193 3416 292 3467 καὶ
324 3414 860 3486 προσκολληθήσεται
887 3417 954 3485 τῇ
982 3414 1205 3482 γυναικὶ
1233 3414 1421 3477 αὑτοῦ,
1452 3415 1545 3468 καὶ
1572 3415 1784 3470 ἔσονται

188 3508 242 3560 οξ
274 3506 372 3559 δύο
396 3507 478 3569 είς
506 3505 686 3578 σάρκα
719 3507 866 3577 μίαν.
884 3524 902 3557 ι
929 3507 1081 3577 Μήτε
1106 3504 1209 3576 μὴν
1233 3504 1367 3574 μετὰ
1386 3505 1561 3576 γάμον
1590 3507 1785 3561 ἐκϐάλ-

190 3599 306 3651 λειν
335 3598 757 3667 ἀκατάγνωστον
785 3596 1007 3661 ἐξέστω.
1046 3614 1065 3648 ι
1093 3595 1305 3666 Φυλάξῃ
1334 3595 1463 3667 γὰρ,
1494 3597 1650 3668 φησὶ,
1704 3596 1784 3669 τῷ

191 3692 468 3761 πνεύματί
503 3707 628 3744 σου’
688 3690 787 3743 καὶ
811 3691 1048 3758 γυναῖκα
1102 3687 1352 3757 νεότητός
1392 3705 1485 3740 σου
1517 3688 1590 3759 μὴ
1619 3691 1785 3758 ἐγκα-

191 3784 429 3853 nam;
443 3801 456 3813 ·
477 3784 559 3836 ὅτι
580 3781 716 3853 αὐτὴ
732 3780 1222 3851 κοινωνὸς(70)βίου
1237 3797 1353 3844 σου,
1366 3779 1461 3833 καὶ
1474 3778 1783 3854 ὑπόλειμμα

190 3877 260 3909 ⁸³·
290 3874 598 3946 πνεύματός
629 3892 719 3927 σου
748 3892 761 3905 ·
779 3874 873 3927 καὶ
899 3872 1010 3941 ἐγὼ
1039 3872 1290 3942 ἐποίησα,
1320 3872 1414 3926 καὶ
1441 3873 1541 3925 οὐκ
1569 3873 1776 3937 ἄλλος.»

189 3969 396 4020 Φάοκει
424 3967 532 4039 γὰρ
559 3969 587 4019 6
616 3967 848 4038 Κύριος,
883 3966 987 4030 ὅτι,
1022 3965 1125 4017 ιἊ
1155 3965 1183 4018 ὁ
1212 3964 1344 4027 Θεὸς
1387 3963 1602 4031 ἔζευξεν
1647 3965 1778 4037 (71),

192 4059 479 4130 ἄνθρωπος
511 4059 585 4130 μὴ
617 4058 946 4129 χωριζέτω.)
984 4056 1048 4110 Ἠ
1079 4056 1187 4128 γὰρ
1214 4056 1349 4127 γυνὴ
1377 4056 1633 4120 κοινωνός
1662 4058 1779 4111 ἐστι

194 4151 336 4220 βίου,
366 4151 629 4220 ἑνουμένη
657 4152 736 4213 εἰς
767 4149 825 4202 ἐν
859 4148 1015 4220 σῶμα
1045 4151 1109 4202 ἐκ
1137 4149 1229 4203 δύο
1257 4148 1408 4219 παρὰ
1437 4148 1549 4218 (72)
1601 4148 1736 4203 Θεοῦ
1762 4169 1775 4182 ·

192 4245 222 4296 6
250 4244 307 4297 δὲ
335 4244 397 4296 τὸ
426 4243 484 4296 ἒν
512 4243 780 4297 ἀνάπαλιν
806 4242 1028 4313 διαιρῶν
1056 4242 1137 4305 εἰς
1166 4241 1279 4305 δύο,
1306 4241 1500 4314 ἐχθρὸς
1525 4242 1781 4316 δημιουρ.

191 4335 321 4403 γίας
378 4332 535 4397 Θεοῦ,
592 4335 685 4387 καὶ
737 4333 994 4405 προνοίας
1041 4332 1143 4404 τῆς
1197 4333 1405 4387 ἐκείνου
1462 4333 1773 4399 ἀντίπαλος.

202 4426 481 4489 Ὡσαύτως
497 4429 526 4479 6
546 4427 791 4496 κατέχων
818 4425 915 4497 τὴν
946 4425 1395 4497 παραφθαρεῖσαν
1417 4426 1548 4498 (75),
1563 4426 1777 4496 φύσεως

1884 3327 1989 3381 hoc
2026 3326 2301 3395 relinquet
2330 3323 2493 3379 homo
2530 3330 2739 3394 patrem
2781 3338 2943 3378 suum
2998 3337 3063 3377 ac
3110 3329 3372 3388 matrem,
3402 3332 3460 3381 et

1880 3418 2176 3473 adhaerebit
2248 3416 2406 3471 uxori
2455 3429 2607 3483 suae;
2687 3423 2741 3471 et
2792 3422 2955 3469 erunt
3013 3415 3124 3469 duo
3174 3414 3231 3469 in
3286 3430 3457 3478 carne

1885 3525 1992 3564 una
2045 3510 2144 3564 η.»
2202 3507 2321 3562 Non
2346 3522 2497 3580 ergo,
2524 3516 2649 3577 post
2685 3507 2905 3577 nuptias
2946 3507 3109 3561 liceat
3148 3507 3348 3576 ejicere
3375 3507 3457 3562 in-

1882 3602 2177 3672 culpatam.
2214 3619 2232 3652 ι
2262 3598 2555 3657 Custodies
2578 3597 2746 3661 enim,
2774 3598 2972 3669 inquit,
2998 3598 3251 3667 spiritum
3275 3605 3451 3665 tuum;

1880 3701 1936 3747 et
1972 3706 2195 3746 uxorem
2233 3690 2616 3745 adolescentiae
2643 3696 2749 3743 tua:
2789 3705 2856 3744 ne
2881 3689 3257 3759 derelinquas;
3314 3703 3455 3759 quo-

1882 3784 2027 3837 niam
2062 3783 2175 3837 haec
2222 3781 2496 3853 particeps
2538 3787 2645 3835 tua:
2674 3780 2819 3846 vitae,
2869 3788 2924 3835 et
2956 3780 3200 3851 reliquiae
3227 3780 3455 3849 spiritus

1880 3876 1989 3942 tui;
2016 3883 2070 3929 et
2097 3890 2197 3944 ego
2220 3873 2344 3935 feci,
2370 3881 2424 3927 et
2452 3888 2561 3927 non
2592 3872 2732 3926 alius
2762 3871 2861 3924 “.i
2896 3869 3034 3925 Nam
3075 3870 3341 3926 Dominus
3368 3872 3455 3926 di-

1880 3969 1992 4022 cit:
2053 3984 2073 4019 ι
2103 3966 2234 4032 Quae
2279 3964 2423 4020 Deus
2468 3963 2673 4033 junxit,
2722 3962 2890 4017 homo
2942 3978 3053 4017 non
3103 3973 3320 4033 separet
3349 3964 3447 4018 ".i

1880 4057 2031 4114 Uxor
2054 4057 2276 4128 quippe,
2307 4071 2536 4112 consors
2562 4062 2647 4110 est
2684 4054 2827 4118 vitae,
2863 4070 2931 4108 ex
2956 4052 3171 4109 duobus
3201 4054 3257 4108 in
3283 4068 3451 4108 unum

1879 4167 2080 4222 corpus
2102 4165 2134 4204 a
2166 4150 2276 4204 Deo
2304 4150 2541 4204 adunata
2566 4165 2579 4202 ε
2608 4147 2703 4218 qui
2755 4154 2936 4201 autem
2969 4161 3138 4200 unum
3169 4160 3363 4200 rursus
3393 4144 3451 4199 in

1880 4243 1991 4298 duo
2017 4242 2246 4305 dirimit,
2286 4241 2461 4295 hostis
2515 4248 2601 4295 est
2648 4239 2946 4293 creationis
2974 4236 3091 4301 Dei,
3148 4245 3203 4293 et
3253 4236 3450 4292 divinae

1877 4333 2231 4405 providentiae
2259 4330 2625 4386 adversarius.
2684 4326 2945 4382 Similiter
2991 4326 3086 4395 qui
3131 4331 3446 4394 corruptam

1878 4424 2098 4486 retinet,
2130 4429 2337 4476 natura:
2366 4420 2535 4489 legem
2588 4417 2790 4484 violat;
2834 4412 3272 4486 quandoquidem
3301 4430 3320 4464 ι
3350 4412 3446 4482 qui

180 4502 396 4591 Decimi";
424 4520 739 4591 παράνομος
771 4516 885 4590 (74)
906 4535 920 4548 ·
980 4516 1209 4589 ἐπείπερ
1266 4537 1284 4569 ι
1320 4519 1348 4570 6
1376 4518 1621 4589 κατέχων
1650 4536 1772 4590 μοι-

1890 4515 2073 4569 retinet
2104 4513 2422 4570 adulteram.
2448 4508 2650 4561 stultus
2669 4512 2755 4559 est
2795 4511 2848 4558 et
2874 4504 3073 4572 impius
3091 4502 3154 4556 ".
3174 4499 3446 4593 Abscinde

267 4655 311 4686 ¹⁶
342 4655 534 4709 Matth.
557 4669 655 4718 vn,
690 4652 827 4707 i5."
857 4651 1045 4705 Matth.
1080 4667 1229 4715 xxw,
1261 4651 1351 4705 24.

192 4728 235 4757 ’³
289 4726 409 4781 Aet.
461 4741 535 4789 ut,
576 4725 657 4778 15.
762 4721 807 4751 ³³
836 4720 997 4776 Prov.
1025 4723 1248 4782 xm”.

189 4798 236 4828 "
265 4796 457 4851 Matth.
492 4812 602 4853 im.
634 4793 689 4846 6.
766 4789 816 4822 “
838 4789 1005 4870 Prov.
1033 4807 1191 4855 xvnt,
1231 4791 1321 4845 22.

1325 4725 1369 4753 ³³
1404 4721 1592 4777 Matth.
1616 4737 1728 4788 xu,
1763 4723 1817 4775 4.

1444 4652 1487 4684 ⁸⁸
1521 4651 1711 4706 Matth.
1747 4668 1794 4713 κ.

1890 4693 1895 4706 ,
1975 4648 2017 4680 ¹⁹
2047 4647 2169 4700 Act.
2226 4658 2267 4706 ι,
2316 4642 2406 4697 26.
2485 4642 2550 4713 ¹⁹ξ
2579 4641 2649 4696 al.
2683 4641 2777 4694 σὺν
2804 4640 2990 4713 ἡμῖνί-
3012 4634 3090 4713 ’91
3125 4634 3437 4713 Tim._u,_7.

1959 4720 2027 4751 η·
2069 4718 2140 4771 ει,
2181 4705 2372 4785 λῆμμα
2403 4727 2501 4783 pro
2528 4710 2754 4781 λεῖμμα.
2825 4705 2911 4739 Ἶδ
2940 4705 3066 4761 Mal.
3105 4723 3165 4772 It,
3217 4706 3305 4771 15,
3350 4705 3437 4761 M.

1544 4939 1909 4998 VARIORUM
1943 4939 2179 4996 NOTAE.

259 5065 371 5130 (68)
415 5064 534 5135 Τὴν
560 5074 821 5135 καθόλου
853 5058 1211 5135 ἐπισκοπήγ.
1243 5056 1311 5135 In
1325 5060 1581 5135 liturgiis,
1596 5061 1760 5115 etiam

178 5126 490 5193 Clementis
510 5135 671 5200 intra,
704 5126 885 5205 πάσης
906 5126 1237 5205 ἐπισκοπῆς.
1268 5126 1410 5193 Quia
1435 5126 1767 5205 episcopatus

183 5226 323 5263 unus
385 5216 464 5261 est
524 5216 678 5277 atque
722 5201 1012 5277 indiuisus,
1063 5204 1425 5273 episcoporum
1477 5201 1769 5277 multorum

186 5278 438 5333 concordi
468 5273 841 5330 numerositate
864 5276 1091 5343 cli/fusus
1128 5285 1176 5328 et
1213 5288 1374 5326 unum
1413 5286 1506 5340 per
1535 5273 1768 5328 diversus

188 5352 461 5404 antistites
486 5348 866 5401 sacerdotium.
893 5346 1064 5399 CLER.

261 5419 372 5489 (69)
412 5418 515 5469 Διὰ
542 5416 669 5489 τοῦ,
700 5426 805 5469 etc.
830 5415 923 5489 Sic
954 5413 1100 5482 loqui
1124 5412 1370 5489 solebant
1400 5408 1611 5489 Ariani,
1630 5423 1754 5489 cum

184 5479 433 5545 dicerent
468 5502 527 5541 se
553 5485 781 5539 adorare
830 5479 1065 5543 Patreni,
1126 5499 1218 5551 per
1268 5479 1547 5551 Filiuiuet
1581 5479 1752 5551 Spiri-

182 5569 301 5614 tum
334 5564 585 5613 sanctum
607 5597 622 5619 ,
654 5565 713 5609 ut
740 5554 907 5609 veluti
932 5549 1223 5606 innucrent
1246 5567 1352 5604 non
1385 5549 1575 5603 eodem
1598 5550 1749 5619 cultu

182 5645 313 5686 cum
342 5628 502 5684 Patre
523 5628 630 5681 coli
663 5624 858 5678 Filium
908 5634 961 5677 et
1001 5622 1095 5691 Sp.
1136 5620 1192 5675 S.
1222 5620 1497 5691 ideoque;
1538 5627 1595 5691 ut
1642 5618 1751 5691 hoc

182 5700 445 5756 librarius
461 5698 796 5753 emendaret.
812 5693 1031 5763 scripsit
1044 5686 1100 5746 in
1122 5694 1292 5763 altero
1307 5686 1405 5743 cod
1417 5686 1625 5763 .VindL:
1641 5688 1752 5763 καὶ

180 5772 274 5837 τὸν
310 5770 513 5839 Κύριον
554 5765 757 5839 Ἰησοῦν
798 5757 1031 5839 Χριστὸν
1068 5762 1161 5839 καὶ
1202 5757 1749 5839 τὸ-πανάγιονῌνεῦ-

308 5829 518 5913 Yereor
543 5829 951 5913 ne'orthodoxi,
976 5832 1158 5886 studio
1187 5830 1539 5913 orthodoxi-ia,
1566 5829 1619 5901 in
1653 5843 1751 5883 an-

183 5897 513 5983 tiquissimis
540 5904 796 5981 Patribus
821 5905 990 5959 multa
1019 5901 1451 5980 emendaveriut.
1471 5897 1640 5977 (Itan.

1937 5058 2048 5127 (70)
2093 5059 2221 5111 Ὅτι
2244 5054 2397 5127 αὐτὴ
2425 5050 2728 5127 κοινωνός.
2746 5046 2887 5127 llaec
2910 5054 2962 5127 et
2990 5060 3141 5116 seqq.
3177 5060 3348 5114 usque
3367 5046 3434 5101 ad

1865 5114 2055 5193 ἄλλως·
2077 5128 2275 5182 desunt
2307 5126 2359 5178 in
2382 5114 2572 5193 altero
2592 5114 2713 5193 cod.
2746 5114 3017 5193 Vind._lo.

1960 5182 2049 5264 71)
2093 5195 2390 5260 Ἕζευξεν.
2421 5187 2764 5264 Συνέζευμξεν,
2794 5189 2850 5264 in
2882 5189 3054 5264 altero
3078 5182 3289 5264 cod_.lo.

1938 5200 2019 5268 (7i
2093 5200 2390 5260 Ἕζευξεν.
2421 5200 2764 5255 Συνέςευςεν,
2794 5205 2850 5265 in
2882 5200 3054 5241 altero
3078 5200 3289 5264 cou_.lo.

1933 5200 2270 5391 (dnfnllapd.
2324 5263 2477 5325 Ὑπό,
2532 5260 2747 5324 melius,
2791 5267 2849 5312 ut
2879 5258 3130 5320 videtur,
3176 5269 3229 5307 In
3258 5252 3432 5307 altero

1859 5339 1980 5393 cod.
2013 5339 2090 5392 In.

1952 5410 2039 5475 75)
2069 5402 2582 5475 Παραφθαρεῖσατς.
2625 5397 2778 5475 Alter
2811 5397 2980 5453 codex
3010 5392 3316 5475 μοιχαλίδα.
3347 5394 3429 5448 lo.

1952 5410 2018 5461 75
2069 5408 2582 5475 Παραφθαρεῖσαν.
2625 5408 2778 5453 Alter
2811 5408 2980 5453 codex
3009 5408 3316 5520 galeamn.
3348 5408 3425 5448 ID.

1926 5408 2039 5549 (74)
2075 5478 2317 5549 Φύσεως
2345 5471 2567 5549 θεσμ-οῦ
2589 5468 3000 5549 Απαρᾴνορρς..
3053 5467 3425 5549 υίψοιιιιςςοζ

1856 5532 1965 5614 tio‘;
2015 5532 2439 5618 quodadu'ltera
2450 5532 2529 5597 sit
2550 5532 2719 5618 etiam.
2736 5532 3063 5618 insidiatrix,
3084 5543 3138 5613 et
3153 5541 3225 5618 ‘ut
3249 5532 3429 5618 aiebat

1856 5602 1966 5682 ille,
2019 5602 2278 5671 veneﬁca.
2326 5613 2479 5667 Addo
2529 5626 2594 5682 ex
2652 5608 2891 5682 Isidoro
2928 5604 3202 5682 Pelusiota
3257 5602 3423 5682 epist.

1858 5672 2067 5750 76,'lih.
2126 5701 2187 5739 m
2214 5705 2227 5739 :
2282 5684 2345 5737 Ἦ
2379 5681 2591 5753 μοιχεία
2642 5678 2818 5753 πάντα
2847 5678 2937 5753 τδν
2968 5675 3104 5753 βίονη
3130 5672 3427 5753 ἀνατρέπει

1972 5738 2326 5828 ἇνθρῷπινοντ
2362 5738 2841 5828 Caeterasuperius
2856 5738 3032 5821 (Patr.
3062 5742 3157 5800 Gr.
3194 5748 3236 5796 t.
3260 5738 3327 5812 ll)
3355 5738 3423 5798 ad

1857 5822 2270 5885 Hermre'Mand.
2313 5841 2385 5892 tv,
2422 5838 2542 5893 cap.
2569 5822 2619 5876 1.
2649 5822 2787 5877 Cor.
3414 5842 3421 5857 μ

2075 5468 2317 5540 Φύσεως
2345 5468 2567 5541 θεσμοῦ
2613 5468 2971 5541 παράνομος·
