3886 6190
490 359 599 421 967
1378 361 1435 419 S.
1472 359 1864 420 CLEMENTIS
1896 361 1917 418 ι
1950 361 2118 421 ROM.
2154 360 2358 421 PONT.
2399 362 2627 420 OPERA
2661 362 2889 421 DUBIA.
3636 369 3740 427 948

488 484 633 539 enim
672 496 813 544 eam,
840 481 1037 549 inquit,
1084 494 1113 533 a
1168 483 1431 540 carnibus
1461 485 1573 539 tuis
1600 484 1701 540 ’νδ
1743 482 1878 537 Nam
1901 482 2040 552 adju-

2161 481 2371 553 χαλίδα,
2417 484 2608 555 ἄφρων
2660 484 2755 537 καὶ
2806 484 3029 557 ἀσεϐής.
3094 484 3358 555 ’Δπδτεμε
3412 486 3528 556 γάρ
3553 485 3747 557 αὐτήν,

488 574 600 629 trix
629 590 737 629 non
766 582 871 638 est,
913 575 1007 630 sed
1038 574 1372 642 insidiatrix,
1403 594 1525 649 qua;
1550 585 1785 634 mentem
1808 576 1875 631 ad
1893 578 2040 631 aliun

2168 575 2353 645 φησὶν,
2384 574 2493 628 ἀπὸ
2522 574 2632 627 τῶν
2662 574 2776 647 (75)
2806 576 3026 647 σαρκῶν
3062 594 3209 629 σου.»
3241 577 3317 630 Ού
3344 576 3455 647 γάρ
3476 576 3597 628 ἐστι
3621 576 3750 646 βοη-

490 666 797 723 declinarit.
828 666 1212 738 Significamus
1248 670 1411 724 etiam
1428 685 1649 725 carnem
1672 685 1782 724 non
1812 679 2040 740 oporteri

2165 664 2276 728 θὸς,
2323 665 2439 718 ἀλλ’
2497 665 2802 729 ἐπίϐουλος,
2862 668 3001 738 πρὸς
3057 667 3214 722 άλλον
3269 667 3618 721 ἀποκλίνασα
3651 666 3747 738 τὴν

487 758 827 818 circumcidi.
865 758 958 812 sed
1006 758 1257 815 ﬁdelibus
1285 760 1536 817 sufﬁcere
1583 762 2062 817 circumcisionem

485 849 670 904 cordis
701 851 754 903 in
795 850 992 920 spiritu
1023 852 1089 905 ".
1130 851 1629 931 «Circumcidimiui
1660 854 1827 915 enim,
1861 852 2060 923 inquit,

487 936 600 993 Deo
627 946 810 994 vestro
831 978 845 1001 ,
874 946 928 993 et
956 938 1337 996 circumcidite
1375 942 1705 1012 prazputium
1754 940 1941 997 cordis
1965 954 2063 996 ve-

486 1031 588 1086 stri
611 1031 675 1085 ”.
693 1051 712 1084 ι

440 1107 453 1133 δ

1065 1209 1294 1267 CAPUT
1332 1209 1447 1267 XV.

482 1301 638 1368 Quod
668 1317 757 1355 nec
781 1312 1016 1373 oporteat
1060 1304 1419 1371 rebaptizare;
1455 1320 1545 1358 nec
1578 1304 1805 1373 recipere
1853 1303 2058 1372 baptis-

553 1389 695 1425 mum
736 1372 800 1423 ab
836 1373 1013 1440 impiis
1057 1374 1345 1436 collatum,
1379 1377 1468 1443 qui
1512 1391 1615 1427 non
1641 1384 1718 1428 est
1763 1374 2056 1443 baptismus

550 1459 641 1496 seu
666 1443 881 1505 lavatio,
916 1445 1003 1496 sed
1035 1445 1509 1514 inquinamentum.

550 1533 738 1587 Itidem
792 1543 1081 1590 contentos
1110 1552 1231 1591 esse
1253 1536 1450 1591 debere
1475 1552 1583 1591 uno
1610 1537 1883 1608 baptismo
1912 1537 2051 1601 solo,

475 1625 535 1679 in
578 1634 807 1680 mortem
862 1624 1071 1680 Domini
1098 1627 1331 1682 traditos
1364 1628 1446 1692 ³⁸,
1493 1643 1602 1683 non
1646 1628 1739 1681 illo
1769 1642 1930 1696 quem
1974 1626 2057 1681 in-

474 1719 643 1775 fausti
689 1720 961 1785 haeretici,
1006 1720 1101 1774 sed
1132 1736 1293 1789 quem
1329 1720 1692 1790 irreprchensi
1738 1719 2051 1775 sacerdotes

2161 757 2419 811 διάνοιαν.
2477 760 2631 829 Μήτε
2664 758 2722 811 δὲ
2776 758 3196 829 περιτέμνεσθαι
3250 758 3351 830 τὴν
3407 760 3613 831 σάρκα,
3646 761 3747 831 ἀρ-

2162 849 2373 904 κεῖσθαι
2420 850 2476 903 δὲ
2503 851 2716 914 πιστοῖς
2770 850 2869 921 τὴν
2922 851 3025 921 τῆς
3059 851 3286 923 καρδίας
3334 850 3644 923 περιτομὴν
3690 854 3749 905 ἐν

2161 940 2455 1012 πνεύματι.
2486 960 2504 992 ι
2540 941 2921 1013 Περιτμήθητε
2941 940 3071 1013 γάρ,
3118 942 3273 1012 φησὶ,
3302 941 3381 1012 τῷ
3570 943 3744 1014 ὑμῶν,

2160 1033 2256 1086 καὶ
2307 1032 2699 1105 περιτέμνεσθε
2769 1032 2871 1103 τὴν
2922 1032 3289 1105 ἀκροϐυστίαν
3351 1032 3455 1103 τῆς
3518 1032 3748 1105 καρδίας

2160 1125 2331 1195 ὑμῶν.
2356 1143 2374 1176 ι

2674 1215 3072 1269 ΚΕΦΑΛΔΙΟΝ
3110 1215 3211 1269 IE"

2158 1309 2286 1363 Ὀτι
2312 1308 2450 1363 οὔτε
2476 1305 2891 1367 ἀναϐαπτίζὲιν
2919 1306 3057 1375 χρὴ,
3093 1307 3232 1360 οὔτε
3253 1304 3382 1375 μὴν
3408 1305 3747 1376 παραδέχε-

2224 1382 2363 1433 σθαι
2406 1379 2470 1432 τὸ
2500 1386 2661 1445 παρά
2699 1377 2819 1430 τῶν
2856 1375 3094 1430 ἀσεϐῶν
3118 1376 3434 1445 βάπτισμα
3460 1375 3682 1443 δοθὲν,
3714 1379 3747 1432 δ

2223 1451 2335 1503 οὐκ
2366 1448 2501 1503 ἔστι
2524 1447 2862 1516 βάπτισμα,
2892 1447 3054 1500 ἀλλὰ
3075 1448 3381 1516 μόλυσμιι.

2150 1545 2195 1607 Γ
2237 1539 2469 1610 Ὁμοίως
2504 1540 2597 1593 καὶ
2644 1538 2980 1609 βαπτίσματι
3008 1538 3089 1591 ἑνὶ
3132 1538 3420 1608 ἀρκεῖσθαι
3453 1539 3638 1609 μόνῳ,
3668 1540 3748 1611 τῷ

2151 1634 2233 1697 είς
2274 1632 2366 1685 τδν
2405 1629 2501 1684 τοῦ
2545 1630 2748 1701 Κυρίου
2780 1629 3008 1683 θάνατον
3051 1628 3338 1700 δεδομένῳ·
3388 1629 3451 1681 οὐ
3480 1630 3563 1700 τῷ
3592 1634 3748 1702 παρά

2151 1725 2260 1778 τῶν
2287 1723 2619 1794 δυσωνύμων
2647 1722 2958 1792 αίρετικῶν,
2978 1721 3115 1776 ἀλλά
3141 1721 3220 1793 τῷ
3249 1721 3398 1793 παρά
3418 1722 3529 1775 τῶν
3560 1724 3746 1793 ἀμέμ-

473 1812 769 1867 conl'eruut
818 1813 873 1866 in
924 1814 1143 1867 nomine
1191 1812 1370 1869 Patris
1422 1821 1476 1868 et
1526 1811 1650 1866 Filii
1705 1819 1759 1867 et
1812 1811 2040 1883 Spiitus

2155 1834 2303 1869 πτων
2335 1816 2525 1886 ἱερέων
2559 1813 2827 1884 δεδομένῳ
2872 1815 2952 1876 είς
2976 1814 3039 1867 τὸ
3081 1813 3255 1884 ὄνομα
3281 1812 3377 1866 τοῦ
3405 1813 3624 1886 Πατρὸς
3653 1817 3746 1867 καὶ

473 1908 673 1959 sancti.
703 1904 885 1974 Neque
913 1904 1099 1975 igitur,
1132 1906 1200 1960 ab
1231 1906 1413 1975 impiis
1441 1905 1637 1965 datus,
1666 1904 1817 1958 vobis
1854 1906 2050 1974 probe-

471 2002 597 2061 tur;
632 2012 805 2065 neque
830 2012 858 2049 a
890 1997 1098 2051 sanctis
1128 2012 1457 2059 concessus,
1491 2012 1585 2066 per
1620 1997 1918 2051 secundum
1948 1996 2047 2050 ba-

469 2088 734 2159 ptismum
771 2088 1097 2143 inﬁrmetur.
1145 2089 1299 2142 Sicut
1340 2090 1484 2143 enim
1516 2106 1658 2144 unus
1687 2087 1831 2144 Deus
1859 2096 1945 2143 est
1967 2088 2008 2119 ³¹
2029 2126 2045 2152 ,

471 2198 620 2237 unus
649 2181 941 2245 Christus,
989 2189 1043 2235 et
1096 2196 1238 2235 unus
1290 2179 1634 2241 Paracletus.
1680 2194 1789 2233 una
1834 2194 2050 2249 quoque

468 2290 623 2331 mors
654 2274 867 2330 Domini
901 2272 956 2327 in
985 2288 1249 2342 corpore;
1283 2273 1358 2326 ita
1385 2280 1440 2327 et
1472 2288 1641 2326 unum
1676 2272 1745 2328 sit
1775 2272 2047 2342 baptisma

470 2367 530 2421 in
559 2383 679 2423 eam
718 2375 949 2423 mortem
986 2365 1194 2420 datum.
1240 2366 1343 2431 Qui
1385 2373 1566 2419 autem
1612 2365 1681 2419 ab
1724 2364 1908 2433 impiis
1940 2365 2049 2419 illis

469 2457 949 2528 inquinamentum
981 2457 1276 2527 accipiunt,
1294 2457 1588 2527 participes
1610 2472 1797 2511 eorum
1824 2457 2050 2511 damna-

468 2551 644 2606 tionis
683 2550 835 2605 ilent.
882 2548 962 2603 Illi
1000 2550 1145 2603 enim
1198 2565 1305 2603 non
1355 2556 1485 2604 sunt
1526 2548 1860 2604 sacerdotes.
1910 2548 2050 2604 Dicit

468 2644 673 2714 quippe
696 2642 954 2697 Dominus
984 2640 1049 2693 ad
1071 2655 1167 2695 eos
1194 2659 1208 2694 :
1241 2658 1259 2690 ι
1292 2639 1559 2706 Quoniam
1588 2648 1643 2693 et
1669 2647 1727 2693 tu
1762 2640 2046 2695 scientiam

466 2735 739 2806 repulisti,
772 2735 1032 2804 repellam
1063 2742 1117 2788 et
1137 2750 1237 2803 ego
1265 2740 1339 2796 te,
1373 2750 1441 2788 ne
1464 2733 1768 2788 sacerdotio
1798 2731 2048 2803 fungaris

463 2828 603 2883 mihi
622 2829 687 2882 ".
715 2847 733 2879 ι
762 2826 873 2881 Nec
907 2841 1035 2880 vero
1056 2826 1149 2895 qui
1182 2826 1249 2879 ab
1280 2826 1348 2880 iis
1379 2825 1642 2895 baptizati
1666 2834 1813 2888 sunt,
1846 2824 2045 2879 initiati

465 2923 711 2987 fuerunt,
754 2918 848 2975 sed
886 2925 1014 2973 sunt
1049 2919 1356 2987 inquinati,
1401 2918 1785 2988 accipiuntque
1814 2933 1921 2971 non
1961 2933 2049 2973 re-

464 3012 787 3068 missionem
840 3019 1225 3080 peccatorum,
1278 3010 1371 3063 sed
1401 3010 1677 3063 vinculum
1729 3009 2043 3078 impietatis.

462 3104 654 3176 Neque
685 3104 789 3158 hoc
822 3104 998 3159 solum
1024 3143 1038 3166 ,
1077 3119 1265 3156 verum
1297 3102 1460 3156 etiam
1492 3102 1584 3171 qui
1623 3101 1894 3171 baptismo
1933 3102 2042 3155 ini-

2148 1906 2244 1960 τοῦ
2262 1906 2393 1960 Υίοῦ
2422 1907 2514 1959 καὶ
2540 1904 2635 1959 τοῦ
2674 1905 2831 1974 ἁγίου
2866 1904 3201 1975 Πνεύματος.
3234 1905 3393 1975 Μήτε
3415 1904 3472 1958 δὲ
3497 1905 3564 1957 τὸ
3595 1904 3745 1975 παρά

2148 1999 2257 2053 τῶν
2282 1998 2493 2052 ἀσεϐῶν
2512 2041 2527 2066 ,
2554 1998 2741 2051 δεκτδν
2770 1998 2899 2068 ὑμῖν
2943 1997 3101 2050 έστω·
3156 1998 3292 2068 μήτε
3331 1997 3393 2049 τὸ
3440 1997 3596 2069 παρά
3634 1998 3742 2051 τῶν

2149 2092 2313 2145 ὁσίων
2350 2090 2673 2163 ἀκυρούσθω
2717 2089 2805 2142 διά
2851 2090 3126 2161 δευτέρου.
3169 2090 3255 2152 Ὠς
3283 2088 3391 2160 γάρ
3420 2086 3502 2152 εἷς
3530 2091 3560 2142 6
3587 2089 3739 2154 Θεὸς,

2148 2180 2231 2249 εἷς
2256 2186 2285 2238 6
2314 2184 2568 2256 Χριστὸς,
2589 2183 2681 2236 καὶ
2709 2177 2791 2245 εἷς
2817 2182 2845 2234 6
2870 2181 3246 2253 Παράκλητος,
3270 2176 3350 2243 εἷς
3376 2180 3434 2233 δὲ
3463 2181 3563 2234 κα).
3590 2182 3620 2233 6
3648 2179 3739 2233 τοῦ

2146 2277 2355 2348 Κυρίου
2384 2278 2443 2329 ὲν
2473 2275 2686 2347 σώματι
2715 2273 2960 2338 θάνατος·
3007 2273 3180 2337 οὕτως
3206 2272 3263 2326 ἐν
3292 2272 3432 2325 ἔστω
3459 2274 3560 2326 καὶ
3586 2272 3648 2325 τὸ
3666 2275 3741 2336 εἰς

2148 2369 2308 2423 αὐτὸν
2335 2367 2610 2438 διδόμενον
2641 2366 2941 2437 βάπτισμα.
2972 2366 3037 2419 Οἱ
3062 2365 3120 2418 δὲ
3152 2364 3301 2436 παρά
3348 2364 3566 2416 ἀσεϐῶν
3594 2364 3743 2434 δεχό-

2151 2478 2302 2531 μενοι
2334 2459 2603 2531 μόλυσμα,
2626 2458 2873 2511 κοινωνοὶ
2898 2456 2999 2526 τῆς
3020 2456 3243 2528 γνώμης
3272 2455 3455 2509 αὐτῶν
3485 2459 3743 2527 γενήσον-

2146 2569 2255 2605 ται.
2291 2553 2365 2605 Οὐ
2393 2550 2503 2622 γάρ
2532 2551 2667 2603 εἰσιν
2699 2550 2897 2602 ἐκεῖνοι
2929 2550 3093 2620 ἱερεῖς
3115 2547 3247 2619 (76).
3279 2548 3442 2615 Λέγει
3462 2548 3578 2619 γὰρ
3608 2548 3742 2618 πρὸς

2148 2645 2345 2708 αὐτοὺς
2373 2644 2402 2696 6
2428 2643 2577 2706 Θεός·
2625 2661 2643 2693 ι
2685 2643 2837 2695 Ἐπεὶ
2860 2642 2955 2695 καὶ
2978 2643 3041 2695 σὺ
3074 2638 3278 2693 ἀπώσω
3313 2639 3518 2708 γνῶσιν
3538 2680 3555 2704 ,
3592 2639 3741 2693 ἀπώ-

2149 2735 2313 2807 σομαί
2358 2752 2417 2788 σε
2466 2733 2623 2802 κάγὼ
2670 2733 2767 2786 τοῦ
2800 2732 3100 2804 ἱερατεύειν
3155 2750 3263 2804 μοι.
3295 2750 3313 2783 ι
3371 2731 3513 2784 Οὕτε
3552 2732 3659 2803 μὴν
3692 2735 3740 2785 oi

2149 2827 2531 2898 βαπτισθέντες
2569 2827 2661 2879 ὑπ’
2718 2825 2937 2889 αὐτῶν,
2989 2824 3330 2897 μεμύηνται,
3381 2824 3523 2876 ἀλλά
3570 2841 3736 2895 μεμο-

2146 2919 2400 2990 λυσμένοι
2429 2918 2795 2990 ὑπάρχουσιν,
2834 2918 2935 2970 οὐκ
2965 2918 3157 2987 ἄφεσιν
3196 2915 3491 2987 ’ἁμαρτιῶν
3521 2915 3739 2986 λαμϐά-

2146 3030 2363 3076 νοντες,
2406 3011 2541 3065 ἀλλά
2565 3010 2762 3081 δεσμὸν
2790 3008 3045 3071 ἀσεϐείας
3100 3008 3176 3060 Ού
3220 3006 3326 3077 μὴν
3353 3007 3412 3059 δὲ
3431 3049 3446 3071 ,
3476 3006 3619 3059 άλλά
3650 3007 3739 3059 καὶ

2145 3106 2272 3169 τοὺς
2293 3103 2695 3175 μεμυημένους,
2714 3102 2777 3154 ἐκ
2800 3100 3051 3172 δευτέρου
3074 3098 3357 3169 βαπτίζειν
3380 3097 3734 3169 πειρώμενοι,

462 3199 633 3253 tiatos
664 3196 907 3252 secundo
927 3197 1175 3249 nituntur
1196 3195 1498 3264 baptizare,
1520 3194 1714 3249 iterum
1746 3192 2036 3249 Dominum

2151 3196 2539 3268 ἀνασταυροῦσι
2579 3193 2671 3248 τὸν
2698 3193 2904 3265 Κύριον
2926 3234 2941 3259 ,
2972 3190 3289 3263 ἀναιροῦσιν
3324 3190 3440 3260 (77)
3476 3189 3643 3243 αὑτὸν
3675 3190 3735 3240 ἐκ

463 3288 878 3360 cruciﬁgunt“,
909 3289 1104 3343 iterum
1136 3301 1262 3341 eum
1292 3286 1627 3341 interﬁciunt
1648 3326 1663 3349 ,
1696 3286 1877 3341 divina
1914 3286 2040 3340 irri-

462 3383 618 3445 dent,
650 3380 914 3436 deludunt
963 3386 1153 3434 sancta
1173 3417 1187 3440 ,
1217 3377 1549 3431 contumelia
1580 3375 1821 3431 alliciunt
1866 3374 2043 3447 Spiri-

461 3485 603 3537 tum,
656 3479 903 3528 sanctum
940 3471 1091 3524 illum
1126 3470 1447 3539 sanguinem
1478 3475 1538 3523 ut
1586 3483 1928 3524 communem
1956 3470 2041 3522 in-

462 3566 796 3630 llonestant;
838 3562 1000 3631 impie
1028 3569 1196 3631 agunt
1227 3561 1280 3614 in
1312 3576 1437 3616 eum
1469 3560 1563 3630 qui
1606 3560 1784 3621 misit,
1834 3561 1888 3614 in
1916 3577 2040 3615 eum

462 3656 557 3725 qui
587 3671 785 3725 passus
818 3663 930 3715 est,
963 3654 1018 3706 in
1053 3668 1176 3707 eum
1206 3653 1300 3721 qui
1331 3652 1704 3707 testimonium
1742 3652 2036 3721 perhibuit.

458 3745 771 3813 Quinetiam
810 3746 902 3815 qui
928 3754 1146 3814 propter
1172 3750 1543 3814 contemptum
1584 3743 1820 3797 noluerit
1859 3743 2038 3813 bapti-

459 3838 599 3900 zari,
636 3844 894 3906 tanquam
922 3835 1155 3889 inﬁdelis
1178 3834 1649 3898 condcmnabitur,
1683 3842 1735 3888 et
1777 3835 2034 3903 probrum

460 3929 603 3983 feret
634 3935 893 3997 tanquam
940 3930 1187 3997 ingratus
1229 3940 1292 3979 ac
1344 3926 1669 3995 incogitans.
1711 3924 1851 3980 Dicit
1887 3926 2031 3980 enim

461 4018 765 4073 Dominus:
798 4036 816 4071 ι
849 4016 964 4073 Nisi
1013 4016 1138 4087 quis
1181 4016 1493 4086 baptizatus
1523 4016 1689 4071 fuerit
1715 4032 1780 4071 ex
1812 4033 1951 4087 aqua
1980 4025 2033 4073 et

462 4111 710 4182 Spiritu,
754 4125 864 4164 non
899 4109 1233 4179 ingredietur
1265 4109 1320 4161 in
1348 4123 1574 4179 regnum
1616 4109 1972 4175 caelorum“;
2009 4129 2028 4163 ι

459 4211 517 4257 ct
554 4219 786 4259 rursus:
831 4222 848 4254 ι
877 4203 984 4269 Qui
1016 4201 1344 4263 crediderit,
1396 4210 1454 4256 et
1481 4202 1784 4271 baptizatus
1835 4204 2033 4268 fuerit,

458 4295 648 4351 salvus
692 4297 795 4351 erit
821 4310 837 4345 :
860 4296 951 4365 qui
979 4308 1107 4349 vero
1138 4309 1245 4347 non
1294 4292 1623 4358 crediderit,
1656 4295 2037 4350 condemnabi-

530 4450 574 4481 "'
605 4448 771 4504 Eccli.
803 4464 931 4512 xxv,
961 4448 1049 4503 56.
1125 4448 1170 4479 ’⁸
1194 4446 1350 4503 Rom.
1386 4463 1449 4511 ιι,
1475 4449 1563 4503 29.
1670 4450 1714 4481 "
1746 4410 1859 4505 Jer.
1893 4464 1968 4514 tv,
2002 4451 2056 4506 4.

457 4517 506 4551 ⁸³
534 4518 699 4573 Hebr.
755 4535 830 4581 Vl,
866 4518 919 4573 6.
996 4517 1044 4548 ”
1077 4513 1237 4573 Joan.
1287 4531 1371 4581 ιιι,
1403 4519 1458 4572 5.

2139 3290 2423 3360 δευτέρου,
2474 3285 2770 3357 γελῶσιτά
2818 3286 2969 3348 θεῖα,
3022 3282 3419 3354 μυκτηρίζουσι
3462 3282 3536 3334 τὰ
3584 3282 3733 3348 ἆγια,

2142 3382 2208 3435 ύϐ
2221 3382 2427 3454 ρίζουσι
2457 3380 2520 3433 τὸ
2551 3378 2775 3449 Πνεῦμα
2799 3375 2935 3447 (78),
2972 3376 3035 3428 τὸ
3061 3369 3200 3445 αἷμα
3224 3375 3287 3425 τὸ
3314 3373 3471 3440 ἅγιον
3504 3374 3583 3436 ὡς
3621 3390 3734 3426 κοι-

2141 3471 2231 3526 νὸν
2261 3470 2641 3542 ἀτιμάζουσιν,
2669 3469 2960 3523 ἀσεϐοῦσιν
2980 3469 3059 3530 εἰς
3090 3468 3181 3519 τὸν
3204 3466 3633 3527 ἀποστείλαντα,
3659 3466 3734 3527 εἰς

2142 3563 2234 3615 τὸν
2260 3563 2531 3626 παθόντα,
2570 3563 2649 3625 είς
2674 3561 2766 3614 τὸν
2801 3561 3244 3631 μαρτυρήσαντα·
3298 3556 3436 3609 ἀλλά
3484 3558 3584 3609 καὶ
3614 3558 3645 3608 6
3671 3558 3732 3609 ὲκ

2143 3655 2604 3725 καταφρονήσεως
2632 3652 2743 3724 (79)
2776 3651 2851 3722 μὴ
2881 3650 3204 3721 βουλόμενος
3239 3648 3631 3718 βαπτισθῆναι,
3656 3649 3730 3708 ὡς

2141 3746 2367 3809 ἄπιστος
2392 3744 2874 3816 κατακριθήσεται,
2909 3743 3004 3796 καὶ
3033 3740 3460 3811 ὀνειδισθήσεται
3488 3741 3570 3803 ὼς
3597 3740 3731 3810 ἀχά-

2144 3854 2325 3908 ριστος
2365 3838 2461 3890 καὶ
2515 3835 2806 3906 ἀγνώμων·
2853 3835 3001 3903 λέγει
3046 3834 3154 3905 γὰρ
3195 3834 3223 3885 6
3266 3831 3493 3903 Κύριος·
3544 3852 3563 3883 ι
3608 3833 3727 3885 Ἐἀν

2145 3932 2218 4002 μή
2245 3948 2326 3993 τις
2342 3928 2610 4000 βαπτισθῇ
2640 3927 2750 3998 (80)
2773 3926 2833 3992 ἐξ
2862 3926 3052 3988 ὓδατος
3080 3926 3173 3978 καὶ
3196 3923 3540 3993 Πνεύματος,
3568 3923 3632 3976 ού
3657 3922 3729 3994 μὴ

2139 4021 2355 4094 εἰσέλθῃ
2382 4023 2460 4084 είς
2484 4020 2582 4091 τὴν
2613 4018 2888 4090 βασιλείαν
2906 4018 3014 4070 τῶν
3041 4017 3307 4089 οὐρανῶν.
3334 4035 3353 4067 ι
3389 4018 3502 4069 Καὶ
3544 4016 3723 4069 πάλιν

2146 4132 2165 4165 ι
2201 4113 2258 4167 Ὀ
2302 4112 2631 4176 πιστεύσας,
2679 4112 2775 4165 καὶ
2820 4109 3166 4179 βαπτισθεὶς,
3200 4108 3507 4179 σωθήσεται
3533 4124 3551 4137 θ
3601 4110 3630 4160 ὁ
3673 4107 3726 4160 δὲ

2140 4204 2465 4275 ἀπιστήσας,
2482 4203 2967 4274 κατακριθήσεται.
2984 4222 3002 4253 ι
3023 4204 3079 4256 Ὀ
3096 4203 3152 4255 δὲ
3178 4202 3375 4271 λέγων,
3407 4203 3489 4256 ὃτι
3513 4223 3532 4254 ι
3560 4206 3724 4257 Ὅταν

2138 4296 2392 4359 τελευτῶ,
2423 4293 2754 4366 βαπτίζομαι
2783 4296 2917 4367 (81),
2939 4296 3027 4348 ἵνα
3061 4295 3135 4366 μὴ
3159 4296 3483 4367 ἁμαρτήσω,
3512 4296 3609 4349 καὶ
3640 4299 3727 4367 ρυο

2184 4450 2229 4483 ³⁸⁵
2260 4449 2419 4505 Rom.
2454 4465 2527 4515 Vl,
2579 4450 2633 4505 4.
2732 4450 2775 4482 ³⁸
2810 4450 3010 4516 Ephes.
3049 4465 3134 4515 Iv,
3170 4450 3224 4506 5.
3319 4450 3364 4482 ⁸¹
3394 4450 3528 4508 Ose.
3563 4468 3637 4516 Iv,
3666 4452 3721 4511 6.

2732 4450 2775 4482 "
2810 4450 3010 4521 Ephes.
3049 4465 3134 4515 Iv,
3170 4450 3224 4506 5.

1733 4664 2100 4726 VARIORUM
2133 4669 2368 4727 NO'LE.

528 4783 639 4862 (7‘5)
692 4784 831 4838 Ἀπὸ
861 4781 1023 4862 τῶν.-
1048 4784 1189 4839 Ante
1221 4784 1335 4838 haec
1384 4783 1549 4837 habet
1603 4783 1740 4837 alter
1778 4785 1902 4862 cod.
1931 4788 2030 4858 τὴν

2151 4795 2324 4862 )ostea
2373 4788 2626 4862 ἀντὶ-τοῦ
2674 4789 3077 4862 ἅγιον-Ιεςίιιι-ι·
3120 4789 3321 4862 τίμιον.
3371 4790 3510 4858 Quae
3558 4793 3719 4849 lectio

452 4855 702 4926 καρδίαν,
732 4871 907 4926 reseca
938 4857 1077 4909 enim
1106 4870 1242 4915 eam,
1266 4870 1382 4926 qua:
1401 4862 1476 4907 est
1497 4870 1587 4907 cor
1608 4856 1807 4926 (tuum)
1840 4873 1872 4908 a
1902 4855 2024 4910 car—

454 4923 610 4979 nibus
640 4926 766 4979 tuis.
800 4923 909 4978 Nec
947 4941 1079 4979 sane
1108 4925 1309 4993 inepte.
1335 4924 1434 4979 CL.

527 4994 637 5066 (7_6)
681 4996 762 5066 οὐ
788 4994 899 5063 γάρ
931 4998 1089 5050 εἰσιν
1114 4995 1328 5066 ἐκεῖνοι
1358 4993 1548 5066 ἱερεῖς.
1596 4993 1661 5066 Et
1690 5010 1814 5048 can.
1843 5003 2022 5066 apost.

2130 4859 2471 4929 praeferenda
2503 4858 2745 4929 Vulgatae
2774 4858 3008 4915 videtur.
3036 4860 3112 4914 In.

2198 4928 2309 4999 (79)
2362 4929 2423 4981 '0
2468 4930 2537 4982 ἐκ
2583 4928 3112 4999 καταφρονήσεως,
3142 4938 3252 4985 etc.
3281 4930 3340 4984 In
3366 4930 3564 4985 eodem
3590 4934 3713 4989 cod.

2125 4996 2296 5052 Vind.
2325 5000 2701 5070 πληθυντικῶς
2738 4996 2857 5053 hiec
2897 5002 3282 5070 exprimuntur
3306 5020 3320 5055 :
3340 5002 3421 5070 4οί
3449 5002 3517 5053 ὲκ
3546 5020 3713 5057 κατα-

380 5073 388 5083 ’
454 5062 855 5146 47.,Βέιεὶ1ἱυει
894 5066 1127 5146 can.~in:
1161 5062 1326 5146 Oim8é
1368 5063 1800 5146 ἀπορραγέντες,
1847 5062 2027 5146 λαῖκο).

2151 5062 2438 5146 ρρονήσεως
2471 5069 2543 5139 μὴ
2575 5069 2909 5146 βουλόμενοι,
2938 5062 3033 5146 κά).
3060 5070 3127 5122 τὰ
3156 5070 3303 5146 ἑξῆς.
3336 5068 3415 5146 l_n.

450 5133 751 5205 γενόμενοι,
785 5133 923 5205 οὔτε
950 5135 1042 5187 τοῦ
1073 5132 1370 5205 βαπτίζειν,
1400 5132 1527 5186 οὗτε
1564 5134 1657 5186 τοῦ
1704 5136 2026 5204 χειροτονεῖν

450 5200 605 5276 suos
623 5205 719 5275 τὴν
748 5204 1024 5276 ἐξουσίαν,
1054 5200 1108 5260 et
1136 5200 1383 5276 reliqua,
1413 5220 1533 5274 quae
1571 5200 1807 5273 legefut
1839 5214 1894 5260 et
1918 5222 2018 5259 uo—

2353 5139 2686 5212 βαπτισθῇ.
2723 5139 3025 5212 ᾹΙίθιξοοό.
3048 5139 3313 5212 γεννηθῇ.
3348 5140 3425 5194 ID.

2195 5138 2311 5279 £80;
2353 5138 2686 5207 Βαπτισθῇ.
2723 5138 2873 5193 Alter
2901 5142 3025 5194 cod.
3061 5138 3313 5212 γεννηθῇ.
3348 5140 3425 5194 In.

2218 5208 2276 5261 81
2348 5209 2532 5261 Ὅταν
2561 5209 2836 5271 τελευτῶ,
2862 5209 3237 5278 βαπτίζομαι.
3302 5212 3359 5264 In
3386 5211 3713 5268 dilationem

448 5274 687 5361 tata‘hic
718 5290 903 5361 supra.
933 5274 1327 5361 PrmtermLitto,
1372 5290 1440 5361 ne
1481 5275 1872 5361 longiorhsiml,
1898 5276 2017 5361 loca
2272 5274 2559 5361 baptismi,
2610 5290 2722 5361 tum
2752 5282 3088 5361 paenitentia:
3111 5274 3195 5334 'ad
3249 5291 3481 5361 mortem
3516 5299 3711 5361 usque,

448 5347 943 5417 multarveterum,
995 5344 1284 5417 in_quibtts
1334 5354 1427 5396 aut
1471 5346 1793 5417 generaliter
1843 5346 2020 5417 bapti-

450 5432 607 5471 smus
637 5416 1013 5470 haereticorum
1061 5415 1431 5483 impugnatur,
1465 5425 1558 5468 aut
1585 5415 1649 5468 de
1674 5431 1739 5468 eo
1771 5415 1929 5469 velut
1954 5416 2021 5469 de

439 5500 512 5540 re
542 5484 918 5539 tantummodo
948 5485 1251 5553 disciplinae
1290 5484 1483 5551 agitur.
1519 5483 1682 5539 Pauci
1712 5487 1913 5555 quippe
1954 5484 2021 5538 ad

449 5555 562 5625 ima
598 5556 880 5625 profundae
907 5555 1226 5624 quzestionis
1269 5562 1654 5625 penetrarunt,
1708 5556 1852 5625 quod
1885 5556 2023 5611 mira

450 5624 675 5695 solertia
704 5624 831 5679 fecit
859 5623 1301 5695 B.iAugustinus.
1330 5623 1466 5679 Cor.

454 5690 637 5814 Cl‘(77)
690 5690 1082 5762 ’Aratpoiima'r.
1128 5695 1187 5749 lu
1213 5694 1384 5748 altero
1413 5694 1535 5750 cod.
1571 5695 1868 5766 praeligitur
1908 5695 2018 5749 καί.

502 5774 531 5811 ι.

520 5802 638 5904 (78)
682 5830 1041 5909 ΤὸηΙινε-ὗμα.
1093 5833 1150 5889 In
1176 5836 1365 5891 eodem
1412 5834 1628 5891 additur
1676 5837 1735 5890 τὸ
1764 5835 1937 5902 ἅγιον,
1974 5844 2029 5892 et

2129 5347 2461 5422 SS._P8I.I_‘§S
2508 5350 2711 5422 passim
2751 5347 3298 5422 inveliunturicum
3328 5353 3534 5419 quibus
3572 5347 3704 5422 jun-

2164 5418 2336 5489 endus
2381 5416 2751 5473 Tert’ullianus
2780 5420 2856 5473 De
2883 5421 3208 5489 pwnitentia,
3235 5416 3360 5489 cap:
3388 5422 3423 5474 6
3446 5461 3460 5484 ,
3494 5416 3622 5478 licet
3650 5425 3713 5477 li-

2170 5503 2228 5562 r_o
2256 5488 2330 5562 De
2356 5489 2615 5562 baptismo
2637 5531 2650 5555 ,
2683 5488 2927 5562 (ξιιμ-εδ,
2960 5492 3233 5562 utiliorem
3266 5488 3393 5544 ease
3423 5501 3581 5562 putet
3618 5494 3714 5548 ba-

2129 5559 2315 5681 ptismi
2345 5559 2769 5613 cunctationem.
2821 5559 2960 5613 Hinc
3002 5561 3254 5623 clinicos,
3297 5575 3392 5614 Seu
3424 5559 3618 5632 'aegros
3656 5564 3708 5616 in

2150 5638 2271 5681 ecto
2299 5629 2550 5681 perfusos
2582 5629 3023 5681 bantizatosnue.
3057 5632 3122 5681 ad
3154 5631 3524 5681 sacerdotium
3552 5642 3608 5681 et
3644 5633 3708 5681 ad

2150 5638 2271 5681 ecto
2299 5629 2550 5699 perfusos
2582 5629 3023 5699 baptizatosque,
3057 5632 3122 5685 ad
3154 5629 3524 5685 sacerdotium
3552 5642 3608 5686 et
3644 5633 3709 5685 ad

2130 5699 2335 5753 clerqu
2381 5716 2487 5772 non
2519 5699 3150 5772 solelta_nt__promovere,
3189 5699 3266 5753 uti
3314 5705 3582 5756 docemur
3618 5719 3711 5772 per

2129 5784 2393 5845 canonem
2518 5768 2709 5845 synodi
2741 5768 3234 5845 _Neocgesariensis,
3267 5785 3475 5845 perque
3504 5768 3705 5845 episto-

2132 5837 2237 5893 lam
2258 5840 2491 5897 Cornelii
2518 5840 2570 5893 iu
2598 5838 2850 5907 Eusebio,
2882 5839 2979 5896 lib.
3004 5856 3078 5905 γι,
3103 5857 3225 5912 cap.
3265 5837 3357 5896 αλδ.
3388 5837 3534 5901 Cor.
