3886 6190
223 269 353 329 957

1177 257 1780 318 CONSTZTUTIONES
1814 256 2381 316 APOSTOL'C£.—
2411 257 2540 317 LIB.
2577 256 2667 314 VI.

3413 254 3521 312 958

225 401 425 458 πομιν
456 379 796 456 μονογάμους
825 377 1181 434 καθίστασθαι
1199 419 1214 444 ,
1250 377 1352 432 κᾶν
1380 377 1545 442 ζῶσιν
1571 373 1751 428 αὐτῶν
1779 375 1835 429 αἱ

1941 376 2018 431 tui
2049 375 2396 444 praecipimus
2433 373 2580 428 viros
2609 371 2774 429 unius
2807 365 3139 423 matrimonii
3162 365 3231 432 '°,
3277 365 3393 427 sive
3425 367 3521 422 ’νί-

225 477 510 549 ruperat,
538 474 640 532 κᾶν
670 474 782 546 (98)
818 472 1059 526 τεθνᾶσι·
1096 470 1170 543 μὴ
1211 470 1411 535 ἐξεῖναι
1439 469 1495 524 δὲ
1523 469 1707 530 αὐτοῖς
1738 484 1836 538 με·

223 573 309 627 τά
336 569 679 642 χειροτονίαν
705 566 940 638 ἀγάμοις
970 565 1089 637 (99)~
1109 562 1281 626 οὖσιν,
1312 563 1392 616 ἔτι
1421 562 1512 615 ἐπὶ
1538 561 1716 632 γάμον
1744 559 1836 631 ἐρ-

225 665 460 737 χεσθαι,
488 662 522 735 ἡ
552 659 924 732 γεγαμηκόσιν
943 701 958 724 ,
990 659 1205 731 ἑτέραις
1234 655 1679 728 συμπλέκεσθαι,
1709 652 1836 708 ἀλλ’

222 755 571 828 ἀρκεῖσθαι,
600 748 720 827 ᾖ⁸¹⁶
755 753 970 824 ἔχοντες
1009 748 1173 823 ἦλθον
1215 751 1308 804 ἐπὶ
1347 748 1446 821 τὴν
1476 749 1832 821 χειροτονίαν.

243 849 572 920 ’Υπηρέτας
595 846 655 900 δὲ
671 885 688 909 ,
717 847 813 899 καὶ
836 844 1148 915 ψαλτῳδοὺς
1165 883 1182 908 ,
1209 844 1306 897 καὶ
1331 843 1712 912 ἀναγνώστας,
1739 843 1837 897 καὶ

231 942 558 1014 πυλωροὺς,
587 940 683 993 καὶ
726 939 926 1001 αὐτοὺς
955 936 1296 1009 μονογάμους
1337 932 1478 990 εἶναι
1517 935 1832 1006 κελεύομενο

213 1037 293 1088 II.
326 1034 388 1089 δὲ
416 1033 526 1106 πρὸ
552 1032 729 1103 γάμου
752 1033 831 1094 εἰς
859 1029 1060 1103 κλῆρον
1086 1028 1447 1102 παρέλθωσιν,
1470 1029 1835 1102 ἐπιτρέπομεν

231 1129 435 1189 αὐτοῖς
487 1128 686 1197 γαμεῖν
715 1123 908 1195 (100),
961 1125 1076 1192 εῐγε
1132 1122 1271 1194 πρὸς
1335 1121 1494 1175 τοῦτο
1545 1121 1836 1193 πρόσθεσιν

232 1219 486 1289 ἔχουσιν,
528 1216 616 1270 ἵνα
660 1216 736 1288 μὴ
776 1217 1196 1288 ἁμαρτήσαντες
1217 1254 1233 1278 ,
1280 1215 1552 1278 κολάσεως
1579 1213 1832 1285 τύχωσιν.

232 1311 439 1364 Οὑδενὶ
464 1309 520 1369 δὲ
546 1309 654 1363 τῶν
683 1310 742 1362 ὲν
769 1308 849 1380 τῷ
884 1307 1073 1380 κλήρῳ
1114 1306 1406 1378 κελεύομεν
1447 1307 1480 1379 ἢ
1511 1307 1768 1379 ἑταίραν,
1800 1307 1834 1382 ἢ

233 1401 452 1455 οἰκέτιν
470 1441 486 1464 ,
515 1401 548 1473 ἢ
577 1403 755 1474 χήραν
778 1441 794 1465 ,
839 1401 935 1455 καὶ
968 1399 1375 1471 ἐκϐεϐλημένην
1402 1397 1699 1470 λαμϐάνειν
1716 1438 1731 1463 ,
1761 1398 1837 1463 ὡς

209 1495 343 1547 ’καὶ
368 1495 400 1546 ὁ
438 1495 600 1565 νόμος
641 1494 811 1562 λέγει.
851 1492 1174 1546 Διακὸνισσα
1216 1490 1272 1544 δὲ
1303 1489 1380 1562 (1)
1421 1489 1654 1559 γινέσθω
1695 1507 1837 1562 παρ-

241 1587 406 1651 θένος
433 1589 592 1659 άγνή·
625 1589 675 1641 εἰ
701 1587 757 1641 δὲ
787 1588 930 1658 μήγε
949 1625 966 1651 ,
995 1584 1097 1640 κᾶν
1125 1586 1271 1658 χήρα
1302 1585 1608 1657 μονόγαμος
1626 1625 1641 1649 ,
1671 1583 1836 1656 πιστὴ

240 1682 344 1735 καὶ
373 1681 550 1753 τιμία.

761 1859 1039 1914 ΚΕΦΑΛΑ
1047 1857 1160 1912 ῐΟΝ
1206 1859 1311 1912 IH'.

244 1955 612 2022 Παραίνεσις
654 1953 990 2022 κελεύουσα
1031 1948 1412 2022 φεύγειν-σὴν
1437 1949 1556 2003 τῶν
1599 1950 1834 2006 ἀσεϐῶν

701 2021 1007 2091 αΙρετικῶν
1046 2021 1379 2074 κοινωνίαν.

322 2115 464 2178 Τοὺς
513 2115 571 2169 δὲ
632 2112 1025 2186 μετανοοῦντας
1080 2109 1462 2183 προσδέχεσθεο
1519 2110 1676 2164 τοῦτο
1725 2111 1834 2184 γὰρ

245 2205 464 2277 θέλημα
492 2206 627 2260 Θεοῦ
655 2208 714 2260 ὲν
754 2203 994 2276 Χριστιῖν
1041 2205 1167 2267 τοὺς
1207 2204 1648 2275 κατηχουμὲνους
1693 2223 1836 2258 στοι-

325 2363 370 2394 '°
396 2360 414 2414 l
445 2361 586 2416 Tim.
626 2377 708 2421 ut,
730 2360 794 2427 2;
821 2359 927 2415 Tit.
961 2375 1000 2426 ι,
1020 2358 1076 2414 6.
1151 2359 1192 2390 "
1227 2359 1372 2414 Citat
1404 2359 1625 2416 Nicetas
1668 2359 1990 2415 Pectoratus
2021 2365 2212 2414 contra
2240 2357 2489 2413 Latinos.

248 2431 319 2493 'I.
358 2434 444 2488 14.
522 2433 567 2464 ⁸³
598 2429 620 2484 I
653 2431 796 2486 Tim.
830 2445 885 2499 ν,
916 2431 971 2485 9.

1941 475 2070 524 vant
2091 482 2280 522 eorum
2303 481 2538 533 uxores,
2569 465 2686 522 sive
2714 462 2951 519 obierint
2971 462 3039 528 ἰς
3073 476 3184 516 non
3220 460 3388 517 licere
3416 477 3519 517 au-

1937 568 2046 616 tem
2077 560 2185 616 illis
2216 567 2343 630 post
2372 557 2796 622 ordinationem,
2817 560 2863 611 si
2887 569 3087 609 uxores
3117 568 3226 607 non
3258 553 3516 617 habeant,

1938 652 2348 708 matrimonium
2381 649 2747 713 contrahere,
2787 655 2882 700 aut
2921 646 2967 701 si
3001 662 3205 702 uxores
3247 645 3518 713 habeant,

1939 759 2064 799 cum
2096 744 2220 800 aliis
2253 743 2534 814 copulari;
2581 739 2678 798 sed
2726 745 3016 795 contentos
3063 753 3189 794 esse
3225 753 3322 805 ea,
3351 753 3519 808 quam

1937 837 2205 893 habentes
2225 876 2241 899 .
2297 835 2366 890 ad
2417 833 2823 890 ordinationem
2879 837 3169 886 venerum.
3235 828 3522 886 Iinistros

1935 943 2069 982 vero
2092 967 2106 988 ,
2131 935 2389 981 cantores
2406 966 2422 990 ,
2447 926 2680 980 lectores
2700 933 2755 978 et
2793 924 3054 979 ostiarios
3076 963 3091 989 ,
3125 923 3275 992 ipsos
3305 938 3523 993 quoque

1938 1034 2294 1090 monogamos
2316 1034 2440 1075 esse
2465 1017 2725 1086 jubemus
2751 1035 2764 1072 :
2791 1015 2938 1086 quod
2968 1016 3015 1071 si
3047 1021 3174 1070 ante
3203 1015 3523 1086 coniugium

1939 1113 2006 1167 ad
2039 1113 2248 1168 clerum
2288 1110 2644 1175 accesserint,
2675 1109 3046 1181 permittimus
3077 1108 3159 1164 eis
3190 1123 3393 1163 uxores
3425 1122 3522 1162 ac-

1938 1205 2141 1276 cipere.
2170 1203 2218 1259 si
2258 1203 2479 1274 quidem
2524 1203 2592 1258 ad
2618 1200 2672 1257 id
2701 1201 3125 1273 propensionem
3174 1199 3400 1264 habent,
3428 1215 3522 1268 ne,

1938 1313 2064 1352 cum
2095 1296 2427 1367 deliquerint
2449 1336 2465 1361 ,
2494 1297 2549 1350 in
2579 1295 2996 1367 castigationem
3028 1294 3339 1348 incurrant.
3371 1291 3522 1348 Nulli

1941 1399 2122 1444 autem
2146 1390 2349 1446 clerico
2372 1389 2742 1460 permittimus
2772 1389 2975 1443 ducere
3009 1395 3105 1441 aut
3134 1386 3481 1443 meretricem
3503 1427 3520 1452 ,

1939 1490 2034 1538 aut
2063 1482 2355 1546 ancillam,
2390 1487 2485 1536 aut
2523 1479 2774 1545 viduam,
2821 1488 2916 1535 aut
2952 1479 3332 1550 repudiatam,
3378 1478 3524 1534 sicut

1939 1575 2106 1631 etiam
2158 1575 2242 1629 lex
2273 1575 2351 1627 ait
2369 1574 2438 1629 ".
2473 1573 2799 1630 Diaconissa
2824 1590 2955 1631 vero
2986 1575 3221 1646 eligatur
3243 1576 3400 1648 virgo
3421 1591 3524 1646 pu-

1940 1667 2086 1733 dica,
2109 1667 2195 1722 sin
2226 1666 2430 1732 minus,
2461 1667 2654 1723 saltem
2688 1668 2874 1731 vidua,
2908 1667 3074 1724 unius
3109 1667 3387 1739 quondam
3414 1670 3525 1726 viri

1863 1776 1909 1833 Β
1938 1776 2098 1823 uxor,
2133 1759 2311 1814 ﬁdelis
2341 1767 2398 1814 et
2419 1759 2585 1830 digna
2617 1759 2827 1814 honore
2848 1760 2916 1815 ⁸³.

2497 1851 2728 1907 CAPUT
2771 1850 2954 1909 XVIII.

1939 1946 2248 2002 Cohortatio
2265 1947 2491 2002 inritans
2513 1946 2581 2000 ad
2603 1945 2906 2029 fugiendam
2936 1947 3220 2016 impiorum
3246 1947 3524 2002 heretico-

2436 2034 2554 2070 rum
2583 2034 2752 2071 comm
2760 2034 2789 2068 ιι
2797 2033 3026 2073 monent.

2009 2109 2181 2165 Porro
2211 2110 2478 2180 suscipite
2515 2109 2892 2180 pmnitentes:
2945 2109 3061 2165 haec
3103 2118 3190 2166 est
3233 2113 3378 2167 enim
3424 2125 3522 2162 vo-

1939 2202 2124 2258 luntas
2149 2201 2244 2258 Dei
2271 2203 2328 2257 in
2347 2201 2586 2258 Christo.
2620 2200 3059 2258 Catechumenos
3102 2203 3369 2259 elementa
3394 2203 3525 2257 reli-

2591 2357 2660 2389 δι’
2689 2357 2761 2412 al.
2791 2357 2826 2426 ἧ
2851 2356 2934 2412 vel
2965 2353 3020 2430 ᾗ.
3124 2357 3171 2389 ³²
3203 2357 3375 2414 chit.
3401 2374 3516 2424 ut,

1568 2581 1935 2638 VARIOIIUM
1968 2580 2204 2639 NOT/E.

247 2777 418 2829 sunt,
469 2766 569 2823 sed
618 2767 954 2837 permittitur
1007 2766 1062 2820 in
1105 2764 1364 2837 coniugio
1408 2763 1702 2837 ordinatis,
1754 2764 1832 2817 uti

247 2840 581 2910 coniugibus
603 2833 736 2894 suis.
757 2837 1130 2910 Injuriahsane,
1153 2833 1295 2905 quod
1318 2842 1528 2910 spectat
1556 2833 1624 2887 ad
1642 2841 1836 2910 poste-

253 2905 457 2965 riorem
483 2918 688 2978 partem
712 2923 887 2978 icum
913 2907 1046 2961 nihil
1077 2923 1107 2960 a
1139 2916 1326 2961 nostro
1365 2905 1433 2978 de
1472 2906 1689 2958 licentia
1717 2920 1833 2978 ina-

249 2981 403 3036 ritali
443 2974 679 3033 dicatur.
711 2977 812 3033 Hic
853 2986 963 3040 est,
1001 2987 1266 3047 quantum
1295 2992 1358 3030 ex
1402 2977 1520 3046 ipsa
1553 2990 1613 3028 re
1643 2974 1832 3040 conje-

249 3059 470 3105 cturam
501 3048 662 3113 facio,
694 3064 891 3103 sensus
919 3047 1140 3111 Nicetaa.
1181 3049 1418 3118 pessime
1463 3059 1760 3118 expressus
1800 3060 1830 3097 a

253 3095 1160 3188 ii}i£.‘ts"si'"a}.é;.i3“magis;
1182 3095 1780 3188 ἴέξῐιίἭυιῖἐᾟιῖᾇήῇι
1806 3095 1829 3169 ἶ
1860 3095 1901 3151 C

254 3191 389 3257 Quis
415 3189 503 3242 ille
520 3197 618 3251 est,
640 3184 973 3258 qui-tradidit
989 3184 1132 3242 v—obis
1159 3187 1505 3258 prohibereet
1529 3184 1833 3258 abscindere

252 3255 466 3328 nuptias
489 3255 818 3312 sacerdotum
839 3262 863 3314 ?
882 3261 997 3328 quis
1018 3275 1082 3312 ex
1102 3255 1403 3328 doctoribus
1430 3255 1680 3328 Ecclesia?
1698 3255 1834 3328 hanc

252 3325 400 3384 vobis
433 3330 655 3383 tradidit
691 3325 1042 3398 pravitatem?
1087 3328 1148 3384 Si
1193 3327 1401 3398 quidem
1431 3329 1534 3380 nisi
1569 3325 1676 3398 [al._
1705 3325 1829 3398 non]

251 3401 512 3469 nupserit,
547 3395 735 3452 manus
774 3400 1120 3468 impositionis
1152 3395 1391 3468 accipiet,
1427 3408 1476 3452 et
1499 3395 1834 3469 itavadnupl

255 3466 360 3524 tias
392 3471 521 3534 ruit,
550 3471 638 3539 qui
668 3466 945 3522 ordinatus
972 3480 1049 3524 est
1072 3466 1350 3539 innuptas,
1376 3469 1621 3539 legitime,
1666 3466 1766 3539 hoc
1783 3477 1831 3539 et

256 3541 540 3595 secundum
563 3537 797 3594 canones
828 3540 1036 3609 facitis,
1071 3537 1374 3609 hujusmodi
1398 3537 1608 3608 nuptias
1648 3537 1831 3609 prohi-

254 3611 452 3664 bentes.
496 3610 554 3665 Si
579 3622 750 3664 autem
782 3608 902 3664 ante
938 3608 1176 3664 habuerit
1201 3625 1418 3663 uxorem
1451 3609 1542 3662 ille
1571 3610 1661 3677 qui
1687 3608 1834 3661 ordi-

255 3692 415 3735 natus
467 3690 546 3736 est
592 3680 869 3744 sacerdos,
911 3681 1409 3750 perseveru'eritque
1453 3681 1508 3733 in
1547 3679 1830 3750 castitate,

257 3767 552 3821 magnaque
583 3753 710 3814 cita,
741 3752 950 3818 nuptias
979 3751 1095 3819 ejus
1127 3748 1352 3812 sowitis,
1380 3748 1830 3819 transgredimini;

257 3831 316 3874 ut
347 3821 443 3893 [aL
476 3821 650 3893 et]_ea:
691 3830 948 3893 prmeepto
988 3822 1395 3893 apostolicorum
1437 3835 1832 3893 canonumuos-

262 3887 472 3946 tendam
501 3887 665 3945 vobis.
691 3887 759 3942 In
785 3887 932 3943 sexto
969 3887 1108 3943 enim
1132 3890 1265 3943 libro
1287 3887 1571 3944 Clementis
1598 3888 1833 3944 Ordina-

229 3965 467 4016 tinuum
492 4002 506 4023 ,
541 3977 658 4030 qua:
697 3960 760 4012 ab
796 3977 854 4013 eo
895 3962 1208 4028 conscripta:
1233 3970 1374 4023 sunt.
1396 3962 1557 4030 juxta
1590 3975 1701 4014 xvn
1744 3978 1835 4014 ca-

256 4043 386 4102 put,
435 4031 657 4102 apostoli
701 4032 812 4084 [nec
838 4031 1044 4102 __dicunt
1069 4047 1087 4083 :
1133 4030 1447 4102 Episcopum
1474 4041 1535 4102 et
1568 4030 1834 4098 presbyte-

257 4098 377 4152 rum
419 4109 469 4153 et
503 4100 785 4153 diaconum
813 4098 1036 4152 dicimus
1067 4101 1155 4169 qui
1190 4098 1351 4152 unam
1393 4099 1582 4152 habent
1615 4113 1831 4151 uxorem

259 4169 533 4240 ordinari,
564 4172 800 4240 quamvis
841 4171 1013 4222 vivant
1052 4186 1236 4223 eorum
1279 4169 1554 4240 conjuyes,
1595 4171 1830 4240 quamvis

258 4239 702 4309 defunctazrnon
747 4241 866 4293 licet
910 4255 998 4293 eos
1043 4249 1160 4308 post
1203 4255 1390 4294 manus
1444 4239 1830 4298 ir‘positionem

261 4311 504 4379 innuptas
527 4327 668 4365 esse.
709 4327 801 4364 nec
824 4311 1036 4378 insuper
1057 4310 1126 4362 ad
1160 4313 1371 4379 nuptias
1402 4310 1508 4370 ire,
1547 4309 1710 4379 autlsi
1732 4325 1833 4361 nu~

252 4377 491 4446 pserint,
533 4381 731 4434 alteras
776 4377 1047 4446 amplecti,
1083 4379 1172 4434 sed
1204 4377 1434 4450 sufﬁcere
1461 4396 1594 4450 quas
1639 4377 1830 4433 habent

257 4467 377 4503 cum
407 4451 476 4504 ad
510 4452 895 4505 ordinationem
934 4461 1200 4505 renerunt.
1242 4450 1476 4504 Proinde
1516 4450 1712 4502 mirum
1748 4451 1833 4502 vi-

255 4521 372 4590 deri
414 4537 522 4575 non
563 4523 760 4590 debet,
806 4520 951 4590 quod
993 4537 1080 4576 res
1120 4522 1276 4575 aliter
1307 4531 1530 4590 accepta
1566 4521 1730 4590 tuerit
1759 4521 1828 4572 ab

258 4589 554 4645 llumberto
587 4587 1062 4654 Silvte-Candidm,
1092 4592 1144 4644 in
1178 4587 1527 4659 Responsionc
1565 4588 1634 4642 ad
1668 4587 1827 4644 Nice-

257 4672 367 4714 tam
392 4683 405 4713 .
436 4663 570 4715 Ante
589 4663 766 4714 omnia
793 4672 988 4722 autem,
1009 4663 1204 4730 inquit,
1232 4661 1624 4729 comprobemus
1649 4670 1696 4712 te
1716 4677 1828 4713 esse

256 4733 531 4786 mentitum
548 4734 648 4800 ipsi
664 4733 892 4795 veritati,
917 4734 969 4784 in
989 4749 1046 4784 eo
1069 4731 1205 4801 quod
1225 4733 1430 4788 dixisti.
1451 4740 1656 4801 nostros
1679 4733 1826 4801 prius

253 4802 517 4864 ordinari,
541 4799 727 4855 deinde
757 4817 944 4856 uxores
974 4799 1178 4857 sortiri.
1199 4802 1340 4868 Quia
1357 4800 1494 4870 apud
1522 4818 1614 4854 nos
1643 4817 1734 4854 nec
1757 4799 1826 4852 ad

252 4872 670 4927 subdiaconatus
722 4872 948 4942 gradum
995 4874 1272 4943 quisquam
1323 4873 1663 4943 admittitur,
1723 4871 1826 4924 nisi

250 4952 556 5012 perpetuam
581 4944 957 4995 continentiam
984 4942 1145 4996 etiam
1167 4959 1200 4996 a
1217 4943 1434 5013 propria
1461 4942 1678 5010 conjuge
1701 4956 1826 5008 pro-

253 5015 505 5082 ﬁteatur;
545 5029 638 5066 nec
663 5023 779 5082 post
820 5013 1046 5082 gradum
1090 5015 1338 5082 cuiquam
1382 5028 1599 5066 uxorem
1638 5013 1826 5082 ducere

233 5081 484 5153 .unquam
512 5081 833 5138 conceditur.
872 5082 976 5137 Sed
1006 5093 1062 5136 tu
1094 5081 1385 5136 Ecclesium
1419 5083 1512 5136 Dei
1548 5083 1722 5136 volens
1746 5081 1827 5150 ef-

251 5156 410 5226 ficere
431 5153 764 5226 Synagogam
792 5153 1028 5226 Satanre,
1061 5167 1109 5208 ct
1141 5154 1494 5226 prostibulum
1523 5153 1752 5226 Balaam
1776 5162 1825 5206 et

251 5223 487 5286 Iezabel;
513 5241 630 5277 cum
650 5223 890 5277 ’Nicolao
916 5226 1049 5279 dicis
1085 5240 1102 5279 :
1137 5225 1454 5294 Episcopum
1481 5236 1530 5277 et
1558 5224 1826 5294 presbyte-

253 5312 369 5367 rum
392 5304 442 5348 et
470 5295 1034 5363 diaconumldicimus,
1065 5299 1154 5367 qui
1190 5313 1351 5349 unam
1378 5296 1538 5367 habet
1570 5310 1785 5348 uxorem
1807 5334 1823 5356 ,

255 5365 511 5427 ordinari,
550 5367 787 5436 quamvis
827 5368 1002 5431 vivant
1042 5365 1224 5420 eorum
1269 5366 1548 5435 conjuges,
1588 5367 1824 5436 quamvis

251 5436 513 5505 defuncta:
540 5435 569 5489 :'
611 5452 701 5489 nec
751 5435 869 5489 licet
917 5454 1004 5490 eos
1047 5447 1164 5506 post
1212 5454 1402 5490 manus
1439 5435 1824 5504 impositionem

254 5508 497 5574 innuptas
524 5522 657 5570 esse,
683 5522 774 5559 nec
801 5508 1014 5577 insuper
1033 5509 1101 5561 ad
1129 5509 1340 5574 nuptias
1372 5507 1468 5567 ire,
1495 5516 1586 5558 aut
1615 5507 1663 5577 si
1690 5523 1825 5577 nup-

255 5578 435 5644 serint,
469 5577 666 5649 alteras
697 5575 965 5649 amplecti,
994 5578 1083 5632 sed
1105 5580 1335 5649 sufﬁcere
1358 5579 1432 5631 eis
1457 5593 1587 5647 quas
1601 5575 1821 5649 habent,

252 5663 370 5701 cum
409 5647 478 5700 ad
527 5647 911 5703 ordinationem
967 5647 1233 5704 venerunt.
1267 5648 1312 5704 Ο
1343 5647 1711 5701 abominabilis
1733 5665 1824 5718 cy-

254 5719 387 5786 nice,
413 5718 675 5794 quomodo
703 5718 1091 5799 non-erubuisti
1121 5729 1328 5775 tantum
1351 5719 1498 5798 nefas
1541 5734 1778 5796 evomere
1796 5723 1822 5776 ?

1945 2763 2088 2837 Ergo
2124 2780 2226 2817 non
2277 2763 2399 2818 licet
2450 2764 2678 2837 aliquem
2710 2774 2827 2835 post
2873 2783 3061 2821 manus
3106 2766 3516 2837 impositionem,

1939 2836 2060 2907 sine
2081 2849 2244 2907 uxore
2275 2837 2427 2907 esse?
2459 2835 2521 2888 Si
2555 2836 2634 2907 ita
2662 2845 2761 2902 est,
2807 2837 2915 2906 ipse
2944 2835 3190 2890 Joannes
3223 2835 3516 2907 apostolus,

1938 2913 1987 2956 et
2022 2903 2248 2979 Paulus.
2279 2903 2663 2979 et_Barnabas,
2695 2914 2743 2958 et
2767 2903 3234 2979 omniscontinens
3256 2903 3318 2962 in
3347 2903 3519 2979 gradu

1939 2975 2296 3028 ecclesiastico
2330 2976 2384 3028 in
2413 2976 2569 3042 culpa
2609 2985 2687 3029 est
2716 2977 3103 3045 proculdubio.
3136 2977 3284 3032 Unde
3315 2975 3521 3036 accessa

1937 3053 2036 3116 est.
2062 3056 2119 3098 ut
2143 3046 2356 3113 futurus
2388 3045 2683 3114 episcopus,
2717 3047 3006 3116 presbyter,
3025 3048 3364 3112 diaconus,et
3395 3069 3522 3105 suu-

1935 3115 2210 3190 diaconus_
2235 3117 2382 3184 prius
2409 3131 2643 3190 uxorem
2686 3115 2947 3190 sorti_a_tur
2994 3134 3111 3190 qua;
3157 3121 3258 3190 sibi
3289 3122 3520 3190 sufficere

1936 3185 2118 3259 debeat
2143 3183 2210 3237 ad
2234 3183 2473 3259 carnales
2501 3185 2793 3259 amplexus.
2813 3183 3065 3256 Nunquid
3094 3189 3246 3241 laicis
3269 3183 3378 3243 nan.
3397 3194 3517 3259 suf-

1937 3257 2046 3325 ﬁcit
2077 3273 2182 3328 una
2202 3259 2226 3310 ἱ)
2245 3257 2354 3328 nisi
2375 3256 2514 3323 forte
2535 3255 2827 3324 discipulus
2858 3255 2959 3326 (ita
2983 3259 3121 3328 lego)
3150 3260 3371 3328 maligni
3395 3255 3518 3314 Mu-

1935 3326 2319 3401 hamed._cujus
2349 3327 2542 3394 farina!
2569 3337 2813 3401 totuses,
2841 3339 2896 3380 tu
2919 3326 3138 3401 quoque,
3165 3326 3290 3400 quia
3308 3333 3520 3401 presby-

1937 3407 2014 3449 ter
2036 3398 2233 3462 es,sine
2256 3411 2418 3450 uxore
2437 3413 2550 3450 esse
2577 3414 2677 3450 non
2697 3397 2870 3460 debes,
2895 3397 3186 3452 secundum
3203 3397 3517 3458 assertiones

1937 3476 2081 3544 tuas:
2114 3466 2384 3544 Caeterum
2417 3468 2693 3544 notabilis
2713 3477 2797 3521 est
2829 3471 3184 3544 vanu-electio
3225 3471 3347 3544 cod.
3381 3471 3515 3544 Reg.

1937 3537 2098 3599 1526,
2124 3536 2220 3589 ἀλλ
2238 3538 2249 3552 ”
2277 3537 2563 3608 ἀρκεῖσθαι
2592 3539 2639 3590 ει
2670 3537 2881 3608 ἔχοντες
2915 3536 3076 3611 ἦλθον
3099 3543 3191 3593 ἐπὶ
3217 3543 3316 3613 τὴν
3342 3536 3521 3615 χειρό-

1937 3608 2133 3660 τονίαν.
2168 3606 2306 3660 Οοτ.

1934 3623 2133 3661 τονιαν.
2168 3623 2306 3662 LOT.

2008 3678 2118 3750 (98)
2155 3677 2305 3750 Κάν.
2336 3679 2487 3732 Alter
2512 3677 2753 3750 iVindob.
2787 3679 2889 3734 κᾶν
2918 3697 2999 3746 τε,
3033 3681 3250 3736 melius.
3274 3681 3444 3740 CLI-zu.

2007 3747 2117 3822 (99)
2170 3747 2460 3818 ’Ardpmq.
2509 3749 2567 3803 Iu
2605 3755 2795 3803 eodem
2843 3751 2968 3804 rod.
3004 3751 3048 3822 ἢ
3095 3752 3365 3822 ἀγάμοις,
3417 3756 3520 3810 hoc

1935 3829 2039 3894 cst.
2064 3821 2181 3894 sive
2202 3828 2489 3894 postquam
2512 3829 2682 3894 erant
2712 3821 3014 3894 presbyteri
3047 3821 3311 3894 conjuges
3337 3835 3518 3892 erant,

1937 3891 2053 3943 sive
2085 3890 2325 4011 cla-hbes,
2366 3905 2477 3943 non
2510 3891 2692 3945 licebit
2715 3892 2796 3944 eis
2835 3890 3062 3946 alteram
3091 3890 3380 3965 conjugcm
3411 3890 3518 3951 du?

1937 3973 2078 4011 cere.
2130 3976 2182 4011 ο.

1933 3973 2078 4015 cere.
2108 3973 2182 4013 ID.

2006 4029 2153 4102 (I90)
2208 4030 2633 4102 Ἑπιτρέπομεν
2658 4030 2862 4097 αὐτοῖς
2889 4032 3117 4102 ταμεῖν.
3147 4032 3383 4089 Miuistri
3405 4037 3521 4092 sive

1935 4099 2259 4177 subdiacoui
2298 4099 2662 4177 ab__i_nciundo
2706 4099 3060 4177 triatrimo'uio
3099 4113 3379 4177 arcentur,
3425 4122 3521 4177 per

1935 4169 2218 4239 antiquam
2269 4171 2654 4229 traditionem.
2706 4172 2759 4224 in
2806 4170 3134 4238 Sozomeno,
3192 4174 3336 4229 Hist.
3367 4169 3516 4233 εἱσι.

1937 4239 2030 4316 lib.
2052 4255 2114 4316 _I_,
2149 4255 2271 4311 cap.
2304 4241 2718 4316 g3;_Ca|itirie_s,
2747 4239 3123 4316 Apostolicum
3156 4244 3226 4297 26
3246 4285 3260 4306 ,
3287 4246 3375 4300 hic
3413 4248 3517 4316 l9;

1934 4307 2256 4384 Trul_|anum
2289 4311 2356 4384 67;
2380 4312 2630 4384 plurima
2655 4307 2913 4384 Equésite
2939 4311 3145 4384 Latinae
3169 4316 3415 4384 decreta;
3442 4307 3519 4371 le:-

1933 4395 2028 4503 ἷξε
2053 4379 2346 4462 Iustiniani
2375 4389 2438 4462 et.
2467 4381 2665 4436 Leonis
2711 4380 2988 4451 Sapientis
3007 4423 3022 4445 ,
3066 4383 3201 4464 Epip
3226 4379 3428 4439 .aniuin
3459 4388 3516 4442 in

1984 4461 2282 4503 xpostttone
2315 4450 2436 4503 ﬁdet
2468 4465 2589 4503 can.
2621 4451 2685 4503 21
2713 4469 2727 4503 :
2775 4461 3032 4503 auctores
3060 4470 3150 4503 mil
3185 4454 3253 4503 de
3287 4458 3516 4503 canoni-

1968 4450 2438 4524 Expositioueﬁdei
2468 4465 2589 4521 cap.
2621 4451 2685 4524 21
2713 4469 2727 4517 ;
2775 4450 3032 4524 auctores
3060 4450 3253 4524 qui'de
3287 4458 3517 4512 canoni-

1929 4522 2032 4575 hus
2065 4532 2157 4574 aut
2182 4522 2470 4575 ordinibus
2500 4522 2677 4576 sacris
2710 4523 3001 4590 scripsere,
3035 4522 3089 4577 et
3117 4525 3275 4580 alios.
3315 4525 3514 4581 Verum

1927 4607 2049 4646 mos
2086 4593 2398 4645 contrarius
2429 4591 2530 4644 hoc
2562 4592 2681 4644 loco
2705 4591 3117 4648 demonstratus
3143 4634 3157 4656 ,
3203 4596 3453 4651 innuitur
3481 4613 3514 4651 a

1929 4661 1988 4716 S.
2017 4661 2218 4717 Basilio
2252 4676 2462 4714 canone
2501 4661 2600 4724 69,
2639 4678 2954 4732 quanquam
3006 4663 3277 4722 Zonaras.
3326 4667 3515 4722 Balsa-

1930 4748 2055 4806 tuon
2078 4773 2093 4796 ,
2132 4742 2186 4786 et
2219 4732 2520 4806 Illastarius
2562 4747 2984 4806 euntcanonem
3011 4737 3170 4788 aliter
3195 4738 3470 4806 explicent
3495 4781 3512 4805 ,

1928 4800 2364 4873 Ilarmenopolus
2407 4819 2569 4864 vero,
2614 4803 2892 4858 Aristinus
2947 4813 3002 4858 et
3065 4800 3288 4861 Simeon
3337 4800 3514 4863 cauda

1925 4881 2204 4998 tiriunéeut.
2237 4873 2315 4926 Eo
2342 4873 2505 4926 etiam
2538 4874 2664 4928 duci
2692 4881 2872 4943 potest
2902 4873 3160 4930 Socrat..-s
3193 4879 3286 4932 ιιι».
3319 4894 3356 4941 ι,
3385 4895 3509 4950 cap.

2003 4985 2016 4998 .
2095 4960 2187 4998 or.

2003 4985 2016 4998 .
2047 4960 2187 4998 LOT.

1999 5015 2073 5085 (1)
2112 5015 2477 5070 Διακόνισσα
2503 5014 2592 5085 δέ,
2637 5022 2765 5085 etc,
2787 5011 3133 5073 Justinianus
3181 5016 3401 5073 Novella
3428 5017 3462 5073 6
3493 5040 3506 5076 :

1929 5083 2317 5160 Ἦπαρθένρυς
2348 5083 2717 5160 καθεστώσας,
2741 5084 2774 5156 ἢ
2798 5085 2916 5160 tvo;
2939 5087 3130 5160 άνδρὸς
3157 5089 3401 5160 γαμετάς
3419 5107 3513 5160 γε-

1926 5154 2178 5230 νομένας.
2208 5154 2294 5230 Et.
2323 5157 2527 5230 sire.st
2552 5154 2798 5230 χηρείας,
2826 5157 2936 5230 εἴτε
2967 5154 3377 5230 έκπαρθενίας.
3415 5154 3514 5214 Ᾱι-

1927 5228 2022 5296 qui
2056 5235 2252 5297 praeter
2282 5228 2382 5298 has
2409 5227 2790 5287 diacouissas,
2824 5227 2908 5280 vel
2941 5227 3200 5298 virgines,
3234 5230 3316 5284 vel
3347 5230 3512 5286 unius

1927 5298 2262 5371 matrimonii
2291 5297 2522 5371 viduas;
2550 5297 2975 5371 tertiumgenus
3003 5297 3174 5371 habes
3203 5300 3347 5370 apud
3381 5299 3514 5371 Epi-

1927 5367 2188 5437 phanium
2230 5368 2284 5421 in
2323 5366 2667 5438 Expositione
2715 5367 2841 5435 ﬁdei
2890 5384 3044 5438 num;
3075 5368 3167 5433 2l,
3195 5366 3509 5426 scilicet—iu

1928 5430 2135 5510 nuptiis
2162 5439 2341 5491 unicis
2382 5430 2728 5510 continentes
2767 5454 2784 5492 :
2832 5438 2942 5510 ξίαὶ
2979 5430 3161 5510 αὗται
3187 5438 3270 5507 δὲ,
3307 5441 3505 5510 inquit,

1932 5506 2227 5580 μονὸγαμοι
2264 5507 2795 5580 έγκρατευσάμεναι,
2824 5506 2858 5576 ἢ
2895 5508 3232 5580 χηρεύσασαι
3266 5506 3509 5580 ano-p.0-

1925 5573 2212 5649 νογαμίας,
2248 5573 2662 5650 ἦάείπάρθενοι
2708 5573 3181 5650 οὖσαὶ.”(ξιι;ιι·ιιιιι
3223 5573 3506 5638 tertiani-itm

1925 5647 2136 5704 "mentio
2164 5647 2376 5702 canene
2404 5647 2671 5718 Tritllauo
2699 5647 2790 5717 48,
2820 5655 2875 5703 et
2909 5649 3075 5718 alibi,
3101 5651 3246 5708 sicut
3274 5652 3516 5708 aliarum-

1927 5720 2114 5776 multis
2145 5719 2200 5774 in
2233 5719 2391 5776 locis.
2431 5716 2508 5776 Io.
