3886 6190
432 332 541 389 959

1283 324 1342 383 8.
1378 325 1768 393 CLEMENTIS
1802 326 1821 380 l
1855 325 2021 383 ROM.
2056 325 2257 383 PONT.
2296 324 2521 380 Ol‘ER.-\
2561 326 2788 382 DUBIA.

3593 334 3701 389 900

434 445 614 513 gionls
660 445 873 503 docete,
924 452 986 494 ac
1023 445 1213 510 postea
1254 437 1549 507 baptizate.
1597 435 1797 507 impios
1842 437 2015 493 haere-

2117 436 2442 507 χειώσαντες
2472 438 2788 507 βαπτίσατε.
2820 440 2957 503 Τοὺς
2984 439 3175 505 ἀθέους
3201 442 3535 515 αἱρεσιώτας
3562 449 3711 518 ἀμε-

435 537 576 591 ticos
606 533 932 603 resipiscere
972 531 1223 586 nolentes
1266 529 1545 592 diducite,
1590 536 1645 584 et
1683 544 1714 582 a
1760 528 2009 585 ﬁdelibus

438 630 709 697 separate,
751 632 805 679 et
849 621 1096 677 Ecclesia
1142 620 1236 678 Dei
1281 622 1457 692 palam
1500 621 1784 691 expellite;
1818 621 2014 675 simul-

434 734 540 787 que
567 715 884 771 dcnuntiale
909 714 1162 768 lidelibus
1182 758 1197 780 ,
1226 722 1282 767 ut
1309 728 1406 767 eos
1431 711 1693 775 devitent,
1727 727 1862 766 neve
1885 727 2010 765 cum

434 811 515 864 eis
542 810 627 863 vel
658 809 711 862 in
744 822 1027 871 sermone,
1069 805 1154 860 vel
1196 805 1252 858 in
1294 803 1548 875 precibus
1589 803 1823 857 habeant
1862 818 2014 857 com-

434 902 770 955 nmnionem.
827 897 895 953 Ili
943 899 1088 951 enim
1140 904 1269 951 sunt
1324 894 1621 950 adversarii
1675 903 1729 949 et
1783 894 2013 949 insidia—

435 1002 585 1047 tores
611 992 889 1055 Ecclesize,
918 996 1273 1058 corruptores
1296 988 1499 1058 gregis,
1527 986 1859 1040 haereditatis
1882 1002 2014 1041 con-

436 1086 829 1145 taminatores,
864 1082 1119 1151 opinione
1161 1094 1259 1135 sua
1292 1080 1598 1149 sapientes,
1641 1086 1695 1132 et
1752 1079 1900 1132 omni
1944 1095 2010 1133 ex

436 1186 592 1246 parte
646 1175 913 1244 improbi;
958 1174 1025 1227 de
1077 1174 1277 1242 quibus
1328 1172 1545 1241 sapiens
1603 1169 1859 1223 Salomon
1902 1171 2015 1225 ait.L

437 1268 530 1321 bat
554 1307 569 1331 ,
598 1266 745 1337 quod
787 1280 910 1319 cum
956 1264 1109 1332 impii
1142 1263 1290 1325 sint,
1332 1264 1583 1332 pietatem
1632 1262 1810 1315 colere
1845 1264 2015 1315 simu-

436 1355 571 1411 lant.
613 1375 632 1407 ι
671 1356 767 1411 Est
816 1358 995 1420 enim,
1051 1357 1267 1426 inquit,
1319 1358 1444 1419 via,
1498 1371 1621 1425 qua:
1649 1356 1862 1409 videtur
1894 1354 2015 1424 qui-

442 1449 673 1502 busdam
706 1460 851 1502 recta
875 1463 1028 1512 esse;
1070 1456 1314 1501 extrema
1354 1461 1484 1501 vero
1531 1446 1650 1514 ejus
1684 1442 2021 1513 speetartad

434 1539 765 1610 profundum
792 1539 987 1592 inferni
1002 1538 1147 1591 “-".
1164 1557 1181 1588 ι
1204 1535 1267 1589 Hi
1294 1538 1520 1598 sunt,de
1538 1539 1736 1607 quibus
1756 1538 2016 1594 Dominus

434 1632 630 1686 acerbe
660 1646 723 1684 ac
754 1630 923 1700 rigide
951 1630 1344 1699 pronuntiavit,
1369 1630 1559 1683 dicens
1593 1646 1687 1684 eos
1714 1645 1835 1685 esse
1866 1645 2017 1699 pseu-

432 1724 744 1779 dochristos
771 1730 825 1778 et
862 1722 1027 1777 falsos
1046 1722 1299 1776 doctores
1331 1723 1375 1753 ⁸⁸
1400 1740 1412 1776 :
1440 1722 1530 1791 qui
1551 1722 1798 1790 spiritum
1830 1721 2017 1790 gratiae

2113 530 2389 599 τανοήτως
2443 530 2666 601 ἔχοντας
2718 531 3110 596 διαστείλαντες
3141 572 3157 597 ,
3211 533 3519 607 ἀφορίσατε
3598 541 3712 594 ἀπὺ

2112 623 2222 676 τῶν
2237 623 2463 686 πιστῶν,
2482 624 2577 676 καὶ
2595 624 2695 694 τῆς
2728 622 3049 695 Ἐκκλησίας
3063 623 3157 676 τοῦ
3174 624 3307 677 Θεοῦ
3326 627 3713 699 ὲκκηρῦκτσυς

2114 716 2375 785 ποιήσατε
2398 753 2412 778 ,
2440 716 2535 768 καὶ
2581 716 2985 786 παραγγείλατε
3026 719 3139 780 τοῖς
3181 721 3391 781 πιστοῖς
3427 723 3714 787 παντοίως

2113 807 2293 861 αὐτῶν
2327 807 2644 877 ἀπέχεσθαι,
2678 808 2771 860 καὶ
2803 808 2937 877 μήτε
2966 807 3141 876 λόγοις
3163 807 3260 879 (‘2),
3294 811 3432 881 μήτε
3464 827 3713 883 προσευ-

2114 901 2237 968 χαῖς
2262 902 2532 952 κοινωνεῖν
2571 900 2772 963 αὐτοῖς·
2826 892 2969 952 οῦτοι
3006 900 3116 973 γάρ
3144 904 3281 956 είσιν
3306 904 3578 958 ἀντίδικοι
3617 908 3717 960 καὶ

2115 991 2387 1044 ἐπίϐουλοι
2417 990 2517 1061 τῆς
2557 990 2897 1061 Ἐκκλησίας,
2940 992 2989 1044 οἱ
3030 991 3431 1064 διαφθείροντες
3475 997 3539 1049 τὸ
3588 1014 3717 1052 πω-

2119 1082 2292 1152 μνίον,
2340 1083 2433 1135 καὶ
2478 1082 2793 1152 μολύνοντες
2833 1082 2929 1154 τὴν
2972 1083 3352 1154 κληρονομίαν,
3395 1089 3448 1139 οἱ
3492 1088 3716 1152 δοξόσο-

2117 1192 2240 1243 φοι,
2277 1175 2369 1227 καὶ
2400 1175 2768 1245 παμπόνηροι·
2814 1176 2941 1246 περὶ
2972 1168 3045 1229 ὧν
3082 1176 3231 1244 ἔλεγε
3274 1178 3528 1249 Σολομὼν
3557 1182 3590 1231 ὁ
3625 1198 3715 1234 oo-

2118 1266 2235 1335 φὸς,
2264 1267 2346 1318 ὅτι
2374 1265 2758 1329 δυσσεϐοῦντες
2788 1267 3171 1336 ὑποκρίνονται
3199 1269 3462 1325 εὐσεϐεῖν.
3496 1290 3515 1320 ι
3544 1273 3713 1324 Ἐστι

2116 1356 2245 1427 γὰρ,
2267 1356 2450 1426 φησὶν,
2478 1357 2595 1419 ὁδὸς
2620 1357 2817 1428 ἠδοκεῖ
2836 1375 2975 1411 τισιν
2993 1359 3125 1430 ὀρθὴ
3156 1356 3311 1425 εἶναι,
3340 1361 3409 1414 τά
3435 1362 3495 1414 δὲ
3523 1363 3714 1415 τελευ-

2116 1454 2241 1501 ταια
2289 1448 2456 1519 αὐτῆς
2501 1448 2684 1518 βλέπει
2734 1452 2812 1511 είς
2859 1449 3109 1519 πυθμένα
3150 1450 3297 1522 ᾅδου.
3355 1470 3373 1503 ι
3412 1446 3580 1506 Οὗτοί
3628 1454 3712 1523 (5)

2118 1542 2221 1593 εἰσι
2250 1540 2375 1610 περὶ
2406 1534 2480 1592 ὧν
2504 1542 2532 1593 ὁ
2559 1540 2760 1612 Κύριος
2796 1542 3008 1613 πικρῶς
3038 1543 3132 1595 καὶ
3168 1544 3456 1607 ἀποτόμως
3486 1548 3716 1616 ἀπεφή-

2118 1650 2266 1696 νατο,
2305 1632 2477 1699 λέγων
2510 1633 2591 1685 ὃτι
2620 1634 2725 1685 εἰσὶ
2753 1632 3127 1705 ψευδόχριστοι
3159 1636 3253 1688 καὶ
3279 1635 3712 1705 ψευδοδιδάσκα-

2118 1724 2227 1777 λοι·
2259 1726 2307 1777 οἱ
2334 1725 2818 1795 βλασφημήσαντες
2852 1726 2914 1778 τὸ
2945 1726 3168 1797 Πνεῦμα
3203 1728 3299 1799 τῆς
3334 1728 3581 1799 χάριτος,
3612 1732 3710 1783 καὶ

431 1818 767 1887 blasphemia
798 1816 1116 1874 aﬂ‘ecerunt.
1148 1815 1374 1884 ejusque
1405 1815 1605 1869 donum
1630 1822 1751 1885 post
1782 1815 2011 1884 gratiam

2334 1778 2344 1794 '
2483 1778 2493 1792 ⁸
2532 1778 2562 1795 ⁸·
2612 1778 2622 1795 ⁸
2798 1778 2815 1788 ’
3094 1778 3165 1797 I"
3220 1778 3297 1799 ’I'
3334 1778 3581 1799 A’t""vv
3615 1778 3707 1783 ητ-

2116 1815 2524 1879 ἀποπτῦσαντες
2555 1817 2653 1887 τὴν
2683 1818 2812 1887 παρ’
2853 1818 3017 1869 αὑτοῦ
3054 1819 3261 1889 δωρεὰν
3297 1820 3434 1888 μετά
3473 1821 3576 1891 τὴν
3606 1821 3707 1890 χά-

430 1917 913 1979 tontempserunt;
946 1908 1146 1977 quibus
1168 1923 1276 1960 non
1308 1907 1613 1960 remittetur
1634 1922 1809 1975 neque
1836 1907 1887 1957 in
1911 1907 2013 1960 hoc

430 2006 650 2066 saeculo,
687 2018 859 2072 neque
908 2004 961 2055 in
1014 2000 1199 2054 futuro
1240 2000 1286 2032 "
1321 2018 1336 2053 :
1368 2000 1461 2069 qui
1509 2000 1681 2069 magis
1725 2000 2012 2069 irreligiosi

431 2108 733 2167 suntquam
761 2095 954 2159 Judmi,
987 2105 1040 2150 et
1062 2094 1234 2164 magis
1261 2093 1412 2162 impii
1444 2108 1505 2145 ac
1525 2093 1667 2146 athei
1693 2108 1851 2164 quam
1884 2109 2014 2163 gen-

428 2184 594 2245 tiles:
656 2189 747 2260 qui
788 2188 954 2242 Deum
991 2201 1157 2257 super
1198 2186 1381 2238 Omnia
1424 2186 1745 2238 existenlem
1783 2185 2011 2239 maledi-

428 2283 533 2337 clis
556 2287 837 2351 appetunt,
865 2287 918 2333 ct
950 2278 1146 2332 Filium
1179 2279 1298 2347 ejus
1323 2277 1666 2337 conculcant,
1694 2284 1745 2331 et
1778 2276 2013 2346 Spiritus

428 2376 736 2429 doctrinam
763 2372 1040 2440 despuunt
1066 2387 1080 2426 ι
1112 2370 1203 2438 qui
1236 2369 1451 2423 divinos
1484 2384 1761 2423 sermones
1792 2375 2010 2438 negant,

401 2448 520 2520 ⁸ιιιιι
546 2483 639 2536 per
672 2464 1073 2519 simulationem
1098 2461 1339 2530 recipere
1357 2476 1415 2515 se
1442 2460 1779 2529 prolitentur,
1813 2460 1863 2513 in
1888 2478 2015 2513 con-

426 2560 707 2613 tumeliam
744 2556 861 2619 Dei,
890 2570 953 2609 ac
985 2554 1227 2608 fraudem
1261 2554 1327 2607 ad
1354 2569 1449 2607 eos
1480 2553 1888 2618 acct‘dentium;
1918 2554 2012 2622 qui

428 2665 615 2704 sacras
646 2647 957 2718 Scripturas
988 2645 1380 2699 contumeliose
1420 2652 1679 2705 tractant,
1715 2654 1766 2699 et
1799 2644 2013 2713 justizia

425 2741 560 2811 quid
615 2740 686 2795 sit
737 2740 1024 2809 ignorant;
1074 2736 1165 2806 qui
1218 2735 1310 2790 Dei
1360 2734 1659 2792 Ecclesiam
1706 2735 2009 2800 devastant,

427 2836 570 2887 sicut
594 2847 773 2902 parva:
804 2830 993 2899 vulpes
1013 2829 1226 2882 vineam
1255 2826 1337 2894 “;
1386 2842 1524 2896 quos
1555 2836 1608 2879 ut
1646 2826 1863 2895 fugiatis
1888 2827 2015 2879 hor-

428 2938 630 2987 tamur,
658 2940 726 2976 ne
748 2921 1035 2975 animabus
1061 2919 1258 2974 vestris
1285 2919 1507 2987 laqueos
1531 2918 1861 2987 injiciatis”.
1881 2918 2014 2971 Nam

2115 1923 2226 1976 ριν·
2264 1900 2345 1969 οἷς
2395 1907 2493 1959 οὐκ
2536 1907 2865 1978 ἀφεθήσεται
2910 1907 3032 1960 οὔτε
3081 1912 3136 1961 ὲν
3184 1910 3261 1980 τῷ
3293 1910 3450 1962 αἰῶνι
3502 1913 3705 1983 τούτῳ,

2111 1996 2231 2050 οὔτε
2256 1999 2313 2049 ἐν
2333 1998 2411 2069 τῷ
2444 1999 2718 2070 μέλλοντι·
2749 2002 2799 2053 οί
2835 2001 2929 2053 καὶ
2970 2002 3233 2055 Ἰουδαίων
3261 2003 3702 2075 δυσσεϐέστεροι,

2113 2090 2206 2143 καὶ
2249 2091 2509 2161 Ἑλλήνων
2533 2090 2825 2162 ἀθεώτεροι
2856 2092 2930 2164 (4)
2949 2110 2961 2122 ·
2992 2095 3041 2145 oi
3068 2094 3199 2146 Θεὸν
3228 2095 3318 2147 τὸν
3350 2096 3441 2147 ἐπὶ
3482 2098 3703 2150 πάντων

2115 2181 2585 2253 βλασφημοῦντες,
2628 2185 2722 2236 καὶ
2756 2185 2847 2237 τὸν
2883 2185 3011 2237 Υίὸν
3043 2186 3207 2243 αὐτοῦ
3237 2188 3701 2251 καταπατοῦντες,

2113 2274 2207 2326 καὶ
2233 2275 2334 2347 τὴν
2378 2276 2724 2329 διδασκαλίαν
2751 2277 2844 2329 τοῦ
2886 2276 3197 2349 Πνεύματος
3228 2279 3583 2343 διαπτύοντες
3607 2298 3623 2310 ·
3653 2283 3702 2333 oi

2111 2366 2239 2428 τοὺς
2286 2365 2463 2429 θείους
2507 2368 2695 2436 λόγους
2734 2368 3073 2439 ἀρνούμενοι,
3109 2370 3140 2439 ἢ
3206 2370 3321 2440 μεθ’
3353 2372 3704 2442 ὑποκρίσεως

2112 2458 2566 2528 προσποιούμενοι
2594 2460 2859 2530 δέχεσθαι,
2898 2464 2981 2530 ἐφ’
3019 2461 3174 2533 ῦϐρει
3217 2463 3350 2515 Θεοῦ
3383 2464 3478 2515 καὶ
3517 2465 3705 2537 ἀπάτῃ

2112 2550 2219 2602 τῶν
2243 2551 2422 2614 αὐτοῖς
2454 2553 2784 2623 προσιόντων
2805 2570 2817 2581 ·
2843 2555 2891 2605 οἱ
2922 2554 3020 2617 τὰς
3054 2554 3203 2624 ἱερὰς
3228 2554 3451 2624 Γραφὰς
3488 2556 3704 2626 ἐνυϐρί-

2115 2639 2314 2705 ζοντες,
2348 2642 2442 2695 καὶ
2471 2644 2571 2714 τὴν
2608 2645 2950 2716 δικαιοσύνην
2978 2647 3004 2698 ὃ
3024 2664 3075 2698 τι
3111 2646 3239 2698 ποτέ
3268 2648 3416 2700 ἐστιν
3443 2648 3707 2715 ἀγνοοῦν-

2112 2749 2231 2795 τες·
2262 2736 2311 2786 οἱ
2336 2737 2436 2806 τὴν
2482 2735 2802 2806 Ἐκκλησίαν
2830 2736 2963 2789 Θεοῦ
3007 2737 3424 2807 διαφθείροντες,
3456 2740 3537 2803 ὠς
3564 2739 3705 2792 ἀλώ-

2115 2843 2281 2889 πεκες
2312 2828 2493 2898 μικροὶ
2517 2828 2809 2897 ἀμπελῶνα
2931 2846 2943 2859 ·
2977 2827 3069 2891 οὓς
3106 2828 3323 2896 φεύγειν
3351 2829 3500 2898 ὑμᾶς
3527 2846 3702 2901 παρα-

2116 2918 2405 2988 καλοῦμεν,
2428 2920 2514 2971 ἴνα
2543 2923 2615 2992 μὴ
2640 2921 2838 2993 λάϐητε
2865 2920 3089 2992 βρόχους
3108 2924 3225 2984 ταῖς
3251 2921 3459 2973 ἑαυτῶν
3477 2923 3698 2992 ψυχαῖς.

431 3036 451 3067 ι
489 3018 580 3085 qui
631 3031 755 3069 cum
798 3013 1140 3083 sapientibus
1170 3010 1438 3081 graditur,
1486 3011 1706 3079 sapiens
1750 3008 1886 3075 erit;
1922 3003 2015 3077 qui

2123 3029 2141 3061 ι
2186 3012 2242 3064 '0
2274 3012 2745 3083 ωμπορευόμενος
2777 3015 2874 3085 μὲν
2904 3014 2978 3084 (6)
3023 3016 3218 3082 σοφοῖς,
3265 3013 3427 3081 σοφὸς
3462 3014 3637 3079 ἔσται,
3673 3017 3700 3068 ὁ

426 3124 556 3161 vero
595 3106 844 3177 graditur
889 3120 1014 3158 cum
1067 3102 1473 3172 insipientibus,
1526 3110 1855 3171 agnoscetur
1885 3102 1950 3157 “.
1990 3119 2009 3154 ι

2116 3102 2172 3156 δὲ
2196 3104 2667 3175 συμπορευόμενος
2699 3106 2914 3177 ἄφροσι,
2949 3106 3338 3177 γνωσθήσεται.
3378 3125 3397 3156 ι
3432 3106 3573 3159 Οὔτε
3592 3107 3699 3179 γὰρ

424 3200 613 3267 Neque
641 3200 785 3253 enim
818 3204 1031 3266 Oportet
1076 3212 1198 3250 cum
1251 3194 1368 3248 fure
1398 3209 1641 3255 currere,
1678 3209 1852 3263 neque
1883 3209 2007 3248 cum

2114 3194 2323 3268 κλέπτῃ
2342 3196 2423 3248 δεῖ
2447 3197 2773 3267 συντρέχειν,
2805 3196 2923 3249 οὐδὲ
2959 3197 3095 3268 μετὰ
3130 3198 3317 3268 μοιχοῦ
3350 3199 3451 3270 τὴν
3481 3198 3561 3270 (7)
3604 3217 3695 3269 με·

424 3293 676 3346 adultero
732 3291 1033 3360 portionem
1086 3304 1287 3359 ponere
1316 3288 1390 3350 “,
1438 3285 1876 3355 quandoquidem
1956 3293 2011 3339 et

2115 3286 2235 3357 ρίδα
2274 3288 2541 3341 τίθεσθαι·
2578 3290 2805 3360 ἐπείπερ
2844 3291 2937 3343 καί
2970 3293 2997 3343 ὁ
3028 3290 3172 3353 ὅσιός
3204 3292 3279 3360 (8)
3318 3309 3453 3362 φησι
3500 3292 3693 3345 Δαϐίδ·

428 3391 653 3437 sanctus
681 3382 846 3436 David
879 3382 951 3434 ait
971 3381 1013 3411 ⁸³
1042 3399 1055 3435 :
1094 3398 1111 3429 ι
1154 3378 1398 3441 Domine,
1423 3393 1518 3431 eos
1549 3378 1643 3447 qui
1674 3388 1725 3431 te
1754 3377 2008 3443 oderunt,

420 3476 552 3529 odio
585 3474 749 3527 habui
773 3492 785 3537 ;
818 3481 871 3527 et
898 3488 1061 3542 super
1085 3471 1335 3524 inimicos
1360 3477 1485 3524 tuos
1502 3470 1865 3535 tabescebam,
1889 3484 2011 3538 per-

427 3566 569 3620 fecto
598 3567 722 3620 odio
746 3566 965 3619 oderam
997 3564 1155 3629 illos;
1190 3562 1397 3615 inimici
1428 3560 1553 3614 facti
1581 3568 1708 3615 sunt
1740 3561 1871 3613 mihi
1895 3560 1959 3613 θ’.
1982 3579 2001 3613 ι

422 3658 492 3710 Et
519 3658 813 3727 Josaphato
843 3656 984 3712 Deus
1004 3654 1314 3725 exprobrat,
1344 3654 1413 3707 ob
1441 3653 1739 3706 amicitiam
1768 3662 1822 3707 et
1857 3667 2008 3706 com-

422 3749 677 3804 militium
701 3764 824 3802 cum
858 3747 1081 3801 Achabo
1103 3754 1157 3801 et
1182 3744 1441 3808 chozia,
1472 3745 1659 3800 dicens
1690 3760 1785 3814 per
1810 3742 2004 3799 Jehum

422 3841 593 3895 lilium
624 3841 884 3901 llananis,
920 3840 1278 3911 prophetam:
1319 3858 1337 3890 ι
1374 3836 1525 3895 Tune
1558 3854 1680 3893 cum
1719 3845 2004 3907 peccatore

497 4000 620 4038 “J’
647 3997 809 4052 Prov.
844 4013 957 4059 ιιν,
992 3996 1076 4049 12.
1156 3995 1201 4025 ³⁸
1226 3993 1417 4048 Matth.
1454 4010 1603 4052 ιιιιν,
1634 3993 1725 4049 21.
1804 3994 1844 4025 "’
1885 3993 2021 4047 Matt

2117 4010 2217 4054 xu,
2270 3994 2360 4047 5‘2.

426 4069 494 4122 ad
544 4068 754 4122 Pbilad.
811 4068 865 4123 5.
941 4068 984 4097 ⁶⁰
1022 4064 1179 4120 Prov.
1220 4080 1339 4127 xm,
1370 4065 1458 4118 ‘20.

2118 3398 2137 3431 ι
2179 3380 2367 3451 Κύριε,
2408 3382 2533 3444 τοὺς
2574 3381 2861 3452 μιπῦντάς
2904 3399 2962 3433 σε
3005 3382 3262 3452 ἐμίσησα,
3302 3384 3397 3435 καὶ
3434 3383 3535 3435 ἐπὶ
3574 3385 3693 3446 τοὺς

2110 3470 2338 3542 ἐχθρούς
2382 3488 2473 3524 σου
2506 3471 2860 3542 ἐξετηκόμην,
2900 3472 3102 3525 τέλειον
3154 3478 3307 3543 μῖσος
3336 3475 3568 3544 ἐμίσουν
3604 3477 3683 3528 αὗ-

2110 3565 2254 3627 τοὺς,
2282 3566 2359 3627 εἰς
2380 3563 2603 3635 ἐχθροὺς
2633 3564 2876 3631 ἐγένοντὸ
2908 3582 3014 3634 μοι.
3045 3584 3063 3615 ι
3090 3566 3197 3618 Καὶ
3222 3566 3298 3636 τῷ
3325 3568 3599 3636 Ἰωσαφὰτ
3621 3568 3691 3637 (9)

2111 3656 2140 3707 ὁ
2188 3655 2320 3718 Θεὸς
2365 3654 2609 3719 ὀνειδίζει
2650 3656 2740 3709 διά
2792 3657 3075 3728 τὴνλπρὸς
3121 3658 3321 3727 Ἀχαάϐ
3370 3660 3556 3727 φιλίαν
3603 3662 3688 3714 καὶ

2113 3748 2448 3817 συμμαχίαν,
2490 3749 2584 3801 καὶ
2622 3748 2668 3779 ⁸⁵
2721 3749 2822 3819 τὴν
2882 3749 3019 3819 πρὸς
3050 3750 3323 3819 ,⁸οχοζίαν,
3377 3751 3555 3819 λέγων
3609 3753 3688 3805 διὰ

2122 3835 2326 3891 Ἰωνᾶ⁶⁸
2342 3839 2450 3911 (10)
2474 3839 2566 3893 τοῦ
2582 3841 2875 3912 προφήτου·
2890 3860 2905 3891 ι
2918 3842 2979 3893 Ei
2995 3842 3299 3913 ἀμαρτωλῷ
3323 3843 3386 3895 σὺ
3401 3844 3687 3911 φιλιάζεις,

2452 3995 2498 4027 ⁸⁸
2550 3996 2803 4071 Canta",
2858 3998 2966 4071 15Ἀ
3006 3994 3052 4029 ⁸⁸
3098 3998 3133 4053 Ι.
3180 3998 3353 4071 lgna‘t.
3428 3999 3682 4071 interpol.

1571 4064 1613 4139 τί
1642 4062 1790 4119 Psal.
1832 4065 2169 4139 -ξ1.[ι,18.-Δ
2206 4066 2248 4139 °_'
2283 4063 2562 4139 Laudatur
2590 4068 2658 4139 ab
2713 4062 3027 4133 Anastasio,
3064 4062 3258 4139 quaest.
3296 4069 3388 4123 .52.
3470 4071 3517 4101 ⁸³
3539 4062 3681 4126 Psal.

413 4153 683 4203 cxxxvul,
736 4138 827 4193 ‘2l.
906 4137 951 4168 “
980 4135 1098 4190 Non
1147 4135 1416 4189 habentur
1465 4133 1519 4186 in
1559 4132 1751 4189 Anast.
1828 4134 1877 4164 "
1904 4134 1975 4188 ai.

2114 4134 2187 4205 ιήλ
2216 4134 2407 4191 Anast.
2449 4136 2692 4191 Ἡσαΐου.

1734 4312 2107 4371 VARIORUM
2140 4315 2372 4371 ΝΟΤᾸΞ.

422 4474 569 4599 in
598 4473 827 4597 ἓῖἔὲις.
859 4471 1008 4526 Alter
1038 4468 1200 4525 Vind.
1232 4469 1357 4525 cod.
1384 4468 1548 4539 λόγῳ,
1582 4467 1727 4539 quod
1758 4475 1841 4524 est
1871 4484 1995 4539 per-

2114 4468 2344 4537 proxime
2379 4469 2472 4523 καὶ
2512 4470 2809 4524 ἀλωπέκων
2886 4471 3103 4543 μερίδες
3149 4471 3449 4545 γενόμενοι,
3485 4478 3681 4546 quibus

2114 4540 2279 4594 verbis
2305 4557 2409 4593 non
2440 4540 2756 4599 deceptores
2782 4541 3187 4599 chcribuntur.
3212 4544 3306 4598 sed
3332 4546 3571 4599 decenti.
3604 4550 3676 4599 In-

519 4543 569 4599 e'.
598 4543 766 4597 Cum.

493 4616 569 4685 (3)
605 4608 1328 4685 01’r_t01._lumargineyind.
1367 4608 1488 4685 co_d.
1535 4610 1831 4685 ascriptum
1863 4620 1943 4685 est
1976 4629 1989 4664 :

416 4678 577 4746 Τινὲς
604 4683 738 4735 εἰσὶν
763 4678 842 4744 οἷς
883 4682 981 4735 οὐκ
1011 4680 1360 4751 ἀφεθήσεται,
1391 4678 1509 4731 οὔτε
1534 4680 1589 4730 ὲν
1616 4681 1693 4751 τῷ
1726 4680 1839 4743 νῦν,
1869 4680 1991 4733 οῦτε

417 4755 478 4808 ἐν
609 4752 854 4840 μέλλοντι
886 4748 1169 4840 αἰῶνιζοιι).

492 4806 568 4894 (4)
609 4806 916 4894 ’Ἑλλήνων
958 4818 1288 4894 ἀθεώζειοοιἶ
1327 4816 1587 4894 Ιιιιιιοοι)
1619 4820 1896 4894 rationein
1924 4835 1989 4894 ex

418 4891 480 4948 Β.
500 4889 718 4945 Ἰέριιιεο
752 4892 845 4945 lib.
885 4907 941 4954 ιι,
970 4906 1089 4959 cap.
1120 4889 1175 4952 9,
1200 4889 1325 4959 quia
1353 4889 1551 4941 ethnici
1584 4891 1815 4959 primum
1844 4890 1986 4943 divi-

398 4962 607 5019 nitatis
662 4963 840 5014 locum
894 4958 1523 5023 attribuuntCreatori;
1579 4958 1813 5012 lueretici
1866 4976 1992 5013 vero

418 5034 705 5102 (majorem
767 5036 993 5102 partem_
1019 5032 1312 5098 primarum
1345 5028 1652 5102 haereseon
1711 5028 1989 5102 intellige)

414 5097 583 5158 tilium
612 5097 945 5169 superiorem
973 5097 1137 5153 Deum
1162 5098 1666 5169 comminiscuntur.
1699 5097 1990 5153 llwreticos

413 5170 653 5242 gentibus
684 5168 809 5242 esse
855 5168 1054 5237 pejores
1095 5168 1301 5242 dubitat
1349 5183 1517 5242 nemo.
1577 5168 1841 5242 Primum,
1867 5169 1992 5237 quia

411 5237 630 5312 gentiles
652 5257 743 5309 per
762 5240 1113 5312 ignorantiam
1139 5238 1404 5312 Christum
1427 5238 1809 5312 blasphemant,
1824 5237 1990 5312 linere-

415 5308 508 5365 iici
539 5308 713 5364 autem
743 5308 960 5362 scientes
988 5308 1183 5362 Christi
1218 5308 1421 5359 laniant
1451 5309 1739 5361 veritatem.
1772 5308 1988 5370 Deinde,

411 5381 627 5450 quiain
656 5381 774 5450 illis,
794 5381 867 5433 vel
893 5392 1004 5446 spes
1036 5378 1097 5450 [ί.
1134 5376 1347 5447 species]
1381 5376 1503 5445 ﬁdei
1535 5388 1633 5441 est,
1668 5380 1719 5431 in
1751 5379 1865 5430 istis
1893 5394 1991 5431 (tl-

411 5458 515 5520 tem
550 5449 880 5520 incessabili:
907 5449 1082 5520 pugna
1114 5460 1163 5504 et
1207 5453 1502 5506 discordia.
1548 5451 1753 5505 Auctor
1802 5450 1989 5518 Operis

411 5519 705 5590 imperfecti
727 5521 783 5574 in
816 5519 1151 5585 Matt/imum,
1185 5521 1250 5575 ad
1277 5536 1396 5590 cap.
1429 5537 1526 5584 xu,
1550 5536 1694 5575 vers.
1733 5521 1821 5574 iii.
1850 5522 1986 5575 (Ior.

418 5586 594 5642 Verba
630 5598 810 5644 tamen
864 5590 980 5645 haec
1017 5589 1217 5644 desunt
1269 5586 1538 5646 in'altero
1584 5591 1705 5646 cod.
1756 5589 1989 5647 Vindob.

413 5668 686 5727 quaestum
716 5656 1086 5727 hyperbolica,
1110 5655 1202 5727 CL.

485 5724 564 5794 (5)
624 5722 991 5796 Ἀμπελῶνα.
1054 5722 1276 5779 Rectius
1331 5724 1675 5794 ἀμπελῶνας.
1729 5723 1987 5796 Sequitur

2100 4540 2279 4594 verbis
2305 4557 2409 4593 non
2440 4540 2756 4609 deceptores
2782 4540 3187 4607 chcri'buntur,
3212 4540 3306 4598 sed
3332 4540 3571 4609 decepti.
3604 4550 3676 4604 lo.

2166 4608 2242 4679 (6)
2273 4610 2417 4684 Μέν.
2454 4609 2546 4661 Est
2575 4608 2636 4684 in
2682 4612 2854 4684 altero
2880 4610 3040 4667 Vind.
3068 4613 3198 4684 γάρ,
3234 4630 3341 4667 non
3381 4608 3525 4672 male
3572 4627 3681 4673 tra-

2094 4678 2245 4750 ditur
2274 4679 2362 4750 hic
2402 4684 2540 4750 ratio
2569 4682 2724 4750 l'ugm.
2760 4683 2836 4736 lo.

2166 4748 2241 4819 (7)
2276 4748 2411 4814 Τήν.
2463 4748 2722 4804 Deest‘in
2784 4753 2957 4804 altero
3005 4751 3127 4806 cod.
3162 4750 3422 4819 Vindob.,
3458 4758 3674 4814 melius.

2094 4816 2268 4898 Habet
2296 4820 2440 4898 enim
2473 4820 2561 4874 hic
2585 4820 2851 4898 articulus
2894 4822 3029 4898 vim.
3050 4824 3349 4898 quamdam
3376 4816 3675 4898 δεικτικήν,

2094 4889 2204 4967 cui.
2235 4889 2417 4943 nullus
2441 4900 2536 4967 est
2582 4890 2670 4946 hic
2718 4891 2923 4967 locus;_
2943 4889 3245 4967 vult'enim
3301 4895 3413 4967 hic”
3439 4889 3679 4967 scriptor

2093 4957 2297 5080 nullatm
2339 4961 2655 5081 solcimatem
2706 4975 2831 5013 cum
2874 4961 3145 5030 ejusmodi
3190 4962 3507 5022 hominibus
3558 4957 3679 5025 Esse

2093 5042 2228 5081 onor
2255 5044 2364 5081 ere.
2421 5045 2472 5081 υ.

2093 5035 2364 5097 Oporterc.
2399 5035 2472 5084 In.

2189 5098 2243 5167 8)
2275 5100 2499 5164 Ὄσιος.
2531 5100 2680 5152 Alter
2707 5097 2870 5154 Vind.
2898 5099 3056 5163 θεῖος.
3091 5102 3168 5157 In.

2186 5170 2239 5237 9)
2273 5167 2383 5220 Καὶ
2408 5169 2486 5233 τῷ
2525 5169 2833 5237 Ἰωσαφάτ,
2876 5178 2982 5225 etc.
3019 5171 3231 5225 Excuso
3260 5171 3350 5226 hic
3387 5182 3443 5229 et
3474 5191 3676 5232 accuso

2091 5237 2375 5315 catholicae
2406 5240 2669 5315 doctrina:
2700 5251 2930 5315 patrem.
2966 5240 3179 5315 Ercuso
3211 5244 3266 5296 in
3298 5246 3522 5315 nomine
3553 5263 3675 5315 pro-

2093 5308 2298 5387 phetae;
2332 5310 2719 5387 qui_a.a_rhitror
2749 5310 2983 5387 positum
3019 5312 3190 5387 fuisse
3218 5313 3494 5387 ‘primitus
3536 5308 3674 5387 ’Ῐηοὺ

2106 5377 2303 5439 Ἀνανί,
2338 5379 2431 5433 sed
2470 5380 2517 5433 id
2563 5377 2762 5447 postea
2780 5382 2849 5433 ob
2885 5382 3024 5433 lectu
3072 5377 3341 5436 diﬂicilem
3387 5394 3483 5437 aut
3522 5377 3674 5440 coin-

2089 5447 2405 5522 pendiosam
2434 5450 2761 5522 scripturam
2787 5458 3063 5522 mutatum
3101 5452 3169 5504 ab
3200 5452 3471 5522 imperitis
3508 5456 3674 5509 libra-

2089 5517 2187 5570 riis
2214 5518 2266 5595 i_n
2304 5517 2494 5595 ‘lmv&,_
2520 5517 2672 5595 Ἰωήλ
2698 5528 2752 5595 e_t
2785 5519 3029 5575 Ἦσαῖου.
3061 5517 3296 5595 ᾼοειιειῖ
3321 5531 3507 5595 autem
3529 5526 3671 5595 quod

2090 5589 2382 5659 prophetas
2399 5590 2600 5659 et_im-a
2629 5589 2924 5659 Scriptura:
2944 5590 3272 5646 confuderit.
3309 5593 3451 5648 Cor.

2162 5658 2273 5781 (l9)
2321 5657 2505 5737 Ἰωνᾶ.
2541 5659 2607 5740 In.
2643 5657 2942 5714 msIVind.
2990 5678 3091 5744 ιου.
3145 5662 3344 5719 lineola
3393 5664 3670 5736 imposita,

2162 5746 2189 5781 υ
2276 5746 2384 5781 εον.
2417 5728 2678 5781 llcbralce
2704 5738 2786 5781 um
2807 5729 2998 5781 Jelmu.
3033 5734 3135 5781 LL.
3653 5753 3656 5757 -

2090 5744 2189 5799 ΡῙὈ
2233 5728 2384 5794 Ίεθῧ,
2417 5728 2678 5784 llcbruicc
2704 5738 2786 5790 ἸΠἺ
2807 5729 2998 5787 Je/tou.
3033 5732 3135 5787 CL.
3472 5728 3492 5736 '
3653 5728 3656 5757 ῖ
