3886 6190
390 266 507 331 967-

1275 260 1332 317 S.
1367 256 1767 315 CLEMENTIS
1803 255 1822 310 Ι
1863 251 2031 310 ιιοιι.
2071 250 2275 308 PONT.
2310 249 2536 307 OPERA
2573 247 2799 305 DUBIA.

3539 243 3667 302 968

389 382 642 446 sitatem;
674 384 839 449 atque
867 376 1071 433 talibus
1103 373 1243 431 cibis
1272 374 1564 439 interdico,
1601 381 1657 429 et
1698 372 1967 428 denuntio
1993 412 2004 434 ε

2102 366 2287 437 ξουσίᾳ
2317 364 2501 429 κακῶς
2518 364 2836 436 ἀπεχρήσω,
2852 360 3097 431 ἀνάγκην
3124 358 3406 431 ἐπιτίθημι
3426 375 3512 413 σοι
3542 359 3667 414 λοι-

389 473 491 529 tibi
515 470 857 527 dill'erentias
886 469 1202 523 animalium
1223 506 1239 531 ,
1269 467 1598 521 mundorum
1642 472 1699 519 et
1727 465 1967 518 immun-

390 566 612 630 dorum,
649 564 776 619 licet
807 579 967 618 omne
1015 562 1219 616 animal
1249 562 1455 615 bonum
1478 560 1571 621 sit,
1605 566 1794 628 utpote
1824 571 1855 610 a
1881 571 1968 612 me

394 667 638 730 factum;
671 664 798 717 item
840 656 1101 729 praecipio
1137 654 1235 708 tibi
1268 653 1405 707 tales
1438 651 1836 721 separationes,
1870 662 1971 717 pu-

392 757 752 816 rillcationes,
783 752 1044 806 continua
1072 747 1421 818 baptismata,
1447 742 1813 814 aspersiones,
1835 740 1970 794 tales

394 844 753 903 lustrationes
776 883 790 908 ,
840 838 1158 893 vacationes
1200 834 1478 899 diversas;
1517 830 1664 902 quod
1694 831 1739 884 si
1771 830 1824 883 in
1856 828 1971 881 sin-

395 940 541 1011 gulis
572 938 767 991 horum
806 948 915 987 non
946 928 1257 990 obedieris,
1296 924 1625 997 supplicium
1659 921 1878 983 deﬁnio,
1912 925 1971 972 ut

396 1032 576 1091 decet,
620 1025 966 1089 contumaci;
1009 1037 1119 1093 quo
1154 1034 1411 1090 pressus,
1448 1025 1502 1071 et
1539 1031 1569 1069 a
1608 1014 1798 1069 collari
1838 1026 1963 1065 con-

397 1121 648 1181 strictus,
673 1130 912 1171 errorem
943 1113 1010 1167 de
1042 1111 1389 1165 multitudine
1412 1108 1638 1162 deorum
1670 1105 1971 1173 relinquas;

398 1228 462 1266 ac
485 1210 853 1282 praetermisso
892 1207 984 1260 illo
1015 1204 1203 1257 dicte:
1241 1223 1258 1253 ι
1291 1200 1357 1255 Hi
1390 1200 1465 1254 dii
1492 1199 1595 1263 tui,
1628 1196 1793 1252 Israel
1820 1195 1911 1259 "°,
1948 1212 1966 1245 ι

399 1304 532 1356 illud
552 1298 898 1355 memineris:
927 1296 1122 1359 «Audi,
1148 1293 1313 1348 Israel
1337 1311 1349 1345 :
1379 1290 1641 1355 Dominus
1663 1288 1807 1344 Deus
1824 1299 1971 1353 tuus,

400 1393 666 1449 Dominus
697 1406 843 1445 unus
873 1396 959 1444 est
982 1389 997 1418 ¹
1018 1426 1033 1452 ,
1072 1407 1092 1439 ι
1131 1398 1497 1453 recurrasque
1526 1382 1592 1435 ad
1624 1396 1745 1437 eam
1776 1381 1971 1450 legem,

401 1502 431 1540 a
456 1502 541 1541 me
571 1485 787 1539 cunctis
808 1481 1122 1535 hominibus
1151 1488 1346 1532 natura
1372 1477 1623 1539 insitam;
1651 1489 1820 1528 unum
1854 1481 1975 1526 tan-

400 1583 516 1629 tum
559 1572 797 1628 existere
830 1570 998 1623 Deum
1052 1570 1107 1623 in
1138 1568 1277 1622 cmlo
1304 1577 1357 1621 et
1388 1568 1441 1620 in
1474 1575 1650 1629 terra;
1693 1581 1817 1619 eum
1850 1564 1976 1617 dili-

2068 461 2188 524 πδν,
2232 460 2327 514 καὶ
2360 457 2662 529 βρωμάτων
2709 454 2920 524 ἀφιστῶ
2952 451 3194 515 τοιῶνδε,
3244 451 3340 503 καὶ
3377 450 3535 515 ζώων
3574 469 3669 505 σοι

2066 552 2331 624 διαφοράς
2355 550 2609 622 καθαρῶν
2640 550 2733 602 καὶ
2763 546 3088 618 ἀκαθάρτων
3118 544 3519 613 διαστέλλομαι,
3556 546 3667 599 καί

2067 661 2151 696 τοι
2190 645 2391 706 παντὸς
2432 642 2571 707 ζὼου
2606 640 2771 694 καλοῦ
2816 638 2926 710 (29)
2980 637 3357 707 τυγχάνοντος,
3406 636 3507 689 ἆτε
3551 638 3669 689 ὑπ’

2070 737 2205 808 ἐμοῦ
2238 737 2547 807 γενομένου’
2592 735 2685 787 καὶ
2720 733 3055 804 ἀφορισμοὺς
3087 729 3325 783 τοιούσδε
3360 746 3443 781 σοι
3488 748 3675 800 προσ-

2070 831 2279 893 τάσσω,
2325 828 2730 898 καθαρισμοὺς,
2779 824 2976 895 συνεχῆ
3035 822 3403 892 βαπτίσματα,
3466 824 3674 892 ῥαντι-

2075 923 2266 992 σμοὺς,
2311 920 2534 988 ἁγνείας
2561 918 2795 979 τοιάσδε,
2825 917 3019 988 ἀργίας
3054 914 3372 985 διαφόρουςθ
3401 913 3501 965 καί
3528 912 3677 963 τού-

2070 1032 2179 1068 των
2213 1015 2305 1083 ἐφ’
2350 1012 2565 1083 ἑκάστῳ
2608 1012 2702 1064 ἐὰν
2744 1009 3116 1080 παρακούσῃς,
3154 1006 3420 1076 τιμωρίαν
3453 1004 3675 1075 ὁρίζω,

2073 1106 2150 1170 ὡς
2184 1107 2349 1169 ἔοικε,
2380 1106 2459 1176 τῷ
2488 1106 2703 1159 ἀπειθεί
2724 1106 2834 1174 (50)
2855 1121 2868 1134 ⁸
2914 1104 3062 1165 ὅπως
3093 1100 3408 1169 πιεζόμενος
3435 1098 3535 1151 καὶ
3553 1097 3679 1149 ὑπὸ

2072 1200 2168 1252 τοῦ
2204 1197 2387 1251 κλοιοῦ
2412 1197 2734 1268 ἀγχόμενος,
2765 1196 2867 1265 τῆς
2899 1194 3159 1248 πολυθέου
3192 1192 3398 1261 πλάνης
3430 1194 3675 1260 ὲκστῇςο

2075 1296 2170 1347 καὶ
2198 1293 2396 1365 παρεὶς
2421 1294 2483 1347 τὸ
2532 1313 2549 1343 ι
2598 1286 2755 1345 Οὗτοι
2796 1290 2846 1342 οἱ
2892 1288 3001 1340 θεοί
3043 1304 3135 1338 σου
3174 1284 3413 1355 Ἰσραὴλ,
3460 1301 3481 1333 ι
3528 1283 3681 1334 ὑπο-

2080 1391 2323 1462 μνησθῗμς
2357 1390 2418 1444 τὸ
2464 1409 2481 1441 ι
2525 1389 2740 1447 ΙἌκουε,
2780 1380 2995 1452 Ἰσραὴλ
3019 1419 3033 1443 ,
3068 1379 3270 1449 Κύριος
3301 1379 3331 1429 ὁ
3362 1376 3497 1438 Θεός
3541 1392 3676 1437 σου,

2076 1485 2280 1556 Κύριος
2308 1478 2386 1546 εἷς
2405 1484 2542 1544 ἐστι,
2585 1500 2604 1531 ι
2644 1480 2736 1532 καὶ
2758 1476 3073 1546 ἁναδράμῃς
3102 1474 3173 1523 ἐπ
3192 1473 3203 1490 ’
3231 1473 3434 1522 ἐκεῖνον
3465 1466 3565 1518 τὸν
3583 1467 3681 1517 νό-

2082 1596 2179 1649 μον
2212 1577 2303 1630 τὸν
2334 1579 2440 1631 ὑπ’
2475 1572 2611 1647 ἐμοῦ
2639 1576 2707 1644 τῇ
2759 1572 2915 1642 φύσει
2954 1564 3358 1634 καταϐληθέντα
3386 1565 3503 1624 τοῖς
3551 1560 3679 1628 (Si)

400 1666 637 1738 gendum
660 1681 728 1719 ex
752 1670 867 1716 toto
895 1662 1080 1725 corde,
1100 1669 1153 1715 et
1175 1676 1238 1715 ex
1270 1659 1400 1713 totis
1432 1658 1664 1719 viribus,
1699 1665 1752 1711 et
1774 1673 1839 1709 ex
1864 1664 1975 1709 tota

2096 1672 2247 1724 πᾶσιν
2266 1668 2575 1740 ἀνθρώποις
2590 1684 2603 1697 ⁸
2631 1666 2727 1718 ’ἐνα
2753 1664 2909 1735 μόνον
2936 1660 3197 1729 ὑπάρχειν
3217 1656 3347 1707 Θεὸν
3368 1656 3424 1705 ὲν
3444 1650 3679 1723 οὐρανῷ

404 1767 625 1823 mente;
658 1763 888 1825 excepto
932 1755 1026 1807 illo
1058 1754 1222 1806 alium
1254 1768 1363 1805 non
1405 1750 1737 1814 timendum;
1782 1764 1978 1803 nomen

2096 1765 2178 1819 καὶ
2209 1766 2300 1817 ἐπὶ
2331 1763 2435 1832 γῆς
2458 1780 2472 1792 ’
2508 1761 2603 1815 καὶ
2632 1759 2821 1813 τοῦτον
2870 1755 3085 1824 ἀγαπᾷν
3120 1750 3180 1813 ἐξ
3216 1748 3341 1818 ὅλης
3386 1746 3492 1814 τῆς
3523 1761 3679 1813 καρ-

402 1858 725 1906 ρωιετυιιιιιι
748 1848 973 1902 deorum
998 1862 1173 1915 neque
1190 1844 1522 1915 cogitatione
1544 1842 1979 1913 percipiendum,

403 1958 581 2012 neque
611 1940 795 2009 lingua
826 1947 882 1992 et
927 1954 1023 1992 ore
1072 1936 1477 2007 prolerendum.
1517 1933 1751 2005 Propter
1798 1933 1981 1987 cordis

404 2049 595 2088 eorum
627 2032 908 2095 duritiem,
942 2030 1187 2101 alligavit
1221 2045 1316 2083 eos
1344 2045 1359 2096 ;
1392 2036 1451 2081 ut
1484 2026 1870 2088 sacriﬁcando,
1902 2023 1982 2079 fe-

405 2125 622 2189 riando,
662 2123 946 2195 purgando
978 2138 1056 2186 se,
1089 2136 1153 2175 ac
1185 2120 1533 2174 observando
1573 2118 1798 2180 similia,
1832 2115 1981 2170 veni-

405 2228 530 2273 rent
572 2217 638 2272 ad
685 2216 1075 2288 cogitationem
1116 2213 1182 2267 de
1215 2213 1323 2267 Deo
1348 2252 1362 2277 ,
1400 2212 1494 2281 qui
1534 2211 1650 2265 lucc
1688 2210 1796 2263 illis
1845 2222 1982 2279 pra:-

406 2308 570 2379 cepit.

2082 1858 2221 1921 δίας,
2253 1858 2348 1911 καὶ
2391 1855 2451 1919 ἐξ
2483 1855 2611 1925 ὅλης
2642 1852 2743 1920 τῆς
2783 1848 2992 1918 ἰσχύος,
3026 1844 3119 1897 καὶ
3152 1840 3209 1905 ἐξ
3242 1840 3370 1907 ὅλης
3404 1837 3512 1905 τῆς
3543 1836 3679 1888 δια-

2084 1950 2263 2013 νοίας·
2310 1950 2403 2002 καί
2437 1947 2576 2017 πλὴν
2618 1942 2784 1997 αὐτοῦ
2835 1941 2907 2011 μὴ
2948 1935 3228 2008 φοϐεῖσθαι
3273 1931 3430 1985 ἄλλον
3458 1946 3475 1959 ·
3524 1928 3679 1997 μήτε

2086 2045 2255 2114 δνομα
2285 2042 2422 2094 θεῶν
2442 2040 2642 2110 ἑτέρων
2667 2038 2758 2089 ἐπὶ
2775 2033 3008 2094 διανοίας
3028 2027 3340 2099 λαμϐάνειν,
3365 2024 3505 2092 μήτε
3531 2036 3678 2090 προ-

2088 2113 2274 2207 φέρειν
2298 2134 2516 2204 γλὼσσῃ
2563 2131 2650 2184 διὰ
2692 2130 2978 2199 στόματος.
3012 2122 3111 2175 Διά
3152 2120 3249 2189 τὴν
3284 2116 3394 2187 (52)

2088 2228 2313 2298 καρδίαν
2361 2224 2538 2278 αὐτῶν
2579 2221 2840 2290 ὲπέδησεν
2892 2216 3003 2287 (3'5)
3053 2214 3269 2273 αὐτοὺς,
3324 2209 3409 2261 ἵνα
3452 2205 3540 2258 διά
3572 2202 3677 2255 τοῦ

2091 2319 2256 2382 θύειν,
2290 2318 2384 2371 καὶ
2405 2318 2615 2387 ἀργεῖν,
2648 2314 2743 2366 καὶ
2770 2308 3100 2379 ἁγνίζεσθαι,
3134 2305 3227 2358 καὶ
3257 2302 3326 2354 τά
3351 2298 3532 2352 τοιάδε
3568 2311 3681 2347 παν-

412 2422 781 2497 ρατηρεῖσθαι,
807 2418 895 2486 είς
913 2422 1118 2476 ἔννοιαν
1152 2419 1345 2473 ἔλθωσι
1377 2417 1472 2471 τοῦ
1501 2416 1656 2480 Θεοῦ,
1678 2413 1773 2469 τοῦ
1807 2413 1979 2467 ταῦτα
2010 2411 2403 2478 διαταξαμένου
2432 2409 2634 2470 αὐτοῖς.

998 2551 1226 2609 CAPUT
1262 2550 1404 2608 XXI.

413 2666 568 2734 Quod
600 2667 766 2721 simus
800 2665 895 2719 sub
924 2666 1123 2735 gratia,
1158 2680 1261 2735 non
1294 2673 1469 2716 autem
1499 2662 1594 2715 sub
1627 2660 1877 2735 servitute
1908 2659 1983 2714 (6*

587 2739 667 2806 gis
710 2732 968 2797 inductu},
1001 2735 1090 2804 qui
1122 2735 1175 2786 in
1214 2732 1483 2787 Christum
1523 2732 1805 2785 credimus.

487 2825 663 2882 Vestri
703 2837 881 2880 autem
905 2864 919 2889 ,
960 2825 1053 2894 qui
1092 2825 1145 2877 in
1172 2838 1338 2877 unum
1382 2822 1573 2884 Deum,
1606 2837 1713 2874 non
1746 2819 1985 2873 necessi-

413 2925 524 2972 tate
545 2916 879 2980 credidistis,
905 2914 998 2970 sed
1025 2928 1161 2967 sano
1184 2911 1431 2975 arbitrio,
1457 2909 1675 2964 voeanti
1708 2910 1987 2975 obtempe-

2592 2535 2988 2596 ΚΕΦΑΛΑΙΟΝ
3021 2534 3151 2587 KA'.

2090 2668 2210 2719 Ὅτι
2238 2663 2356 2719 ὑπὸ
2386 2658 2559 2729 χάριν
2584 2654 2792 2726 ἐσμὲν,
2815 2653 3052 2729 (1.1.1191)
3058 2669 3093 2717 χ
3114 2647 3227 2729 ίςπὸ
3250 2642 3541 2729 δουλείαν
3564 2639 3681 2729 τοῦ

2122 2715 2480 2789 ἐπεισάχῖσῦ
2509 2715 2716 2797 νόμοι),
2750 2715 2803 2777 οἷ
2830 2727 2915 2789 εὶς
2943 2715 3195 2790 Χριὸέτὸν
3225 2715 3641 2775 πιστεύοντες.

2170 2826 2356 2897 ’Υμῶν
2387 2825 2465 2887 δὲ,
2496 2822 2605 2875 τῶν
2630 2818 3035 2873 πιστευσάντων
3063 2815 3141 2874 εἰς
3160 2809 3251 2862 τὸν
3284 2808 3381 2860 ἕνα
3411 2804 3549 2858 Θεὸν
3576 2803 3681 2855 οὐκ

2092 2917 2200 2975 ἀπὸ
2218 2895 2480 2986 ἀνάγκης,
2504 2912 2640 2967 ἀλλά
2659 2911 2764 2964 ἀπὸ
2786 2906 3007 2978 γνώμης
3036 2900 3219 2971 ὑγιοῦς
3246 2895 3683 2951 ὑπακουσάντων

416 3004 604 3071 rastis,
636 3007 781 3063 beati
810 3014 939 3062 sunt
974 3004 1285 3073 ocnli,qnia
1321 3002 1534 3064 vident;
1562 3001 1689 3053 item
1712 3015 1873 3053 aures
1901 3012 1988 3053 ve—

2096 3012 2173 3084 τῷ
2205 3009 2515 3068 καλέσαντι,
2564 3004 2821 3076 μακάριοι
2851 3002 2900 3053 οἱ
2938 2993 3225 3067 ὀφθαλμοὶ,
3259 2992 3342 3043 ὅτι
3377 2988 3639 3059 βλέπουσι
3662 3023 3680 3043 ,

416 3108 565 3163 stne,
596 3100 854 3169 quoniam
878 3098 1104 3151 audiunt
1129 3097 1148 3126 '
1189 3111 1201 3145 :
1240 3109 1363 3147 nam
1406 3091 1631 3147 relaxati
1663 3091 1796 3144 estis
1825 3106 1853 3142 a
1877 3090 1992 3142 vin-

416 3192 577 3254 culis,
610 3199 663 3245 et
690 3189 904 3243 liberati
934 3203 963 3240 a
996 3186 1278 3242 servitute.
1311 3202 1329 3234 ι
1372 3182 1491 3237 Jam
1528 3199 1546 3232 ι
1590 3182 1759 3246 enim,
1789 3181 1986 3250 inquit,

424 3301 444 3335 ι
472 3298 581 3338 nun
629 3281 755 3337 dico
798 3295 897 3335 vos
946 3293 1156 3339 servos,
1216 3276 1311 3331 sed
1360 3272 1765 3341 amicos;quia
1806 3272 1990 3326 omnia

418 3389 765 3447 quacunque
811 3372 993 3427 audivi
1025 3386 1054 3423 a
1091 3368 1252 3422 Patre
1276 3382 1415 3429 meo,
1448 3377 1575 3421 nota
1602 3366 1703 3419 feci
1737 3365 1891 3418 vobis
1913 3365 1986 3417 ’.ι

419 3468 532 3521 hlis
579 3465 782 3535 quippe
819 3463 911 3532 qui
954 3460 1140 3516 videre
1167 3460 1491 3521 noluerunt,
1537 3472 1715 3526 neque
1762 3454 1989 3514 audire,

422 3573 530 3613 non
559 3558 630 3610 ob
667 3556 902 3626 partium
945 3552 1249 3617 defectum,
1283 3550 1377 3604 sed
1408 3550 1479 3603 ob
1508 3563 1797 3603 excessum
1836 3546 1994 3599 mali-

422 3650 541 3715 tim;
578 3666 595 3699 ι
627 3647 748 3702 dedi
777 3652 1047 3716 prazcepta
1081 3658 1191 3697 non
1223 3644 1396 3706 bona;
1439 3647 1493 3695 et
1527 3638 1954 3709 justlllcationes
1976 3675 1990 3702 ,

425 3742 481 3797 in
504 3740 704 3811 quibus
745 3754 853 3792 non
883 3738 1066 3791 vivent
1106 3737 1159 3789 in
1203 3734 1321 3789 eis‘
1350 3752 1361 3787 :
1393 3752 1412 3785 ι
1476 3747 1585 3785 non
1618 3731 1757 3784 bona
1787 3738 1991 3792 autem,

423 3830 705 3903 proposito
724 3843 913 3883 eorum
940 3844 954 3894 ;
986 3824 1425 3895 quandoquidem
1446 3830 1499 3877 et
1522 3823 1763 3876 cauteria
1788 3829 1840 3874 et
1862 3820 1998 3875 scal-

424 3924 626 3994 pellum
661 3928 715 3975 et
754 3918 1149 3973 medicamenta
1174 3956 1187 3979 ,
1224 3915 1445 3969 inimica
1491 3921 1619 3968 sunt
1646 3913 1788 3967 male
1816 3927 1875 3966 se
1907 3912 1997 3964 ba-

422 4010 681 4067 bentibus
717 4028 729 4063 :
770 4028 787 4058 ι
822 4023 928 4061 ιιοιι
969 4006 1133 4059 etiam
1168 4011 1480 4067 servantur,
1504 4022 1521 4054 ι
1556 4010 1780 4072 propter
1804 4016 1994 4056 eorum

422 4102 823 4159 ‘eontumaciam
852 4116 866 4167 ;
902 4098 1047 4153 unde
1091 4104 1145 4152 et
1176 4096 1310 4166 ipsis
1342 4103 1570 4149 mortem
1623 4110 1731 4149 non
1782 4104 1997 4149 servata

425 4194 685 4250 inferunt.

987 4301 1217 4359 CAPUT
1267 4299 1435 4356 XXII.

2092 3105 2186 3158 καὶ
2217 3102 2285 3155 τά
2315 3098 2427 3153 ὦτα
2462 3097 2636 3168 ὑμῶν,
2675 3096 2756 3147 ὃτι
2798 3090 3083 3146 ἀκούουσιν
3107 3104 3120 3117 ·
3155 3082 3403 3153 ἀνείθητε
3430 3078 3547 3149 γὰρ
3572 3077 3682 3128 τῶν

2091 3194 2305 3266 δεσμῶν
2331 3231 2344 3255 ,
2386 3192 2480 3245 καὶ
2521 3185 2930 3261 ἠλευθερώθη-ξε
2963 3178 3201 3239 δουλείας
3236 3174 3370 3243 (54).
3413 3191 3433 3223 ι
3481 3170 3683 3225 Οὐκέτι

2092 3262 2219 3359 γὰρ,
2274 3285 2458 3356 φησὶν,
2498 3282 2641 3350 λέγω
2692 3280 2835 3350 ὑμᾶς
2881 3273 3119 3333 δούλους,
3168 3266 3304 3321 ἀλλά
3351 3264 3564 3333 φίλους,
3599 3262 3681 3312 ὅτι

2095 3354 2273 3432 πάντα
2393 3376 2599 3445 ἥκουσα
2651 3369 2802 3441 παρά
2841 3366 2933 3420 τοῦ
2982 3361 3194 3433 Πατρός
3230 3376 3353 3429 μου,
3407 3354 3683 3426 ἐγνώρισα

2094 3475 2241 3544 ὑμῖν.
2285 3490 2302 3522 ι
2345 3468 2605 3529 Ἐκείνοις
2630 3465 2739 3536 γὰρ
2772 3464 2845 3534 μὴ
2867 3461 3153 3530 θελήσασιν
3187 3456 3334 3517 ἰδεῖν,
3361 3455 3502 3524 μήτε
3517 3450 3683 3506 ἀκοῦ-

2096 3582 2206 3627 σαι,
2259 3563 2320 3615 οὐ
2376 3560 2627 3632 στερήσει
2678 3556 2901 3628 μορίων,
2955 3550 3091 3613 ἀλλά
3134 3548 3333 3609 κακίας
3380 3544 3680 3617 ὑπερϐολῇ,

2101 3674 2119 3705 ι
2149 3656 2324 3708 ἔδωκα
2358 3652 2757 3723 προστάγματα
2785 3647 2845 3699 οὑ
2886 3643 3050 3704 καλὰ,
3092 3642 3184 3694 καὶ
3218 3637 3594 3707 δικαιώματα,
3626 3636 3682 3685 ἐν

2096 3742 2177 3810 οἷς
2206 3747 2265 3798 οὺ
2296 3745 2552 3816 ζήσονται
2588 3744 2644 3793 ὲν
2674 3740 2885 3800 αὐτοῖς·
2910 3756 2929 3787 ι
2971 3735 3031 3788 οὐ
3064 3733 3203 3787 καλά
3250 3732 3328 3793 δὲ,
3366 3728 3447 3799 τῷ

2097 3838 2277 3892 αὐτῶν
2302 3855 2314 3866 ·
2345 3835 2532 3906 ἐπειδὴ
2560 3835 2653 3886 καὶ
2676 3833 2725 3884 οἱ
2758 3830 3031 3900 καυτῆρες
3063 3827 3158 3878 καὶ
3184 3826 3246 3876 τὸ
3274 3823 3425 3891 ξίφος
3450 3821 3566 3891 (55)
3591 3820 3680 3872 καὶ

2095 3932 2163 3985 τὰ
2193 3932 2480 4003 φάρμακα.
2517 3924 2687 3997 ὲχθρά
2712 3926 2826 3985 τοῖς
2859 3921 2960 3990 οὐχ
3000 3917 3359 3986 ὑγιαίνουσιν·
3392 3911 3682 3980 ἀφύλακτα

2096 4026 2154 4078 δὲ
2177 4023 2264 4077 διά
2287 4025 2385 4093 τὴν
2404 4018 2580 4073 αὐτῶν
2610 4014 2895 4088 παρακοήν
2918 4029 2931 4044 '
2972 4010 3093 4064 ὅθεν
3118 4009 3212 4062 καὶ
3245 4006 3475 4060 θάνατον
3503 4004 3683 4064 abaci;

2098 4116 2293 4185 ἐπάγει
2319 4115 2392 4186 μὴ
2421 4109 2819 4183 φυλασσόμενα.

2619 4282 3015 4341 ΚΕΦᾹΛΔΙΟΝ
3039 4280 3166 4333 ΚΒ’.

428 4398 585 4468 Quod
623 4397 859 4451 ascititia
895 4404 1007 4468 erat
1034 4396 1117 4468 (ea;
1155 4393 1218 4447 de
1243 4393 1545 4468 sacriﬁciis,
1572 4408 1729 4463 quant
1760 4389 1999 4446 Christus

2108 4389 2228 4440 Ὅτι
2257 4381 2680 4468 ἐπείσακτοςνό
2709 4377 2811 4468 ὲπξ
2838 4374 2949 4447 (56)
2976 4370 3202 4456 θυσιῶγ
3246 4369 3451 4436 νόμος,
3482 4366 3556 4420 ὃν
3581 4382 3681 4418 πε-

917 4466 1209 4530 ,αάυθηὲεηε
1243 4465 1481 4517 sustulit.
1718 4510 1719 4513 η
1858 4472 1867 4497 τ

505 4562 613 4619 Vos
641 4577 769 4632 ergo
790 4561 957 4623 beati,
1001 4559 1094 4629 qui
1132 4558 1296 4612 soluti
1319 4559 1453 4611 estis
1482 4552 1808 4608 maledicto:
1835 4553 1997 4605 adve-

428 4659 587 4713 niens
617 4655 764 4711 enim
794 4652 1049 4708 Christus
1070 4689 1087 4716 ,
1120 4649 1213 4704 Dei
1246 4647 1417 4702 Filius
1439 4688 1454 4715 ,
1489 4647 1659 4715 legem
1698 4653 1873 4699 ratam
1908 4645 2003 4696 ba-

2381 4453 2571 4520 ριεῑλε
2589 4442 2856 4517 ’Χριστὸς
2879 4442 3381 4512 παραγενόμενος.

2187 4548 2376 4617 Ὑμεῖς
2407 4542 2500 4599 οὖν
2543 4540 2822 4613 μακάριοι,
2860 4538 2911 4589 οἱ
2967 4534 3218 4594 λυθέντες
3254 4532 3357 4601 τῆς
3396 4528 3642 4600 κατάρας
3665 4545 3679 4557 ο

2112 4640 2346 4710 Χριστὸς
2378 4638 2487 4707 γὰρ
2528 4630 2992 4704 παραγενόμενος,
3034 4628 3064 4680 ὀ
3098 4624 3194 4679 τοῦ
3234 4622 3371 4676 Θεοῦ
3398 4621 3550 4685 Υἱὸς,
3594 4621 3682 4672 τὸν

506 4839 571 4872 ιοο
589 4834 762 4894 Exod.
797 4848 972 4897 nm,
1000 4831 1055 4886 4.
1132 4829 1150 4861 ¹
1186 4828 1343 4885 Deut.
1366 4843 1441 4893 vr,
1466 4827 1521 4882 4.
1597 4823 1963 4880 'Matth.xnt.
1990 4822 2004 4875 l

2153 4818 2339 4873 'Joan.
2367 4832 2457 4881 xv,
2488 4802 2575 4870 ⁸5.
2666 4813 2688 4845 ⁸
2711 4811 2909 4869 Bacch.
2943 4825 3036 4876 xx,
3062 4806 3154 4862 25.

1772 5019 2132 5078 VARlORUM
2167 5016 2400 5072 NOTAE.

502 5171 614 5312 (29)
635 5168 858 5227 Καλοῦ.
876 5168 1012 5224 Cod.
1034 5168 1197 5222 Viml.
1221 5162 1487 5237 καθαροῦ,
1506 5158 1651 5232 quod
1672 5159 1877 5213 malim.
1903 5157 2004 5212 CL.

502 5244 593 5312 (50
655 5244 747 5307 Ὡς
773 5241 949 5312 ἔοικε,
972 5236 1321 5312 τῷ-άπε-ιθεῖ.
1356 5234 1502 5289 Idem
1526 5231 1698 5289 codex
1733 5249 1745 5284 :
1770 5229 1845 5293 ὡς
1862 5228 2004 5282 οίκέ-

502 5228 613 5312 (50)
655 5244 747 5307 Ὡς
773 5241 949 5312 ἔοικε,
972 5236 1321 5312 τῷ-άπε-ιθεῖ.
1356 5228 1502 5289 idem
1523 5228 1698 5289 codex
1733 5249 1745 5284 :
1770 5229 1845 5293 ὡς
1862 5228 2007 5282 οίκέ-

430 5327 494 5385 τῃ
512 5307 758 5385 ίάπειθεῖ,
782 5310 925 5385 quod
948 5310 1161 5363 melius.
1188 5307 1263 5385 In.

500 5382 615 5521 (51)
652 5372 960 5445 Τοῖςξῡθιθ
980 5393 1103 5432 cum
1130 5377 1253 5431 cod.
1287 5372 1450 5428 Vind.
1475 5372 1554 5425 In.

525 5452 594 5505 32
647 5451 750 5521 Διὰ
776 5448 911 5521 τήνἒ
938 5446 1084 5502 Idem
1107 5446 1194 5500 διὰ
1212 5446 1319 5517 γὰρ
1342 5446 1462 5515 τήν,
1493 5449 1552 5495 ut

525 5438 615 5517 52)
647 5438 909 5516 Διὰὶήν.
938 5446 1084 5502 Idem
1107 5446 1194 5500 διὰ
1212 5446 1319 5517 γὰρ
1342 5446 1462 5515 τήν,
1493 5449 1552 5495 ut
1572 5439 1711 5495 ratio
1750 5438 2001 5509 superio-

429 5517 553 5576 rum
578 5517 858 5575 reddatur.
893 5517 969 5572 In.

473 5589 618 5669 '(33)_
636 5587 995 5669 ’Ewtlonasr.
1036 5583 1300 5669 Quamvis
1330 5586 1469 5664 ritus
1500 5578 1723 5669 biosaici
1747 5592 1875 5669 vera
1898 5576 2011 5658 sint

2110 5152 2295 5207 malim
2346 5165 2470 5205 eum
2516 5148 2681 5203 Vind.
2727 5146 3032 5208 ἐπαίδευσε,
3084 5144 3166 5198 sic
3205 5143 3355 5197 enim
3399 5140 3681 5213 legendum

2110 5224 2165 5278 in
2197 5237 2263 5278 eo
2296 5237 2394 5291 pro
2423 5221 2716 5291 ὲπαίδησε,
2755 5217 2911 5291 quod
2942 5214 3199 5291 vitiosum
3222 5223 3324 5291 est:
3358 5212 3437 5291 In.

2180 5281 2637 5364 (54)’Δοι)λείαςί
2649 5281 2925 5364 Οὕτω-καὶ
2943 5286 2971 5336 ὁ
2995 5283 3202 5364 ξςύριος
3229 5281 3368 5364 πρὸς
3387 5282 3538 5364 ἡμᾶς

2105 5349 2285 5488 3ύῖοῖ
2308 5360 2558 5432 μαθητὰς
2582 5349 2759 5411 εἶπεν.
2792 5355 2918 5411 Haec
2942 5349 3222 5409 adduntur
3250 5349 3310 5407 in
3336 5349 3531 5407 codice
3558 5349 3683 5405 Vin-

2143 5449 2175 5488 o
2219 5473 2232 5486 .
2286 5448 2337 5484 n.

2143 5448 2232 5488 0D.
2265 5448 2337 5484 ID.

2175 5503 2287 5573 (55)
2319 5497 2717 5573 Ξίφοςζνίιιᾴ.
2746 5495 3153 5573 ςριὶκσιδήριιον.
3186 5491 3262 5573 In.

2187 5564 2296 5643 (56)
2327 5564 2492 5643 Ἐξὲτιξ
2509 5570 2642 5642 Περί
2667 5568 2723 5621 in
2753 5565 2941 5643 δῖιιιιὶ.Δ
2960 5564 3100 5643 ᾠά.-
3129 5564 3360 5631 rectius,
3390 5568 3445 5619 et
3464 5576 3569 5637 pro
3593 5577 3685 5617 πιο

432 5634 678 5733 vincula,
696 5634 962 5728 ὶὶὥόἑεῖὶ
980 5634 1238 5714 ὲεῖέῖιῖδ
1253 5634 1395 5710 liuic
1414 5634 1584 5708 verbo
1613 5650 1765 5706 locus
1788 5666 1803 5712 ;
1826 5653 2004 5703 tamen

2116 5634 2289 5717 ριεῖλέ
2317 5641 2518 5714 πέρᾳνε
2548 5634 2874 5713 α’περαὶνω,
2904 5635 3033 5708 ﬁnio
3080 5634 3159 5695 ID.
