  <div class='ocr_page' id='page_1' title='image "/cluster/home/n/w/nwhite01/storage/ocr_20150623/1/nnc1.0022106693/530.png"; bbox 0 0 3886 6190; ppageno 0'>
   <div class='ocr_carea' id='block_1_1' title="bbox 182 244 299 305">
    <p class='ocr_par' dir='ltr' id='par_1_1' title="bbox 182 244 299 305">
     <span class='ocr_line' id='line_1_1' title="bbox 182 244 299 305; baseline 0.017 -2"><span class='ocrx_word' id='word_1_1' title='bbox 182 244 299 305; x_wconf 78' lang='lat'><strong>969</strong></span> 
     </span>
    </p>
   </div>
   <div class='ocr_carea' id='block_1_2' title="bbox 1070 265 2587 352">
    <p class='ocr_par' dir='ltr' id='par_1_2' title="bbox 1070 265 2587 352">
     <span class='ocr_line' id='line_1_2' title="bbox 1070 265 2587 352; baseline 0.02 -30"><span class='ocrx_word' id='word_1_2' title='bbox 1070 265 1666 333; x_wconf 79' lang='lat' dir='ltr'><strong>CONSTITUTIONES</strong></span> <span class='ocrx_word' id='word_1_3' title='bbox 1698 281 2174 347; x_wconf 63' lang='lat' dir='ltr'><strong>APOSTOLICIE.</strong></span> <span class='ocrx_word' id='word_1_4' title='bbox 2211 322 2279 332; x_wconf 91' lang='lat'><strong>——</strong></span> <span class='ocrx_word' id='word_1_5' title='bbox 2313 295 2440 350; x_wconf 83' lang='lat' dir='ltr'><strong>LIB.</strong></span> <span class='ocrx_word' id='word_1_6' title='bbox 2480 296 2587 352; x_wconf 56' lang='lat' dir='ltr'><strong>Vl.‘</strong></span> 
     </span>
    </p>
   </div>
   <div class='ocr_carea' id='block_1_3' title="bbox 3335 291 3461 372">
    <p class='ocr_par' dir='ltr' id='par_1_3' title="bbox 3335 291 3461 372">
     <span class='ocr_line' id='line_1_3' title="bbox 3335 291 3461 372; baseline 0.016 -2"><span class='ocrx_word' id='word_1_7' title='bbox 3335 291 3461 372; x_wconf 47' lang='lat'><strong>970&#39;</strong></span> 
     </span>
    </p>
   </div>
   <div class='ocr_carea' id='block_1_4' title="bbox 177 361 1765 492">
    <p class='ocr_par' dir='ltr' id='par_1_4' title="bbox 177 361 1762 492">
     <span class='ocr_line' id='line_1_4' title="bbox 177 361 1762 466; baseline 0.012 -34"><span class='ocrx_word' id='word_1_8' title='bbox 177 361 354 432; x_wconf 59' lang='grc' dir='ltr'><strong>νόμον</strong></span> <span class='ocrx_word' id='word_1_9' title='bbox 387 365 641 438; x_wconf 81' lang='grc' dir='ltr'>κυρώσας</span> <span class='ocrx_word' id='word_1_10' title='bbox 672 371 985 446; x_wconf 75' lang='grc' dir='ltr'>ἐπλήρωσε·</span> <span class='ocrx_word' id='word_1_11' title='bbox 1033 384 1102 435; x_wconf 80' lang='grc' dir='ltr'>τὰ</span> <span class='ocrx_word' id='word_1_12' title='bbox 1141 385 1440 443; x_wconf 77' lang='grc' dir='ltr'><strong>ἐπείσακτα</strong></span> <span class='ocrx_word' id='word_1_13' title='bbox 1476 396 1762 466; x_wconf 82' lang='grc' dir='ltr'><strong>περιεῖλεν,</strong></span> 
     </span>
     <span class='ocr_line' id='line_1_5' title="bbox 177 456 1698 492; baseline 0 0"><span class='ocrx_word' id='word_1_14' title='bbox 177 457 232 492; x_wconf 72' lang='lat' dir='ltr'><strong>ei</strong></span> <span class='ocrx_word' id='word_1_15' title='bbox 264 456 356 492; x_wconf 64' lang='lat' dir='ltr'><strong>vn‘.</strong></span> <span class='ocrx_word' id='word_1_16' title='bbox 398 459 469 492; x_wconf 57' lang='lat' dir='ltr'><strong>mh</strong></span> <span class='ocrx_word' id='word_1_17' title='bbox 504 459 678 492; x_wconf 55' lang='lat' dir='ltr'><strong>aut&quot;..-</strong></span> <span class='ocrx_word' id='word_1_18' title='bbox 752 465 884 492; x_wconf 50' lang='lat'><strong>1.13:.</strong></span> <span class='ocrx_word' id='word_1_19' title='bbox 923 486 981 492; x_wconf 81' lang='lat'><strong>--_</strong></span> <span class='ocrx_word' id='word_1_20' title='bbox 1018 472 1081 492; x_wconf 60' lang='grc' dir='ltr'><strong>,ι</strong></span> <span class='ocrx_word' id='word_1_21' title='bbox 1120 475 1145 492; x_wconf 78' lang='grc' dir='ltr'>η</span> <span class='ocrx_word' id='word_1_22' title='bbox 1241 478 1251 491; x_wconf 74' lang='grc' dir='ltr'><em>ο</em></span> <span class='ocrx_word' id='word_1_23' title='bbox 1487 484 1497 492; x_wconf 90' lang='grc'><strong>.</strong></span> <span class='ocrx_word' id='word_1_24' title='bbox 1589 486 1598 492; x_wconf 97' lang='grc'>.</span> <span class='ocrx_word' id='word_1_25' title='bbox 1681 488 1698 492; x_wconf 79' lang='lat'><strong>-</strong></span> 
     </span>
    </p>
   </div>
   <div class='ocr_carea' id='block_1_5' title="bbox 1851 361 3433 492">
    <p class='ocr_par' dir='ltr' id='par_1_5' title="bbox 1870 402 3433 492">
     <span class='ocr_line' id='line_1_6' title="bbox 1870 402 3433 492; baseline 0.018 -37"><span class='ocrx_word' id='word_1_26' title='bbox 1870 402 2008 468; x_wconf 89' lang='lat' dir='ltr'><strong>huit,</strong></span> <span class='ocrx_word' id='word_1_27' title='bbox 2039 413 2091 460; x_wconf 91' lang='lat' dir='ltr'><strong>ct</strong></span> <span class='ocrx_word' id='word_1_28' title='bbox 2120 408 2397 478; x_wconf 93' lang='lat' dir='ltr'><strong>implevit;</strong></span> <span class='ocrx_word' id='word_1_29' title='bbox 2422 414 2594 467; x_wconf 83' lang='lat' dir='ltr'><strong>ascita</strong></span> <span class='ocrx_word' id='word_1_30' title='bbox 2613 418 2933 487; x_wconf 77' lang='lat' dir='ltr'><strong>amputavit,</strong></span> <span class='ocrx_word' id='word_1_31' title='bbox 2961 421 3064 477; x_wconf 90' lang='lat' dir='ltr'><strong>etsi</strong></span> <span class='ocrx_word' id='word_1_32' title='bbox 3090 437 3197 477; x_wconf 92' lang='lat' dir='ltr'><strong>non</strong></span> <span class='ocrx_word' id='word_1_33' title='bbox 3228 433 3433 492; x_wconf 87' lang='lat' dir='ltr'><strong>omnia,</strong></span> 
     </span>
    </p>
   </div>
   <div class='ocr_carea' id='block_1_6' title="bbox 175 456 1762 558">
    <p class='ocr_par' dir='ltr' id='par_1_6' title="bbox 175 456 1762 558">
     <span class='ocr_line' id='line_1_7' title="bbox 175 456 1762 558; baseline 0.025 -54"><span class='ocrx_word' id='word_1_34' title='bbox 175 457 234 558; x_wconf 60' lang='lat' dir='ltr'><strong>Ei</strong></span> <span class='ocrx_word' id='word_1_35' title='bbox 264 456 361 558; x_wconf 74' lang='grc' dir='ltr'><strong>καί</strong></span> <span class='ocrx_word' id='word_1_36' title='bbox 396 459 469 529; x_wconf 84' lang='grc' dir='ltr'>μὴ</span> <span class='ocrx_word' id='word_1_37' title='bbox 504 459 681 515; x_wconf 86' lang='grc' dir='ltr'>πάντα</span> <span class='ocrx_word' id='word_1_38' title='bbox 702 503 716 527; x_wconf 95' lang='grc'><strong>,</strong></span> <span class='ocrx_word' id='word_1_39' title='bbox 750 465 886 521; x_wconf 85' lang='grc' dir='ltr'><strong>ἀλλά</strong></span> <span class='ocrx_word' id='word_1_40' title='bbox 922 486 985 538; x_wconf 88' lang='grc' dir='ltr'><strong>γε</strong></span> <span class='ocrx_word' id='word_1_41' title='bbox 1016 472 1083 526; x_wconf 80' lang='grc' dir='ltr'>τὰ</span> <span class='ocrx_word' id='word_1_42' title='bbox 1117 475 1410 552; x_wconf 86' lang='grc' dir='ltr'>βαρύτερα,</span> <span class='ocrx_word' id='word_1_43' title='bbox 1443 484 1510 537; x_wconf 80' lang='grc' dir='ltr'>τὰ</span> <span class='ocrx_word' id='word_1_44' title='bbox 1545 456 1644 556; x_wconf 78' lang='grc' dir='ltr'><strong>μὲν</strong></span> <span class='ocrx_word' id='word_1_45' title='bbox 1674 456 1762 558; x_wconf 44' lang='grc' dir='ltr'>βεέ</span> 
     </span>
    </p>
   </div>
   <div class='ocr_carea' id='block_1_7' title="bbox 174 544 1765 637">
    <p class='ocr_par' dir='ltr' id='par_1_7' title="bbox 174 544 1765 637">
     <span class='ocr_line' id='line_1_8' title="bbox 174 544 1765 637; baseline 0.025 -41"><span class='ocrx_word' id='word_1_46' title='bbox 174 544 451 613; x_wconf 74' lang='grc' dir='ltr'>σαιώσας,</span> <span class='ocrx_word' id='word_1_47' title='bbox 478 551 547 605; x_wconf 80' lang='grc' dir='ltr'>τὰ</span> <span class='ocrx_word' id='word_1_48' title='bbox 575 553 632 606; x_wconf 84' lang='grc' dir='ltr'>δὲ</span> <span class='ocrx_word' id='word_1_49' title='bbox 666 557 882 623; x_wconf 77' lang='grc' dir='ltr'><strong>παύσας</strong></span> <span class='ocrx_word' id='word_1_50' title='bbox 907 579 919 591; x_wconf 78' lang='grc'><strong>·</strong></span> <span class='ocrx_word' id='word_1_51' title='bbox 955 567 1130 620; x_wconf 75' lang='grc' dir='ltr'>καὶτὸ</span> <span class='ocrx_word' id='word_1_52' title='bbox 1167 571 1508 637; x_wconf 82' lang='grc' dir='ltr'>αὐτεξούσιον</span> <span class='ocrx_word' id='word_1_53' title='bbox 1536 580 1643 633; x_wconf 89' lang='grc' dir='ltr'><strong>τῶν</strong></span> <span class='ocrx_word' id='word_1_54' title='bbox 1672 582 1765 635; x_wconf 82' lang='grc' dir='ltr'><strong>ἁν-</strong></span> 
     </span>
    </p>
   </div>
   <div class='ocr_carea' id='block_1_8' title="bbox 174 636 1763 742">
    <p class='ocr_par' dir='ltr' id='par_1_8' title="bbox 174 636 1763 742">
     <span class='ocr_line' id='line_1_9' title="bbox 174 636 1763 742; baseline 0.025 -54"><span class='ocrx_word' id='word_1_55' title='bbox 174 636 423 742; x_wconf 71' lang='grc' dir='ltr'>Θρώπων</span> <span class='ocrx_word' id='word_1_56' title='bbox 465 643 626 699; x_wconf 84' lang='grc' dir='ltr'>πάλιν</span> <span class='ocrx_word' id='word_1_57' title='bbox 653 648 865 720; x_wconf 80' lang='grc' dir='ltr'>ἀφῆκεν</span> <span class='ocrx_word' id='word_1_58' title='bbox 888 654 1190 731; x_wconf 86' lang='grc' dir='ltr'>ἐλεύθερον,</span> <span class='ocrx_word' id='word_1_59' title='bbox 1218 664 1279 716; x_wconf 84' lang='grc' dir='ltr'>οὐ</span> <span class='ocrx_word' id='word_1_60' title='bbox 1312 671 1632 742; x_wconf 87' lang='grc' dir='ltr'>προσκαίρῳ</span> <span class='ocrx_word' id='word_1_61' title='bbox 1664 672 1763 725; x_wconf 88' lang='grc' dir='ltr'>θα-</span> 
     </span>
    </p>
   </div>
   <div class='ocr_carea' id='block_1_9' title="bbox 170 730 1763 831">
    <p class='ocr_par' dir='ltr' id='par_1_9' title="bbox 170 730 1763 831">
     <span class='ocr_line' id='line_1_10' title="bbox 170 730 1763 831; baseline 0.025 -51"><span class='ocrx_word' id='word_1_62' title='bbox 170 730 331 831; x_wconf 36' lang='lat' dir='ltr'><strong>Vtin!)</strong></span> <span class='ocrx_word' id='word_1_63' title='bbox 364 733 621 831; x_wconf 65' lang='grc' dir='ltr'>δικάςων,</span> <span class='ocrx_word' id='word_1_64' title='bbox 657 741 772 795; x_wconf 83' lang='grc' dir='ltr'>ἀλλ’</span> <span class='ocrx_word' id='word_1_65' title='bbox 805 746 863 798; x_wconf 90' lang='grc' dir='ltr'><strong>ἐν</strong></span> <span class='ocrx_word' id='word_1_66' title='bbox 904 730 1431 822; x_wconf 14' lang='grc' dir='ltr'>ἐτέρᾳνκαταστάσει</span> <span class='ocrx_word' id='word_1_67' title='bbox 1469 730 1763 831; x_wconf 70' lang='grc' dir='ltr'>λογοθετῶν</span> 
     </span>
    </p>
   </div>
   <div class='ocr_carea' id='block_1_10' title="bbox 170 822 1763 927">
    <p class='ocr_par' dir='ltr' id='par_1_10' title="bbox 170 822 1763 927">
     <span class='ocr_line' id='line_1_11' title="bbox 170 822 1763 927; baseline 0.025 -56"><span class='ocrx_word' id='word_1_68' title='bbox 170 822 316 927; x_wconf 47' lang='lat' dir='ltr'><strong>at???</strong></span> <span class='ocrx_word' id='word_1_69' title='bbox 341 841 355 854; x_wconf 94' lang='grc'><strong>·</strong></span> <span class='ocrx_word' id='word_1_70' title='bbox 390 824 469 879; x_wconf 85' lang='grc' dir='ltr'>διὸ</span> <span class='ocrx_word' id='word_1_71' title='bbox 488 827 665 927; x_wconf 83' lang='grc' dir='ltr'>λέγει·</span> <span class='ocrx_word' id='word_1_72' title='bbox 711 834 809 889; x_wconf 79' lang='grc' dir='ltr'><strong>«Εἴ</strong></span> <span class='ocrx_word' id='word_1_73' title='bbox 832 854 916 903; x_wconf 84' lang='grc' dir='ltr'><strong>τις</strong></span> <span class='ocrx_word' id='word_1_74' title='bbox 948 840 1074 914; x_wconf 81' lang='grc' dir='ltr'>θέλῃ</span> <span class='ocrx_word' id='word_1_75' title='bbox 1108 846 1283 902; x_wconf 84' lang='grc' dir='ltr'>ὀπίσω</span> <span class='ocrx_word' id='word_1_76' title='bbox 1314 867 1413 920; x_wconf 90' lang='grc' dir='ltr'><strong>μου</strong></span> <span class='ocrx_word' id='word_1_77' title='bbox 1451 822 1641 918; x_wconf 70' lang='grc' dir='ltr'>ἐλθεῖν,</span> <span class='ocrx_word' id='word_1_78' title='bbox 1674 857 1763 927; x_wconf 87' lang='grc' dir='ltr'>ἐρ-</span> 
     </span>
    </p>
   </div>
   <div class='ocr_carea' id='block_1_11' title="bbox 169 913 1755 1016">
    <p class='ocr_par' dir='ltr' id='par_1_11' title="bbox 169 913 1755 1016">
     <span class='ocr_line' id='line_1_12' title="bbox 169 913 1755 1016; baseline 0.025 -53"><span class='ocrx_word' id='word_1_79' title='bbox 169 913 405 1016; x_wconf 37' lang='lat' dir='ltr'><strong>Effice:-</strong></span> <span class='ocrx_word' id='word_1_80' title='bbox 424 936 443 969; x_wconf 83' lang='grc'><strong>›</strong></span> <span class='ocrx_word' id='word_1_81' title='bbox 478 920 572 973; x_wconf 79' lang='grc' dir='ltr'><strong>καὶ</strong></span> <span class='ocrx_word' id='word_1_82' title='bbox 604 924 764 979; x_wconf 84' lang='grc' dir='ltr'>πάλιν</span> <span class='ocrx_word' id='word_1_83' title='bbox 787 945 802 957; x_wconf 84' lang='grc'><strong>·</strong></span> <span class='ocrx_word' id='word_1_84' title='bbox 829 931 949 1002; x_wconf 78' lang='grc' dir='ltr'><strong>«Μὴ</strong></span> <span class='ocrx_word' id='word_1_85' title='bbox 979 913 1072 988; x_wconf 60' lang='grc' dir='ltr'><strong>καί</strong></span> <span class='ocrx_word' id='word_1_86' title='bbox 1092 937 1248 1007; x_wconf 86' lang='grc' dir='ltr'>ὑμεῖς</span> <span class='ocrx_word' id='word_1_87' title='bbox 1266 913 1446 997; x_wconf 85' lang='grc' dir='ltr'>θέλετε</span> <span class='ocrx_word' id='word_1_88' title='bbox 1467 913 1755 1016; x_wconf 56' lang='grc' dir='ltr'>ὑπάγεινξι</span> 
     </span>
    </p>
   </div>
   <div class='ocr_carea' id='block_1_12' title="bbox 174 1005 1760 1116">
    <p class='ocr_par' dir='ltr' id='par_1_12' title="bbox 174 1005 1760 1116">
     <span class='ocr_line' id='line_1_13' title="bbox 174 1005 1760 1116; baseline 0.028 -61"><span class='ocrx_word' id='word_1_89' title='bbox 174 1005 326 1114; x_wconf 50' lang='grc' dir='ltr'><strong>Ἵῖδη</strong></span> <span class='ocrx_word' id='word_1_90' title='bbox 363 1009 419 1116; x_wconf 64' lang='grc' dir='ltr'><strong>δέ</strong></span> <span class='ocrx_word' id='word_1_91' title='bbox 452 1013 566 1115; x_wconf 42' lang='grc' dir='ltr'>καὶ.</span> <span class='ocrx_word' id='word_1_92' title='bbox 586 1016 844 1116; x_wconf 47' lang='grc' dir='ltr'><strong>πρὸ-(57)</strong></span> <span class='ocrx_word' id='word_1_93' title='bbox 890 1024 992 1095; x_wconf 83' lang='grc' dir='ltr'><strong>τῆς</strong></span> <span class='ocrx_word' id='word_1_94' title='bbox 1032 1005 1332 1101; x_wconf 84' lang='grc' dir='ltr'>παρουσίας</span> <span class='ocrx_word' id='word_1_95' title='bbox 1371 1038 1536 1093; x_wconf 79' lang='grc' dir='ltr'>αὐτοῦ</span> <span class='ocrx_word' id='word_1_96' title='bbox 1580 1005 1760 1116; x_wconf 64' lang='grc' dir='ltr'>ἆταρῂ-</span> 
     </span>
    </p>
   </div>
   <div class='ocr_carea' id='block_1_13' title="bbox 168 1100 1762 1207">
    <p class='ocr_par' dir='ltr' id='par_1_13' title="bbox 168 1100 1762 1207">
     <span class='ocr_line' id='line_1_14' title="bbox 168 1100 1762 1207; baseline 0.026 -59"><span class='ocrx_word' id='word_1_97' title='bbox 168 1100 325 1152; x_wconf 80' lang='grc' dir='ltr'>τεῖτο</span> <span class='ocrx_word' id='word_1_98' title='bbox 354 1102 454 1166; x_wconf 79' lang='grc' dir='ltr'>τὰς</span> <span class='ocrx_word' id='word_1_99' title='bbox 474 1104 568 1157; x_wconf 81' lang='grc' dir='ltr'>τοῦ</span> <span class='ocrx_word' id='word_1_100' title='bbox 589 1105 717 1162; x_wconf 81' lang='grc' dir='ltr'>λαοῦ</span> <span class='ocrx_word' id='word_1_101' title='bbox 745 1111 955 1179; x_wconf 81' lang='grc' dir='ltr'>Θυσίας,</span> <span class='ocrx_word' id='word_1_102' title='bbox 975 1100 1233 1187; x_wconf 74' lang='grc' dir='ltr'><strong>πολλάκις</strong></span> <span class='ocrx_word' id='word_1_103' title='bbox 1251 1129 1331 1190; x_wconf 86' lang='grc' dir='ltr'><strong>είς</strong></span> <span class='ocrx_word' id='word_1_104' title='bbox 1348 1131 1509 1184; x_wconf 88' lang='grc' dir='ltr'>αὑτὸν</span> <span class='ocrx_word' id='word_1_105' title='bbox 1529 1132 1621 1197; x_wconf 84' lang='grc' dir='ltr'><strong>ἐξα</strong></span> <span class='ocrx_word' id='word_1_106' title='bbox 1629 1100 1762 1207; x_wconf 67' lang='grc' dir='ltr'><strong>μζαὲ-</strong></span> 
     </span>
    </p>
   </div>
   <div class='ocr_carea' id='block_1_14' title="bbox 166 1191 1760 1295">
    <p class='ocr_par' dir='ltr' id='par_1_14' title="bbox 166 1191 1760 1295">
     <span class='ocr_line' id='line_1_15' title="bbox 166 1191 1760 1295; baseline 0.024 -53"><span class='ocrx_word' id='word_1_107' title='bbox 166 1191 367 1295; x_wconf 71' lang='grc' dir='ltr'>τόντος</span> <span class='ocrx_word' id='word_1_108' title='bbox 388 1233 402 1257; x_wconf 95' lang='grc'><strong>,</strong></span> <span class='ocrx_word' id='word_1_109' title='bbox 436 1197 529 1249; x_wconf 75' lang='lat' dir='ltr'><strong>xal.</strong></span> <span class='ocrx_word' id='word_1_110' title='bbox 559 1202 804 1272; x_wconf 81' lang='grc' dir='ltr'>οἰομένου</span> <span class='ocrx_word' id='word_1_111' title='bbox 844 1207 932 1261; x_wconf 87' lang='grc' dir='ltr'><strong>διὰ</strong></span> <span class='ocrx_word' id='word_1_112' title='bbox 975 1210 1173 1267; x_wconf 89' lang='grc' dir='ltr'>θυσιῶν</span> <span class='ocrx_word' id='word_1_113' title='bbox 1215 1218 1330 1270; x_wconf 87' lang='grc' dir='ltr'><strong>ἀλλ’</strong></span> <span class='ocrx_word' id='word_1_114' title='bbox 1363 1221 1425 1273; x_wconf 83' lang='grc' dir='ltr'><strong>οὐ</strong></span> <span class='ocrx_word' id='word_1_115' title='bbox 1462 1222 1550 1276; x_wconf 84' lang='grc' dir='ltr'><strong>διὰ</strong></span> <span class='ocrx_word' id='word_1_116' title='bbox 1570 1191 1760 1295; x_wconf 70' lang='grc' dir='ltr'>μετα-</span> 
     </span>
    </p>
   </div>
   <div class='ocr_carea' id='block_1_15' title="bbox 167 1284 1758 1383">
    <p class='ocr_par' dir='ltr' id='par_1_15' title="bbox 167 1284 1758 1383">
     <span class='ocr_line' id='line_1_16' title="bbox 167 1284 1758 1383; baseline 0.025 -49"><span class='ocrx_word' id='word_1_117' title='bbox 167 1284 331 1383; x_wconf 77' lang='grc' dir='ltr'>νοίας</span> <span class='ocrx_word' id='word_1_118' title='bbox 362 1288 525 1342; x_wconf 75' lang='grc' dir='ltr'>αὐτὸν</span> <span class='ocrx_word' id='word_1_119' title='bbox 556 1292 996 1365; x_wconf 81' lang='grc' dir='ltr'>ἐξευμενίζεσθαι</span> <span class='ocrx_word' id='word_1_120' title='bbox 1022 1321 1035 1335; x_wconf 92' lang='grc'><strong>·</strong></span> <span class='ocrx_word' id='word_1_121' title='bbox 1072 1305 1218 1376; x_wconf 80' lang='grc' dir='ltr'>λέγει</span> <span class='ocrx_word' id='word_1_122' title='bbox 1236 1310 1345 1383; x_wconf 83' lang='grc' dir='ltr'>γὰρ</span> <span class='ocrx_word' id='word_1_123' title='bbox 1372 1312 1573 1379; x_wconf 76' lang='grc' dir='ltr'>οὕτως·</span> <span class='ocrx_word' id='word_1_124' title='bbox 1595 1284 1626 1368; x_wconf 48' lang='grc' dir='ltr'><strong>ἐ</strong></span> <span class='ocrx_word' id='word_1_125' title='bbox 1642 1319 1758 1372; x_wconf 88' lang='grc' dir='ltr'>’Ἱνα</span> 
     </span>
    </p>
   </div>
   <div class='ocr_carea' id='block_1_16' title="bbox 166 1376 1757 1481">
    <p class='ocr_par' dir='ltr' id='par_1_16' title="bbox 166 1376 1757 1481">
     <span class='ocr_line' id='line_1_17' title="bbox 166 1376 1757 1481; baseline 0.026 -54"><span class='ocrx_word' id='word_1_126' title='bbox 166 1376 239 1479; x_wconf 60' lang='grc' dir='ltr'><strong>τί</strong></span> <span class='ocrx_word' id='word_1_127' title='bbox 263 1396 356 1449; x_wconf 87' lang='grc' dir='ltr'><strong>μοι</strong></span> <span class='ocrx_word' id='word_1_128' title='bbox 387 1380 601 1438; x_wconf 76' lang='grc' dir='ltr'>λίϐανον</span> <span class='ocrx_word' id='word_1_129' title='bbox 628 1388 693 1443; x_wconf 88' lang='grc' dir='ltr'><strong>ἐκ</strong></span> <span class='ocrx_word' id='word_1_130' title='bbox 739 1392 889 1446; x_wconf 81' lang='grc' dir='ltr'><strong>Σαὸἇ</strong></span> <span class='ocrx_word' id='word_1_131' title='bbox 926 1398 1140 1469; x_wconf 81' lang='grc' dir='ltr'><strong>φέρεις,</strong></span> <span class='ocrx_word' id='word_1_132' title='bbox 1187 1376 1281 1456; x_wconf 75' lang='grc' dir='ltr'>καὶ</span> <span class='ocrx_word' id='word_1_133' title='bbox 1313 1376 1663 1481; x_wconf 78' lang='grc' dir='ltr'>κιννάμωμον</span> <span class='ocrx_word' id='word_1_134' title='bbox 1694 1415 1757 1467; x_wconf 82' lang='grc' dir='ltr'><strong>ἐκ</strong></span> 
     </span>
    </p>
   </div>
   <div class='ocr_carea' id='block_1_17' title="bbox 164 1468 1754 1571">
    <p class='ocr_par' dir='ltr' id='par_1_17' title="bbox 164 1468 1754 1571">
     <span class='ocr_line' id='line_1_18' title="bbox 164 1468 1754 1571; baseline 0.026 -52"><span class='ocrx_word' id='word_1_135' title='bbox 164 1468 283 1571; x_wconf 70' lang='grc' dir='ltr'>γῆς</span> <span class='ocrx_word' id='word_1_136' title='bbox 300 1474 571 1571; x_wconf 67' lang='grc' dir='ltr'>μακρόθεν</span> <span class='ocrx_word' id='word_1_137' title='bbox 587 1494 601 1543; x_wconf 90' lang='grc'><strong>;</strong></span> <span class='ocrx_word' id='word_1_138' title='bbox 624 1479 693 1533; x_wconf 81' lang='grc' dir='ltr'>τὰ</span> <span class='ocrx_word' id='word_1_139' title='bbox 712 1468 1135 1560; x_wconf 70' lang='grc' dir='ltr'>ὁλοκαυτώματα</span> <span class='ocrx_word' id='word_1_140' title='bbox 1148 1494 1301 1565; x_wconf 85' lang='grc' dir='ltr'>ὑμῶν</span> <span class='ocrx_word' id='word_1_141' title='bbox 1321 1498 1419 1552; x_wconf 80' lang='grc' dir='ltr'><strong>οὐκ</strong></span> <span class='ocrx_word' id='word_1_142' title='bbox 1437 1468 1549 1555; x_wconf 78' lang='grc' dir='ltr'>ἐστι</span> <span class='ocrx_word' id='word_1_143' title='bbox 1562 1468 1754 1571; x_wconf 52' lang='grc' dir='ltr'>θεκτὰ,</span> 
     </span>
    </p>
   </div>
   <div class='ocr_carea' id='block_1_18' title="bbox 164 1561 1756 1664">
    <p class='ocr_par' dir='ltr' id='par_1_18' title="bbox 164 1561 1756 1664">
     <span class='ocr_line' id='line_1_19' title="bbox 164 1561 1756 1664; baseline 0.025 -54"><span class='ocrx_word' id='word_1_144' title='bbox 164 1561 271 1664; x_wconf 60' lang='grc' dir='ltr'><strong>καὶ</strong></span> <span class='ocrx_word' id='word_1_145' title='bbox 298 1564 358 1614; x_wconf 79' lang='grc' dir='ltr'>αἱ</span> <span class='ocrx_word' id='word_1_146' title='bbox 381 1564 558 1664; x_wconf 78' lang='grc' dir='ltr'>θυσίαι</span> <span class='ocrx_word' id='word_1_147' title='bbox 589 1571 743 1642; x_wconf 87' lang='grc' dir='ltr'>ὑμῶν</span> <span class='ocrx_word' id='word_1_148' title='bbox 772 1577 869 1647; x_wconf 78' lang='grc' dir='ltr'><strong>οὐχ</strong></span> <span class='ocrx_word' id='word_1_149' title='bbox 900 1579 1096 1649; x_wconf 78' lang='grc' dir='ltr'>ἥδυνάν</span> <span class='ocrx_word' id='word_1_150' title='bbox 1127 1561 1217 1655; x_wconf 82' lang='grc' dir='ltr'><strong>μοι</strong></span> <span class='ocrx_word' id='word_1_151' title='bbox 1240 1603 1255 1617; x_wconf 72' lang='grc'><strong>⁸</strong></span> <span class='ocrx_word' id='word_1_152' title='bbox 1284 1606 1303 1638; x_wconf 75' lang='grc' dir='ltr'><strong>ι</strong></span> <span class='ocrx_word' id='word_1_153' title='bbox 1338 1592 1432 1643; x_wconf 77' lang='grc' dir='ltr'>καὶ</span> <span class='ocrx_word' id='word_1_154' title='bbox 1453 1590 1579 1664; x_wconf 78' lang='grc' dir='ltr'>ἑξῆς</span> <span class='ocrx_word' id='word_1_155' title='bbox 1602 1613 1616 1627; x_wconf 77' lang='grc' dir='ltr'><strong><em>ο</em></strong></span> <span class='ocrx_word' id='word_1_156' title='bbox 1645 1561 1756 1651; x_wconf 63' lang='grc' dir='ltr'><strong>«Τά</strong></span> 
     </span>
    </p>
   </div>
   <div class='ocr_carea' id='block_1_19' title="bbox 161 1651 1754 1748">
    <p class='ocr_par' dir='ltr' id='par_1_19' title="bbox 161 1651 1754 1748">
     <span class='ocr_line' id='line_1_20' title="bbox 161 1651 1754 1748; baseline 0.026 -46"><span class='ocrx_word' id='word_1_157' title='bbox 161 1651 601 1728; x_wconf 79' lang='grc' dir='ltr'>ὁλοκαυτώματα</span> <span class='ocrx_word' id='word_1_158' title='bbox 652 1664 806 1736; x_wconf 83' lang='grc' dir='ltr'>ὑμῶν</span> <span class='ocrx_word' id='word_1_159' title='bbox 841 1673 1172 1742; x_wconf 80' lang='grc' dir='ltr'>συναγάγετε</span> <span class='ocrx_word' id='word_1_160' title='bbox 1228 1680 1366 1748; x_wconf 85' lang='grc' dir='ltr'><strong>μετά</strong></span> <span class='ocrx_word' id='word_1_161' title='bbox 1400 1683 1509 1736; x_wconf 93' lang='grc' dir='ltr'><strong>τῶν</strong></span> <span class='ocrx_word' id='word_1_162' title='bbox 1554 1685 1754 1743; x_wconf 83' lang='grc' dir='ltr'>θυσιῶν</span> 
     </span>
    </p>
   </div>
   <div class='ocr_carea' id='block_1_20' title="bbox 164 1744 1827 1851">
    <p class='ocr_par' dir='ltr' id='par_1_20' title="bbox 164 1744 1827 1851">
     <span class='ocr_line' id='line_1_21' title="bbox 164 1744 1827 1851; baseline 0.025 -57"><span class='ocrx_word' id='word_1_163' title='bbox 164 1744 376 1851; x_wconf 46' lang='grc' dir='ltr'>ἐμῶν,.</span> <span class='ocrx_word' id='word_1_164' title='bbox 404 1751 500 1851; x_wconf 68' lang='grc' dir='ltr'>καὶ</span> <span class='ocrx_word' id='word_1_165' title='bbox 547 1754 747 1851; x_wconf 64' lang='grc' dir='ltr'>(ράγετε</span> <span class='ocrx_word' id='word_1_166' title='bbox 796 1762 932 1831; x_wconf 87' lang='grc' dir='ltr'>κρέα</span> <span class='ocrx_word' id='word_1_167' title='bbox 963 1764 1105 1837; x_wconf 81' lang='grc'><strong>(58)·</strong></span> <span class='ocrx_word' id='word_1_168' title='bbox 1140 1744 1241 1821; x_wconf 67' lang='grc' dir='ltr'><strong>ὅτι⁷</strong></span> <span class='ocrx_word' id='word_1_169' title='bbox 1267 1772 1366 1825; x_wconf 84' lang='grc' dir='ltr'><strong>οὐκ</strong></span> <span class='ocrx_word' id='word_1_170' title='bbox 1404 1776 1753 1851; x_wconf 83' lang='grc' dir='ltr'>ἐνετειλάμην</span> <span class='ocrx_word' id='word_1_171' title='bbox 1785 1744 1827 1799; x_wconf 82' lang='grc' dir='ltr'><strong>Β</strong></span> 
     </span>
    </p>
   </div>
   <div class='ocr_carea' id='block_1_21' title="bbox 159 1834 1751 1941">
    <p class='ocr_par' dir='ltr' id='par_1_21' title="bbox 159 1834 1751 1941">
     <span class='ocr_line' id='line_1_22' title="bbox 159 1834 1751 1941; baseline 0.025 -55"><span class='ocrx_word' id='word_1_172' title='bbox 159 1834 322 1905; x_wconf 81' lang='grc' dir='ltr'>ὑμῖν,</span> <span class='ocrx_word' id='word_1_173' title='bbox 352 1841 513 1941; x_wconf 78' lang='grc' dir='ltr'>ήνίκα</span> <span class='ocrx_word' id='word_1_174' title='bbox 525 1843 791 1917; x_wconf 78' lang='grc' dir='ltr'>ἐξήγαγον</span> <span class='ocrx_word' id='word_1_175' title='bbox 804 1853 833 1904; x_wconf 88' lang='grc' dir='ltr'>ὑ</span> <span class='ocrx_word' id='word_1_176' title='bbox 841 1855 947 1922; x_wconf 81' lang='grc' dir='ltr'>μᾶς</span> <span class='ocrx_word' id='word_1_177' title='bbox 963 1834 1150 1929; x_wconf 88' lang='grc' dir='ltr'><strong>ἐκ</strong></span> <span class='ocrx_word' id='word_1_178' title='bbox 1168 1861 1465 1930; x_wconf 73' lang='grc' dir='ltr'>Αἰγύπτου,</span> <span class='ocrx_word' id='word_1_179' title='bbox 1487 1834 1751 1941; x_wconf 80' lang='grc' dir='ltr'>περὶ</span> 
     </span>
    </p>
   </div>
   <div class='ocr_carea' id='block_1_22' title="bbox 157 1934 1749 2032">
    <p class='ocr_par' dir='ltr' id='par_1_22' title="bbox 157 1934 1749 2032">
     <span class='ocr_line' id='line_1_23' title="bbox 157 1934 1749 2032; baseline 0.024 -52"><span class='ocrx_word' id='word_1_180' title='bbox 157 1934 550 2003; x_wconf 84' lang='grc' dir='ltr'>καυτωμάτων</span> <span class='ocrx_word' id='word_1_181' title='bbox 584 1941 679 1993; x_wconf 79' lang='grc' dir='ltr'><strong>καὶ</strong></span> <span class='ocrx_word' id='word_1_182' title='bbox 706 1942 924 2000; x_wconf 87' lang='grc' dir='ltr'>θυσιῶν.</span> <span class='ocrx_word' id='word_1_183' title='bbox 964 1967 985 2000; x_wconf 85' lang='grc'><strong>›</strong></span> <span class='ocrx_word' id='word_1_184' title='bbox 1034 1951 1144 2005; x_wconf 77' lang='grc' dir='ltr'><strong>Καὶ</strong></span> <span class='ocrx_word' id='word_1_185' title='bbox 1184 1952 1272 2007; x_wconf 84' lang='grc' dir='ltr'><strong>διὰ</strong></span> <span class='ocrx_word' id='word_1_186' title='bbox 1314 1955 1534 2013; x_wconf 80' lang='grc' dir='ltr'>Ἡσαΐου</span> <span class='ocrx_word' id='word_1_187' title='bbox 1560 1934 1749 2032; x_wconf 85' lang='grc' dir='ltr'>λέγει·</span> 
     </span>
    </p>
   </div>
   <div class='ocr_carea' id='block_1_23' title="bbox 164 2027 1753 2128">
    <p class='ocr_par' dir='ltr' id='par_1_23' title="bbox 164 2027 1753 2128">
     <span class='ocr_line' id='line_1_24' title="bbox 164 2027 1753 2128; baseline 0.021 -51"><span class='ocrx_word' id='word_1_188' title='bbox 164 2045 185 2077; x_wconf 67' lang='grc' dir='ltr'><strong>ι</strong></span> <span class='ocrx_word' id='word_1_189' title='bbox 200 2030 388 2096; x_wconf 85' lang='grc' dir='ltr'>Τί,μοι</span> <span class='ocrx_word' id='word_1_190' title='bbox 410 2027 616 2101; x_wconf 82' lang='grc' dir='ltr'>πλῆθος</span> <span class='ocrx_word' id='word_1_191' title='bbox 639 2034 747 2088; x_wconf 90' lang='grc' dir='ltr'><strong>τῶν</strong></span> <span class='ocrx_word' id='word_1_192' title='bbox 768 2035 967 2093; x_wconf 88' lang='grc' dir='ltr'>θυσιῶν</span> <span class='ocrx_word' id='word_1_193' title='bbox 988 2042 1016 2093; x_wconf 84' lang='grc' dir='ltr'>ὑ</span> <span class='ocrx_word' id='word_1_194' title='bbox 1025 2042 1161 2112; x_wconf 87' lang='grc' dir='ltr'>μῶν,</span> <span class='ocrx_word' id='word_1_195' title='bbox 1185 2044 1330 2115; x_wconf 83' lang='grc' dir='ltr'>λέγει</span> <span class='ocrx_word' id='word_1_196' title='bbox 1350 2050 1583 2122; x_wconf 85' lang='grc' dir='ltr'>Κύριος;</span> <span class='ocrx_word' id='word_1_197' title='bbox 1616 2027 1753 2128; x_wconf 80' lang='grc' dir='ltr'>πλή-</span> 
     </span>
    </p>
   </div>
   <div class='ocr_carea' id='block_1_24' title="bbox 158 2120 1753 2215">
    <p class='ocr_par' dir='ltr' id='par_1_24' title="bbox 158 2120 1753 2215">
     <span class='ocr_line' id='line_1_25' title="bbox 158 2120 1753 2215; baseline 0.021 -47"><span class='ocrx_word' id='word_1_198' title='bbox 158 2137 273 2191; x_wconf 85' lang='grc' dir='ltr'><strong>ρης</strong></span> <span class='ocrx_word' id='word_1_199' title='bbox 292 2121 409 2189; x_wconf 57' lang='grc' dir='ltr'><strong>εἰμὶ⁸</strong></span> <span class='ocrx_word' id='word_1_200' title='bbox 430 2120 896 2197; x_wconf 83' lang='grc' dir='ltr'>ὁλοκαυτωμάτων</span> <span class='ocrx_word' id='word_1_201' title='bbox 918 2134 1107 2204; x_wconf 88' lang='grc' dir='ltr'>κριῶν·</span> <span class='ocrx_word' id='word_1_202' title='bbox 1133 2138 1227 2190; x_wconf 79' lang='grc' dir='ltr'><strong>καὶ</strong></span> <span class='ocrx_word' id='word_1_203' title='bbox 1251 2140 1417 2215; x_wconf 80' lang='grc' dir='ltr'>στέαρ</span> <span class='ocrx_word' id='word_1_204' title='bbox 1435 2120 1634 2215; x_wconf 68' lang='grc' dir='ltr'>ἀρνῶν,</span> <span class='ocrx_word' id='word_1_205' title='bbox 1657 2120 1753 2203; x_wconf 77' lang='grc' dir='ltr'><strong>καὶ</strong></span> 
     </span>
    </p>
   </div>
   <div class='ocr_carea' id='block_1_25' title="bbox 155 2209 1750 2311">
    <p class='ocr_par' dir='ltr' id='par_1_25' title="bbox 155 2209 1750 2311">
     <span class='ocr_line' id='line_1_26' title="bbox 155 2209 1750 2311; baseline 0.019 -48"><span class='ocrx_word' id='word_1_206' title='bbox 155 2209 311 2283; x_wconf 78' lang='grc' dir='ltr'>αἷμα</span> <span class='ocrx_word' id='word_1_207' title='bbox 342 2214 556 2285; x_wconf 78' lang='grc' dir='ltr'>ταύρων</span> <span class='ocrx_word' id='word_1_208' title='bbox 601 2219 693 2272; x_wconf 78' lang='grc' dir='ltr'><strong>καὶ</strong></span> <span class='ocrx_word' id='word_1_209' title='bbox 740 2221 961 2292; x_wconf 87' lang='grc' dir='ltr'>τράγων</span> <span class='ocrx_word' id='word_1_210' title='bbox 1005 2226 1067 2279; x_wconf 78' lang='grc' dir='ltr'><strong>ού</strong></span> <span class='ocrx_word' id='word_1_211' title='bbox 1101 2209 1535 2302; x_wconf 30' lang='grc' dir='ltr'>βούλομαι,νού’δ’</span> <span class='ocrx_word' id='word_1_212' title='bbox 1563 2209 1630 2291; x_wconf 83' lang='grc' dir='ltr'><strong>ἂν</strong></span> <span class='ocrx_word' id='word_1_213' title='bbox 1657 2239 1750 2311; x_wconf 83' lang='grc' dir='ltr'>ἕρ-</span> 
     </span>
    </p>
   </div>
   <div class='ocr_carea' id='block_1_26' title="bbox 154 2304 1752 2402">
    <p class='ocr_par' dir='ltr' id='par_1_26' title="bbox 154 2304 1752 2402">
     <span class='ocr_line' id='line_1_27' title="bbox 154 2304 1752 2402; baseline 0.019 -47"><span class='ocrx_word' id='word_1_214' title='bbox 154 2304 339 2378; x_wconf 75' lang='grc' dir='ltr'>χησθε</span> <span class='ocrx_word' id='word_1_215' title='bbox 353 2305 584 2378; x_wconf 80' lang='grc' dir='ltr'>ὀφθῆναί</span> <span class='ocrx_word' id='word_1_216' title='bbox 605 2328 715 2381; x_wconf 91' lang='grc' dir='ltr'>μοι.</span> <span class='ocrx_word' id='word_1_217' title='bbox 741 2314 836 2379; x_wconf 84' lang='grc' dir='ltr'><strong>Τίς</strong></span> <span class='ocrx_word' id='word_1_218' title='bbox 846 2316 953 2388; x_wconf 82' lang='grc' dir='ltr'>γὰρ</span> <span class='ocrx_word' id='word_1_219' title='bbox 966 2317 1259 2394; x_wconf 75' lang='grc' dir='ltr'>ἐξεζήτησε</span> <span class='ocrx_word' id='word_1_220' title='bbox 1268 2323 1443 2379; x_wconf 82' lang='grc' dir='ltr'>ταῦτα</span> <span class='ocrx_word' id='word_1_221' title='bbox 1454 2328 1518 2382; x_wconf 84' lang='grc' dir='ltr'><strong>ἐκ</strong></span> <span class='ocrx_word' id='word_1_222' title='bbox 1531 2329 1638 2384; x_wconf 92' lang='grc' dir='ltr'><strong>τῶν</strong></span> <span class='ocrx_word' id='word_1_223' title='bbox 1648 2304 1752 2402; x_wconf 78' lang='grc' dir='ltr'>χει-</span> 
     </span>
    </p>
   </div>
   <div class='ocr_carea' id='block_1_27' title="bbox 159 2396 1747 2491">
    <p class='ocr_par' dir='ltr' id='par_1_27' title="bbox 159 2396 1747 2491">
     <span class='ocr_line' id='line_1_28' title="bbox 159 2396 1747 2491; baseline 0.021 -45"><span class='ocrx_word' id='word_1_224' title='bbox 159 2396 279 2468; x_wconf 87' lang='grc' dir='ltr'><strong>ρῶν</strong></span> <span class='ocrx_word' id='word_1_225' title='bbox 300 2398 477 2467; x_wconf 84' lang='grc' dir='ltr'>ὑμῶν;</span> <span class='ocrx_word' id='word_1_226' title='bbox 499 2402 696 2455; x_wconf 85' lang='grc' dir='ltr'>Πατεῖν</span> <span class='ocrx_word' id='word_1_227' title='bbox 716 2407 815 2477; x_wconf 79' lang='grc' dir='ltr'>τὴν</span> <span class='ocrx_word' id='word_1_228' title='bbox 836 2408 1006 2481; x_wconf 77' lang='grc' dir='ltr'>αὐλήν</span> <span class='ocrx_word' id='word_1_229' title='bbox 1040 2429 1141 2482; x_wconf 90' lang='grc' dir='ltr'><strong>μου</strong></span> <span class='ocrx_word' id='word_1_230' title='bbox 1164 2415 1225 2467; x_wconf 85' lang='grc' dir='ltr'><strong>ού</strong></span> <span class='ocrx_word' id='word_1_231' title='bbox 1255 2418 1627 2491; x_wconf 79' lang='grc' dir='ltr'>προσθήσεσθε</span> <span class='ocrx_word' id='word_1_232' title='bbox 1646 2424 1747 2479; x_wconf 78' lang='grc' dir='ltr'>ἔτι.</span> 
     </span>
    </p>
   </div>
   <div class='ocr_carea' id='block_1_28' title="bbox 154 2486 1750 2587">
    <p class='ocr_par' dir='ltr' id='par_1_28' title="bbox 154 2486 1750 2587">
     <span class='ocr_line' id='line_1_29' title="bbox 154 2486 1750 2587; baseline 0.02 -48"><span class='ocrx_word' id='word_1_233' title='bbox 154 2486 296 2541; x_wconf 77' lang='grc' dir='ltr'><strong>Ἐὰν</strong></span> <span class='ocrx_word' id='word_1_234' title='bbox 309 2490 511 2562; x_wconf 83' lang='grc' dir='ltr'>φέρητέ</span> <span class='ocrx_word' id='word_1_235' title='bbox 526 2511 615 2563; x_wconf 88' lang='grc' dir='ltr'><strong>μοι</strong></span> <span class='ocrx_word' id='word_1_236' title='bbox 633 2496 929 2567; x_wconf 79' lang='grc' dir='ltr'>σεμίδαλιν,</span> <span class='ocrx_word' id='word_1_237' title='bbox 947 2486 1750 2587; x_wconf 70' lang='grc' dir='ltr'>μάταιον·θυμίαμα,βδέλυγμά</span> 
     </span>
    </p>
   </div>
   <div class='ocr_carea' id='block_1_29' title="bbox 159 2582 1746 2678">
    <p class='ocr_par' dir='ltr' id='par_1_29' title="bbox 159 2582 1746 2678">
     <span class='ocr_line' id='line_1_30' title="bbox 159 2582 1746 2678; baseline 0.019 -46"><span class='ocrx_word' id='word_1_238' title='bbox 159 2598 261 2652; x_wconf 85' lang='grc' dir='ltr'><strong>μοι</strong></span> <span class='ocrx_word' id='word_1_239' title='bbox 292 2582 431 2637; x_wconf 85' lang='grc' dir='ltr'>ἐστί.</span> <span class='ocrx_word' id='word_1_240' title='bbox 464 2585 574 2649; x_wconf 84' lang='grc' dir='ltr'><strong>Τὰς</strong></span> <span class='ocrx_word' id='word_1_241' title='bbox 594 2590 885 2661; x_wconf 83' lang='grc' dir='ltr'>νεομηνίας</span> <span class='ocrx_word' id='word_1_242' title='bbox 915 2594 1087 2664; x_wconf 82' lang='grc' dir='ltr'>ὑμῶν,</span> <span class='ocrx_word' id='word_1_243' title='bbox 1107 2598 1286 2652; x_wconf 81' lang='grc' dir='ltr'>καὶτὰ</span> <span class='ocrx_word' id='word_1_244' title='bbox 1304 2602 1555 2658; x_wconf 75' lang='grc' dir='ltr'>Σάϐϐατα</span> <span class='ocrx_word' id='word_1_245' title='bbox 1570 2582 1746 2678; x_wconf 79' lang='grc' dir='ltr'>ὑμῶν,</span> 
     </span>
    </p>
   </div>
   <div class='ocr_carea' id='block_1_30' title="bbox 156 2676 1749 2773">
    <p class='ocr_par' dir='ltr' id='par_1_30' title="bbox 156 2676 1749 2773">
     <span class='ocr_line' id='line_1_31' title="bbox 156 2676 1749 2773; baseline 0.019 -48"><span class='ocrx_word' id='word_1_246' title='bbox 156 2677 261 2728; x_wconf 83' lang='grc' dir='ltr'><strong>καί</strong></span> <span class='ocrx_word' id='word_1_247' title='bbox 291 2676 510 2747; x_wconf 81' lang='grc' dir='ltr'>ἡμέραν</span> <span class='ocrx_word' id='word_1_248' title='bbox 534 2680 775 2753; x_wconf 87' lang='grc' dir='ltr'>μεγάλην</span> <span class='ocrx_word' id='word_1_249' title='bbox 806 2686 907 2738; x_wconf 82' lang='grc' dir='ltr'><strong>οὐκ</strong></span> <span class='ocrx_word' id='word_1_250' title='bbox 935 2686 1216 2759; x_wconf 83' lang='grc' dir='ltr'>ἀνέχομαι·</span> <span class='ocrx_word' id='word_1_251' title='bbox 1239 2686 1512 2765; x_wconf 86' lang='grc' dir='ltr'>νηστείαν,</span> <span class='ocrx_word' id='word_1_252' title='bbox 1537 2676 1630 2754; x_wconf 61' lang='grc' dir='ltr'><strong>καί</strong></span> <span class='ocrx_word' id='word_1_253' title='bbox 1650 2702 1749 2773; x_wconf 84' lang='grc' dir='ltr'><strong>ἀρ-</strong></span> 
     </span>
    </p>
   </div>
   <div class='ocr_carea' id='block_1_31' title="bbox 155 2767 1749 2867">
    <p class='ocr_par' dir='ltr' id='par_1_31' title="bbox 155 2767 1749 2867">
     <span class='ocr_line' id='line_1_32' title="bbox 155 2767 1749 2867; baseline 0.02 -51"><span class='ocrx_word' id='word_1_254' title='bbox 155 2767 316 2835; x_wconf 87' lang='grc' dir='ltr'>γίαν,</span> <span class='ocrx_word' id='word_1_255' title='bbox 341 2770 435 2820; x_wconf 61' lang='grc' dir='ltr'><strong>καλ¹</strong></span> <span class='ocrx_word' id='word_1_256' title='bbox 445 2769 545 2833; x_wconf 81' lang='grc' dir='ltr'>τὰς</span> <span class='ocrx_word' id='word_1_257' title='bbox 564 2772 758 2841; x_wconf 80' lang='grc' dir='ltr'>ἑορτὰς</span> <span class='ocrx_word' id='word_1_258' title='bbox 772 2776 924 2846; x_wconf 79' lang='grc' dir='ltr'>ὑμῶν</span> <span class='ocrx_word' id='word_1_259' title='bbox 949 2780 1097 2850; x_wconf 87' lang='grc' dir='ltr'>μισεί</span> <span class='ocrx_word' id='word_1_260' title='bbox 1112 2785 1144 2853; x_wconf 84' lang='grc' dir='ltr'>ἡ</span> <span class='ocrx_word' id='word_1_261' title='bbox 1157 2784 1301 2856; x_wconf 70' lang='grc' dir='ltr'><strong>ψυχή</strong></span> <span class='ocrx_word' id='word_1_262' title='bbox 1321 2805 1442 2858; x_wconf 92' lang='grc' dir='ltr'>μου.</span> <span class='ocrx_word' id='word_1_263' title='bbox 1464 2767 1749 2867; x_wconf 76' lang='grc' dir='ltr'>Ἐγενήθη-</span> 
     </span>
    </p>
   </div>
   <div class='ocr_carea' id='block_1_32' title="bbox 153 2859 1750 2959">
    <p class='ocr_par' dir='ltr' id='par_1_32' title="bbox 153 2859 1750 2959">
     <span class='ocr_line' id='line_1_33' title="bbox 153 2859 1750 2959; baseline 0.02 -49"><span class='ocrx_word' id='word_1_264' title='bbox 153 2859 222 2911; x_wconf 86' lang='grc' dir='ltr'><strong><em>τὲ</em></strong></span> <span class='ocrx_word' id='word_1_265' title='bbox 249 2876 342 2930; x_wconf 90' lang='grc' dir='ltr'><strong>μοι</strong></span> <span class='ocrx_word' id='word_1_266' title='bbox 364 2862 444 2923; x_wconf 88' lang='grc' dir='ltr'><strong>είς</strong></span> <span class='ocrx_word' id='word_1_267' title='bbox 466 2860 804 2937; x_wconf 83' lang='grc' dir='ltr'>πλησμονήν.</span> <span class='ocrx_word' id='word_1_268' title='bbox 820 2888 836 2918; x_wconf 74' lang='grc' dir='ltr'><strong>ι</strong></span> <span class='ocrx_word' id='word_1_269' title='bbox 856 2871 963 2923; x_wconf 76' lang='grc' dir='ltr'><strong>Καὶ</strong></span> <span class='ocrx_word' id='word_1_270' title='bbox 983 2872 1050 2925; x_wconf 73' lang='grc' dir='ltr'>δι’</span> <span class='ocrx_word' id='word_1_271' title='bbox 1065 2875 1253 2947; x_wconf 83' lang='grc' dir='ltr'>ἐτέρου</span> <span class='ocrx_word' id='word_1_272' title='bbox 1267 2878 1465 2949; x_wconf 78' lang='grc' dir='ltr'>λέγει’(</span> <span class='ocrx_word' id='word_1_273' title='bbox 1493 2859 1750 2959; x_wconf 79' lang='grc' dir='ltr'>Ἀπόστηο</span> 
     </span>
    </p>
   </div>
   <div class='ocr_carea' id='block_1_33' title="bbox 155 2952 1745 3047">
    <p class='ocr_par' dir='ltr' id='par_1_33' title="bbox 155 2952 1745 3047">
     <span class='ocr_line' id='line_1_34' title="bbox 155 2952 1745 3047; baseline 0.019 -43"><span class='ocrx_word' id='word_1_274' title='bbox 155 2969 257 3005; x_wconf 88' lang='grc' dir='ltr'><strong>σον</strong></span> <span class='ocrx_word' id='word_1_275' title='bbox 279 2953 361 3004; x_wconf 84' lang='grc' dir='ltr'><strong>ἀπ</strong></span> <span class='ocrx_word' id='word_1_276' title='bbox 378 2953 390 2968; x_wconf 91' lang='lat'><strong><em>‘</em></strong></span> <span class='ocrx_word' id='word_1_277' title='bbox 407 2954 544 3023; x_wconf 83' lang='grc' dir='ltr'>ἐμοῦ</span> <span class='ocrx_word' id='word_1_278' title='bbox 564 2952 696 3027; x_wconf 76' lang='grc' dir='ltr'>ἦχον</span> <span class='ocrx_word' id='word_1_279' title='bbox 715 2959 868 3029; x_wconf 81' lang='grc' dir='ltr'>ᾠδῶν</span> <span class='ocrx_word' id='word_1_280' title='bbox 892 2980 1007 3032; x_wconf 87' lang='grc' dir='ltr'>σου,</span> <span class='ocrx_word' id='word_1_281' title='bbox 1024 2969 1117 3020; x_wconf 78' lang='grc' dir='ltr'><strong>καὶ</strong></span> <span class='ocrx_word' id='word_1_282' title='bbox 1146 2969 1357 3042; x_wconf 76' lang='grc' dir='ltr'>ψαλμὸν</span> <span class='ocrx_word' id='word_1_283' title='bbox 1381 2975 1629 3047; x_wconf 85' lang='grc' dir='ltr'>ὀργάνων</span> <span class='ocrx_word' id='word_1_284' title='bbox 1651 2952 1745 3034; x_wconf 77' lang='grc' dir='ltr'><strong>σου</strong></span> 
     </span>
    </p>
   </div>
   <div class='ocr_carea' id='block_1_34' title="bbox 1869 495 3436 577">
    <p class='ocr_par' dir='ltr' id='par_1_34' title="bbox 1869 495 3436 577">
     <span class='ocr_line' id='line_1_35' title="bbox 1869 495 3436 577; baseline 0.017 -30"><span class='ocrx_word' id='word_1_285' title='bbox 1869 495 1962 548; x_wconf 90' lang='lat' dir='ltr'><strong>sed</strong></span> <span class='ocrx_word' id='word_1_286' title='bbox 2000 499 2249 566; x_wconf 77' lang='lat' dir='ltr'><strong>graviora</strong></span> <span class='ocrx_word' id='word_1_287' title='bbox 2276 518 2289 565; x_wconf 93' lang='lat'><strong>;</strong></span> <span class='ocrx_word' id='word_1_288' title='bbox 2324 502 2415 556; x_wconf 91' lang='lat' dir='ltr'><strong>illa</strong></span> <span class='ocrx_word' id='word_1_289' title='bbox 2447 505 2666 575; x_wconf 81' lang='lat' dir='ltr'><strong>quidem</strong></span> <span class='ocrx_word' id='word_1_290' title='bbox 2696 510 3039 577; x_wconf 88' lang='lat' dir='ltr'><strong>conﬁrmata,</strong></span> <span class='ocrx_word' id='word_1_291' title='bbox 3070 514 3154 568; x_wconf 87' lang='lat' dir='ltr'><strong>his</strong></span> <span class='ocrx_word' id='word_1_292' title='bbox 3188 532 3316 569; x_wconf 86' lang='lat' dir='ltr'><strong>vero</strong></span> <span class='ocrx_word' id='word_1_293' title='bbox 3347 521 3436 573; x_wconf 53' lang='lat' dir='ltr'><strong>abn</strong></span> 
     </span>
    </p>
   </div>
   <div class='ocr_carea' id='block_1_35' title="bbox 1865 585 3438 667">
    <p class='ocr_par' dir='ltr' id='par_1_35' title="bbox 1865 585 3438 667">
     <span class='ocr_line' id='line_1_36' title="bbox 1865 585 3438 667; baseline 0.016 -29"><span class='ocrx_word' id='word_1_294' title='bbox 1865 585 2085 645; x_wconf 82' lang='lat' dir='ltr'><strong>dicatis.</strong></span> <span class='ocrx_word' id='word_1_295' title='bbox 2120 589 2444 663; x_wconf 81' lang='lat' dir='ltr'><strong>Rursusque</strong></span> <span class='ocrx_word' id='word_1_296' title='bbox 2474 605 2798 667; x_wconf 84' lang='lat' dir='ltr'><strong>potestatem</strong></span> <span class='ocrx_word' id='word_1_297' title='bbox 2831 601 3110 658; x_wconf 85' lang='lat' dir='ltr'><strong>hominum</strong></span> <span class='ocrx_word' id='word_1_298' title='bbox 3136 606 3341 662; x_wconf 89' lang='lat' dir='ltr'><strong>dimisit</strong></span> <span class='ocrx_word' id='word_1_299' title='bbox 3374 612 3438 663; x_wconf 23' lang='lat' dir='ltr'><strong>lir-</strong></span> 
     </span>
    </p>
   </div>
   <div class='ocr_carea' id='block_1_36' title="bbox 1864 676 3435 757">
    <p class='ocr_par' dir='ltr' id='par_1_36' title="bbox 1864 676 3435 757">
     <span class='ocr_line' id='line_1_37' title="bbox 1864 676 3435 757; baseline 0.014 -26"><span class='ocrx_word' id='word_1_300' title='bbox 1864 676 2082 742; x_wconf 88' lang='lat' dir='ltr'><strong>beram,</strong></span> <span class='ocrx_word' id='word_1_301' title='bbox 2116 698 2224 735; x_wconf 90' lang='lat' dir='ltr'><strong>non</strong></span> <span class='ocrx_word' id='word_1_302' title='bbox 2259 688 2599 755; x_wconf 66' lang='lat' dir='ltr'><strong>temporarias</strong></span> <span class='ocrx_word' id='word_1_303' title='bbox 2628 691 2791 743; x_wconf 89' lang='lat' dir='ltr'><strong>morti</strong></span> <span class='ocrx_word' id='word_1_304' title='bbox 2836 692 3226 757; x_wconf 84' lang='lat' dir='ltr'><strong>condemnans,</strong></span> <span class='ocrx_word' id='word_1_305' title='bbox 3262 699 3356 753; x_wconf 71' lang='lat' dir='ltr'><strong>sed</strong></span> <span class='ocrx_word' id='word_1_306' title='bbox 3381 701 3435 753; x_wconf 91' lang='lat' dir='ltr'><strong>in</strong></span> 
     </span>
    </p>
   </div>
   <div class='ocr_carea' id='block_1_37' title="bbox 1864 771 3438 858">
    <p class='ocr_par' dir='ltr' id='par_1_37' title="bbox 1864 771 3438 858">
     <span class='ocr_line' id='line_1_38' title="bbox 1864 771 3438 858; baseline 0.015 -36"><span class='ocrx_word' id='word_1_307' title='bbox 1864 771 2035 826; x_wconf 87' lang='lat' dir='ltr'><strong>altero</strong></span> <span class='ocrx_word' id='word_1_308' title='bbox 2067 782 2211 828; x_wconf 86' lang='lat' dir='ltr'><strong>statu</strong></span> <span class='ocrx_word' id='word_1_309' title='bbox 2241 779 2505 834; x_wconf 88' lang='lat' dir='ltr'><strong>rationem</strong></span> <span class='ocrx_word' id='word_1_310' title='bbox 2539 782 2607 835; x_wconf 90' lang='lat' dir='ltr'><strong>ab</strong></span> <span class='ocrx_word' id='word_1_311' title='bbox 2637 798 2704 837; x_wconf 91' lang='lat' dir='ltr'><strong>eo</strong></span> <span class='ocrx_word' id='word_1_312' title='bbox 2736 798 3031 854; x_wconf 82' lang='lat' dir='ltr'><strong>reposcens</strong></span> <span class='ocrx_word' id='word_1_313' title='bbox 3062 802 3074 837; x_wconf 94' lang='lat'>:</span> <span class='ocrx_word' id='word_1_314' title='bbox 3106 799 3438 858; x_wconf 85' lang='lat' dir='ltr'><strong>qnapmpler</strong></span> 
     </span>
    </p>
   </div>
   <div class='ocr_carea' id='block_1_38' title="bbox 1864 864 3436 943">
    <p class='ocr_par' dir='ltr' id='par_1_38' title="bbox 1864 864 3436 943">
     <span class='ocr_line' id='line_1_39' title="bbox 1864 864 3436 943; baseline 0.013 -28"><span class='ocrx_word' id='word_1_315' title='bbox 1864 864 1977 917; x_wconf 88' lang='lat' dir='ltr'><strong>ait:</strong></span> <span class='ocrx_word' id='word_1_316' title='bbox 2033 883 2052 913; x_wconf 85' lang='grc'><em>‹</em></span> <span class='ocrx_word' id='word_1_317' title='bbox 2084 864 2141 919; x_wconf 92' lang='lat' dir='ltr'><strong>Si</strong></span> <span class='ocrx_word' id='word_1_318' title='bbox 2186 869 2309 937; x_wconf 86' lang='lat' dir='ltr'><strong>quis</strong></span> <span class='ocrx_word' id='word_1_319' title='bbox 2343 872 2459 924; x_wconf 83' lang='lat' dir='ltr'><strong>vult</strong></span> <span class='ocrx_word' id='word_1_320' title='bbox 2502 882 2626 942; x_wconf 87' lang='lat' dir='ltr'><strong>post</strong></span> <span class='ocrx_word' id='word_1_321' title='bbox 2668 891 2757 929; x_wconf 87' lang='lat' dir='ltr'><strong>me</strong></span> <span class='ocrx_word' id='word_1_322' title='bbox 2784 877 2995 939; x_wconf 88' lang='lat' dir='ltr'><strong>venire,</strong></span> <span class='ocrx_word' id='word_1_323' title='bbox 3030 878 3292 943; x_wconf 64' lang='lat' dir='ltr'><strong>veniat“;</strong></span> <span class='ocrx_word' id='word_1_324' title='bbox 3332 900 3349 930; x_wconf 78' lang='grc' dir='ltr'><strong>ι</strong></span> <span class='ocrx_word' id='word_1_325' title='bbox 3383 895 3436 935; x_wconf 86' lang='lat' dir='ltr'><strong>et</strong></span> 
     </span>
    </p>
   </div>
   <div class='ocr_carea' id='block_1_39' title="bbox 1862 952 3428 1030">
    <p class='ocr_par' dir='ltr' id='par_1_39' title="bbox 1862 952 3428 1030">
     <span class='ocr_line' id='line_1_40' title="bbox 1862 952 3428 1030; baseline 0.011 -25"><span class='ocrx_word' id='word_1_326' title='bbox 1862 952 2060 1008; x_wconf 82' lang='lat' dir='ltr'><strong>iterum</strong></span> <span class='ocrx_word' id='word_1_327' title='bbox 2105 973 2116 1006; x_wconf 93' lang='lat'><strong>:</strong></span> <span class='ocrx_word' id='word_1_328' title='bbox 2157 957 2457 1030; x_wconf 68' lang='lat' dir='ltr'><strong>«Nunquid</strong></span> <span class='ocrx_word' id='word_1_329' title='bbox 2506 972 2559 1017; x_wconf 87' lang='lat' dir='ltr'><strong>cl.</strong></span> <span class='ocrx_word' id='word_1_330' title='bbox 2605 979 2703 1018; x_wconf 81' lang='lat' dir='ltr'><strong>vos</strong></span> <span class='ocrx_word' id='word_1_331' title='bbox 2749 966 2917 1022; x_wconf 87' lang='lat' dir='ltr'><strong>vultis</strong></span> <span class='ocrx_word' id='word_1_332' title='bbox 2961 967 3197 1022; x_wconf 74' lang='lat' dir='ltr'><strong>abire“?</strong></span> <span class='ocrx_word' id='word_1_333' title='bbox 3231 970 3428 1024; x_wconf 65' lang='lat' dir='ltr'><strong>i’Jam</strong></span> 
     </span>
    </p>
   </div>
   <div class='ocr_carea' id='block_1_40' title="bbox 1860 1048 3435 1117">
    <p class='ocr_par' dir='ltr' id='par_1_40' title="bbox 1860 1048 3435 1117">
     <span class='ocr_line' id='line_1_41' title="bbox 1860 1048 3435 1117; baseline 0.013 -22"><span class='ocrx_word' id='word_1_334' title='bbox 1860 1060 1991 1099; x_wconf 84' lang='lat' dir='ltr'><strong>vero</strong></span> <span class='ocrx_word' id='word_1_335' title='bbox 2043 1048 2208 1101; x_wconf 88' lang='lat' dir='ltr'><strong>etiam</strong></span> <span class='ocrx_word' id='word_1_336' title='bbox 2254 1059 2381 1106; x_wconf 87' lang='lat' dir='ltr'><strong>ante</strong></span> <span class='ocrx_word' id='word_1_337' title='bbox 2427 1053 2719 1108; x_wconf 85' lang='lat' dir='ltr'><strong>adventum</strong></span> <span class='ocrx_word' id='word_1_338' title='bbox 2761 1072 2918 1111; x_wconf 91' lang='lat' dir='ltr'><strong>suum</strong></span> <span class='ocrx_word' id='word_1_339' title='bbox 2950 1060 3306 1114; x_wconf 82' lang='lat' dir='ltr'><strong>aversabatur</strong></span> <span class='ocrx_word' id='word_1_340' title='bbox 3354 1078 3435 1117; x_wconf 84' lang='lat' dir='ltr'><strong>sa-</strong></span> 
     </span>
    </p>
   </div>
   <div class='ocr_carea' id='block_1_41' title="bbox 1862 1136 3437 1217">
    <p class='ocr_par' dir='ltr' id='par_1_41' title="bbox 1862 1136 3437 1217">
     <span class='ocr_line' id='line_1_42' title="bbox 1862 1136 3437 1217; baseline 0.013 -31"><span class='ocrx_word' id='word_1_341' title='bbox 1862 1136 2070 1189; x_wconf 85' lang='lat' dir='ltr'><strong>criﬁcia</strong></span> <span class='ocrx_word' id='word_1_342' title='bbox 2109 1142 2315 1208; x_wconf 89' lang='lat' dir='ltr'><strong>populi,</strong></span> <span class='ocrx_word' id='word_1_343' title='bbox 2357 1143 2451 1211; x_wconf 90' lang='lat' dir='ltr'><strong>qui</strong></span> <span class='ocrx_word' id='word_1_344' title='bbox 2487 1160 2628 1213; x_wconf 50' lang='lat' dir='ltr'><strong>sa’pe</strong></span> <span class='ocrx_word' id='word_1_345' title='bbox 2651 1146 2704 1199; x_wconf 93' lang='lat' dir='ltr'><strong>in</strong></span> <span class='ocrx_word' id='word_1_346' title='bbox 2732 1162 2855 1201; x_wconf 92' lang='lat' dir='ltr'><strong>eum</strong></span> <span class='ocrx_word' id='word_1_347' title='bbox 2889 1150 3171 1217; x_wconf 85' lang='lat' dir='ltr'><strong>peccabat,</strong></span> <span class='ocrx_word' id='word_1_348' title='bbox 3207 1158 3259 1205; x_wconf 86' lang='lat' dir='ltr'><strong>et</strong></span> <span class='ocrx_word' id='word_1_349' title='bbox 3294 1153 3437 1206; x_wconf 88' lang='lat' dir='ltr'><strong>arbi-</strong></span> 
     </span>
    </p>
   </div>
   <div class='ocr_carea' id='block_1_42' title="bbox 1860 1229 3435 1311">
    <p class='ocr_par' dir='ltr' id='par_1_42' title="bbox 1860 1229 3435 1311">
     <span class='ocr_line' id='line_1_43' title="bbox 1860 1229 3435 1311; baseline 0.013 -34"><span class='ocrx_word' id='word_1_350' title='bbox 1860 1229 2112 1282; x_wconf 83' lang='lat' dir='ltr'><strong>trabatur</strong></span> <span class='ocrx_word' id='word_1_351' title='bbox 2140 1246 2237 1299; x_wconf 90' lang='lat' dir='ltr'><strong>per</strong></span> <span class='ocrx_word' id='word_1_352' title='bbox 2265 1234 2566 1300; x_wconf 79' lang='lat' dir='ltr'><strong>sacriﬁcia,</strong></span> <span class='ocrx_word' id='word_1_353' title='bbox 2601 1246 2656 1291; x_wconf 85' lang='lat' dir='ltr'><strong>et</strong></span> <span class='ocrx_word' id='word_1_354' title='bbox 2685 1254 2794 1292; x_wconf 94' lang='lat' dir='ltr'><strong>non</strong></span> <span class='ocrx_word' id='word_1_355' title='bbox 2836 1241 3017 1309; x_wconf 88' lang='lat' dir='ltr'><strong>potius</strong></span> <span class='ocrx_word' id='word_1_356' title='bbox 3054 1256 3151 1310; x_wconf 90' lang='lat' dir='ltr'><strong>per</strong></span> <span class='ocrx_word' id='word_1_357' title='bbox 3172 1244 3435 1311; x_wconf 71' lang='lat' dir='ltr'><strong>pmniten-</strong></span> 
     </span>
    </p>
   </div>
   <div class='ocr_carea' id='block_1_43' title="bbox 1858 1319 3431 1405">
    <p class='ocr_par' dir='ltr' id='par_1_43' title="bbox 1858 1319 3431 1405">
     <span class='ocr_line' id='line_1_44' title="bbox 1858 1319 3431 1405; baseline 0.012 -34"><span class='ocrx_word' id='word_1_358' title='bbox 1858 1319 1990 1373; x_wconf 89' lang='lat' dir='ltr'><strong>tiam</strong></span> <span class='ocrx_word' id='word_1_359' title='bbox 2020 1337 2143 1375; x_wconf 89' lang='lat' dir='ltr'><strong>eum</strong></span> <span class='ocrx_word' id='word_1_360' title='bbox 2170 1325 2394 1393; x_wconf 89' lang='lat' dir='ltr'><strong>placari.</strong></span> <span class='ocrx_word' id='word_1_361' title='bbox 2427 1326 2502 1382; x_wconf 90' lang='lat' dir='ltr'><strong>lta</strong></span> <span class='ocrx_word' id='word_1_362' title='bbox 2522 1331 2666 1384; x_wconf 90' lang='lat' dir='ltr'><strong>enim</strong></span> <span class='ocrx_word' id='word_1_363' title='bbox 2692 1331 2933 1402; x_wconf 88' lang='lat' dir='ltr'><strong>loquitur</strong></span> <span class='ocrx_word' id='word_1_364' title='bbox 2963 1352 2977 1388; x_wconf 90' lang='lat'>:</span> <span class='ocrx_word' id='word_1_365' title='bbox 3012 1333 3249 1405; x_wconf 68' lang='lat' dir='ltr'><strong>«thuid</strong></span> <span class='ocrx_word' id='word_1_366' title='bbox 3293 1338 3431 1391; x_wconf 89' lang='lat' dir='ltr'><strong>mihi</strong></span> 
     </span>
    </p>
   </div>
   <div class='ocr_carea' id='block_1_44' title="bbox 1859 1411 3431 1483">
    <p class='ocr_par' dir='ltr' id='par_1_44' title="bbox 1859 1411 3431 1483">
     <span class='ocr_line' id='line_1_45' title="bbox 1859 1411 3431 1483; baseline 0.012 -20"><span class='ocrx_word' id='word_1_367' title='bbox 1859 1411 1987 1465; x_wconf 90' lang='lat' dir='ltr'><strong>thus</strong></span> <span class='ocrx_word' id='word_1_368' title='bbox 2016 1412 2083 1468; x_wconf 91' lang='lat' dir='ltr'><strong>de</strong></span> <span class='ocrx_word' id='word_1_369' title='bbox 2114 1411 2259 1469; x_wconf 84' lang='lat' dir='ltr'><strong>Saba</strong></span> <span class='ocrx_word' id='word_1_370' title='bbox 2292 1417 2476 1483; x_wconf 65' lang='lat' dir='ltr'><strong>aders,</strong></span> <span class='ocrx_word' id='word_1_371' title='bbox 2508 1430 2561 1475; x_wconf 87' lang='lat' dir='ltr'><strong>et</strong></span> <span class='ocrx_word' id='word_1_372' title='bbox 2589 1421 2995 1478; x_wconf 88' lang='lat' dir='ltr'><strong>cinnamomum</strong></span> <span class='ocrx_word' id='word_1_373' title='bbox 3028 1426 3095 1481; x_wconf 88' lang='lat' dir='ltr'><strong>de</strong></span> <span class='ocrx_word' id='word_1_374' title='bbox 3134 1435 3280 1482; x_wconf 85' lang='lat' dir='ltr'><strong>terra</strong></span> <span class='ocrx_word' id='word_1_375' title='bbox 3308 1428 3431 1482; x_wconf 92' lang='lat' dir='ltr'><strong>lon-</strong></span> 
     </span>
    </p>
   </div>
   <div class='ocr_carea' id='block_1_45' title="bbox 1858 1501 3427 1588">
    <p class='ocr_par' dir='ltr' id='par_1_45' title="bbox 1858 1501 3427 1588">
     <span class='ocr_line' id='line_1_46' title="bbox 1858 1501 3427 1588; baseline 0.013 -37"><span class='ocrx_word' id='word_1_376' title='bbox 1858 1501 2095 1571; x_wconf 82' lang='lat' dir='ltr'><strong>ginqua?</strong></span> <span class='ocrx_word' id='word_1_377' title='bbox 2147 1502 2599 1564; x_wconf 86' lang='lat' dir='ltr'><strong>Holocautomata</strong></span> <span class='ocrx_word' id='word_1_378' title='bbox 2640 1522 2820 1567; x_wconf 87' lang='lat' dir='ltr'><strong>vestra</strong></span> <span class='ocrx_word' id='word_1_379' title='bbox 2862 1529 2973 1568; x_wconf 89' lang='lat' dir='ltr'><strong>non</strong></span> <span class='ocrx_word' id='word_1_380' title='bbox 3013 1524 3141 1569; x_wconf 89' lang='lat' dir='ltr'><strong>sunt</strong></span> <span class='ocrx_word' id='word_1_381' title='bbox 3182 1528 3427 1588; x_wconf 89' lang='lat' dir='ltr'><strong>accepta,</strong></span> 
     </span>
    </p>
   </div>
   <div class='ocr_carea' id='block_1_46' title="bbox 1857 1595 3432 1675">
    <p class='ocr_par' dir='ltr' id='par_1_46' title="bbox 1857 1595 3432 1675">
     <span class='ocr_line' id='line_1_47' title="bbox 1857 1595 3432 1675; baseline 0.011 -30"><span class='ocrx_word' id='word_1_382' title='bbox 1857 1602 1910 1645; x_wconf 89' lang='lat' dir='ltr'><strong>et</strong></span> <span class='ocrx_word' id='word_1_383' title='bbox 1935 1595 2207 1649; x_wconf 88' lang='lat' dir='ltr'><strong>sacriﬁcia</strong></span> <span class='ocrx_word' id='word_1_384' title='bbox 2238 1606 2418 1653; x_wconf 87' lang='lat' dir='ltr'><strong>vestra</strong></span> <span class='ocrx_word' id='word_1_385' title='bbox 2446 1615 2555 1655; x_wconf 91' lang='lat' dir='ltr'><strong>non</strong></span> <span class='ocrx_word' id='word_1_386' title='bbox 2578 1602 2711 1659; x_wconf 89' lang='lat' dir='ltr'><strong>mihi</strong></span> <span class='ocrx_word' id='word_1_387' title='bbox 2741 1603 3259 1675; x_wconf 67' lang='lat' dir='ltr'><strong>fueruntjucunda&quot;</strong></span> <span class='ocrx_word' id='word_1_388' title='bbox 3283 1627 3296 1673; x_wconf 94' lang='lat'><strong>;</strong></span> <span class='ocrx_word' id='word_1_389' title='bbox 3331 1629 3348 1659; x_wconf 79' lang='grc' dir='ltr'><strong>ι</strong></span> <span class='ocrx_word' id='word_1_390' title='bbox 3375 1618 3432 1664; x_wconf 84' lang='lat' dir='ltr'><strong>et</strong></span> 
     </span>
    </p>
   </div>
   <div class='ocr_carea' id='block_1_47' title="bbox 1856 1683 3430 1771">
    <p class='ocr_par' dir='ltr' id='par_1_47' title="bbox 1856 1683 3430 1771">
     <span class='ocr_line' id='line_1_48' title="bbox 1856 1683 3430 1771; baseline 0.011 -33"><span class='ocrx_word' id='word_1_391' title='bbox 1856 1683 2115 1754; x_wconf 87' lang='lat' dir='ltr'><strong>deinceps</strong></span> <span class='ocrx_word' id='word_1_392' title='bbox 2166 1703 2178 1738; x_wconf 92' lang='lat'>:</span> <span class='ocrx_word' id='word_1_393' title='bbox 2245 1706 2263 1738; x_wconf 72' lang='grc' dir='ltr'><strong>ι</strong></span> <span class='ocrx_word' id='word_1_394' title='bbox 2308 1689 2761 1750; x_wconf 88' lang='lat' dir='ltr'><strong>Holocautomala</strong></span> <span class='ocrx_word' id='word_1_395' title='bbox 2829 1707 3012 1753; x_wconf 88' lang='lat' dir='ltr'><strong>vestra</strong></span> <span class='ocrx_word' id='word_1_396' title='bbox 3099 1710 3430 1771; x_wconf 80' lang='lat' dir='ltr'><strong>congregato</strong></span> 
     </span>
    </p>
   </div>
   <div class='ocr_carea' id='block_1_48' title="bbox 1856 1777 3430 1862">
    <p class='ocr_par' dir='ltr' id='par_1_48' title="bbox 1856 1777 3430 1862">
     <span class='ocr_line' id='line_1_49' title="bbox 1856 1777 3430 1862; baseline 0.012 -35"><span class='ocrx_word' id='word_1_397' title='bbox 1856 1789 1980 1828; x_wconf 88' lang='lat' dir='ltr'><strong>Cum</strong></span> <span class='ocrx_word' id='word_1_398' title='bbox 2025 1777 2309 1835; x_wconf 86' lang='lat' dir='ltr'><strong>sacriﬁciis</strong></span> <span class='ocrx_word' id='word_1_399' title='bbox 2348 1785 2571 1845; x_wconf 82' lang='lat' dir='ltr'><strong>vestris.</strong></span> <span class='ocrx_word' id='word_1_400' title='bbox 2615 1793 2669 1839; x_wconf 90' lang='lat' dir='ltr'><strong>ct</strong></span> <span class='ocrx_word' id='word_1_401' title='bbox 2711 1789 2979 1844; x_wconf 87' lang='lat' dir='ltr'><strong>comedile</strong></span> <span class='ocrx_word' id='word_1_402' title='bbox 3026 1805 3223 1847; x_wconf 88' lang='lat' dir='ltr'><strong>carnes</strong></span> <span class='ocrx_word' id='word_1_403' title='bbox 3256 1808 3270 1844; x_wconf 83' lang='lat'><strong>:</strong></span> <span class='ocrx_word' id='word_1_404' title='bbox 3300 1794 3430 1862; x_wconf 89' lang='lat' dir='ltr'><strong>quia</strong></span> 
     </span>
    </p>
   </div>
   <div class='ocr_carea' id='block_1_49' title="bbox 1854 1868 3431 1941">
    <p class='ocr_par' dir='ltr' id='par_1_49' title="bbox 1854 1868 3431 1941">
     <span class='ocr_line' id='line_1_50' title="bbox 1854 1868 3431 1941; baseline 0.008 -24"><span class='ocrx_word' id='word_1_405' title='bbox 1854 1880 1965 1918; x_wconf 89' lang='lat' dir='ltr'><strong>non</strong></span> <span class='ocrx_word' id='word_1_406' title='bbox 2012 1868 2244 1936; x_wconf 60' lang='lat' dir='ltr'><strong>praecepi</strong></span> <span class='ocrx_word' id='word_1_407' title='bbox 2287 1870 2482 1935; x_wconf 84' lang='lat' dir='ltr'><strong>vobis,</strong></span> <span class='ocrx_word' id='word_1_408' title='bbox 2522 1873 2742 1941; x_wconf 89' lang='lat' dir='ltr'><strong>quando</strong></span> <span class='ocrx_word' id='word_1_409' title='bbox 2818 1876 2983 1930; x_wconf 87' lang='lat' dir='ltr'><strong>eduxi</strong></span> <span class='ocrx_word' id='word_1_410' title='bbox 3048 1892 3144 1932; x_wconf 91' lang='lat' dir='ltr'><strong>vos</strong></span> <span class='ocrx_word' id='word_1_411' title='bbox 3200 1893 3265 1932; x_wconf 80' lang='lat' dir='ltr'><strong>ex</strong></span> <span class='ocrx_word' id='word_1_412' title='bbox 3318 1888 3431 1933; x_wconf 87' lang='lat' dir='ltr'><strong>ter-</strong></span> 
     </span>
    </p>
   </div>
   <div class='ocr_carea' id='block_1_50' title="bbox 1852 1964 3430 2036">
    <p class='ocr_par' dir='ltr' id='par_1_50' title="bbox 1852 1964 3430 2036">
     <span class='ocr_line' id='line_1_51' title="bbox 1852 1964 3430 2036; baseline 0.009 -21"><span class='ocrx_word' id='word_1_413' title='bbox 1852 1978 1915 2017; x_wconf 89' lang='lat' dir='ltr'><strong>ra</strong></span> <span class='ocrx_word' id='word_1_414' title='bbox 1987 1964 2243 2036; x_wconf 63' lang='lat' dir='ltr'><strong>IEgypti,</strong></span> <span class='ocrx_word' id='word_1_415' title='bbox 2320 1969 2387 2023; x_wconf 92' lang='lat' dir='ltr'><strong>de</strong></span> <span class='ocrx_word' id='word_1_416' title='bbox 2450 1970 2987 2028; x_wconf 80' lang='lat' dir='ltr'><strong>holocautomatilms</strong></span> <span class='ocrx_word' id='word_1_417' title='bbox 3069 1983 3125 2028; x_wconf 90' lang='lat' dir='ltr'><strong>et</strong></span> <span class='ocrx_word' id='word_1_418' title='bbox 3214 1976 3430 2030; x_wconf 89' lang='lat' dir='ltr'><strong>sacriﬁ-</strong></span> 
     </span>
    </p>
   </div>
   <div class='ocr_carea' id='block_1_51' title="bbox 1852 2055 3430 2131">
    <p class='ocr_par' dir='ltr' id='par_1_51' title="bbox 1852 2055 3430 2131">
     <span class='ocr_line' id='line_1_52' title="bbox 1852 2055 3430 2131; baseline 0.008 -23"><span class='ocrx_word' id='word_1_419' title='bbox 1852 2055 1953 2110; x_wconf 89' lang='lat' dir='ltr'><strong>ciis</strong></span> <span class='ocrx_word' id='word_1_420' title='bbox 1970 2057 2010 2111; x_wconf 83' lang='grc'><strong><em>⁹.</em></strong></span> <span class='ocrx_word' id='word_1_421' title='bbox 2046 2077 2065 2109; x_wconf 75' lang='grc' dir='ltr'><strong>ι</strong></span> <span class='ocrx_word' id='word_1_422' title='bbox 2104 2057 2168 2110; x_wconf 84' lang='grc' dir='ltr'>Ει</span> <span class='ocrx_word' id='word_1_423' title='bbox 2196 2074 2292 2128; x_wconf 90' lang='lat' dir='ltr'><strong>per</strong></span> <span class='ocrx_word' id='word_1_424' title='bbox 2333 2058 2531 2116; x_wconf 88' lang='lat' dir='ltr'><strong>Isaiam</strong></span> <span class='ocrx_word' id='word_1_425' title='bbox 2580 2063 2715 2118; x_wconf 89' lang='lat' dir='ltr'><strong>dicit</strong></span> <span class='ocrx_word' id='word_1_426' title='bbox 2748 2084 2760 2119; x_wconf 94' lang='lat'><strong>:</strong></span> <span class='ocrx_word' id='word_1_427' title='bbox 2811 2085 2829 2117; x_wconf 75' lang='grc' dir='ltr'><strong>ε</strong></span> <span class='ocrx_word' id='word_1_428' title='bbox 2863 2066 2982 2131; x_wconf 88' lang='lat' dir='ltr'><strong>Quo</strong></span> <span class='ocrx_word' id='word_1_429' title='bbox 3010 2067 3140 2120; x_wconf 90' lang='lat' dir='ltr'><strong>mihi</strong></span> <span class='ocrx_word' id='word_1_430' title='bbox 3179 2067 3430 2121; x_wconf 89' lang='lat' dir='ltr'><strong>multitu-</strong></span> 
     </span>
    </p>
   </div>
   <div class='ocr_carea' id='block_1_52' title="bbox 1851 2147 3428 2223">
    <p class='ocr_par' dir='ltr' id='par_1_52' title="bbox 1851 2147 3428 2223">
     <span class='ocr_line' id='line_1_53' title="bbox 1851 2147 3428 2223; baseline 0.007 -23"><span class='ocrx_word' id='word_1_431' title='bbox 1851 2147 2031 2203; x_wconf 89' lang='lat' dir='ltr'><strong>dinem</strong></span> <span class='ocrx_word' id='word_1_432' title='bbox 2083 2151 2481 2207; x_wconf 87' lang='lat' dir='ltr'><strong>sacriﬁciorum</strong></span> <span class='ocrx_word' id='word_1_433' title='bbox 2529 2161 2884 2223; x_wconf 86' lang='lat' dir='ltr'><strong>vestrorum,</strong></span> <span class='ocrx_word' id='word_1_434' title='bbox 2934 2156 3069 2211; x_wconf 89' lang='lat' dir='ltr'><strong>dicit</strong></span> <span class='ocrx_word' id='word_1_435' title='bbox 3116 2156 3428 2211; x_wconf 86' lang='lat' dir='ltr'><strong>Dominus?</strong></span> 
     </span>
    </p>
   </div>
   <div class='ocr_carea' id='block_1_53' title="bbox 1851 2239 3425 2316">
    <p class='ocr_par' dir='ltr' id='par_1_53' title="bbox 1851 2239 3425 2316">
     <span class='ocr_line' id='line_1_54' title="bbox 1851 2239 3425 2316; baseline 0.007 -25"><span class='ocrx_word' id='word_1_436' title='bbox 1851 2239 2047 2308; x_wconf 91' lang='lat' dir='ltr'><strong>plenus</strong></span> <span class='ocrx_word' id='word_1_437' title='bbox 2076 2256 2197 2295; x_wconf 91' lang='lat' dir='ltr'><strong>sum</strong></span> <span class='ocrx_word' id='word_1_438' title='bbox 2229 2242 2571 2299; x_wconf 88' lang='lat' dir='ltr'><strong>holocaustis</strong></span> <span class='ocrx_word' id='word_1_439' title='bbox 2616 2246 2883 2312; x_wconf 86' lang='lat' dir='ltr'><strong>arietum;</strong></span> <span class='ocrx_word' id='word_1_440' title='bbox 2918 2254 2972 2301; x_wconf 92' lang='lat' dir='ltr'><strong>et</strong></span> <span class='ocrx_word' id='word_1_441' title='bbox 3010 2245 3222 2316; x_wconf 87' lang='lat' dir='ltr'><strong>adipem</strong></span> <span class='ocrx_word' id='word_1_442' title='bbox 3254 2261 3425 2316; x_wconf 77' lang='lat' dir='ltr'><strong>agno-</strong></span> 
     </span>
    </p>
   </div>
   <div class='ocr_carea' id='block_1_54' title="bbox 1850 2336 3423 2408">
    <p class='ocr_par' dir='ltr' id='par_1_54' title="bbox 1850 2336 3423 2408">
     <span class='ocr_line' id='line_1_55' title="bbox 1850 2336 3423 2408; baseline 0.006 -25"><span class='ocrx_word' id='word_1_443' title='bbox 1850 2346 1996 2392; x_wconf 85' lang='lat' dir='ltr'><strong>rum.</strong></span> <span class='ocrx_word' id='word_1_444' title='bbox 2029 2345 2094 2386; x_wconf 89' lang='lat' dir='ltr'><strong>ac</strong></span> <span class='ocrx_word' id='word_1_445' title='bbox 2124 2336 2445 2404; x_wconf 80' lang='lat' dir='ltr'><strong>sanguinem</strong></span> <span class='ocrx_word' id='word_1_446' title='bbox 2481 2343 2765 2391; x_wconf 89' lang='lat' dir='ltr'><strong>taurorum</strong></span> <span class='ocrx_word' id='word_1_447' title='bbox 2783 2346 2947 2408; x_wconf 90' lang='lat' dir='ltr'><strong>atque</strong></span> <span class='ocrx_word' id='word_1_448' title='bbox 2977 2337 3253 2391; x_wconf 87' lang='lat' dir='ltr'><strong>hircorum</strong></span> <span class='ocrx_word' id='word_1_449' title='bbox 3274 2338 3423 2402; x_wconf 86' lang='lat' dir='ltr'><strong>nolo;</strong></span> 
     </span>
    </p>
   </div>
   <div class='ocr_carea' id='block_1_55' title="bbox 1850 2426 3425 2499">
    <p class='ocr_par' dir='ltr' id='par_1_55' title="bbox 1850 2426 3425 2499">
     <span class='ocr_line' id='line_1_56' title="bbox 1850 2426 3425 2499; baseline 0.004 -23"><span class='ocrx_word' id='word_1_450' title='bbox 1850 2438 2029 2493; x_wconf 86' lang='lat' dir='ltr'><strong>neque</strong></span> <span class='ocrx_word' id='word_1_451' title='bbox 2069 2426 2113 2480; x_wconf 88' lang='lat' dir='ltr'><strong>si</strong></span> <span class='ocrx_word' id='word_1_452' title='bbox 2147 2428 2410 2492; x_wconf 86' lang='lat' dir='ltr'><strong>veniatis,</strong></span> <span class='ocrx_word' id='word_1_453' title='bbox 2450 2435 2509 2481; x_wconf 90' lang='lat' dir='ltr'><strong>ut</strong></span> <span class='ocrx_word' id='word_1_454' title='bbox 2540 2430 2849 2499; x_wconf 86' lang='lat' dir='ltr'><strong>appareatis</strong></span> <span class='ocrx_word' id='word_1_455' title='bbox 2900 2430 3053 2485; x_wconf 92' lang='lat' dir='ltr'><strong>mihi.</strong></span> <span class='ocrx_word' id='word_1_456' title='bbox 3103 2427 3239 2495; x_wconf 86' lang='lat' dir='ltr'><strong>Quis</strong></span> <span class='ocrx_word' id='word_1_457' title='bbox 3276 2430 3425 2484; x_wconf 87' lang='lat' dir='ltr'><strong>enim</strong></span> 
     </span>
    </p>
   </div>
   <div class='ocr_carea' id='block_1_56' title="bbox 1848 2516 3426 2585">
    <p class='ocr_par' dir='ltr' id='par_1_56' title="bbox 1848 2516 3426 2585">
     <span class='ocr_line' id='line_1_57' title="bbox 1848 2516 3426 2585; baseline 0.003 -17"><span class='ocrx_word' id='word_1_458' title='bbox 1848 2516 2101 2585; x_wconf 72' lang='lat' dir='ltr'><strong>quaesivit</strong></span> <span class='ocrx_word' id='word_1_459' title='bbox 2139 2517 2253 2572; x_wconf 73' lang='lat' dir='ltr'><strong>haec</strong></span> <span class='ocrx_word' id='word_1_460' title='bbox 2282 2519 2350 2573; x_wconf 87' lang='lat' dir='ltr'><strong>de</strong></span> <span class='ocrx_word' id='word_1_461' title='bbox 2392 2521 2647 2573; x_wconf 86' lang='lat' dir='ltr'><strong>manibus</strong></span> <span class='ocrx_word' id='word_1_462' title='bbox 2678 2519 2925 2575; x_wconf 83' lang='lat' dir='ltr'><strong>vestris?</strong></span> <span class='ocrx_word' id='word_1_463' title='bbox 2953 2518 3180 2574; x_wconf 85' lang='lat' dir='ltr'><strong>Calcare</strong></span> <span class='ocrx_word' id='word_1_464' title='bbox 3224 2520 3426 2573; x_wconf 88' lang='lat' dir='ltr'><strong>atrium</strong></span> 
     </span>
    </p>
   </div>
   <div class='ocr_carea' id='block_1_57' title="bbox 1848 2610 3427 2681">
    <p class='ocr_par' dir='ltr' id='par_1_57' title="bbox 1848 2610 3427 2681">
     <span class='ocr_line' id='line_1_58' title="bbox 1848 2610 3427 2681; baseline 0.002 -21"><span class='ocrx_word' id='word_1_465' title='bbox 1848 2624 2030 2662; x_wconf 84' lang='lat' dir='ltr'><strong>meum</strong></span> <span class='ocrx_word' id='word_1_466' title='bbox 2059 2624 2168 2663; x_wconf 94' lang='lat' dir='ltr'><strong>non</strong></span> <span class='ocrx_word' id='word_1_467' title='bbox 2198 2612 2485 2680; x_wconf 80' lang='lat' dir='ltr'><strong>apponetis</strong></span> <span class='ocrx_word' id='word_1_468' title='bbox 2515 2612 2771 2681; x_wconf 89' lang='lat' dir='ltr'><strong>amplius.</strong></span> <span class='ocrx_word' id='word_1_469' title='bbox 2803 2611 2860 2665; x_wconf 90' lang='lat' dir='ltr'><strong>Si</strong></span> <span class='ocrx_word' id='word_1_470' title='bbox 2892 2610 3133 2667; x_wconf 82' lang='lat' dir='ltr'><strong>aﬁcratis</strong></span> <span class='ocrx_word' id='word_1_471' title='bbox 3174 2611 3309 2664; x_wconf 91' lang='lat' dir='ltr'><strong>mihi</strong></span> <span class='ocrx_word' id='word_1_472' title='bbox 3347 2612 3427 2666; x_wconf 80' lang='lat' dir='ltr'><strong>si-</strong></span> 
     </span>
    </p>
   </div>
   <div class='ocr_carea' id='block_1_58' title="bbox 1849 2686 3424 2771">
    <p class='ocr_par' dir='ltr' id='par_1_58' title="bbox 1849 2686 3424 2771">
     <span class='ocr_line' id='line_1_59' title="bbox 1849 2686 3424 2771; baseline 0.003 -17"><span class='ocrx_word' id='word_1_473' title='bbox 1849 2702 2055 2765; x_wconf 82' lang='lat' dir='ltr'><strong>milam,</strong></span> <span class='ocrx_word' id='word_1_474' title='bbox 2118 2719 2354 2771; x_wconf 87' lang='lat' dir='ltr'><strong>vanum;</strong></span> <span class='ocrx_word' id='word_1_475' title='bbox 2415 2705 2701 2760; x_wconf 89' lang='lat' dir='ltr'><strong>incensum</strong></span> <span class='ocrx_word' id='word_1_476' title='bbox 2746 2686 3085 2760; x_wconf 82' lang='lat' dir='ltr'><strong>abominatio</strong></span> <span class='ocrx_word' id='word_1_477' title='bbox 3149 2705 3285 2758; x_wconf 91' lang='lat' dir='ltr'><strong>mihi</strong></span> <span class='ocrx_word' id='word_1_478' title='bbox 3316 2712 3424 2759; x_wconf 84' lang='lat' dir='ltr'><strong>est.</strong></span> 
     </span>
    </p>
   </div>
   <div class='ocr_carea' id='block_1_59' title="bbox 1846 2792 3423 2861">
    <p class='ocr_par' dir='ltr' id='par_1_59' title="bbox 1846 2792 3423 2861">
     <span class='ocr_line' id='line_1_60' title="bbox 1846 2792 3423 2861; baseline 0.001 -14"><span class='ocrx_word' id='word_1_479' title='bbox 1846 2792 2175 2851; x_wconf 87' lang='lat' dir='ltr'><strong>Neomenias</strong></span> <span class='ocrx_word' id='word_1_480' title='bbox 2203 2804 2437 2860; x_wconf 89' lang='lat' dir='ltr'><strong>vestras,</strong></span> <span class='ocrx_word' id='word_1_481' title='bbox 2461 2804 2515 2852; x_wconf 85' lang='lat' dir='ltr'><strong>et</strong></span> <span class='ocrx_word' id='word_1_482' title='bbox 2542 2796 2780 2853; x_wconf 84' lang='lat' dir='ltr'><strong>Sabbata</strong></span> <span class='ocrx_word' id='word_1_483' title='bbox 2801 2806 3005 2861; x_wconf 88' lang='lat' dir='ltr'><strong>vestra,</strong></span> <span class='ocrx_word' id='word_1_484' title='bbox 3031 2804 3086 2852; x_wconf 87' lang='lat' dir='ltr'><strong>et</strong></span> <span class='ocrx_word' id='word_1_485' title='bbox 3116 2795 3264 2851; x_wconf 88' lang='lat' dir='ltr'><strong>diem</strong></span> <span class='ocrx_word' id='word_1_486' title='bbox 3298 2810 3423 2849; x_wconf 79' lang='lat' dir='ltr'><strong>ma-</strong></span> 
     </span>
    </p>
   </div>
   <div class='ocr_carea' id='block_1_60' title="bbox 1846 2889 3426 2960">
    <p class='ocr_par' dir='ltr' id='par_1_60' title="bbox 1846 2889 3426 2960">
     <span class='ocr_line' id='line_1_61' title="bbox 1846 2889 3426 2960; baseline 0 -19"><span class='ocrx_word' id='word_1_487' title='bbox 1846 2901 2013 2956; x_wconf 67' lang='lat' dir='ltr'><strong>gnum</strong></span> <span class='ocrx_word' id='word_1_488' title='bbox 2043 2904 2153 2943; x_wconf 91' lang='lat' dir='ltr'><strong>non</strong></span> <span class='ocrx_word' id='word_1_489' title='bbox 2187 2889 2340 2945; x_wconf 82' lang='lat' dir='ltr'><strong>fero:</strong></span> <span class='ocrx_word' id='word_1_490' title='bbox 2370 2890 2669 2960; x_wconf 85' lang='lat' dir='ltr'><strong>jejunium,</strong></span> <span class='ocrx_word' id='word_1_491' title='bbox 2704 2898 2760 2945; x_wconf 90' lang='lat' dir='ltr'><strong>et</strong></span> <span class='ocrx_word' id='word_1_492' title='bbox 2790 2890 2989 2955; x_wconf 87' lang='lat' dir='ltr'><strong>otium,</strong></span> <span class='ocrx_word' id='word_1_493' title='bbox 3020 2898 3075 2944; x_wconf 87' lang='lat' dir='ltr'><strong>et</strong></span> <span class='ocrx_word' id='word_1_494' title='bbox 3105 2889 3426 2944; x_wconf 84' lang='lat' dir='ltr'><strong>solemnita-</strong></span> 
     </span>
    </p>
   </div>
   <div class='ocr_carea' id='block_1_61' title="bbox 1849 2981 3427 3037">
    <p class='ocr_par' dir='ltr' id='par_1_61' title="bbox 1849 2981 3427 3037">
     <span class='ocr_line' id='line_1_62' title="bbox 1849 2981 3427 3037; baseline 0.001 -5"><span class='ocrx_word' id='word_1_495' title='bbox 1849 2986 1932 3034; x_wconf 88' lang='lat' dir='ltr'><strong>tes</strong></span> <span class='ocrx_word' id='word_1_496' title='bbox 1962 2988 2178 3036; x_wconf 83' lang='lat' dir='ltr'><strong>vestras</strong></span> <span class='ocrx_word' id='word_1_497' title='bbox 2207 2981 2322 3035; x_wconf 87' lang='lat' dir='ltr'><strong>odit</strong></span> <span class='ocrx_word' id='word_1_498' title='bbox 2345 2984 2527 3035; x_wconf 90' lang='lat' dir='ltr'><strong>anima</strong></span> <span class='ocrx_word' id='word_1_499' title='bbox 2557 2997 2696 3036; x_wconf 88' lang='lat' dir='ltr'><strong>mea.</strong></span> <span class='ocrx_word' id='word_1_500' title='bbox 2730 2981 2883 3035; x_wconf 88' lang='lat' dir='ltr'><strong>Facti</strong></span> <span class='ocrx_word' id='word_1_501' title='bbox 2913 2982 3050 3037; x_wconf 86' lang='lat' dir='ltr'><strong>estis</strong></span> <span class='ocrx_word' id='word_1_502' title='bbox 3079 2981 3211 3036; x_wconf 90' lang='lat' dir='ltr'><strong>mihi</strong></span> <span class='ocrx_word' id='word_1_503' title='bbox 3253 2982 3307 3034; x_wconf 90' lang='lat' dir='ltr'><strong>in</strong></span> <span class='ocrx_word' id='word_1_504' title='bbox 3334 2996 3427 3036; x_wconf 78' lang='lat' dir='ltr'><strong>sa—</strong></span> 
     </span>
    </p>
   </div>
   <div class='ocr_carea' id='block_1_62' title="bbox 150 3045 1765 3150">
    <p class='ocr_par' dir='ltr' id='par_1_62' title="bbox 150 3045 1742 3139">
     <span class='ocr_line' id='line_1_63' title="bbox 150 3045 1742 3139; baseline 0.02 -42"><span class='ocrx_word' id='word_1_505' title='bbox 150 3045 263 3097; x_wconf 80' lang='grc' dir='ltr'><strong>οὐκ</strong></span> <span class='ocrx_word' id='word_1_506' title='bbox 276 3045 756 3117; x_wconf 77' lang='grc' dir='ltr'>ἀκούσομαι.»Καὶ</span> <span class='ocrx_word' id='word_1_507' title='bbox 774 3053 851 3124; x_wconf 84' lang='grc' dir='ltr'>τῷ</span> <span class='ocrx_word' id='word_1_508' title='bbox 870 3056 1042 3111; x_wconf 83' lang='grc' dir='ltr'>Σαοὺλ</span> <span class='ocrx_word' id='word_1_509' title='bbox 1072 3061 1100 3112; x_wconf 88' lang='grc' dir='ltr'><strong>ὀ</strong></span> <span class='ocrx_word' id='word_1_510' title='bbox 1134 3058 1387 3138; x_wconf 71' lang='grc' dir='ltr'>Σαμουὴλ</span> <span class='ocrx_word' id='word_1_511' title='bbox 1407 3045 1553 3139; x_wconf 86' lang='grc' dir='ltr'>λέγει</span> <span class='ocrx_word' id='word_1_512' title='bbox 1581 3071 1742 3128; x_wconf 83' lang='grc' dir='ltr'>θῦσαι</span> 
     </span>
    </p>
   </div>
   <div class='ocr_carea' id='block_1_63' title="bbox 1851 3045 3423 3150">
    <p class='ocr_par' dir='ltr' id='par_1_63' title="bbox 1851 3071 3423 3144">
     <span class='ocr_line' id='line_1_64' title="bbox 1851 3071 3423 3144; baseline 0.001 -19"><span class='ocrx_word' id='word_1_513' title='bbox 1851 3071 2088 3127; x_wconf 86' lang='lat' dir='ltr'><strong>tietatem</strong></span> <span class='ocrx_word' id='word_1_514' title='bbox 2119 3074 2181 3127; x_wconf 85' lang='grc'><strong>¹⁰.</strong></span> <span class='ocrx_word' id='word_1_515' title='bbox 2215 3093 2233 3125; x_wconf 76' lang='grc' dir='ltr'><strong>ι</strong></span> <span class='ocrx_word' id='word_1_516' title='bbox 2266 3073 2331 3127; x_wconf 86' lang='lat' dir='ltr'><strong>Et</strong></span> <span class='ocrx_word' id='word_1_517' title='bbox 2383 3090 2480 3144; x_wconf 90' lang='lat' dir='ltr'><strong>per</strong></span> <span class='ocrx_word' id='word_1_518' title='bbox 2520 3075 2685 3128; x_wconf 89' lang='lat' dir='ltr'><strong>alium</strong></span> <span class='ocrx_word' id='word_1_519' title='bbox 2724 3073 2859 3128; x_wconf 91' lang='lat' dir='ltr'><strong>dicit</strong></span> <span class='ocrx_word' id='word_1_520' title='bbox 2896 3092 2909 3127; x_wconf 87' lang='lat'><strong>:</strong></span> <span class='ocrx_word' id='word_1_521' title='bbox 2942 3091 2960 3124; x_wconf 76' lang='grc' dir='ltr'><strong>ι</strong></span> <span class='ocrx_word' id='word_1_522' title='bbox 2998 3074 3205 3128; x_wconf 85' lang='lat' dir='ltr'><strong>Amove</strong></span> <span class='ocrx_word' id='word_1_523' title='bbox 3249 3086 3279 3125; x_wconf 90' lang='lat' dir='ltr'><strong>a</strong></span> <span class='ocrx_word' id='word_1_524' title='bbox 3336 3088 3423 3127; x_wconf 91' lang='lat' dir='ltr'><strong>me</strong></span> 
     </span>
    </p>
   </div>
   <div class='ocr_carea' id='block_1_64' title="bbox 149 3138 1740 3237">
    <p class='ocr_par' dir='ltr' id='par_1_64' title="bbox 149 3138 1740 3237">
     <span class='ocr_line' id='line_1_65' title="bbox 149 3138 1740 3237; baseline 0.021 -49"><span class='ocrx_word' id='word_1_525' title='bbox 149 3138 493 3207; x_wconf 82' lang='grc' dir='ltr'>νενομικότι·</span> <span class='ocrx_word' id='word_1_526' title='bbox 523 3157 540 3190; x_wconf 75' lang='grc' dir='ltr'><strong>ι</strong></span> <span class='ocrx_word' id='word_1_527' title='bbox 588 3141 789 3215; x_wconf 83' lang='grc' dir='ltr'>Ἀγαθὴ</span> <span class='ocrx_word' id='word_1_528' title='bbox 807 3146 943 3219; x_wconf 82' lang='grc' dir='ltr'>ἀκοὴ</span> <span class='ocrx_word' id='word_1_529' title='bbox 966 3150 1104 3222; x_wconf 81' lang='grc' dir='ltr'>ὑπὲρ</span> <span class='ocrx_word' id='word_1_530' title='bbox 1126 3153 1336 3211; x_wconf 80' lang='grc' dir='ltr'>θυσίαν·</span> <span class='ocrx_word' id='word_1_531' title='bbox 1352 3160 1446 3214; x_wconf 79' lang='grc' dir='ltr'><strong>καὶ</strong></span> <span class='ocrx_word' id='word_1_532' title='bbox 1464 3163 1740 3237; x_wconf 85' lang='grc' dir='ltr'>ἀκρόαμα,</span> 
     </span>
    </p>
   </div>
   <div class='ocr_carea' id='block_1_65' title="bbox 151 3228 1744 3324">
    <p class='ocr_par' dir='ltr' id='par_1_65' title="bbox 151 3228 1744 3324">
     <span class='ocr_line' id='line_1_66' title="bbox 151 3228 1744 3324; baseline 0.026 -52"><span class='ocrx_word' id='word_1_533' title='bbox 151 3228 308 3300; x_wconf 81' lang='grc' dir='ltr'>ὑπὲρ</span> <span class='ocrx_word' id='word_1_534' title='bbox 332 3230 499 3303; x_wconf 82' lang='grc' dir='ltr'>στέαρ</span> <span class='ocrx_word' id='word_1_535' title='bbox 512 3233 700 3304; x_wconf 87' lang='grc' dir='ltr'>κριῶν.</span> <span class='ocrx_word' id='word_1_536' title='bbox 719 3236 848 3292; x_wconf 85' lang='grc' dir='ltr'>Ἰδοὺ</span> <span class='ocrx_word' id='word_1_537' title='bbox 862 3239 969 3312; x_wconf 81' lang='grc' dir='ltr'>γὰρ</span> <span class='ocrx_word' id='word_1_538' title='bbox 979 3244 1040 3295; x_wconf 80' lang='grc' dir='ltr'><strong>οὐ</strong></span> <span class='ocrx_word' id='word_1_539' title='bbox 1056 3243 1200 3299; x_wconf 86' lang='grc' dir='ltr'>θέλει</span> <span class='ocrx_word' id='word_1_540' title='bbox 1222 3249 1423 3320; x_wconf 84' lang='grc' dir='ltr'>Κύριος</span> <span class='ocrx_word' id='word_1_541' title='bbox 1444 3228 1655 3324; x_wconf 63' lang='grc' dir='ltr'>θυσίαν,</span> <span class='ocrx_word' id='word_1_542' title='bbox 1668 3228 1744 3322; x_wconf 73' lang='grc' dir='ltr'>ὡς</span> 
     </span>
    </p>
   </div>
   <div class='ocr_carea' id='block_1_66' title="bbox 148 3320 1741 3415">
    <p class='ocr_par' dir='ltr' id='par_1_66' title="bbox 148 3320 1741 3415">
     <span class='ocr_line' id='line_1_67' title="bbox 148 3320 1741 3415; baseline 0.022 -44"><span class='ocrx_word' id='word_1_543' title='bbox 148 3320 220 3373; x_wconf 75' lang='grc' dir='ltr'>τὸ</span> <span class='ocrx_word' id='word_1_544' title='bbox 253 3323 561 3378; x_wconf 76' lang='grc' dir='ltr'>εἰσακούειν</span> <span class='ocrx_word' id='word_1_545' title='bbox 591 3328 778 3384; x_wconf 77' lang='grc' dir='ltr'>αὐτοῦ.</span> <span class='ocrx_word' id='word_1_546' title='bbox 818 3351 836 3382; x_wconf 78' lang='grc' dir='ltr'><strong>ι</strong></span> <span class='ocrx_word' id='word_1_547' title='bbox 865 3335 974 3387; x_wconf 76' lang='grc' dir='ltr'>Καὶ</span> <span class='ocrx_word' id='word_1_548' title='bbox 1000 3336 1090 3390; x_wconf 81' lang='grc' dir='ltr'><strong>διὰ</strong></span> <span class='ocrx_word' id='word_1_549' title='bbox 1109 3338 1203 3392; x_wconf 82' lang='grc' dir='ltr'>τοῦ</span> <span class='ocrx_word' id='word_1_550' title='bbox 1227 3341 1389 3398; x_wconf 76' lang='grc' dir='ltr'><strong>Δαόὶδ</strong></span> <span class='ocrx_word' id='word_1_551' title='bbox 1415 3344 1582 3415; x_wconf 84' lang='grc' dir='ltr'>λέγει·</span> <span class='ocrx_word' id='word_1_552' title='bbox 1618 3320 1645 3401; x_wconf 19' lang='grc' dir='ltr'><strong>«ν</strong></span> <span class='ocrx_word' id='word_1_553' title='bbox 1666 3320 1741 3405; x_wconf 62' lang='lat' dir='ltr'><strong>Od</strong></span> 
     </span>
    </p>
   </div>
   <div class='ocr_carea' id='block_1_67' title="bbox 152 3411 1744 3499">
    <p class='ocr_par' dir='ltr' id='par_1_67' title="bbox 152 3411 1744 3499">
     <span class='ocr_line' id='line_1_68' title="bbox 152 3411 1744 3499; baseline 0.022 -36"><span class='ocrx_word' id='word_1_554' title='bbox 152 3411 392 3484; x_wconf 74' lang='grc' dir='ltr'>δέξομαι</span> <span class='ocrx_word' id='word_1_555' title='bbox 420 3416 485 3469; x_wconf 88' lang='grc' dir='ltr'><strong>ἐκ</strong></span> <span class='ocrx_word' id='word_1_556' title='bbox 507 3418 601 3471; x_wconf 77' lang='grc' dir='ltr'>τοῦ</span> <span class='ocrx_word' id='word_1_557' title='bbox 618 3421 767 3474; x_wconf 71' lang='grc' dir='ltr'>οἴκου</span> <span class='ocrx_word' id='word_1_558' title='bbox 803 3441 896 3477; x_wconf 93' lang='grc' dir='ltr'><strong>σου</strong></span> <span class='ocrx_word' id='word_1_559' title='bbox 941 3427 1192 3499; x_wconf 80' lang='grc' dir='ltr'>μόσχους·</span> <span class='ocrx_word' id='word_1_560' title='bbox 1228 3435 1350 3488; x_wconf 82' lang='grc' dir='ltr'>οὐδὲ</span> <span class='ocrx_word' id='word_1_561' title='bbox 1396 3438 1460 3491; x_wconf 86' lang='grc' dir='ltr'><strong>ἐκ</strong></span> <span class='ocrx_word' id='word_1_562' title='bbox 1488 3440 1596 3494; x_wconf 90' lang='grc' dir='ltr'><strong>τῶν</strong></span> <span class='ocrx_word' id='word_1_563' title='bbox 1624 3460 1744 3497; x_wconf 88' lang='grc' dir='ltr'>ποι-</span> 
     </span>
    </p>
   </div>
   <div class='ocr_carea' id='block_1_68' title="bbox 152 3505 1743 3605">
    <p class='ocr_par' dir='ltr' id='par_1_68' title="bbox 152 3505 1743 3605">
     <span class='ocr_line' id='line_1_69' title="bbox 152 3505 1743 3605; baseline 0.021 -50"><span class='ocrx_word' id='word_1_564' title='bbox 152 3505 336 3575; x_wconf 88' lang='grc' dir='ltr'>μνίων</span> <span class='ocrx_word' id='word_1_565' title='bbox 372 3524 464 3560; x_wconf 90' lang='grc' dir='ltr'><strong>σου</strong></span> <span class='ocrx_word' id='word_1_566' title='bbox 496 3511 781 3585; x_wconf 85' lang='grc' dir='ltr'>χιμάρους.</span> <span class='ocrx_word' id='word_1_567' title='bbox 840 3517 964 3572; x_wconf 82' lang='grc' dir='ltr'><strong>Ἐὰν</strong></span> <span class='ocrx_word' id='word_1_568' title='bbox 1016 3520 1126 3593; x_wconf 84' lang='grc'>(59)</span> <span class='ocrx_word' id='word_1_569' title='bbox 1159 3527 1421 3592; x_wconf 82' lang='grc' dir='ltr'>πεινάσω,</span> <span class='ocrx_word' id='word_1_570' title='bbox 1454 3532 1514 3584; x_wconf 83' lang='grc' dir='ltr'><strong>ού</strong></span> <span class='ocrx_word' id='word_1_571' title='bbox 1547 3534 1620 3605; x_wconf 81' lang='grc' dir='ltr'>μή</span> <span class='ocrx_word' id='word_1_572' title='bbox 1660 3552 1743 3589; x_wconf 90' lang='grc' dir='ltr'><strong>σοι</strong></span> 
     </span>
    </p>
   </div>
   <div class='ocr_carea' id='block_1_69' title="bbox 148 3598 1755 3698">
    <p class='ocr_par' dir='ltr' id='par_1_69' title="bbox 148 3598 1755 3698">
     <span class='ocr_line' id='line_1_70' title="bbox 148 3598 1755 3698; baseline 0.022 -50"><span class='ocrx_word' id='word_1_573' title='bbox 148 3598 322 3698; x_wconf 72' lang='grc' dir='ltr'>εἴπω·</span> <span class='ocrx_word' id='word_1_574' title='bbox 349 3599 457 3671; x_wconf 79' lang='grc' dir='ltr'>ἐμὴ</span> <span class='ocrx_word' id='word_1_575' title='bbox 483 3603 591 3675; x_wconf 85' lang='grc' dir='ltr'><strong>γάρ</strong></span> <span class='ocrx_word' id='word_1_576' title='bbox 618 3605 823 3680; x_wconf 85' lang='grc' dir='ltr'>ἐστινὴ</span> <span class='ocrx_word' id='word_1_577' title='bbox 866 3612 1156 3687; x_wconf 86' lang='grc' dir='ltr'>οἰκουμένη</span> <span class='ocrx_word' id='word_1_578' title='bbox 1204 3619 1300 3672; x_wconf 71' lang='grc' dir='ltr'>καὶ</span> <span class='ocrx_word' id='word_1_579' title='bbox 1351 3620 1412 3674; x_wconf 84' lang='grc' dir='ltr'>τὸ</span> <span class='ocrx_word' id='word_1_580' title='bbox 1471 3598 1755 3698; x_wconf 67' lang='grc' dir='ltr'>πληρωμα,</span> 
     </span>
    </p>
   </div>
   <div class='ocr_carea' id='block_1_70' title="bbox 147 3688 1743 3790">
    <p class='ocr_par' dir='ltr' id='par_1_70' title="bbox 147 3688 1743 3790">
     <span class='ocr_line' id='line_1_71' title="bbox 147 3688 1743 3790; baseline 0.024 -51"><span class='ocrx_word' id='word_1_581' title='bbox 147 3688 354 3790; x_wconf 67' lang='grc' dir='ltr'>αύτῆς.</span> <span class='ocrx_word' id='word_1_582' title='bbox 388 3693 480 3765; x_wconf 81' lang='grc' dir='ltr'><strong>Μὴ</strong></span> <span class='ocrx_word' id='word_1_583' title='bbox 506 3695 749 3769; x_wconf 81' lang='grc' dir='ltr'>φάγομαι</span> <span class='ocrx_word' id='word_1_584' title='bbox 775 3702 911 3772; x_wconf 82' lang='grc' dir='ltr'>κρέα</span> <span class='ocrx_word' id='word_1_585' title='bbox 960 3706 1207 3776; x_wconf 83' lang='grc' dir='ltr'>ταύρων,</span> <span class='ocrx_word' id='word_1_586' title='bbox 1256 3713 1288 3785; x_wconf 81' lang='grc' dir='ltr'>ἢ</span> <span class='ocrx_word' id='word_1_587' title='bbox 1331 3708 1469 3785; x_wconf 73' lang='grc' dir='ltr'>αἷμα</span> <span class='ocrx_word' id='word_1_588' title='bbox 1526 3688 1743 3790; x_wconf 70' lang='grc' dir='ltr'>τράγων</span> 
     </span>
    </p>
   </div>
   <div class='ocr_carea' id='block_1_71' title="bbox 148 3780 1743 3880">
    <p class='ocr_par' dir='ltr' id='par_1_71' title="bbox 148 3780 1743 3880">
     <span class='ocr_line' id='line_1_72' title="bbox 148 3780 1743 3880; baseline 0.022 -49"><span class='ocrx_word' id='word_1_589' title='bbox 148 3780 391 3851; x_wconf 85' lang='grc' dir='ltr'>πίομαι;</span> <span class='ocrx_word' id='word_1_590' title='bbox 425 3784 586 3839; x_wconf 80' lang='grc' dir='ltr'>θῦσον</span> <span class='ocrx_word' id='word_1_591' title='bbox 608 3788 688 3860; x_wconf 81' lang='grc' dir='ltr'><strong>τῷ</strong></span> <span class='ocrx_word' id='word_1_592' title='bbox 711 3789 830 3862; x_wconf 88' lang='grc' dir='ltr'><strong>Θεῷ</strong></span> <span class='ocrx_word' id='word_1_593' title='bbox 866 3793 1056 3851; x_wconf 86' lang='grc' dir='ltr'>θυσίαν</span> <span class='ocrx_word' id='word_1_594' title='bbox 1080 3780 1337 3868; x_wconf 82' lang='grc' dir='ltr'>αἰνέσεως</span> <span class='ocrx_word' id='word_1_595' title='bbox 1361 3844 1376 3868; x_wconf 95' lang='grc'><strong>,</strong></span> <span class='ocrx_word' id='word_1_596' title='bbox 1392 3780 1502 3861; x_wconf 39' lang='grc' dir='ltr'>’καὶ</span> <span class='ocrx_word' id='word_1_597' title='bbox 1548 3780 1743 3880; x_wconf 66' lang='grc' dir='ltr'>ἀπύδος</span> 
     </span>
    </p>
   </div>
   <div class='ocr_carea' id='block_1_72' title="bbox 147 3872 1743 3972">
    <p class='ocr_par' dir='ltr' id='par_1_72' title="bbox 147 3872 1743 3972">
     <span class='ocr_line' id='line_1_73' title="bbox 147 3872 1743 3972; baseline 0.023 -49"><span class='ocrx_word' id='word_1_598' title='bbox 147 3872 240 3944; x_wconf 80' lang='grc' dir='ltr'>τῷ</span> <span class='ocrx_word' id='word_1_599' title='bbox 282 3873 523 3949; x_wconf 73' lang='grc' dir='ltr'>’Υψίστῳ</span> <span class='ocrx_word' id='word_1_600' title='bbox 552 3878 650 3944; x_wconf 82' lang='grc' dir='ltr'>τὰς</span> <span class='ocrx_word' id='word_1_601' title='bbox 678 3882 843 3954; x_wconf 78' lang='grc' dir='ltr'>εὐχάς</span> <span class='ocrx_word' id='word_1_602' title='bbox 886 3903 999 3942; x_wconf 89' lang='grc' dir='ltr'>σου.</span> <span class='ocrx_word' id='word_1_603' title='bbox 1038 3908 1056 3941; x_wconf 76' lang='grc' dir='ltr'><strong>ι</strong></span> <span class='ocrx_word' id='word_1_604' title='bbox 1091 3893 1201 3946; x_wconf 76' lang='grc' dir='ltr'><strong>Καὶ</strong></span> <span class='ocrx_word' id='word_1_605' title='bbox 1231 3896 1287 3947; x_wconf 84' lang='grc' dir='ltr'><strong>ἐν</strong></span> <span class='ocrx_word' id='word_1_606' title='bbox 1312 3897 1513 3964; x_wconf 84' lang='grc' dir='ltr'>πάσαις</span> <span class='ocrx_word' id='word_1_607' title='bbox 1541 3902 1597 3955; x_wconf 78' lang='grc' dir='ltr'><strong>δὲ</strong></span> <span class='ocrx_word' id='word_1_608' title='bbox 1623 3872 1743 3972; x_wconf 72' lang='grc' dir='ltr'>ταῖς</span> 
     </span>
    </p>
   </div>
   <div class='ocr_carea' id='block_1_73' title="bbox 149 3966 1745 4060">
    <p class='ocr_par' dir='ltr' id='par_1_73' title="bbox 149 3966 1745 4060">
     <span class='ocr_line' id='line_1_74' title="bbox 149 3966 1745 4060; baseline 0.024 -43"><span class='ocrx_word' id='word_1_609' title='bbox 149 3966 407 4037; x_wconf 79' lang='grc' dir='ltr'>Γραφαῖς</span> <span class='ocrx_word' id='word_1_610' title='bbox 437 3971 640 4040; x_wconf 85' lang='grc' dir='ltr'>ὁμοίως</span> <span class='ocrx_word' id='word_1_611' title='bbox 669 3976 849 4029; x_wconf 83' lang='grc' dir='ltr'>αὐτῶν</span> <span class='ocrx_word' id='word_1_612' title='bbox 875 3980 975 4044; x_wconf 83' lang='grc' dir='ltr'>τὰς</span> <span class='ocrx_word' id='word_1_613' title='bbox 1001 3982 1190 4050; x_wconf 88' lang='grc' dir='ltr'>θυσίας</span> <span class='ocrx_word' id='word_1_614' title='bbox 1238 3989 1626 4060; x_wconf 85' lang='grc' dir='ltr'>ἀπαναίνεται,</span> <span class='ocrx_word' id='word_1_615' title='bbox 1655 3998 1745 4054; x_wconf 77' lang='grc' dir='ltr'><strong>διὰ</strong></span> 
     </span>
    </p>
   </div>
   <div class='ocr_carea' id='block_1_74' title="bbox 146 4058 1741 4160">
    <p class='ocr_par' dir='ltr' id='par_1_74' title="bbox 146 4058 1741 4160">
     <span class='ocr_line' id='line_1_75' title="bbox 146 4058 1741 4160; baseline 0.023 -51"><span class='ocrx_word' id='word_1_616' title='bbox 146 4058 219 4111; x_wconf 87' lang='grc' dir='ltr'>τὺ</span> <span class='ocrx_word' id='word_1_617' title='bbox 252 4059 581 4133; x_wconf 77' lang='grc' dir='ltr'>ἐξαμαρτεῖν</span> <span class='ocrx_word' id='word_1_618' title='bbox 620 4068 816 4133; x_wconf 74' lang='grc' dir='ltr'>αὐτοὺς</span> <span class='ocrx_word' id='word_1_619' title='bbox 847 4073 927 4135; x_wconf 88' lang='grc' dir='ltr'><strong>είς</strong></span> <span class='ocrx_word' id='word_1_620' title='bbox 973 4075 1154 4131; x_wconf 76' lang='grc' dir='ltr'>αὐτόν.</span> <span class='ocrx_word' id='word_1_621' title='bbox 1198 4098 1216 4130; x_wconf 84' lang='grc'><strong>‹</strong></span> <span class='ocrx_word' id='word_1_622' title='bbox 1254 4081 1447 4139; x_wconf 87' lang='grc' dir='ltr'>Θυσίαι</span> <span class='ocrx_word' id='word_1_623' title='bbox 1478 4087 1585 4160; x_wconf 81' lang='grc' dir='ltr'>γὰρ</span> <span class='ocrx_word' id='word_1_624' title='bbox 1612 4092 1741 4145; x_wconf 87' lang='grc' dir='ltr'>ἀσε-</span> 
     </span>
    </p>
   </div>
   <div class='ocr_carea' id='block_1_75' title="bbox 150 4150 1743 4254">
    <p class='ocr_par' dir='ltr' id='par_1_75' title="bbox 150 4150 1743 4254">
     <span class='ocr_line' id='line_1_76' title="bbox 150 4150 1743 4254; baseline 0.023 -52"><span class='ocrx_word' id='word_1_625' title='bbox 150 4150 303 4218; x_wconf 82' lang='grc' dir='ltr'>ϐῶν,</span> <span class='ocrx_word' id='word_1_626' title='bbox 342 4152 617 4254; x_wconf 49' lang='grc' dir='ltr'>βδέλυγμα</span> <span class='ocrx_word' id='word_1_627' title='bbox 648 4161 823 4254; x_wconf 74' lang='grc' dir='ltr'>παρὰ</span> <span class='ocrx_word' id='word_1_628' title='bbox 869 4166 1079 4239; x_wconf 80' lang='grc' dir='ltr'>Κυρίῳ·</span> <span class='ocrx_word' id='word_1_629' title='bbox 1128 4173 1221 4225; x_wconf 79' lang='grc' dir='ltr'><strong>καὶ</strong></span> <span class='ocrx_word' id='word_1_630' title='bbox 1266 4174 1374 4247; x_wconf 80' lang='grc' dir='ltr'>γὰρ</span> <span class='ocrx_word' id='word_1_631' title='bbox 1412 4150 1743 4254; x_wconf 74' lang='grc' dir='ltr'>παρανόμως</span> 
     </span>
    </p>
   </div>
   <div class='ocr_carea' id='block_1_76' title="bbox 149 4246 1742 4331">
    <p class='ocr_par' dir='ltr' id='par_1_76' title="bbox 149 4246 1742 4331">
     <span class='ocr_line' id='line_1_77' title="bbox 149 4246 1742 4331; baseline 0.023 -36"><span class='ocrx_word' id='word_1_632' title='bbox 149 4246 563 4318; x_wconf 76' lang='grc' dir='ltr'>προσφέρουσιν</span> <span class='ocrx_word' id='word_1_633' title='bbox 600 4253 786 4317; x_wconf 80' lang='grc' dir='ltr'>αὑτάς·</span> <span class='ocrx_word' id='word_1_634' title='bbox 822 4274 841 4307; x_wconf 74' lang='grc' dir='ltr'><strong>ι</strong></span> <span class='ocrx_word' id='word_1_635' title='bbox 877 4257 970 4312; x_wconf 74' lang='grc' dir='ltr'><strong>καὶ</strong></span> <span class='ocrx_word' id='word_1_636' title='bbox 992 4261 1172 4316; x_wconf 81' lang='grc' dir='ltr'>πάλιν·</span> <span class='ocrx_word' id='word_1_637' title='bbox 1208 4283 1226 4317; x_wconf 84' lang='grc'><strong><em>‹</em></strong></span> <span class='ocrx_word' id='word_1_638' title='bbox 1264 4269 1330 4320; x_wconf 87' lang='grc' dir='ltr'><strong>Αἰ</strong></span> <span class='ocrx_word' id='word_1_639' title='bbox 1362 4269 1539 4325; x_wconf 88' lang='grc' dir='ltr'>θυσίαι</span> <span class='ocrx_word' id='word_1_640' title='bbox 1566 4276 1742 4331; x_wconf 78' lang='grc' dir='ltr'>αὐτῶν</span> 
     </span>
    </p>
   </div>
   <div class='ocr_carea' id='block_1_77' title="bbox 149 4340 1739 4429">
    <p class='ocr_par' dir='ltr' id='par_1_77' title="bbox 149 4340 1739 4429">
     <span class='ocr_line' id='line_1_78' title="bbox 149 4340 1739 4429; baseline 0.018 -37"><span class='ocrx_word' id='word_1_641' title='bbox 149 4340 237 4403; x_wconf 86' lang='grc' dir='ltr'>ὼς</span> <span class='ocrx_word' id='word_1_642' title='bbox 266 4340 432 4412; x_wconf 79' lang='grc' dir='ltr'>ἄρτος</span> <span class='ocrx_word' id='word_1_643' title='bbox 484 4344 713 4409; x_wconf 84' lang='grc' dir='ltr'>πένθους</span> <span class='ocrx_word' id='word_1_644' title='bbox 744 4348 948 4413; x_wconf 78' lang='grc' dir='ltr'>αὐτοῖς·</span> <span class='ocrx_word' id='word_1_645' title='bbox 983 4353 1184 4420; x_wconf 84' lang='grc' dir='ltr'>πάντες</span> <span class='ocrx_word' id='word_1_646' title='bbox 1221 4359 1271 4410; x_wconf 83' lang='grc' dir='ltr'>οἱ</span> <span class='ocrx_word' id='word_1_647' title='bbox 1323 4360 1593 4429; x_wconf 89' lang='grc' dir='ltr'>ἐσθίοντες</span> <span class='ocrx_word' id='word_1_648' title='bbox 1640 4369 1739 4421; x_wconf 80' lang='grc' dir='ltr'>αὐ-</span> 
     </span>
    </p>
   </div>
   <div class='ocr_carea' id='block_1_78' title="bbox 1848 3165 3425 3236">
    <p class='ocr_par' dir='ltr' id='par_1_78' title="bbox 1848 3165 3425 3236">
     <span class='ocr_line' id='line_1_79' title="bbox 1848 3165 3425 3236; baseline -0.002 -15"><span class='ocrx_word' id='word_1_649' title='bbox 1848 3167 2088 3221; x_wconf 83' lang='lat' dir='ltr'><strong>sonitum</strong></span> <span class='ocrx_word' id='word_1_650' title='bbox 2133 3168 2440 3222; x_wconf 88' lang='lat' dir='ltr'><strong>carminum</strong></span> <span class='ocrx_word' id='word_1_651' title='bbox 2501 3176 2721 3221; x_wconf 87' lang='lat' dir='ltr'><strong>tuorum</strong></span> <span class='ocrx_word' id='word_1_652' title='bbox 2751 3184 2765 3220; x_wconf 89' lang='lat'><strong>:</strong></span> <span class='ocrx_word' id='word_1_653' title='bbox 2792 3174 2847 3220; x_wconf 89' lang='lat' dir='ltr'><strong>et</strong></span> <span class='ocrx_word' id='word_1_654' title='bbox 2875 3165 3145 3236; x_wconf 85' lang='lat' dir='ltr'><strong>psalmum</strong></span> <span class='ocrx_word' id='word_1_655' title='bbox 3188 3178 3425 3234; x_wconf 82' lang='lat' dir='ltr'><strong>organo-</strong></span> 
     </span>
    </p>
   </div>
   <div class='ocr_carea' id='block_1_79' title="bbox 1844 3254 3423 3328">
    <p class='ocr_par' dir='ltr' id='par_1_79' title="bbox 1844 3254 3423 3328">
     <span class='ocr_line' id='line_1_80' title="bbox 1844 3254 3423 3328; baseline -0.002 -15"><span class='ocrx_word' id='word_1_656' title='bbox 1844 3275 1964 3313; x_wconf 88' lang='lat' dir='ltr'><strong>rum</strong></span> <span class='ocrx_word' id='word_1_657' title='bbox 1981 3270 2204 3315; x_wconf 87' lang='lat' dir='ltr'><strong>tuorum</strong></span> <span class='ocrx_word' id='word_1_658' title='bbox 2228 3275 2338 3315; x_wconf 89' lang='lat' dir='ltr'><strong>non</strong></span> <span class='ocrx_word' id='word_1_659' title='bbox 2371 3259 2589 3314; x_wconf 87' lang='lat' dir='ltr'><strong>audiam</strong></span> <span class='ocrx_word' id='word_1_660' title='bbox 2619 3258 2681 3309; x_wconf 68' lang='grc' dir='ltr'><strong>ιι.</strong></span> <span class='ocrx_word' id='word_1_661' title='bbox 2723 3277 2741 3309; x_wconf 74' lang='grc' dir='ltr'><strong>ι</strong></span> <span class='ocrx_word' id='word_1_662' title='bbox 2776 3256 2844 3311; x_wconf 87' lang='grc' dir='ltr'>Ει</span> <span class='ocrx_word' id='word_1_663' title='bbox 2874 3256 3092 3313; x_wconf 89' lang='lat' dir='ltr'><strong>Samuel</strong></span> <span class='ocrx_word' id='word_1_664' title='bbox 3124 3254 3294 3318; x_wconf 87' lang='lat' dir='ltr'><strong>Sauli,</strong></span> <span class='ocrx_word' id='word_1_665' title='bbox 3326 3257 3423 3328; x_wconf 89' lang='lat' dir='ltr'><strong>qui</strong></span> 
     </span>
    </p>
   </div>
   <div class='ocr_carea' id='block_1_80' title="bbox 1845 3348 3424 3420">
    <p class='ocr_par' dir='ltr' id='par_1_80' title="bbox 1845 3348 3424 3420">
     <span class='ocr_line' id='line_1_81' title="bbox 1845 3348 3424 3420; baseline -0.002 -13"><span class='ocrx_word' id='word_1_666' title='bbox 1845 3353 2179 3407; x_wconf 88' lang='lat' dir='ltr'><strong>sacriﬁcium</strong></span> <span class='ocrx_word' id='word_1_667' title='bbox 2221 3367 2283 3407; x_wconf 90' lang='lat' dir='ltr'><strong>se</strong></span> <span class='ocrx_word' id='word_1_668' title='bbox 2320 3351 2587 3406; x_wconf 88' lang='lat' dir='ltr'><strong>obtulisse</strong></span> <span class='ocrx_word' id='word_1_669' title='bbox 2630 3350 2881 3420; x_wconf 85' lang='lat' dir='ltr'><strong>putabat.</strong></span> <span class='ocrx_word' id='word_1_670' title='bbox 2934 3350 3011 3402; x_wconf 87' lang='lat' dir='ltr'><strong>ait</strong></span> <span class='ocrx_word' id='word_1_671' title='bbox 3047 3370 3059 3403; x_wconf 91' lang='lat'><strong>:</strong></span> <span class='ocrx_word' id='word_1_672' title='bbox 3100 3367 3117 3400; x_wconf 73' lang='grc' dir='ltr'><strong>ι</strong></span> <span class='ocrx_word' id='word_1_673' title='bbox 3154 3348 3304 3403; x_wconf 87' lang='lat' dir='ltr'><strong>Bona</strong></span> <span class='ocrx_word' id='word_1_674' title='bbox 3337 3358 3424 3404; x_wconf 83' lang='lat' dir='ltr'><strong>est</strong></span> 
     </span>
    </p>
   </div>
   <div class='ocr_carea' id='block_1_81' title="bbox 1844 3441 3421 3515">
    <p class='ocr_par' dir='ltr' id='par_1_81' title="bbox 1844 3441 3421 3515">
     <span class='ocr_line' id='line_1_82' title="bbox 1844 3441 3421 3515; baseline -0.004 -15"><span class='ocrx_word' id='word_1_675' title='bbox 1844 3446 2154 3501; x_wconf 89' lang='lat' dir='ltr'><strong>obedientia</strong></span> <span class='ocrx_word' id='word_1_676' title='bbox 2181 3460 2347 3515; x_wconf 89' lang='lat' dir='ltr'><strong>super</strong></span> <span class='ocrx_word' id='word_1_677' title='bbox 2377 3442 2735 3507; x_wconf 83' lang='lat' dir='ltr'><strong>sacriﬁcium;</strong></span> <span class='ocrx_word' id='word_1_678' title='bbox 2757 3450 2812 3493; x_wconf 84' lang='lat' dir='ltr'><strong>et</strong></span> <span class='ocrx_word' id='word_1_679' title='bbox 2842 3441 3074 3503; x_wconf 79' lang='lat' dir='ltr'><strong>auditio,</strong></span> <span class='ocrx_word' id='word_1_680' title='bbox 3111 3457 3276 3511; x_wconf 85' lang='lat' dir='ltr'><strong>super</strong></span> <span class='ocrx_word' id='word_1_681' title='bbox 3303 3441 3421 3494; x_wconf 89' lang='lat' dir='ltr'><strong>adi-</strong></span> 
     </span>
    </p>
   </div>
   <div class='ocr_carea' id='block_1_82' title="bbox 1843 3532 3424 3608">
    <p class='ocr_par' dir='ltr' id='par_1_82' title="bbox 1843 3532 3424 3608">
     <span class='ocr_line' id='line_1_83' title="bbox 1843 3532 3424 3608; baseline -0.004 -16"><span class='ocrx_word' id='word_1_682' title='bbox 1843 3552 1968 3608; x_wconf 88' lang='lat' dir='ltr'><strong>pem</strong></span> <span class='ocrx_word' id='word_1_683' title='bbox 1999 3538 2255 3593; x_wconf 88' lang='lat' dir='ltr'><strong>arietum.</strong></span> <span class='ocrx_word' id='word_1_684' title='bbox 2282 3536 2421 3591; x_wconf 90' lang='lat' dir='ltr'><strong>Ecce</strong></span> <span class='ocrx_word' id='word_1_685' title='bbox 2450 3534 2594 3590; x_wconf 88' lang='lat' dir='ltr'><strong>enim</strong></span> <span class='ocrx_word' id='word_1_686' title='bbox 2621 3550 2729 3589; x_wconf 88' lang='lat' dir='ltr'><strong>non</strong></span> <span class='ocrx_word' id='word_1_687' title='bbox 2750 3533 2865 3587; x_wconf 86' lang='lat' dir='ltr'><strong>vult</strong></span> <span class='ocrx_word' id='word_1_688' title='bbox 2898 3532 3166 3588; x_wconf 88' lang='lat' dir='ltr'><strong>Dominus</strong></span> <span class='ocrx_word' id='word_1_689' title='bbox 3208 3534 3424 3588; x_wconf 76' lang='lat' dir='ltr'><strong>sacriﬁ-</strong></span> 
     </span>
    </p>
   </div>
   <div class='ocr_carea' id='block_1_83' title="bbox 1843 3624 3422 3696">
    <p class='ocr_par' dir='ltr' id='par_1_83' title="bbox 1843 3624 3422 3696">
     <span class='ocr_line' id='line_1_84' title="bbox 1843 3624 3422 3696; baseline -0.005 -11"><span class='ocrx_word' id='word_1_690' title='bbox 1843 3631 2013 3695; x_wconf 90' lang='lat' dir='ltr'><strong>cium,</strong></span> <span class='ocrx_word' id='word_1_691' title='bbox 2071 3631 2214 3686; x_wconf 89' lang='lat' dir='ltr'><strong>sicut</strong></span> <span class='ocrx_word' id='word_1_692' title='bbox 2240 3636 2299 3683; x_wconf 92' lang='lat' dir='ltr'><strong>ut</strong></span> <span class='ocrx_word' id='word_1_693' title='bbox 2339 3628 2663 3684; x_wconf 88' lang='lat' dir='ltr'><strong>obediamus</strong></span> <span class='ocrx_word' id='word_1_694' title='bbox 2685 3628 2736 3682; x_wconf 89' lang='lat' dir='ltr'><strong>ei</strong></span> <span class='ocrx_word' id='word_1_695' title='bbox 2769 3626 2833 3683; x_wconf 83' lang='grc'><strong>¹².</strong></span> <span class='ocrx_word' id='word_1_696' title='bbox 2870 3646 2888 3677; x_wconf 75' lang='grc' dir='ltr'><strong>ι</strong></span> <span class='ocrx_word' id='word_1_697' title='bbox 2918 3624 2984 3679; x_wconf 89' lang='lat' dir='ltr'><strong>Et</strong></span> <span class='ocrx_word' id='word_1_698' title='bbox 3014 3641 3111 3696; x_wconf 90' lang='lat' dir='ltr'><strong>per</strong></span> <span class='ocrx_word' id='word_1_699' title='bbox 3162 3624 3422 3679; x_wconf 81' lang='lat' dir='ltr'><strong>Davidem</strong></span> 
     </span>
    </p>
   </div>
   <div class='ocr_carea' id='block_1_84' title="bbox 1844 3719 3423 3793">
    <p class='ocr_par' dir='ltr' id='par_1_84' title="bbox 1844 3719 3423 3793">
     <span class='ocr_line' id='line_1_85' title="bbox 1844 3719 3423 3793; baseline -0.003 -17"><span class='ocrx_word' id='word_1_700' title='bbox 1844 3723 1921 3776; x_wconf 88' lang='lat' dir='ltr'><strong>ait</strong></span> <span class='ocrx_word' id='word_1_701' title='bbox 1951 3740 1965 3779; x_wconf 90' lang='lat'><strong>:</strong></span> <span class='ocrx_word' id='word_1_702' title='bbox 1997 3740 2015 3774; x_wconf 77' lang='grc' dir='ltr'><strong>ι</strong></span> <span class='ocrx_word' id='word_1_703' title='bbox 2047 3722 2167 3777; x_wconf 86' lang='lat' dir='ltr'><strong>Non</strong></span> <span class='ocrx_word' id='word_1_704' title='bbox 2199 3722 2466 3793; x_wconf 89' lang='lat' dir='ltr'><strong>accipiam</strong></span> <span class='ocrx_word' id='word_1_705' title='bbox 2500 3721 2567 3775; x_wconf 89' lang='lat' dir='ltr'><strong>de</strong></span> <span class='ocrx_word' id='word_1_706' title='bbox 2598 3720 2763 3775; x_wconf 91' lang='lat' dir='ltr'><strong>domo</strong></span> <span class='ocrx_word' id='word_1_707' title='bbox 2815 3727 2908 3773; x_wconf 88' lang='lat' dir='ltr'><strong>tua</strong></span> <span class='ocrx_word' id='word_1_708' title='bbox 2948 3719 3185 3785; x_wconf 84' lang='lat' dir='ltr'><strong>vitulos;</strong></span> <span class='ocrx_word' id='word_1_709' title='bbox 3244 3734 3423 3787; x_wconf 80' lang='lat' dir='ltr'><strong>neque</strong></span> 
     </span>
    </p>
   </div>
   <div class='ocr_carea' id='block_1_85' title="bbox 1844 3811 3424 3887">
    <p class='ocr_par' dir='ltr' id='par_1_85' title="bbox 1844 3811 3424 3887">
     <span class='ocr_line' id='line_1_86' title="bbox 1844 3811 3424 3887; baseline -0.003 -19"><span class='ocrx_word' id='word_1_710' title='bbox 1844 3813 1911 3871; x_wconf 89' lang='lat' dir='ltr'><strong>de</strong></span> <span class='ocrx_word' id='word_1_711' title='bbox 1936 3816 2193 3887; x_wconf 77' lang='lat' dir='ltr'><strong>gregibus</strong></span> <span class='ocrx_word' id='word_1_712' title='bbox 2225 3814 2336 3870; x_wconf 88' lang='lat' dir='ltr'><strong>tuis</strong></span> <span class='ocrx_word' id='word_1_713' title='bbox 2364 3814 2570 3869; x_wconf 89' lang='lat' dir='ltr'><strong>hircos.</strong></span> <span class='ocrx_word' id='word_1_714' title='bbox 2606 3812 2662 3866; x_wconf 90' lang='lat' dir='ltr'><strong>Si</strong></span> <span class='ocrx_word' id='word_1_715' title='bbox 2690 3812 2963 3878; x_wconf 90' lang='lat' dir='ltr'><strong>esuriero,</strong></span> <span class='ocrx_word' id='word_1_716' title='bbox 2994 3827 3103 3865; x_wconf 86' lang='lat' dir='ltr'><strong>non</strong></span> <span class='ocrx_word' id='word_1_717' title='bbox 3132 3811 3312 3864; x_wconf 78' lang='lat' dir='ltr'><strong>dicam</strong></span> <span class='ocrx_word' id='word_1_718' title='bbox 3354 3811 3424 3863; x_wconf 90' lang='lat' dir='ltr'><strong>ti-</strong></span> 
     </span>
    </p>
   </div>
   <div class='ocr_carea' id='block_1_86' title="bbox 1842 3902 3417 3974">
    <p class='ocr_par' dir='ltr' id='par_1_86' title="bbox 1842 3902 3417 3974">
     <span class='ocr_line' id='line_1_87' title="bbox 1842 3902 3417 3974; baseline -0.003 -13"><span class='ocrx_word' id='word_1_719' title='bbox 1842 3906 1899 3961; x_wconf 91' lang='lat' dir='ltr'><strong>bi</strong></span> <span class='ocrx_word' id='word_1_720' title='bbox 1932 3925 1947 3963; x_wconf 86' lang='lat'><strong>:</strong></span> <span class='ocrx_word' id='word_1_721' title='bbox 1981 3923 2137 3963; x_wconf 88' lang='lat' dir='ltr'><strong>meus</strong></span> <span class='ocrx_word' id='word_1_722' title='bbox 2166 3916 2251 3963; x_wconf 91' lang='lat' dir='ltr'><strong>est</strong></span> <span class='ocrx_word' id='word_1_723' title='bbox 2279 3907 2424 3962; x_wconf 91' lang='lat' dir='ltr'><strong>enim</strong></span> <span class='ocrx_word' id='word_1_724' title='bbox 2470 3906 2623 3961; x_wconf 90' lang='lat' dir='ltr'><strong>orbis</strong></span> <span class='ocrx_word' id='word_1_725' title='bbox 2665 3912 2846 3969; x_wconf 62' lang='lat' dir='ltr'><strong>terra},</strong></span> <span class='ocrx_word' id='word_1_726' title='bbox 2879 3911 2933 3959; x_wconf 90' lang='lat' dir='ltr'><strong>et</strong></span> <span class='ocrx_word' id='word_1_727' title='bbox 2962 3903 3243 3974; x_wconf 86' lang='lat' dir='ltr'><strong>plenitudo</strong></span> <span class='ocrx_word' id='word_1_728' title='bbox 3274 3902 3417 3972; x_wconf 87' lang='lat' dir='ltr'><strong>ejus.</strong></span> 
     </span>
    </p>
   </div>
   <div class='ocr_carea' id='block_1_87' title="bbox 1845 3995 3423 4071">
    <p class='ocr_par' dir='ltr' id='par_1_87' title="bbox 1845 3995 3423 4071">
     <span class='ocr_line' id='line_1_88' title="bbox 1845 3995 3423 4071; baseline -0.003 -18"><span class='ocrx_word' id='word_1_729' title='bbox 1845 3999 2100 4071; x_wconf 81' lang='lat' dir='ltr'><strong>Nunquid</strong></span> <span class='ocrx_word' id='word_1_730' title='bbox 2130 3999 2472 4055; x_wconf 85' lang='lat' dir='ltr'><strong>manducabo</strong></span> <span class='ocrx_word' id='word_1_731' title='bbox 2501 4013 2696 4053; x_wconf 87' lang='lat' dir='ltr'><strong>carnes</strong></span> <span class='ocrx_word' id='word_1_732' title='bbox 2727 4008 3036 4060; x_wconf 89' lang='lat' dir='ltr'><strong>taurorum,</strong></span> <span class='ocrx_word' id='word_1_733' title='bbox 3062 4004 3157 4050; x_wconf 90' lang='lat' dir='ltr'><strong>aut</strong></span> <span class='ocrx_word' id='word_1_734' title='bbox 3198 3995 3423 4066; x_wconf 81' lang='lat' dir='ltr'><strong>sangui-</strong></span> 
     </span>
    </p>
   </div>
   <div class='ocr_carea' id='block_1_88' title="bbox 1844 4087 3425 4161">
    <p class='ocr_par' dir='ltr' id='par_1_88' title="bbox 1844 4087 3425 4161">
     <span class='ocr_line' id='line_1_89' title="bbox 1844 4087 3425 4161; baseline -0.003 -15"><span class='ocrx_word' id='word_1_735' title='bbox 1844 4108 1969 4148; x_wconf 92' lang='lat' dir='ltr'><strong>nem</strong></span> <span class='ocrx_word' id='word_1_736' title='bbox 2000 4092 2281 4146; x_wconf 89' lang='lat' dir='ltr'><strong>hircorum</strong></span> <span class='ocrx_word' id='word_1_737' title='bbox 2315 4091 2539 4161; x_wconf 86' lang='lat' dir='ltr'><strong>potabo?</strong></span> <span class='ocrx_word' id='word_1_738' title='bbox 2564 4088 2789 4145; x_wconf 89' lang='lat' dir='ltr'><strong>lmmola</strong></span> <span class='ocrx_word' id='word_1_739' title='bbox 2815 4088 2927 4144; x_wconf 86' lang='lat' dir='ltr'><strong>Deo</strong></span> <span class='ocrx_word' id='word_1_740' title='bbox 2951 4087 3282 4144; x_wconf 88' lang='lat' dir='ltr'><strong>sacriﬁcium</strong></span> <span class='ocrx_word' id='word_1_741' title='bbox 3304 4088 3425 4141; x_wconf 88' lang='lat' dir='ltr'><strong>lau-</strong></span> 
     </span>
    </p>
   </div>
   <div class='ocr_carea' id='block_1_89' title="bbox 1844 4178 3425 4247">
    <p class='ocr_par' dir='ltr' id='par_1_89' title="bbox 1844 4178 3425 4247">
     <span class='ocr_line' id='line_1_90' title="bbox 1844 4178 3425 4247; baseline -0.003 -9"><span class='ocrx_word' id='word_1_742' title='bbox 1844 4184 1951 4247; x_wconf 88' lang='lat' dir='ltr'><strong>dis,</strong></span> <span class='ocrx_word' id='word_1_743' title='bbox 1984 4191 2039 4239; x_wconf 89' lang='lat' dir='ltr'><strong>et</strong></span> <span class='ocrx_word' id='word_1_744' title='bbox 2061 4184 2230 4239; x_wconf 89' lang='lat' dir='ltr'><strong>redde</strong></span> <span class='ocrx_word' id='word_1_745' title='bbox 2278 4183 2566 4239; x_wconf 85' lang='lat' dir='ltr'><strong>Altissimo</strong></span> <span class='ocrx_word' id='word_1_746' title='bbox 2623 4192 2751 4236; x_wconf 89' lang='lat' dir='ltr'><strong>vota</strong></span> <span class='ocrx_word' id='word_1_747' title='bbox 2802 4189 2897 4235; x_wconf 90' lang='lat' dir='ltr'><strong>tua</strong></span> <span class='ocrx_word' id='word_1_748' title='bbox 2932 4181 2993 4234; x_wconf 87' lang='grc'><strong>¹³.</strong></span> <span class='ocrx_word' id='word_1_749' title='bbox 3037 4199 3056 4232; x_wconf 76' lang='grc' dir='ltr'><strong>ι</strong></span> <span class='ocrx_word' id='word_1_750' title='bbox 3094 4178 3159 4234; x_wconf 82' lang='grc' dir='ltr'>Ει</span> <span class='ocrx_word' id='word_1_751' title='bbox 3207 4194 3337 4234; x_wconf 89' lang='lat' dir='ltr'><strong>vero</strong></span> <span class='ocrx_word' id='word_1_752' title='bbox 3366 4182 3425 4233; x_wconf 86' lang='lat' dir='ltr'><strong>in</strong></span> 
     </span>
    </p>
   </div>
   <div class='ocr_carea' id='block_1_90' title="bbox 1842 4271 3425 4345">
    <p class='ocr_par' dir='ltr' id='par_1_90' title="bbox 1842 4271 3425 4345">
     <span class='ocr_line' id='line_1_91' title="bbox 1842 4271 3425 4345; baseline -0.003 -14"><span class='ocrx_word' id='word_1_753' title='bbox 1842 4277 2102 4331; x_wconf 92' lang='lat' dir='ltr'><strong>omnibus</strong></span> <span class='ocrx_word' id='word_1_754' title='bbox 2134 4276 2437 4345; x_wconf 89' lang='lat' dir='ltr'><strong>Scripturis</strong></span> <span class='ocrx_word' id='word_1_755' title='bbox 2484 4275 2739 4330; x_wconf 88' lang='lat' dir='ltr'><strong>similiter</strong></span> <span class='ocrx_word' id='word_1_756' title='bbox 2774 4288 2969 4328; x_wconf 89' lang='lat' dir='ltr'><strong>eorum</strong></span> <span class='ocrx_word' id='word_1_757' title='bbox 3014 4271 3288 4328; x_wconf 90' lang='lat' dir='ltr'><strong>sacriﬁcia</strong></span> <span class='ocrx_word' id='word_1_758' title='bbox 3335 4287 3425 4327; x_wconf 87' lang='lat' dir='ltr'><strong>re—</strong></span> 
     </span>
    </p>
   </div>
   <div class='ocr_carea' id='block_1_91' title="bbox 1843 4363 3455 4437">
    <p class='ocr_par' dir='ltr' id='par_1_91' title="bbox 1843 4363 3455 4437">
     <span class='ocr_line' id='line_1_92' title="bbox 1843 4363 3455 4437; baseline -0.001 -15"><span class='ocrx_word' id='word_1_759' title='bbox 1843 4368 1985 4434; x_wconf 91' lang='lat' dir='ltr'><strong>nuit;</strong></span> <span class='ocrx_word' id='word_1_760' title='bbox 2010 4367 2136 4437; x_wconf 89' lang='lat' dir='ltr'><strong>quia</strong></span> <span class='ocrx_word' id='word_1_761' title='bbox 2162 4367 2217 4421; x_wconf 89' lang='lat' dir='ltr'><strong>in</strong></span> <span class='ocrx_word' id='word_1_762' title='bbox 2241 4382 2367 4422; x_wconf 92' lang='lat' dir='ltr'><strong>eum</strong></span> <span class='ocrx_word' id='word_1_763' title='bbox 2408 4368 2512 4437; x_wconf 91' lang='lat' dir='ltr'><strong>ipsi</strong></span> <span class='ocrx_word' id='word_1_764' title='bbox 2562 4374 2873 4435; x_wconf 87' lang='lat' dir='ltr'><strong>peccarant.</strong></span> <span class='ocrx_word' id='word_1_765' title='bbox 2908 4385 2926 4416; x_wconf 84' lang='grc'><strong>‹</strong></span> <span class='ocrx_word' id='word_1_766' title='bbox 2965 4363 3247 4435; x_wconf 57' lang='lat' dir='ltr'><strong>Sacriﬁcia</strong></span> <span class='ocrx_word' id='word_1_767' title='bbox 3276 4366 3455 4420; x_wconf 81' lang='lat' dir='ltr'><strong>enim.</strong></span> 
     </span>
    </p>
   </div>
   <div class='ocr_carea' id='block_1_92' title="bbox 147 4432 1765 4530">
    <p class='ocr_par' dir='ltr' id='par_1_92' title="bbox 147 4432 1740 4529">
     <span class='ocr_line' id='line_1_93' title="bbox 147 4432 1740 4529; baseline 0.019 -45"><span class='ocrx_word' id='word_1_768' title='bbox 147 4432 255 4495; x_wconf 75' lang='grc' dir='ltr'>τὰς</span> <span class='ocrx_word' id='word_1_769' title='bbox 284 4432 726 4508; x_wconf 85' lang='grc' dir='ltr'>μολυνθήσονται.</span> <span class='ocrx_word' id='word_1_770' title='bbox 762 4458 779 4490; x_wconf 84' lang='grc'>›</span> <span class='ocrx_word' id='word_1_771' title='bbox 816 4442 879 4495; x_wconf 86' lang='grc' dir='ltr'><strong>Εἰ</strong></span> <span class='ocrx_word' id='word_1_772' title='bbox 907 4440 1004 4497; x_wconf 81' lang='grc' dir='ltr'><strong>οὖν</strong></span> <span class='ocrx_word' id='word_1_773' title='bbox 1036 4447 1133 4499; x_wconf 76' lang='grc' dir='ltr'><strong>καὶ</strong></span> <span class='ocrx_word' id='word_1_774' title='bbox 1153 4449 1259 4520; x_wconf 85' lang='grc' dir='ltr'><strong>πρὸ</strong></span> <span class='ocrx_word' id='word_1_775' title='bbox 1287 4452 1386 4522; x_wconf 83' lang='grc' dir='ltr'><strong>τῆς</strong></span> <span class='ocrx_word' id='word_1_776' title='bbox 1438 4461 1740 4529; x_wconf 86' lang='grc' dir='ltr'>παρουσίας</span> 
     </span>
    </p>
   </div>
   <div class='ocr_carea' id='block_1_93' title="bbox 1851 4432 3424 4530">
    <p class='ocr_par' dir='ltr' id='par_1_93' title="bbox 1851 4456 3424 4530">
     <span class='ocr_line' id='line_1_94' title="bbox 1851 4456 3424 4530; baseline 0.001 -17"><span class='ocrx_word' id='word_1_777' title='bbox 1851 4460 2161 4530; x_wconf 87' lang='lat' dir='ltr'><strong>impiorum,</strong></span> <span class='ocrx_word' id='word_1_778' title='bbox 2190 4458 2533 4513; x_wconf 89' lang='lat' dir='ltr'><strong>abominatio</strong></span> <span class='ocrx_word' id='word_1_779' title='bbox 2560 4457 2705 4526; x_wconf 89' lang='lat' dir='ltr'><strong>apud</strong></span> <span class='ocrx_word' id='word_1_780' title='bbox 2736 4456 3030 4511; x_wconf 91' lang='lat' dir='ltr'><strong>Dominum</strong></span> <span class='ocrx_word' id='word_1_781' title='bbox 3053 4460 3283 4513; x_wconf 91' lang='lat' dir='ltr'><strong>:etenim</strong></span> <span class='ocrx_word' id='word_1_782' title='bbox 3315 4461 3424 4514; x_wconf 89' lang='lat' dir='ltr'><strong>ini-</strong></span> 
     </span>
    </p>
   </div>
   <div class='ocr_carea' id='block_1_94' title="bbox 150 4524 1739 4619">
    <p class='ocr_par' dir='ltr' id='par_1_94' title="bbox 150 4524 1739 4619">
     <span class='ocr_line' id='line_1_95' title="bbox 150 4524 1739 4619; baseline 0.019 -44"><span class='ocrx_word' id='word_1_783' title='bbox 150 4524 329 4578; x_wconf 81' lang='grc' dir='ltr'>αὐτοῦ</span> <span class='ocrx_word' id='word_1_784' title='bbox 352 4568 367 4592; x_wconf 92' lang='grc'><strong>,</strong></span> <span class='ocrx_word' id='word_1_785' title='bbox 397 4528 536 4599; x_wconf 81' lang='grc' dir='ltr'>ὑπὲρ</span> <span class='ocrx_word' id='word_1_786' title='bbox 565 4528 754 4595; x_wconf 88' lang='grc' dir='ltr'>θυσίας</span> <span class='ocrx_word' id='word_1_787' title='bbox 780 4536 1007 4605; x_wconf 86' lang='grc' dir='ltr'>καρδίαν</span> <span class='ocrx_word' id='word_1_788' title='bbox 1038 4540 1285 4614; x_wconf 81' lang='grc' dir='ltr'>καθαρὰν</span> <span class='ocrx_word' id='word_1_789' title='bbox 1317 4546 1590 4619; x_wconf 80' lang='grc' dir='ltr'>ἐπεζήτει,</span> <span class='ocrx_word' id='word_1_790' title='bbox 1646 4555 1739 4605; x_wconf 78' lang='grc' dir='ltr'><strong>καὶ</strong></span> 
     </span>
    </p>
   </div>
   <div class='ocr_carea' id='block_1_95' title="bbox 149 4616 1735 4704">
    <p class='ocr_par' dir='ltr' id='par_1_95' title="bbox 149 4616 1735 4704">
     <span class='ocr_line' id='line_1_96' title="bbox 149 4616 1735 4704; baseline 0.018 -36"><span class='ocrx_word' id='word_1_791' title='bbox 149 4616 383 4688; x_wconf 79' lang='grc' dir='ltr'>πνεῦμα</span> <span class='ocrx_word' id='word_1_792' title='bbox 411 4625 887 4695; x_wconf 85' lang='grc' dir='ltr'>συντετριμμένον,</span> <span class='ocrx_word' id='word_1_793' title='bbox 912 4628 1091 4702; x_wconf 85' lang='grc' dir='ltr'>πολλῷ</span> <span class='ocrx_word' id='word_1_794' title='bbox 1122 4634 1320 4704; x_wconf 82' lang='grc' dir='ltr'>μᾶλλον</span> <span class='ocrx_word' id='word_1_795' title='bbox 1340 4616 1509 4692; x_wconf 70' lang='grc' dir='ltr'>ἐλθών</span> <span class='ocrx_word' id='word_1_796' title='bbox 1533 4640 1735 4696; x_wconf 74' lang='grc' dir='ltr'>ἔπαυσε</span> 
     </span>
    </p>
   </div>
   <div class='ocr_carea' id='block_1_96' title="bbox 148 4708 1738 4798">
    <p class='ocr_par' dir='ltr' id='par_1_96' title="bbox 148 4708 1738 4798">
     <span class='ocr_line' id='line_1_97' title="bbox 148 4708 1738 4798; baseline 0.017 -36"><span class='ocrx_word' id='word_1_797' title='bbox 148 4708 385 4773; x_wconf 83' lang='grc' dir='ltr'>ταύτας,</span> <span class='ocrx_word' id='word_1_798' title='bbox 428 4713 604 4783; x_wconf 83' lang='grc' dir='ltr'>φαμὲν</span> <span class='ocrx_word' id='word_1_799' title='bbox 667 4715 777 4789; x_wconf 71' lang='grc'><strong>(40)</strong></span> <span class='ocrx_word' id='word_1_800' title='bbox 836 4719 935 4785; x_wconf 84' lang='grc' dir='ltr'>τὰς</span> <span class='ocrx_word' id='word_1_801' title='bbox 1001 4722 1068 4778; x_wconf 86' lang='grc' dir='ltr'><strong>δι’</strong></span> <span class='ocrx_word' id='word_1_802' title='bbox 1103 4727 1369 4798; x_wconf 85' lang='grc' dir='ltr'>αἱμάτων·</span> <span class='ocrx_word' id='word_1_803' title='bbox 1427 4730 1629 4787; x_wconf 77' lang='grc' dir='ltr'>ἔπαυσε</span> <span class='ocrx_word' id='word_1_804' title='bbox 1681 4736 1738 4790; x_wconf 81' lang='grc' dir='ltr'>δὲ</span> 
     </span>
    </p>
   </div>
   <div class='ocr_carea' id='block_1_97' title="bbox 147 4800 1736 4897">
    <p class='ocr_par' dir='ltr' id='par_1_97' title="bbox 147 4800 1736 4897">
     <span class='ocr_line' id='line_1_98' title="bbox 147 4800 1736 4897; baseline 0.018 -45"><span class='ocrx_word' id='word_1_805' title='bbox 147 4800 361 4867; x_wconf 70' lang='grc' dir='ltr'>αὐτὰς,</span> <span class='ocrx_word' id='word_1_806' title='bbox 419 4802 505 4857; x_wconf 81' lang='grc' dir='ltr'>διὰ</span> <span class='ocrx_word' id='word_1_807' title='bbox 557 4805 652 4859; x_wconf 77' lang='grc' dir='ltr'>τοῦ</span> <span class='ocrx_word' id='word_1_808' title='bbox 715 4811 976 4884; x_wconf 84' lang='grc' dir='ltr'>πρότερον</span> <span class='ocrx_word' id='word_1_809' title='bbox 1009 4815 1312 4889; x_wconf 85' lang='grc' dir='ltr'>πληρῶσαι·</span> <span class='ocrx_word' id='word_1_810' title='bbox 1348 4822 1583 4897; x_wconf 74' lang='grc' dir='ltr'>καὶγὰρ</span> <span class='ocrx_word' id='word_1_811' title='bbox 1637 4843 1736 4879; x_wconf 92' lang='grc' dir='ltr'>πε-</span> 
     </span>
    </p>
   </div>
   <div class='ocr_carea' id='block_1_98' title="bbox 150 4894 1736 4987">
    <p class='ocr_par' dir='ltr' id='par_1_98' title="bbox 150 4894 1736 4987">
     <span class='ocr_line' id='line_1_99' title="bbox 150 4894 1736 4987; baseline 0.018 -44"><span class='ocrx_word' id='word_1_812' title='bbox 150 4894 575 4965; x_wconf 76' lang='grc' dir='ltr'>ριετμήθη,καὶ</span> <span class='ocrx_word' id='word_1_813' title='bbox 630 4900 985 4979; x_wconf 79' lang='grc' dir='ltr'>ἐρραντίσθη,</span> <span class='ocrx_word' id='word_1_814' title='bbox 1050 4908 1241 4975; x_wconf 84' lang='grc' dir='ltr'>θυσίας</span> <span class='ocrx_word' id='word_1_815' title='bbox 1288 4930 1349 4966; x_wconf 90' lang='grc' dir='ltr'><strong>τε</strong></span> <span class='ocrx_word' id='word_1_816' title='bbox 1392 4894 1736 4987; x_wconf 69' lang='grc' dir='ltr'>προσήνεγκε</span> 
     </span>
    </p>
   </div>
   <div class='ocr_carea' id='block_1_99' title="bbox 150 4987 1733 5082">
    <p class='ocr_par' dir='ltr' id='par_1_99' title="bbox 150 4987 1733 5082">
     <span class='ocr_line' id='line_1_100' title="bbox 150 4987 1733 5082; baseline 0.017 -44"><span class='ocrx_word' id='word_1_817' title='bbox 150 4988 252 5039; x_wconf 81' lang='grc' dir='ltr'><strong>καὶ</strong></span> <span class='ocrx_word' id='word_1_818' title='bbox 278 4987 697 5060; x_wconf 83' lang='grc' dir='ltr'>ὁλοκαυτώσεις,</span> <span class='ocrx_word' id='word_1_819' title='bbox 726 4997 950 5063; x_wconf 78' lang='grc' dir='ltr'>καὶτοῖς</span> <span class='ocrx_word' id='word_1_820' title='bbox 970 5000 1150 5067; x_wconf 81' lang='grc' dir='ltr'>ἄλλοις</span> <span class='ocrx_word' id='word_1_821' title='bbox 1175 5004 1421 5077; x_wconf 84' lang='grc' dir='ltr'>ἐθισμοῖς</span> <span class='ocrx_word' id='word_1_822' title='bbox 1441 5010 1733 5082; x_wconf 86' lang='grc' dir='ltr'>ἐχρήσατο·</span> 
     </span>
    </p>
   </div>
   <div class='ocr_carea' id='block_1_100' title="bbox 1847 4547 3421 4620">
    <p class='ocr_par' dir='ltr' id='par_1_100' title="bbox 1847 4547 3421 4620">
     <span class='ocr_line' id='line_1_101' title="bbox 1847 4547 3421 4620; baseline 0.001 -16"><span class='ocrx_word' id='word_1_823' title='bbox 1847 4566 1952 4620; x_wconf 88' lang='lat' dir='ltr'><strong>que</strong></span> <span class='ocrx_word' id='word_1_824' title='bbox 1982 4549 2218 4604; x_wconf 78' lang='lat' dir='ltr'><strong>oﬁ‘erunt</strong></span> <span class='ocrx_word' id='word_1_825' title='bbox 2246 4565 2311 4604; x_wconf 90' lang='lat' dir='ltr'><strong>ea</strong></span> <span class='ocrx_word' id='word_1_826' title='bbox 2326 4550 2397 4616; x_wconf 74' lang='lat'><strong>“;</strong></span> <span class='ocrx_word' id='word_1_827' title='bbox 2428 4568 2446 4599; x_wconf 77' lang='grc' dir='ltr'><strong>ι</strong></span> <span class='ocrx_word' id='word_1_828' title='bbox 2480 4556 2535 4604; x_wconf 89' lang='lat' dir='ltr'><strong>et</strong></span> <span class='ocrx_word' id='word_1_829' title='bbox 2562 4549 2762 4603; x_wconf 88' lang='lat' dir='ltr'><strong>iterum</strong></span> <span class='ocrx_word' id='word_1_830' title='bbox 2791 4567 2806 4604; x_wconf 92' lang='lat'><strong>:</strong></span> <span class='ocrx_word' id='word_1_831' title='bbox 2845 4567 2864 4600; x_wconf 75' lang='grc' dir='ltr'><strong>ι</strong></span> <span class='ocrx_word' id='word_1_832' title='bbox 2900 4547 3183 4603; x_wconf 87' lang='lat' dir='ltr'><strong>Sacriﬁcia</strong></span> <span class='ocrx_word' id='word_1_833' title='bbox 3206 4565 3421 4618; x_wconf 84' lang='lat' dir='ltr'><strong>eorum,</strong></span> 
     </span>
    </p>
   </div>
   <div class='ocr_carea' id='block_1_101' title="bbox 1843 4640 3423 4714">
    <p class='ocr_par' dir='ltr' id='par_1_101' title="bbox 1843 4640 3423 4714">
     <span class='ocr_line' id='line_1_102' title="bbox 1843 4640 3423 4714; baseline 0.002 -18"><span class='ocrx_word' id='word_1_834' title='bbox 1843 4644 2003 4714; x_wconf 87' lang='lat' dir='ltr'><strong>quasi</strong></span> <span class='ocrx_word' id='word_1_835' title='bbox 2027 4643 2184 4712; x_wconf 92' lang='lat' dir='ltr'><strong>panis</strong></span> <span class='ocrx_word' id='word_1_836' title='bbox 2208 4643 2389 4697; x_wconf 91' lang='lat' dir='ltr'><strong>luctus</strong></span> <span class='ocrx_word' id='word_1_837' title='bbox 2419 4640 2501 4697; x_wconf 89' lang='lat' dir='ltr'><strong>eis</strong></span> <span class='ocrx_word' id='word_1_838' title='bbox 2534 4661 2547 4695; x_wconf 91' lang='lat'><strong>:</strong></span> <span class='ocrx_word' id='word_1_839' title='bbox 2573 4656 2767 4697; x_wconf 88' lang='lat' dir='ltr'><strong>omnes</strong></span> <span class='ocrx_word' id='word_1_840' title='bbox 2793 4642 2889 4712; x_wconf 88' lang='lat' dir='ltr'><strong>qui</strong></span> <span class='ocrx_word' id='word_1_841' title='bbox 2926 4643 3310 4711; x_wconf 86' lang='lat' dir='ltr'><strong>comedentea,</strong></span> <span class='ocrx_word' id='word_1_842' title='bbox 3336 4645 3423 4699; x_wconf 90' lang='lat' dir='ltr'><strong>in-</strong></span> 
     </span>
    </p>
   </div>
   <div class='ocr_carea' id='block_1_102' title="bbox 1844 4731 3417 4805">
    <p class='ocr_par' dir='ltr' id='par_1_102' title="bbox 1844 4731 3417 4805">
     <span class='ocr_line' id='line_1_103' title="bbox 1844 4731 3417 4805; baseline -0.001 -15"><span class='ocrx_word' id='word_1_843' title='bbox 1844 4735 2218 4805; x_wconf 89' lang='lat' dir='ltr'><strong>quinabuntur</strong></span> <span class='ocrx_word' id='word_1_844' title='bbox 2264 4734 2329 4787; x_wconf 69' lang='grc' dir='ltr'><strong>ίδ.</strong></span> <span class='ocrx_word' id='word_1_845' title='bbox 2383 4752 2402 4785; x_wconf 74' lang='grc' dir='ltr'><strong>ι</strong></span> <span class='ocrx_word' id='word_1_846' title='bbox 2439 4731 2498 4787; x_wconf 90' lang='lat' dir='ltr'><strong>Si</strong></span> <span class='ocrx_word' id='word_1_847' title='bbox 2547 4748 2681 4803; x_wconf 83' lang='lat' dir='ltr'><strong>ergo</strong></span> <span class='ocrx_word' id='word_1_848' title='bbox 2728 4734 2894 4788; x_wconf 89' lang='lat' dir='ltr'><strong>etiam</strong></span> <span class='ocrx_word' id='word_1_849' title='bbox 2946 4744 3072 4790; x_wconf 88' lang='lat' dir='ltr'><strong>ante</strong></span> <span class='ocrx_word' id='word_1_850' title='bbox 3125 4735 3417 4790; x_wconf 86' lang='lat' dir='ltr'><strong>adventum</strong></span> 
     </span>
    </p>
   </div>
   <div class='ocr_carea' id='block_1_103' title="bbox 1846 4825 3415 4898">
    <p class='ocr_par' dir='ltr' id='par_1_103' title="bbox 1846 4825 3415 4898">
     <span class='ocr_line' id='line_1_104' title="bbox 1846 4825 3415 4898; baseline 0 -16"><span class='ocrx_word' id='word_1_851' title='bbox 1846 4842 2030 4892; x_wconf 89' lang='lat' dir='ltr'><strong>suum,</strong></span> <span class='ocrx_word' id='word_1_852' title='bbox 2061 4842 2226 4898; x_wconf 89' lang='lat' dir='ltr'><strong>super</strong></span> <span class='ocrx_word' id='word_1_853' title='bbox 2252 4825 2527 4882; x_wconf 89' lang='lat' dir='ltr'><strong>sacriﬁcia</strong></span> <span class='ocrx_word' id='word_1_854' title='bbox 2550 4826 2832 4897; x_wconf 64' lang='lat' dir='ltr'><strong>qurerebat</strong></span> <span class='ocrx_word' id='word_1_855' title='bbox 2869 4841 2969 4881; x_wconf 88' lang='lat' dir='ltr'><strong>cor</strong></span> <span class='ocrx_word' id='word_1_856' title='bbox 3017 4826 3280 4882; x_wconf 91' lang='lat' dir='ltr'><strong>mundum</strong></span> <span class='ocrx_word' id='word_1_857' title='bbox 3304 4868 3320 4889; x_wconf 92' lang='lat'><strong>,</strong></span> <span class='ocrx_word' id='word_1_858' title='bbox 3363 4836 3415 4882; x_wconf 71' lang='lat' dir='ltr'><strong>et</strong></span> 
     </span>
    </p>
   </div>
   <div class='ocr_carea' id='block_1_104' title="bbox 1847 4920 3422 4992">
    <p class='ocr_par' dir='ltr' id='par_1_104' title="bbox 1847 4920 3422 4992">
     <span class='ocr_line' id='line_1_105' title="bbox 1847 4920 3422 4992; baseline 0.001 -17"><span class='ocrx_word' id='word_1_859' title='bbox 1847 4920 2099 4990; x_wconf 90' lang='lat' dir='ltr'><strong>spiritum</strong></span> <span class='ocrx_word' id='word_1_860' title='bbox 2126 4921 2424 4975; x_wconf 86' lang='lat' dir='ltr'><strong>contritum</strong></span> <span class='ocrx_word' id='word_1_861' title='bbox 2454 4920 2518 4987; x_wconf 81' lang='lat'><strong>“;</strong></span> <span class='ocrx_word' id='word_1_862' title='bbox 2552 4920 2724 4975; x_wconf 91' lang='lat' dir='ltr'><strong>multo</strong></span> <span class='ocrx_word' id='word_1_863' title='bbox 2752 4921 2949 4991; x_wconf 81' lang='lat' dir='ltr'><strong>magis,</strong></span> <span class='ocrx_word' id='word_1_864' title='bbox 2992 4929 3282 4992; x_wconf 88' lang='lat' dir='ltr'><strong>postquam</strong></span> <span class='ocrx_word' id='word_1_865' title='bbox 3327 4937 3422 4976; x_wconf 84' lang='lat' dir='ltr'><strong>ve-</strong></span> 
     </span>
    </p>
   </div>
   <div class='ocr_carea' id='block_1_105' title="bbox 1847 5013 3416 5085">
    <p class='ocr_par' dir='ltr' id='par_1_105' title="bbox 1847 5013 3416 5085">
     <span class='ocr_line' id='line_1_106' title="bbox 1847 5013 3416 5085; baseline 0 -17"><span class='ocrx_word' id='word_1_866' title='bbox 1847 5015 1948 5082; x_wconf 91' lang='lat' dir='ltr'><strong>nit,</strong></span> <span class='ocrx_word' id='word_1_867' title='bbox 1979 5014 2073 5068; x_wconf 90' lang='lat' dir='ltr'><strong>illa</strong></span> <span class='ocrx_word' id='word_1_868' title='bbox 2117 5016 2433 5085; x_wconf 84' lang='lat' dir='ltr'><strong>abrogavit;</strong></span> <span class='ocrx_word' id='word_1_869' title='bbox 2484 5013 2777 5077; x_wconf 84' lang='lat' dir='ltr'><strong>sacriﬁcia.</strong></span> <span class='ocrx_word' id='word_1_870' title='bbox 2832 5013 3092 5080; x_wconf 87' lang='lat' dir='ltr'><strong>dicimus,</strong></span> <span class='ocrx_word' id='word_1_871' title='bbox 3144 5022 3416 5071; x_wconf 87' lang='lat' dir='ltr'><strong>cruenta:</strong></span> 
     </span>
    </p>
   </div>
   <div class='ocr_carea' id='block_1_106' title="bbox 228 5172 3416 5265">
    <p class='ocr_par' dir='ltr' id='par_1_106' title="bbox 228 5172 3416 5265">
     <span class='ocr_line' id='line_1_107' title="bbox 228 5172 3416 5265; baseline 0.01 -40"><span class='ocrx_word' id='word_1_872' title='bbox 228 5172 745 5265; x_wconf 33' lang='grc' dir='ltr'>ςᾼξῐειι-ιὴκξνιηξιίε</span> <span class='ocrx_word' id='word_1_873' title='bbox 821 5185 842 5217; x_wconf 78' lang='grc'>⁸</span> <span class='ocrx_word' id='word_1_874' title='bbox 874 5184 1145 5265; x_wconf 54' lang='lat' dir='ltr'><strong>Joan._vi,</strong></span> <span class='ocrx_word' id='word_1_875' title='bbox 1186 5190 1331 5265; x_wconf 67' lang='lat' dir='ltr'><strong>_6&#39;Z._</strong></span> <span class='ocrx_word' id='word_1_876' title='bbox 1371 5196 1391 5225; x_wconf 90' lang='lat'><strong>&quot;</strong></span> <span class='ocrx_word' id='word_1_877' title='bbox 1423 5195 1891 5258; x_wconf 83' lang='lat' dir='ltr'><strong>Cilathdrenus.</strong></span> <span class='ocrx_word' id='word_1_878' title='bbox 1929 5202 2065 5257; x_wconf 86' lang='lat' dir='ltr'><strong>Vide</strong></span> <span class='ocrx_word' id='word_1_879' title='bbox 2097 5204 2301 5258; x_wconf 85' lang='lat' dir='ltr'><strong>testim.</strong></span> <span class='ocrx_word' id='word_1_880' title='bbox 2349 5208 2456 5255; x_wconf 90' lang='lat' dir='ltr'><strong>vet.</strong></span> <span class='ocrx_word' id='word_1_881' title='bbox 2532 5203 2554 5233; x_wconf 83' lang='grc'>⁸</span> <span class='ocrx_word' id='word_1_882' title='bbox 2582 5201 2693 5257; x_wconf 86' lang='lat' dir='ltr'><strong>Jer.</strong></span> <span class='ocrx_word' id='word_1_883' title='bbox 2728 5219 2805 5265; x_wconf 80' lang='lat' dir='ltr'><strong>vi,</strong></span> <span class='ocrx_word' id='word_1_884' title='bbox 2830 5202 2920 5257; x_wconf 68' lang='grc' dir='ltr'>εο.</span> <span class='ocrx_word' id='word_1_885' title='bbox 3000 5202 3022 5233; x_wconf 79' lang='grc'><strong>⁸</strong></span> <span class='ocrx_word' id='word_1_886' title='bbox 3044 5201 3158 5255; x_wconf 84' lang='lat' dir='ltr'><strong>Jer.</strong></span> <span class='ocrx_word' id='word_1_887' title='bbox 3192 5217 3289 5265; x_wconf 83' lang='lat' dir='ltr'><strong>vn,</strong></span> <span class='ocrx_word' id='word_1_888' title='bbox 3325 5202 3416 5257; x_wconf 72' lang='lat'><strong>9.1.</strong></span> 
     </span>
    </p>
   </div>
   <div class='ocr_carea' id='block_1_107' title="bbox 153 5243 1765 5353">
    <p class='ocr_par' dir='ltr' id='par_1_107' title="bbox 153 5243 1765 5353">
     <span class='ocr_line' id='line_1_108' title="bbox 153 5243 1765 5335; baseline 0.02 -42"><span class='ocrx_word' id='word_1_889' title='bbox 153 5245 200 5277; x_wconf 78' lang='grc' dir='ltr'><strong>ιο</strong></span> <span class='ocrx_word' id='word_1_890' title='bbox 230 5243 341 5297; x_wconf 86' lang='lat' dir='ltr'><strong>lsa.</strong></span> <span class='ocrx_word' id='word_1_891' title='bbox 386 5260 427 5308; x_wconf 80' lang='grc' dir='ltr'><strong>ι,</strong></span> <span class='ocrx_word' id='word_1_892' title='bbox 476 5245 560 5300; x_wconf 73' lang='lat' dir='ltr'><strong>li.</strong></span> <span class='ocrx_word' id='word_1_893' title='bbox 640 5248 681 5279; x_wconf 83' lang='lat'>“</span> <span class='ocrx_word' id='word_1_894' title='bbox 711 5250 878 5310; x_wconf 85' lang='lat' dir='ltr'><strong>Amos</strong></span> <span class='ocrx_word' id='word_1_895' title='bbox 934 5274 983 5322; x_wconf 87' lang='lat' dir='ltr'><strong>v,</strong></span> <span class='ocrx_word' id='word_1_896' title='bbox 1012 5243 1144 5316; x_wconf 15' lang='lat'><strong>23.7.</strong></span> <span class='ocrx_word' id='word_1_897' title='bbox 1182 5243 1227 5293; x_wconf 19' lang='lat'><strong>&quot;7</strong></span> <span class='ocrx_word' id='word_1_898' title='bbox 1254 5243 1567 5335; x_wconf 35' lang='lat' dir='ltr'><strong>{Regi-xv,</strong></span> 
     </span>
     <span class='ocr_line' id='line_1_109' title="bbox 155 5312 688 5353; baseline 0.013 -6"><span class='ocrx_word' id='word_1_899' title='bbox 155 5315 203 5347; x_wconf 79' lang='grc' dir='ltr'><strong>ιο</strong></span> <span class='ocrx_word' id='word_1_900' title='bbox 234 5312 360 5353; x_wconf 72' lang='lat' dir='ltr'><strong>Dm]</strong></span> <span class='ocrx_word' id='word_1_901' title='bbox 423 5330 438 5353; x_wconf 83' lang='grc' dir='ltr'><strong>ι</strong></span> <span class='ocrx_word' id='word_1_902' title='bbox 507 5316 574 5353; x_wconf 69' lang='lat' dir='ltr'><strong>4Q</strong></span> <span class='ocrx_word' id='word_1_903' title='bbox 622 5317 688 5353; x_wconf 76' lang='lat' dir='ltr'><strong>to</strong></span> 
     </span>
    </p>
   </div>
   <div class='ocr_carea' id='block_1_108' title="bbox 1851 5243 3423 5353">
    <p class='ocr_par' dir='ltr' id='par_1_108' title="bbox 1851 5243 3423 5353">
     <span class='ocr_line' id='line_1_110' title="bbox 1851 5243 3416 5265; baseline -0.003 -7"><span class='ocrx_word' id='word_1_904' title='bbox 1945 5243 2065 5257; x_wconf 69' lang='grc' dir='ltr'><strong>..μυ</strong></span> <span class='ocrx_word' id='word_1_905' title='bbox 2102 5243 2301 5258; x_wconf 68' lang='lat' dir='ltr'><strong>.w......</strong></span> <span class='ocrx_word' id='word_1_906' title='bbox 2361 5243 2456 5255; x_wconf 59' lang='grc' dir='ltr'>ω..</span> <span class='ocrx_word' id='word_1_907' title='bbox 2582 5243 2693 5257; x_wconf 66' lang='grc' dir='ltr'><strong>η..</strong></span> <span class='ocrx_word' id='word_1_908' title='bbox 2739 5243 2781 5257; x_wconf 84' lang='grc'><em>..</em></span> <span class='ocrx_word' id='word_1_909' title='bbox 2837 5243 2920 5257; x_wconf 73' lang='grc' dir='ltr'><strong>-.μ</strong></span> <span class='ocrx_word' id='word_1_910' title='bbox 3044 5243 3158 5255; x_wconf 67' lang='grc' dir='ltr'><strong>η..</strong></span> <span class='ocrx_word' id='word_1_911' title='bbox 3201 5243 3289 5265; x_wconf 89' lang='grc'><strong>...,</strong></span> <span class='ocrx_word' id='word_1_912' title='bbox 3328 5243 3416 5257; x_wconf 89' lang='grc'><strong>-..</strong></span> 
     </span>
     <span class='ocr_line' id='line_1_111' title="bbox 1851 5243 3423 5353; baseline -0.002 -26"><span class='ocrx_word' id='word_1_913' title='bbox 1851 5252 1965 5328; x_wconf 59' lang='grc' dir='ltr'>ίδει.</span> <span class='ocrx_word' id='word_1_914' title='bbox 1998 5290 2147 5338; x_wconf 77' lang='lat' dir='ltr'><strong>mx,</strong></span> <span class='ocrx_word' id='word_1_915' title='bbox 2172 5278 2227 5338; x_wconf 83' lang='lat'><strong>9,</strong></span> <span class='ocrx_word' id='word_1_916' title='bbox 2268 5271 2355 5326; x_wconf 76' lang='grc'><strong>12.</strong></span> <span class='ocrx_word' id='word_1_917' title='bbox 2434 5270 2477 5300; x_wconf 73' lang='grc'><strong>¹¹⁸</strong></span> <span class='ocrx_word' id='word_1_918' title='bbox 2503 5271 2664 5328; x_wconf 86' lang='lat' dir='ltr'><strong>Prov.</strong></span> <span class='ocrx_word' id='word_1_919' title='bbox 2700 5243 2814 5341; x_wconf 59' lang='lat' dir='ltr'><strong>XXI’,</strong></span> <span class='ocrx_word' id='word_1_920' title='bbox 2848 5272 2937 5325; x_wconf 74' lang='lat'><strong>27.</strong></span> <span class='ocrx_word' id='word_1_921' title='bbox 3018 5273 3060 5303; x_wconf 68' lang='grc' dir='ltr'><strong>ιδ</strong></span> <span class='ocrx_word' id='word_1_922' title='bbox 3087 5269 3216 5327; x_wconf 80' lang='lat' dir='ltr'><strong>Ose.</strong></span> <span class='ocrx_word' id='word_1_923' title='bbox 3254 5286 3330 5337; x_wconf 63' lang='grc' dir='ltr'>ις,</span> <span class='ocrx_word' id='word_1_924' title='bbox 3367 5278 3423 5353; x_wconf 26' lang='grc' dir='ltr'><strong>δέ</strong></span> 
     </span>
    </p>
   </div>
   <div class='ocr_carea' id='block_1_109' title="bbox 155 5312 707 5381">
    <p class='ocr_par' dir='ltr' id='par_1_109' title="bbox 155 5312 707 5381">
     <span class='ocr_line' id='line_1_112' title="bbox 155 5312 707 5381; baseline 0.014 -16"><span class='ocrx_word' id='word_1_925' title='bbox 155 5315 203 5347; x_wconf 84' lang='grc'><strong>¹⁶</strong></span> <span class='ocrx_word' id='word_1_926' title='bbox 233 5312 384 5369; x_wconf 88' lang='lat' dir='ltr'><strong>Psal.</strong></span> <span class='ocrx_word' id='word_1_927' title='bbox 423 5330 474 5380; x_wconf 84' lang='lat' dir='ltr'><strong>L,</strong></span> <span class='ocrx_word' id='word_1_928' title='bbox 507 5316 707 5381; x_wconf 69' lang='lat'><strong>12,19.</strong></span> 
     </span>
    </p>
   </div>
   <div class='ocr_carea' id='block_1_110' title="bbox 1506 5480 2135 5545">
    <p class='ocr_par' dir='ltr' id='par_1_110' title="bbox 1506 5480 2135 5545">
     <span class='ocr_line' id='line_1_113' title="bbox 1506 5480 2135 5545; baseline 0.017 -12"><span class='ocrx_word' id='word_1_929' title='bbox 1506 5480 1871 5538; x_wconf 67' lang='lat' dir='ltr'><strong>YARIORUM</strong></span> <span class='ocrx_word' id='word_1_930' title='bbox 1904 5485 2135 5545; x_wconf 69' lang='lat' dir='ltr'><strong>NOTIE.</strong></span> 
     </span>
    </p>
   </div>
   <div class='ocr_carea' id='block_1_111' title="bbox 226 5597 1544 5810">
    <p class='ocr_par' dir='ltr' id='par_1_111' title="bbox 226 5597 1544 5810">
     <span class='ocr_line' id='line_1_114' title="bbox 256 5599 1544 5675; baseline 0.009 -21"><span class='ocrx_word' id='word_1_931' title='bbox 256 5599 327 5654; x_wconf 74' lang='lat'><strong>37</strong></span> <span class='ocrx_word' id='word_1_932' title='bbox 384 5602 525 5668; x_wconf 84' lang='grc' dir='ltr'><strong>Πρό.</strong></span> <span class='ocrx_word' id='word_1_933' title='bbox 557 5602 828 5675; x_wconf 75' lang='lat' dir='ltr'><strong>Corrupto</strong></span> <span class='ocrx_word' id='word_1_934' title='bbox 856 5605 911 5660; x_wconf 92' lang='lat' dir='ltr'><strong>in</strong></span> <span class='ocrx_word' id='word_1_935' title='bbox 943 5606 1194 5664; x_wconf 88' lang='lat' dir='ltr'><strong>Cedreno</strong></span> <span class='ocrx_word' id='word_1_936' title='bbox 1225 5629 1290 5663; x_wconf 84' lang='grc' dir='ltr'><strong>πε</strong></span> <span class='ocrx_word' id='word_1_937' title='bbox 1336 5612 1371 5664; x_wconf 86' lang='grc' dir='ltr'><strong>ί.</strong></span> <span class='ocrx_word' id='word_1_938' title='bbox 1405 5612 1544 5667; x_wconf 80' lang='lat' dir='ltr'><strong>Cor.</strong></span> 
     </span>
     <span class='ocr_line' id='line_1_115' title="bbox 226 5597 1544 5810; baseline 0.011 -87"><span class='ocrx_word' id='word_1_939' title='bbox 226 5597 350 5810; x_wconf 48' lang='lat'><strong>{38;</strong></span> <span class='ocrx_word' id='word_1_940' title='bbox 373 5672 545 5739; x_wconf 85' lang='grc' dir='ltr'>Κρέα.</span> <span class='ocrx_word' id='word_1_941' title='bbox 575 5674 654 5727; x_wconf 82' lang='grc' dir='ltr'><strong>Τὰ</strong></span> <span class='ocrx_word' id='word_1_942' title='bbox 676 5676 812 5746; x_wconf 85' lang='grc' dir='ltr'>κρέα</span> <span class='ocrx_word' id='word_1_943' title='bbox 840 5680 1044 5761; x_wconf 79' lang='lat' dir='ltr'><strong>rectius</strong></span> <span class='ocrx_word' id='word_1_944' title='bbox 1066 5681 1119 5734; x_wconf 90' lang='lat' dir='ltr'><strong>in</strong></span> <span class='ocrx_word' id='word_1_945' title='bbox 1143 5683 1267 5736; x_wconf 91' lang='lat' dir='ltr'><strong>cod.</strong></span> <span class='ocrx_word' id='word_1_946' title='bbox 1301 5628 1461 5737; x_wconf 48' lang='lat' dir='ltr'><strong>(limi.</strong></span> <span class='ocrx_word' id='word_1_947' title='bbox 1487 5684 1544 5737; x_wconf 84' lang='lat' dir='ltr'><strong>CI</strong></span> 
     </span>
     <span class='ocr_line' id='line_1_116' title="bbox 251 5739 1543 5810; baseline 0.011 -17"><span class='ocrx_word' id='word_1_948' title='bbox 251 5739 323 5795; x_wconf 79' lang='lat'><strong>39</strong></span> <span class='ocrx_word' id='word_1_949' title='bbox 398 5742 555 5797; x_wconf 82' lang='grc' dir='ltr'><strong>Ἐάν.</strong></span> <span class='ocrx_word' id='word_1_950' title='bbox 594 5743 717 5799; x_wconf 65' lang='lat' dir='ltr'><strong>Haec</strong></span> <span class='ocrx_word' id='word_1_951' title='bbox 740 5762 845 5800; x_wconf 85' lang='lat' dir='ltr'><strong>vox</strong></span> <span class='ocrx_word' id='word_1_952' title='bbox 866 5756 921 5803; x_wconf 89' lang='lat' dir='ltr'><strong>et</strong></span> <span class='ocrx_word' id='word_1_953' title='bbox 944 5767 1187 5810; x_wconf 80' lang='lat' dir='ltr'><strong>qumque</strong></span> <span class='ocrx_word' id='word_1_954' title='bbox 1244 5769 1395 5810; x_wconf 76' lang='lat' dir='ltr'><strong>smn.</strong></span> <span class='ocrx_word' id='word_1_955' title='bbox 1448 5753 1543 5807; x_wconf 78' lang='lat' dir='ltr'><strong>des</strong></span> 
     </span>
    </p>
   </div>
   <div class='ocr_carea' id='block_1_112' title="bbox 250 5669 1654 5746">
    <p class='ocr_par' dir='ltr' id='par_1_112' title="bbox 250 5669 1654 5746">
     <span class='ocr_line' id='line_1_117' title="bbox 250 5669 1654 5746; baseline 0.009 -23"><span class='ocrx_word' id='word_1_956' title='bbox 250 5669 343 5746; x_wconf 59' lang='grc' dir='ltr'><strong>ἒξ)</strong></span> <span class='ocrx_word' id='word_1_957' title='bbox 373 5672 545 5746; x_wconf 65' lang='grc' dir='ltr'>Κρέα.</span> <span class='ocrx_word' id='word_1_958' title='bbox 575 5674 654 5746; x_wconf 59' lang='grc' dir='ltr'><strong>Ἰξᾲ</strong></span> <span class='ocrx_word' id='word_1_959' title='bbox 676 5669 812 5746; x_wconf 78' lang='grc' dir='ltr'>κρέα</span> <span class='ocrx_word' id='word_1_960' title='bbox 840 5680 1044 5735; x_wconf 89' lang='lat' dir='ltr'><strong>rectius</strong></span> <span class='ocrx_word' id='word_1_961' title='bbox 1066 5681 1119 5734; x_wconf 90' lang='lat' dir='ltr'><strong>in</strong></span> <span class='ocrx_word' id='word_1_962' title='bbox 1143 5683 1267 5736; x_wconf 91' lang='lat' dir='ltr'><strong>cod.</strong></span> <span class='ocrx_word' id='word_1_963' title='bbox 1301 5669 1461 5737; x_wconf 59' lang='lat' dir='ltr'><strong>Vind.</strong></span> <span class='ocrx_word' id='word_1_964' title='bbox 1487 5684 1654 5738; x_wconf 75' lang='lat' dir='ltr'><strong>CLER.</strong></span> 
     </span>
    </p>
   </div>
   <div class='ocr_carea' id='block_1_113' title="bbox 251 5739 1732 5823">
    <p class='ocr_par' dir='ltr' id='par_1_113' title="bbox 251 5739 1732 5823">
     <span class='ocr_line' id='line_1_118' title="bbox 251 5739 1732 5823; baseline 0.01 -30"><span class='ocrx_word' id='word_1_965' title='bbox 251 5739 346 5809; x_wconf 79' lang='lat'><strong>39)</strong></span> <span class='ocrx_word' id='word_1_966' title='bbox 398 5742 555 5797; x_wconf 83' lang='grc' dir='ltr'><strong>Ἐάν.</strong></span> <span class='ocrx_word' id='word_1_967' title='bbox 594 5739 845 5800; x_wconf 78' lang='lat' dir='ltr'><strong>llaecvox</strong></span> <span class='ocrx_word' id='word_1_968' title='bbox 866 5756 921 5803; x_wconf 90' lang='lat' dir='ltr'><strong>et</strong></span> <span class='ocrx_word' id='word_1_969' title='bbox 944 5752 1187 5821; x_wconf 85' lang='lat' dir='ltr'><strong>quinque</strong></span> <span class='ocrx_word' id='word_1_970' title='bbox 1244 5769 1395 5823; x_wconf 68' lang='lat' dir='ltr'><strong>chq.</strong></span> <span class='ocrx_word' id='word_1_971' title='bbox 1448 5753 1645 5808; x_wconf 79' lang='lat' dir='ltr'><strong>desunt</strong></span> <span class='ocrx_word' id='word_1_972' title='bbox 1675 5754 1732 5808; x_wconf 92' lang='lat' dir='ltr'><strong>in</strong></span> 
     </span>
    </p>
   </div>
   <div class='ocr_carea' id='block_1_114' title="bbox 398 5836 926 5909">
    <p class='ocr_par' dir='ltr' id='par_1_114' title="bbox 398 5836 926 5909">
     <span class='ocr_line' id='line_1_119' title="bbox 398 5836 926 5909; baseline 0.008 -11"><span class='ocrx_word' id='word_1_973' title='bbox 398 5836 673 5898; x_wconf 75' lang='grc' dir='ltr'>ΡΑτιιοι.</span> <span class='ocrx_word' id='word_1_974' title='bbox 708 5840 823 5909; x_wconf 79' lang='lat' dir='ltr'><strong>Gn.</strong></span> <span class='ocrx_word' id='word_1_975' title='bbox 881 5843 926 5902; x_wconf 86' lang='grc' dir='ltr'><strong>Ι.</strong></span> 
     </span>
    </p>
   </div>
   <div class='ocr_carea' id='block_1_115' title="bbox 1840 5617 2259 5676">
    <p class='ocr_par' dir='ltr' id='par_1_115' title="bbox 1840 5617 2259 5676">
     <span class='ocr_line' id='line_1_120' title="bbox 1840 5617 2259 5676; baseline 0.012 -5"><span class='ocrx_word' id='word_1_976' title='bbox 1840 5620 1963 5673; x_wconf 89' lang='lat' dir='ltr'><strong>cod.</strong></span> <span class='ocrx_word' id='word_1_977' title='bbox 1990 5618 2153 5673; x_wconf 84' lang='lat' dir='ltr'><strong>Vind.</strong></span> <span class='ocrx_word' id='word_1_978' title='bbox 2184 5617 2259 5676; x_wconf 83' lang='lat' dir='ltr'><strong>lo.</strong></span> 
     </span>
    </p>
   </div>
   <div class='ocr_carea' id='block_1_116' title="bbox 1911 5689 3090 5767">
    <p class='ocr_par' dir='ltr' id='par_1_116' title="bbox 1911 5689 3090 5767">
     <span class='ocr_line' id='line_1_121' title="bbox 1911 5689 3090 5767; baseline 0.003 -24"><span class='ocrx_word' id='word_1_979' title='bbox 1911 5689 2020 5759; x_wconf 60' lang='grc' dir='ltr'>(ιο)</span> <span class='ocrx_word' id='word_1_980' title='bbox 2061 5690 2276 5757; x_wconf 75' lang='grc' dir='ltr'>Φαμὲν.</span> <span class='ocrx_word' id='word_1_981' title='bbox 2307 5690 2469 5745; x_wconf 81' lang='lat' dir='ltr'><strong>Addit</strong></span> <span class='ocrx_word' id='word_1_982' title='bbox 2492 5691 2668 5749; x_wconf 79' lang='lat' dir='ltr'><strong>codex</strong></span> <span class='ocrx_word' id='word_1_983' title='bbox 2696 5691 2860 5748; x_wconf 74' lang='lat' dir='ltr'><strong>Vind.</strong></span> <span class='ocrx_word' id='word_1_984' title='bbox 2892 5694 2978 5767; x_wconf 83' lang='grc' dir='ltr'><strong>δή.</strong></span> <span class='ocrx_word' id='word_1_985' title='bbox 3010 5692 3090 5748; x_wconf 71' lang='lat' dir='ltr'><strong>In.</strong></span> 
     </span>
    </p>
   </div>
   <div class='ocr_carea' id='block_1_117' title="bbox 3012 5852 3153 5915">
    <p class='ocr_par' dir='ltr' id='par_1_117' title="bbox 3012 5852 3153 5915">
     <span class='ocr_line' id='line_1_122' title="bbox 3012 5852 3153 5915; baseline -0.014 -1"><span class='ocrx_word' id='word_1_986' title='bbox 3012 5852 3153 5915; x_wconf 26' lang='lat'><strong>.31</strong></span> 
     </span>
    </p>
   </div>
  </div>
