3886 6190
194 258 325 334 975⁷

1109 281 1721 341 CONSTITUTIONES
1752 285 2300 346 APOSTOLICE.—
2331 287 2461 344 LIB.
2496 288 2585 344 Vl.

3364 297 3470 352 974

189 394 294 446 τδν
323 390 553 447 θάνατον
579 389 675 445 τοῦ
710 392 918 465 Κυρίου
958 392 1240 465 συμϐόλων
1277 396 1438 467 χάριν
1470 397 1582 470 (45)
1612 400 1791 453 ἐπιτε-

1897 403 1993 458 sed
2044 418 2166 472 quae
2204 404 2283 483 sit
2310 418 2501 458 eorum
2541 403 2632 473 qui
2665 402 2983 474 deliguntur
3011 406 3200 478 religio
3229 422 3294 465 ac
3315 410 3463 464 vita:

188 485 396 551 λεῖται,
417 485 513 539 τοῦ
542 484 793 556 σώματος
812 485 980 540 αὐτοῦ
1003 488 1097 541 καλ¹
1124 488 1219 541 τοῦ
1263 490 1512 561 αἵματος·
1561 492 1682 545 ἀντὶ
1722 492 1779 544 δὲ

187 579 438 649 τοπικῆς
468 578 750 650 λατρείας,
782 578 891 633 ἀπὸ
918 580 1190 634 ἀνατολῶν
1235 582 1330 635 καὶ
1359 582 1471 653 (46)
1500 583 1660 654 μέχρι
1699 584 1783 636 δυ-

191 670 358 742 σμῶν
378 672 436 724 ἐν
458 672 623 725 παντὶ
648 671 798 742 τόπῳ
808 672 911 741 τῆς
937 673 1261 739 δεσποτείας
1293 676 1459 730 αὑτοῦ
1481 678 1783 749 προσέταξε

184 760 516 830 δοξάζεσθαι
550 763 735 827 αὐτὸν,
761 765 855 818 καὶ
882 765 1201 819 ἐδικαίωσεν
1232 767 1363 839 (47).
1394 770 1469 822 Οὐ
1502 770 1662 840 νόμον
1688 770 1782 824 οὖν

185 854 467 927 περιεῖλεν
494 855 586 924 ἀφ’
616 855 793 927 ἡμῶν,
824 856 964 910 ἀλλὰ
981 858 1176 928 δεσμά.
1200 860 1335 931 Περὶ
1360 860 1469 931 γὰρ
1489 860 1583 914 τοῦ
1615 863 1780 934 νόμου

184 948 406 1018 Μωσῆς
433 948 599 1018 λέγει·
638 968 657 999 ι
694 948 1028 1021 Μελετήσεις
1054 952 1115 1004 τὸ
1166 952 1316 1023 ῥῆμα
1347 952 1374 1004 ὃ
1403 952 1515 1021 ἐγώ
1562 971 1643 1008 σοι
1697 956 1783 1007 ἐν·-

182 1039 473 1111 τέλλομαι,
503 1040 812 1111 καθήμενος
844 1043 902 1095 ἐν
934 1043 1089 1114 οἴκῳ,
1123 1045 1218 1097 καὶ
1273 1045 1654 1116 ἀνιστάμενος,
1688 1050 1782 1101 καὶ

182 1134 515 1203 περιπατῶν
566 1134 626 1186 ἐν
686 1132 811 1204 ὁδῷ.
852 1153 872 1185 ι
911 1134 1021 1187 Καὶ
1061 1135 1089 1186 ὁ
1119 1134 1283 1188 Δαϐὶδ
1312 1135 1479 1205 λέγει·
1519 1154 1538 1188 ι
1565 1138 1653 1190 Ἑν
1702 1139 1782 1210 τῷ

182 1223 345 1295 νόμῳ
373 1224 582 1295 Κυρίου
610 1226 671 1277 τὸ
692 1224 902 1297 θέλημα
930 1226 1115 1280 αὐτοῦ·
1141 1247 1159 1278 ι
1188 1230 1281 1283 καὶ
1307 1230 1366 1282 ἐν
1386 1230 1464 1302 τῷ
1492 1231 1643 1305 νόμῳ
1693 1236 1786 1288 αὐ-

179 1315 289 1369 τοῦ
322 1317 608 1390 μελετήσει
637 1318 851 1390 ἡμέρας
880 1320 976 1373 καὶ
1035 1322 1248 1386 νυκτός.
1341 1325 1628 1396 Πανταχοῦ
1673 1326 1783 1401 γὰρ

180 1408 456 1481 ἐννόμους
481 1412 632 1482 ἡμᾶς
663 1406 803 1465 εἷναι
829 1411 1104 1483 βούλεται,
1130 1414 1244 1467 ἀλλ’
1267 1416 1388 1486 οὐχὶ
1410 1417 1778 1490 παρανόμους.

187 1520 211 1553 ι
264 1504 547 1574 Μακάριοι
576 1503 706 1576 γάρ,
735 1505 921 1574 φησὶν,
953 1507 1002 1559 οἱ
1034 1507 1255 1578 ἄμωμοι
1289 1509 1348 1560 ἐν
1367 1509 1491 1581 ὀδῷ,
1514 1511 1564 1564 οἱ
1595 1528 1784 1583 πορευ-

178 1595 380 1666 όμενοι
413 1596 470 1648 ἐν
494 1596 643 1669 νόμῳ
662 1599 891 1670 Κυρίου·
926 1600 1189 1672 μακάριοι
1215 1601 1266 1654 οί
1298 1601 1687 1674 ἐξερευνῶντες
1714 1607 1783 1660 τὰ

1885 511 1985 566 pro
2031 495 2308 552 sacriﬁcio
2359 504 2613 559 cruento,
2670 498 2961 562 rationale,
3026 500 3380 555 incruentum
3414 511 3470 557 et

1884 587 2176 658 mysticum
2211 588 2451 644 instituit
2498 588 2647 659 quod
2698 590 2751 643 in
2801 597 3031 644 mortem
3076 591 3198 661 ejus
3245 602 3471 663 propter

1883 680 2128 750 symbola
2156 680 2488 743 celebratur,
2516 681 2849 736 sacriﬁcium
2882 684 3132 752 corporis
3160 691 3215 738 et
3240 688 3469 756 sangui-

1883 773 1970 825 nis
1998 771 2235 839 Domini;
2265 774 2502 844 denique
2530 790 2630 845 pro
2659 776 2811 829 cultu
2841 776 2909 829 ad
2958 777 3137 831 locum
3175 778 3472 848 quemdam

1884 867 2133 927 astricto,
2186 868 2447 937 praecepit
2501 883 2565 923 ac
2606 884 2823 939 tequutn
2870 870 3111 933 censuit,
3166 877 3290 928 uta
3332 871 3471 927 solis

1882 965 2008 1010 ortu
2041 973 2214 1027 usque
2244 958 2312 1012 ad
2336 974 2595 1015 occasum
2623 962 2676 1013 in
2704 961 2853 1014 omni
2912 962 3033 1015 loco
3062 962 3465 1019 dominationis

1884 1066 1999 1105 suae
2022 1067 2147 1106 eum
2182 1051 2439 1109 laudibus
2467 1068 2871 1124 prosequamur
2897 1054 2963 1109 ’³.
2991 1054 3111 1109 Νοιι
3131 1072 3263 1128 ergo
3293 1057 3471 1128 legem

1884 1157 1914 1195 a
1936 1144 2095 1199 nobis
2121 1143 2376 1210 abstulit,
2407 1145 2505 1201 sed
2535 1147 2774 1201 vincula.
2801 1146 2936 1200 Nam
2987 1147 3054 1204 de
3082 1164 3085 1167 '
3114 1150 3231 1219 lege
3287 1149 3469 1207 Moses

1883 1233 2015 1290 dicit
2037 1256 2081 1290 ει
2118 1236 2467 1294 llleditaheris
2495 1239 2723 1294 verbum
2757 1241 2901 1310 quod
2926 1256 3028 1310 ego
3059 1243 3320 1312 praecipio
3341 1244 3466 1305 tibi,

1884 1328 2083 1384 sedens
2111 1330 2165 1383 in
2189 1330 2373 1393 domo,
2409 1338 2463 1386 et
2488 1347 2741 1402 surgens,
2767 1341 2822 1388 et
2845 1334 3134 1389 ambulans
3159 1336 3215 1389 in
3234 1336 3324 1393 via
3350 1336 3415 1389 ³ο.
3444 1355 3465 1388 ι

1881 1420 2065 1481 David
2089 1439 2308 1494 quoque
2340 1425 2416 1478 ait
2445 1444 2457 1479 :
2497 1443 2515 1477 ι
2548 1422 2608 1479 In
2640 1425 2759 1495 lege
2787 1424 3001 1480 Domini
3040 1427 3292 1483 voluntas
3324 1428 3467 1498 ejus;

1883 1527 1938 1575 et
1964 1518 2021 1574 in
2050 1518 2167 1588 lege
2194 1516 2316 1587 ejus
2346 1517 2706 1572 meditabitur
2731 1519 2819 1574 die
2866 1534 2931 1573 ac
2981 1528 3144 1576 nocte
3173 1520 3239 1575 ⁸¹.
3280 1541 3300 1573 ι
3337 1519 3471 1577 Ubi-

1882 1627 1991 1682 que
2018 1611 2165 1665 enim
2185 1610 2304 1665 vult
2356 1625 2458 1665 nos
2513 1610 2619 1682 legi
2667 1612 3071 1682 obtemperare,
3124 1628 3235 1667 non
3295 1614 3471 1686 legem

182 1687 470 1759 μαρτύρια
510 1688 699 1753 αὐτοῦ,
729 1691 788 1743 ἐν
816 1691 915 1767 ὅλῃ
939 1694 1136 1766 καρδίᾳ
1158 1692 1480 1767 ἐκζητοῦσιν
1536 1700 1717 1754 αὐτόν·
1757 1722 1776 1754 ι

1886 1702 2214 1773 transgredi.
2247 1721 2265 1754 ι
2302 1702 2453 1757 Beati
2477 1702 2648 1767 enim,
2683 1704 2884 1774 inquit,
2905 1704 3244 1760 immaculati
3270 1706 3325 1760 in
3351 1706 3464 1770 via,

176 1782 286 1835 καὶ
315 1782 495 1836 πάλιν·
525 1801 544 1834 ι
581 1784 859 1856 Μακάριοί
888 1787 1076 1857 ἐσμεν,
1114 1787 1348 1860 Ἰσραὴλ,
1370 1790 1453 1843 ὅτι
1481 1791 1551 1845 τά
1575 1792 1783 1865 ἀρεστὰ

1885 1796 1981 1866 qui
2010 1766 2295 1850 ambulant
2321 1796 2375 1850 in
2408 1797 2525 1867 lege
2562 1766 2777 1852 Domini
2804 1817 2816 1853 :
2854 1766 2998 1853 beati
3020 1799 3116 1868 qui
3146 1766 3466 1854 scrutantur

172 1874 269 1945 τῷ
291 1875 414 1947 Θεῷ
435 1879 568 1947 ἡμῖν
600 1879 819 1946 γνωστὰ
848 1880 986 1933 ἐστι·
1018 1900 1037 1932 ι
1058 1881 1153 1934 καὶ
1173 1881 1202 1932 ὁ
1229 1880 1435 1954 Κύριός
1455 1901 1637 1955 φησιν·
1670 1905 1686 1937 ι
1718 1888 1780 1942 Et

176 1968 368 2023 ταῦτα
402 1971 598 2035 οἴδατε,
632 1973 893 2046 μακάριοί
922 1975 1047 2027 ἐστε
1078 1974 1176 2028 ἐὰν
1207 1975 1399 2046 ποιῆτε
1429 1977 1588 2032 αὐτά.
1624 1998 1641 2028 ι

1886 1891 2202 1945 testimonia
2229 1890 2370 1960 ejus;
2403 1890 2460 1945 in
2489 1897 2605 1945 toto
2632 1893 2800 1947 corde
2828 1893 3120 1963 exquirent
3160 1908 3285 1949 eum
3316 1894 3391 1959 ³²;
3441 1913 3461 1945 ι

1883 1990 1938 2038 et
1977 1999 2172 2038 rursus
2202 2003 2215 2038 :
2253 2003 2271 2032 ι
2305 1983 2456 2038 Beati
2477 2000 2694 2049 sumus,
2726 1983 2915 2049 Israel,
2951 1987 3077 2056 quia
3118 2002 3238 2056 quae
3268 1985 3470 2057 placita

176 2060 476 2129 sunt_Dco
516 2064 809 2122 manifesta
845 2074 975 2121 sunt
1017 2066 1179 2121 nobis
1221 2067 1288 2132 ³³,
1328 2087 1348 2119 ι
1382 2075 1437 2124 et
1466 2067 1731 2126 Dominus
1761 2074 1875 2128 ait:
1914 2098 1932 2125 ι
1972 2073 2030 2129 Si
2062 2075 2177 2130 haae
2235 2076 2425 2141 scitis,
2459 2075 2604 2131 beati
2649 2078 2806 2132 eritis
2855 2079 2903 2133 si
2942 2078 3181 2133 feceritis
3227 2094 3291 2133 ea
3338 2078 3403 2133 “.
3439 2097 3461 2129 ι

712 2268 1108 2323 ΚΕΦΑΛΑΙΟΝ
1144 2270 1270 2324 ΚΔ⁶.

178 2358 324 2412 Ὀτι
359 2358 579 2435 παιδιὰ
640 2360 941 2435 Ῥωμαίων
986 2362 1321 2435 εὐδόκησεν
1346 2366 1379 2419 ὁ
1403 2366 1621 2435 Κύριος
1672 2368 1779 2422 τὸν

349 2429 461 2497 τῆς
487 2429 881 2499 δικαιοσύνης
925 2433 1117 2501 νόμον
1145 2429 1615 2492 ἐπιδείκνυσθαιξ

256 2523 339 2576 ὓὺ
374 2523 533 2593 μόνον
563 2522 620 2576 δὲ
647 2522 749 2593 τῆς
805 2524 1157 2597 δικαιοσύνης
1184 2527 1348 2598 νόμον
1376 2528 1442 2581 δι’
1473 2530 1632 2600 ἡμῶν
1665 2531 1777 2603 (48)

178 2615 597 2669 ἐπιδείκνυσθαι
626 2615 896 2686 βούλεται,
930 2616 1066 2671 ἀλλὰ
1089 2618 1184 2677 καὶ
1214 2617 1305 2672 διὰ
1338 2620 1626 2692 Ῥωμαίων
1664 2623 1777 2696 (49)

178 2709 483 2781 εὐδόκησεν
510 2709 674 2763 αὐτὸν
696 2709 984 2780 φαίνεσθαι
1032 2711 1127 2764 καὶ
1185 2710 1441 2783 λάμπειν.
1499 2715 1610 2769 Καὶ
1664 2714 1774 2790 γὰρ

179 2803 287 2856 καὶ
315 2795 464 2856 οἶιτοι
489 2801 881 2866 πιστεύσαντες
907 2802 1004 2855 ἐπὶ
1030 2802 1121 2857 τὸν
1150 2803 1353 2875 Κύριον
1384 2803 1517 2881 (50),
1548 2807 1645 2860 καὶ
1685 2826 1777 2862 πο-

175 2894 411 2958 λυθεῖας
465 2895 780 2966 ἀπέστησαν
832 2896 928 2949 καὶ
973 2896 1206 2961 ἀδικίας·
1260 2898 1354 2951 καὶ
1379 2900 1506 2963 τοὺς
1532 2900 1774 2969 ἀγαθοὺς

183 2987 574 3060 ἀποδέχονται,
628 2990 723 3043 καὶ
765 2991 894 3053 τοὺς
948 2989 1185 3060 φαύλους
1231 2989 1571 3057 κολάζουσιν·
1620 2993 1775 3047 νἹου-

2440 2277 2672 2334 CAPUT
2707 2278 2896 2335 XXIV.

1881 2369 2035 2437 Quod
2065 2370 2270 2440 placuit
2301 2370 2550 2449 Domino,
2599 2373 2763 2449 etiam
2820 2390 2912 2443 per
2956 2374 3234 2449 _Romanos
3298 2376 3465 2449 legem

2351 2443 2583 2512 justitia’.
2610 2445 2991 2500 demonstrari.

1948 2533 2069 2589 Non
2090 2534 2253 2591 modo
2274 2544 2456 2591 autem
2482 2537 2717 2607 justitiaa
2740 2538 2913 2609 legem
2945 2554 3047 2610 per
3073 2554 3175 2595 nos
3204 2540 3321 2595 vult
3346 2556 3467 2595 ma-

1881 2626 2138 2683 nifestam
2167 2628 2307 2695 ﬁeri;
2333 2644 2524 2684 verum
2554 2631 2718 2686 etiam
2753 2620 2861 2703 per~
2880 2630 3158 2687 Romanos
3181 2648 3303 2688 eam
3331 2648 3469 2688 con-

1880 2719 2021 2789 spici
2044 2734 2108 2774 ac
2137 2721 2488 2791 resplendere
2508 2722 2737 2793 cupivit.
2765 2722 2980 2779 Etenim
3005 2724 3081 2778 illi
3104 2740 3325 2795 quoque
3352 2724 3461 2781 ﬁde

1880 2810 1936 2865 in
1989 2810 2280 2866 Dominum
2312 2822 2612 2884 suscepta,
2668 2815 3020 2871 desciverunt
3070 2832 3101 2870 a
3158 2818 3462 2873 multorum

1879 2902 2106 2960 deorum
2128 2905 2364 2971 eultu,et
2384 2907 2452 2962 ab
2482 2907 2783 2978 injustitia;
2814 2917 2977 2980 atque
3001 2911 3178 2966 bonos
3209 2910 3460 2974 laudant,

1878 3004 1935 3055 et
1963 3012 2161 3069 pravos
2195 3001 2467 3070 puniunt;
2491 2999 2710 3057 Iudaeos
2728 3017 2859 3057 vero
2886 3002 3211 3058 tributarios
3231 3003 3459 3067 habent,

182 3080 382 3144 δαίους
405 3080 463 3133 δὲ
492 3081 805 3153 ὑποφόρους
834 3081 1040 3153 ἔχουσι,
1072 3084 1305 3148 καὶτοῖς
1362 3084 1515 3149 ίδίοις
1564 3085 1780 3140 δικαιώ-

1884 3106 1950 3146 ac
1977 3091 2219 3173 propriis
2238 3092 2459 3162 juribus
2481 3093 2558 3148 uti
2590 3109 2700 3148 non
2734 3095 2945 3150 sinunt.

186 3190 366 3247 μασιν
397 3175 497 3228 οὐκ
516 3174 646 3228 ἐῶσι
670 3174 995 3247 κεχρῆσθαι.

721 3269 1121 3322 ΚΕΦΑΛΛΙΟΝ
1139 3270 1266 3324 ΚΕ’.

198 3360 305 3425 Ὠς
370 3360 512 3426 Θεὸς
582 3360 911 3427 Ἰουδαίους
946 3360 1045 3415 διὰ
1072 3360 1185 3428 τὴν
1210 3364 1298 3427 εὶς
1328 3363 1585 3430 Χριστὸν
1631 3364 1777 3418 ἀσέ-

262 3433 431 3504 ϐειαν
469 3431 881 3499 αἰχμαλώτους
934 3430 1338 3500 ποιησάμενος
1359 3472 1374 3496 ,
1412 3433 1529 3487 ὑπὸ
1589 3435 1779 3504 φόρον

265 3500 660 3569 κατέστησεν.

274 3593 496 3667 Ἐπειδὴ
535 3594 630 3647 καὶ
651 3593 899 3647 ἑκούσιον
952 3594 1332 3648 ἐπεσπάσαντο
1361 3594 1461 3667 τὴν
1507 3595 1774 3660 δουλείαν,

300 3756 348 3788 ’⁸
367 3755 513 3813 Psal.
572 3771 704 3816 cm,
747 3756 816 3823 5;
872 3755 1104 3813 Malach.
1139 3773 1177 3824 ι,
1213 3756 1301 3812 Η.
1379 3756 1425 3789 ⁸⁸
1462 3756 1616 3814 Deut.
1652 3775 1729 3827 vt,
1764 3757 1791 3813 6

1896 3758 1938 3790 ³¹
1961 3756 2109 3813 Psal.
2152 3772 2194 3823 ι,
2226 3759 2283 3815 ‘2.

184 3828 238 3860 ³⁸
268 3826 430 3884 Joan.
468 3842 593 3892 xm,
626 3827 714 3881 17.

2462 3233 2692 3328 CAPUT
2733 3224 2899 3328 xxv.

1888 3364 2045 3432 Quod
2073 3363 2212 3419 Deus
2241 3364 2481 3431 Judazos,
2516 3377 2726 3435 propter
2750 3368 3067 3435 impietatem
3100 3369 3153 3422 in
3183 3358 3457 3422 Christum

2013 3435 2083 3489 ad
2115 3438 2472 3504 captivitatem
2498 3436 2763 3503 redactos,
2795 3443 2993 3493 tributo
3029 3440 3332 3507 subjeeerit.

1954 3595 2224 3663 Quoniam
2263 3595 2582 3652 servitutem
2625 3597 2773 3651 ultro
2825 3596 2933 3653 sibi
2958 3603 3330 3660 attraxerant,
3371 3595 3463 3650 di-

2395 3759 2440 3791 ⁸³
2469 3757 2616 3815 Psal.
2652 3774 2842 3823 cxvm,
2869 3759 2919 3813 l.
3034 3758 3079 3789 ³³
3120 3756 3245 3813 Bar.
3285 3773 3357 3824 Iv,
3394 3758 3449 3811 4.

1528 3970 1894 4027 VARIORUM
1930 3971 2138 4027 NOTAE
2156 4006 2170 4020 .

261 4133 377 4206 (45)
412 4132 737 4206 Συμϐόᾷων
755 4133 947 4206 χάριν.
967 4131 1106 4206 Quia
1130 4129 1277 4202 quod
1300 4130 1777 4206 estgsymbolicum

183 4215 245 4265 et
273 4201 675 4261 sacramentale
724 4204 779 4258 in
828 4201 1186 4267 eucharistia,
1239 4201 1454 4257 mortis
1483 4201 1780 4255 Dominicaa

184 4279 413 4348 signum
443 4285 527 4330 est
550 4296 562 4329 :
582 4276 741 4344 juxta
771 4274 905 4329 illud
932 4273 990 4330 S.
1014 4272 1398 4345 Chrysostomi
1432 4272 1500 4325 ad
1539 4271 1779 4325 Matthaai

184 4363 346 4411 xxvx,
378 4346 451 4401 28
477 4365 490 4400 :
521 4347 585 4399 Εί
614 4344 724 4415 γὰρ
751 4346 824 4416 μὴ
855 4345 1172 4416 άπέθανενό
1216 4341 1616 4416 Ἰησούςητίνος
1649 4342 1779 4412 σύμ-

184 4363 346 4411 xxvr,
378 4360 451 4401 25
477 4365 490 4400 :
522 4360 585 4399 Et
614 4360 724 4415 γαρ
751 4360 824 4416 μη
855 4360 1123 4398 απευανεν
1143 4360 1172 4396 ο
1230 4360 1443 4465 ιιὶσους,
1472 4360 1616 4404 τινος
1649 4360 1772 4412 συμ-

184 4420 326 4473 ϐολα
353 4416 755 4485 τὰτελούμενα;
774 4424 828 4469 et
852 4415 1073 4469 Eusebii
1101 4413 1245 4485 Hist.
1302 4413 1413 4485 'eel.
1442 4413 1534 4485 lib:
1568 4429 1624 4475 κ,
1649 4428 1772 4482 cap.

185 4492 226 4547 3
254 4506 269 4543 :
308 4482 829 4557 Σωτηρὼύπάθους
864 4486 1156 4609 meamea
1188 4482 1450 4555 σύμὸολα.
1492 4482 1629 4537 Cor.

263 4559 381 4609 (46)
414 4559 542 4609 Καί.
570 4558 739 4609 Abest
770 4570 797 4608 a
831 4556 955 4609 cod.
1037 4557 1151 4608 iud.
1184 4553 1284 4609 CL.

288 4559 381 4627 46)
414 4553 542 4611 Kal.
570 4558 739 4627 Abest
770 4570 797 4608 a
831 4556 955 4610 cod.
980 4553 1151 4609 vum.
1174 4553 1284 4627 CL.

288 4563 381 4627 46)
414 4563 542 4611 Καί.
570 4563 739 4611 Abest
770 4570 797 4608 a
831 4563 955 4610 cod.
993 4563 1151 4609 Vind.
1184 4563 1284 4610 CL.

263 4563 386 4701 (47)
418 4627 531 4680 Καὶ
558 4626 933 4701 ἐδικαίωσετς.
968 4627 1129 4682 Deest
1172 4626 1228 4678 in
1277 4624 1403 4680 cod.
1442 4621 1609 4677 Vind.
1672 4636 1775 4676 nec

183 4694 327 4762 sane
360 4694 731 4753 necessarium
760 4705 867 4751 est.
904 4694 981 4752 lo.

261 4768 493 4842 (48)“AL,
752 4764 809 4821 In
844 4769 1091 4842 margine
1133 4766 1299 4820 habet
1326 4763 1449 4819 cod.
1475 4762 1637 4818 Vind.
1666 4762 1773 4815 τῶν

182 4837 510 4897 ἀποστόλων
546 4837 806 4909 δηλονότι.
845 4837 1004 4909 νοτε.
1036 4837 1114 4893 In.

184 4954 189 4958 .
262 4910 382 4981 (49)
412 4909 516 4962 Διὰ
548 4904 868 4981 Ῥωμαίων.
903 4908 1137 4981 Οθιῑιιιιι
1171 4921 1236 4960 ac
1278 4904 1632 4981 nianiﬁastum
1688 4909 1773 4981 est

185 4973 300 5037 non
334 4973 579 5049 potuisse
628 4973 743 5031 haec
788 4981 858 5031 ab
913 4980 1177 5049 apostolis
1212 4977 1401 5032 scribi.
1437 4976 1540 5029 Sed
1573 4973 1771 5049 an__de_-

183 5052 318 5107 duci
335 5044 589 5120 debeant
607 5063 782 5118 usque
801 5049 868 5103 ad
896 5044 1143 5120 tempora
1172 5050 1574 5120 imperatorum
1613 5044 1775 5097 Chri-

184 5123 521 5182 stianorum,
541 5119 595 5172 id
622 5115 751 5174 vero
780 5126 839 5172 ut
861 5115 1412 5189 parvimomenii,ita
1434 5115 1769 5185 ambiguum,

184 5194 605 5264 obscurumque
653 5190 792 5264 mihi
849 5188 1104 5264 videtur._
1135 5188 1352 5264 Quidni
1384 5189 1531 5264 enim
1569 5201 1773 5264 conv-e7

189 5264 349 5316 niant
377 5255 529 5315 aetati
554 5259 880 5314 Tertulliani
907 5300 923 5324 ,
956 5260 1106 5316 verbi
1150 5258 1361 5329 gratia?
1383 5258 1521 5329 Cum
1561 5255 1770 5310 ethnici

189 5332 503 5387 maerebant
524 5345 742 5384 omnem
768 5347 981 5392 sexum,
1035 5328 1271 5391 aatatem,
1296 5328 1689 5389 conditionem,
1717 5331 1771 5377 et

187 5398 512 5467 dignitatem
540 5394 851 5467 transgredi
884 5393 951 5448 ad
976 5393 1346 5467 Christianum
1377 5410 1574 5447 nomen
1610 5394 1775 5467 (Apo-

190 5465 405 5535 logetiei
432 5481 552 5535 cap.
591 5466 644 5537 1)
666 5481 681 5531 ;
705 5465 1003 5537 Christiani
1029 5465 1385 5537 impleverant
1410 5466 1595 5529 urbes,
1622 5466 1775 5537 insu-

190 5539 303 5601 las,
340 5538 581 5599 castella,
619 5535 937 5603 municipia.
965 5535 1365 5600 conciliabula,
1413 5545 1593 5590 castra
1630 5536 1771 5603 ipsa,

193 5608 397 5673 tribus,
432 5607 703 5668 decurias,
732 5605 1019 5676 palatium,
1051 5614 1335 5669 senatum,
1372 5604 1551 5659 forum
1606 5607 1766 5675 (cap.

190 5678 779 5747 37),gcrantquegpars
811 5690 948 5745 pene
989 5676 1169 5744 major
1220 5676 1460 5747 civitatis
1502 5676 1771 5746 cuiusque

192 5745 607 5819 (ad'Scapulam
625 5745 683 5817 Ξ)
707 5762 722 5812 ;
757 5760 881 5803 cum
908 5747 1169 5818 praesides
1200 5747 1359 5802 multi
1388 5745 1644 5802 favebant
1674 5745 1773 5801 no-

1879 4136 1987 4202 bis,
2020 4137 2243 4206 ipseqne
2276 4134 2574 4204 imperator
2598 4131 3020 4206 Severuslibid.
3048 4145 3169 4206 cap.
3206 4128 3299 4206 4);
3332 4142 3458 4183 cum

1879 4199 2116 4276 denique
2157 4199 2370 4268 'Judaat,‘
2400 4215 2521 4274 pust
2568 4199 3025 4273 expugnatibuem
3076 4199 3455 4269 Jerosolymaz,

1880 4275 2133 4347 dispersi,
2163 4276 2477 4345 palabundi,
2509 4276 2631 4329 cwli
2654 4286 2709 4347 _et
2741 4276 2840 4347 soli
2876 4275 3251 4347 sui_extqrres
3280 4283 3460 4347 _vaga-

1882 4337 2081 4401 bantur
2115 4337 2209 4415 p.':r
2263 4340 2474 4408 urbem,
2502 4360 2619 4397 sune
2654 4345 2895 4415 homine,
2949 4343 3068 4396 sine
3112 4340 3221 4393 Deo
3277 4337 3458 4415 Regc;

1882 4413 2141 4487 prohibiti
2173 4416 2335 4487 etiam
2366 4416 2446 4467 vel
2474 4416 2806 4487 advenarum
2842 4413 2965 4480 jure
2991 4425 3189 4487 terram
3225 4413 3459 4487 patriam

1806 4473 1852 4527 D
1882 4473 2110 4557 ingredi,
2142 4497 2207 4557 et_
2227 4485 2415 4538 saltem
2438 4484 2688 4557 vestigio
2728 4473 2967 4557 salutare
3011 4473 3316 4551 (Apoloéet.
3346 4477 3408 4557 21
3442 4493 3459 4540 ;

1882 4551 2145 4611 Adversus
2175 4554 2394 4607 Judwos
2430 4554 2549 4621 i5);
2582 4563 2731 4613 tunc,
2756 4553 3004 4621 inquam,
3034 4567 3088 4603 ιιι
3110 4565 3241 4619 pace
3273 4563 3337 4602 ac
3353 4551 3463 4621 _ho-

1875 4638 2009 4698 nere
2044 4623 2320 4698 Ecclesiae,
2354 4617 2584 4698 Romani
2610 4621 2722 4698 dici
2746 4617 3048 4698 _ulcunqpe
3074 4617 3461 4698 poterantjus-

1877 4694 2016 4748 titiae
2044 4694 2214 4761 legem
2245 4692 2599 4760 conspicuam
2632 4686 3087 4761 reddere,_ﬁdem
3121 4687 3455 4761 suscepisse.
3555 4699 3557 4701 ‘

1875 4758 2173 4818 descivisse
2202 4764 2270 4816 ab
2320 4758 2646 4823 idololatria,
2684 4762 2855 4814 bonos
2894 4758 3142 4819 laudare,
3192 4758 3246 4811 in
3281 4759 3458 4812 malos

1879 4833 2336 4898 animadvertere,
2359 4830 2576 4886 Judzeos
2600 4831 2801 4885 habere
2836 4828 3132 4898 vectigales
3185 4828 3457 4896 propriis—

1876 4919 1982 4973 que
2005 4904 2214 4974 legibus
2240 4905 2501 4974 privatos.
2520 4901 2735 4956 Cor.-—
2761 4900 2867 4974 Sed
2898 4898 3046 4974 quod
3097 4898 3350 4974 Romani
3372 4899 3460 4974 (ιι-

1873 4968 2082 5028 όιιιιιιιιἶ
2102 4990 2209 5027 non
2238 4968 2420 5028 sinere
2447 4972 2667 5027 Judacos
2691 4972 2803 5024 suis
2836 4968 3036 5040 legibus
3067 4970 3273 5040 vivere,
3301 4968 3460 5040 vide-

1873 5054 1964 5099 tur
2008 5047 2193 5115 potius
2220 5044 2521 5115 convenire
2572 5038 2927 5115 Christianis,
2975 5054 3138 5110 quam
3195 5038 3455 5115 ethnicis.

1874 5115 1955 5169 Ac
1990 5108 2121 5169 sane
2147 5116 2459 5185 captivitas,
2490 5113 2685 5185 degqua
2714 5113 2804 5185 hic
2834 5108 3016 5185 sermo
3035 5118 3140 5171 est,
3166 5116 3250 5163 est
3275 5108 3454 5174 major

1872 5186 2146 5255 dispersio
2184 5182 2519 5246 Iudaeorum,
2541 5182 2719 5255 deleta
2739 5182 3095 5255 lerosolyma,
3128 5194 3291 5255 quam
3327 5193 3457 5247 pau-

1875 5257 1925 5309 ci
1951 5250 2183 5325 apostoli
2215 5257 2495 5319 viderunt;
2525 5254 2618 5324 qui
2649 5261 2829 5306 tamen
2875 5250 2977 5325 _hie
3004 5266 3195 5325 omnes
3222 5250 3453 5315 loquen—

1870 5335 1956 5381 tes
1980 5322 2318 5380 inducuntur
2347 5326 2415 5378 ab
2443 5322 2762 5398 impostqre,
2793 5322 2889 5392 qui
2908 5392 2919 5398 _
2939 5324 3073 5375 satis
3103 5328 3227 5398 apte
3257 5333 3451 5398 eorum

1873 5410 2167 5467 personam
2190 5410 2352 5468 agere
2384 5390 2637 5468 nescivit.
2668 5390 2827 5468 ldem'
2847 5392 3060 5468 etiam,“
3081 5392 3166 5444 sui
3207 5390 3452 5468 instituti

1871 5456 2178 5530 immemor,
2211 5456 2556 5537 disciplinam
2597 5471 2652 5537 et
2704 5463 2842 5537 vitia
2879 5461 3061 5537 saeculi
3124 5476 3198 5519 tv,
3260 5460 3352 5537 ubi
3383 5456 3452 5537 de

1871 5537 2213 5591 Christianis
2242 5529 2389 5606 agit',
2438 5534 2761 5605 imprudens
2810 5532 3075 5587 describit
3126 5529 3333 5600 passim
3392 5530 3452 5584 in

1870 5607 2312 5681 hoc_9pere.CL.
2367 5675 2378 5681 _
2659 5675 2675 5681 _
2734 5674 2797 5681 ___
2858 5673 2875 5681 _
2936 5673 2971 5681 __
3082 5669 3108 5681 -

1940 5667 2053 5751 (5οῗ
2085 5679 2321 5745 Κύρων.
2352 5675 2536 5736 Addit.
2575 5675 2701 5735 cod.
2734 5673 2899 5730 Vind.
2936 5669 3163 5743 Ἰησοῦν.
3189 5667 3267 5724 la.
