3886 6190
1229 245 1829 305 CONSTITUTIONES
1859 250 2415 307 APOSTOLICA‘J.-—
2450 250 2579 307 LIB.
2617 251 2705 307 Vl.
3461 255 3566 314 982

278 245 409 302 98!

288 364 477 419 αὑτοῦ
494 370 593 429 τάς
611 364 850 435 ἐφόδους.
871 366 943 420 Σὺ
961 362 1076 433 οὖν,
1095 359 1142 421 ὦ
1158 365 1337 435 γύναι,
1358 364 1538 429 καθὼς
1556 366 1732 436 λέγεις
1752 366 1858 439 (66)

1988 365 2273 432 consistit;
2304 371 2360 420 et
2398 364 2451 418 in
2489 380 2555 420 eo
2576 364 2797 435 quidem
2827 364 2921 436 qui
2953 364 3097 419 bona
3127 380 3294 435 opera
3325 378 3565 430 exercet,

283 463 346 511 εί
380 459 442 510 ὲν
471 461 589 521 ταῖς
616 458 854 530 ἡμέραις
887 459 998 529 (67)
1037 458 1137 529 τῆς
1164 458 1396 531 ἀφέδρου
1432 458 1563 530 κενὴ
1595 459 1858 529 τυγχάνεις

1985 464 2210 514 sanctus
2242 454 2482 526 Spiritus
2514 464 2818 527 permanet,
2850 457 3083 527 implens
3127 473 3251 513 eum
3298 459 3567 529 sapient;a

282 550 396 604 τοῦ
445 551 602 620 ἀγίου
635 551 970 623 Πνεύματος,
1009 550 1103 605 τοῦ
1151 551 1459 623 ἀκαθάρτου
1502 552 1877 625 πεπλήρωσαι.

286 643 391 715 Μὴ
462 645 869 716 προσευχομένη
935 642 1045 716 γάρ
1068 686 1083 710 ,
1171 644 1306 716 μηδὲ
1398 643 1878 713 ἀναγινώσκουσα,

286 735 503 790 ἄκοντα
522 737 568 769 ⁸⁸
596 737 759 790 αὐτὸν
801 736 1176 807 προσκαλέσῃ·
1212 735 1356 806 φιλεῖ
1401 736 1509 807 γάρ
1557 730 1712 799 οὗτος
1755 738 1881 801 τοὺς

281 830 648 902 ἀχαρίστους,
694 832 742 884 εί
791 830 883 885 καί
920 848 1003 894 τις
1041 829 1220 895 ἀλλος,
1251 831 1377 892 τοὺς
1426 830 1719 901 ῥᾳθύμους,
1754 831 1881 895 τοὺς

285 922 542 993 ἀμελεῖς,
566 924 693 987 τοὺς
730 922 1019 986 ὑπνώδεις·
1053 922 1240 993 ἐπειδὴ
1267 923 1360 976 καὶ
1400 922 1561 986 αὐτὸς
1586 922 1880 994 ἀχαριστίᾳ

286 1017 589 1071 κακόνοιαν
626 1018 891 1089 νοσήσας,
932 1015 1221 1087 ἐγυμνώθη
1250 1015 1401 1087 παρά
1426 1015 1561 1069 Θεοῦ
1596 1016 1696 1085 τῆς
1722 1015 1879 1081 ἀξίας

284 1109 419 1162 ἀντὶ
456 1109 797 1181 ἀρχαγγέλου
864 1108 1108 1171 διάϐολος
1146 1108 1255 1180 (68)
1303 1108 1728 1179 αίρετησάμενος
1767 1110 1876 1180 (69)

286 1196 457 1255 εἶναι.
485 1202 578 1255 Διὸ
600 1202 708 1256 τῶν
731 1202 977 1274 ματαίων
1005 1200 1244 1270 ἀπόσχου
1265 1200 1458 1269 λόγων,
1490 1196 1535 1253 ὦ
1562 1199 1719 1269 γύναι
1738 1217 1751 1230 ’
1782 1201 1877 1254 καὶ

286 1293 389 1347 ἔσο
423 1296 743 1367 μεμνημένη
763 1294 993 1349 πάντοτε
1022 1292 1154 1347 Θεοῦ
1174 1292 1307 1363 (70),
1335 1292 1428 1345 τοῦ
1463 1292 1522 1345 σὲ
1542 1292 1876 1364 δημιουργή-

288 1402 510 1453 σαντος,
541 1388 634 1441 καὶ
660 1387 963 1459 προσεύχου
993 1387 1194 1457 τούτῳ·
1225 1386 1340 1439 ἔστι
1370 1386 1479 1458 γάρ
1519 1387 1617 1441 σοῦ
1648 1391 1743 1442 καὶ
1766 1390 1875 1443 τῶν

283 1477 431 1531 ὂλων
463 1478 683 1550 Κύριος·
728 1481 822 1534 καὶ
868 1479 1066 1552 μελέτα
1101 1481 1229 1543 τοὺς
1263 1479 1428 1532 αὐτοῦ
1453 1480 1669 1551 νόμους,
1703 1481 1874 1553 μηθὲν

282 1571 782 1643 κπαρατηρουμένη,
834 1572 908 1643 μὴ
962 1572 1231 1644 κάθαρσιν
1282 1573 1538 1644 φυσικὴν,
1591 1572 1666 1645 μὴ
1727 1573 1873 1645 μίξιν

282 1662 542 1734 νόμιμον,
580 1664 653 1735 μὴ
680 1664 900 1717 τοκετδν
939 1665 971 1735 ἢ
1009 1663 1304 1735 ἀποϐολὴν,
1340 1665 1413 1736 μὴ
1446 1664 1636 1735 μῶμον
1683 1664 1871 1737 σώμα-

281 1771 402 1818 τοςο
463 1756 695 1828 ἐπείπερ
746 1756 818 1810 τὰ
853 1755 1079 1810 τοιαῦτα
1119 1758 1613 1828 παρατηρήματα,
1672 1758 1870 1831 μωρῶν

280 1847 594 1918 ἀνθρώπιον
619 1850 969 1921 ἐφευρέματα
1007 1849 1232 1920 μάταια,
1257 1849 1349 1902 καὶ
1377 1847 1501 1903 νοῦν
1530 1849 1631 1902 οὐκ
1657 1848 1868 1920 ἔχοντα.

284 1938 427 1992 υῦτε
467 1940 524 1993 δὲ
566 1940 726 2011 κῆδος
761 1940 1071 2014 ἀνθρώπου,
1107 1940 1231 1994 οὔτε
1264 1940 1449 1993 ὀστέον
1490 1940 1704 2013 νεκροῦ,
1747 1940 1871 1996 οὔτε

287 2032 503 2103 μνῆμα,
543 2032 668 2086 οῦτε
705 2034 907 2087 τοιόνδε
940 2034 1155 2106 βρῶμα,
1203 2033 1327 2087 οὔτε
1374 2033 1708 2105 ὀνειρωγμὸς
1734 2034 1867 2108 (71),

286 2127 478 2196 μιᾶναι
508 2126 730 2180 δύναται
761 2126 1049 2199 ἀνθρώπου
1080 2128 1279 2200 ψυχήν·
1310 2127 1446 2181 ἀλλά
1484 2127 1617 2199 μόνη
1647 2129 1872 2184 ἀσέϐεια

279 2221 318 2289 ἠ
341 2221 421 2283 είς
448 2219 601 2287 Θεὸν,
647 2221 742 2274 καὶ
783 2222 1120 2293 παρανομία,
1156 2222 1250 2275 καὶ
1292 2224 1374 2286 είς
1411 2221 1505 2275 τὸν
1543 2221 1771 2293 πλησίον
1802 2224 1868 2277 ἀ-

282 2313 451 2367 δικία’
485 2313 630 2382 λέγω
674 2314 740 2386 δὴ
787 2316 1091 2387 ἀρπαγὴ,ἢ
1141 2315 1252 2386 βία,
1278 2315 1311 2387 ἢ
1341 2315 1469 2369 εἴτι
1497 2315 1739 2369 ἐναντίον
1767 2316 1870 2388 τῆς

281 2406 452 2460 αὐτοῦ
495 2407 861 2480 δικαιοσύνης,
923 2408 1157 2480 μοιχεία,
1207 2409 1241 2480 ἢ
1300 2408 1545 2481 πορνεία.
1595 2408 1757 2462 Ὅθεν
1796 2407 1870 2462 τά

281 2499 509 2553 τοιαῦτα
538 2501 949 2573 περιιστάμενοι
984 2502 1452 2573 παρατηρήματα,
1477 2500 1703 2570 φεύγετε
1725 2501 1866 2569 ἀγα-

284 2591 469 2662 πητοί·
515 2592 798 2663 Ἐλληνικά
837 2592 945 2665 γὰρ
982 2595 1235 2665 τυγχάνει
1276 2595 1420 2666 (72)·
1465 2594 1588 2649 οὔτε
1627 2596 1737 2668 γὰρ
1774 2596 1866 2651 τὸν

280 2683 553 2737 τεθνεῶτα
578 2684 991 2757 βδελυσσόμεθα,
1014 2687 1091 2751 ὡς
1122 2688 1337 2741 ἐκεῖνον
1373 2687 1680 2754 ἐλπίζοντες
1703 2689 1864 2743 αὑτὸν

282 2775 447 2829 πάλιν
477 2776 794 2830 ἀναϐιῶναι·
827 2776 949 2831 οὔτε
982 2777 1080 2849 τὴν
1109 2779 1337 2850 νόμιμον
1371 2779 1515 2850 μίξιν
1538 2781 1859 2852 κακίζομεν·

280 2868 404 2931 ἔθος
425 2868 533 2940 γάρ
554 2870 737 2934 αὐτοῖς
768 2870 839 2923 τὰ
868 2869 1094 2924 τοιαῦτα
1125 2870 1362 2925 ἀσεϐεῖν.
1396 2871 1533 2925 Θεοῦ
1566 2872 1677 2944 γὰρ
1719 2872 1862 2942 γνώ-

282 2978 383 3031 μῃ,
411 2960 604 3033 ἀνδρὸς
633 2960 728 3014 καὶ
754 2962 1013 3029 γυναικὸς
1059 2963 1371 3027 συνέλευσις
1417 2965 1650 3033 γίνεται,
1694 2968 1726 3037 ἡ
1766 2983 1861 3037 με-

1983 562 2038 603 et
2060 549 2359 611 intellectu,
2392 564 2493 603 nec
2523 548 2656 603 sinit
2685 548 2936 619 spiritum
2969 550 3265 619 malignum
3289 551 3340 606 ei
3370 568 3568 622 appro-

1982 641 2271 711 pinquare,
2304 640 2608 696 observans
2632 642 2778 699 illius
2811 642 3039 699 hostiles
3069 644 3438 701 accessus.'l‘u
3464 648 3568 702 ita-

1983 748 2089 802 que
2135 732 2359 797 mulier,
2406 731 2482 797 si,
2539 734 2999 803 quemadmodum
3052 735 3213 801 dicis,
3263 736 3321 793 in
3371 739 3565 798 diebus

1981 824 2251 879 menstrui
2278 838 2451 878 vacua
2478 840 2540 887 es
2565 824 2775 897 Spiritu
2805 834 3018 895 sancto,
3052 828 3222 885 debes
3249 830 3410 900 plena
3441 848 3565 890 esse

1982 917 2261 972 immundo
2284 918 2644 989 spiritu.Nam
2674 919 2804 974 dum
2830 936 2940 976 non
2971 922 3238 991 precaris,
3268 939 3370 979 nec
3400 925 3559 996 legis;

1979 1011 2062 1064 vel
2088 1010 2363 1065 nolentem
2392 1027 2515 1067 eum
2548 1011 2785 1068 advocas
2818 1033 2831 1068 :
2865 1024 3013 1068 amat
3042 1015 3187 1068 enim
3213 1014 3326 1080 ille,
3354 1016 3401 1071 si
3433 1018 3561 1087 quis

1980 1105 2142 1169 alius,
2168 1105 2435 1175 ingratos,
2472 1120 2689 1175 segnes,
2725 1105 3084 1176 negligentes,
3111 1106 3557 1177 somniculosos;

1979 1196 2419 1267 quandoquidem
2465 1207 2519 1252 et
2567 1198 2685 1267 ipse
2713 1213 2837 1252 cum
2869 1214 2965 1268 per
3003 1199 3278 1272 ingratum
3314 1202 3559 1258 animum

1978 1290 2358 1345 malevolentia
2390 1291 2688 1356 laboraret,
2723 1307 2754 1344 a
2797 1291 2906 1347 Deo
2949 1294 3216 1363 spoliatus
3260 1302 3345 1350 est
3379 1296 3559 1366 digni-

1978 1391 2112 1446 tate,
2139 1385 2412 1455 elegitque
2444 1400 2544 1455 pro
2573 1385 2907 1455 archangelo
2935 1402 3060 1442 esse
3084 1387 3358 1444 diabolus.
3403 1390 3559 1455 Qua.

1978 1485 2205 1547 prepter
2229 1494 2260 1531 a
2290 1478 2447 1532 vanis
2490 1479 2842 1534 sermonibus
2874 1480 3113 1546 abstine,
3145 1481 3379 1550 mulier;
3409 1498 3558 1539 sem-

1977 1584 2182 1639 perque
2217 1569 2535 1625 memineris
2566 1569 2685 1637 Dei,
2711 1571 2990 1627 Creatoris
3021 1574 3123 1638 tui,
3168 1591 3234 1630 ac
3277 1592 3403 1631 eum
3434 1593 3559 1648 pre-

1975 1677 2144 1729 care;
2181 1662 2447 1720 Dominus
2486 1664 2689 1735 quippe
2745 1672 2875 1722 tuus
2926 1675 3031 1731 est,
3084 1676 3248 1739 atque
3302 1670 3554 1726 omnium

1975 1772 2160 1811 rerum
2195 1775 2208 1812 :
2247 1758 2511 1813 meditare
2558 1759 2725 1814 etiam
2778 1761 2924 1832 leges
2957 1761 3127 1826 illius,
3175 1763 3313 1819 nihil
3357 1765 3555 1821 obser-

1973 1864 2132 1913 vans,
2173 1864 2284 1904 non
2315 1851 2699 1921 purgationem
2733 1854 3062 1919 naturalem,
3091 1871 3200 1909 non
3245 1858 3557 1927 copulatio-

1975 1959 2099 1997 nem
2154 1943 2472 2014 legitimam,
2503 1960 2613 1999 non
2652 1954 2868 2016 partum
2918 1955 3014 2001 aut
3042 1948 3410 2015 abortionem,
3442 1967 3553 2007 non

1972 2036 2224 2106 corporis
2264 2037 2535 2089 maculam
2559 2036 2641 2092 ⁸¹ε
2672 2038 2943 2110 siquidem
2999 2038 3320 2109 bnjusmodi
3356 2042 3553 2099 obser-

1970 2130 2239 2191 vationes,
2270 2137 2400 2185 sunt
2430 2130 2715 2184 hominum
2767 2131 3060 2187 stultorum
3094 2132 3313 2188 inventa
3341 2134 3549 2198 inania,

1970 2231 2024 2277 et
2051 2222 2267 2277 ratione
2295 2225 2562 2278 carentia.
2587 2222 2773 2292 Neque
2804 2238 2934 2277 vero
2963 2223 3209 2281 hominis
3232 2224 3420 2292 funus,
3453 2244 3554 2283 ne-

1971 2330 2085 2385 que
2112 2330 2239 2370 ossa
2272 2315 2496 2379 mortui,
2525 2331 2702 2386 neque
2732 2314 3047 2384 sepulcrum
3064 2316 3131 2380 ⁵⁸,
3162 2333 3340 2389 neque
3365 2326 3552 2376 certus

1956 2408 2191 2477 quidam
2227 2409 2387 2464 cibus
2409 2408 2479 2473 ⁵⁸,
2517 2424 2698 2479 neque
2727 2414 3062 2462 nocturnum
3088 2410 3316 2467 seminis
3345 2411 3552 2482 proﬂu-

1966 2500 2140 2563 vium,
2173 2501 2420 2571 polluere
2472 2501 2713 2555 animam
2765 2499 3007 2557 hominis
3061 2509 3294 2572 possunt
3313 2519 3549 2577 ;.verum

1970 2593 2089 2649 sola
2116 2593 2375 2663 impietas
2406 2593 2461 2647 in
2493 2592 2688 2657 Deum,
2721 2599 2775 2647 et
2806 2592 3091 2663 iniquitas,
3120 2602 3176 2649 et
3201 2610 3331 2666 erga
3363 2596 3550 2666 proxi-

1966 2700 2118 2739 mum
2152 2685 2454 2755 injustitia;
2488 2685 2703 2756 rapina,
2764 2686 3014 2755 inquam,
3048 2686 3153 2749 vis,
3195 2687 3280 2742 vel
3323 2688 3369 2743 si
3415 2688 3546 2759 quid

1960 2775 2190 2847 iustitiae
2220 2777 2420 2831 divinae
2458 2764 2747 2848 repugnat,
2792 2777 3122 2833 adulterium
3163 2788 3258 2834 aut
3309 2780 3550 2835 fornica-

1964 2869 2063 2924 tio.
2089 2869 2271 2936 Quare
2296 2871 2392 2925 has
2409 2870 2823 2926 observationes
2841 2871 3007 2927 vitate
3029 2887 3093 2926 ac
3116 2872 3307 2943 fugito,
3325 2873 3543 2930 dilecti:

1963 2964 2225 3032 quoniam
2268 2964 2337 3018 ad
2369 2962 2609 3034 gentiles
2636 2964 2911 3032 pertinent
2943 2982 2957 3019 :
2990 2981 3168 3035 neque
3218 2965 3364 3020 enim
3404 2982 3548 3021 mor-

276 3053 347 3106 τά
374 3053 737 3126 δικαιοσύνης
770 3074 789 3106 ι
830 3056 889 3108 '0
918 3056 1152 3127 ποιήσας
1186 3056 1296 3128 γὰρ
1327 3058 1421 3111 ἀπ’
1466 3058 1663 3129 ἀρχῆς,
1694 3059 1858 3129 ἀρσεν

1966 3063 2119 3109 tuum
2179 3056 2586 3121 abominamur,
2644 3063 2704 3109 ut
2753 3055 2869 3121 illi;
2916 3072 3040 3111 cum
3085 3072 3371 3127 speremus
3417 3072 3546 3113 eum

276 3148 381 3201 καὶ
411 3147 543 3218 θῆλυ
570 3149 824 3219 ἐποίησεν
850 3148 1064 3212 αὐτούς’
1091 3149 1185 3202 καὶ⁸
1212 3148 1501 3219 εὐλόγησεν
1527 3150 1745 3213 αὐτοὺς,
1764 3150 1860 3205 καὶ

278 3236 453 3294 εἶπενο
467 3240 789 3308 Αύξάνεσθε,
811 3243 902 3295 καὶ
922 3240 1279 3312 πληθύνεσθε,
1302 3243 1396 3295 καὶ
1415 3241 1740 3312 πληρώσατε
1759 3242 1858 3313 τὴν

279 3333 406 3404 γῆν.
438 3354 456 3385 ι
481 3335 541 3387 Εἰ
568 3335 746 3387 τοίνυν
773 3333 908 3387 Θεοῦ
938 3333 1189 3404 βουλήσει
1210 3333 1533 3405 παραλλαγὴ
1564 3333 1858 3405 σχημάτων

276 3426 492 3494 γέγονε,
541 3426 677 3497 πρὸς
712 3426 925 3495 γένεσιν
952 3425 1214 3497 πλήθους·
1248 3427 1356 3497 ἄρα
1390 3425 1531 3479 κατά
1567 3426 1664 3497 τὴν
1692 3425 1856 3478 αὐτοῦ

273 3516 521 3590 γνώμην,
556 3518 702 3588 καὶή
737 3518 1043 3581 συνέλευσις
1058 3517 1152 3570 τοῦ
1184 3519 1408 3591 ἄρρενος
1444 3517 1579 3588 πρὸς
1612 3517 1675 3569 τὸ
1698 3516 1849 3587 θῆλυ.

1965 3162 2159 3202 rursus
2191 3147 2707 3217 victurum;neque
2748 3147 3048 3218 legitimam
3095 3149 3542 3218 conjunctionem

1965 3254 2293 3294 accusamus
2327 3256 2340 3291 :
2369 3240 2549 3295 solent
2589 3240 2734 3293 enim
2783 3240 2861 3293 illi
2907 3238 2963 3293 in
3017 3240 3334 3310 bnjusmodi
3378 3240 3546 3297 rebus

1966 3330 2132 3400 impie
2164 3345 2326 3401 agere
2349 3331 2417 3387 “.
2446 3330 2582 3384 Nam
2607 3331 2703 3401 Dei
2735 3332 3037 3396 voluntate,
3063 3333 3165 3386 viri
3206 3348 3271 3388 ac
3294 3332 3544 3391 mulieris

1967 3422 2026 3476 ﬁt
2065 3424 2156 3477 Illa
2185 3425 2406 3494 copula,
2444 3439 2565 3493 quae
2587 3424 2739 3494 justa
2769 3431 2854 3479 est
2881 3442 2895 3478 :
2924 3423 3196 3495 siquidem
3233 3442 3252 3475 ι
3276 3425 3381 3491 Qui
3412 3424 3543 3481 fecit

1965 3517 2033 3570 ab
2071 3516 2252 3580 initio,
2291 3517 2596 3571 masculum
2621 3524 2675 3571 et
2706 3515 2967 3571 feminam
2992 3515 3118 3571 fecit
3140 3532 3255 3572 eos.
3285 3517 3352 3571 Et
3374 3517 3542 3573 bene-

275 3611 417 3664 dixit
459 3613 560 3679 eis,
593 3626 658 3665 ac
703 3610 882 3665 dixit:
920 3610 1183 3673 Crescite,
1220 3618 1276 3665 et
1303 3608 1768 3680 multiplicamini,
1804 3615 1859 3664 et
1899 3609 2109 3679 replete
2145 3616 2348 3663 terram
2366 3609 2432 3662 ⁵⁸.
2475 3628 2494 3660 ι
2522 3606 2690 3679 Atqui
2742 3609 2789 3664 si
2818 3609 3099 3666 voluntate
3139 3609 3237 3665 Dei
3276 3610 3538 3668 differen-

273 3704 354 3756 tia
394 3719 619 3757 sexuum
678 3702 821 3756 facta
856 3709 961 3770 est,
999 3703 1066 3757 ad
1098 3702 1505 3774 prOpagandam
1558 3701 1839 3767 sobolem;
1894 3715 2028 3771 ergo
2064 3708 2119 3755 et
2161 3714 2497 3772 congressus
2543 3701 2713 3756 maris
2740 3715 2806 3756 ac
2831 3702 3064 3758 feminae
3082 3703 3387 3758 concordat
3404 3718 3531 3758 cum

274 3796 425 3878 i’llius
445 3798 745 3868 proposito.

349 3934 393 3965 ⁵⁸
430 3932 466 3987 f.
501 3934 729 3996 ἀπόντα,
788 3934 870 3988 vel
904 3933 1117 3988 ἑκόντα.
1193 3933 1237 3964 ⁸⁸
1270 3930 1445 3987 Levit.
1481 3946 1604 3997 xm,
1667 3940 1774 3987 etc.
1848 3930 1858 3961 ³

1966 3928 2085 3984 um.
2131 3945 2250 3992 xxx,
2281 3927 2372 3991 16,
2448 3919 2499 3954 ³³
2538 3922 2715 3982 chit.
2750 3940 2827 3982 χι.
2904 3926 3149 3984 l“Levit.
3208 3945 3368 3996 mu,
3437 3932 3532 3991 24.

276 4006 328 4039 ⁸⁸
385 4003 520 4060 Gen.
557 4020 598 4071 ι,
628 4004 728 4070 28;
754 4002 947 4059 Matth.
994 4020 1110 4069 xix,
1145 4003 1201 4058 4.

1713 4153 2074 4211 VARIOBUM
2108 4149 2341 4210 ΝΟΤᾸΕ.

350 4298 459 4369 (66)
496 4294 703 4363 Καθὼς
729 4294 946 4365 λέγεις.
977 4292 1141 4349 Deest
1171 4293 1227 4347 in
1253 4293 1426 4348 altero
1455 4292 1578 4347 cod.
1611 4288 1846 4345 Vindob.

272 4372 444 4427 Cum.

350 4439 467 4509 (67),
533 4438 673 4505 Ταῖς
699 4436 964 4507 ἡμέραις.
998 4434 1142 4489 Idem
1192 4432 1321 4505 legit
1347 4432 1425 4504 τῷ
1454 4430 1632 4504 καιρῷ
1662 4430 1844 4486 minus

275 4508 417 4565 ante.
444 4508 528 4563 in.

310 4527 664 4650 Ρὶἓέίυίιὶντὶ
703 4575 1080 4650 ἀρχαγγέλου
1134 4574 1432 4650 διᾴϐολος.
1483 4571 1711 4650 υοοοηι,
1738 4568 1840 4624 SS.

272 4640 468 4705 Pali-es
492 4640 767 4703 diabolum
781 4640 1179 4715 archangelum
1208 4645 1396 4708 fuisse,
1431 4640 1843 4715 πρωτοστάτην,

273 4720 539 4799 ἐπίσημον
571 4720 633 4799 ἐν
657 4716 904 4799 ἀγγέλοις
933 4712 1026 4769 καῖ
1056 4718 1114 4799 ἐν
1134 4712 1724 4799 ,ταῖςῃᾶνωνδυνάμεὶσιν
1744 4727 1845 4799 at?

276 4782 497 4863 ριφανῆ,
527 4782 752 4863 πρώτην
778 4786 960 4863 ἀρχὴν.
976 4789 1109 4863 παρ’.
1123 4784 1372 4863 ἀγγέλοις
1401 4782 1718 4863 ἔχοντα,ἒνα
1737 4782 1845 4863 τῶν

273 4852 505 4931 πρώτῶν
540 4852 1349 4931 ἀ’ρχόντων,.ξὲιίιἱηειὶιὶεεὶ-ιηιιηι
1383 4854 1723 4931 angelorum,
1746 4852 1845 4905 do-

274 4924 481 4985 niinum
512 4924 705 5001 novem
751 4926 1007 5001 ordinum
1056 4927 1395 5001 angelorum,
1444 4924 1681 5001 primum
1732 4936 1845 5001 om-

272 5001 425 5056 nium
455 4999 795 5074 angelorum,
847 4992 1162 5074 angelorum
1214 4992 1669 5074 primogenitum,
1710 4992 1842 5074 reli-

272 5072 397 5141 quis
437 5061 644 5139 angElis
690 5061 1148 5141 eminentioremL
1171 5061 1485 5141 et'___cunc'ti_s
1533 5061 1843 5141 agminibus

271 5133 587 5212 angelorum
626 5138 929 5212 praelatum.
983 5138 1061 5191 ita
1109 5136 1347 5212 gyrillus
1393 5133 1842 5212 Hilarosolymrita-

274 5202 399 5273 nus,
431 5202 728 5279 Gregorius
768 5208 1067 5279 Nyssenus.
1105 5202 1412 5279 Gaesarius,
1444 5202 1837 5279 TlleodOritus,

269 5281 482 5343 Jobius,
499 5275 735 5350 uirilius
764 5275 1187 5350 Alexandrinus,
1210 5275 1677 5350 Theophylactus,
1702 5289 1837 5350 non-

274 5352 495 5424 nulli_in
538 5343 740 5405 Catena
761 5348 849 5424 _q_d
887 5346 1104 5424 lolium,
1138 5343 1536 5407 Tertullian'us,
1574 5343 1840 5424 Augusti-

275 5438 398 5487 nus;
421 5421 562 5475 inter
577 5435 741 5490 opera
761 5418 1073 5490 Hieronymi
1092 5425 1295 5490 auctor
1314 5418 1835 5490 commentariorum

270 5494 329 5564 in
352 5483 845 5564 Psatmos.'_quippe
880 5491 934 5543 in
962 5483 1160 5564 Jobu_in
1191 5487 1442 5564 scripsit;
1477 5500 1603 5564 cum
1632 5483 1837 5564 Fausto

272 5562 491 5629 Rejensi
520 5571 574 5616 et
603 5556 867 5629 Gregorio
894 5574 1053 5629 papa.
1084 5558 1362 5629 Caesarius
1384 5556 1837 5629 Arelatelrsisinin

275 5621 495 5705 lim-uilia
546 5631 619 5705 De
659 5621 1049 5705 ίιιῖιριίίίιᾳίεέι
1099 5626 1605 5705 sup_erbia,_editore
1630 5621 1831 5705 CD.

228 5766 231 5767 ν
275 5703 550 5772 Stephano
581 5701 799 5775 Baiurio
826 5720 837 5754 :
867 5693 1461 5775 lpsum_archa_nge_lum
1501 5694 1748 5775 superbia

279 5766 402 5830 calli
432 5774 669 5845 deposuit
703 5771 834 5827 Vide
864 5766 1029 5827 etiam
1057 5766 1501 5827 Consultatioues
1540 5766 1751 5823 Zachcei
1778 5771 1835 5822 et

1960 4285 2256 4369 Apollo-iiii,
2286 4286 2382 4342 lib.
2419 4302 2459 4353 ι,
2490 4301 2613 4358 cap.
2658 4287 2749 4353 3!,
2795 4294 2927 4342 tom.
2960 4285 3009 4340 Χ
3038 4286 3314 4359 Spicilegii
3360 4291 3533 4349 Acho-

1957 4355 2666 4497 na('('5;).)h:\.ipetno‘dpsrcc.
2700 4427 2854 4481 Alter
2878 4427 3001 4483 cod.
3030 4427 3265 4486 Vindob.
3299 4431 3526 4497 αἰρεσά-

1883 4503 1928 4556 D
2000 4514 2137 4562 ενος,
2182 4499 2399 4561 melius,
2439 4497 2543 4551 hoc
2590 4505 2675 4552 est
2730 4513 2857 4561 cum
2901 4507 3049 4553 esset
3096 4502 3324 4569 angelus
3362 4497 3525 4569 lucis,

1956 4515 2207 4620 rihertate
2249 4568 2505 4620 abusum.
2549 4566 2753 4620 factum
2781 4582 2904 4620 esse
2950 4569 3300 4620 tenebrarum
3358 4588 3525 4620 angn—

1949 4566 2207 4691 llibertate
2249 4568 2505 4631 abusum,
2549 4566 2753 4621 factum
2781 4582 2904 4643 esse
2950 4566 3300 4626 tenebrarum
3358 4566 3528 4644 auge;

1974 4654 2083 4691 um.
2123 4653 2195 4691 ιι).

1974 4654 2083 4691 um.
2123 4644 2195 4691 δι).

2019 4706 2131 4781 (70)
2184 4706 2353 4781 Θεοῦ.
2403 4707 2574 4781 Abest
2604 4722 2633 4760 a
2664 4707 2789 4781 cod.
2843 4706 3073 4764 Vindob.
3125 4717 3178 4766 et
3238 4714 3524 4781 sequentia

1948 4777 2254 4835 verbane?)
2301 4777 2360 4851 σε
2405 4778 2924 4851 δημιουργήσαντος,
2952 4781 3250 4836 ostendunt
3280 4777 3415 4839 satis
3457 4783 3527 4840 de

1946 4864 2055 4918 quo
2089 4856 2302 4917 agatur.
2336 4846 2412 4903 In.
2456 4846 2488 4850 ’⁷
2603 4846 2614 4850 ⁷
2654 4846 2657 4847 ⁷
2694 4846 2706 4851 ⁷

2019 4918 2129 4987 (71)
2178 4919 2578 4987 Ὀνειρωγμός.
2615 4917 2750 4974 Cod.
2775 4917 2936 4974 Vind.
2975 4918 3269 4987 ὀνείρωξις.
3302 4922 3375 4976 ΙΙ).

2042 4988 2470 5066 72)'E.1._2nrtac_d
2497 4990 2607 5066 γςᾲρ
2634 4988 2935 5066 ζυγχ-ᾴνςει.
2967 4989 3042 5066 _S.
3071 4988 3325 5066 Joannes
3353 4992 3523 5066 Chry-

1943 5058 2223 5130 sostomus
2258 5058 2456 5130 homil.
2509 5059 2599 5123 12,
2654 5060 2709 5112 in
2768 5058 3062 5129 Epistulam
3109 5060 3178 5113 ad
3224 5058 3519 5130 Ephesios:

1948 5128 2281 5202 Έλληνες.τά
2306 5128 2402 5198 μὲν
2422 5130 2531 5202 ούὲκλ
2544 5130 2672 5202 ὄντα
2684 5131 2901 5202 ἀμαρτή
2911 5147 3054 5198 ματα
3071 5128 3389 5202 δεδοίκασιν,
3408 5129 3519 5190 οἷον

1946 5196 2117 5270 ῥύπον
2148 5196 2417 5284 ματος,
2439 5196 2816 5284 κῇδος,ηλέχοςζ
2835 5196 2978 5284 καὶνή
2989 5201 3170 5284 μερῶν
3196 5219 3411 5284 παρατη
3419 5206 3484 5274 ρή
3498 5234 3517 5243 -

1944 5268 2074 5342 σεις,
2098 5269 2191 5322 καὶ
2221 5268 2321 5342 ὅσα
2352 5269 2593 5342 τοιαῦτα·
2619 5268 2655 5323 ἃ
2675 5268 2733 5321 δέ
2754 5270 2902 5342 ἐστιν
2926 5268 3094 5342 δντῳς
3122 5268 3514 5342 ἁμαρτήματα,

1944 5290 2074 5331 σεις,
2098 5290 2191 5322 και
2221 5290 2321 5335 οσα
2352 5290 2593 5322 τοιαυτα·
2619 5290 2655 5323 α
2675 5290 2733 5321 οε
2754 5290 2902 5323 εστιν
2926 5290 3094 5334 οντως
3122 5290 3514 5392 αμαρτηιῖατα,

1941 5339 2343 5411 παιδεραστεία,
2369 5341 2620 5411 μοιχεία,
2658 5340 2903 5411 πορνεία,
2942 5340 3145 5393 τούτων
3192 5340 3311 5393 οὐδὲ
3335 5342 3515 5411 λόγον

1940 5408 2176 5481 ἔχουσιν.
2204 5408 2551 5481 thuide‘g‘o
2588 5411 2641 5463 in
2676 5408 3048 5481 re'nolissima
3071 5411 3299 5480 allegeln
3333 5408 3515 5467 Theo-

1941 5477 2247 5550 phrastum,
2270 5477 2664 5550 Porphyrium,
2686 5479 2985 5550 Laertium,
3011 5481 3149 5536 alios
3171 5477 3515 5537 innumeros?

1942 5548 2184 5604 Sulliciet
2230 5548 2556 5619 observasse
2603 5568 2667 5604 ex
2708 5549 2969 5619 Josepho,
3004 5550 3099 5606 lib.
3146 5566 3209 5615 ιι,
3258 5550 3510 5607 adversus

1938 5620 2218 5688 Apionem,
2245 5635 2309 5691 ac
2332 5618 2682 5691 iTertulliano
2709 5620 2788 5675 De
2804 5618 3199 5691 prwscriptione
3228 5621 3511 5677 hwreticoo

1937 5707 2080 5819 eum,
2112 5706 2233 5776 cap.
2285 5690 2387 5759 40,
2437 5691 2686 5761 ethnicos
2738 5707 2767 5747 a
2819 5690 3023 5748 Judaeis
3067 5692 3175 5749 ista
3202 5693 3504 5764 accepisse.

1982 5777 2073 5819 or.

1982 5777 2073 5819 Οτι
