3886 6190
414 323 519 381 983

938 438 1170 496 CAPUT
1209 438 1440 493 XXVI".

414 537 492 593 De
521 535 746 606 nefando
793 550 970 587 amore
1020 548 1323 616 puerorum,
1368 534 1631 586 adulterio
1668 541 1717 585 et
1748 532 1982 599 fornica-

1122 614 1279 658 tione.

483 698 688 753 Contra
732 711 861 750 vero
913 695 1269 750 exsecrabilis
1314 692 1407 747 illa
1454 709 1519 747 ac
1564 700 1770 746 natura:
1821 708 1983 761 repu-

414 804 589 859 gnans
628 787 969 855 coniunctio,
995 795 1089 839 aut
1115 786 1207 839 illa
1240 785 1427 855 iniqua
1456 786 1620 848 actio,
1652 792 1839 854 utpote
1869 782 1981 839 Deo

414 882 613 935 invisa.
647 878 859 934 Etenim
907 886 1117 933 natura:
1159 878 1483 934 adversatur
1511 877 1751 947 nequitia
1808 874 1984 931 Sodo-

414 988 651 1035 morum,
680 979 735 1027 et
759 971 850 1025 illa
876 985 998 1041 quae
1027 987 1153 1025 cum
1196 971 1389 1025 bestiis
1427 978 1705 1041 patratur;
1738 970 1983 1039 aequitati

415 1073 597 1118 autem
628 1070 891 1133 repugnat
919 1062 1271 1125 adulterium,
1308 1070 1363 1116 et
1394 1061 1719 1115 fornicatio:
1747 1077 1982 1130 quorum

415 1158 769 1229 ﬂagitiorum,
823 1156 914 1209 illa
964 1155 1209 1224 quidem,
1264 1154 1573 1223 impietates
1619 1161 1782 1219 sunt;
1836 1152 1982 1206 istud

416 1267 566 1315 vero,
594 1250 893 1317 injuria;at
916 1250 1188 1311 ultimum,
1217 1260 1498 1316 peccatum
1527 1260 1537 1293 ι
1563 1246 1769 1299 nullum
1802 1252 1983 1299 autem

414 1358 602 1397 eorum
634 1341 959 1409 impunitum
1005 1346 1209 1402 manet,
1248 1338 1549 1394 secundum
1589 1338 1863 1407 propriam
1898 1352 1985 1389 ra-

416 1438 639 1490 tionem.
700 1432 834 1486 Nam
868 1432 1032 1503 primi
1062 1432 1481 1487 dissolutionem
1510 1446 1573 1484 ac
1604 1430 1763 1483 ﬁnem
1794 1428 1984 1483 mundi

415 1533 736 1597 procurant,
762 1524 892 1579 dum
920 1540 1043 1594 qua:
1070 1524 1346 1579 naturalia
1391 1530 1541 1584 sunt,
1577 1529 1769 1576 contra
1820 1530 1983 1574 natu-

416 1636 531 1673 ram
582 1619 835 1672 nituntur
879 1627 1229 1687 perpetrare;
1263 1616 1492 1671 secundi
1544 1630 1675 1668 vero
1726 1613 1980 1682 iniuriosi

415 1720 564 1774 sunt,
614 1727 739 1766 cum
794 1711 1028 1765 aliorum
1088 1709 1436 1763 matrimonia
1477 1715 1875 1776 corrumpunt;
1929 1714 1983 1760 et

412 1806 607 1877 quoda
639 1805 749 1860 Deo
782 1804 983 1858 factum
1017 1802 1119 1857 fuit
1142 1816 1334 1864 unum,
1369 1798 1621 1854 dividunt
1662 1798 1715 1850 in
1766 1796 1984 1861 duo;et

413 1900 654 1954 elﬁcinnt
711 1908 769 1951 ut
797 1896 955 1951 liberi
998 1895 1242 1964 suspecti
1288 1892 1615 1955 habeantur,
1647 1891 1838 1959 virque
1885 1904 1983 1942 na-

411 1991 609 2045 turalis
633 2005 695 2043 ac
728 1989 1004 2057 legitimus
1044 1985 1260 2041 insidiis
1304 1992 1490 2054 pereat
1518 2005 1529 2037 :
1562 1982 1854 2037 fornicatio
1882 1996 1983 2034 au-

412 2091 545 2145 tem,
578 2080 859 2150 corruptio
908 2087 991 2133 est
1021 2079 1252 2148 propria:
1279 2076 1500 2143 carnis;
1542 2090 1651 2129 non
1681 2074 1825 2128 enim
1860 2087 1983 2141 spe-

412 2182 527 2228 ctat
574 2172 978 2245 generationem
1029 2169 1221 2239 prolis,
1262 2166 1357 2223 sed
1394 2167 1496 2222 soli
1555 2165 1799 2235 indulget
1829 2164 1983 2216 volu-

413 2268 586 2337 ptati;
618 2265 765 2337 quud
784 2262 1191 2319 incontinentiae
1219 2270 1304 2316 est
1328 2258 1616 2321 indicium,
1642 2273 1749 2312 non
1770 2258 1983 2326 signum

410 2359 654 2413 virtutis.
688 2357 923 2429 Legibus
956 2363 1139 2411 autem
1171 2354 1287 2408 inec
1327 2352 1513 2405 omnia
1561 2349 1979 2406 interdicuntur.

410 2452 491 2507 lta
542 2454 687 2508 enim
745 2450 1103 2521 pronuntiant
1171 2446 1507 2516 Scripturae:
1542 2465 1560 2495 ι
1593 2444 1710 2497 Non
1758 2442 1983 2498 eubabis

411 2561 537 2599 cum
570 2544 814 2599 masculo
840 2541 1189 2596 concubitum
1221 2539 1539 2593 muliebrem
1560 2538 1605 2569 ⁸⁸
1628 2556 1643 2605 ;
1663 2537 1984 2591 maledictus

410 2638 557 2691 enim
609 2644 694 2690 cst
739 2634 864 2688 talis
912 2633 1031 2697 vir;
1063 2639 1115 2685 et
1176 2630 1447 2699 lapidibus
1491 2629 1804 2699 lapidabitis
1851 2643 1980 2693 eos;

414 2727 873 2781 abominationem
908 2724 1151 2777 fecerunt
1167 2722 1231 2775 ".
1266 2721 1491 2776 Omnem
1532 2721 1982 2775 concumbentem

412 2835 539 2873 cum
574 2819 842 2887 jumento,
886 2815 1119 2869 occidite
1171 2828 1337 2880 eum;
1382 2813 1721 2883 iniquitatem
1756 2814 1883 2869 fecit
1930 2815 1984 2867 in

412 2913 613 2983 populo
636 2912 701 2967 “.
730 2910 791 2963 Et
821 2910 865 2964 si
896 2908 1019 2978 quis
1076 2907 1359 2961 mulierem
1410 2907 1527 2961 viro
1574 2906 1852 2969 traditam,
1900 2907 1985 2960 in-

412 3004 744 3074 quinaverit,
790 3000 1026 3056 occidite
1085 3006 1415 3067 utrumque;
1447 2998 1787 3067 iniquitatem
1838 2997 1983 3052 fece-

414 3104 567 3160 runt,
600 3098 676 3150 rei
709 3102 861 3157 sunt,
892 3091 1280 3147 moriantur“.
1311 3111 1329 3143 ι
1359 3089 1425 3144 Et
1471 3090 1732 3160 deinceps
1766 3109 1778 3145 :
1816 3109 1835 3141 ι
1862 3090 1980 3145 Νοιι

412 3194 517 3246 erit
546 3190 843 3244 fornicator
874 3187 927 3240 in
959 3186 1085 3239 ﬁliis
1110 3184 1361 3250 lsraelis;
1394 3196 1448 3238 et
1472 3201 1579 3239 non
1608 3184 1714 3238 erit
1741 3182 1985 3237 lorniea-
2010 3161 2051 3217 C

416 3285 523 3336 trix
576 3298 643 3337 ex
699 3280 916 3334 ﬁliabus
966 3278 1204 3332 lsraelis.
1255 3274 1374 3330 Non
1429 3275 1624 3330 oﬂercs
1679 3275 1981 3329 mercedem

417 3373 703 3445 prostibuli
756 3371 989 3424 Domino
1038 3368 1147 3423 Deo
1206 3376 1302 3422 tuo
1347 3385 1511 3437 super
1572 3369 1764 3429 altare,
1808 3384 1985 3437 neque

416 3467 651 3535 pretium
683 3465 835 3517 canis
852 3463 916 3517 “.
953 3462 1071 3515 Non
1102 3462 1247 3517 enim
1280 3476 1415 3531 pura
1450 3470 1600 3521 sunt,
1636 3461 1833 3529 inquit,
1859 3470 1983 3514 vota

409 3575 477 3611 cx
528 3555 773 3611 mercede
824 3553 1146 3607 meretricis.
1182 3570 1199 3599 ι
1259 3549 1382 3603 llaec
1436 3549 1652 3619 quidem
1698 3549 1842 3616 leges
1885 3560 1978 3599 ve-

410 3657 661 3711 tuerunt;
701 3645 1035 3701 connubium
1082 3659 1208 3697 vero
1250 3640 1595 3703 extulerunt,
1636 3640 1977 3693 benedictum

413 3740 766 3809 appellantes,
820 3735 1262 3807 quandoquidem
1314 3734 1593 3787 benedixit
1642 3730 1829 3796 Deus,
1883 3730 1976 3799 qui

413 3828 697 3899 conjunxit
727 3826 982 3881 feminam
1008 3839 1133 3877 cum
1164 3824 1410 3877 masculo
1442 3821 1584 3873 "-“.
1626 3818 1764 3872 Dicit
1794 3826 1987 3871 autem-

414 3922 633 3988 sapiens
651 3919 904 3972 Salomon
934 3934 945 3969 :
978 3937 995 3967 ι
1022 3916 1059 3967 Α
1088 3915 1316 3969 Domino
1337 3924 1552 3978 aptatur
1571 3928 1708 3965 uxor
1731 3903 1903 3965 viro“.
1926 3926 1975 3974 ς»

415 4022 469 4067 et
500 4012 667 4066 David
700 4013 773 4063 ait
802 4032 811 4064 :
851 4031 868 4061 ι
905 4009 1052 4063 Uxor
1083 4020 1198 4071 tua,
1233 4012 1377 4063 sicut
1408 4009 1536 4063 vitis
1580 4010 1891 4072 abundans,
1928 4012 1983 4065 in

413 4104 677 4159 lateribus
721 4102 917 4155 domus
946 4108 1053 4155 tum
1079 4121 1091 4153 :
1122 4100 1214 4153 ﬁlii
1253 4101 1355 4161 tui,
1389 4102 1532 4155 sicut
1565 4103 1788 4155 novellae
1820 4104 1983 4155 oliva-

414 4213 559 4259 rum,
596 4196 649 4248 in
683 4196 917 4248 circuitu
954 4208 1172 4247 mensa}.
1212 4191 1350 4246 Ecce
1382 4192 1462 4247 sic
1509 4193 1861 4248 benedicetur
1884 4195 1983 4248 lio-

411 4307 524 4351 mo,
575 4289 666 4357 qni
723 4288 877 4340 timet
928 4284 1213 4337 Dominum
1238 4285 1300 4337 ⁸⁸,
1334 4303 1351 4334 ι
1408 4282 1591 4353 Itaque
1644 4288 1978 4339 connubinm

412 4381 730 4435 bonorabile
758 4386 842 4431 est
874 4395 935 4431 ac
964 4376 1333 4430 venerandum
1356 4376 1396 4405 ⁸⁷
1422 4394 1434 4439 ;
1469 4385 1522 4430 et
1547 4380 1822 4446 generatio
1846 4380 1981 4433 ﬁlio-

1268 302 1346 376 ‘s.
1382 317 1775 377 οιιειιεΝτιε
1813 317 2034 376 mon.
2076 318 2277 376 roxr.
2313 318 2541 375 opem
2584 316 2808 373 υυιιιι.

2010 462 2057 515 Α

3553 313 3664 369 984

2577 432 2971 492 ΚΕΦΑΛΔΙυΝ
3008 431 3142 486 ΚΗ’.

2154 530 2293 598 Περὶ
2352 530 2810 651 παιδεραστίαςί,
2837 525 3106 668 μρέέἷιας
3143 540 3211 579 τε
3284 522 3383 577 καὶ
3437 535 3587 591 διορ-

2697 617 2765 653 νε
2792 616 2863 664 ac
3002 636 3017 651 .

2697 616 2863 664 νειας
2886 616 3017 664 (ιο).

2152 692 2348 746 Οὐκέτι
2388 692 2445 745 δὲ
2494 692 2586 746 καὶ
2616 693 2650 764 ἡ
2680 689 2833 762 παρά
2859 689 3020 760 φύσιν
3062 686 3318 759 βδελυκτὴ
3350 685 3526 759 μίξις,
3560 686 3596 757 ἦ
3624 688 3660 757 ἡ

2083 784 2398 857 παράνομος
2431 785 2647 855 πρᾶξις,
2680 783 2850 855 ἐχθρά
2881 782 2989 854 γὰρ
3015 780 3148 835 Θεοῦ
3177 781 3522 852 ὑπάρχουσα·
3562 780 3664 833 καί

2082 879 2193 950 γάρ
2231 878 2383 950 παρὰ
2426 878 2585 947 φύσιν
2626 879 2770 931 ἐστὶν
2797 878 2830 947 ή
2866 876 3113 947 Σοδόμων
3144 874 3385 947 ἁμαρτία
3401 874 3468 940 ⁸⁸,
3492 874 3598 927 καὶ
3624 875 3659 944 ἡ

2083 970 2219 1041 πρὸς
2251 970 2439 1038 ἄλογα·
2481 970 2792 1042 παράνομον
2813 969 2888 1035 δὲ,
2926 968 3138 1042 μοιχεία
3173 968 3269 1021 καὶ
3304 965 3556 1038 πορνεία·
3584 958 3662 1019 ὧν

2082 1063 2152 1115 τά
2191 1062 2311 1133 μὲν,
2341 1062 2681 1133 ἀσεϐήματα·
2724 1061 2793 1115 τὰ
2814 1062 2856 1093 ⁸⁷
2887 1061 2965 1127 δὲ,
2998 1060 3199 1114 ἀδικία·
3233 1059 3327 1113 καὶ
3354 1058 3418 1111 τὸ
3465 1056 3665 1110 τελευ-

2079 1158 2252 1218 ταῖον,
2300 1154 2617 1226 ἀμάρτημα·
2660 1154 2937 1226 οὐδέτερον
2973 1152 3029 1206 δὲ
3075 1152 3251 1207 αὐτῶν
3277 1150 3657 1222 ἀτιμώρητον,

2083 1250 2224 1302 κατά
2242 1248 2338 1320 τὴν
2364 1249 2569 1303 οἰκείαν
2610 1247 2864 1301 διάθεσιν.
2899 1246 2967 1299 Οἵ
2995 1262 3052 1298 τε
3082 1244 3191 1315 γὰρ
3226 1243 3426 1314 πρῶτοι
3476 1242 3663 1295 διάλυο

2084 1358 2166 1395 σιν
2200 1341 2402 1412 κόσμου
2447 1340 2811 1412 μηχανῶνται,
2842 1338 2911 1391 τὰ
2949 1337 3090 1392 κατά
3120 1336 3275 1407 φύσιν
3310 1334 3459 1407 παρὰ
3486 1335 3658 1404 φύσιν

2081 1432 2482 1503 ἐπιχειροῦντες
2505 1435 2674 1487 ποιεῖν
2690 1449 2702 1462 ·
2725 1432 2774 1484 οἱ
2798 1431 2853 1484 δὲ
2873 1430 3133 1501 δεύτεροι,
3158 1430 3207 1481 οἱ
3230 1429 3327 1499 μὲν
3347 1428 3657 1491 ἀδικοῦσιν,

2081 1525 2388 1597 ἀλλοτρίους
2416 1525 2625 1595 γάμους
2652 1523 2979 1594 φθείροντες,
3005 1520 3177 1574 καὶτὸ
3201 1521 3301 1573 ὑπὸ
3332 1519 3467 1572 Θεοῦ
3493 1520 3657 1589 γενό-

2086 1635 2242 1687 μενον
2270 1616 2348 1679 ἓν,
2379 1615 2675 1689 διαιροῦσιν
2722 1618 2802 1679 εἰς
2843 1614 2957 1677 δύο,
2996 1613 3122 1677 τούς
3170 1629 3229 1665 τε
3266 1612 3463 1674 παῖδας
3518 1612 3658 1664 ὑπὸ·

2083 1726 2268 1773 πτονς,
2299 1711 2391 1764 καὶ
2419 1710 2509 1762 τὸν
2553 1708 2776 1778 φυσικὸν
2808 1708 2974 1779 ἄνδρα
3004 1704 3441 1759 εῦεπιϐούλευτον
3461 1721 3474 1733 ·
3518 1706 3557 1775 ἦ
3594 1721 3656 1756 τε

2084 1802 2329 1872 πορνεία,
2356 1801 2530 1873 φθορά
2550 1800 2649 1871 τῆς
2676 1800 2881 1862 οἰκείας
2911 1800 3025 1852 ἐστὶ
3050 1799 3269 1870 σαρκὸς,
3287 1798 3385 1850 οὐκ
3408 1798 3499 1849 ἐπὶ
3524 1814 3658 1850 παι-

2082 1894 2295 1966 δοποιίᾳ
2340 1894 2620 1966 γινομένη,
2676 1893 2788 1946 ἀλλ’
2837 1894 2998 1964 ἡδονῇ
3048 1892 3384 1964 χαριζομένη
3415 1891 3475 1943 τὸ
3517 1893 3651 1944 πᾶν·

2083 1986 2219 2059 ὅπερ
2250 1987 2394 2039 tactv
2422 1987 2689 2057 ἀκρασίας
2723 1986 3007 2059 σύμϐολον,
3044 1985 3155 2038 ἀλλ’
3193 1985 3293 2037 οὐκ
3324 1982 3525 2053 ἀρετῆς
3558 2000 3658 2054 ση-

2088 2084 2254 2151 μεῖον.
2298 2080 2695 2152 Ἀπηγόρευται
2739 2079 2795 2131 δὲ
2831 2081 2941 2141 τοῖς
2977 2077 3163 2147 νόμοις
3212 2076 3424 2129 ἅπαντα
3452 2074 3653 2147 ταῦτα.

2082 2172 2219 2241 Φησὶ
2246 2171 2354 2244 γάρ
2370 2172 2439 2225 τά
2457 2171 2612 2239 λόγια
2638 2170 2827 2234 οὕτως·
2856 2190 2873 2222 ι
2894 2172 2968 2223 Οὐ
2989 2170 3294 2242 κοιμηθήσῃ
3330 2170 3468 2241 μετὰ
3484 2172 3657 2243 ἄρρε-

2084 2282 2172 2327 νος
2220 2265 2404 2336 κοίτην
2449 2264 2779 2333 γυναικείαν·
2836 2263 3232 2335 ὲπικατάρατος
3282 2264 3390 2334 γὰρ
3425 2263 3658 2316 beam].

2082 2373 2206 2419 τος·
2239 2358 2332 2409 καὶ
2382 2356 2548 2419 λίθοις
2593 2354 2968 2427 λιθοδολήσατε
3010 2355 3204 2418 αὐτούς
3246 2355 3374 2426 (74)·
3427 2354 3657 2425 36523.97-

2088 2466 2163 2517 μα
2198 2448 2307 2519 (75)
2340 2448 2619 2518 ἐποίησαν·
2652 2447 2829 2502 πάντα
2857 2446 3192 2517 κοιμώμενον
3229 2447 3363 2518 μετὰ
3396 2448 3657 2517 κτήνους,

2084 2543 2438 2594 ἀποκτείνατε
2478 2541 2658 2603 αὑτὸν,
2711 2541 2938 2610 ἀνομίαν
2986 2541 3238 2610 ἐποίησεν
3280 2540 3339 2591 ὲν
3376 2540 3457 2608 τῷ
3509 2540 3656 2610 λαῷ.

2086 2634 2196 2688 Καὶ
2226 2634 2321 2687 ὲάν
2358 2650 2442 2697 τις
2482 2636 2713 2703 γυναῖκα
2760 2632 3026 2704 ὓπανδρον
3066 2634 3259 2704 μιάνῃ,
3294 2633 3659 2685 ἀποκτείνατε

2084 2728 2446 2799 ἀμφοτέρους·
2498 2726 2725 2795 ἀνομίαν
2768 2727 3050 2797 ἐποίησαν,
3095 2726 3268 2795 ἔνοχοί
3315 2727 3475 2789 εἰσιν,
3514 2725 3661 2777 ἀπο-

2086 2818 2456 2873 θανέτωσαν.»
2515 2819 2626 2873 Καὶ
2670 2817 2817 2888 ἑξῆς·
2870 2838 2887 2869 ι
2916 2820 3029 2871 Οὐκ
3085 2818 3234 2870 ἔσται
3283 2816 3564 2887 πορνεύων
3599 2818 3660 2868 ἐν

2087 2913 2220 2973 υἱοῖς
2262 2910 2493 2981 Ἰσραήλ·
2531 2911 2625 2963 καὶ
2663 2911 2763 2964 οὐκ
2796 2910 2946 2965 ἔσται
2976 2909 3309 2981 πορνεύουσα
3337 2908 3444 2961 ἀπὸ
3481 2908 3661 2976 θυγαο

2084 3003 2257 3073 τέρων
2306 3003 2535 3074 Ἰσραήλ.
2571 3004 2646 3057 οὐ
2677 3002 2985 3074 προσοίσεις
3017 3002 3271 3073 μίσθωμα
3308 3001 3511 3071 πόρνης
3538 3003 3669 3055 Κυ-

2090 3097 2189 3167 ρίῳ
2216 3095 2294 3166 τῷ
2322 3096 2439 3166 Θεῷ
2474 3113 2565 3149 σου
2597 3096 2690 3147 ἐπὶ
2715 3095 2775 3147 τὺ
2808 3095 3208 3165 θυσιαστήριον,
3234 3093 3357 3145 οὗτε
3399 3092 3670 3162 ἄλλαγμα

2086 3191 2261 3253 κυνός.
2310 3190 2383 3243 Ub
2422 3190 2529 3260 γὰρ
2562 3188 2744 3257 ἁγναὶ,
2778 3188 2960 3257 φησιν,
2992 3187 3153 3255 εὐχαὶ
3181 3187 3247 3238 ὲκ
3302 3184 3670 3254 μισθώματος

2086 3283 2359 3355 ἑταίρας.»
2399 3280 2581 3334 Ταῦτα
2624 3279 2722 3350 μὲν
2754 3278 3136 3349 ἀπηγόρευσαν
3180 3278 3229 3329 οἱ
3261 3277 3411 3346 νόμοι
3432 3292 3445 3305 ·
3481 3274 3578 3328 τδν
3602 3277 3668 3329 δὲ

2084 3376 2257 3446 γάμον
2286 3374 2601 3444 ἐσέμνυναν,
2620 3370 2977 3441 εὐλογημένον
3006 3370 3163 3423 αὑτὸν
3186 3368 3664 3432 ἀποκαλέσαντες·

2084 3465 2271 3537 ἐπειδὴ
2302 3467 2396 3520 καὶ
2427 3464 2717 3533 εὐλόγησεν
2751 3463 2860 3534 (76)
2888 3464 2916 3515 ό
2942 3460 3072 3525 Θεὸς
3092 3462 3119 3513 ό
3150 3460 3411 3526 συζεύξας
3438 3459 3499 3511 τὸ
3514 3458 3666 3529 θῆλυ

2082 3558 2161 3628 τῷ
2187 3559 2393 3629 ἄρρενι.
2431 3556 2591 3624 Λέγει
2623 3556 2678 3607 δέ
2710 3572 2810 3607 που
2839 3554 2933 3608 καὶ
2972 3556 3000 3605 ὁ
3037 3553 3196 3622 σοφὸς
3222 3549 3471 3622 Σολομὼν
3502 3551 3625 3622 (77)
3646 3569 3663 3583 ·

2090 3670 2107 3701 ι
2136 3650 2290 3720 Παρά
2322 3650 2527 3720 Κυρίου
2558 3646 2853 3720 ἁρμόζεται
2874 3646 3010 3717 γυνὴ
3042 3646 3211 3715 ἀνδρί·
3244 3664 3263 3697 ›
3306 3645 3401 3696 καὶ
3427 3646 3456 3695 ό
3488 3646 3666 3696 Δαεὶδ

2084 3739 2246 3808 λέγει·
2292 3760 2310 3791 ι
2350 3741 2413 3792 Ἦ
2441 3740 2576 3811 γυνή
2614 3756 2707 3792 σου
2746 3738 2819 3800 ὡς
2847 3737 3087 3807 ἄμπελος
3118 3735 3415 3806 εὖθηνοῦσα
3455 3737 3511 3787 ὲν
3540 3739 3667 3799 τοῖς

2086 3832 2289 3885 κλίτεσι
2307 3832 2409 3901 τῆς
2427 3833 2603 3895 οἰκίας
2630 3848 2721 3884 σου
2736 3848 2749 3860 ·
2773 3832 2822 3883 οἱ
2845 3831 2948 3883 υἱοί
2972 3848 3063 3882 σου
3086 3829 3161 3892 ὡς
3179 3828 3411 3897 νεόφυτα
3433 3828 3662 3892 ἐλαιῶν,

2086 3924 2270 3995 κύκλῳ
2306 3925 2406 3994 τῆς
2427 3924 2703 3996 τραπέζης
2728 3941 2839 3976 σου.
2882 3924 3011 3976 Ἰδοὺ
3029 3922 3201 3984 οὕτως
3225 3920 3665 3990 εὐλογηθήσεται

2085 4016 2368 4087 ἄνθρωπος
2395 4018 2423 4067 ό
2453 4015 2784 4085 φοϐούμενος
2824 4015 2916 4066 τὸν
2944 4014 3167 4084 Κύριον,
3195 4032 3213 4062 ι
3262 4011 3472 4064 Οὐκοῦν
3499 4012 3527 4061 ό
3550 4012 3665 4078 γά-

2086 4125 2186 4177 μος
2226 4108 2406 4177 τίμιος
2443 4108 2537 4160 καὶ
2579 4107 2790 4177 σεμνὸς,
2835 4106 2927 4160 καὶ
2953 4108 2985 4176 ἡ
3013 4105 3121 4157 τῶν
3170 4103 3374 4156 παίδων
3415 4103 3661 4171 γένεσις,

2084 4199 2300 4270 καθαρά
2318 4217 2330 4228 ·
2354 4199 2503 4251 οὐδὲν
2528 4199 2635 4270 γὰρ
2656 4199 2823 4252 κακὸν
2853 4200 2909 4250 ὲν
2939 4197 3088 4267 καλῷ
3120 4197 3371 4266 ὑπάρχει.
3391 4194 3526 4247 Οὔτε
3556 4192 3661 4249 οὖν

2082 4291 2329 4362 ἡφυσικὴ
2360 4292 2643 4362 κάθαρσις,
2670 4291 2924 4362 βδελυκτὴ
2949 4290 3100 4360 παρὰ
3121 4290 3230 4360 (78)
3257 4288 3468 4359 Θεῷ,ὂς
3484 4288 3662 4360 αὐτὴν

2081 4383 2401 4455 ᾠκονόμησε
2446 4383 2756 4454 συμϐαίνειν
2797 4382 3037 4451 γυναιξὶν
3074 4384 3130 4435 ὲν
3176 4382 3659 4454 τριακονθημέρῳ,

413 4489 535 4527 rum
580 4487 757 4541 pura:
790 4470 925 4523 nihil
954 4469 1098 4523 enim
1143 4466 1268 4520 mali
1317 4466 1459 4520 inest
1492 4468 1544 4520 in
1596 4470 1755 4523 bono.
1796 4469 1981 4540 Neque

2087 4477 2395 4539 συστάσεως
2427 4476 2584 4547 χάριν
2602 4477 2693 4529 καὶ
2712 4477 3029 4547 εὐρωστίας,
3046 4476 3454 4547 ἀκινητοτέραις
3476 4476 3664 4545 ὑπαρ-

473 4665 519 4744 ξθ
552 4667 623 4720 al.
653 4668 931 4744 ἀσέλγεια.
992 4670 1082 4744 Sic
1131 4672 1255 4725 cod.
1311 4674 1467 4727 Vind.
1547 4677 1591 4707 ⁸⁷
1629 4678 1663 4730 Γ.
1702 4678 1781 4730 τό.
1860 4678 1904 4709 ⁵⁸
1938 4678 1995 4731 ιι

2142 4695 2297 4739 xvm,
2335 4679 2426 4733 Ἠ.
2504 4681 2549 4711 ⁵³
2580 4678 2752 4733 Levit.
2793 4697 2894 4744 xx,
2948 4680 3032 4734 15.
3113 4681 3157 4711 ⁸⁸
3186 4679 3359 4735 Exod.
3391 4698 3530 4739 xxn.
3581 4684 3678 4738 19.

402 4734 642 4791 “chit.
704 4734 807 4798 xx,
855 4740 953 4804 l0;
1008 4740 1163 4795 Deut.
1227 4759 1361 4806 χχιι,
1414 4746 1501 4798 22.

399 4820 607 4872 cxxvu,
637 4808 688 4860 ὅ.
766 4809 809 4839 ⁸⁷
835 4807 996 4863 llcbr.
1036 4828 1154 4874 xm,
1188 4812 1239 4865 ιί.

1582 4750 1625 4777 ⁶²
1654 4748 1812 4802 Deut.
1874 4766 1995 4803 xxm

2087 4747 2160 4801 I7.
2240 4749 2527 4805 "-“Gen.
2564 4767 2600 4814 ι,
2630 4752 2719 4805 28.
2800 4752 2844 4782 “
2891 4749 3054 4805 Prov.
3093 4767 3213 4815 nx,
3260 4752 3346 4807 Η.

3443 4753 3489 4783 ⁸⁸
3522 4751 3677 4809 Psal.

1848 4986 2207 5041 VARIORUM
2241 4986 2471 5041 NOTA‘J.

482 5095 590 5179 (75)
619 5098 927 5179 ηορνείιιςζ
958 5097 1118 5179 Addit
1146 5094 1604 5179 'Vindobonensis
1645 5101 1834 5179 codex;
1886 5104 1977 5155 καὶ

414 5165 611 5241 μίξεως
640 5165 869 5241 ἀλόγων,
902 5167 987 5241 ὅτι
1004 5168 1069 5241 τὰ
1093 5166 1190 5241 μέν
1212 5168 1501 5241 ἐστιΑπ-αρά
1524 5170 1681 5241 φύσιν
1703 5171 1868 5241 ἀσέϐη
1879 5190 1973 5241 μα,

408 5236 476 5287 τα
500 5235 557 5287 δὲ
588 5236 737 5305 παρὰ
767 5236 928 5305 νόμον
965 5235 1167 5301 ἀδικία,
1198 5239 1289 5289 καὶ
1326 5238 1412 5291 διὰ
1434 5235 1491 5290 ’τί
1520 5235 1721 5292 τούτων
1750 5235 1976 5294 ἕκαστον

408 5305 702 5425 ἀπείρηται
732 5307 826 5358 καὶ
853 5306 1153 5370 κολάζεται.
1192 5307 1289 5362 CL.

484 5374 549 5425 (7.
577 5376 592 5425 i
623 5376 819 5425 Alﬂom
878 5375 1289 5425 λιθοϐολῆσατι

484 5374 592 5443 (74)
623 5376 819 5440 Λίθοις
878 5375 1310 5441 λιθοϐολῆσατε
1358 5379 1596 5443 αὐτούς,
1663 5378 1972 5434 Secundum

411 5459 633 5514 sensum
662 5452 714 5514 et
746 5446 906 5499 verba
940 5446 1234 5514 Scriptura:
1263 5446 1477 5499 Ζιευὶιὶσί
1515 5464 1606 5510 xx,
1634 5451 1724 5501 ubi
1758 5450 1973 5514 θανάτῳ

411 5513 856 5590 θανατοῦσθωσαν
888 5507 1078 5590 morle'
1098 5516 1471 5590 morianturet
1498 5507 1662 5580 λίθοις
1692 5507 1965 5590 λιθοϐολήξ

415 5599 534 5659 σετε
568 5584 784 5649 αὐτούς,
818 5584 1081 5659 lapidibus
1125 5585 1434 5659 lapidabitis
1472 5602 1559 5641 eos
1600 5589 1743 5641 idem
1788 5584 1961 5659 signi-

414 5653 605 5727 ﬁcant;
642 5655 1099 5727 quemadmodum
1136 5656 1390 5724 colligere
1442 5665 1535 5727 est
1554 5674 1617 5710 ex
1655 5653 1958 5722 eodem'ca-

416 5724 545 5785 pile,
569 5724 865 5789 praesertim
896 5725 941 5778 si
970 5724 1284 5779 conferatur
1316 5743 1438 5780 cum
1493 5726 1680 5781 ΕερτεΙι.
1726 5746 1836 5795 xvi,
1870 5730 1957 5795 58,

2074 5104 2178 5169 40;
2202 5101 2364 5157 Joan.
2387 5120 2507 5163 Vlll,
2533 5104 2587 5169 5,
2609 5120 2731 5157 cum
2748 5104 2974 5159 Philone
3001 5105 3143 5174 apud
3173 5105 3469 5161 Eusebium
3496 5107 3656 5164 Prce-

2075 5190 2189 5247 par.
2225 5190 2434 5247 evang_.,
2468 5173 2560 5227 lib.
2600 5190 2717 5247 vin,
2744 5191 2867 5247 cap.
2893 5176 2944 5247 7,
2975 5173 3173 5230 etcum
3194 5175 3433 5247 Josepbo
3462 5193 3654 5235 contra

2074 5244 2348 5311 Apionem,
2384 5243 2474 5298 lib.
2506 5259 2565 5307 ιι,
2609 5261 2661 5312 p.
2695 5243 2851 5299 1075.
2885 5245 3020 5300 Cor.

2146 5312 2257 5382 (75)
2289 5312 2619 5385 Βδέλυγμα.
2674 5313 2980 5385 Ριιιξίίεἰιυι·
3021 5318 3102 5369 ὅτι
3152 5318 3204 5370 in
3254 5316 3650 5377 cod.Vindob.

2074 5392 2127 5435 ct
2168 5391 2291 5456 post
2323 5384 2585 5454 ἐποίησαν
2619 5384 3003 5456 ειιίιῇείιιιιονὲν
3032 5386 3111 5456 τῷ
3149 5386 3280 5456 λαῷ.
3322 5386 3427 5443 Sed
3470 5391 3654 5445 πάντα

2074 5442 2411 5531 κοιμέιμενον
2434 5442 2615 5531 usque
2636 5454 2705 5531 ad
2835 5455 2949 5526 λαῷ
2974 5442 3194 5531 desunt.
3225 5442 3324 5515 CL.

2145 5523 2253 5590 (76)
2281 5525 2651 5593 Εῡλόγησεν.
2670 5523 2903 5580 Addit-ur
2921 5523 3096 5580 ἀὐτόν
3112 5528 3164 5580 in
3178 5529 3299 5582 cod.
3321 5527 3650 5586 Vindobin.

2080 5662 2088 5671 '
2148 5594 2257 5671 (7.7)
2290 5594 2700 5671 Κιεζ-όρορὸς
2730 5597 3030 5666 Σολομὼν.
3092 5596 3218 5651 llaec
3268 5600 3477 5653 omissa
3521 5613 3655 5656 sunt

2078 5663 2131 5715 in
2161 5666 2331 5716 alti-ro
2365 5663 2522 5717 Vind.
2562 5664 2636 5718 in.

2149 5733 2257 5803 (78)
2290 5734 2469 5802 ﬂagri.
2500 5734 2658 5789 Deest
2695 5737 2749 5789 in
2772 5737 2942 5792 altero
2964 5738 3083 5793 rod.
3118 5735 3280 5794 Vind.
3315 5740 3394 5795 In.
