  <div class='ocr_page' id='page_1' title='image "/cluster/home/n/w/nwhite01/storage/ocr_20150623/1/nnc1.0022106693/544.png"; bbox 0 0 3886 6190; ppageno 0'>
   <div class='ocr_carea' id='block_1_1' title="bbox 174 277 298 337">
    <p class='ocr_par' dir='ltr' id='par_1_1' title="bbox 174 277 298 337">
     <span class='ocr_line' id='line_1_1' title="bbox 174 277 298 337; baseline 0.024 -3"><span class='ocrx_word' id='word_1_1' title='bbox 174 277 298 337; x_wconf 77' lang='lat'><strong><em>993</em></strong></span> 
     </span>
    </p>
   </div>
   <div class='ocr_carea' id='block_1_2' title="bbox 1069 271 2582 328">
    <p class='ocr_par' dir='ltr' id='par_1_2' title="bbox 1069 271 2582 328">
     <span class='ocr_line' id='line_1_2' title="bbox 1069 271 2582 328; baseline -0.001 -1"><span class='ocrx_word' id='word_1_2' title='bbox 1069 271 1659 328; x_wconf 69' lang='lat' dir='ltr'><strong><em>CONSTITUTIOXES</em></strong></span> <span class='ocrx_word' id='word_1_3' title='bbox 1696 271 2164 328; x_wconf 59' lang='lat' dir='ltr'><strong><em>AI‘OTTOLICAE.</em></strong></span> <span class='ocrx_word' id='word_1_4' title='bbox 2199 303 2268 312; x_wconf 92' lang='lat'><strong><em>——</em></strong></span> <span class='ocrx_word' id='word_1_5' title='bbox 2307 272 2432 328; x_wconf 74' lang='lat' dir='ltr'>LIII.</span> <span class='ocrx_word' id='word_1_6' title='bbox 2474 271 2582 326; x_wconf 85' lang='lat' dir='ltr'>VII.</span> 
     </span>
    </p>
   </div>
   <div class='ocr_carea' id='block_1_3' title="bbox 3329 266 3458 323">
    <p class='ocr_par' dir='ltr' id='par_1_3' title="bbox 3329 266 3458 323">
     <span class='ocr_line' id='line_1_3' title="bbox 3329 266 3458 323; baseline -0.016 0"><span class='ocrx_word' id='word_1_7' title='bbox 3329 266 3434 323; x_wconf 63' lang='lat'><strong>994</strong></span> <span class='ocrx_word' id='word_1_8' title='bbox 3456 301 3458 303; x_wconf 63' lang='grc'><strong>›</strong></span> 
     </span>
    </p>
   </div>
   <div class='ocr_carea' id='block_1_4' title="bbox 177 383 1813 461">
    <p class='ocr_par' dir='ltr' id='par_1_4' title="bbox 177 389 1813 461">
     <span class='ocr_line' id='line_1_4' title="bbox 177 389 1813 461; baseline 0.002 -15"><span class='ocrx_word' id='word_1_9' title='bbox 177 395 259 455; x_wconf 75' lang='grc' dir='ltr'><strong><em>ζ’.</em></strong></span> <span class='ocrx_word' id='word_1_10' title='bbox 315 391 742 460; x_wconf 62' lang='grc' dir='ltr'><em>Ἀπαῃόρευσις</em></span> <span class='ocrx_word' id='word_1_11' title='bbox 770 394 1142 461; x_wconf 63' lang='grc' dir='ltr'><em>γογγυσμοῦ,</em></span> <span class='ocrx_word' id='word_1_12' title='bbox 1173 394 1271 447; x_wconf 78' lang='grc' dir='ltr'><em>καὶ</em></span> <span class='ocrx_word' id='word_1_13' title='bbox 1298 393 1641 458; x_wconf 80' lang='grc' dir='ltr'><strong><em>αὐθαδείας,</em></strong></span> <span class='ocrx_word' id='word_1_14' title='bbox 1667 389 1763 446; x_wconf 79' lang='grc' dir='ltr'><em>καὶ</em></span> <span class='ocrx_word' id='word_1_15' title='bbox 1793 395 1813 450; x_wconf 74' lang='lat' dir='ltr'><strong><em>l</em></strong></span> 
     </span>
    </p>
   </div>
   <div class='ocr_carea' id='block_1_5' title="bbox 1897 383 3438 461">
    <p class='ocr_par' dir='ltr' id='par_1_5' title="bbox 1897 383 3438 452">
     <span class='ocr_line' id='line_1_5' title="bbox 1897 383 3438 452; baseline -0.007 -9"><span class='ocrx_word' id='word_1_16' title='bbox 1897 387 1976 443; x_wconf 71' lang='grc'><strong><em>⁷11.</em></strong></span> <span class='ocrx_word' id='word_1_17' title='bbox 2022 388 2331 442; x_wconf 84' lang='lat' dir='ltr'><strong><em>Interdictio</em></strong></span> <span class='ocrx_word' id='word_1_18' title='bbox 2371 385 2831 448; x_wconf 84' lang='lat' dir='ltr'><strong><em>murmurationis.</em></strong></span> <span class='ocrx_word' id='word_1_19' title='bbox 2879 383 3209 452; x_wconf 80' lang='lat' dir='ltr'><strong><em>pervicacia&#39;,</em></strong></span> <span class='ocrx_word' id='word_1_20' title='bbox 3254 397 3438 449; x_wconf 86' lang='lat' dir='ltr'><strong><em>super.</em></strong></span> 
     </span>
    </p>
   </div>
   <div class='ocr_carea' id='block_1_6' title="bbox 263 484 1246 554">
    <p class='ocr_par' dir='ltr' id='par_1_6' title="bbox 263 484 1246 554">
     <span class='ocr_line' id='line_1_6' title="bbox 263 484 1246 554; baseline 0.002 -15"><span class='ocrx_word' id='word_1_21' title='bbox 263 485 676 552; x_wconf 64' lang='grc' dir='ltr'><em>ὑπερηφανίας</em></span> <span class='ocrx_word' id='word_1_22' title='bbox 691 528 703 550; x_wconf 89' lang='grc'><strong><em>,</em></strong></span> <span class='ocrx_word' id='word_1_23' title='bbox 737 484 835 538; x_wconf 76' lang='grc' dir='ltr'><em>καὶ</em></span> <span class='ocrx_word' id='word_1_24' title='bbox 858 487 1246 554; x_wconf 81' lang='grc' dir='ltr'><strong><em>θρασύτητος.</em></strong></span> 
     </span>
    </p>
   </div>
   <div class='ocr_carea' id='block_1_7' title="bbox 175 576 1764 647">
    <p class='ocr_par' dir='ltr' id='par_1_7' title="bbox 175 576 1764 647">
     <span class='ocr_line' id='line_1_7' title="bbox 175 576 1764 647; baseline 0.003 -20"><span class='ocrx_word' id='word_1_25' title='bbox 175 581 266 642; x_wconf 88' lang='grc' dir='ltr'><strong><em>η’.</em></strong></span> <span class='ocrx_word' id='word_1_26' title='bbox 324 576 467 644; x_wconf 82' lang='grc' dir='ltr'><em>Περὶ</em></span> <span class='ocrx_word' id='word_1_27' title='bbox 524 577 961 646; x_wconf 79' lang='grc' dir='ltr'><strong><em>μακροθυμίας,</em></strong></span> <span class='ocrx_word' id='word_1_28' title='bbox 1041 580 1321 645; x_wconf 83' lang='grc' dir='ltr'><em>ἀκακίας,</em></span> <span class='ocrx_word' id='word_1_29' title='bbox 1398 581 1764 647; x_wconf 85' lang='grc' dir='ltr'><em>πραότητος,</em></span> 
     </span>
    </p>
   </div>
   <div class='ocr_carea' id='block_1_8' title="bbox 264 667 593 737">
    <p class='ocr_par' dir='ltr' id='par_1_8' title="bbox 264 667 593 737">
     <span class='ocr_line' id='line_1_8' title="bbox 264 667 593 737; baseline -0.003 -15"><span class='ocrx_word' id='word_1_30' title='bbox 264 667 593 737; x_wconf 72' lang='grc' dir='ltr'><strong><em>ὑπομονῆς.</em></strong></span> 
     </span>
    </p>
   </div>
   <div class='ocr_carea' id='block_1_9' title="bbox 181 761 1766 831">
    <p class='ocr_par' dir='ltr' id='par_1_9' title="bbox 181 761 1766 831">
     <span class='ocr_line' id='line_1_9' title="bbox 181 761 1766 831; baseline -0.001 -15"><span class='ocrx_word' id='word_1_31' title='bbox 181 763 263 816; x_wconf 85' lang='grc' dir='ltr'><em>θ’.</em></span> <span class='ocrx_word' id='word_1_32' title='bbox 308 764 436 816; x_wconf 82' lang='grc' dir='ltr'><em>Ὅτι</em></span> <span class='ocrx_word' id='word_1_33' title='bbox 483 761 598 831; x_wconf 79' lang='grc' dir='ltr'><em>χρὴ</em></span> <span class='ocrx_word' id='word_1_34' title='bbox 643 762 785 828; x_wconf 87' lang='grc' dir='ltr'><em>τοὺς</em></span> <span class='ocrx_word' id='word_1_35' title='bbox 839 761 987 815; x_wconf 85' lang='grc' dir='ltr'><em>κατὰ</em></span> <span class='ocrx_word' id='word_1_36' title='bbox 1027 763 1282 830; x_wconf 73' lang='grc' dir='ltr'><em>Χριστὸν</em></span> <span class='ocrx_word' id='word_1_37' title='bbox 1325 762 1766 829; x_wconf 68' lang='grc' dir='ltr'><strong><em>διδασκάλους,</em></strong></span> 
     </span>
    </p>
   </div>
   <div class='ocr_carea' id='block_1_10' title="bbox 265 854 1770 925">
    <p class='ocr_par' dir='ltr' id='par_1_10' title="bbox 265 854 1770 925">
     <span class='ocr_line' id='line_1_10' title="bbox 265 854 1770 925; baseline -0.001 -16"><span class='ocrx_word' id='word_1_38' title='bbox 265 854 494 925; x_wconf 76' lang='grc' dir='ltr'><em>γονέων</em></span> <span class='ocrx_word' id='word_1_39' title='bbox 531 856 742 909; x_wconf 81' lang='grc' dir='ltr'><em>πλεῖον</em></span> <span class='ocrx_word' id='word_1_40' title='bbox 786 854 1077 924; x_wconf 72' lang='grc' dir='ltr'><em>ἡγεῖσθαι·</em></span> <span class='ocrx_word' id='word_1_41' title='bbox 1122 859 1176 909; x_wconf 81' lang='grc' dir='ltr'><em>οὶ</em></span> <span class='ocrx_word' id='word_1_42' title='bbox 1207 855 1325 924; x_wconf 87' lang='grc' dir='ltr'><em>μὲν</em></span> <span class='ocrx_word' id='word_1_43' title='bbox 1360 855 1474 924; x_wconf 77' lang='grc' dir='ltr'><strong><em>γὰρ</em></strong></span> <span class='ocrx_word' id='word_1_44' title='bbox 1498 855 1561 909; x_wconf 84' lang='grc' dir='ltr'><em>τὸ</em></span> <span class='ocrx_word' id='word_1_45' title='bbox 1594 857 1662 909; x_wconf 82' lang='grc' dir='ltr'><em>εὖ</em></span> <span class='ocrx_word' id='word_1_46' title='bbox 1687 857 1770 908; x_wconf 79' lang='grc' dir='ltr'><strong><em>εἷ-</em></strong></span> 
     </span>
    </p>
   </div>
   <div class='ocr_carea' id='block_1_11' title="bbox 265 947 1491 1016">
    <p class='ocr_par' dir='ltr' id='par_1_11' title="bbox 265 947 1491 1016">
     <span class='ocr_line' id='line_1_11' title="bbox 265 947 1491 1016; baseline -0.001 -15"><span class='ocrx_word' id='word_1_47' title='bbox 265 965 366 1001; x_wconf 83' lang='grc' dir='ltr'><strong><em>ναι</em></strong></span> <span class='ocrx_word' id='word_1_48' title='bbox 390 990 402 1012; x_wconf 91' lang='grc'><strong><em>,</em></strong></span> <span class='ocrx_word' id='word_1_49' title='bbox 437 950 486 1000; x_wconf 79' lang='grc' dir='ltr'><em>οἱ</em></span> <span class='ocrx_word' id='word_1_50' title='bbox 513 947 581 1000; x_wconf 89' lang='grc' dir='ltr'><em>δὲ</em></span> <span class='ocrx_word' id='word_1_51' title='bbox 613 947 676 1000; x_wconf 86' lang='grc' dir='ltr'><em>τὸ</em></span> <span class='ocrx_word' id='word_1_52' title='bbox 709 947 859 1000; x_wconf 74' lang='grc' dir='ltr'><em>εἶναι</em></span> <span class='ocrx_word' id='word_1_53' title='bbox 884 948 1075 1016; x_wconf 88' lang='grc' dir='ltr'><em>μόνον</em></span> <span class='ocrx_word' id='word_1_54' title='bbox 1103 949 1491 1016; x_wconf 86' lang='grc' dir='ltr'><em>παρέχουσιν.</em></span> 
     </span>
    </p>
   </div>
   <div class='ocr_carea' id='block_1_12' title="bbox 189 1037 1770 1109">
    <p class='ocr_par' dir='ltr' id='par_1_12' title="bbox 189 1037 1770 1109">
     <span class='ocr_line' id='line_1_12' title="bbox 189 1037 1770 1109; baseline 0.003 -15"><span class='ocrx_word' id='word_1_55' title='bbox 189 1045 250 1094; x_wconf 80' lang='grc' dir='ltr'><strong><em>ι’.</em></strong></span> <span class='ocrx_word' id='word_1_56' title='bbox 294 1040 427 1091; x_wconf 76' lang='grc' dir='ltr'><em>Ὀτι</em></span> <span class='ocrx_word' id='word_1_57' title='bbox 466 1038 580 1106; x_wconf 77' lang='grc' dir='ltr'><em>χρὴ</em></span> <span class='ocrx_word' id='word_1_58' title='bbox 609 1038 694 1107; x_wconf 82' lang='grc' dir='ltr'><em>μὴ</em></span> <span class='ocrx_word' id='word_1_59' title='bbox 731 1037 1075 1107; x_wconf 80' lang='grc' dir='ltr'><em>ἀποσχίζειν</em></span> <span class='ocrx_word' id='word_1_60' title='bbox 1115 1038 1236 1092; x_wconf 87' lang='grc' dir='ltr'><em>τῶν</em></span> <span class='ocrx_word' id='word_1_61' title='bbox 1269 1041 1484 1109; x_wconf 78' lang='grc' dir='ltr'><em>ἁγίων,</em></span> <span class='ocrx_word' id='word_1_62' title='bbox 1518 1041 1657 1095; x_wconf 81' lang='grc' dir='ltr'><em>ἀλλ’</em></span> <span class='ocrx_word' id='word_1_63' title='bbox 1687 1043 1770 1097; x_wconf 79' lang='grc' dir='ltr'><em>εί-</em></span> 
     </span>
    </p>
   </div>
   <div class='ocr_carea' id='block_1_13' title="bbox 263 1132 1775 1200">
    <p class='ocr_par' dir='ltr' id='par_1_13' title="bbox 263 1132 1775 1200">
     <span class='ocr_line' id='line_1_13' title="bbox 263 1132 1775 1200; baseline 0.003 -17"><span class='ocrx_word' id='word_1_64' title='bbox 263 1133 547 1200; x_wconf 88' lang='grc' dir='ltr'><em>ρηνεύειν</em></span> <span class='ocrx_word' id='word_1_65' title='bbox 568 1132 970 1200; x_wconf 79' lang='grc' dir='ltr'><strong><em>μαχομένους,</em></strong></span> <span class='ocrx_word' id='word_1_66' title='bbox 1004 1133 1230 1200; x_wconf 85' lang='grc' dir='ltr'><em>κρίνειν</em></span> <span class='ocrx_word' id='word_1_67' title='bbox 1274 1149 1338 1186; x_wconf 86' lang='grc' dir='ltr'><strong><em>τε</em></strong></span> <span class='ocrx_word' id='word_1_68' title='bbox 1376 1132 1643 1200; x_wconf 79' lang='grc' dir='ltr'><strong><em>δικαίως,</em></strong></span> <span class='ocrx_word' id='word_1_69' title='bbox 1674 1133 1775 1187; x_wconf 78' lang='grc' dir='ltr'><em>καὶ</em></span> 
     </span>
    </p>
   </div>
   <div class='ocr_carea' id='block_1_14' title="bbox 141 1223 938 1296">
    <p class='ocr_par' dir='ltr' id='par_1_14' title="bbox 141 1223 938 1296">
     <span class='ocr_line' id='line_1_14' title="bbox 141 1223 938 1296; baseline 0 -17"><span class='ocrx_word' id='word_1_70' title='bbox 141 1289 146 1293; x_wconf 27' lang='grc' dir='ltr'><strong><em>η</em></strong></span> <span class='ocrx_word' id='word_1_71' title='bbox 266 1227 352 1296; x_wconf 84' lang='grc' dir='ltr'><em>μὴ</em></span> <span class='ocrx_word' id='word_1_72' title='bbox 383 1223 938 1293; x_wconf 86' lang='grc' dir='ltr'><em>προσωποληπτεῖν.</em></span> 
     </span>
    </p>
   </div>
   <div class='ocr_carea' id='block_1_15' title="bbox 189 1317 1288 1387">
    <p class='ocr_par' dir='ltr' id='par_1_15' title="bbox 189 1317 1288 1387">
     <span class='ocr_line' id='line_1_15' title="bbox 189 1317 1288 1387; baseline -0.002 -14"><span class='ocrx_word' id='word_1_73' title='bbox 189 1327 294 1373; x_wconf 79' lang='grc' dir='ltr'><em>ια’.</em></span> <span class='ocrx_word' id='word_1_74' title='bbox 337 1317 475 1386; x_wconf 80' lang='grc' dir='ltr'><em>Περὶ</em></span> <span class='ocrx_word' id='word_1_75' title='bbox 505 1317 793 1385; x_wconf 66' lang='grc' dir='ltr'><em>διψύχου,</em></span> <span class='ocrx_word' id='word_1_76' title='bbox 825 1318 1212 1387; x_wconf 63' lang='grc' dir='ltr'><em>ὀλιγοπίστου</em></span> <span class='ocrx_word' id='word_1_77' title='bbox 1249 1317 1288 1371; x_wconf 76' lang='grc' dir='ltr'><strong><em>ί.</em></strong></span> 
     </span>
    </p>
   </div>
   <div class='ocr_carea' id='block_1_16' title="bbox 189 1411 785 1480">
    <p class='ocr_par' dir='ltr' id='par_1_16' title="bbox 189 1411 785 1480">
     <span class='ocr_line' id='line_1_16' title="bbox 189 1411 785 1480; baseline 0.002 -17"><span class='ocrx_word' id='word_1_78' title='bbox 189 1417 288 1467; x_wconf 70' lang='grc' dir='ltr'><em>ιϐ’.</em></span> <span class='ocrx_word' id='word_1_79' title='bbox 330 1411 470 1480; x_wconf 83' lang='grc' dir='ltr'><em>Περὶ</em></span> <span class='ocrx_word' id='word_1_80' title='bbox 500 1413 785 1475; x_wconf 82' lang='grc' dir='ltr'><em>εὐποιίας.</em></span> 
     </span>
    </p>
   </div>
   <div class='ocr_carea' id='block_1_17' title="bbox 1935 483 2332 552">
    <p class='ocr_par' dir='ltr' id='par_1_17' title="bbox 1935 483 2332 552">
     <span class='ocr_line' id='line_1_17' title="bbox 1935 483 2332 552; baseline 0.005 -16"><span class='ocrx_word' id='word_1_81' title='bbox 1935 485 2054 549; x_wconf 75' lang='lat' dir='ltr'><strong><em>bim,</em></strong></span> <span class='ocrx_word' id='word_1_82' title='bbox 2087 483 2332 552; x_wconf 75' lang='lat' dir='ltr'><strong><em>feritatis.</em></strong></span> 
     </span>
    </p>
   </div>
   <div class='ocr_carea' id='block_1_18' title="bbox 1865 567 3430 644">
    <p class='ocr_par' dir='ltr' id='par_1_18' title="bbox 1865 567 3430 644">
     <span class='ocr_line' id='line_1_18' title="bbox 1865 567 3430 644; baseline -0.004 -18"><span class='ocrx_word' id='word_1_83' title='bbox 1865 574 2001 630; x_wconf 76' lang='lat' dir='ltr'>VIII.</span> <span class='ocrx_word' id='word_1_84' title='bbox 2043 575 2118 629; x_wconf 84' lang='lat' dir='ltr'><strong><em>De</em></strong></span> <span class='ocrx_word' id='word_1_85' title='bbox 2174 573 2593 644; x_wconf 70' lang='lat' dir='ltr'><strong><em>longanimitate,</em></strong></span> <span class='ocrx_word' id='word_1_86' title='bbox 2651 569 2974 628; x_wconf 76' lang='lat' dir='ltr'><strong><em>innocentia.</em></strong></span> <span class='ocrx_word' id='word_1_87' title='bbox 3010 567 3430 630; x_wconf 71' lang='lat' dir='ltr'><strong><em>mansuetudine,</em></strong></span> 
     </span>
    </p>
   </div>
   <div class='ocr_carea' id='block_1_19' title="bbox 1934 667 2212 735">
    <p class='ocr_par' dir='ltr' id='par_1_19' title="bbox 1934 667 2212 735">
     <span class='ocr_line' id='line_1_19' title="bbox 1934 667 2212 735; baseline 0.004 -15"><span class='ocrx_word' id='word_1_88' title='bbox 1934 667 2212 735; x_wconf 84' lang='lat' dir='ltr'><strong><em>patientia.</em></strong></span> 
     </span>
    </p>
   </div>
   <div class='ocr_carea' id='block_1_20' title="bbox 1868 752 3436 826">
    <p class='ocr_par' dir='ltr' id='par_1_20' title="bbox 1868 752 3436 826">
     <span class='ocr_line' id='line_1_20' title="bbox 1868 752 3436 826; baseline -0.006 -14"><span class='ocrx_word' id='word_1_89' title='bbox 1868 759 1959 813; x_wconf 90' lang='lat' dir='ltr'><strong><em>IX.</em></strong></span> <span class='ocrx_word' id='word_1_90' title='bbox 2003 758 2154 825; x_wconf 83' lang='lat' dir='ltr'><strong><em>Quod</em></strong></span> <span class='ocrx_word' id='word_1_91' title='bbox 2179 765 2413 826; x_wconf 83' lang='lat' dir='ltr'><strong><em>oporteat</em></strong></span> <span class='ocrx_word' id='word_1_92' title='bbox 2444 755 2704 809; x_wconf 69' lang='lat' dir='ltr'><strong><em>doctrina&#39;</em></strong></span> <span class='ocrx_word' id='word_1_93' title='bbox 2735 753 2934 809; x_wconf 78' lang='lat' dir='ltr'><strong><em>Christi</em></strong></span> <span class='ocrx_word' id='word_1_94' title='bbox 2961 754 3238 824; x_wconf 81' lang='lat' dir='ltr'><strong><em>magistros</em></strong></span> <span class='ocrx_word' id='word_1_95' title='bbox 3267 752 3436 820; x_wconf 62' lang='lat' dir='ltr'><strong><em>pluris</em></strong></span> 
     </span>
    </p>
   </div>
   <div class='ocr_carea' id='block_1_21' title="bbox 1936 842 3436 919">
    <p class='ocr_par' dir='ltr' id='par_1_21' title="bbox 1936 842 3436 919">
     <span class='ocr_line' id='line_1_21' title="bbox 1936 842 3436 919; baseline -0.006 -17"><span class='ocrx_word' id='word_1_96' title='bbox 1936 851 2122 904; x_wconf 87' lang='lat' dir='ltr'><strong><em>ducere</em></strong></span> <span class='ocrx_word' id='word_1_97' title='bbox 2142 865 2296 919; x_wconf 86' lang='lat' dir='ltr'><strong><em>quam</em></strong></span> <span class='ocrx_word' id='word_1_98' title='bbox 2316 861 2554 916; x_wconf 85' lang='lat' dir='ltr'><strong><em>parentes</em></strong></span> <span class='ocrx_word' id='word_1_99' title='bbox 2579 863 2596 900; x_wconf 89' lang='lat'><strong><em>:</em></strong></span> <span class='ocrx_word' id='word_1_100' title='bbox 2618 848 2700 900; x_wconf 84' lang='lat' dir='ltr'><strong><em>illi</em></strong></span> <span class='ocrx_word' id='word_1_101' title='bbox 2731 847 3008 916; x_wconf 87' lang='lat' dir='ltr'><strong><em>siquidem,</em></strong></span> <span class='ocrx_word' id='word_1_102' title='bbox 3043 845 3170 900; x_wconf 83' lang='lat' dir='ltr'><strong><em>bene</em></strong></span> <span class='ocrx_word' id='word_1_103' title='bbox 3199 861 3309 899; x_wconf 86' lang='lat' dir='ltr'><strong><em>esse</em></strong></span> <span class='ocrx_word' id='word_1_104' title='bbox 3339 857 3357 895; x_wconf 92' lang='lat'><strong><em>:</em></strong></span> <span class='ocrx_word' id='word_1_105' title='bbox 3383 842 3436 894; x_wconf 75' lang='lat' dir='ltr'><strong><em>In</em></strong></span> 
     </span>
    </p>
   </div>
   <div class='ocr_carea' id='block_1_22' title="bbox 1939 949 2720 1008">
    <p class='ocr_par' dir='ltr' id='par_1_22' title="bbox 1939 949 2720 1008">
     <span class='ocr_line' id='line_1_22' title="bbox 1939 949 2720 1008; baseline -0.003 -12"><span class='ocrx_word' id='word_1_106' title='bbox 1939 960 2055 996; x_wconf 78' lang='lat' dir='ltr'><strong><em>vero</em></strong></span> <span class='ocrx_word' id='word_1_107' title='bbox 2078 959 2186 996; x_wconf 78' lang='lat'><strong><em>3888</em></strong></span> <span class='ocrx_word' id='word_1_108' title='bbox 2210 951 2414 994; x_wconf 91' lang='lat' dir='ltr'><strong><em>tantum</em></strong></span> <span class='ocrx_word' id='word_1_109' title='bbox 2445 949 2720 1008; x_wconf 81' lang='lat' dir='ltr'><strong><em>prrestant.</em></strong></span> 
     </span>
    </p>
   </div>
   <div class='ocr_carea' id='block_1_23' title="bbox 1869 1027 3437 1101">
    <p class='ocr_par' dir='ltr' id='par_1_23' title="bbox 1869 1027 3437 1101">
     <span class='ocr_line' id='line_1_23' title="bbox 1869 1027 3437 1101; baseline -0.006 -12"><span class='ocrx_word' id='word_1_110' title='bbox 1869 1034 1937 1089; x_wconf 90' lang='lat' dir='ltr'><strong><em>X.</em></strong></span> <span class='ocrx_word' id='word_1_111' title='bbox 1973 1033 2124 1100; x_wconf 84' lang='lat' dir='ltr'><strong><em>Quod</em></strong></span> <span class='ocrx_word' id='word_1_112' title='bbox 2153 1050 2255 1086; x_wconf 91' lang='lat' dir='ltr'><strong><em>non</em></strong></span> <span class='ocrx_word' id='word_1_113' title='bbox 2294 1041 2528 1101; x_wconf 84' lang='lat' dir='ltr'><strong><em>oporteat</em></strong></span> <span class='ocrx_word' id='word_1_114' title='bbox 2581 1031 2876 1100; x_wconf 88' lang='lat' dir='ltr'><strong><em>disjungere</em></strong></span> <span class='ocrx_word' id='word_1_115' title='bbox 2922 1047 2976 1085; x_wconf 89' lang='lat' dir='ltr'><strong><em>se</em></strong></span> <span class='ocrx_word' id='word_1_116' title='bbox 3020 1047 3051 1083; x_wconf 92' lang='lat' dir='ltr'><strong><em>a</em></strong></span> <span class='ocrx_word' id='word_1_117' title='bbox 3095 1030 3314 1093; x_wconf 81' lang='lat' dir='ltr'><strong><em>sanctis,</em></strong></span> <span class='ocrx_word' id='word_1_118' title='bbox 3346 1027 3437 1082; x_wconf 85' lang='lat' dir='ltr'><strong><em>sed</em></strong></span> 
     </span>
    </p>
   </div>
   <div class='ocr_carea' id='block_1_24' title="bbox 1939 1122 3440 1196">
    <p class='ocr_par' dir='ltr' id='par_1_24' title="bbox 1939 1122 3440 1196">
     <span class='ocr_line' id='line_1_24' title="bbox 1939 1122 3440 1196; baseline -0.003 -17"><span class='ocrx_word' id='word_1_119' title='bbox 1939 1126 2221 1196; x_wconf 79' lang='lat' dir='ltr'><strong><em>paci/icare</em></strong></span> <span class='ocrx_word' id='word_1_120' title='bbox 2265 1124 2648 1185; x_wconf 78' lang='lat' dir='ltr'><strong><em>contendentes.</em></strong></span> <span class='ocrx_word' id='word_1_121' title='bbox 2680 1133 2729 1176; x_wconf 88' lang='lat' dir='ltr'><strong><em>et</em></strong></span> <span class='ocrx_word' id='word_1_122' title='bbox 2754 1123 3000 1191; x_wconf 84' lang='lat' dir='ltr'><strong><em>judicare</em></strong></span> <span class='ocrx_word' id='word_1_123' title='bbox 3021 1122 3188 1191; x_wconf 87' lang='lat' dir='ltr'><strong><em>juste,</em></strong></span> <span class='ocrx_word' id='word_1_124' title='bbox 3211 1131 3280 1176; x_wconf 44' lang='lat' dir='ltr'><strong><em>‘et</em></strong></span> <span class='ocrx_word' id='word_1_125' title='bbox 3317 1138 3440 1192; x_wconf 88' lang='lat' dir='ltr'><strong><em>per—-</em></strong></span> 
     </span>
    </p>
   </div>
   <div class='ocr_carea' id='block_1_25' title="bbox 1940 1219 2510 1285">
    <p class='ocr_par' dir='ltr' id='par_1_25' title="bbox 1940 1219 2510 1285">
     <span class='ocr_line' id='line_1_25' title="bbox 1940 1219 2510 1285; baseline -0.005 -13"><span class='ocrx_word' id='word_1_126' title='bbox 1940 1235 2096 1272; x_wconf 87' lang='lat' dir='ltr'><strong><em>sonas</em></strong></span> <span class='ocrx_word' id='word_1_127' title='bbox 2129 1235 2230 1271; x_wconf 92' lang='lat' dir='ltr'><strong><em>non</em></strong></span> <span class='ocrx_word' id='word_1_128' title='bbox 2261 1219 2510 1285; x_wconf 87' lang='lat' dir='ltr'><strong><em>accipere.</em></strong></span> 
     </span>
    </p>
   </div>
   <div class='ocr_carea' id='block_1_26' title="bbox 1849 1305 3330 1376">
    <p class='ocr_par' dir='ltr' id='par_1_26' title="bbox 1849 1305 3330 1376">
     <span class='ocr_line' id='line_1_26' title="bbox 1849 1305 3330 1376; baseline -0.001 -14"><span class='ocrx_word' id='word_1_129' title='bbox 1849 1308 1963 1363; x_wconf 82' lang='lat' dir='ltr'>.XI.</span> <span class='ocrx_word' id='word_1_130' title='bbox 2009 1310 2081 1363; x_wconf 89' lang='lat' dir='ltr'><strong><em>De</em></strong></span> <span class='ocrx_word' id='word_1_131' title='bbox 2113 1309 2319 1362; x_wconf 85' lang='lat' dir='ltr'><strong><em>homine</em></strong></span> <span class='ocrx_word' id='word_1_132' title='bbox 2351 1309 2574 1376; x_wconf 88' lang='lat' dir='ltr'><strong><em>duplicis</em></strong></span> <span class='ocrx_word' id='word_1_133' title='bbox 2603 1307 2788 1371; x_wconf 89' lang='lat' dir='ltr'><strong><em>animi,</em></strong></span> <span class='ocrx_word' id='word_1_134' title='bbox 2817 1323 2908 1359; x_wconf 84' lang='lat' dir='ltr'><strong><em>seu</em></strong></span> <span class='ocrx_word' id='word_1_135' title='bbox 2940 1305 3159 1361; x_wconf 77' lang='lat' dir='ltr'><strong><em>modica:</em></strong></span> <span class='ocrx_word' id='word_1_136' title='bbox 3185 1305 3330 1376; x_wconf 82' lang='lat' dir='ltr'><strong><em>ﬁdei.</em></strong></span> 
     </span>
    </p>
   </div>
   <div class='ocr_carea' id='block_1_27' title="bbox 1872 1401 2496 1471">
    <p class='ocr_par' dir='ltr' id='par_1_27' title="bbox 1872 1401 2496 1471">
     <span class='ocr_line' id='line_1_27' title="bbox 1872 1401 2496 1471; baseline 0 -15"><span class='ocrx_word' id='word_1_137' title='bbox 1872 1401 1988 1457; x_wconf 84' lang='lat' dir='ltr'>XII.</span> <span class='ocrx_word' id='word_1_138' title='bbox 2033 1403 2106 1455; x_wconf 83' lang='lat' dir='ltr'><strong><em>De</em></strong></span> <span class='ocrx_word' id='word_1_139' title='bbox 2138 1402 2496 1471; x_wconf 77' lang='lat' dir='ltr'><strong><em>beneﬁcentia.</em></strong></span> 
     </span>
    </p>
   </div>
   <div class='ocr_carea' id='block_1_28' title="bbox 191 1487 1813 1573">
    <p class='ocr_par' dir='ltr' id='par_1_28' title="bbox 191 1502 1776 1573">
     <span class='ocr_line' id='line_1_28' title="bbox 191 1502 1776 1573; baseline 0.003 -19"><span class='ocrx_word' id='word_1_140' title='bbox 191 1509 291 1572; x_wconf 78' lang='grc' dir='ltr'><em>ιγ’.</em></span> <span class='ocrx_word' id='word_1_141' title='bbox 335 1503 532 1569; x_wconf 83' lang='grc' dir='ltr'><em>Ὅπως</em></span> <span class='ocrx_word' id='word_1_142' title='bbox 554 1503 650 1556; x_wconf 87' lang='grc' dir='ltr'><strong><em>δεῖ</em></strong></span> <span class='ocrx_word' id='word_1_143' title='bbox 687 1502 1131 1573; x_wconf 64' lang='grc' dir='ltr'><strong><em>προσφέρεσθαι</em></strong></span> <span class='ocrx_word' id='word_1_144' title='bbox 1181 1503 1304 1570; x_wconf 79' lang='grc' dir='ltr'><em>τοῖς</em></span> <span class='ocrx_word' id='word_1_145' title='bbox 1343 1503 1590 1570; x_wconf 74' lang='grc' dir='ltr'><em>οἰκέταις</em></span> <span class='ocrx_word' id='word_1_146' title='bbox 1634 1505 1776 1570; x_wconf 89' lang='grc' dir='ltr'><em>τοὺς</em></span> 
     </span>
    </p>
   </div>
   <div class='ocr_carea' id='block_1_29' title="bbox 1897 1487 3440 1573">
    <p class='ocr_par' dir='ltr' id='par_1_29' title="bbox 1897 1487 3440 1560">
     <span class='ocr_line' id='line_1_29' title="bbox 1897 1487 3440 1560; baseline -0.005 -12"><span class='ocrx_word' id='word_1_147' title='bbox 1897 1492 2011 1548; x_wconf 62' lang='lat' dir='ltr'>{III</span> <span class='ocrx_word' id='word_1_148' title='bbox 2059 1493 2252 1559; x_wconf 81' lang='lat' dir='ltr'><strong><em>Quales</em></strong></span> <span class='ocrx_word' id='word_1_149' title='bbox 2285 1509 2339 1546; x_wconf 91' lang='lat' dir='ltr'><strong><em>se</em></strong></span> <span class='ocrx_word' id='word_1_150' title='bbox 2364 1490 2605 1546; x_wconf 77' lang='lat' dir='ltr'><strong><em>exhibere</em></strong></span> <span class='ocrx_word' id='word_1_151' title='bbox 2623 1491 2843 1546; x_wconf 88' lang='lat' dir='ltr'><strong><em>debeant</em></strong></span> <span class='ocrx_word' id='word_1_152' title='bbox 2870 1490 3089 1560; x_wconf 81' lang='lat' dir='ltr'><strong><em>famulis</em></strong></span> <span class='ocrx_word' id='word_1_153' title='bbox 3118 1487 3354 1552; x_wconf 90' lang='lat' dir='ltr'><strong><em>domini,</em></strong></span> <span class='ocrx_word' id='word_1_154' title='bbox 3387 1496 3440 1541; x_wconf 85' lang='lat' dir='ltr'><strong><em>et</em></strong></span> 
     </span>
    </p>
   </div>
   <div class='ocr_carea' id='block_1_30' title="bbox 273 1595 1777 1665">
    <p class='ocr_par' dir='ltr' id='par_1_30' title="bbox 273 1595 1777 1665">
     <span class='ocr_line' id='line_1_30' title="bbox 273 1595 1777 1665; baseline -0.001 -14"><span class='ocrx_word' id='word_1_155' title='bbox 273 1597 540 1664; x_wconf 84' lang='grc' dir='ltr'><em>κυρίους·</em></span> <span class='ocrx_word' id='word_1_156' title='bbox 573 1596 673 1650; x_wconf 76' lang='grc' dir='ltr'><em>καὶ</em></span> <span class='ocrx_word' id='word_1_157' title='bbox 701 1595 860 1662; x_wconf 81' lang='grc' dir='ltr'><em>ὅπως</em></span> <span class='ocrx_word' id='word_1_158' title='bbox 887 1596 1004 1665; x_wconf 78' lang='grc' dir='ltr'><em>χρὴ</em></span> <span class='ocrx_word' id='word_1_159' title='bbox 1034 1595 1491 1652; x_wconf 81' lang='grc' dir='ltr'><em>ὑποτάσσεσθαι</em></span> <span class='ocrx_word' id='word_1_160' title='bbox 1524 1596 1667 1663; x_wconf 85' lang='grc' dir='ltr'><em>τοὺς</em></span> <span class='ocrx_word' id='word_1_161' title='bbox 1695 1601 1777 1650; x_wconf 82' lang='grc' dir='ltr'><strong><em>οὶ-</em></strong></span> 
     </span>
    </p>
   </div>
   <div class='ocr_carea' id='block_1_31' title="bbox 273 1687 470 1754">
    <p class='ocr_par' dir='ltr' id='par_1_31' title="bbox 273 1687 470 1754">
     <span class='ocr_line' id='line_1_31' title="bbox 273 1687 470 1754; baseline 0.01 -12"><span class='ocrx_word' id='word_1_162' title='bbox 273 1687 470 1754; x_wconf 83' lang='grc' dir='ltr'><em>κέτας.</em></span> 
     </span>
    </p>
   </div>
   <div class='ocr_carea' id='block_1_32' title="bbox 1943 1583 3173 1657">
    <p class='ocr_par' dir='ltr' id='par_1_32' title="bbox 1943 1583 3173 1657">
     <span class='ocr_line' id='line_1_32' title="bbox 1943 1583 3173 1657; baseline -0.004 -17"><span class='ocrx_word' id='word_1_163' title='bbox 1943 1603 2044 1657; x_wconf 82' lang='lat' dir='ltr'><strong><em>quo</em></strong></span> <span class='ocrx_word' id='word_1_164' title='bbox 2069 1585 2220 1639; x_wconf 87' lang='lat' dir='ltr'><strong><em>modo</em></strong></span> <span class='ocrx_word' id='word_1_165' title='bbox 2244 1595 2477 1653; x_wconf 86' lang='lat' dir='ltr'><strong><em>oporteat</em></strong></span> <span class='ocrx_word' id='word_1_166' title='bbox 2508 1584 2741 1654; x_wconf 83' lang='lat' dir='ltr'><strong><em>famulos</em></strong></span> <span class='ocrx_word' id='word_1_167' title='bbox 2762 1600 2874 1637; x_wconf 83' lang='lat' dir='ltr'><strong><em>esse</em></strong></span> <span class='ocrx_word' id='word_1_168' title='bbox 2893 1583 3173 1652; x_wconf 87' lang='lat' dir='ltr'><strong><em>subjectos.</em></strong></span> 
     </span>
    </p>
   </div>
   <div class='ocr_carea' id='block_1_33' title="bbox 192 1759 1813 1851">
    <p class='ocr_par' dir='ltr' id='par_1_33' title="bbox 192 1759 1813 1851">
     <span class='ocr_line' id='line_1_33' title="bbox 192 1759 1813 1851; baseline -0.001 -15"><span class='ocrx_word' id='word_1_169' title='bbox 192 1782 295 1837; x_wconf 79' lang='grc' dir='ltr'><em>ιδ’.</em></span> <span class='ocrx_word' id='word_1_170' title='bbox 336 1781 474 1851; x_wconf 74' lang='grc' dir='ltr'><em>Περὶ</em></span> <span class='ocrx_word' id='word_1_171' title='bbox 494 1782 894 1850; x_wconf 78' lang='grc' dir='ltr'><em>ὑποκρίσεως,</em></span> <span class='ocrx_word' id='word_1_172' title='bbox 925 1779 1024 1834; x_wconf 73' lang='grc' dir='ltr'><em>καὶ</em></span> <span class='ocrx_word' id='word_1_173' title='bbox 1051 1779 1361 1849; x_wconf 82' lang='grc' dir='ltr'><em>προσοχῆς</em></span> <span class='ocrx_word' id='word_1_174' title='bbox 1389 1781 1624 1850; x_wconf 81' lang='grc' dir='ltr'><em>νόμων,</em></span> <span class='ocrx_word' id='word_1_175' title='bbox 1675 1779 1776 1834; x_wconf 77' lang='grc' dir='ltr'><em>καὶ</em></span> <span class='ocrx_word' id='word_1_176' title='bbox 1805 1759 1813 1813; x_wconf 61' lang='grc' dir='ltr'>Ῑ</span> 
     </span>
    </p>
   </div>
   <div class='ocr_carea' id='block_1_34' title="bbox 1897 1759 3444 1851">
    <p class='ocr_par' dir='ltr' id='par_1_34' title="bbox 1897 1760 3444 1839">
     <span class='ocr_line' id='line_1_34' title="bbox 1897 1760 3444 1839; baseline -0.005 -17"><span class='ocrx_word' id='word_1_177' title='bbox 1897 1768 2015 1824; x_wconf 64' lang='lat' dir='ltr'>(IV.</span> <span class='ocrx_word' id='word_1_178' title='bbox 2059 1769 2131 1822; x_wconf 90' lang='lat' dir='ltr'><strong><em>De</em></strong></span> <span class='ocrx_word' id='word_1_179' title='bbox 2158 1768 2443 1839; x_wconf 77' lang='lat' dir='ltr'><strong><em>hypocrisi,</em></strong></span> <span class='ocrx_word' id='word_1_180' title='bbox 2469 1776 2518 1822; x_wconf 89' lang='lat' dir='ltr'><strong><em>et</em></strong></span> <span class='ocrx_word' id='word_1_181' title='bbox 2563 1767 2732 1836; x_wconf 79' lang='lat' dir='ltr'><strong><em>legum</em></strong></span> <span class='ocrx_word' id='word_1_182' title='bbox 2763 1763 3117 1827; x_wconf 79' lang='lat' dir='ltr'><strong><em>observantia,</em></strong></span> <span class='ocrx_word' id='word_1_183' title='bbox 3151 1770 3200 1815; x_wconf 92' lang='lat' dir='ltr'><strong><em>et</em></strong></span> <span class='ocrx_word' id='word_1_184' title='bbox 3238 1760 3444 1830; x_wconf 81' lang='lat' dir='ltr'><strong><em>confes-</em></strong></span> 
     </span>
    </p>
   </div>
   <div class='ocr_carea' id='block_1_35' title="bbox 273 1872 794 1943">
    <p class='ocr_par' dir='ltr' id='par_1_35' title="bbox 273 1872 794 1943">
     <span class='ocr_line' id='line_1_35' title="bbox 273 1872 794 1943; baseline -0.002 -16"><span class='ocrx_word' id='word_1_185' title='bbox 273 1872 794 1943; x_wconf 72' lang='grc' dir='ltr'><em>ἐξομολογήσεων.</em></span> 
     </span>
    </p>
   </div>
   <div class='ocr_carea' id='block_1_36' title="bbox 194 1964 1384 2034">
    <p class='ocr_par' dir='ltr' id='par_1_36' title="bbox 194 1964 1384 2034">
     <span class='ocr_line' id='line_1_36' title="bbox 194 1964 1384 2034; baseline 0 -15"><span class='ocrx_word' id='word_1_186' title='bbox 194 1971 288 2019; x_wconf 79' lang='grc' dir='ltr'><em>ιε’.</em></span> <span class='ocrx_word' id='word_1_187' title='bbox 330 1965 470 2033; x_wconf 76' lang='grc' dir='ltr'><em>Περὶ</em></span> <span class='ocrx_word' id='word_1_188' title='bbox 498 1964 610 2034; x_wconf 86' lang='grc' dir='ltr'><em>τῆς</em></span> <span class='ocrx_word' id='word_1_189' title='bbox 637 1965 785 2032; x_wconf 80' lang='grc' dir='ltr'><em>πρὸς</em></span> <span class='ocrx_word' id='word_1_190' title='bbox 812 1964 1026 2034; x_wconf 79' lang='grc' dir='ltr'><em>γονέας</em></span> <span class='ocrx_word' id='word_1_191' title='bbox 1053 1965 1384 2033; x_wconf 87' lang='grc' dir='ltr'><em>θεραπείας.</em></span> 
     </span>
    </p>
   </div>
   <div class='ocr_carea' id='block_1_37' title="bbox 196 2056 1775 2126">
    <p class='ocr_par' dir='ltr' id='par_1_37' title="bbox 196 2056 1775 2126">
     <span class='ocr_line' id='line_1_37' title="bbox 196 2056 1775 2126; baseline 0.001 -16"><span class='ocrx_word' id='word_1_192' title='bbox 196 2062 303 2122; x_wconf 83' lang='grc' dir='ltr'><em>ις’.</em></span> <span class='ocrx_word' id='word_1_193' title='bbox 341 2057 482 2126; x_wconf 82' lang='grc' dir='ltr'><em>Περὶ</em></span> <span class='ocrx_word' id='word_1_194' title='bbox 515 2056 627 2125; x_wconf 82' lang='grc' dir='ltr'><em>τῆς</em></span> <span class='ocrx_word' id='word_1_195' title='bbox 669 2056 817 2125; x_wconf 80' lang='grc' dir='ltr'><em>πρὸς</em></span> <span class='ocrx_word' id='word_1_196' title='bbox 847 2056 1111 2122; x_wconf 79' lang='grc' dir='ltr'><em>βασιλέα</em></span> <span class='ocrx_word' id='word_1_197' title='bbox 1154 2057 1252 2111; x_wconf 85' lang='grc' dir='ltr'><em>καὶ</em></span> <span class='ocrx_word' id='word_1_198' title='bbox 1299 2056 1594 2126; x_wconf 83' lang='grc' dir='ltr'><em>ἄρχοντας</em></span> <span class='ocrx_word' id='word_1_199' title='bbox 1627 2058 1775 2113; x_wconf 85' lang='grc' dir='ltr'><em>ὑπο-</em></span> 
     </span>
    </p>
   </div>
   <div class='ocr_carea' id='block_1_38' title="bbox 275 2147 479 2218">
    <p class='ocr_par' dir='ltr' id='par_1_38' title="bbox 275 2147 479 2218">
     <span class='ocr_line' id='line_1_38' title="bbox 275 2147 479 2218; baseline 0.015 -17"><span class='ocrx_word' id='word_1_200' title='bbox 275 2147 479 2218; x_wconf 70' lang='lat' dir='ltr'><strong><em>tarﬁc.</em></strong></span> 
     </span>
    </p>
   </div>
   <div class='ocr_carea' id='block_1_39' title="bbox 200 2238 1778 2310">
    <p class='ocr_par' dir='ltr' id='par_1_39' title="bbox 200 2238 1778 2310">
     <span class='ocr_line' id='line_1_39' title="bbox 200 2238 1778 2310; baseline 0.001 -16"><span class='ocrx_word' id='word_1_201' title='bbox 200 2240 296 2304; x_wconf 78' lang='grc' dir='ltr'><em>ιζ’.</em></span> <span class='ocrx_word' id='word_1_202' title='bbox 340 2239 480 2308; x_wconf 72' lang='grc' dir='ltr'><em>Περὶ</em></span> <span class='ocrx_word' id='word_1_203' title='bbox 529 2239 786 2308; x_wconf 85' lang='grc' dir='ltr'><em>καθαροῦ</em></span> <span class='ocrx_word' id='word_1_204' title='bbox 835 2240 1184 2307; x_wconf 81' lang='grc' dir='ltr'><em>συνειδότος</em></span> <span class='ocrx_word' id='word_1_205' title='bbox 1226 2238 1778 2310; x_wconf 84' lang='grc' dir='ltr'><em>τῶν-προσευχομέ-</em></span> 
     </span>
    </p>
   </div>
   <div class='ocr_carea' id='block_1_40' title="bbox 278 2351 418 2386">
    <p class='ocr_par' dir='ltr' id='par_1_40' title="bbox 278 2351 418 2386">
     <span class='ocr_line' id='line_1_40' title="bbox 278 2351 418 2386; baseline 0 0"><span class='ocrx_word' id='word_1_206' title='bbox 278 2351 418 2386; x_wconf 90' lang='grc' dir='ltr'><em>νων.</em></span> 
     </span>
    </p>
   </div>
   <div class='ocr_carea' id='block_1_41' title="bbox 199 2424 1781 2494">
    <p class='ocr_par' dir='ltr' id='par_1_41' title="bbox 199 2424 1781 2494">
     <span class='ocr_line' id='line_1_41' title="bbox 199 2424 1781 2494; baseline -0.001 -15"><span class='ocrx_word' id='word_1_207' title='bbox 199 2433 304 2493; x_wconf 82' lang='grc' dir='ltr'><em>ιη’.</em></span> <span class='ocrx_word' id='word_1_208' title='bbox 350 2426 477 2478; x_wconf 87' lang='grc' dir='ltr'><em>Ὅτι</em></span> <span class='ocrx_word' id='word_1_209' title='bbox 501 2424 540 2491; x_wconf 77' lang='grc' dir='ltr'><strong>ἡ</strong></span> <span class='ocrx_word' id='word_1_210' title='bbox 568 2424 637 2490; x_wconf 76' lang='grc' dir='ltr'><strong><em>ἐξ</em></strong></span> <span class='ocrx_word' id='word_1_211' title='bbox 663 2425 991 2494; x_wconf 80' lang='grc' dir='ltr'><em>ἐπιϐουλῆς</em></span> <span class='ocrx_word' id='word_1_212' title='bbox 1017 2425 1125 2480; x_wconf 89' lang='grc' dir='ltr'><strong><em>τοῦ</em></strong></span> <span class='ocrx_word' id='word_1_213' title='bbox 1151 2425 1474 2493; x_wconf 82' lang='grc' dir='ltr'><em>ἀλλοτρίου</em></span> <span class='ocrx_word' id='word_1_214' title='bbox 1500 2425 1781 2494; x_wconf 85' lang='grc' dir='ltr'><em>ἐπεισαχ-</em></span> 
     </span>
    </p>
   </div>
   <div class='ocr_carea' id='block_1_42' title="bbox 280 2513 1778 2590">
    <p class='ocr_par' dir='ltr' id='par_1_42' title="bbox 280 2513 1778 2590">
     <span class='ocr_line' id='line_1_42' title="bbox 280 2513 1778 2590; baseline 0.001 -20"><span class='ocrx_word' id='word_1_215' title='bbox 280 2516 453 2571; x_wconf 88' lang='grc' dir='ltr'><em>θεῖσα</em></span> <span class='ocrx_word' id='word_1_216' title='bbox 481 2517 647 2585; x_wconf 81' lang='grc' dir='ltr'><em>ὁδὸς,</em></span> <span class='ocrx_word' id='word_1_217' title='bbox 682 2517 961 2584; x_wconf 78' lang='grc' dir='ltr'><em>ἀσεϐείας</em></span> <span class='ocrx_word' id='word_1_218' title='bbox 989 2517 1088 2572; x_wconf 79' lang='grc' dir='ltr'><em>καὶ</em></span> <span class='ocrx_word' id='word_1_219' title='bbox 1128 2518 1500 2590; x_wconf 76' lang='grc' dir='ltr'><em>παρανομίας</em></span> <span class='ocrx_word' id='word_1_220' title='bbox 1545 2513 1778 2584; x_wconf 80' lang='grc' dir='ltr'><em>πεπλή-</em></span> 
     </span>
    </p>
   </div>
   <div class='ocr_carea' id='block_1_43' title="bbox 270 2624 474 2677">
    <p class='ocr_par' dir='ltr' id='par_1_43' title="bbox 270 2624 474 2677">
     <span class='ocr_line' id='line_1_43' title="bbox 270 2624 474 2677; baseline 0.005 -16"><span class='ocrx_word' id='word_1_221' title='bbox 270 2624 474 2677; x_wconf 87' lang='grc' dir='ltr'><em>ρωται.</em></span> 
     </span>
    </p>
   </div>
   <div class='ocr_carea' id='block_1_44' title="bbox 204 2687 1778 2774">
    <p class='ocr_par' dir='ltr' id='par_1_44' title="bbox 204 2687 1778 2774">
     <span class='ocr_line' id='line_1_44' title="bbox 204 2687 1778 2774; baseline 0.004 -22"><span class='ocrx_word' id='word_1_222' title='bbox 204 2701 296 2752; x_wconf 84' lang='grc' dir='ltr'><strong><em>ιθ.</em></strong></span> <span class='ocrx_word' id='word_1_223' title='bbox 316 2700 444 2753; x_wconf 87' lang='grc' dir='ltr'><em>Ὅτι</em></span> <span class='ocrx_word' id='word_1_224' title='bbox 465 2687 560 2770; x_wconf 62' lang='grc' dir='ltr'><strong><em>μῆ</em></strong></span> <span class='ocrx_word' id='word_1_225' title='bbox 573 2699 692 2770; x_wconf 81' lang='grc' dir='ltr'><em>χρὴ</em></span> <span class='ocrx_word' id='word_1_226' title='bbox 721 2699 832 2769; x_wconf 82' lang='grc' dir='ltr'><em>τῆς</em></span> <span class='ocrx_word' id='word_1_227' title='bbox 858 2703 1169 2768; x_wconf 84' lang='grc' dir='ltr'><em>εὐσεϐείας</em></span> <span class='ocrx_word' id='word_1_228' title='bbox 1205 2703 1507 2758; x_wconf 78' lang='grc' dir='ltr'><em>ἐκκλίνειν</em></span> <span class='ocrx_word' id='word_1_229' title='bbox 1546 2702 1714 2768; x_wconf 78' lang='grc' dir='ltr'><em>δεξιὰ</em></span> <span class='ocrx_word' id='word_1_230' title='bbox 1739 2703 1778 2774; x_wconf 75' lang='grc' dir='ltr'><strong><em>ἢ</em></strong></span> 
     </span>
    </p>
   </div>
   <div class='ocr_carea' id='block_1_45' title="bbox 279 2789 1312 2863">
    <p class='ocr_par' dir='ltr' id='par_1_45' title="bbox 279 2789 1312 2863">
     <span class='ocr_line' id='line_1_45' title="bbox 279 2789 1312 2863; baseline 0.004 -18"><span class='ocrx_word' id='word_1_231' title='bbox 279 2789 584 2862; x_wconf 83' lang='grc' dir='ltr'><em>εὐώνυμα,</em></span> <span class='ocrx_word' id='word_1_232' title='bbox 615 2793 887 2862; x_wconf 88' lang='grc' dir='ltr'><em>παραινεῖ</em></span> <span class='ocrx_word' id='word_1_233' title='bbox 911 2797 944 2848; x_wconf 85' lang='grc' dir='ltr'><em>ὁ</em></span> <span class='ocrx_word' id='word_1_234' title='bbox 971 2794 1312 2863; x_wconf 85' lang='grc' dir='ltr'><em>νομοθέτης.</em></span> 
     </span>
    </p>
   </div>
   <div class='ocr_carea' id='block_1_46' title="bbox 203 2882 1783 2957">
    <p class='ocr_par' dir='ltr' id='par_1_46' title="bbox 203 2882 1783 2957">
     <span class='ocr_line' id='line_1_46' title="bbox 203 2882 1783 2957; baseline 0.003 -19"><span class='ocrx_word' id='word_1_235' title='bbox 203 2889 283 2938; x_wconf 79' lang='grc' dir='ltr'><em>κ’.</em></span> <span class='ocrx_word' id='word_1_236' title='bbox 336 2882 461 2937; x_wconf 80' lang='grc' dir='ltr'><em>Ὀτι</em></span> <span class='ocrx_word' id='word_1_237' title='bbox 493 2883 580 2954; x_wconf 78' lang='grc' dir='ltr'><em>μὴ</em></span> <span class='ocrx_word' id='word_1_238' title='bbox 630 2883 747 2953; x_wconf 80' lang='grc' dir='ltr'><em>χρὴ</em></span> <span class='ocrx_word' id='word_1_239' title='bbox 797 2885 1105 2954; x_wconf 71' lang='grc' dir='ltr'><em>φαυλίζειν</em></span> <span class='ocrx_word' id='word_1_240' title='bbox 1150 2903 1206 2940; x_wconf 89' lang='grc' dir='ltr'><strong><em>τι</em></strong></span> <span class='ocrx_word' id='word_1_241' title='bbox 1253 2885 1372 2940; x_wconf 86' lang='grc' dir='ltr'><em>τῶν</em></span> <span class='ocrx_word' id='word_1_242' title='bbox 1426 2888 1783 2957; x_wconf 65' lang='grc' dir='ltr'><em>προσφόρων</em></span> 
     </span>
    </p>
   </div>
   <div class='ocr_carea' id='block_1_47' title="bbox 274 2976 1784 3066">
    <p class='ocr_par' dir='ltr' id='par_1_47' title="bbox 274 2976 1784 3066">
     <span class='ocr_line' id='line_1_47' title="bbox 274 2976 1784 3066; baseline 0 -33"><span class='ocrx_word' id='word_1_243' title='bbox 274 2976 634 3046; x_wconf 70' lang='grc' dir='ltr'><em>βρωμάτων,</em></span> <span class='ocrx_word' id='word_1_244' title='bbox 691 2977 830 3032; x_wconf 79' lang='grc' dir='ltr'><em>ἀλλ’</em></span> <span class='ocrx_word' id='word_1_245' title='bbox 887 2978 1258 3046; x_wconf 82' lang='grc' dir='ltr'><em>εὐχαρίστως</em></span> <span class='ocrx_word' id='word_1_246' title='bbox 1305 2979 1784 3066; x_wconf 65' lang='grc' dir='ltr'><em>μεταλαμϐάνειν</em></span> 
     </span>
    </p>
   </div>
   <div class='ocr_carea' id='block_1_48' title="bbox 281 3068 792 3140">
    <p class='ocr_par' dir='ltr' id='par_1_48' title="bbox 281 3068 792 3140">
     <span class='ocr_line' id='line_1_48' title="bbox 281 3068 792 3140; baseline 0 -17"><span class='ocrx_word' id='word_1_247' title='bbox 281 3068 386 3123; x_wconf 74' lang='grc' dir='ltr'><em>καὶ</em></span> <span class='ocrx_word' id='word_1_248' title='bbox 410 3069 792 3140; x_wconf 77' lang='grc' dir='ltr'><em>τεταγμένως.</em></span> 
     </span>
    </p>
   </div>
   <div class='ocr_carea' id='block_1_49' title="bbox 207 3161 1786 3232">
    <p class='ocr_par' dir='ltr' id='par_1_49' title="bbox 207 3161 1786 3232">
     <span class='ocr_line' id='line_1_49' title="bbox 207 3161 1786 3232; baseline 0.003 -18"><span class='ocrx_word' id='word_1_249' title='bbox 207 3167 327 3214; x_wconf 75' lang='grc' dir='ltr'><em>κη’.</em></span> <span class='ocrx_word' id='word_1_250' title='bbox 397 3162 525 3214; x_wconf 87' lang='grc' dir='ltr'><strong><em>Ὅτι</em></strong></span> <span class='ocrx_word' id='word_1_251' title='bbox 581 3161 696 3231; x_wconf 78' lang='grc' dir='ltr'><em>χρὴ</em></span> <span class='ocrx_word' id='word_1_252' title='bbox 751 3162 999 3232; x_wconf 73' lang='grc' dir='ltr'><em>φεύγειν</em></span> <span class='ocrx_word' id='word_1_253' title='bbox 1042 3161 1158 3232; x_wconf 77' lang='grc' dir='ltr'><em>τὴν</em></span> <span class='ocrx_word' id='word_1_254' title='bbox 1211 3161 1327 3218; x_wconf 84' lang='grc' dir='ltr'><em>τῶν</em></span> <span class='ocrx_word' id='word_1_255' title='bbox 1379 3163 1786 3219; x_wconf 73' lang='grc' dir='ltr'><em>εἰδωλοθύτων</em></span> 
     </span>
    </p>
   </div>
   <div class='ocr_carea' id='block_1_50' title="bbox 281 3248 536 3320">
    <p class='ocr_par' dir='ltr' id='par_1_50' title="bbox 281 3248 536 3320">
     <span class='ocr_line' id='line_1_50' title="bbox 281 3248 536 3320; baseline -0.004 -14"><span class='ocrx_word' id='word_1_256' title='bbox 281 3248 536 3320; x_wconf 71' lang='grc' dir='ltr'><em>βρῶσιν.</em></span> 
     </span>
    </p>
   </div>
   <div class='ocr_carea' id='block_1_51' title="bbox 209 3341 1788 3415">
    <p class='ocr_par' dir='ltr' id='par_1_51' title="bbox 209 3341 1788 3415">
     <span class='ocr_line' id='line_1_51' title="bbox 209 3341 1788 3415; baseline 0.003 -17"><span class='ocrx_word' id='word_1_257' title='bbox 209 3346 326 3398; x_wconf 68' lang='grc' dir='ltr'><strong><em>κθ.</em></strong></span> <span class='ocrx_word' id='word_1_258' title='bbox 365 3341 633 3409; x_wconf 77' lang='grc' dir='ltr'><em>Διάταξις</em></span> <span class='ocrx_word' id='word_1_259' title='bbox 659 3344 951 3414; x_wconf 80' lang='grc' dir='ltr'><em>Κυριακὴ,</em></span> <span class='ocrx_word' id='word_1_260' title='bbox 983 3345 1142 3412; x_wconf 86' lang='grc' dir='ltr'><em>ὅπως</em></span> <span class='ocrx_word' id='word_1_261' title='bbox 1181 3345 1297 3415; x_wconf 80' lang='grc' dir='ltr'><em>χρὴ</em></span> <span class='ocrx_word' id='word_1_262' title='bbox 1320 3345 1667 3414; x_wconf 76' lang='grc' dir='ltr'><em>βαπτίζειν,</em></span> <span class='ocrx_word' id='word_1_263' title='bbox 1690 3349 1788 3402; x_wconf 76' lang='grc' dir='ltr'><em>καὶ</em></span> 
     </span>
    </p>
   </div>
   <div class='ocr_carea' id='block_1_52' title="bbox 286 3435 996 3502">
    <p class='ocr_par' dir='ltr' id='par_1_52' title="bbox 286 3435 996 3502">
     <span class='ocr_line' id='line_1_52' title="bbox 286 3435 996 3502; baseline 0 -11"><span class='ocrx_word' id='word_1_264' title='bbox 286 3437 376 3501; x_wconf 77' lang='grc' dir='ltr'><strong><em>εις</em></strong></span> <span class='ocrx_word' id='word_1_265' title='bbox 395 3435 503 3490; x_wconf 81' lang='grc' dir='ltr'><em>τὸν</em></span> <span class='ocrx_word' id='word_1_266' title='bbox 529 3436 693 3502; x_wconf 88' lang='grc' dir='ltr'><em>τίνος</em></span> <span class='ocrx_word' id='word_1_267' title='bbox 721 3435 996 3491; x_wconf 86' lang='grc' dir='ltr'><em>θάνατον.</em></span> 
     </span>
    </p>
   </div>
   <div class='ocr_carea' id='block_1_53' title="bbox 211 3528 1786 3602">
    <p class='ocr_par' dir='ltr' id='par_1_53' title="bbox 211 3528 1786 3602">
     <span class='ocr_line' id='line_1_53' title="bbox 211 3528 1786 3602; baseline 0.003 -19"><span class='ocrx_word' id='word_1_268' title='bbox 211 3535 328 3598; x_wconf 70' lang='grc' dir='ltr'><em>κγ’.</em></span> <span class='ocrx_word' id='word_1_269' title='bbox 367 3529 550 3594; x_wconf 86' lang='grc' dir='ltr'><em>Ποίας</em></span> <span class='ocrx_word' id='word_1_270' title='bbox 575 3528 940 3596; x_wconf 89' lang='grc' dir='ltr'><em>νηστευτέον</em></span> <span class='ocrx_word' id='word_1_271' title='bbox 967 3529 1077 3598; x_wconf 82' lang='grc' dir='ltr'><em>τῆς</em></span> <span class='ocrx_word' id='word_1_272' title='bbox 1107 3529 1429 3599; x_wconf 81' lang='grc' dir='ltr'><em>ἑϐδομάδος</em></span> <span class='ocrx_word' id='word_1_273' title='bbox 1464 3531 1716 3600; x_wconf 67' lang='grc' dir='ltr'><em>ἡμέρας,</em></span> <span class='ocrx_word' id='word_1_274' title='bbox 1748 3532 1786 3602; x_wconf 79' lang='grc' dir='ltr'><strong>ἢ</strong></span> 
     </span>
    </p>
   </div>
   <div class='ocr_carea' id='block_1_54' title="bbox 289 3619 1425 3691">
    <p class='ocr_par' dir='ltr' id='par_1_54' title="bbox 289 3619 1425 3691">
     <span class='ocr_line' id='line_1_54' title="bbox 289 3619 1425 3691; baseline 0.004 -18"><span class='ocrx_word' id='word_1_275' title='bbox 289 3619 458 3685; x_wconf 88' lang='grc' dir='ltr'><em>τίνας</em></span> <span class='ocrx_word' id='word_1_276' title='bbox 483 3621 553 3673; x_wconf 87' lang='grc' dir='ltr'><strong><em>οὑ</em></strong></span> <span class='ocrx_word' id='word_1_277' title='bbox 584 3620 967 3687; x_wconf 76' lang='grc' dir='ltr'><em>νηστευτέονο</em></span> <span class='ocrx_word' id='word_1_278' title='bbox 997 3621 1096 3674; x_wconf 80' lang='grc' dir='ltr'><em>καὶ</em></span> <span class='ocrx_word' id='word_1_279' title='bbox 1129 3622 1200 3676; x_wconf 85' lang='grc' dir='ltr'><em>οὗ</em></span> <span class='ocrx_word' id='word_1_280' title='bbox 1233 3622 1425 3691; x_wconf 81' lang='grc' dir='ltr'><em>χάριν.</em></span> 
     </span>
    </p>
   </div>
   <div class='ocr_carea' id='block_1_55' title="bbox 213 3713 1789 3786">
    <p class='ocr_par' dir='ltr' id='par_1_55' title="bbox 213 3713 1789 3786">
     <span class='ocr_line' id='line_1_55' title="bbox 213 3713 1789 3786; baseline 0.001 -18"><span class='ocrx_word' id='word_1_281' title='bbox 213 3713 329 3768; x_wconf 76' lang='grc' dir='ltr'><em>κδ’.</em></span> <span class='ocrx_word' id='word_1_282' title='bbox 371 3714 545 3780; x_wconf 80' lang='grc' dir='ltr'><em>Οἳους</em></span> <span class='ocrx_word' id='word_1_283' title='bbox 589 3713 739 3767; x_wconf 82' lang='grc' dir='ltr'><em>εἷναι</em></span> <span class='ocrx_word' id='word_1_284' title='bbox 768 3713 883 3782; x_wconf 80' lang='grc' dir='ltr'><em>χρὴ</em></span> <span class='ocrx_word' id='word_1_285' title='bbox 921 3713 1063 3780; x_wconf 85' lang='grc' dir='ltr'><em>τοὺς</em></span> <span class='ocrx_word' id='word_1_286' title='bbox 1109 3715 1630 3785; x_wconf 85' lang='grc' dir='ltr'><em>προσευχομένους</em></span> <span class='ocrx_word' id='word_1_287' title='bbox 1674 3715 1789 3786; x_wconf 81' lang='grc' dir='ltr'><em>τὴν</em></span> 
     </span>
    </p>
   </div>
   <div class='ocr_carea' id='block_1_56' title="bbox 288 3805 1490 3878">
    <p class='ocr_par' dir='ltr' id='par_1_56' title="bbox 288 3805 1490 3878">
     <span class='ocr_line' id='line_1_56' title="bbox 288 3805 1490 3878; baseline 0.004 -18"><span class='ocrx_word' id='word_1_288' title='bbox 288 3805 407 3860; x_wconf 81' lang='grc' dir='ltr'><em>ὑπὸ</em></span> <span class='ocrx_word' id='word_1_289' title='bbox 436 3805 542 3859; x_wconf 86' lang='grc' dir='ltr'><strong><em>τοῦ</em></strong></span> <span class='ocrx_word' id='word_1_290' title='bbox 571 3805 792 3873; x_wconf 86' lang='grc' dir='ltr'><em>Κυρίου</em></span> <span class='ocrx_word' id='word_1_291' title='bbox 815 3805 1097 3861; x_wconf 83' lang='grc' dir='ltr'><em>δοθεῖσαν</em></span> <span class='ocrx_word' id='word_1_292' title='bbox 1122 3809 1490 3878; x_wconf 81' lang='grc' dir='ltr'><em>προσευχήν.</em></span> 
     </span>
    </p>
   </div>
   <div class='ocr_carea' id='block_1_57' title="bbox 215 3898 1035 3967">
    <p class='ocr_par' dir='ltr' id='par_1_57' title="bbox 215 3898 1035 3967">
     <span class='ocr_line' id='line_1_57' title="bbox 215 3898 1035 3967; baseline 0.004 -16"><span class='ocrx_word' id='word_1_293' title='bbox 215 3905 324 3952; x_wconf 83' lang='grc' dir='ltr'><em>κε’.</em></span> <span class='ocrx_word' id='word_1_294' title='bbox 366 3898 732 3967; x_wconf 86' lang='grc' dir='ltr'><em>Εὐχαριστία</em></span> <span class='ocrx_word' id='word_1_295' title='bbox 751 3898 1035 3967; x_wconf 85' lang='grc' dir='ltr'><em>μυστική.</em></span> 
     </span>
    </p>
   </div>
   <div class='ocr_carea' id='block_1_58' title="bbox 216 3990 1505 4064">
    <p class='ocr_par' dir='ltr' id='par_1_58' title="bbox 216 3990 1505 4064">
     <span class='ocr_line' id='line_1_58' title="bbox 216 3990 1505 4064; baseline 0.004 -20"><span class='ocrx_word' id='word_1_296' title='bbox 216 3997 338 4055; x_wconf 64' lang='grc' dir='ltr'><strong><em>κς.</em></strong></span> <span class='ocrx_word' id='word_1_297' title='bbox 376 3991 741 4058; x_wconf 83' lang='grc' dir='ltr'><em>Εὐχαριστία</em></span> <span class='ocrx_word' id='word_1_298' title='bbox 767 3991 866 4044; x_wconf 81' lang='grc' dir='ltr'><strong><em>ἐπὶ</em></strong></span> <span class='ocrx_word' id='word_1_299' title='bbox 895 3990 973 4060; x_wconf 79' lang='grc' dir='ltr'><em>τῇ</em></span> <span class='ocrx_word' id='word_1_300' title='bbox 999 3992 1128 4061; x_wconf 79' lang='grc' dir='ltr'><em>θείᾳ</em></span> <span class='ocrx_word' id='word_1_301' title='bbox 1149 3993 1505 4064; x_wconf 76' lang='grc' dir='ltr'><em>μεταλήψει.</em></span> 
     </span>
    </p>
   </div>
   <div class='ocr_carea' id='block_1_59' title="bbox 217 4081 1590 4157">
    <p class='ocr_par' dir='ltr' id='par_1_59' title="bbox 217 4081 1590 4157">
     <span class='ocr_line' id='line_1_59' title="bbox 217 4081 1590 4157; baseline 0.005 -21"><span class='ocrx_word' id='word_1_302' title='bbox 217 4081 330 4144; x_wconf 72' lang='grc' dir='ltr'><em>κζ’.</em></span> <span class='ocrx_word' id='word_1_303' title='bbox 369 4083 736 4151; x_wconf 87' lang='grc' dir='ltr'><em>Εὑχαριστία</em></span> <span class='ocrx_word' id='word_1_304' title='bbox 767 4083 901 4152; x_wconf 76' lang='grc' dir='ltr'><em>περὶ</em></span> <span class='ocrx_word' id='word_1_305' title='bbox 929 4085 1032 4139; x_wconf 91' lang='grc' dir='ltr'><strong><em>τοῦ</em></strong></span> <span class='ocrx_word' id='word_1_306' title='bbox 1054 4086 1352 4155; x_wconf 80' lang='grc' dir='ltr'><em>μυστικοῦ</em></span> <span class='ocrx_word' id='word_1_307' title='bbox 1373 4089 1590 4157; x_wconf 85' lang='grc' dir='ltr'><em>μύρου.</em></span> 
     </span>
    </p>
   </div>
   <div class='ocr_carea' id='block_1_60' title="bbox 220 4263 1788 4338">
    <p class='ocr_par' dir='ltr' id='par_1_60' title="bbox 220 4263 1788 4338">
     <span class='ocr_line' id='line_1_60' title="bbox 220 4263 1788 4338; baseline 0.004 -22"><span class='ocrx_word' id='word_1_308' title='bbox 220 4268 337 4332; x_wconf 82' lang='grc' dir='ltr'><em>κη’.</em></span> <span class='ocrx_word' id='word_1_309' title='bbox 379 4263 507 4317; x_wconf 86' lang='grc' dir='ltr'><strong><em>Ὅτι</em></strong></span> <span class='ocrx_word' id='word_1_310' title='bbox 535 4265 608 4320; x_wconf 90' lang='grc' dir='ltr'><em>οὐ</em></span> <span class='ocrx_word' id='word_1_311' title='bbox 637 4264 753 4334; x_wconf 80' lang='grc' dir='ltr'><em>χρὴ</em></span> <span class='ocrx_word' id='word_1_312' title='bbox 782 4265 1125 4336; x_wconf 68' lang='grc' dir='ltr'><em>ἀδιαφορεῖν</em></span> <span class='ocrx_word' id='word_1_313' title='bbox 1152 4267 1285 4337; x_wconf 78' lang='grc' dir='ltr'><em>περὶ</em></span> <span class='ocrx_word' id='word_1_314' title='bbox 1311 4267 1426 4338; x_wconf 76' lang='grc' dir='ltr'><em>τὴν</em></span> <span class='ocrx_word' id='word_1_315' title='bbox 1453 4269 1788 4323; x_wconf 88' lang='grc' dir='ltr'><em>κοινωνίαν.</em></span> 
     </span>
    </p>
   </div>
   <div class='ocr_carea' id='block_1_61' title="bbox 223 4444 1264 4516">
    <p class='ocr_par' dir='ltr' id='par_1_61' title="bbox 223 4444 1264 4516">
     <span class='ocr_line' id='line_1_61' title="bbox 223 4444 1264 4516; baseline 0.01 -20"><span class='ocrx_word' id='word_1_316' title='bbox 223 4446 334 4498; x_wconf 82' lang='grc' dir='ltr'><em>κθ¹.</em></span> <span class='ocrx_word' id='word_1_317' title='bbox 373 4444 514 4512; x_wconf 71' lang='grc' dir='ltr'><em>Περὶ</em></span> <span class='ocrx_word' id='word_1_318' title='bbox 542 4447 955 4516; x_wconf 65' lang='grc' dir='ltr'><em>κῳποφοριῶν</em></span> <span class='ocrx_word' id='word_1_319' title='bbox 980 4449 1264 4516; x_wconf 79' lang='grc' dir='ltr'><em>διάταξις.</em></span> 
     </span>
    </p>
   </div>
   <div class='ocr_carea' id='block_1_62' title="bbox 219 4537 1794 4612">
    <p class='ocr_par' dir='ltr' id='par_1_62' title="bbox 219 4537 1794 4612">
     <span class='ocr_line' id='line_1_62' title="bbox 219 4537 1794 4612; baseline 0.005 -21"><span class='ocrx_word' id='word_1_320' title='bbox 219 4540 298 4591; x_wconf 79' lang='grc' dir='ltr'><em>λ’.</em></span> <span class='ocrx_word' id='word_1_321' title='bbox 344 4537 540 4602; x_wconf 86' lang='grc' dir='ltr'><em>Ὅπως</em></span> <span class='ocrx_word' id='word_1_322' title='bbox 569 4537 684 4606; x_wconf 79' lang='grc' dir='ltr'><em>χρὴ</em></span> <span class='ocrx_word' id='word_1_323' title='bbox 740 4539 854 4608; x_wconf 81' lang='grc' dir='ltr'><em>τὴν</em></span> <span class='ocrx_word' id='word_1_324' title='bbox 905 4540 1320 4610; x_wconf 57' lang='grc' dir='ltr'><em>ἀναστὼιμον</em></span> <span class='ocrx_word' id='word_1_325' title='bbox 1374 4543 1484 4598; x_wconf 89' lang='grc' dir='ltr'><strong><em>τοῦ</em></strong></span> <span class='ocrx_word' id='word_1_326' title='bbox 1523 4544 1794 4612; x_wconf 85' lang='grc' dir='ltr'><em>Σωτῆρος</em></span> 
     </span>
    </p>
   </div>
   <div class='ocr_carea' id='block_1_63' title="bbox 296 4627 1736 4704">
    <p class='ocr_par' dir='ltr' id='par_1_63' title="bbox 296 4627 1736 4704">
     <span class='ocr_line' id='line_1_63' title="bbox 296 4627 1736 4704; baseline 0.008 -24"><span class='ocrx_word' id='word_1_327' title='bbox 296 4627 469 4697; x_wconf 74' lang='grc' dir='ltr'><em>ἡμῶν</em></span> <span class='ocrx_word' id='word_1_328' title='bbox 494 4629 724 4699; x_wconf 73' lang='grc' dir='ltr'><em>ἡμέραν</em></span> <span class='ocrx_word' id='word_1_329' title='bbox 746 4673 761 4698; x_wconf 91' lang='grc'><strong><em>,</em></strong></span> <span class='ocrx_word' id='word_1_330' title='bbox 791 4633 1359 4704; x_wconf 79' lang='grc' dir='ltr'><em>συναθροιζομένους</em></span> <span class='ocrx_word' id='word_1_331' title='bbox 1381 4678 1395 4703; x_wconf 90' lang='grc'><strong><em>,</em></strong></span> <span class='ocrx_word' id='word_1_332' title='bbox 1426 4635 1736 4703; x_wconf 81' lang='grc' dir='ltr'><em>ἑορτάζειν.</em></span> 
     </span>
    </p>
   </div>
   <div class='ocr_carea' id='block_1_64' title="bbox 221 4805 1646 4881">
    <p class='ocr_par' dir='ltr' id='par_1_64' title="bbox 221 4805 1646 4881">
     <span class='ocr_line' id='line_1_64' title="bbox 221 4805 1646 4881; baseline 0.005 -21"><span class='ocrx_word' id='word_1_333' title='bbox 221 4809 343 4860; x_wconf 79' lang='grc' dir='ltr'><em>λα’.</em></span> <span class='ocrx_word' id='word_1_334' title='bbox 382 4805 556 4872; x_wconf 79' lang='grc' dir='ltr'><em>Οἵους</em></span> <span class='ocrx_word' id='word_1_335' title='bbox 577 4806 730 4860; x_wconf 79' lang='grc' dir='ltr'><em>εἶναι</em></span> <span class='ocrx_word' id='word_1_336' title='bbox 759 4807 874 4876; x_wconf 80' lang='grc' dir='ltr'><em>χρὴ</em></span> <span class='ocrx_word' id='word_1_337' title='bbox 903 4807 1044 4876; x_wconf 84' lang='grc' dir='ltr'><em>τοὺς</em></span> <span class='ocrx_word' id='word_1_338' title='bbox 1068 4811 1646 4881; x_wconf 87' lang='grc' dir='ltr'><em>χειροτονουμένους.</em></span> 
     </span>
    </p>
   </div>
   <div class='ocr_carea' id='block_1_65' title="bbox 219 4890 1511 4971">
    <p class='ocr_par' dir='ltr' id='par_1_65' title="bbox 219 4890 1511 4971">
     <span class='ocr_line' id='line_1_65' title="bbox 219 4890 1511 4971; baseline 0.001 -16"><span class='ocrx_word' id='word_1_339' title='bbox 219 4902 338 4955; x_wconf 73' lang='grc' dir='ltr'><em>λό’.</em></span> <span class='ocrx_word' id='word_1_340' title='bbox 376 4901 711 4969; x_wconf 82' lang='grc' dir='ltr'><em>Πρόῤῥησις</em></span> <span class='ocrx_word' id='word_1_341' title='bbox 739 4900 874 4968; x_wconf 79' lang='grc' dir='ltr'><em>περὶ</em></span> <span class='ocrx_word' id='word_1_342' title='bbox 899 4900 1017 4953; x_wconf 84' lang='grc' dir='ltr'><em>τῶν</em></span> <span class='ocrx_word' id='word_1_343' title='bbox 1030 4903 1398 4971; x_wconf 75' lang='grc' dir='ltr'><em>μελλόντων.</em></span> <span class='ocrx_word' id='word_1_344' title='bbox 1505 4890 1511 4898; x_wconf 54' lang='grc'><em>”</em></span> 
     </span>
    </p>
   </div>
   <div class='ocr_carea' id='block_1_66' title="bbox 220 4991 1761 5066">
    <p class='ocr_par' dir='ltr' id='par_1_66' title="bbox 220 4991 1761 5066">
     <span class='ocr_line' id='line_1_66' title="bbox 220 4991 1761 5066; baseline 0.003 -19"><span class='ocrx_word' id='word_1_345' title='bbox 220 4994 341 5062; x_wconf 62' lang='grc' dir='ltr'><strong><em>λγ.</em></strong></span> <span class='ocrx_word' id='word_1_346' title='bbox 378 4991 695 5060; x_wconf 79' lang='grc' dir='ltr'><em>Προσευχὴ</em></span> <span class='ocrx_word' id='word_1_347' title='bbox 722 4991 1110 5062; x_wconf 77' lang='grc' dir='ltr'><em>ἑξαγγελτικὴ</em></span> <span class='ocrx_word' id='word_1_348' title='bbox 1141 4997 1423 5063; x_wconf 85' lang='grc' dir='ltr'><em>προνοίας</em></span> <span class='ocrx_word' id='word_1_349' title='bbox 1457 4995 1761 5066; x_wconf 73' lang='grc' dir='ltr'><em>διαφόρου.</em></span> 
     </span>
    </p>
   </div>
   <div class='ocr_carea' id='block_1_67' title="bbox 221 5083 1796 5159">
    <p class='ocr_par' dir='ltr' id='par_1_67' title="bbox 221 5083 1796 5159">
     <span class='ocr_line' id='line_1_67' title="bbox 221 5083 1796 5159; baseline 0.003 -21"><span class='ocrx_word' id='word_1_350' title='bbox 221 5086 339 5138; x_wconf 68' lang='grc' dir='ltr'><em>λδν.</em></span> <span class='ocrx_word' id='word_1_351' title='bbox 378 5083 696 5152; x_wconf 81' lang='grc' dir='ltr'><em>Προσευχὴ</em></span> <span class='ocrx_word' id='word_1_352' title='bbox 769 5084 1158 5155; x_wconf 74' lang='grc' dir='ltr'><em>ἐξαγγελτικὴ</em></span> <span class='ocrx_word' id='word_1_353' title='bbox 1227 5087 1609 5159; x_wconf 62' lang='grc' dir='ltr'><em>δημιουργίας</em></span> <span class='ocrx_word' id='word_1_354' title='bbox 1671 5090 1796 5142; x_wconf 82' lang='grc' dir='ltr'><em>δια-</em></span> 
     </span>
    </p>
   </div>
   <div class='ocr_carea' id='block_1_68' title="bbox 297 5175 504 5244">
    <p class='ocr_par' dir='ltr' id='par_1_68' title="bbox 297 5175 504 5244">
     <span class='ocr_line' id='line_1_68' title="bbox 297 5175 504 5244; baseline 0.01 -17"><span class='ocrx_word' id='word_1_355' title='bbox 297 5175 504 5244; x_wconf 74' lang='grc' dir='ltr'><em>φόρου.</em></span> 
     </span>
    </p>
   </div>
   <div class='ocr_carea' id='block_1_69' title="bbox 224 5267 1801 5343">
    <p class='ocr_par' dir='ltr' id='par_1_69' title="bbox 224 5267 1801 5343">
     <span class='ocr_line' id='line_1_69' title="bbox 224 5267 1801 5343; baseline 0.003 -21"><span class='ocrx_word' id='word_1_356' title='bbox 224 5271 336 5322; x_wconf 80' lang='grc' dir='ltr'><em>λε’.</em></span> <span class='ocrx_word' id='word_1_357' title='bbox 371 5267 690 5337; x_wconf 81' lang='grc' dir='ltr'><em>Προσευχὴ</em></span> <span class='ocrx_word' id='word_1_358' title='bbox 727 5268 876 5339; x_wconf 81' lang='grc' dir='ltr'><em>μετὰ</em></span> <span class='ocrx_word' id='word_1_359' title='bbox 917 5271 1302 5339; x_wconf 85' lang='grc' dir='ltr'><em>εὐχαριστίας</em></span> <span class='ocrx_word' id='word_1_360' title='bbox 1346 5273 1801 5343; x_wconf 79' lang='grc' dir='ltr'><em>ἐξαγγέλλουσα</em></span> 
     </span>
    </p>
   </div>
   <div class='ocr_carea' id='block_1_70' title="bbox 301 5359 1560 5435">
    <p class='ocr_par' dir='ltr' id='par_1_70' title="bbox 301 5359 1560 5435">
     <span class='ocr_line' id='line_1_70' title="bbox 301 5359 1560 5435; baseline 0.007 -23"><span class='ocrx_word' id='word_1_361' title='bbox 301 5359 407 5413; x_wconf 88' lang='grc' dir='ltr'><strong><em>τοῦ</em></strong></span> <span class='ocrx_word' id='word_1_362' title='bbox 439 5360 587 5414; x_wconf 86' lang='grc' dir='ltr'><em>Θεοῦ</em></span> <span class='ocrx_word' id='word_1_363' title='bbox 615 5361 729 5430; x_wconf 81' lang='grc' dir='ltr'><em>τὴν</em></span> <span class='ocrx_word' id='word_1_364' title='bbox 753 5362 888 5429; x_wconf 79' lang='grc' dir='ltr'><em>περὶ</em></span> <span class='ocrx_word' id='word_1_365' title='bbox 913 5363 986 5417; x_wconf 86' lang='grc' dir='ltr'><em>τὰ</em></span> <span class='ocrx_word' id='word_1_366' title='bbox 1014 5364 1160 5418; x_wconf 84' lang='grc' dir='ltr'><em>ὄντα</em></span> <span class='ocrx_word' id='word_1_367' title='bbox 1186 5365 1560 5435; x_wconf 87' lang='grc' dir='ltr'><em>κηδεμονίαν.</em></span> 
     </span>
    </p>
   </div>
   <div class='ocr_carea' id='block_1_71' title="bbox 224 5451 1799 5529">
    <p class='ocr_par' dir='ltr' id='par_1_71' title="bbox 224 5451 1799 5529">
     <span class='ocr_line' id='line_1_71' title="bbox 224 5451 1799 5529; baseline 0.005 -23"><span class='ocrx_word' id='word_1_368' title='bbox 224 5454 350 5516; x_wconf 68' lang='grc' dir='ltr'><em>λς’.</em></span> <span class='ocrx_word' id='word_1_369' title='bbox 385 5451 700 5522; x_wconf 78' lang='grc' dir='ltr'><em>Προσευχὴ</em></span> <span class='ocrx_word' id='word_1_370' title='bbox 745 5454 1291 5524; x_wconf 82' lang='grc' dir='ltr'><em>ὑπομιμνήσκουσα</em></span> <span class='ocrx_word' id='word_1_371' title='bbox 1314 5457 1428 5527; x_wconf 75' lang='grc' dir='ltr'><em>τὴν</em></span> <span class='ocrx_word' id='word_1_372' title='bbox 1470 5459 1799 5529; x_wconf 78' lang='grc' dir='ltr'><em>γενομένην</em></span> 
     </span>
    </p>
   </div>
   <div class='ocr_carea' id='block_1_72' title="bbox 298 5542 1800 5620">
    <p class='ocr_par' dir='ltr' id='par_1_72' title="bbox 298 5542 1800 5620">
     <span class='ocr_line' id='line_1_72' title="bbox 298 5542 1800 5620; baseline 0.009 -26"><span class='ocrx_word' id='word_1_373' title='bbox 298 5542 554 5609; x_wconf 80' lang='grc' dir='ltr'><em>Χριστοῦ</em></span> <span class='ocrx_word' id='word_1_374' title='bbox 627 5544 1104 5614; x_wconf 84' lang='grc' dir='ltr'><em>ὲνανθρώπησιν,</em></span> <span class='ocrx_word' id='word_1_375' title='bbox 1177 5549 1276 5604; x_wconf 74' lang='grc' dir='ltr'><em>καὶ</em></span> <span class='ocrx_word' id='word_1_376' title='bbox 1328 5549 1442 5620; x_wconf 83' lang='grc' dir='ltr'><em>τὴν</em></span> <span class='ocrx_word' id='word_1_377' title='bbox 1515 5553 1603 5617; x_wconf 83' lang='grc' dir='ltr'><strong><em>εὶς</em></strong></span> <span class='ocrx_word' id='word_1_378' title='bbox 1661 5552 1800 5619; x_wconf 85' lang='grc' dir='ltr'><em>τοὺς</em></span> 
     </span>
    </p>
   </div>
   <div class='ocr_carea' id='block_1_73' title="bbox 303 5634 1143 5708">
    <p class='ocr_par' dir='ltr' id='par_1_73' title="bbox 303 5634 1143 5708">
     <span class='ocr_line' id='line_1_73' title="bbox 303 5634 1143 5708; baseline 0.01 -20"><span class='ocrx_word' id='word_1_379' title='bbox 303 5634 506 5702; x_wconf 66' lang='grc' dir='ltr'><em>ἁγίους</em></span> <span class='ocrx_word' id='word_1_380' title='bbox 533 5635 816 5704; x_wconf 66' lang='grc' dir='ltr'><em>διάφορον</em></span> <span class='ocrx_word' id='word_1_381' title='bbox 843 5640 1143 5708; x_wconf 86' lang='grc' dir='ltr'><em>πρόνοιαν.</em></span> 
     </span>
    </p>
   </div>
   <div class='ocr_carea' id='block_1_74' title="bbox 301 5749 802 5822">
    <p class='ocr_par' dir='ltr' id='par_1_74' title="bbox 301 5749 802 5822">
     <span class='ocr_line' id='line_1_74' title="bbox 301 5749 802 5822; baseline 0.008 -20"><span class='ocrx_word' id='word_1_382' title='bbox 301 5749 319 5780; x_wconf 72' lang='grc'>⁸</span> <span class='ocrx_word' id='word_1_383' title='bbox 344 5749 420 5806; x_wconf 84' lang='lat' dir='ltr'><strong><em>al.</em></strong></span> <span class='ocrx_word' id='word_1_384' title='bbox 460 5749 802 5822; x_wconf 77' lang='grc' dir='ltr'><em>ολιγοψύχου.</em></span> 
     </span>
    </p>
   </div>
   <div class='ocr_carea' id='block_1_75' title="bbox 1946 1861 2203 1916">
    <p class='ocr_par' dir='ltr' id='par_1_75' title="bbox 1946 1861 2203 1916">
     <span class='ocr_line' id='line_1_75' title="bbox 1946 1861 2203 1916; baseline 0.004 -1"><span class='ocrx_word' id='word_1_385' title='bbox 1946 1861 2203 1916; x_wconf 86' lang='lat' dir='ltr'><strong><em>sionibus.</em></strong></span> 
     </span>
    </p>
   </div>
   <div class='ocr_carea' id='block_1_76' title="bbox 1877 1953 2736 2022">
    <p class='ocr_par' dir='ltr' id='par_1_76' title="bbox 1877 1953 2736 2022">
     <span class='ocr_line' id='line_1_76' title="bbox 1877 1953 2736 2022; baseline -0.002 -15"><span class='ocrx_word' id='word_1_386' title='bbox 1877 1953 1995 2009; x_wconf 89' lang='lat' dir='ltr'><strong><em>XV.</em></strong></span> <span class='ocrx_word' id='word_1_387' title='bbox 2039 1953 2115 2007; x_wconf 89' lang='lat' dir='ltr'><strong><em>De</em></strong></span> <span class='ocrx_word' id='word_1_388' title='bbox 2137 1953 2283 2007; x_wconf 87' lang='lat' dir='ltr'><strong><em>cultu</em></strong></span> <span class='ocrx_word' id='word_1_389' title='bbox 2307 1970 2431 2022; x_wconf 88' lang='lat' dir='ltr'><strong><em>erga</em></strong></span> <span class='ocrx_word' id='word_1_390' title='bbox 2467 1961 2736 2021; x_wconf 88' lang='lat' dir='ltr'><strong><em>parentes.</em></strong></span> 
     </span>
    </p>
   </div>
   <div class='ocr_carea' id='block_1_77' title="bbox 1878 2042 3302 2116">
    <p class='ocr_par' dir='ltr' id='par_1_77' title="bbox 1878 2042 3302 2116">
     <span class='ocr_line' id='line_1_77' title="bbox 1878 2042 3302 2116; baseline -0.004 -16"><span class='ocrx_word' id='word_1_391' title='bbox 1878 2046 2018 2102; x_wconf 88' lang='lat' dir='ltr'>XVI.</span> <span class='ocrx_word' id='word_1_392' title='bbox 2059 2047 2137 2101; x_wconf 88' lang='lat' dir='ltr'><strong><em>De</em></strong></span> <span class='ocrx_word' id='word_1_393' title='bbox 2167 2046 2483 2116; x_wconf 87' lang='lat' dir='ltr'><strong><em>subjectione</em></strong></span> <span class='ocrx_word' id='word_1_394' title='bbox 2510 2060 2632 2114; x_wconf 90' lang='lat' dir='ltr'><strong><em>erga</em></strong></span> <span class='ocrx_word' id='word_1_395' title='bbox 2664 2060 2832 2113; x_wconf 84' lang='lat' dir='ltr'><strong><em>regem</em></strong></span> <span class='ocrx_word' id='word_1_396' title='bbox 2855 2051 2904 2096; x_wconf 89' lang='lat' dir='ltr'><strong><em>et</em></strong></span> <span class='ocrx_word' id='word_1_397' title='bbox 2939 2042 3302 2112; x_wconf 64' lang='lat' dir='ltr'><strong><em>magistratus.</em></strong></span> 
     </span>
    </p>
   </div>
   <div class='ocr_carea' id='block_1_78' title="bbox 1879 2225 3112 2293">
    <p class='ocr_par' dir='ltr' id='par_1_78' title="bbox 1879 2225 3112 2293">
     <span class='ocr_line' id='line_1_78' title="bbox 1879 2225 3112 2293; baseline -0.006 -11"><span class='ocrx_word' id='word_1_398' title='bbox 1879 2228 2045 2284; x_wconf 92' lang='lat' dir='ltr'>XVII.</span> <span class='ocrx_word' id='word_1_399' title='bbox 2081 2227 2159 2282; x_wconf 87' lang='lat' dir='ltr'><strong><em>De</em></strong></span> <span class='ocrx_word' id='word_1_400' title='bbox 2191 2226 2385 2281; x_wconf 91' lang='lat' dir='ltr'><strong><em>munda</em></strong></span> <span class='ocrx_word' id='word_1_401' title='bbox 2413 2225 2736 2280; x_wconf 87' lang='lat' dir='ltr'><strong><em>conscientia</em></strong></span> <span class='ocrx_word' id='word_1_402' title='bbox 2762 2231 3112 2293; x_wconf 70' lang='lat' dir='ltr'><strong><em>precantium.</em></strong></span> 
     </span>
    </p>
   </div>
   <div class='ocr_carea' id='block_1_79' title="bbox 1882 2421 3450 2498">
    <p class='ocr_par' dir='ltr' id='par_1_79' title="bbox 1882 2421 3450 2498">
     <span class='ocr_line' id='line_1_79' title="bbox 1882 2421 3450 2498; baseline -0.006 -16"><span class='ocrx_word' id='word_1_403' title='bbox 1882 2427 2067 2483; x_wconf 71' lang='lat' dir='ltr'>XVlII.</span> <span class='ocrx_word' id='word_1_404' title='bbox 2110 2427 2262 2492; x_wconf 81' lang='lat' dir='ltr'><strong><em>Quod</em></strong></span> <span class='ocrx_word' id='word_1_405' title='bbox 2292 2428 2376 2481; x_wconf 83' lang='lat' dir='ltr'><strong><em>via</em></strong></span> <span class='ocrx_word' id='word_1_406' title='bbox 2405 2443 2521 2498; x_wconf 73' lang='lat' dir='ltr'><strong><em>qum</em></strong></span> <span class='ocrx_word' id='word_1_407' title='bbox 2563 2442 2627 2481; x_wconf 80' lang='lat' dir='ltr'><strong><em>ea:</em></strong></span> <span class='ocrx_word' id='word_1_408' title='bbox 2662 2425 2873 2481; x_wconf 87' lang='lat' dir='ltr'><strong><em>insidiis</em></strong></span> <span class='ocrx_word' id='word_1_409' title='bbox 2897 2422 3194 2478; x_wconf 80' lang='lat' dir='ltr'><strong><em>adversarii</em></strong></span> <span class='ocrx_word' id='word_1_410' title='bbox 3238 2421 3450 2476; x_wconf 79' lang='lat' dir='ltr'><strong><em>adscita</em></strong></span> 
     </span>
    </p>
   </div>
   <div class='ocr_carea' id='block_1_80' title="bbox 1953 2516 3071 2592">
    <p class='ocr_par' dir='ltr' id='par_1_80' title="bbox 1953 2516 3071 2592">
     <span class='ocr_line' id='line_1_80' title="bbox 1953 2516 3071 2592; baseline -0.004 -17"><span class='ocrx_word' id='word_1_411' title='bbox 1953 2523 2074 2592; x_wconf 81' lang='lat' dir='ltr'><strong><em>fuit,</em></strong></span> <span class='ocrx_word' id='word_1_412' title='bbox 2111 2523 2377 2591; x_wconf 88' lang='lat' dir='ltr'><strong><em>impietate</em></strong></span> <span class='ocrx_word' id='word_1_413' title='bbox 2408 2537 2470 2574; x_wconf 92' lang='lat' dir='ltr'><strong><em>ac</em></strong></span> <span class='ocrx_word' id='word_1_414' title='bbox 2497 2520 2774 2590; x_wconf 85' lang='lat' dir='ltr'><strong><em>iniquitate</em></strong></span> <span class='ocrx_word' id='word_1_415' title='bbox 2800 2519 2871 2572; x_wconf 88' lang='lat' dir='ltr'><strong><em>sit</em></strong></span> <span class='ocrx_word' id='word_1_416' title='bbox 2893 2516 3071 2587; x_wconf 90' lang='lat' dir='ltr'><strong><em>plena.</em></strong></span> 
     </span>
    </p>
   </div>
   <div class='ocr_carea' id='block_1_81' title="bbox 1882 2691 3457 2768">
    <p class='ocr_par' dir='ltr' id='par_1_81' title="bbox 1882 2691 3457 2768">
     <span class='ocr_line' id='line_1_81' title="bbox 1882 2691 3457 2768; baseline -0.006 -13"><span class='ocrx_word' id='word_1_417' title='bbox 1882 2699 2026 2755; x_wconf 82' lang='lat' dir='ltr'><strong><em>X.X.</em></strong></span> <span class='ocrx_word' id='word_1_418' title='bbox 2068 2698 2221 2766; x_wconf 89' lang='lat' dir='ltr'><strong><em>Quod</em></strong></span> <span class='ocrx_word' id='word_1_419' title='bbox 2250 2715 2352 2752; x_wconf 93' lang='lat' dir='ltr'><strong><em>non</em></strong></span> <span class='ocrx_word' id='word_1_420' title='bbox 2382 2704 2619 2768; x_wconf 88' lang='lat' dir='ltr'><strong><em>oporteat</em></strong></span> <span class='ocrx_word' id='word_1_421' title='bbox 2643 2714 2674 2750; x_wconf 93' lang='lat' dir='ltr'><strong><em>a</em></strong></span> <span class='ocrx_word' id='word_1_422' title='bbox 2696 2697 2886 2767; x_wconf 88' lang='lat' dir='ltr'><strong><em>pietate</em></strong></span> <span class='ocrx_word' id='word_1_423' title='bbox 2915 2695 3180 2750; x_wconf 88' lang='lat' dir='ltr'><strong><em>declinare</em></strong></span> <span class='ocrx_word' id='word_1_424' title='bbox 3208 2691 3457 2747; x_wconf 72' lang='lat' dir='ltr'><strong><em>dextror-</em></strong></span> 
     </span>
    </p>
   </div>
   <div class='ocr_carea' id='block_1_82' title="bbox 1955 2789 3176 2858">
    <p class='ocr_par' dir='ltr' id='par_1_82' title="bbox 1955 2789 3176 2858">
     <span class='ocr_line' id='line_1_82' title="bbox 1955 2789 3176 2858; baseline -0.005 -10"><span class='ocrx_word' id='word_1_425' title='bbox 1955 2810 2070 2848; x_wconf 87' lang='lat' dir='ltr'><strong><em>sum</em></strong></span> <span class='ocrx_word' id='word_1_426' title='bbox 2093 2792 2169 2846; x_wconf 85' lang='lat' dir='ltr'><strong><em>vel</em></strong></span> <span class='ocrx_word' id='word_1_427' title='bbox 2191 2793 2578 2854; x_wconf 85' lang='lat' dir='ltr'><strong><em>sinistrorsum,</em></strong></span> <span class='ocrx_word' id='word_1_428' title='bbox 2603 2789 2848 2843; x_wconf 86' lang='lat' dir='ltr'><strong><em>admonet</em></strong></span> <span class='ocrx_word' id='word_1_429' title='bbox 2880 2789 3176 2858; x_wconf 89' lang='lat' dir='ltr'><strong><em>legislator.</em></strong></span> 
     </span>
    </p>
   </div>
   <div class='ocr_carea' id='block_1_83' title="bbox 1884 2875 3456 2952">
    <p class='ocr_par' dir='ltr' id='par_1_83' title="bbox 1884 2875 3456 2952">
     <span class='ocr_line' id='line_1_83' title="bbox 1884 2875 3456 2952; baseline -0.008 -11"><span class='ocrx_word' id='word_1_430' title='bbox 1884 2885 2002 2941; x_wconf 90' lang='lat' dir='ltr'><strong><em>XX.</em></strong></span> <span class='ocrx_word' id='word_1_431' title='bbox 2046 2884 2198 2952; x_wconf 84' lang='lat' dir='ltr'><strong><em>Quod</em></strong></span> <span class='ocrx_word' id='word_1_432' title='bbox 2229 2901 2333 2938; x_wconf 92' lang='lat' dir='ltr'><strong><em>non</em></strong></span> <span class='ocrx_word' id='word_1_433' title='bbox 2363 2892 2600 2952; x_wconf 90' lang='lat' dir='ltr'><strong><em>oporteat</em></strong></span> <span class='ocrx_word' id='word_1_434' title='bbox 2636 2881 2934 2948; x_wconf 88' lang='lat' dir='ltr'><strong><em>improbare</em></strong></span> <span class='ocrx_word' id='word_1_435' title='bbox 2971 2879 3142 2932; x_wconf 89' lang='lat' dir='ltr'><strong><em>cibum</em></strong></span> <span class='ocrx_word' id='word_1_436' title='bbox 3173 2875 3456 2949; x_wconf 70' lang='lat' dir='ltr'><strong><em>quemlibet</em></strong></span> 
     </span>
    </p>
   </div>
   <div class='ocr_carea' id='block_1_84' title="bbox 1956 2971 3453 3043">
    <p class='ocr_par' dir='ltr' id='par_1_84' title="bbox 1956 2971 3453 3043">
     <span class='ocr_line' id='line_1_84' title="bbox 1956 2971 3453 3043; baseline -0.007 -13"><span class='ocrx_word' id='word_1_437' title='bbox 1956 2977 2075 3030; x_wconf 88' lang='lat' dir='ltr'><strong><em>usui</em></strong></span> <span class='ocrx_word' id='word_1_438' title='bbox 2109 2975 2581 3036; x_wconf 79' lang='lat' dir='ltr'><strong><em>accommodatum,</em></strong></span> <span class='ocrx_word' id='word_1_439' title='bbox 2604 2973 2694 3029; x_wconf 89' lang='lat' dir='ltr'><strong><em>sed</em></strong></span> <span class='ocrx_word' id='word_1_440' title='bbox 2717 2989 2835 3028; x_wconf 88' lang='lat' dir='ltr'><strong><em>cum</em></strong></span> <span class='ocrx_word' id='word_1_441' title='bbox 2864 2972 3156 3043; x_wconf 87' lang='lat' dir='ltr'><strong><em>gratiarum</em></strong></span> <span class='ocrx_word' id='word_1_442' title='bbox 3185 2971 3387 3023; x_wconf 88' lang='lat' dir='ltr'><strong><em>actione</em></strong></span> <span class='ocrx_word' id='word_1_443' title='bbox 3402 2976 3453 3020; x_wconf 79' lang='lat' dir='ltr'><strong><em>et</em></strong></span> 
     </span>
    </p>
   </div>
   <div class='ocr_carea' id='block_1_85' title="bbox 1810 3067 2443 3152">
    <p class='ocr_par' dir='ltr' id='par_1_85' title="bbox 1810 3067 2443 3152">
     <span class='ocr_line' id='line_1_85' title="bbox 1810 3067 2443 3152; baseline -0.009 -29"><span class='ocrx_word' id='word_1_444' title='bbox 1810 3095 1853 3152; x_wconf 67' lang='grc' dir='ltr'>ο</span> <span class='ocrx_word' id='word_1_445' title='bbox 1958 3067 2201 3122; x_wconf 89' lang='lat' dir='ltr'><strong><em>ordinate</em></strong></span> <span class='ocrx_word' id='word_1_446' title='bbox 2221 3084 2443 3121; x_wconf 89' lang='lat' dir='ltr'><strong><em>sumere.</em></strong></span> 
     </span>
    </p>
   </div>
   <div class='ocr_carea' id='block_1_86' title="bbox 1886 3153 3457 3230">
    <p class='ocr_par' dir='ltr' id='par_1_86' title="bbox 1886 3153 3457 3230">
     <span class='ocr_line' id='line_1_86' title="bbox 1886 3153 3457 3230; baseline -0.006 -14"><span class='ocrx_word' id='word_1_447' title='bbox 1886 3160 2028 3216; x_wconf 88' lang='lat' dir='ltr'>XXI.</span> <span class='ocrx_word' id='word_1_448' title='bbox 2069 3159 2224 3228; x_wconf 87' lang='lat' dir='ltr'><strong><em>Quod</em></strong></span> <span class='ocrx_word' id='word_1_449' title='bbox 2252 3167 2490 3230; x_wconf 87' lang='lat' dir='ltr'><strong><em>oporteat</em></strong></span> <span class='ocrx_word' id='word_1_450' title='bbox 2513 3159 2774 3213; x_wconf 89' lang='lat' dir='ltr'><strong><em>abstinere</em></strong></span> <span class='ocrx_word' id='word_1_451' title='bbox 2805 3157 2868 3212; x_wconf 91' lang='lat' dir='ltr'><strong><em>ab</em></strong></span> <span class='ocrx_word' id='word_1_452' title='bbox 2902 3173 2992 3212; x_wconf 90' lang='lat' dir='ltr'><strong><em>esu</em></strong></span> <span class='ocrx_word' id='word_1_453' title='bbox 3019 3153 3457 3224; x_wconf 81' lang='lat' dir='ltr'><strong><em>idolothytorum.</em></strong></span> 
     </span>
    </p>
   </div>
   <div class='ocr_carea' id='block_1_87' title="bbox 1886 3331 3458 3408">
    <p class='ocr_par' dir='ltr' id='par_1_87' title="bbox 1886 3331 3458 3408">
     <span class='ocr_line' id='line_1_87' title="bbox 1886 3331 3458 3408; baseline -0.007 -13"><span class='ocrx_word' id='word_1_454' title='bbox 1886 3339 2053 3396; x_wconf 88' lang='lat' dir='ltr'>XXII.</span> <span class='ocrx_word' id='word_1_455' title='bbox 2096 3338 2420 3394; x_wconf 85' lang='lat' dir='ltr'><strong><em>Constitutio</em></strong></span> <span class='ocrx_word' id='word_1_456' title='bbox 2443 3338 2744 3400; x_wconf 84' lang='lat' dir='ltr'><strong><em>Dominica,</em></strong></span> <span class='ocrx_word' id='word_1_457' title='bbox 2764 3353 2865 3408; x_wconf 89' lang='lat' dir='ltr'><strong><em>quo</em></strong></span> <span class='ocrx_word' id='word_1_458' title='bbox 2888 3334 3040 3389; x_wconf 84' lang='lat' dir='ltr'><strong><em>modo</em></strong></span> <span class='ocrx_word' id='word_1_459' title='bbox 3060 3341 3296 3403; x_wconf 88' lang='lat' dir='ltr'><strong><em>oporteat</em></strong></span> <span class='ocrx_word' id='word_1_460' title='bbox 3330 3331 3458 3400; x_wconf 86' lang='lat' dir='ltr'><strong><em>bap-</em></strong></span> 
     </span>
    </p>
   </div>
   <div class='ocr_carea' id='block_1_88' title="bbox 1961 3433 2749 3499">
    <p class='ocr_par' dir='ltr' id='par_1_88' title="bbox 1961 3433 2749 3499">
     <span class='ocr_line' id='line_1_88' title="bbox 1961 3433 2749 3499; baseline -0.003 -15"><span class='ocrx_word' id='word_1_461' title='bbox 1961 3434 2148 3497; x_wconf 76' lang='lat' dir='ltr'><strong><em>tizare,</em></strong></span> <span class='ocrx_word' id='word_1_462' title='bbox 2175 3440 2223 3485; x_wconf 89' lang='lat' dir='ltr'><strong><em>et</em></strong></span> <span class='ocrx_word' id='word_1_463' title='bbox 2248 3433 2303 3483; x_wconf 25' lang='lat' dir='ltr'><strong><em>in.</em></strong></span> <span class='ocrx_word' id='word_1_464' title='bbox 2327 3447 2477 3499; x_wconf 83' lang='lat' dir='ltr'><strong><em>cujus</em></strong></span> <span class='ocrx_word' id='word_1_465' title='bbox 2509 3439 2749 3484; x_wconf 90' lang='lat' dir='ltr'><strong><em>mortem.</em></strong></span> 
     </span>
    </p>
   </div>
   <div class='ocr_carea' id='block_1_89' title="bbox 1890 3518 3462 3589">
    <p class='ocr_par' dir='ltr' id='par_1_89' title="bbox 1890 3518 3462 3589">
     <span class='ocr_line' id='line_1_89' title="bbox 1890 3518 3462 3589; baseline -0.005 -10"><span class='ocrx_word' id='word_1_466' title='bbox 1890 3523 2080 3580; x_wconf 90' lang='lat' dir='ltr'>XXIII.</span> <span class='ocrx_word' id='word_1_467' title='bbox 2121 3523 2322 3589; x_wconf 86' lang='lat' dir='ltr'><strong><em>Quibus</em></strong></span> <span class='ocrx_word' id='word_1_468' title='bbox 2352 3522 2532 3577; x_wconf 88' lang='lat' dir='ltr'><strong><em>diebus</em></strong></span> <span class='ocrx_word' id='word_1_469' title='bbox 2563 3520 2901 3576; x_wconf 86' lang='lat' dir='ltr'><strong><em>hebdomadis</em></strong></span> <span class='ocrx_word' id='word_1_470' title='bbox 2918 3518 3270 3589; x_wconf 79' lang='lat' dir='ltr'><strong><em>jejunand&#39;um</em></strong></span> <span class='ocrx_word' id='word_1_471' title='bbox 3293 3521 3384 3582; x_wconf 82' lang='lat' dir='ltr'><strong><em>sit,</em></strong></span> <span class='ocrx_word' id='word_1_472' title='bbox 3408 3529 3462 3572; x_wconf 66' lang='lat' dir='ltr'><strong><em>eo</em></strong></span> 
     </span>
    </p>
   </div>
   <div class='ocr_carea' id='block_1_90' title="bbox 1959 3612 3245 3689">
    <p class='ocr_par' dir='ltr' id='par_1_90' title="bbox 1959 3612 3245 3689">
     <span class='ocr_line' id='line_1_90' title="bbox 1959 3612 3245 3689; baseline -0.003 -18"><span class='ocrx_word' id='word_1_473' title='bbox 1959 3617 2144 3689; x_wconf 87' lang='lat' dir='ltr'><strong><em>quibus</em></strong></span> <span class='ocrx_word' id='word_1_474' title='bbox 2175 3635 2274 3671; x_wconf 91' lang='lat' dir='ltr'><strong><em>non</em></strong></span> <span class='ocrx_word' id='word_1_475' title='bbox 2287 3615 2669 3686; x_wconf 82' lang='lat' dir='ltr'><strong><em>jejunandurn;</em></strong></span> <span class='ocrx_word' id='word_1_476' title='bbox 2699 3624 2749 3668; x_wconf 90' lang='lat' dir='ltr'><strong><em>et</em></strong></span> <span class='ocrx_word' id='word_1_477' title='bbox 2780 3615 2930 3682; x_wconf 86' lang='lat' dir='ltr'><strong><em>cujus</em></strong></span> <span class='ocrx_word' id='word_1_478' title='bbox 2955 3615 3030 3666; x_wconf 91' lang='lat' dir='ltr'><strong><em>rei</em></strong></span> <span class='ocrx_word' id='word_1_479' title='bbox 3050 3612 3245 3682; x_wconf 86' lang='lat' dir='ltr'><strong><em>gratia.</em></strong></span> 
     </span>
    </p>
   </div>
   <div class='ocr_carea' id='block_1_91' title="bbox 1891 3703 3468 3777">
    <p class='ocr_par' dir='ltr' id='par_1_91' title="bbox 1891 3703 3468 3777">
     <span class='ocr_line' id='line_1_91' title="bbox 1891 3703 3468 3777; baseline -0.008 -10"><span class='ocrx_word' id='word_1_480' title='bbox 1891 3710 2082 3767; x_wconf 84' lang='lat' dir='ltr'>XXIV.</span> <span class='ocrx_word' id='word_1_481' title='bbox 2125 3710 2320 3777; x_wconf 88' lang='lat' dir='ltr'><strong><em>Quales</em></strong></span> <span class='ocrx_word' id='word_1_482' title='bbox 2344 3726 2455 3764; x_wconf 88' lang='lat' dir='ltr'><strong><em>esse</em></strong></span> <span class='ocrx_word' id='word_1_483' title='bbox 2485 3716 2720 3776; x_wconf 88' lang='lat' dir='ltr'><strong><em>oporteat</em></strong></span> <span class='ocrx_word' id='word_1_484' title='bbox 2743 3724 2828 3762; x_wconf 86' lang='lat' dir='ltr'><strong><em>eos</em></strong></span> <span class='ocrx_word' id='word_1_485' title='bbox 2857 3709 2946 3777; x_wconf 87' lang='lat' dir='ltr'><strong><em>qui</em></strong></span> <span class='ocrx_word' id='word_1_486' title='bbox 2978 3715 3131 3760; x_wconf 87' lang='lat' dir='ltr'><strong><em>orant</em></strong></span> <span class='ocrx_word' id='word_1_487' title='bbox 3164 3721 3196 3757; x_wconf 90' lang='lat' dir='ltr'><strong><em>a</em></strong></span> <span class='ocrx_word' id='word_1_488' title='bbox 3228 3703 3468 3758; x_wconf 80' lang='lat' dir='ltr'><strong><em>Domina</em></strong></span> 
     </span>
    </p>
   </div>
   <div class='ocr_carea' id='block_1_92' title="bbox 1964 3803 2560 3857">
    <p class='ocr_par' dir='ltr' id='par_1_92' title="bbox 1964 3803 2560 3857">
     <span class='ocr_line' id='line_1_92' title="bbox 1964 3803 2560 3857; baseline -0.002 0"><span class='ocrx_word' id='word_1_489' title='bbox 1964 3803 2218 3857; x_wconf 86' lang='lat' dir='ltr'><strong><em>traditam</em></strong></span> <span class='ocrx_word' id='word_1_490' title='bbox 2249 3803 2560 3857; x_wconf 88' lang='lat' dir='ltr'><strong><em>orationem.</em></strong></span> 
     </span>
    </p>
   </div>
   <div class='ocr_carea' id='block_1_93' title="bbox 1893 3890 3040 3949">
    <p class='ocr_par' dir='ltr' id='par_1_93' title="bbox 1893 3890 3040 3949">
     <span class='ocr_line' id='line_1_93' title="bbox 1893 3890 3040 3949; baseline -0.005 0"><span class='ocrx_word' id='word_1_491' title='bbox 1893 3893 2060 3949; x_wconf 90' lang='lat' dir='ltr'>XXV.</span> <span class='ocrx_word' id='word_1_492' title='bbox 2103 3893 2412 3947; x_wconf 83' lang='lat' dir='ltr'><strong><em>Gratiarum</em></strong></span> <span class='ocrx_word' id='word_1_493' title='bbox 2454 3892 2591 3945; x_wconf 88' lang='lat' dir='ltr'><strong><em>actio</em></strong></span> <span class='ocrx_word' id='word_1_494' title='bbox 2615 3890 3040 3944; x_wconf 88' lang='lat' dir='ltr'><strong><em>sacramentalis.</em></strong></span> 
     </span>
    </p>
   </div>
   <div class='ocr_carea' id='block_1_94' title="bbox 1893 3981 3389 4051">
    <p class='ocr_par' dir='ltr' id='par_1_94' title="bbox 1893 3981 3389 4051">
     <span class='ocr_line' id='line_1_94' title="bbox 1893 3981 3389 4051; baseline -0.005 -11"><span class='ocrx_word' id='word_1_495' title='bbox 1893 3985 2083 4040; x_wconf 90' lang='lat' dir='ltr'>XXVI.</span> <span class='ocrx_word' id='word_1_496' title='bbox 2128 3985 2436 4039; x_wconf 83' lang='lat' dir='ltr'><strong><em>Gratiarum</em></strong></span> <span class='ocrx_word' id='word_1_497' title='bbox 2460 3984 2596 4036; x_wconf 87' lang='lat' dir='ltr'><strong><em>actio</em></strong></span> <span class='ocrx_word' id='word_1_498' title='bbox 2617 3998 2772 4051; x_wconf 87' lang='lat' dir='ltr'><strong><em>super</em></strong></span> <span class='ocrx_word' id='word_1_499' title='bbox 2798 3981 2978 4036; x_wconf 86' lang='lat' dir='ltr'><strong><em>divina</em></strong></span> <span class='ocrx_word' id='word_1_500' title='bbox 3007 3995 3389 4034; x_wconf 76' lang='lat' dir='ltr'><strong><em>communione.</em></strong></span> 
     </span>
    </p>
   </div>
   <div class='ocr_carea' id='block_1_95' title="bbox 1893 4070 3470 4147">
    <p class='ocr_par' dir='ltr' id='par_1_95' title="bbox 1893 4070 3470 4147">
     <span class='ocr_line' id='line_1_95' title="bbox 1893 4070 3470 4147; baseline -0.008 -12"><span class='ocrx_word' id='word_1_501' title='bbox 1893 4078 2111 4138; x_wconf 85' lang='lat' dir='ltr'>XXVII.</span> <span class='ocrx_word' id='word_1_502' title='bbox 2151 4077 2457 4132; x_wconf 83' lang='lat' dir='ltr'><strong><em>Gratiarum</em></strong></span> <span class='ocrx_word' id='word_1_503' title='bbox 2480 4075 2620 4129; x_wconf 81' lang='lat' dir='ltr'><strong><em>actio</em></strong></span> <span class='ocrx_word' id='word_1_504' title='bbox 2645 4091 2740 4147; x_wconf 84' lang='lat' dir='ltr'><strong><em>pro</em></strong></span> <span class='ocrx_word' id='word_1_505' title='bbox 2766 4074 2982 4144; x_wconf 83' lang='lat' dir='ltr'><strong><em>mystico</em></strong></span> <span class='ocrx_word' id='word_1_506' title='bbox 3006 4083 3054 4127; x_wconf 87' lang='lat' dir='ltr'><strong><em>et</em></strong></span> <span class='ocrx_word' id='word_1_507' title='bbox 3085 4070 3470 4126; x_wconf 81' lang='lat' dir='ltr'><strong><em>sacramentali</em></strong></span> 
     </span>
    </p>
   </div>
   <div class='ocr_carea' id='block_1_96' title="bbox 1967 4181 2250 4241">
    <p class='ocr_par' dir='ltr' id='par_1_96' title="bbox 1967 4181 2250 4241">
     <span class='ocr_line' id='line_1_96' title="bbox 1967 4181 2250 4241; baseline -0.004 -16"><span class='ocrx_word' id='word_1_508' title='bbox 1967 4181 2250 4241; x_wconf 88' lang='lat' dir='ltr'><strong><em>unguento.</em></strong></span> 
     </span>
    </p>
   </div>
   <div class='ocr_carea' id='block_1_97' title="bbox 1895 4255 3464 4330">
    <p class='ocr_par' dir='ltr' id='par_1_97' title="bbox 1895 4255 3464 4330">
     <span class='ocr_line' id='line_1_97' title="bbox 1895 4255 3464 4330; baseline -0.008 -12"><span class='ocrx_word' id='word_1_509' title='bbox 1895 4262 2133 4319; x_wconf 82' lang='lat' dir='ltr'>XXVIII.</span> <span class='ocrx_word' id='word_1_510' title='bbox 2174 4263 2325 4330; x_wconf 88' lang='lat' dir='ltr'><strong><em>Quod</em></strong></span> <span class='ocrx_word' id='word_1_511' title='bbox 2349 4279 2451 4315; x_wconf 91' lang='lat' dir='ltr'><strong><em>non</em></strong></span> <span class='ocrx_word' id='word_1_512' title='bbox 2477 4269 2712 4330; x_wconf 77' lang='lat' dir='ltr'><strong><em>oporteat</em></strong></span> <span class='ocrx_word' id='word_1_513' title='bbox 2745 4258 3102 4327; x_wconf 74' lang='lat' dir='ltr'><strong><em>indi/Ierenter</em></strong></span> <span class='ocrx_word' id='word_1_514' title='bbox 3131 4255 3199 4309; x_wconf 90' lang='lat' dir='ltr'><strong><em>ad</em></strong></span> <span class='ocrx_word' id='word_1_515' title='bbox 3231 4269 3464 4308; x_wconf 85' lang='lat' dir='ltr'><strong><em>commu-</em></strong></span> 
     </span>
    </p>
   </div>
   <div class='ocr_carea' id='block_1_98' title="bbox 1968 4356 2491 4411">
    <p class='ocr_par' dir='ltr' id='par_1_98' title="bbox 1968 4356 2491 4411">
     <span class='ocr_line' id='line_1_98' title="bbox 1968 4356 2491 4411; baseline -0.004 0"><span class='ocrx_word' id='word_1_516' title='bbox 1968 4359 2172 4411; x_wconf 88' lang='lat' dir='ltr'><strong><em>nionem</em></strong></span> <span class='ocrx_word' id='word_1_517' title='bbox 2197 4356 2491 4409; x_wconf 81' lang='lat' dir='ltr'><strong><em>admittere.</em></strong></span> 
     </span>
    </p>
   </div>
   <div class='ocr_carea' id='block_1_99' title="bbox 1824 4431 2944 4502">
    <p class='ocr_par' dir='ltr' id='par_1_99' title="bbox 1824 4431 2944 4502">
     <span class='ocr_line' id='line_1_99' title="bbox 1824 4431 2944 4502; baseline -0.007 -1"><span class='ocrx_word' id='word_1_518' title='bbox 1824 4431 1868 4487; x_wconf 83' lang='lat' dir='ltr'><strong>D</strong></span> <span class='ocrx_word' id='word_1_519' title='bbox 1898 4446 2088 4502; x_wconf 81' lang='lat' dir='ltr'>XXIX.</span> <span class='ocrx_word' id='word_1_520' title='bbox 2128 4447 2205 4500; x_wconf 87' lang='lat' dir='ltr'><strong><em>De</em></strong></span> <span class='ocrx_word' id='word_1_521' title='bbox 2231 4443 2581 4500; x_wconf 80' lang='lat' dir='ltr'><strong><em>oblationibus</em></strong></span> <span class='ocrx_word' id='word_1_522' title='bbox 2612 4441 2944 4497; x_wconf 74' lang='lat' dir='ltr'><strong><em>constitutio.</em></strong></span> 
     </span>
    </p>
   </div>
   <div class='ocr_carea' id='block_1_100' title="bbox 1900 4532 3472 4606">
    <p class='ocr_par' dir='ltr' id='par_1_100' title="bbox 1900 4532 3472 4606">
     <span class='ocr_line' id='line_1_100' title="bbox 1900 4532 3472 4606; baseline -0.006 -12"><span class='ocrx_word' id='word_1_523' title='bbox 1900 4539 2066 4595; x_wconf 84' lang='lat' dir='ltr'>XXX.</span> <span class='ocrx_word' id='word_1_524' title='bbox 2110 4539 2226 4606; x_wconf 88' lang='lat' dir='ltr'><strong><em>Quo</em></strong></span> <span class='ocrx_word' id='word_1_525' title='bbox 2257 4537 2410 4592; x_wconf 90' lang='lat' dir='ltr'><strong><em>modo</em></strong></span> <span class='ocrx_word' id='word_1_526' title='bbox 2439 4545 2676 4605; x_wconf 84' lang='lat' dir='ltr'><strong><em>oporteat</em></strong></span> <span class='ocrx_word' id='word_1_527' title='bbox 2725 4535 2862 4588; x_wconf 90' lang='lat' dir='ltr'><strong><em>diem</em></strong></span> <span class='ocrx_word' id='word_1_528' title='bbox 2918 4532 3251 4586; x_wconf 86' lang='lat' dir='ltr'><strong><em>Dominicum</em></strong></span> <span class='ocrx_word' id='word_1_529' title='bbox 3297 4533 3472 4585; x_wconf 72' lang='lat' dir='ltr'><strong><em>nostri</em></strong></span> 
     </span>
    </p>
   </div>
   <div class='ocr_carea' id='block_1_101' title="bbox 1971 4624 3474 4694">
    <p class='ocr_par' dir='ltr' id='par_1_101' title="bbox 1971 4624 3474 4694">
     <span class='ocr_line' id='line_1_101' title="bbox 1971 4624 3474 4694; baseline -0.007 -8"><span class='ocrx_word' id='word_1_530' title='bbox 1971 4632 2264 4686; x_wconf 72' lang='lat' dir='ltr'><strong><em>Saluatoris</em></strong></span> <span class='ocrx_word' id='word_1_531' title='bbox 2296 4629 2664 4684; x_wconf 78' lang='lat' dir='ltr'><strong><em>resurrectioni</em></strong></span> <span class='ocrx_word' id='word_1_532' title='bbox 2691 4629 2946 4689; x_wconf 89' lang='lat' dir='ltr'><strong><em>dicatum,</em></strong></span> <span class='ocrx_word' id='word_1_533' title='bbox 2971 4635 3307 4694; x_wconf 86' lang='lat' dir='ltr'><strong><em>congregatos</em></strong></span> <span class='ocrx_word' id='word_1_534' title='bbox 3336 4624 3474 4678; x_wconf 85' lang='lat' dir='ltr'><strong><em>cele-</em></strong></span> 
     </span>
    </p>
   </div>
   <div class='ocr_carea' id='block_1_102' title="bbox 1971 4725 2142 4778">
    <p class='ocr_par' dir='ltr' id='par_1_102' title="bbox 1971 4725 2142 4778">
     <span class='ocr_line' id='line_1_102' title="bbox 1971 4725 2142 4778; baseline -0.006 0"><span class='ocrx_word' id='word_1_535' title='bbox 1971 4725 2142 4778; x_wconf 89' lang='lat' dir='ltr'><strong><em>brare.</em></strong></span> 
     </span>
    </p>
   </div>
   <div class='ocr_carea' id='block_1_103' title="bbox 1901 4809 3354 4883">
    <p class='ocr_par' dir='ltr' id='par_1_103' title="bbox 1901 4809 3354 4883">
     <span class='ocr_line' id='line_1_103' title="bbox 1901 4809 3354 4883; baseline -0.004 -12"><span class='ocrx_word' id='word_1_536' title='bbox 1901 4814 2092 4871; x_wconf 86' lang='lat' dir='ltr'>XXXI.</span> <span class='ocrx_word' id='word_1_537' title='bbox 2135 4816 2330 4883; x_wconf 89' lang='lat' dir='ltr'><strong><em>Quales</em></strong></span> <span class='ocrx_word' id='word_1_538' title='bbox 2360 4831 2470 4868; x_wconf 84' lang='lat' dir='ltr'><strong><em>esse</em></strong></span> <span class='ocrx_word' id='word_1_539' title='bbox 2496 4821 2727 4882; x_wconf 84' lang='lat' dir='ltr'><strong><em>oporteat</em></strong></span> <span class='ocrx_word' id='word_1_540' title='bbox 2758 4829 2866 4876; x_wconf 91' lang='lat' dir='ltr'><strong><em>eos,</em></strong></span> <span class='ocrx_word' id='word_1_541' title='bbox 2899 4811 2986 4881; x_wconf 89' lang='lat' dir='ltr'><strong><em>qui</em></strong></span> <span class='ocrx_word' id='word_1_542' title='bbox 3017 4809 3354 4865; x_wconf 85' lang='lat' dir='ltr'><strong><em>ordinantur.</em></strong></span> 
     </span>
    </p>
   </div>
   <div class='ocr_carea' id='block_1_104' title="bbox 1901 4905 2833 4975">
    <p class='ocr_par' dir='ltr' id='par_1_104' title="bbox 1901 4905 2833 4975">
     <span class='ocr_line' id='line_1_104' title="bbox 1901 4905 2833 4975; baseline -0.004 -13"><span class='ocrx_word' id='word_1_543' title='bbox 1901 4907 2112 4962; x_wconf 86' lang='lat' dir='ltr'>XXXII.</span> <span class='ocrx_word' id='word_1_544' title='bbox 2155 4907 2496 4961; x_wconf 87' lang='lat' dir='ltr'><strong><em>Denuntiatio</em></strong></span> <span class='ocrx_word' id='word_1_545' title='bbox 2525 4905 2588 4959; x_wconf 88' lang='lat' dir='ltr'><strong><em>de</em></strong></span> <span class='ocrx_word' id='word_1_546' title='bbox 2616 4905 2833 4975; x_wconf 79' lang='lat' dir='ltr'><strong><em>futuris.</em></strong></span> 
     </span>
    </p>
   </div>
   <div class='ocr_carea' id='block_1_105' title="bbox 1902 4993 3352 5065">
    <p class='ocr_par' dir='ltr' id='par_1_105' title="bbox 1902 4993 3352 5065">
     <span class='ocr_line' id='line_1_105' title="bbox 1902 4993 3352 5065; baseline -0.004 -11"><span class='ocrx_word' id='word_1_547' title='bbox 1902 4999 2140 5055; x_wconf 85' lang='lat' dir='ltr'>XXXIII.</span> <span class='ocrx_word' id='word_1_548' title='bbox 2184 4998 2370 5054; x_wconf 88' lang='lat' dir='ltr'><strong><em>Oratio</em></strong></span> <span class='ocrx_word' id='word_1_549' title='bbox 2394 4999 2597 5052; x_wconf 85' lang='lat' dir='ltr'><strong><em>variam</em></strong></span> <span class='ocrx_word' id='word_1_550' title='bbox 2627 4995 3008 5065; x_wconf 77' lang='lat' dir='ltr'><strong><em>providentiam</em></strong></span> <span class='ocrx_word' id='word_1_551' title='bbox 3034 4993 3352 5063; x_wconf 77' lang='lat' dir='ltr'><strong><em>pra&#39;dicans.</em></strong></span> 
     </span>
    </p>
   </div>
   <div class='ocr_carea' id='block_1_106' title="bbox 1904 5085 3288 5157">
    <p class='ocr_par' dir='ltr' id='par_1_106' title="bbox 1904 5085 3288 5157">
     <span class='ocr_line' id='line_1_106' title="bbox 1904 5085 3288 5157; baseline -0.005 -11"><span class='ocrx_word' id='word_1_552' title='bbox 1904 5091 2141 5146; x_wconf 81' lang='lat' dir='ltr'>XXXIV.</span> <span class='ocrx_word' id='word_1_553' title='bbox 2187 5091 2374 5146; x_wconf 89' lang='lat' dir='ltr'><strong><em>Oratio</em></strong></span> <span class='ocrx_word' id='word_1_554' title='bbox 2404 5091 2608 5144; x_wconf 86' lang='lat' dir='ltr'><strong><em>variam</em></strong></span> <span class='ocrx_word' id='word_1_555' title='bbox 2632 5090 2950 5143; x_wconf 88' lang='lat' dir='ltr'><strong><em>creationem</em></strong></span> <span class='ocrx_word' id='word_1_556' title='bbox 2969 5103 3068 5157; x_wconf 90' lang='lat' dir='ltr'><strong><em>pra</em></strong></span> <span class='ocrx_word' id='word_1_557' title='bbox 3081 5085 3288 5145; x_wconf 82' lang='lat' dir='ltr'><strong><em>dicans.</em></strong></span> 
     </span>
    </p>
   </div>
   <div class='ocr_carea' id='block_1_107' title="bbox 1903 5262 3471 5338">
    <p class='ocr_par' dir='ltr' id='par_1_107' title="bbox 1903 5262 3471 5338">
     <span class='ocr_line' id='line_1_107' title="bbox 1903 5262 3471 5338; baseline -0.006 -13"><span class='ocrx_word' id='word_1_558' title='bbox 1903 5269 2120 5326; x_wconf 83' lang='lat' dir='ltr'>XXXV.</span> <span class='ocrx_word' id='word_1_559' title='bbox 2163 5270 2350 5325; x_wconf 89' lang='lat' dir='ltr'><strong><em>Oratio</em></strong></span> <span class='ocrx_word' id='word_1_560' title='bbox 2395 5285 2513 5322; x_wconf 90' lang='lat' dir='ltr'><strong><em>cum</em></strong></span> <span class='ocrx_word' id='word_1_561' title='bbox 2567 5267 2863 5338; x_wconf 89' lang='lat' dir='ltr'><strong><em>gratiarum</em></strong></span> <span class='ocrx_word' id='word_1_562' title='bbox 2920 5267 3128 5320; x_wconf 88' lang='lat' dir='ltr'><strong><em>actione</em></strong></span> <span class='ocrx_word' id='word_1_563' title='bbox 3174 5262 3471 5332; x_wconf 73' lang='lat' dir='ltr'><strong><em>Pro-dicam</em></strong></span> 
     </span>
    </p>
   </div>
   <div class='ocr_carea' id='block_1_108' title="bbox 1974 5359 2980 5433">
    <p class='ocr_par' dir='ltr' id='par_1_108' title="bbox 1974 5359 2980 5433">
     <span class='ocr_line' id='line_1_108' title="bbox 1974 5359 2980 5433; baseline -0.007 -14"><span class='ocrx_word' id='word_1_564' title='bbox 1974 5364 2073 5418; x_wconf 87' lang='lat' dir='ltr'><strong><em>Dei</em></strong></span> <span class='ocrx_word' id='word_1_565' title='bbox 2102 5381 2225 5433; x_wconf 87' lang='lat' dir='ltr'><strong><em>erga</em></strong></span> <span class='ocrx_word' id='word_1_566' title='bbox 2248 5371 2518 5417; x_wconf 87' lang='lat' dir='ltr'><strong><em>creaturas</em></strong></span> <span class='ocrx_word' id='word_1_567' title='bbox 2549 5359 2980 5415; x_wconf 85' lang='lat' dir='ltr'><strong><em>sollicitudinem.</em></strong></span> 
     </span>
    </p>
   </div>
   <div class='ocr_carea' id='block_1_109' title="bbox 1905 5446 3467 5514">
    <p class='ocr_par' dir='ltr' id='par_1_109' title="bbox 1905 5446 3467 5514">
     <span class='ocr_line' id='line_1_109' title="bbox 1905 5446 3467 5514; baseline -0.005 -3"><span class='ocrx_word' id='word_1_568' title='bbox 1905 5455 2143 5511; x_wconf 84' lang='lat' dir='ltr'>XXXVI.</span> <span class='ocrx_word' id='word_1_569' title='bbox 2189 5454 2375 5510; x_wconf 87' lang='lat' dir='ltr'><strong><em>Oratio</em></strong></span> <span class='ocrx_word' id='word_1_570' title='bbox 2388 5470 2802 5509; x_wconf 89' lang='lat' dir='ltr'><strong><em>commemorans</em></strong></span> <span class='ocrx_word' id='word_1_571' title='bbox 2818 5451 3235 5505; x_wconf 88' lang='lat' dir='ltr'><strong><em>incarnationem</em></strong></span> <span class='ocrx_word' id='word_1_572' title='bbox 3248 5446 3467 5514; x_wconf 62' lang='lat' dir='ltr'><strong><em>Christi,</em></strong></span> 
     </span>
    </p>
   </div>
   <div class='ocr_carea' id='block_1_110' title="bbox 1976 5544 3058 5619">
    <p class='ocr_par' dir='ltr' id='par_1_110' title="bbox 1976 5544 3058 5619">
     <span class='ocr_line' id='line_1_110' title="bbox 1976 5544 3058 5619; baseline -0.006 -15"><span class='ocrx_word' id='word_1_573' title='bbox 1976 5559 2025 5604; x_wconf 86' lang='lat' dir='ltr'><strong><em>et</em></strong></span> <span class='ocrx_word' id='word_1_574' title='bbox 2053 5549 2251 5604; x_wconf 83' lang='lat' dir='ltr'><strong><em>variam</em></strong></span> <span class='ocrx_word' id='word_1_575' title='bbox 2275 5564 2400 5619; x_wconf 90' lang='lat' dir='ltr'><strong><em>erga</em></strong></span> <span class='ocrx_word' id='word_1_576' title='bbox 2423 5555 2632 5602; x_wconf 88' lang='lat' dir='ltr'><strong><em>sanctos</em></strong></span> <span class='ocrx_word' id='word_1_577' title='bbox 2655 5544 3058 5616; x_wconf 84' lang='lat' dir='ltr'><strong><em>providentiam.</em></strong></span> 
     </span>
    </p>
   </div>
  </div>
