3886 6190
191 245 312 302 997

1085 238 1685 298 CONSTITUTIONES
1714 235 2194 296 APOSTOLICE.
2225 264 2297 277 --
2327 232 2455 288 LIB.
2493 232 2610 289 Vl].

3352 224 3459 280 998

190 361 260 416 δὲ
316 359 605 430 σύγκρισιν
656 353 871 424 ἔχουσιν
930 351 1065 423 πρὸς
1109 352 1327 415 ἑαυτάς·
1376 350 1512 407 πολὺ
1564 350 1674 422 γὰρ
1717 350 1816 422 τὸ,

1912 363 2139 418 magnum
2182 345 2517 409 discrimen,
2563 344 2675 398 imo
2713 355 2844 397 vero
2890 353 3117 412 prorsus
3168 321 3457 406 disiunctae

191 451 482 523 διάφορον,
514 448 711 520 μᾶλλον
734 448 789 501 δὲ
812 444 987 516 πάντη
1015 444 1413 515 κεχωρισμέναι
1440 444 1782 515 τυγχάνουσι’

194 546 301 600 καὶ
330 545 533 615 φυσικὴ
566 543 663 614 μέν
708 537 854 594 ἐστιν
888 542 921 610 ἡ
963 539 1063 609 τῆς
1092 538 1237 607 ζωῆς
1279 537 1424 605 ὁδὸς,
1471 538 1789 598 ἐπείσακτος

195 640 262 694 δὲ
289 641 324 709 ἡ
352 636 449 691 τοῦ
478 636 742 697 θανάτου,
785 634 845 687 οὐ
889 630 985 685 τοῦ
1028 631 1169 684 κατά
1196 628 1419 700 γνώμην
1447 628 1580 682 Θεοῦ
1611 628 1787 699 ὑπάρ-

199 730 417 797 ξαντος,
446 728 582 783 ἀλλά
607 727 702 780 τοῦ
731 724 792 791 ἐξ
818 723 1113 793 ἐπιϐουλῆς
1132 721 1226 775 τοῦ
1254 720 1532 792 ἀλλοτρίου
1565 719 1661 791 (8).

750 835 1144 891 ΚΕΦΑΛᾹΙΟΝ
1172 837 1247 887 B'.

196 930 862 1010 ’Hﬂtxal‘xapattéomg
906 926 1217 1007 Ιξιψιακῶν
1244 924 1601 1010 Δδιᾳτὰξεων,
1627 939 1787 1010 9'13”-

274 1090 495 1143 νομων.
537 1090 945 1140 ,ἀπαγόρευσις
988 1090 1196 1135 συμοιν,
1241 1090 1520 1135 φσωνωυτν
1547 1090 1786 1133 mugiat)-

275 1141 747 1282 :‘gézeiaq,
800 1139 899 1194 καὶ
946 1136 1149 1204 πάσης
1193 1133 1681 1205 ἀπηγορευμένης
1711 1132 1786 1205 (9)

281 1328 480 1401 Πρώτη
508 1321 601 1380 οῦν
627 1324 887 1395 τυγχάνει
930 1324 964 1394 ἡ
1009 1322 1127 1385 ὁδὸς
1167 1320 1267 1391 τῆς
1303 1320 1466 1390 ζωῆς·
1496 1318 1605 1373 ’καὶ
1644 1318 1791 1372 ἐστιν

201 1422 350 1493 αῦτη
378 1422 444 1492 ἢν
473 1420 566 1473 καὶ
610 1419 639 1470 ό
681 1419 845 1489 νόμος
872 1415 1198 1487 διαγορεύει·
1230 1434 1248 1465 ι
1298 1414 1541 1484 Ἀγαπᾷν
1587 1410 1791 1483 Κύριον

199 1514 301 1567 τὸν
332 1512 461 1565 Θεὸν
498 1510 557 1575 ἐξ
583 1511 709 1581 ὅλης
737 1510 837 1579 τῆς
872 1508 1108 1571 διανοίας
1138 1506 1268 1577 (10),
1301 1506 1394 1559 καὶ
1438 1504 1497 1569 ἐξ
1525 1504 1651 1575 ὅλης
1690 1502 1793 1571 τῆς

201 1605 413 1675 ψυχῆς,
460 1604 550 1656 τὸν
578 1602 677 1655 ἓνα
706 1602 799 1655 καὶ
830 1602 1006 1672 μόνον,
1054 1602 1183 1671 παρ’
1213 1600 1270 1652 ὃν
1316 1597 1470 1659 ἄλλος
1515 1596 1614 1649 οῦκ
1653 1593 1790 1661 ἐστὶ,

1888 440 2235 505 consistunt;
2303 452 2368 492 ac
2420 437 2672 491 naturale
2727 435 2944 504 quidem
2997 438 3082 487 est
3127 430 3254 486 vita:
3314 428 3453 484 iter.

1890 532 2160 587 adscitum
2216 537 2401 585 autem
2465 529 2569 583 iter
2619 528 2851 587 mortis,
2903 540 3012 579 non
3053 524 3201 577 illius
3239 537 3358 594 qua
3388 536 3453 573 ex

1889 626 2169 679 voluntate
2202 622 2295 678 Dei
2329 622 2562 686 exstitit,
2588 636 2777 676 verum
2810 618 2955 673 illius
2988 632 3109 687 quae
3142 632 3208 671 ex
3243 612 3458 668 insidiis

1891 717 2192 773 adversarii
2215 717 2256 771 ⁸.

2505 825 2735 880 CAPUT
2776 824 2841 880 11.

1890 920 2125 976 Morales
2202 920 2585 974 admonitiones
2658 917 3052 974 Dominicarum
3122 920 3461 967 constitutio-

1963 1010 2121 1054 mtm,
2198 991 2576 1046 concordantes
2637 1006 2753 1041 cum
2815 988 3031 1056 antiqua
3097 984 3462 1056 exhortatione

1964 1052 2263 1116 divinarum
2327 1060 2516 1130 legum.
2581 1058 2913 1130 Interdictio__
2939 1052 3051 1108 ira?
3074 1094 3087 1113 .
3113 1126 3122 1130 _
3152 1052 3421 1130 homicidii
3444 1090 3458 1113 ,

1963 1130 2330 1215 abominandis
2376 1124 2626 1193 Veneris,
2667 1127 2947 1190 adulterii,
2983 1126 3250 1195 omnisque
3292 1124 3464 1178 vetiiae

1962 1213 2205 1256 actionis.
3147 1219 3150 1223 ’

1960 1318 2142 1373 Prima
2181 1317 2345 1387 igitur
2379 1323 2464 1371 est
2484 1313 2571 1368 via
2600 1312 2725 1366 vitae
2758 1312 2841 1377 ¹⁰;
2875 1324 3048 1379 eaque
3075 1314 3180 1372 est,
3214 1323 3377 1376 quam
3408 1315 3463 1361 et

1889 1411 1977 1465 lex
2009 1410 2255 1481 praecipit
2292 1428 2305 1462 :
2344 1426 2363 1458 ι
2397 1406 2634 1476 Diligere
2683 1404 2976 1459 Dominum
3020 1400 3189 1479 Deum
3241 1415 3306 1453 ex
3349 1406 3463 1452 tota

1894 1508 2075 1554 mente
2103 1507 2158 1554 et
2180 1514 2246 1554 ex
2278 1508 2387 1554 tota
2421 1500 2603 1554 anima
2626 1498 2692 1564 “,
2723 1512 2894 1551 unum
2924 1510 2988 1549 ac
3022 1492 3200 1548 solum
3230 1532 3244 1557 ,
3272 1502 3471 1561 praeter

1895 1607 2056 1661 quem
2115 1592 2254 1645 alius
2322 1606 2425 1645 non
2468 1603 2553 1646 est
2581 1593 2646 1655 ",
2705 1600 2758 1645 et
2823 1589 3129 1659 proximum
3180 1589 3322 1640 sicut
3377 1602 3467 1640 se-

204 1698 308 1750 καὶ
336 1696 427 1749 τὸν
454 1695 680 1766 πλησίον
710 1694 785 1758 ὡς
813 1693 1021 1747 ἑαυτόν·
1055 1712 1072 1743 ι
1109 1691 1221 1745 καί·
1260 1711 1277 1741 ι
1308 1692 1421 1744 Πᾶν
1449 1688 1476 1742 ὃ
1508 1687 1580 1759 μὴ
1619 1687 1793 1749 θέλεις

1919 1695 2072 1750 psum
2100 1680 2177 1745 ¹³;
2217 1700 2235 1732 ι
2266 1690 2353 1733 et:
2399 1700 2416 1730 ι
2445 1678 2619 1735 Omne
2648 1681 2789 1750 quod
2830 1694 2936 1732 non
2969 1678 3051 1730 vis
3092 1677 3186 1730 tibi
3224 1676 3361 1734 ﬁeri.
3415 1683 3470 1725 ct

202 1788 465 1857 γενέσθαι
495 1804 575 1840 σοι
599 1830 614 1853 ,
645 1787 741 1841 καὶ
779 1788 843 1840 σὺ
892 1785 1003 1855 (11)
1041 1783 1199 1838 τοῦτο
1234 1783 1375 1854 ἄλλῳ
1419 1782 1478 1835 οὐ
1523 1781 1787 1852 ποιήσεις.

204 1881 500 1949 Εὑλογεῖτε
550 1881 678 1943 τοὺς
731 1877 1153 1950 καταρωμένους
1206 1877 1369 1946 ὑμᾶς·
1426 1872 1791 1946 προσεύχεσθε

205 1973 358 2043 ὑπὲρ
385 1972 491 2025 τῶν
520 1969 928 2044 ἐπηρεαζόντων
956 1971 1118 2040 ὑμᾶς’
1151 1968 1397 2037 ἀγαπᾶτε
1424 1968 1549 2029 τοὺς
1568 1965 1793 2037 ἐχθροὺς

206 2063 410 2135 ὑμῶν·
477 2064 607 2117 ποία
651 2063 760 2135 γὰρ
788 2063 831 2093 ¹⁸
862 2063 989 2133 ὑμῖν
1033 2061 1211 2132 χάρις,
1277 2058 1373 2112 ἐὰν
1419 2058 1607 2128 φιλῆτε
1666 2056 1793 2119 τοὺς

208 2156 505 2226 φιλοῦντας
549 2157 721 2226 ὑμᾶς
776 2154 868 2207 καὶ
912 2153 1021 2226 γὰρ
1066 2152 1160 2206 καὶ
1207 2152 1257 2204 oi
1296 2149 1497 2204 ἐθνικοὶ
1553 2150 1596 2181 ¹⁹
1636 2148 1796 2201 τοῦτο

209 2247 483 2302 ποιοῦσινο
524 2248 682 2319 ὑμεῖς
716 2247 773 2301 δὲ
818 2246 1016 2315 φιλεῖτε
1054 2246 1180 2308 τοὺς
1231 2241 1521 2314 μισοῦντας
1566 2240 1728 2311 ὑμᾶς.
1768 2258 1788 2291 ι

208 2340 331 2395 Καὶ
374 2339 568 2411 ἐχθρὸν
614 2339 712 2410 οὐχ
757 2337 927 2403 ἕξετε·
986 2357 1003 2388 ι
1050 2337 1125 2390 Οὐ
1175 2338 1423 2407 μισήσεις
1465 2332 1594 2405 γὰρ,
1638 2329 1794 2403 φησὶ,

211 2434 397 2487 πάντα
433 2432 737 2504 ἄνθρωπον,
785 2430 883 2484 οὐκ
920 2429 1234 2499 Αίγύπτιον,
1283 2428 1383 2481 οὐκ
1414 2427 1729 2496 Ἰδουμαῖονο
1768 2443 1788 2476 ι

215 2523 462 2586 ἅπαντες
482 2523 591 2598 γάρ
623 2524 730 2576 εἱσι
756 2521 852 2575 τοῦ
883 2521 1017 2575 Θεοῦ
1047 2522 1204 2592 ἔργα.
1246 2519 1479 2589 Φεύγετε
1522 2518 1580 2572 δὲ
1608 2517 1669 2572 οὐ
1696 2517 1795 2582 τὰς

216 2617 433 2687 φύσεις,
464 2615 599 2669 ἀλλὰ
642 2615 741 2678 τὰς
782 2614 1008 2685 γνώμας
1043 2613 1153 2666 τῶν
1197 2613 1467 2685 πονηρῶν.
1504 2631 1522 2663 ι
1567 2610 1793 2681 Ἀπέχου

213 2707 329 2761 τῶν
361 2706 635 2778 σαρκικῶν
663 2707 756 2759 καὶ
778 2705 1056 2776 κοσμικῶν
1083 2704 1403 2774 ἐπιθυμιῶν.
1449 2704 1574 2757 Ἐάν
1600 2703 1685 2767 τίς
1713 2721 1795 2756 σοι

215 2798 297 2869 δῷ
340 2798 585 2870 ῥάπισμα
627 2799 707 2860 εἰς
748 2797 848 2869 τὴν
889 2795 1069 2860 δεξιὰν
1113 2795 1222 2867 (12)
1273 2796 1515 2865 σιαγόνα,
1568 2796 1799 2867 στρέψον

217 2889 373 2960 αὐτῷ
401 2890 494 2942 καὶ
521 2890 619 2961 τὴν
646 2888 829 2960 ἄλλην·
861 2908 878 2940 ι
911 2889 972 2942 ού
1001 2887 1209 2960 φαύλης
1238 2887 1404 2960 οὔσης
1433 2888 1534 2958 τῆς
1562 2888 1795 2959 ἀμύνης,

216 2982 360 3036 ἀλλά
385 2980 718 3053 τιμιωτέρας
735 2981 836 3051 τῆς
856 2980 1226 3045 ἀνεξικακίας
1247 2979 1395 3049 λέγει
1417 2979 1525 3052 γὰρ
1552 2981 1580 3032 ὁ
1601 2979 1761 3033 Δαϐίδ
1782 2996 1795 3011 ν

1894 1788 1952 1832 ιιι
1981 1778 2085 1832 hoc
2114 1775 2272 1831 alteri
2309 1789 2376 1828 ne
2413 1771 2586 1825 facias
2618 1771 2680 1822 ιι.
2731 1766 3045 1822 Benedicite
3084 1765 3153 1818 iis
3181 1762 3273 1832 qui
3310 1761 3465 1814 vobis

1893 1867 2266 1931 maledicunt;
2300 1872 2454 1918 orate
2483 1876 2582 1931 pro
2612 1856 3075 1913 calumniantibus
3098 1868 3228 1917 vos;
3260 1850 3387 1919 dilig
3414 1859 3467 1902 tc

1894 1962 2149 2016 inimicos
2201 1966 2418 2013 vestros
2468 1954 2533 2009 ".
2594 1952 2725 2019 Quae
2755 1948 2903 2005 enim
2959 1946 3112 2001 vobis
3159 1943 3363 2015 gratia,
3417 1939 3465 1994 si

1894 2053 2090 2108 amatis
2125 2066 2220 2106 eos
2248 2049 2341 2120 qui
2377 2063 2474 2102 vos
2507 2054 2691 2100 amant
2726 2044 2806 2097 ’7?
2858 2041 3058 2097 etenim
3095 2035 3299 2092 ethnici
3329 2050 3469 2104 quo-

1894 2160 1999 2215 que
2045 2147 2151 2198 hoc
2184 2143 2394 2195 faciunt
2424 2140 2505 2204 ¹⁸;
2542 2154 2640 2193 vos
2670 2143 2852 2190 autem
2896 2140 3074 2186 amate
3116 2144 3211 2184 eos
3242 2126 3332 2198 qui
3370 2126 3491 2179 vos

1894 2239 2151 2293 oderunt.
2191 2256 2211 2287 ι
2262 2234 2327 2287 Et
2384 2232 2667 2287 inimicum
2698 2245 2808 2283 non
2836 2224 3138 2289 habebitis;
3173 2223 3247 2275 ait
3271 2221 3413 2275 enim
3451 2237 3464 2272 :

1900 2350 1920 2383 ι
1961 2329 2038 2385 Ne
2069 2328 2253 2384 oderis
2287 2327 2456 2380 ullum
2494 2324 2800 2386 hominem,
2843 2334 2951 2373 non
2992 2314 3331 2386 Egyptium,
3356 2325 3467 2364 non
3510 2360 3514 2366 .

1894 2421 2190 2476 ldumaaum
2209 2419 2285 2483 ὀς
2312 2440 2331 2469 ι
2352 2432 2477 2471 nam
2512 2429 2703 2469 omnes
2731 2419 2859 2468 sunt
2884 2410 2976 2464 Dei
3009 2423 3168 2477 opus.
3199 2404 3469 2458 Caeterum

1897 2512 2067 2583 fugite
2104 2526 2212 2565 non
2267 2517 2525 2574 naturas,
2578 2506 2671 2562 sed
2715 2504 3023 2557 voluntates
3073 2497 3467 2567 improborum.

1900 2624 1920 2658 ι
1948 2605 2179 2660 Abstine
2200 2618 2229 2656 a
2251 2601 2567 2657 carnalibus
2594 2608 2647 2654 et
2671 2595 2968 2651 mundanis
2987 2588 3380 2661 cupiditatibus
3401 2586 3466 2638 ¹¹.

1898 2699 2096 2770 Siquis
2126 2697 2418 2752 incusscrit
2442 2693 2539 2748 tibi
2570 2691 2855 2761 colaphum
2890 2692 2945 2742 in
2975 2687 3251 2742 dexteram
3276 2678 3471 2734 maxil-

1898 2792 2263 2854 lam,obverte
2291 2788 2367 2843 illi
2402 2794 2457 2841 et
2492 2786 2718 2839 alteram
2745 2784 2824 2848 “;
2867 2800 2887 2832 ι
2923 2795 3031 2833 non
3062 2774 3207 2847 quod
3238 2772 3377 2827 mala
3400 2770 3476 2823 sit

1899 2885 2067 2947 ultio,
2098 2883 2191 2938 sed
2222 2880 2367 2952 quod
2400 2878 2574 2949 pluris
2608 2876 2724 2931 fieri
2764 2874 2958 2929 debeat
2980 2868 3271 2940 patientia;
3306 2861 3473 2915 David

1899 2977 2044 3032 enim
2069 2974 2204 3029 dicit
2229 2993 2241 3028 :
2275 2992 2292 3024 ι
2324 2972 2380 3026 Si
2400 2968 2613 3026 reddidi
2636 2964 3069 3023 retribuentibus
3100 2957 3229 3012 mihi
3249 2954 3388 3008 mala
3404 2952 3470 3006 ’³.

226 3093 247 3126 ι
282 3075 348 3128 Ei
376 3047 730 3128 ἀνταπέδωκα
760 3047 872 3136 τοῖς
902 3047 1437 3144 ἁνταποδιδοῦσίνμοι-
1469 3047 1635 3126 κακά.
1670 3073 1797 3126 Ἐὰν

1912 3068 1963 3124 Si
1995 3067 2360 3139 angariaverit
2398 3072 2451 3119 te
2482 3061 2683 3141 aliquis
2713 3072 2879 3113 unum
2907 3054 3161 3113 milliare,
3188 3047 3324 3102 vade
3350 3061 3476 3099 eum

223 3164 545 3237 ἀγγαρεύσῃ
578 3163 638 3218 σέ
676 3181 761 3228 τις
796 3164 969 3235 μίλιον
1007 3163 1084 3229 ἒν,
1116 3163 1294 3233 ῦπαγε
1341 3167 1456 3235 μετ’
1489 3165 1653 3219 αὑτοῦ
1684 3166 1798 3231 δύο,

221 3260 322 3312 καὶ
352 3258 432 3329 τῷ
484 3256 688 3311 θέλοντί
730 3274 812 3310 σοι
856 3256 1133 3329 κριθῆναι,
1183 3257 1279 3309 καὶ
1320 3257 1413 3310 τὸν
1453 3256 1656 3327 χιτῶνά
1707 3275 1801 3312 σου

221 3349 434 3416 λαϐεῖν,
467 3350 603 3418 ἄφες
634 3348 783 3420 αὐτῷ
828 3349 925 3403 καὶ
952 3348 1012 3403 τὸ
1055 3348 1290 3420 ἱμάτιον·
1339 3349 1431 3402 καὶ
1456 3349 1562 3402 ἀπὸ
1590 3347 1683 3401 τοῦ
1717 3349 1802 3402 αἷ-

229 3459 418 3513 ροντος
464 3440 536 3495 τὰ
588 3440 693 3506 σὰ,
744 3442 817 3513 μὴ
868 3441 1108 3495 ἀπαίτει.
1153 3441 1243 3512 Τῷ
1276 3441 1391 3512 (15)
1433 3440 1671 3495 αἰτοῦντί
1722 3456 1801 3507 σε,

224 3534 397 3588 δίδουο
432 3534 526 3588 καὶ
559 3533 667 3587 ἀπὸ
699 3532 795 3587 τοῦ
822 3532 1065 3597 θέλοντος
1106 3532 1451 3586 δανείσασθαι
1493 3531 1643 3603 παρὰ
1687 3532 1803 3597 σοῦ,

230 3626 311 3697 μὴ
344 3626 713 3697 ἀποστραφεὶς
732 3624 842 3696 (14)
873 3624 1204 3696 ἀποκλείσῃς
1235 3625 1332 3695 τὴν
1363 3628 1575 3697 χεῖρα·›
1600 3626 1806 3689 δίκαιος

226 3717 343 3788 γὰρ
370 3717 510 3788 ἀνὴρ
531 3717 789 3788 οίκτείρει
818 3716 912 3770 καὶ¹
942 3718 1127 3787 κιχρᾷ·
1162 3717 1297 3769 πᾶσι
1342 3716 1451 3788 γὰρ
1483 3717 1625 3771 θέλει
1670 3717 1807 3770 δίδο-

230 3809 360 3863 σθαι
380 3810 410 3861 ό
438 3808 649 3880 Πατὴρ,
669 3810 697 3863 ό
715 3809 804 3862 τὸν
834 3809 983 3880 ἥλιον
1010 3809 1175 3862 αὐτοῦ
1206 3810 1505 3862 ἀνατέλλων
1534 3810 1626 3862 ἐπὶ
1647 3827 1809 3880 πονη-

235 3901 386 3971 ροὺς,
422 3900 516 3954 καὶ
564 3900 823 3969 ἀγαθοὺς,
858 3902 950 3954 καὶ
979 3900 1072 3955 τὸν
1112 3901 1265 3955 ὑετὸν
1285 3901 1446 3954 αὑτοῦ
1479 3901 1685 3973 βρέχων
1719 3903 1811 3955 ἐπὶ

1900 3163 1994 3218 illo
2021 3162 2160 3227 duo;
2216 3166 2270 3215 et
2302 3160 2351 3213 ei
2385 3157 2477 3227 qui
2508 3156 2625 3209 vult
2650 3139 2850 3208 tecum
2886 3147 3097 3219 judicio
3124 3139 3475 3199 contendere,

1900 3262 1956 3310 et
1980 3252 2228 3308 tunicam
2270 3259 2420 3305 tuam
2458 3247 2674 3310 tollere,
2728 3243 2945 3299 dimitte
2987 3241 3037 3295 ei
3072 3248 3125 3293 et
3154 3236 3376 3307 pallium
3402 3234 3476 3292 ";

1901 3354 1957 3402 et
2003 3346 2095 3417 qui
2131 3344 2310 3400 aufert
2361 3359 2483 3413 qua:
2536 3349 2629 3395 tua
2663 3348 2818 3397 sunt,
2863 3350 2932 3389 ne
2979 3342 3215 3401 repetas.
3268 3326 3479 3381 Petenti

1904 3445 2049 3501 ate,
2098 3436 2205 3499 da;
2265 3443 2319 3488 et
2377 3433 2578 3489 volenti
2629 3429 2869 3484 mutuari
2912 3442 2942 3479 a
3002 3435 3093 3488 te,
3141 3437 3209 3476 ne
3257 3434 3482 3473 aversus

1904 3529 2129 3586 claudas
2160 3543 2384 3582 manum
2413 3527 2492 3581 ¹¹;
2533 3537 2552 3569 ι
2594 3524 2679 3578 vir
2712 3521 2855 3577 enim
2883 3519 3068 3588 justus
3090 3515 3383 3568 miseretur
3420 3519 3481 3563 et

1906 3622 2219 3679 commodat
2248 3622 2332 3687 ";
2368 3618 2638 3689 siquidem
2671 3615 2926 3671 omnibus
2954 3611 3069 3666 vult
3098 3607 3263 3663 tribui
3296 3605 3481 3661 Pater,

1906 3716 2001 3787 qui
2035 3715 2205 3771 solem
2241 3728 2401 3769 suum
2436 3711 2569 3765 oriri
2618 3709 2748 3763 facit
2780 3721 2948 3777 super
2980 3703 3153 3757 malos
3197 3709 3250 3756 et
3281 3700 3479 3756 bonos,

1907 3816 1963 3864 et
1992 3809 2233 3879 pluviam
2258 3821 2413 3862 suam
2436 3804 2673 3860 demittit
2696 3816 2861 3871 super
2879 3801 3061 3869 justos
3089 3804 3143 3848 et
3164 3794 3397 3863 injustos
3417 3791 3483 3844 ".
3536 3798 3543 3807 '

1910 3900 2153 3971 [Equum
2206 3899 2372 3970 igitur
2415 3906 2534 3959 est,
2588 3904 2650 3951 ut
2691 3894 2945 3949 omnibus
3005 3888 3221 3949 demus,
3256 3900 3319 3939 ex
3361 3898 3487 3953 pro-

231 3992 482 4065 δικαίους
513 3992 609 4046 καὶ
639 3993 876 4056 ἀδίκους.
923 3994 1095 4047 Πᾶσιν
1142 3989 1236 4047 οἷν
1285 3992 1493 4046 δίκαιον
1524 3993 1724 4046 διδόναι
1752 3993 1812 4057 ἐξ

1912 3994 2048 4065 priis
2074 3992 2357 4047 laboribus
2393 4006 2406 4043 :
2448 3988 2726 4063 «_ilonora
2750 3987 2919 4046 enim.
2955 3981 3153 4052 inquit,
3196 3978 3487 4033 Dominum
3522 4032 3525 4036 η

231 4084 455 4138 οἰκείων
499 4085 696 4139 πόνων.
734 4105 752 4137 ι
790 4086 938 4157 Τίμα
970 4085 1101 4157 γὰρ,
1142 4086 1294 4157 φησὶ,
1324 4085 1415 4139 τὸν
1454 4086 1657 4157 Κύριον
1706 4086 1815 4139 ἀπὸ

1912 4088 1981 4142 de
2029 4086 2140 4141 tuis
2168 4085 2337 4153 justis
2382 4082 2663 4137 laboribus
2713 4081 2792 4143 ’⁸;
2833 4099 2851 4130 ι
2898 4084 3113 4147 Oportet
3143 4080 3321 4127 autem
3351 4086 3489 4140 pra:-

235 4177 352 4231 σῶν
389 4178 613 4231 δικαίων
647 4177 824 4231 πόνων
849 4194 863 4208 ·
908 4197 927 4230 ι
964 4177 1331 4250 προτιμητέον
1360 4177 1416 4230 δὲ
1448 4178 1576 4241 τοὺς
1605 4177 1811 4245 ἁγίους.

1915 4178 2057 4235 ferre
2106 4185 2327 4233 sanctos
2365 4178 2430 4231 ²⁹.
2474 4194 2491 4226 ι
2534 4175 2652 4228 Non
2701 4172 2921 4228 occides
2960 4170 3037 4235 ³⁶;
3083 4189 3100 4218 ι
3153 4167 3204 4219 id
3245 4171 3347 4228 est,
3380 4177 3491 4215 non

239 4288 262 4323 ι
298 4269 376 4323 Οὐ
410 4269 709 4339 φονεύσεις·
754 4290 772 4322 ι
809 4269 1113 4335 τουτέστιν,
1156 4268 1216 4321 οὐ
1247 4268 1465 4340 φθερεῖς
1510 4269 1600 4321 τὸν
1634 4269 1816 4339 ὅμοιόν

1917 4271 2170 4326 destrues
2193 4269 2424 4323 similem
2459 4268 2555 4321 tibi
2578 4267 2885 4330 hominem;
2920 4260 3175 4317 dissolvis
3203 4258 3344 4311 enim
3371 4268 3494 4337 qum.

234 4380 327 4416 σοι
348 4332 653 4434 ἀνθρωπονο
671 4332 921 4426 ⁷διαλύεις
947 4360 1057 4433 γὰρ
1086 4332 1156 4415 τὰ
1183 4332 1366 4435 καλῶς
1404 4332 1686 4432 γινόμεναἰ
1718 4362 1815 4432 ούχ

1918 4372 2069 4420 recte
2097 4362 2245 4417 facta
2280 4369 2435 4426 sunt;
2466 4377 2574 4414 non
2602 4357 2747 4427 quod
2770 4356 2951 4410 omnis
2971 4351 3146 4407 caules
3170 4349 3242 4403 sit
3262 4347 3491 4407 vitiosa;

1999 4454 2014 4463 .
2068 4454 2080 4463 .
2314 4454 2345 4463 ,.
2493 4452 2523 4463 ..
2860 4446 2872 4458 .
3067 4440 3235 4463 ﬂ,“
3284 4435 3456 4463 mu,"

234 4455 320 4519 ὡς
353 4455 553 4520 παντὸς
597 4456 758 4525 φόνου
802 4455 1003 4524 φαύλου
1052 4454 1430 4524 τυγχάνοντος,
1465 4454 1600 4508 ἀλλὰ
1653 4454 1814 4526 μόνου

1922 4454 2017 4510 sed
2068 4454 2381 4508 innocentis
2426 4452 2630 4516 solius;
2684 4463 2807 4502 cum
2854 4446 3003 4516 justa
3062 4440 3238 4496 caedes
3276 4435 3491 4506 magis-

236 4545 341 4601 τοῦ
390 4547 588 4616 ἀθὼου,
617 4547 758 4601 τοῦδ’
786 4548 997 4601 ἐνδίκου
1030 4546 1255 4617 ἄρχουσι
1284 4546 1466 4618 μόνοις
1498 4547 1815 4619 ἀφωρισμέ-

319 4725 503 4798 [εερ.
542 4722 917 4798 ι,15;⁴ιι.24.
990 4727 1280 4797 ἰφόνου.
1386 4725 1814 4798 ’έΑηθει-ίῢῖά-

241 4800 293 4833 ιδ
323 4785 466 4852 Τοὺῖ
494 4785 579 4860 tv,
614 4785 715 4851 16(
781 4785 825 4830 1⁸
857 4797 1047 4853 Matth.
1079 4785 1131 4857 ν’.
1160 4799 1250 4853 44.
1329 4797 1371 4829 ⁸⁸
1402 4795 1593 4852 Anast.
1619 4797 1809 4851 inserit

241 4868 495 4921 τελῶναι.
570 4866 796 4921 "Deut.
830 4883 991 4921 χχιιι.
1065 4870 1109 4899 ’ί
1138 4867 1157 4920 1
1187 4868 1330 4921 Petr.
1359 4883 1419 4921 ιι.
1453 4867 1540 4921 11.
1619 4869 1661 4898 ²²
1685 4866 1813 4920 Matt

1917 4814 2093 4865 φυκεν,
2182 4795 2221 4825 ¹⁷
2250 4792 2384 4847 Luc.
2422 4808 2497 4852 vr,
2525 4791 2613 4847 52.
2692 4790 2732 4820 ’³
2766 4787 2955 4842 Matth.
2988 4804 3037 4845 v,
3068 4785 3156 4839 47.

1912 4885 1953 4921 v.
1979 4868 2068 4921 39.
2146 4865 2190 4896 ’³
2212 4864 2462 4921 Psa|.vu.
2495 4863 2547 4917 5.
2624 4860 2669 4892 ’δ
2694 4859 2879 4913 Matth.
2938 4875 2984 4921 ιι,
3008 4856 3098 4914 41.
3128 4855 3156 4908 4

1737 4879 1871 4921 attb.
1900 4885 1953 4925 ν.
1979 4879 2068 4921 δυ.
2147 4879 2190 4896 ³⁸³
2214 4879 2462 4925 γεειι.νιι,
2495 4879 2547 4917 ἱ).

238 4868 495 4923 τελῶναι.
570 4866 796 4922 "Deut.
830 4883 991 4923 xxm.
1065 4870 1109 4899 ’ί
1138 4867 1157 4920 1
1187 4868 1330 4923 Petr.
1359 4883 1419 4929 ll,
1453 4867 1540 4921 11.

240 4955 330 5005 τι,
361 4938 460 5005 50;
506 4935 776 5002 Matth.v,
806 4938 895 4993 42.
972 4936 1183 4994 "Psal.
1214 4954 1326 5003 cxi,
1351 4938 1405 4993 5.
1483 4935 1749 5003 "Matth.
1791 4954 1841 5003 ν,
1884 4937 1974 4991 45.

1921 4547 2158 4603 tratibus
2194 4546 2326 4603 solis
2355 4551 2685 4600 reservetur.
2728 4560 2746 4593 ι
2773 4539 2893 4593 Non
2922 4532 3315 4597 mmcbaberis;
3360 4549 3378 4581 ι
3411 4529 3494 4582 dio

1913 4725 1955 4757 “
1980 4724 2140 4781 Deut.
2176 4739 2253 4781 vr.
2286 4723 2339 4778 5.
2418 4722 2460 4754 “
2496 4719 2663 4774 Marc.
2700 4735 2797 4777 xl'.
2826 4717 2914 4772 '52.
2998 4715 3038 4747 ¹³
3077 4714 3205 4767 Lev.
3249 4726 3363 4770 xix,
3406 4709 3494 4764 18.

1917 4814 2083 4833 mm...
2182 4795 2221 4825 ιτ
2250 4792 2363 4833 [ηρ
2422 4808 2491 4833 vr,
2525 4791 2593 4833 3a
2692 4790 2732 4820 ιε
2766 4787 2955 4833 Matth.
2988 4804 3037 4833 ν-
3068 4785 3156 4833 47.
3238 4780 3278 4813 ⁸³
3302 4779 3493 4833 Anast.

2624 4860 2669 4892 “
2694 4859 2879 4913 Matth.
2938 4875 2984 4921 ν,
3008 4856 3098 4914 ﬂ.
3128 4854 3218 4908 40.
3295 4852 3340 4881 ³⁸
3361 4848 3496 4903 Luc.

2050 4936 2095 4968 ³⁸
2113 4934 2365 5000 Prov.m,
2389 4921 2459 4990 9..
2519 4933 2563 4963 ²⁹
2586 4930 2704 4986 Gal.
2737 4945 2811 4994 γι,
2840 4928 2926 4985 10.
2999 4928 3043 4958 ³ο
3078 4923 3248 4979 Exod.
3277 4938 3372 4987 xx,
3408 4921 3496 4974 15.

1624 5114 1989 5172 VARIORUM
2026 5115 2259 5173 NOTAE.

328 5280 405 5350 (8)
433 5280 805 5347 Ἀλλοτρίου.
839 5278 894 5334 In
925 5278 1171 5349 margine
1192 5276 1317 5350 cod.
1343 5276 1578 5350 Vindob.
1604 5277 1816 5350 esthoc

1935 5272 2495 5350 Vindobixoucéﬂtv
2518 5269 2545 5350 ᾗ
2577 5269 2641 5350 σὺ
2671 5272 2848 5350 μισεῖς
2868 5264 3010 5335 ἄλλῳ
3037 5263 3098 5350 οῦ
3125 5260 3387 5350 ποιῄὲῗῆ

246 5348 529 5422 scholium
559 5370 575 5405 :
620 5352 677 5422 ΪΟ
706 5351 815 5422 γὰρ
847 5350 978 5414 Θεὸς
999 5348 1226 5422 θάνατον
1251 5348 1350 5402 οὐκ
1380 5349 1625 5422 ἐποίησε,
1652 5348 1831 5422 φθόνῳ

248 5422 315 5477 δὲ
338 5421 586 5475 διαϐόλου
616 5419 843 5484 θάνατος
863 5423 942 5483 εἰς
979 5420 1070 5473 τὸν
1096 5422 1319 5490 μκόσμον
1355 5419 1619 5490 εἰσῆλθεν.
1662 5419 1830 5490 (ἔμω.

302 5491 406 5616 0g)
440 5491 972 5575 Ἀπῃτορευμένης.
997 5488 1133 5545 Cod.
1158 5487 1320 5543 Vind.
1343 5487 1561 5553 ἀνοσίας
1582 5488 1832 5560 πράξεως

255 5563 300 5616 Σ
397 5579 635 5616 mentm.
668 5577 791 5616 quae
819 5560 1099 5615 Glossema
1131 5560 1393 5615 redolent.
1417 5556 1494 5614 lo.

455 5556 635 5643 τικῆς,
656 5556 1099 5643 :quaanGlossema
1131 5556 1494 5643 redolent..lo.

422 5635 446 5772 ζ
471 5627 757 5722 Διώοιᾲς.
783 5630 921 5688 Cod.
944 5628 1107 5714 Vind.
1130 5629 1372 5702 καρδίας.
1396 5627 1471 5711 In.

474 5701 586 5757 Καὶ
618 5718 722 5767 συ,
751 5709 858 5758 etc.
912 5700 1190 5757 Scholium
1238 5700 1346 5758 hoc
1383 5700 1466 5767 leg

329 5632 377 5772 il

356 5701 419 5757 11

474 5701 586 5757 Καὶ
618 5695 729 5767 σύ,
751 5709 858 5758 etc.
912 5695 1346 5758 Scbolium'boc
1383 5698 1580 5767 le'gitur
1616 5695 1673 5753 in
1697 5695 1819 5753 cod.

2010 5345 2119 5416 (12)
2151 5347 2259 5416 Εις
2298 5342 2414 5416 τὴν
2440 5338 2791 5416 δεξι-άνςεᾚφ
2817 5351 3001 5416 _voces
3050 5342 3104 5389 et
3142 5338 3385 5403 proxime
3416 5344 3501 5383 se-

1934 5408 2113 5487 quens
2143 5408 2598 5487 absuntin_cod.
2630 5408 2791 5487 Yind.
2817 5408 2893 5461 lo.
2948 5474 2963 5487 _
3302 5477 3316 5487 ι
3448 5454 3483 5482 ο.

1999 5483 2259 5610 315ζ1ἰζιέ,
2286 5490 2395 5605 (ἃς.
2442 5479 2605 5536 Deest
2640 5480 2912 5549 integrum
2948 5474 3054 5529 hoc
3090 5477 3414 5542 praeceptum
3447 5474 3501 5525 in

1929 5571 2054 5613 eoa.
2103 5571 2257 5608 uno.
2295 5571 2374 5609 ιι).

2002 5624 2114 5698 (14)
2143 5620 2601 5690 Ἀποστραφείς.
2635 5617 2796 5677 Deest
2819 5616 2876 5675 in
2908 5613 3097 5672 eodem
3127 5608 3251 5667 cod.
3282 5608 3358 5665 In.
