3886 6190
245 324 393 385 1005
1111 304 1707 369 CONSTth‘l'iONES
1743 295 2217 359 APOSTOLICE.
2252 326 2320 337 --
2358 293 2485 349 LIB.
2531 289 2622 345 Vll
3376 280 3458 333 tu:
3482 274 3517 329 6

242 440 367 510 6ης,
401 432 535 508 μηδὲ
566 428 946 503 πονηρόφρων,
990 424 1123 497 μηδὲ
1146 424 1192 455 ⁸⁸
1222 419 1666 493 σκληροκαρδιος,
1701 414 1831 487 μηδὲ

1949 412 2115 473 ιὶοιιιι,
2144 422 2243 462 nec
2272 404 2601 466 malitiosus,
2641 414 2740 454 nec
2771 398 2910 451 duro
2943 392 3129 454 corde,
3157 406 3258 446 nec
3298 406 3518 445 Iracun-

1952 500 1965 510 ι
2331 496 2404 510 all.
2510 495 2523 508 ο
2592 495 2602 505 ο
2642 509 2650 510 ,
2695 489 2865 510 _.e_-.!-
2904 488 3042 510 --.2--.
3074 487 3185 510 La...
3216 485 3415 510 .Ι..,-.....ι
3451 486 3516 510 Α]

565 485 1064 595 μηδὲμικρόψυχος
1083 535 1095 547 ο
1120 514 1299 568 πάντα
1313 485 1421 585 γάρ
1458 485 1632 565 ταῦτα
1650 485 1831 579 ὁδηγεί

1949 500 2059 564 ius,
2093 514 2193 554 nec
2224 496 2407 567 pusilli
2437 495 2605 549 animi
2639 509 2652 544 :
2682 489 2870 546 omnia
2900 488 3044 541 enim
3074 487 3187 541 haec
3212 485 3419 540 ducunt
3451 486 3519 539 ad

1974 594 1984 599 -
2093 591 2104 599 .
2223 590 2233 599 .
2426 589 2436 599 ι
2711 583 2787 599 -.-,
2860 588 2911 599 η.
2940 578 3149 599 Il-__---
3181 586 3223 599 ,ι
3258 575 3426 599 I‘L---LI
3448 579 3494 599 ιιι

244 575 783 694 πᾶνβλασέρῆμίαν
806 575 838 644 ο.
857 575 1069 665 ιέθῖδὲ
1127 575 1427 681 πρᾶοςξάίς
1457 602 1700 671 Μωῦσῆς
1732 575 1831 653 ⁷καὶ

1949 590 2361 662 ilasphemiam:
2394 589 2472 643 sis
2502 599 2630 641 vero
2653 583 2822 644 mitis,
2858 588 2915 633 ut
2940 578 3153 649 Moyses
3175 586 3231 633 et
3258 575 3429 632 David
3447 579 3517 632 ⁸⁸.

2104 683 2114 694 ι
2236 682 2246 692 ι
2274 681 2284 694 ι
2517 679 2550 694 ι.
2572 693 2580 694 ,
2602 692 2610 694 ξ
2655 692 2676 694 4
2729 672 3007 694 --εΔΛιηηηι
3040 678 3240 694 ιη-......ιι
3270 667 3318 694 io
3354 687 3369 694 -

1933 681 2377 754 quandoquidem
2408 698 2425 730 ι
2460 679 2621 732 miles
2653 672 3012 745 possidebunt
3040 678 3243 724 terram
3270 667 3372 724 ⁸ο.»

2516 767 2747 823 CAPUT
2792 764 2927 820 Vill.

1928 932 1933 937 Ι
1966 866 2042 921 De
2081 850 2514 936 longanimitate,
2556 860 2889 943 innocentia,
2932 853 3359 919 mansuetudine,
3399 848 3497 918 ρο·
3550 864 3560 881 δ

2624 942 2828 984 tientia.

2006 1026 2094 1082 Sis
2117 1024 2449 1095 longanimis
2479 1043 2493 1078 :
2530 1021 2623 1091 qui
2656 1020 2804 1075 enim
2831 1017 2960 1072 talis
3002 1022 3108 1080 est,
3142 1032 3161 1066 ι
3202 1014 3409 1069 multus
3437 1021 3523 1067 est

1935 1120 1987 1174 in
2015 1118 2337 1189 prudentia;
2364 1115 2636 1186 siquidem
2664 1109 3032 1183 pusillanimis
3064 1106 3375 1163 vehementi
3394 1106 3524 1161 stul-

1934 1214 2051 1265 titia
2082 1218 2299 1266 tenetur
2330 1211 2396 1263 ⁹¹.
2442 1228 2460 1259 ι
2492 1209 2537 1239 ⁸⁸
2581 1205 2671 1260 Sis
2706 1203 3024 1258 misericors
3056 1220 3071 1255 :
3112 1217 3132 1252 ι
3184 1198 3333 1253 Beati
3375 1197 3522 1251 enim

1934 1302 2321 1358 misericordes
2354 1297 2654 1370 :quoniam
2702 1295 2806 1365 ipsi
2840 1288 3277 1347 misericordiam
3326 1303 3522 1343 conse-

1933 1406 2168 1467 quentur
2197 1395 2263 1449 ”.
2296 1412 2314 1443 ι
2352 1393 2399 1424 ⁸⁵
2430 1391 2562 1446 Esto
2590 1391 2876 1449 innocens,
2907 1385 3149 1455 quietus,
3172 1382 3374 1444 bonus,
3406 1388 3522 1435 tre-

1932 1504 2088 1544 mens
2115 1500 2399 1543 sermones
2429 1483 2523 1538 Dei
2558 1483 2624 1537 ".
2647 1480 2696 1512 ⁹⁶
2721 1479 2838 1534 Non
2868 1486 2921 1532 te
2949 1474 3236 1538 exaltabis,
3259 1481 3318 1527 ut
3339 1471 3525 1525 Phariv

1933 1596 2095 1643 satus,
2119 1579 2246 1650 quia
2267 1596 2285 1629 ι
2308 1576 2500 1631 Omnis
2528 1574 2620 1645 qui
2651 1587 2712 1627 se
2741 1572 2970 1634 exaltat,
3006 1564 3468 1628 humiliabitur";
3499 1584 3517 1614 ι

1932 1683 2026 1731 et:
2060 1692 2077 1726 ι
2110 1672 2266 1739 Quod
2298 1672 2468 1724 altum
2502 1675 2587 1723 est
2609 1667 2666 1720 in
2703 1663 3045 1725 hominibus,
3076 1657 3417 1715 abominatio
3436 1664 3523 1711 est

242 710 439 765 Δαδίδ·
471 708 595 762 ἐπεὶ
627 726 646 760 ι
681 708 730 760 oi
756 706 952 775 πραεῖς
979 702 1443 773 κληρονομήσουσι
1475 695 1598 765 γῆν.
1643 712 1660 744 1

788 792 1183 851 ΚΕΦΑΛΑΙΟΝ
1221 792 1303 844 H'.

318 892 458 963 Περὶ
479 892 903 962 μακροθυμίας,
933 885 1204 965 ἀκακιάς,
1234 884 1583 951 πραότητος,
1614 881 1761 933 ὑπο-

935 974 1149 1026 μονης.

318 1056 472 1110 Γίνου
498 1052 849 1127 μακρόθυμος
871 1068 884 1081 ’
912 1052 941 1103 6
961 1049 1067 1119 γὰρ
1095 1047 1354 1109 τοιοῦτος,
1388 1064 1405 1095 ι
1436 1042 1601 1107 πολὺς
1617 1043 1675 1095 ὲν
1702 1057 1833 1113 φρο-

241 1150 426 1220 νήσει’
451 1168 470 1199 ι
488 1147 719 1217 ἐπείπερ
746 1165 763 1196 ι
792 1142 1109 1213 ὀλιγόψυχος
1142 1138 1362 1210 ἰσχυρὸς
1398 1136 1608 1207 ἄφρων.
1631 1152 1649 1184 ι
1677 1133 1829 1185 Γίνου

240 1241 530 1311 ἐλεήμων·
573 1257 591 1289 ι
630 1236 907 1306 Μακάριοι
955 1233 1065 1304 γὰρ
1120 1232 1169 1284 οἱ
1214 1230 1523 1301 ἐλεήμονες,
1563 1227 1645 1278 ὃτι
1679 1224 1831 1278 αὐτοὶ

242 1330 658 1402 ἐλεηθήσονται.
701 1348 718 1380 ι
760 1329 892 1381 "Eoo
920 1327 1147 1387 ἄκακος,
1177 1323 1405 1393 ἥσυχος,
1436 1317 1636 1387 ἀγαθὸς
1658 1356 1673 1378 ,
1702 1315 1829 1386 τρέ-

245 1440 368 1494 μων
398 1423 526 1485 τοὺς
558 1420 750 1489 λόγους
772 1418 867 1471 τοῦ
898 1416 1053 1470 Θεοῦ.
1087 1416 1200 1485 Οὐχ
1223 1412 1458 1483 ὑψώσεις
1489 1409 1732 1471 σεαυτὸν,
1753 1408 1831 1469 ὼς

238 1516 272 1566 6
305 1516 593 1586 Φαρισαῖος
619 1529 633 1542 ’
670 1531 688 1564 ι
726 1513 847 1565 Ὅτι
879 1511 987 1573 πᾶς
1017 1511 1044 1561 6
1071 1506 1221 1578 ὑψῶν
1251 1505 1464 1568 ἑαυτὸν,
1492 1499 1828 1571 ταπεινωθή-

243 1623 438 1660 σεται·
487 1625 507 1656 ι
540 1605 670 1657 καί·
708 1622 729 1656 ι
768 1604 843 1656 Τὸ
871 1601 1075 1674 ὑψηλὸν
1107 1601 1165 1653 ὲν
1191 1595 1519 1669 ἀνθρώποις,
1555 1593 1829 1665 βδέλυγμα

241 1697 400 1769 παρὰ
424 1696 503 1769 τῷ
533 1695 672 1767 Θεῷ.
709 1714 728 1748 ι
768 1695 844 1749 Οὐ
870 1693 1065 1756 δώσεις
1096 1694 1163 1763 τῇ
1189 1692 1335 1761 ψυχῇ
1370 1706 1463 1741 σου
1490 1687 1718 1759 θράσος·
1746 1686 1829 1737 ὅτι

242 1749 501 1859 ἶθῇᾴσὺξ
531 1752 673 1858 ἀνεὶξρ
691 1784 1015 1856 ἐμπεσεῖται
1036 1749 1116 1846 εἰς
1372 1782 1447 1835 Οὐ
1475 1749 1831 1852 συμπορεὺσῃ

1949 1764 2079 1836 ipud
2114 1764 2282 1819 Deum
2304 1763 2371 1817 ".
2409 1781 2426 1813 ι
2455 1761 2500 1792 ³³
2531 1758 2650 1813 Non
2678 1756 2838 1811 dabis
2868 1754 3064 1808 anima:
3087 1760 3190 1805 tua:
3214 1749 3521 1813 audaciam;

241 1879 390 1953 μετὰ
418 1879 689 1950 ἀφρόνων,
728 1874 866 1931 ἀλλὰ
895 1873 1034 1946 μετὰ
1063 1872 1242 1943 σοφῶν
1273 1874 1368 1928 καὶ
1407 1872 1663 1928 δικαίωνο
1699 1890 1718 1923 ι
1773 1872 1833 1925 '0

240 1970 725 2043 συμπορευόμενος
739 1968 849 2040 γὰρ
866 1969 1068 2037 σοφοῖς,
1100 1965 1262 2036 σοφὸς
1280 1962 1433 2016 ἐσται
1454 1979 1466 1991 ·
1486 1962 1515 2013 ὁ
1540 1960 1597 2013 δὲ
1621 1977 1683 2012 συ
1691 1975 1833 2030 μπο-

241 2063 535 2134 ρευόμενος
551 2062 663 2134 (5i)
680 2058 1300 2132 ἄφροσι,γνωσθήσεται.
1329 2074 1346 2108 1
1365 2054 1447 2108 Τὰ
1468 2052 1834 2125 συμϐαίνοντά

241 2172 332 2207 σοι
366 2153 535 2225 πάθη,
569 2152 812 2224 εὐμενῶς
849 2150 1032 2222 δέχου,
1059 2150 1153 2203 καὶ
1190 2149 1290 2212 τὰς
1321 2145 1674 2219 περιστάσεις
1700 2144 1831 2198 ἀλύ-

237 2264 384 2311 πως·
415 2245 569 2310 εἰδὼς
598 2246 682 2299 ὅτι
715 2243 905 2316 μισθὸς
947 2241 1101 2315 παρὰ
1129 2240 1264 2295 Θεοῦ
1307 2257 1388 2293 σοι
1416 2237 1719 2310 δοθήσεται,
1757 2237 1833 2300 ὡς

237 2336 324 2409 τῷ
362 2337 481 2392 Ἱὼὸ
512 2338 608 2392 καὶ
624 2336 704 2409 τῷ
732 2334 987 2407 Λαζάρῳ.

787 2603 1182 2660 ΚΕΦΑΛΑῙΟΝ
1211 2602 1288 2655 Θ¹.

242 2703 367 2755 ὀτι
396 2699 512 2770 χρὴ
539 2699 683 2765 τοὺς
709 2699 857 2752 κατὰ
881 2698 1143 2770 Χριστὸν
1156 2692 1584 2770 διδαᾳκᾴλοιζς,
1608 2690 1834 2770 foretur:

314 2763 529 2825 x1305;
555 2763 833 2839 ἡγεῖσθαι
855 2785 868 2799 ·
899 2763 952 2823 οἱ
967 2767 1085 2839 μὲν
1110 2766 1221 2835 γὰρ
1251 2765 1316 2818 τὸ
1344 2764 1414 2817 εὖ
1446 2764 1555 2834 (5‘2)
1584 2763 1757 2827 εἶναι,
1779 2763 1833 2813 οι

316 2840 389 2894 δὲ
418 2841 484 2895 τὸ
511 2836 664 2894 elidi
684 2840 878 2910 μόνον
905 2836 1301 2906 παρέχουσιν.

313 2932 421 2987 Τὸν
438 2932 703 2986 λαλοῦντα
724 2949 805 2984 σοι
839 2930 930 2983 τὸν
961 2929 1117 2998 λόγον
1145 2927 1238 2980 τοῦ
1261 2925 1395 2979 Θεοῦ
1418 2924 1678 2992 60561652.;-
1709 2940 1834 2995 μνη-

240 3026 421 3097 σθήσῃ
452 3025 509 3078 δὲ
530 3023 695 3079 αὐτοῦ
728 3024 947 3096 ἡμέρας
988 3022 1083 3076 καὶ
1110 3020 1302 3082 νυκτός
1323 3037 1336 3048 ·
1366 3019 1617 3089 τιμήσεις
1642 3017 1700 3070 δὲ
1730 3017 1829 3069 αὐ-

1938 1857 2067 1928 quia
2111 1856 2195 1909 vir
2227 1873 2244 1906 ι
2291 1853 2472 1907 audax
2524 1848 2732 1905 incidet
2764 1848 2819 1902 in
2856 1846 2999 1899 mala
3042 1844 3129 1898 ¹⁶⁰.
3172 1862 3190 1895 ι
3231 1840 3355 1895 Non
3400 1856 3525 1910 gra-

1937 1948 2106 2002 dieris
2128 1961 2256 2001 cum
2300 1942 2711 2015 insipientibus,
2765 1938 2862 1994 sed
2915 1951 3041 1991 cum
3075 1933 3417 2004 sapientibus
3459 1946 3527 1985 ae

1931 2039 2098 2109 justis
2121 2053 2138 2095 :
2162 2036 2297 2104 «Qui
2318 2035 2463 2092 enim
2486 2033 2735 2105 graditur
2754 2045 2879 2085 cum
2908 2026 3271 2098 sapientibus,
3302 2024 3524 2094 sapiens

1935 2133 2066 2201 erit;
2092 2132 2186 2204 qui
2218 2145 2349 2186 vero
2372 2126 2620 2200 graditur
2641 2139 2769 2180 eum
2814 2120 3226 2192 insipientibus,
3259 2132 3526 2188 agnosce-

1936 2232 2027 2279 tur
2052 2224 2091 2280 ¹.
2120 2242 2139 2276 1
2176 2225 2197 2255 ³
2229 2220 2449 2276 Morbos
2479 2229 2536 2274 et
2562 2232 2731 2272 casus
2770 2215 2865 2286 qui
2908 2213 3011 2269 tibi
3046 2211 3370 2274 acciderint,
3402 2210 3523 2279 pla-

1935 2317 2055 2374 cide
2093 2317 2329 2388 accipito
2354 2332 2369 2382 ;
2399 2322 2454 2369 et
2485 2312 2716 2367 adversa
2762 2309 2845 2364 l‘er
2916 2307 3125 2378 absque
3151 2303 3475 2375 aegritudine
3505 2321 3521 2370 ;

1935 2413 2118 2467 sciens
2148 2409 2295 2480 quod
2317 2409 2414 2462 tibi
2446 2424 2475 2461 a
2516 2405 2629 2461 Deo
2662 2403 2882 2459 dabitur
2913 2416 3146 2465 merces,
3172 2395 3527 2469 quemadmo-

1936 2505 2066 2559 dun
2089 2502 2226 2561 Jebo
2255 2509 2309 2557 et
2339 2499 2547 2554 Lazaro
2568 2498 2608 2552 ³.

2534 2584 2764 2645 CAPUT
2824 2584 2914 2641 lX.

1938 2687 2091 2756 Quod
2131 2695 2371 2757 oporteat
2394 2684 2654 2738 doctrina:
2677 2681 2882 2757 gliristi
2904 2678 3186 2757 magistros
3215 2674 3385 2744 pluris
3418 2672 3523 2757 du:

2010 2775 2127 2813 cere
2163 2744 2325 2829 'quam
2354 2765 2598 2825 parentes
2621 2768 2641 2806 .'
2676 2753 2760 2805 illi
2802 2744 3087 2821 siquidem,
3121 2746 3245 2801 bene
3286 2760 3438 2808 esse;
3469 2744 3525 2796 lii

2006 2846 2146 2894 vero,
2179 2844 2291 2883 esse
2318 2836 2549 2889 tantum,
2574 2832 2855 2893 prwstant.

2004 2924 2025 2953 ⁵
2044 2922 2180 2976 Ευηι
2211 2920 2303 2991 qui
2326 2932 2638 2975 sermonem
2662 2914 2756 2970 Dei
2789 2912 2888 2967 tibi
2908 2911 3148 2982 loquitur
3169 2908 3317 2963 coles
3340 2926 3353 2962 :
3375 2906 3526 2976 ejus-

1935 3032 2041 3087 que
2054 3014 2166 3070 eris
2183 3027 2388 3069 memor
2414 3011 2503 3066 die
2524 3024 2591 3064 ac
2620 3013 2816 3064 nocte:
2844 3003 3145 3059 honorahis
3173 3008 3363 3055 autem
3395 3015 3525 3053 eum

236 3119 357 3182 τὸν,
387 3117 486 3188 οὐχ
514 3117 589 3180 ὡς
614 3116 882 3186 γενέσεως
910 3116 1102 3177 αἴτιον,
1133 3112 1245 3166 ἀλλ’
1267 3111 1342 3174 ὡς
1370 3109 1465 3163 τοῦ
1492 3106 1551 3163 εὖ
1582 3105 1721 3163 εἷναί
1749 3125 1829 3160 σοι

1949 3123 2046 3162 non
2065 3114 2328 3177 tanquam
2353 3102 2585 3174 originis
2610 3108 2916 3164 auctorem,
2967 3097 3063 3153 sed
3086 3104 3343 3165 tanquam
3370 3094 3525 3148 illum

238 3210 504 3283 πρόξενον
525 3208 810 3279 γινόμενον
830 3226 844 3238 ο
875 3209 1010 3261 ὅπου
1039 3206 1150 3279 γὰρ
1175 3208 1208 3278 ἡ
1240 3206 1371 3277 περὶ
1399 3204 1535 3257 Θεοῦ
1566 3203 1831 3257 διδασκα-

238 3303 356 3365 λία,
402 3303 520 3355 ἐκεῖ
548 3303 578 3354 6
604 3300 738 3364 Θεὸς
779 3300 1063 3371 πάρεστιν.
1121 3297 1474 3369 Ἐκζητήσεις
1511 3296 1833 3369 καθημέραν

237 3395 305 3447 τὸ
343 3393 632 3464 πρόσωπον
645 3391 755 3446 τῶν
803 3393 995 3460 ἁγίων,
1031 3392 1099 3444 ἶν’
1126 3391 1452 3461 ἐπαναπαύῃ
1499 3392 1611 3452 τοῖς
1653 3388 1835 3457 λόγοις

239 3486 444 3541 αὐτῶν.

800 3577 1196 3631 ΚΕΦΑΛΑΙΟΝ
1235 3578 1290 3629 l'.

243 3670 381 3723 Ὅτι
428 3669 546 3739 χρὴ
586 3668 673 3738 μὴ
724 3665 1077 3739 ἁποσχίζεινν
1112 3665 1230 3720 τῶν
1264 3666 1645 3739 άτζων,νὰλλ⁹
1675 3667 1832 3739 sim;-

315 3735 516 3794 νεύὲῖν
534 3735 948 3809 μαχομένους,
982 3738 1211 3806 κρίνειν
1238 3735 1589 3803 τείδικαίως,
1621 3736 1719 3790 καὶ
1745 3735 1833 3805 μὴ

317 3809 880 3878 προσωποληπτεῖν.

314 3906 391 3960 Οὐ
423 3908 672 3978 ποιήσεις
702 3904 975 3976 σχίσματα
1000 3902 1137 3974 πρὸς
1165 3903 1291 3966 τοὺς
1317 3900 1529 3970 ἁγίους,
1566 3897 1831 3973 μνησθεὶς

238 3997 353 4053 τῶν
379 3998 677 4070 Κορειτῶν.
711 3995 1065 4069 Εἱρηνεύσεις
1089 3993 1450 4066 μαχομένους,
1480 3993 1557 4057 ὡς
1589 3992 1794 4063 Μωσῆς
1813 4033 1829 4056 ,

241 4083 629 4138 συναλλάσσων
650 4086 764 4157 (55)
794 4087 875 4149 είς
906 4084 1105 4155 φιλίαν.
1141 4086 1364 4155 Κρινεῖς
1392 4082 1646 4145 δικαίως·
1684 4101 1703 4134 ι
1722 4081 1833 4135 Τοῦ

238 4174 355 4247 γὰρ
382 4176 589 4247 Κυρίου
621 4178 655 4248 ἡ
689 4175 890 4247 κρίσις.
935 4195 953 4227 1
993 4176 1069 4229 UO
1110 4174 1254 4247 λήψῃ
1297 4174 1587 4246 πρόσωπον
1619 4173 1834 4242 ἐλέγξαι

240 4267 338 4321 ἐπὶ
359 4267 790 4341 παραπτώματι,
813 4269 889 4331 ὼς
909 4268 1095 4331 Ἠλίας
1117 4270 1210 4321 καὶ
1228 4266 1470 4337 Μιχαίας
1490 4266 1583 4319 τὸν
1603 4266 1832 4337 Ἀχαὰϐ,

238 4360 679 4432 καὶἋὸδεμὲλεχ
706 4362 736 4414 6
766 4360 959 4431 Αἰθίοψ
985 4361 1077 4414 τὸν
1111 4360 1387 4427 Σεδεκίαν,
1409 4361 1505 4413 καὶ
1532 4359 1716 4415 Νάθαν
1743 4361 1835 4413 τὸν

238 4451 430 4518 Δαδὶδ,
461 4453 559 4507 καὶ
585 4453 841 4524 Ἰωάννης
870 4453 962 4506 τὸν
1003 4451 1273 4523 Ἡρώδην.

774 4628 1171 4684 ΚΕΦΑΛΑΙΟΝ
1205 4628 1304 4681 IA'.

484 4721 627 4791 napi
653 4721 939 4790 διψύχου,
968 4719 1100 4789 ἢτοι
1130 4721 1521 4790 ὀλιγοπίστου
1548 4721 1610 4773 ⁸⁸.

315 4814 409 4887 Μὴ
434 4814 589 4885 γίνου
616 4814 839 4884 δίψυχος
869 4814 929 4865 ὲν
958 4815 1235 4884 προσευχῇ
1268 4830 1382 4878 σου,
1411 4816 1459 4867 εί
1493 4814 1668 4882 ἔσται,
1692 4814 1725 4887 ἦ
1747 4816 1830 4869 οὔ·

238 4908 393 4979 λέγει
424 4905 537 4979 γὰρ
576 4907 606 4959 6
647 4906 853 4978 Κύριος
890 4905 1016 4976 ἐμοὶ
1062 4905 1254 4977 Πέτρῳ
1285 4906 1378 4959 ἐπὶ
1401 4907 1504 4978 τῆς
1534 4907 1829 4979 θαλάσσης·

1932 3201 2028 3271 qui
2056 3199 2156 3253 tibi
2187 3206 2247 3251 ut
2268 3198 2405 3251 bene
2427 3210 2581 3251 esses
2604 3191 2931 3248 conciliator
2967 3189 3178 3244 exstitit
3212 3203 3224 3238 :
3252 3186 3343 3242 ubi
3376 3187 3526 3241 enim

1935 3292 2186 3348 doctrina
2225 3290 2294 3345 de
2323 3288 2457 3354 Deo,
2483 3287 2558 3342 ibi
2591 3286 2735 3342 Deus
2763 3284 2941 3339 adest.
2979 3283 3000 3314 '
3030 3280 3300 3351 Exquires
3340 3278 3525 3349 quoti-

1934 3387 2023 3442 die
2075 3384 2272 3439 l'aciem
2309 3389 2653 3450 sanctorum,
2714 3385 2774 3433 ut
2816 3375 3142 3448 acquiescas
3173 3371 3526 3429 sermonibus

1935 3494 2145 3536 eorum.

2560 3562 2791 3620 CAPUT
2832 3560 2900 3618 Χ.

1938 3664 2093 3735 Quod
2123 3679 2227 3718 non
2268 3666 2506 3735 oporteat
2539 3656 2926 3735 disjungereuse
2955 3669 2988 3705 a
3017 3649 3217 3732 sanctis
3240 3688 3255 3712 ,
3300 3645 3392 3700 sed
3425 3662 3524 3715 pa-

2006 3738 2221 3805 ciﬁcare
2245 3722 2639 3793 contendentes,
2665 3722 2985 3797 et'judicare
3005 3722 3173 3792 juste,
3197 3729 3246 3774 et
3270 3733 3523 3787 personas

2005 3823 2111 3860 non
2149 3805 2404 3873 accipere.

2008 3900 2029 3931 '
2049 3898 2167 3953 Non
2197 3895 2367 3952 facies
2394 3893 2698 3949 schismata
2730 3887 3022 3944 adversum
3050 3890 3304 3948 sanctos;
3338 3894 3523 3934 recur-

1936 3991 2097 4047 datus
2127 3986 2500 4045 Coritarum".
2536 3982 2733 4038 Pacem
2768 3981 2914 4034 inter
2935 3976 3272 4033 dissidentes
3299 3987 3527 4040 compo-

1934 4101 2056 4147 nes,
2088 4092 2149 4137 ut
2180 4082 2384 4147 Moses,
2415 4094 2622 4150 eosque
2668 4077 2723 4131 in
2753 4074 3051 4130 amicitiam
3084 4068 3523 4126 reconciliabis'.

1936 4178 1956 4207 '
1977 4174 2422 4243 Judicabisjuste
2450 4188 2463 4223 :
2501 4191 2518 4221 ι
2562 4168 2775 4224 Domini
2806 4167 2955 4221 enim
2988 4172 3075 4220 est
3104 4160 3374 4233 judicium
3408 4161 3470 4215 ‘°.
3499 4179 3520 4212 ι

1940 4268 1979 4297 ¹¹
2011 4265 2129 4319 Non
2165 4264 2404 4333 accipies
2434 4275 2727 4333 personam
2758 4259 2815 4312 in
2849 4255 3131 4327 arguendo
3162 4255 3229 4308 de
3264 4262 3522 4323 peccatu;

1938 4368 1997 4414 ut
2038 4358 2185 4412 Elias
2211 4364 2266 4411 et
2298 4355 2551 4409 Michaaas
2590 4351 2877 4405 Achahum
2917 4353 3220 4418 arguerunt
3242 4346 3305 4408 “,
3339 4343 3523 4397 Abde—

1864 4466 1909 4522 ι)
1940 4451 2223 4506 melechus
2244 4446 2502 4517 EthiOps
2525 4442 2811 4500 Sedeciam
2830 4440 2895 4505 “,
2917 4437 3133 4493 Nathan
3182 4435 3439 4490 Davidem
3457 4434 3523 4498 ⁸⁸,

1942 4555 1993 4597 et
2024 4540 2265 4596 Joannes
2298 4538 2571 4594 Herodem
2594 4536 2660 4581 "-

2547 4625 2778 4684 CAPUT
2825 4623 2919 4681 XI.

2060 4724 2136 4779 De
2165 4724 2371 4778 homine
2399 4721 2627 4793 duplicis
2662 4719 2858 4783 animi,
2885 4733 2975 4770 seu
3004 4715 3223 4768 modicae
3251 4712 3396 4784 ﬁdei.
3444 4740 3445 4743 η

2018 4818 2056 4850 ⁸⁷
2088 4816 2167 4873 Ne
2200 4818 2278 4874 sis
2307 4815 2512 4887 duplici
2548 4814 2734 4868 animo
2765 4813 2821 4865 in
2848 4807 3164 4882 precatione
3193 4814 3525 4873 tua,.utrum

1941 4909 2187 4964 futurum
2225 4910 2329 4976 sit,
2361 4924 2429 4962 an
2461 4923 2612 4961 non:
2648 4904 2693 4936 ¹⁸
2724 4903 2864 4958 dixit
2901 4901 3046 4957 enim
3082 4899 3348 4955 Dominus
3390 4898 3523 4963 mihi

314 5021 364 5053 ⁸⁸
396 5018 533 5077 Vide
587 5020 783 5077 Anast.
858 5018 905 5051 ”
933 5017 1096 5090 Num.
1120 5034 1222 5082 xu,
1248 5019 1319 5084 ὃς
1349 5019 1496 5075 Psal.
1530 5037 1716 5087 cxxxl,
1750 5024 1802 5078 l.
1878 5022 1925 5056 ’°
1977 5022 2173 5078 Matth.
2218 5038 2290 5090 v,
2350 5023 2406 5077 4.
2482 5019 2522 5053 ’³
2561 5018 2723 5090 Prov.
2784 5031 2899 5081 xlv,
2952 5014 3081 5090 29._
3118 5013 3168 5090 ’ξ
3207 5013 3243 5066 l.
3279 5010 3525 5090 Pseudo-

238 5093 421 5163 lguat.
458 5090 785 5163 ad_Hieron,
821 5090 875 5145 5.
909 5159 922 5163 _
950 5090 1000 5163 f”
1035 5089 1225 5163 Matth.
1262 5108 1312 5155 v,
1351 5092 1401 5145 7.
1478 5093 1531 5163 ’ξ
1556 5093 1718 5147 Barn.
1755 5108 1879 5163 cap.

1929 5094 2018 5148 i9.
2094 5095 2142 5126 "
2172 5083 2287 5148 lsa.'
2310 5109 2459 5157 val,
2492 5090 2548 5145 2.
2627 5091 2671 5124 ⁸⁸
2694 5089 2857 5144 Barn.
2908 5084 3106 5157 xix;l.
3143 5083 3519 5157 Anastasipm,

223 5152 383 5221 ibid.
459 5163 505 5194 ⁸⁷
535 5161 670 5231 Luc.
708 5152 863 5222 xvm,
900 5159 992 5215 M.
1065 5161 1112 5191 ’⁸
1144 5152 1438 5226 ιυε.ἰν1,
1471 5162 1557 5218 15.
1634 5164 1681 5195 ⁸ο
1725 5152 1831 5217 Βαιέ

1949 5180 2052 5231 nx;
2102 5163 2297 5219 Anast.
2330 5152 2462 5217 ibid.
2540 5161 2609 5192 ¹⁰⁰
2653 5158 2815 5231 Prov.
2871 5155 3110 5231 xu_I_,_i7,
3150 5155 3316 5231 apud.

232 5241 263 5334 ζ
299 5230 463 5289 Prov.
488 5230 719 5295 xm,20.
794 5232 815 5262 ⁸
846 5231 1010 5285 Barn.
1044 5246 1108 5297 x;
1142 5233 1336 5287 Anast.
1366 5223 1496 5287 ibid.
1576 5232 1720 5287 'Job
1772 5250 1915 5301 xLu;
1946 5223 2081 5289 Luc.
2108 5251 2219 5289 xvn.
2296 5235 2317 5265 ⁸
2340 5233 2506 5287 Barn.
2539 5246 2673 5298 xIx;
2708 5230 2902 5282 Anast.
2939 5225 3074 5281 ibid.
3149 5225 3348 5276 l‘Barn.
3384 5223 3520 5277 ibid.

289 5302 527 5357 Barnab.
561 5317 673 5356 XIX.
750 5301 770 5332 ⁷
792 5299 954 5354 Νιιιη.
1008 5315 1122 5356 ινι.
1198 5302 1220 5331 ⁸
1252 5300 1424 5356 Exod.
1464 5320 1525 5357 11.
1601 5304 1622 5335 ⁹
1651 5303 1811 5357 Barn.
1846 5321 1959 5357 xix.
2038 5306 2080 5336 '°
2107 5304 2265 5357 Deut.
2300 5320 2340 5357 ι.
2375 5304 2461 5357 17.
2541 5302 2582 5333 ¹¹
2617 5300 2781 5354 Barn.
2809 5313 2922 5352 xix.
3003 5296 3045 5326 “
3078 5293 3147 5347 ΙΙΙ
3180 5292 3315 5357 Reg.
3357 5309 3520 5356 nni,

512 5343 527 5357 .
561 5292 673 5356 xix.
750 5299 954 5354 'Num.
1008 5292 1122 5356 xvi.
1198 5302 1220 5331 ⁸
1252 5300 1424 5356 Exod.
1464 5320 1525 5359 11.
1601 5304 1622 5335 ⁹
1651 5303 1811 5359 Barn.

1949 5346 1959 5360 .
2038 5306 2080 5336 '°
2107 5304 2265 5360 Deut.
2300 5320 2340 5367 I,
2375 5304 2461 5358 17.
2541 5302 2582 5333 ¹¹
2617 5292 2781 5354 Barn.
2809 5313 2922 5352 xix.
3003 5296 3045 5326 “
3078 5293 3147 5347 ΙΙΙ
3180 5292 3315 5367 Reg.
3357 5309 3520 5356 nni,

239 5385 511 5443 xxi,x_xu.
567 5370 833 5443 “ierem.
866 5387 1098 5443 xxxviii.
1173 5371 1288 5425 “il
1319 5372 1450 5443 Reg.
1507 5389 1603 5428 xu.

242 5443 292 5475 ⁸⁸
325 5444 362 5497 1.
383 5441 804 5514 Pseudo—lgnat.
838 5442 903 5497 ad
922 5440 1145 5497 Hieron.
1173 5450 1226 5504 7,

1684 5376 1728 5406 ³⁵
1765 5375 1831 5428 Ma

1949 5416 1959 5431 .
2010 5392 2123 5431 xxv.
2204 5375 2247 5405 “
2294 5362 2366 5428 ai.
2410 5370 2754 5442 ὁλιγοψύχου.
2848 5368 2890 5400 "
2922 5384 2959 5420 1.
2995 5379 3184 5435 supra,
3213 5362 3377 5415 Barn.
3406 5379 3517 5416 xix.

1533 5531 1898 5589 VARIORUM
1918 5531 2150 5589 NOTAE.

269 5698 282 5710 _
316 5626 428 5699 (51)
479 5627 533 5710 ’ρ
560 5626 629 5710 δὲ
654 5625 1442 5710 συμπορευόμςγοςινῌεςο-ει
1454 5625 1571 5710 duo
1589 5642 1825 5698 sequen-

240 5698 322 5751 tia
358 5693 624 5753 voeahula
656 5693 941 5754 desunt'in
969 5693 1160 5752 codice
1184 5693 1420 5752 Vindoh.
1450 5697 1548 5751 CL.

315 5769 430 5844 (32)
474 5770 542 5824 Τὸ
585 5769 674 5825 εὖ.
700 5769 836 5826 Cod.
864 5767 1027 5826 Vind.
1060 5766 1156 5822 τοῦ
1181 5767 1340 5835 Θεοῦ,
1369 5775 1422 5823 et
1460 5776 1651 5839 postea
1683 5784 1825 5841 παρ-

1930 5627 2112 5697 ἔσχον,
2144 5625 2328 5681 minus
2356 5623 2517 5697 bene.
2554 5625 2632 5683 in.

2024 5689 2115 5768 3'5)
2146 5693 2626 5768 Συναλλρσσων.
2665 5689 2727 5749 In
2751 5707 2858 5749 ms.
2891 5689 3056 5750 Vind.
3099 5689 3515 5754 καταλλάσσων,

1926 5762 2119 5824 eodem
2149 5783 2337 5825 sensu.
2370 5762 2468 5826 CL.
3425 5810 3427 5813 ,
