3886 6190
406 308 540 366 1007

1291 304 1348 361 5.
1384 302 1780 363 CLEHENTIS
1873 298 2039 357 80M.
2070 296 2272 352 PONT.
2297 294 2524 352 OPEilA
2557 291 2778 354 DUBIA.

3550 283 3686 343 1008

402 424 590 492 Petro,
622 425 677 478 in
706 424 884 479 mari:
918 443 936 478 ι
974 421 1201 479 Modica:
1226 423 1375 490 Mei,
1394 436 1567 493 quare
1588 419 1851 475 dubitasti
1875 418 1984 472 "?i

2100 433 2118 467 ι
2158 412 2499 481 Ὀλιγόπιστε
2521 411 2658 480 (54),
2680 413 2758 473 είς
2790 408 2843 462 τί
2872 406 3185 469 ὲδίστασαςς
3211 422 3229 456 ι
3253 403 3345 473 Μή
3362 401 3526 470 γίνου
3549 403 3685 471 πρὸς

402 526 521 580 Noli
545 527 611 580 ad
638 522 1015 593 accipiendum
1050 519 1272 590 quidem
1304 530 1531 571 manum
1571 513 1870 583 porrigere,
1916 513 1984 563 sd

402 621 647 679 dandum
677 631 809 672 vero
831 612 1159 671 contrahere
1187 611 1259 666 ".

1004 702 1233 760 CAPUT
1264 700 1381 756 XII.

934 798 1012 854 De
1062 794 1423 877 beneﬁcentia.

477 899 519 930 ’ί
540 896 599 952 Si
622 895 815 960 habes,
836 893 1093 949 manibus
1114 890 1223 946 tuis
1241 889 1441 961 praebe,
1462 895 1523 941 ut
1543 886 1787 959 opereris
1818 885 1873 940 in
1901 900 1988 939 re—

403 980 773 1051 demptionem
797 986 1143 1049 peccatorum
1168 974 1825 1046 tuorumziEleemosynis
1841 976 1984 1028 enim

404 1087 470 1127 ac
497 1073 601 1127 lide
624 1079 928 1141 purgantur
951 1081 1169 1141 peccata
1188 1070 1251 1123 ".
1267 1067 1474 1122 i“Non
1498 1067 1777 1122 dubitabis
1800 1065 1985 1137 largiri

405 1163 663 1235 pauperi;
706 1179 883 1231 neque
914 1163 1184 1233 largiens,
1230 1160 1603 1216 murmurabis
1635 1178 1649 1213 :
1683 1173 1985 1229 cognosces

405 1256 551 1309 enim
584 1254 711 1325 quis
742 1254 814 1309 sit
844 1254 938 1325 qui
970 1254 1275 1309 mercedem
1310 1251 1604 1308 retribuit:
1637 1250 1715 1305 ait
1743 1251 1981 1321 quippe:

410 1345 543 1412 «Qui
563 1346 855 1399 miseretur
874 1346 1152 1417 pauperis,
1172 1343 1406 1399 Domino
1424 1342 1662 1398 fenerat:
1683 1344 1982 1397 secundum

404 1446 585 1492 autem
620 1437 807 1492 datum
848 1438 1017 1504 illius,
1042 1438 1122 1493 sic
1148 1437 1481 1492 retribuetur
1500 1436 1550 1492 ei
1580 1436 1645 1491 “.
1687 1454 1704 1488 ι
1735 1434 1811 1491 Ne
1833 1451 1986 1489 aver-

406 1539 489 1586 tas
528 1539 583 1587 te
623 1532 692 1586 ab
730 1533 1052 1604 indigente:
1093 1548 1113 1583 ι
1154 1529 1260 1597 Qui
1293 1529 1518 1584 obturat
1546 1528 1691 1583 enim
1718 1569 1733 1593 ,
1774 1528 1981 1597 inquit,

402 1640 565 1679 aures
592 1641 745 1693 suas,
771 1642 838 1681 ne
868 1624 1057 1680 audiat
1082 1629 1357 1694 egentem,
1382 1628 1438 1675 et
1465 1619 1582 1689 ipse
1606 1618 1905 1683 invocabit,
1932 1627 1987 1672 et

403 1734 511 1773 non
525 1719 629 1773 erit
648 1718 1147 1789 quiexaudiateum
1162 1714 1229 1769 ".
1244 1731 1263 1766 ι
1280 1709 1781 1767 “Communicabis
1802 1711 1985 1762 omnia

2091 507 2189 577 μὲν
2218 504 2278 557 τὸ
2306 504 2492 557 λαϐεῖν
2524 503 2782 557 ἐκτείνων
2812 502 2909 571 τὴν
2938 502 3116 570 χεῖρα,
3148 496 3284 568 πρὸς
3310 494 3367 547 δὲ
3399 495 3464 547 τὺ
3493 493 3684 548 δοῦναι

2090 595 2416 650 συστέλλων.

2619 682 3014 741 ΚΕΦΑΔΑΙΟΝ
3051 681 3149 737 IB’.

2649 775 2792 844 Περὶ
2818 774 3108 838 εὐποιίας.

2169 870 2294 924 Ἐάν
2324 870 2471 941 ἔχῃς,
2501 868 2589 923 διὰ
2618 867 2726 921 τῶν
2756 865 2951 937 χειρῶν
2978 881 3071 916 σου
3096 861 3207 929 δὸς,
3233 862 3321 915 ἵνα
3350 859 3578 932 ἐργάσῃ
3608 861 3687 921 είς

2085 964 2354 1035 λύτρωσιν
2407 959 2693 1033 ἁμαρτιῶν
2736 973 2850 1010 σουο
2893 974 2911 1007 ι
2959 953 3378 1025 Ἐλεημοσύναις
3427 951 3544 1022 γὰρ
3593 950 3688 1003 καὶ

2086 1055 2334 1108 πίστεσιν
2380 1051 2845 1121 άποκαθαίρονται
2890 1045 3172 1119 ἁμαρτίαι.
3216 1062 3236 1096 s
3278 1044 3354 1097 Οὐ
3402 1042 3687 1103 διατάσεις

2085 1145 2269 1200 δοῦναι
2298 1143 2520 1214 πτωχῷ*
2555 1142 2677 1195 οὐδὲ
2718 1141 2895 1203 διδοὺς
2918 1178 2933 1201 ,
2980 1136 3268 1208 γογγύσεις
3287 1177 3303 1201 ,
3563 1133 3683 1203 γάρ

2083 1238 2168 1301 τίς
2193 1240 2339 1289 ἐστιν
2365 1237 2394 1288 ὁ
2425 1234 2521 1287 τοῦ
2553 1231 2746 1305 μισθοῦ
2774 1230 3157 1300 ἀνταποδότης.
3192 1247 3211 1279 ι
3254 1227 3313 1280 '0
3343 1226 3517 1279 ἐλεῶν
3547 1226 3683 1297 γὰρ,

2087 1328 2239 1399 φησι,
2271 1327 2517 1397 πτωχὸν,
2552 1323 2742 1395 Κυρίῳ
2768 1323 3022 1387 δανείζει·
3057 1321 3199 1374 κατὰ
3226 1320 3284 1374 δὲ
3311 1320 3372 1373 τὸ
3401 1321 3550 1390 δόμα
3579 1322 3681 1375 αὖ-

2085 1420 2181 1474 τοῦ
2206 1463 2218 1483 ,
2247 1419 2420 1483 οὕτως
2450 1416 2945 1487 ἀνταποδοθήσεται
2990 1412 3157 1485 αὐτῷ.
3198 1432 3218 1465 s
3252 1413 3367 1466 Ούκ
3395 1413 3659 1483 άποστρα

2087 1514 2234 1585 φήσῃ
2264 1511 2599 1581 ἐνδεόμενον.
2636 1528 2655 1561 ι
2698 1512 2796 1572 ὐς
2840 1508 3074 1580 φράσσει
3101 1505 3231 1577 γὰρ,
3263 1504 3428 1575 φησι,
3460 1504 3534 1557 τὰ
3563 1499 3680 1557 ὦτα

2086 1602 2253 1657 αὐτοῦ
2286 1603 2360 1674 μὴ
2394 1600 2713 1655 εἰσακοῦσαι
2743 1601 2854 1671 (55)
2884 1598 2980 1651 τοῦ
3025 1598 3279 1668 δεομένου
3304 1634 3320 1659 ,
3364 1598 3465 1649 καὶ
3512 1597 3680 1659 αὐτὸς

2088 1694 2491 1759 ὲπικαλὲσεται,
2524 1693 2617 1747 καὶ
2654 1692 2754 1744 οὐκ
2798 1690 2952 1744 ἔσται
2994 1690 3023 1742 ὀ
3069 1689 3367 1743 εἰσακούων
3415 1688 3613 1741 αὑτοῦ.
3655 1708 3675 1739 s

401 1822 527 1863 cum
558 1808 726 1865 fratre
751 1817 867 1872 tuo,
895 1818 951 1863 et
980 1822 1090 1863 non
1112 1806 1263 1861 dices
1282 1804 1503 1877 pr0pria
1531 1818 1655 1858 esse
1682 1820 1695 1856 :
1730 1816 1978 1856 commu-

2089 1787 2445 1858 Κοινωνήσεις
2473 1787 2554 1849 εἰς
2587 1784 2765 1838 πάντα
2795 1781 2874 1852 τῷ
2903 1780 3116 1851 άδελφῷ
3138 1797 3255 1846 σου,
3278 1780 3373 1833 καὶ
3395 1781 3499 1833 οὐκ
3530 1780 3681 1851 ἐρεῖς

404 1900 490 1955 nis
537 1901 683 1955 enim
732 1901 1082 1972 participatio
1126 1914 1157 1953 ο
1208 1896 1321 1953 Deo
1364 1896 1623 1953 omnibus
1664 1894 1980 1951 hominibus

404 2000 708 2064 praeparata
758 1992 881 2047 fuit.
911 1992 955 2023 "
981 1992 1102 2048 Non
1145 1991 1305 2046 tolles
1344 2006 1566 2045 manum
1596 1996 1750 2044 tuam
1794 2003 1825 2043 a
1869 1988 1981 2043 lilio

403 2091 518 2148 tuo,
555 2092 650 2139 aut
679 2100 707 2138 a
737 2084 845 2139 lilia
876 2093 1000 2153 tua;
1030 2084 1129 2141 sed
1155 2098 1185 2138 a
1210 2084 1499 2155 juventute
1529 2084 1666 2139 doce
1692 2098 1789 2138 eos
1816 2082 1979 2137 timo-

402 2192 517 2230 rem
546 2175 637 2233 Dei
666 2196 679 2231 :
712 2195 731 2230 ι
766 2178 989 2249 Castiga
1031 2177 1175 2233 enim
1196 2216 1213 2243 ,
1244 2176 1441 2248 inquit,
1470 2178 1639 2232 lilium
1668 2187 1821 2233 tuum
1848 2193 1864 2243 ;
1901 2176 1982 2232 sic

398 2268 544 2323 cuitu
572 2269 678 2325 erit
703 2270 800 2325 tibi
825 2271 986 2327 bona
1010 2270 1210 2342 spei".
1247 2290 1266 2324 ι

982 2422 1217 2481 CAPUT
1255 2424 1395 2483 Xlll.

402 2516 599 2582 Quales
629 2534 682 2571 se
711 2514 951 2593 exhibere
988 2516 1210 2593 debeant
1248 2520 1467 2590 famulis
1512 2520 1750 2593 domini;
1786 2531 1836 2576 et
1876 2538 1979 2593 quo

628 2588 781 2641 modo
812 2597 1049 2655 oporteat
1076 2588 1308 2658 famulos
1334 2605 1446 2645 esse
1479 2592 1763 2661 subjectos.

471 2763 517 2794 "
541 2760 713 2819 Servo
744 2772 843 2821 tuo
865 2774 959 2821 aut
981 2767 1213 2834 ancillae,
1243 2766 1297 2822 in
1328 2769 1580 2825 eumdem
1615 2770 1783 2827 Deum
1817 2770 1977 2829 ﬁdem

401 2869 465 2911 ac
495 2855 751 2913 ﬁduciam
785 2858 1137 2926 habentibus,
1164 2876 1275 2916 non
1304 2862 1604 2933 imperabis
1630 2865 1684 2918 in
1710 2866 1977 2920 amaritu-

399 2948 526 3004 dine
574 2950 797 3017 animas;
838 2968 904 3006 ne
954 2954 1096 3010 forte
1155 2953 1519 3025 ingemiscant
1563 2956 1827 3014 adversus
1880 2968 1973 3016 te:

392 3047 453 3094 et
488 3040 589 3095 tibi
636 3042 717 3097 ira
752 3057 784 3097 a
816 3042 928 3099 Deo
961 3045 1260 3102 incumbet.
1292 3045 1358 3101 Et
1381 3062 1503 3113 vos,
1538 3049 1705 3113 servi,
1738 3050 1974 3107 dominis

399 3133 598 3189 vestris
624 3175 640 3201 ,
685 3144 947 3207 tanquam
1003 3136 1176 3193 Deum
1223 3142 1748 3211 repmsentantibus
1799 3150 1976 3199 estote
2002 3149 2043 3206 C

400 3226 629 3296 subjecti
661 3244 787 3283 eum
812 3230 1137 3296 attentione,
1172 3233 1478 3289 reverentia
1524 3242 1580 3290 et
1608 3244 1754 3290 metu
1780 3253 1795 3304 ;
1828 3237 1973 3293 sicut

398 3317 651 3387 Domino,
679 3329 728 3377 et
766 3337 875 3377 non
900 3323 1235 3382 hominibus.

982 3417 1216 3474 CAPUT
1257 3418 1397 3477 XIV.

398 3502 473 3557 De
521 3504 827 3575 hypocrisi,
878 3520 929 3562 et
984 3511 1175 3634 legumb
1193 3510 1546 3580 observantia,
1588 3522 1641 3569 et
1684 3514 1973 3584 confessio-

1089 3599 1141 3634 ηι
1180 3598 1263 3634 us.

1089 3598 1263 3637 1110118.

471 3666 513 3696 ³⁸
539 3665 676 3723 Odio
712 3671 937 3729 habebis
968 3689 1185 3729 omnem
1226 3674 1591 3745 hypocrisim;
1625 3683 1680 3731 et
1708 3675 1973 3747 quidquid

401 3754 629 3814 Domino
658 3760 822 3817 fuerit
856 3766 1139 3834 placitum,
1172 3766 1363 3823 facies.
1395 3768 1446 3799 "
1468 3766 1546 3823 Ne
1566 3768 1790 3824 deseras
1820 3785 1974 3825 man-

395 3847 524 3905 data
554 3851 765 3909 Domini
796 3874 809 3910 :
842 3856 1087 3913 servabis
1129 3866 1312 3914 autem
1344 3874 1466 3929 quae
1491 3859 1754 3930 accepisti
1784 3860 1853 3915 ab
1881 3875 1968 3926 eo,

395 3957 574 4013 neque
602 3944 814 4002 addens
836 3949 891 4002 in
913 3950 1003 4013 iis,
1030 3965 1208 4020 neque
1235 3951 1304 4005 ab
1335 3951 1404 4006 iis
1433 3951 1768 4009 detrahens:
1800 3970 1819 4003 ι
1848 3951 1968 4009 Non

394 4034 563 4090 addes
607 4038 755 4092 enim
802 4041 983 4095 verbis
1018 4042 1193 4106 illius,
1226 4058 1294 4098 ne
1322 4052 1518 4115 arguat
1543 4052 1614 4111 te,
1653 4052 1709 4100 et
1735 4047 1968 4103 mendax

394 4124 493 4181 lias
509 4126 574 4182 ³⁸.
608 4147 626 4179 ι
680 4128 727 4161 ³⁸
749 4129 1115 4189 Conﬁteberis
1152 4133 1384 4191 Domino
1437 4135 1545 4190 Deo
1585 4149 1810 4208 peccata
1844 4147 1969 4207 tua;

391 4226 445 4272 et
494 4235 603 4275 non
652 4224 887 4293 amplius
944 4227 1170 4297 adjicies
1218 4228 1287 4283 ad
1335 4242 1434 4296 ea;
1478 4238 1539 4285 ut
1586 4230 1725 4287 bene
1756 4232 1827 4288 sit
1870 4233 1969 4287 tibi

392 4325 421 4361 a
456 4311 687 4368 Domino
705 4313 816 4371 Deo
842 4326 958 4381 tuo,
989 4318 1083 4389 qui
1119 4335 1227 4375 non
1257 4321 1373 4376 vult
1391 4330 1620 4379 mortem
1640 4325 1967 4395 peccatoris,

391 4401 487 4456 sed
510 4407 885 4474 paenitentiam
901 4411 967 4467 ³⁸.

985 4546 1221 4603 CAPUT
1262 4547 1380 4605 XV.

826 4638 905 4693 De
931 4641 1077 4694 cultu
1103 4658 1230 4711 erga
1257 4651 1519 4711 parentes.

462 4720 679 4780 Patrem
700 4734 854 4781 tuum
879 4739 935 4785 et
964 4740 1190 4785 matrem
1214 4731 1384 4795 coles,
1406 4739 1665 4802 tanquam
1690 4732 1786 4786 tibi
1809 4742 1963 4789 ortus

389 4822 667 4883 auctores,
708 4829 769 4874 ut
799 4820 898 4877 tias
942 4821 1220 4892 longaevus
1264 4836 1431 4892 super
1474 4832 1677 4878 terram
1701 4824 1766 4890 ³⁸,
1799 4841 1963 4895 quam

2083 1880 2190 1933 ῐδια
2221 1876 2376 1931 εἶναι’
2410 1876 2567 1946 κοινὴ
2596 1875 2706 1947 γὰρ
2747 1876 2781 1945 ή
2824 1872 3128 1945 μετάληψις
3156 1870 3308 1944 παρὰ
3332 1870 3474 1924 Θεοῦ
3508 1873 3681 1924 πᾶσιν

2079 1968 2385 2042 ἀνθρώποις
2431 1965 2880 2039 παρεσκευάσθη.
2922 1965 3035 2017 Ούκ
3072 1965 3226 2035 ἀρεῖς
3252 1963 3353 2034 τὴν
3382 1962 3551 2032 χεῖρά
3584 1978 3680 2014 σου

2079 2063 2187 2117 άπὸ
2216 2061 2311 2116 τοῦ
2337 2060 2455 2114 υἱοῦ
2492 2076 2609 2125 σου,
2632 2058 2666 2129 ἢ
2688 2056 2797 2112 άπὸ
2825 2056 2927 2126 τῆς
2958 2054 3230 2126 θυγατρός
3256 2069 3377 2106 σου’
3406 2053 3551 2106 άλλὰ
3571 2054 3680 2105 άπὸ

2079 2155 2329 2224 νεότητος
2354 2152 2466 2223 (56)
2511 2148 2743 2214 διδάξεις
2791 2148 2988 2210 αὐτοὺς
3035 2146 3128 2198 τὸν
3174 2143 3337 2213 φόϐον
3374 2142 3477 2196 τοῦ
3512 2143 3679 2197 Θεοῦ.

2083 2264 2103 2297 ι
2142 2245 2367 2298 Παίδευε
2412 2242 2542 2314 γὰρ,
2577 2241 2738 2311 φησὶ,
2769 2240 2862 2293 τὸν
2909 2238 3022 2291 υἱόν
3063 2253 3178 2289 σου·
3207 2235 3350 2290 οὕτω
3378 2236 3491 2307 γάρ
3520 2235 3681 2289 ἔσται

2081 2353 2164 2389 σοι
2193 2335 2429 2399 εὔελπις.
2475 2353 2495 2386 s

2606 2422 3000 2480 ΚΕΦΑΛΑΙΟΝ
3038 2421 3139 2474 1P.

2080 2521 2281 2586 Ὅπως
2340 2517 2434 2572 δεῖ
2491 2515 2940 2586 προσφέρεσθαι
3008 2513 3133 2586 τοῖς
3197 2510 3459 2586 οἰκέταις
3497 2580 3509 2586 _
3533 2511 3681 2586 τοὺς

2147 2580 2412 2712 κιὲρῖους·
2449 2580 2549 2641 καί
2586 2580 2748 2652 ὅπως
2775 2585 2892 2654 χρὴ
2925 2582 3379 2639 ὑποτάσσεσθαι
3412 2580 3567 2647 τοὺς
3596 2585 3683 2634 οι-

2150 2677 2187 2712 κ
2226 2676 2351 2725 τας.

2147 2751 2262 2803 υύκ
2293 2748 2568 2813 ἐπιτάξεις
2597 2747 2770 2818 δούλῳ
2808 2763 2902 2798 σου
2932 2745 2965 2815 ἢ
2996 2743 3278 2814 παιδίσκῃ,
3312 2744 3431 2805 τοῖς
3456 2742 3558 2795 ἐπὶ
3584 2742 3677 2795 τὸν

2078 2840 2238 2895 αὑτὸν
2261 2840 2392 2894 Θεὸν
2420 2839 2757 2901 πεποιθόσιν,
2780 2839 2839 2891 ὲν
2872 2837 3066 2909 πικρίᾳ
3092 2836 3290 2906 ψυχῆς·
3317 2835 3533 2905 μήποτε
3565 2852 3680 2887 στε-

2076 2932 2309 3000 νάξωσιν
2350 2932 2447 2985 ἐπὶ
2490 2932 2591 2997 σοὶ,
2623 2931 2717 2985 καὶ
2748 2930 2898 2983 ἔσται
2923 2946 3005 2982 σοι
3035 2929 3171 3000 ὀργὴ
3203 2926 3353 2998 παρὰ
3380 2926 3548 2979 Θεοῦ’
3582 2929 3677 2982 καὶ

2078 3024 2235 3095 ὑμεῖς
2263 3024 2313 3077 οἱ
2339 3023 2513 3078 δοῦλοι
2554 3022 2861 3093 ὑποτάγητε
2888 3024 2999 3084 τοῖς
3024 3021 3234 3090 κυρίοις
3258 3018 3437 3089 ὑμῶν,
3468 3020 3549 3083 ὣς
3578 3020 3669 3071 τύ-

2078 3132 2203 3179 ποις
2228 3114 2387 3177 Θεοῦ,
2421 3116 2479 3168 ev
2505 3117 2747 3186 προσοχῇ
2779 3114 2892 3185 (37)
2920 3112 3015 3167 καὶ
3040 3110 3209 3181 φόϐῳ,
3240 3110 3317 3173 ὡς
3341 3108 3427 3181 τῷ
3456 3110 3676 3182 Κυρίῳ,

2076 3208 2171 3261 καὶ
2192 3207 2292 3261 οὐκ
2327 3206 2659 3280 ἀνθρώποις.

2608 3380 3004 3437 ΚΕΦΑΛΔΙΟΝ
3038 3381 3133 3433 IA'.

2074 3474 2214 3544 Περὶ
2238 3475 2639 3544 ὑποκρίσεως,
2678 3474 2776 3528 καὶ
2804 3470 3116 3544 προσοχῆς
3142 3471 3363 3540 νόμων,
3398 3469 3500 3523 καὶ
3536 3468 3674 3535 ἐξο-

2624 3543 3022 3613 μολογήσεων
3046 3543 3111 3597 ³⁸.

2141 3637 2410 3707 Μισήσεις
2428 3637 2606 3690 πᾶσαν
2627 3636 2935 3707 ὑπόκρισιν
2961 3634 3055 3687 καὶ
3074 3634 3181 3687 πᾶν
3203 3631 3230 3684 ὃ
3251 3630 3347 3684 ἐὰν
3436 3631 3667 3701 ἀρεστὸν

2072 3728 2281 3799 Κυρίῳ,
2309 3730 2574 3799 ποιήσειςο
2599 3728 2661 3781 οὐ
2686 3728 2760 3799 μή
2788 3726 3161 3797 ὲγκαταλίπῃς
3182 3722 3404 3785 ἐντολάς
3431 3724 3662 3793 Κυρίοψ

2072 3821 2325 3891 φυλάξεις
2346 3822 2403 3875 δὲ
2432 3821 2467 3875 ἃ
2492 3820 2799 3895 παρέλαϐες
2820 3821 2953 3891 παρ’
2973 3817 3157 3882 αὐτοῦ,
3186 3817 3321 3888 μήτε
3347 3815 3663 3887 προστιθεὶς

2071 3915 2158 3967 ἐπ’
2190 3915 2403 3980 αὐτοῖς,
2438 3914 2573 3985 μήτε
2611 3913 2859 3985 ἀφαιρῶν
2888 3913 2983 3965 ἀπ’
3014 3909 3212 3963 αὐτῶν
3251 3926 3269 3958 ι
3310 3908 3386 3960 Οὐ
3417 3907 3665 3979 προσθή-

2072 4021 2186 4069 σεις
2217 4005 2325 4077 γάρ
2360 4009 2473 4069 τοῖς
2500 4004 2679 4073 λόγοις
2718 4003 2906 4069 αὑτοῦ,
2945 4004 3031 4056 ἵνα
3083 4002 3157 4073 μὴ
3197 3998 3389 4069 ἐλέγξῃ
3425 4016 3519 4061 σε,
3569 3999 3663 4050 καὶ

2068 4097 2268 4169 ψευδὴς
2296 4098 2449 4169 γένῃ.
2494 4116 2512 4149 ι
2546 4095 2945 4167 Ἐξομολογήσῃ
2983 4093 3173 4164 Κυρίῳ
3200 4089 3279 4160 τῷ
3306 4088 3428 4159 Θεῷ
3463 4106 3559 4141 σου
3593 4089 3662 4141 τὰ

2069 4189 2437 4262 ἁμαρτήματά
2468 4205 2584 4243 σουο
2619 4189 2713 4241 καὶ
2755 4187 2938 4241 οὐκέτι
2986 4183 3310 4257 προσθήσεις
3336 4182 3424 4233 ἐπ’
3454 4181 3657 4242 αὐτοῖς·

2070 4281 2155 4335 ῐνα
2182 4277 2241 4334 εὖ
2283 4296 2366 4333 σοι
2411 4279 2635 4350 γένηται
2678 4276 2829 4349 παρὰ
2872 4277 3061 4348 Κυρίῳ
3089 4273 3169 4345 τῷ
3199 4273 3319 4343 Θεῷ
3352 4289 3473 4338 σου,
3507 4274 3568 4336 ὃς
3597 4273 3659 4325 ού

2070 4372 2319 4443 βούλεται
2361 4372 2455 4425 τὸν
2482 4370 2713 4425 θάνατον
2737 4369 2834 4423 τοῦ
2866 4364 3215 4442 ἁμαρτωλοῦ,
3248 4364 3386 4417 ἀλλὰ
3412 4364 3517 4435 τὴν
3559 4382 3659 4437 με-

2071 4464 2313 4517 τάνοιαν.

2595 4552 2991 4607 ΚΕΦΑΛΑῙΟΝ
3028 4551 3129 4604 ΙΕ’.

2330 4645 2471 4715 Περὶ
2499 4644 2609 4713 τῆς
2637 4645 2787 4713 πρὸς
2815 4642 3029 4713 γονέας
3056 4640 3392 4710 θεραπείας.

2136 4738 2239 4793 Τὸν
2267 4738 2476 4809 πατέρα
2508 4754 2599 4789 σου
2632 4738 2726 4790 καὶ
2759 4736 2860 4806 τὴν
2909 4733 3119 4805 μητέρα
3160 4730 3551 4804 θεραπεύσεις,
3582 4733 3659 4795 ὡς

2067 4830 2273 4892 αἰτίους
2299 4845 2381 4881 σοι
2410 4827 2698 4897 γενέσεως,
2725 4827 2815 4880 ἶνα
2840 4826 2971 4898 γένῃ
3009 4824 3405 4897 μακροχρόνιος
3434 4826 3529 4878 ἐπὶ
3558 4827 3660 4896 τῆς

390 4903 657 4965 Dominus
682 4909 828 4968 Deus
852 4922 980 4969 tuus
1010 4914 1103 4969 dat
1132 4914 1251 4969 tibi.
1285 4916 1328 4946 π
1346 4913 1566 4972 Fratres
1609 4924 1737 4972 tuos
1767 4925 1823 4973 et
1863 4932 1961 4973 co-
1996 4916 2000 4970 J

2089 4920 2191 4991 τῆς.
2216 4916 2283 4992 ἧς
2314 4919 2516 4992 Κύριος
2547 4921 2576 4973 ό
2602 4919 2736 4982 Θεὸς
2764 4935 2857 4972 σου
2876 4917 3061 4972 δίδωσί
3093 4932 3197 4970 σοι.
3223 4917 3364 4981 Τοὺς
3385 4916 3657 4987 ἀδελφούς

461 5068 857 5143 ¹⁹ι1ξιιὶιηχιικ
892 5072 980 5129 51,
1059 5077 1105 5108 ¹⁰
1127 5074 1295 5129 Eccli.
1324 5092 1400 5139 IV,
1432 5075 1523 5131 36.
1592 5075 1825 5132 “Barn.
1865 5094 1976 5132 χιι.
2053 5078 2098 5110 ¹¹
2122 5075 2288 5133 Prov.
2339 5094 2427 5139 xv,
2479 5076 2583 5143 27;
2625 5092 2743 5138 xw,
2776 5074 2831 5130 6.
2908 5076 2954 5107 "
2984 5073 3149 5129 Barn.
3206 5091 3323 5130 xu.
3400 5075 3451 5109 "
3483 5075 3651 5131 Prov.

389 5156 505 5201 xu,
546 5140 635 5195 17.
713 5142 758 5173 ⁸³
783 5143 946 5197 Prov.
974 5162 1088 5208 nl,
1142 5147 1228 5201 15.
1306 5147 1351 5177 ⁸⁸
1407 5146 1569 5201 Barn.
1626 5164 1741 5203 xu.

388 5209 439 5242 ⁸⁸
464 5210 502 5264 Γ.
523 5210 980 5285 ἐξομολογήσεως.
1010 5215 1105 5285 _Sic
1135 5216 1259 5272 cod.
1290 5214 1451 5271 Vind.

387 5229 813 5351 ;vi;.f‘§§?‘§§?

1815 5148 1863 5180 ’τ
1897 5147 2037 5202 Ibid.
2108 5148 2154 5179 "
2187 5147 2350 5203 Prov.
2406 5164 2519 5209 xix,
2565 5147 2653 5202 18.
2729 5146 2775 5178 ²⁹
2808 5145 3046 5200 Barnab.
3098 5161 3223 5211 xu;
3273 5146 3471 5202 Anast.
3516 5148 3650 5201 ibid.

1565 5217 1609 5249 ⁸²
1633 5217 1797 5273 Barn.
1838 5234 1989 5272 xxix.

2090 5218 2115 5250 ³
2143 5217 2279 5272 Ibid.
2356 5218 2401 5249 ³⁸
2423 5217 2584 5273 Prov.
2606 5233 2737 5282 xxx,
2763 5215 2818 5271 6.
2892 5214 2943 5248 “
2973 5214 3139 5270 Barn.
3166 5230 3288 5272 ιιι.
3362 5216 3415 5248 ³⁸
3448 5215 3650 5273 Ezech.

859 5291 915 5340 et
939 5283 1156 5357 ll_Petr.
1188 5301 1270 5351 ιιι,
1296 5285 1351 5341 9.
1430 5285 1475 5319 ⁸⁸
1504 5286 1676 5344 Exod.
1709 5304 1805 5354 xx,
1834 5287 1923 5344 12.
1998 5308 2000 5317 λ

2089 5287 2413 5354 lnastasius,
2430 5288 2622 5346 eodem
2650 5288 2707 5343 in
2732 5287 2875 5343 loco.

1736 5462 2106 5541 “morini:
2132 5483 2364 5542 Nom.

397 5643 978 5771 ιιεδιέἇθέἷοπιστε.
1000 5646 1419 5720 Μιὸλιγὸψυχε.
1442 5647 1599 5704 Male.
1617 5645 1753 5705 Vide
1787 5642 1979 5701 Matth.

468 5778 582 5853 {35)
611 5785 1000 5844 Εἰσακοῦσαι.
1041 5787 1377 5860 Ἐνακοῦσαι,
1411 5802 1512 5845 ms.
1546 5786 1709 5843 Vind.
1736 5785 1811 5843 In.

2143 5648 2257 5718 (se)
2280 5649 2592 5717 Νεότητος.
2619 5648 2784 5718 Addit
2809 5612 2926 5706 ms.
2948 5648 3112 5705 Vind.
3144 5649 3348 5706 αὐτῶν.
3370 5650 3452 5708 In.

2131 5719 2254 5801 .(37)
2277 5717 2788 5801 ppoo'ozﬁ.hVi‘nd.
2823 5720 2947 5778 cod.
2976 5719 3229 5793 αἰσχύνῃ.
3266 5719 3513 5794 Utraque
3544 5738 3637 5780 ro:

2068 5790 2146 5845 rei
2177 5790 2345 5862 probe
2371 5790 2646 5846 convenit.
2680 5790 2778 5845 αι..
