3886 6190
229 332 376 391 1009

1107 333 1708 395 CONSTITUTIONES
1746 339 2226 397 APOSTOLICE.
2261 370 2332 382 -—
2362 337 2494 393 LIB.
2533 337 2642 393 Vll.

3368 341 3506 396 1610

228 469 323 506 σου
356 449 453 502 καὶ
479 448 606 512 τοὺς
629 449 912 518 συγγενεῖς
942 465 1037 502 σου
1068 449 1143 519 μὴ
1163 449 1446 522 ὑπερίδῃςο
1489 470 1507 502 ι
1541 454 1682 517 Τοὺς
1710 453 1819 526 γὰρ

1936 460 2118 522 gnatos
2148 459 2273 507 tuos
2299 466 2368 507 ne
2389 451 2702 522 despicias:
2732 468 2752 502 ι
2792 449 3137 507 Domesticos
3163 452 3308 507 enim
3340 456 3509 508 serui-

221 543 461 607 υίκείους
487 539 582 595 τοῦ
610 542 928 614 σπέρματός
958 557 1053 594 σου
1085 541 1184 612 οὐχ
1214 541 1497 614 ὑπερόψει.
1542 563 1560 596 ι

752 655 1148 709 ΚΕΦΑΛΑΙΟΝ
1185 656 1298 722 ις’.

222 749 368 819 Περί
403 749 514 818 τῆς
544 750 693 817 πρὸς
713 748 982 813 βασιλέα
1027 746 1126 802 καί
1162 747 1460 816 ἄρχοντας
1489 749 1817 819 ὑποταγῆς.

296 845 400 898 Τὸν
434 842 659 913 βασιλέα
685 840 992 912 φοϐηθὴσῃ,
1024 840 1180 905 εἰδὼς
1209 841 1292 893 ὅτι
1323 840 1418 894 τοῦ
1442 842 1647 914 Κυρίου
1673 843 1823 898 ἐστὶν

222 941 256 1008 ἡ
294 936 616 1008 χειροτονίαο
649 935 777 997 τοὺς
805 935 1074 1005 ἄρχοντας
1103 933 1270 986 αὑτοῦ
1299 935 1574 1006 τιμήσεις,
1606 934 1683 999 ὡς
1710 934 1821 988 λει-

221 1033 493 1103 τουργοὺς
523 1028 680 1083 Θεοῦ’
718 1028 924 1081 ἔκδικοι
970 1029 1078 1098 γάρ
1121 1029 1226 1082 είσι
1260 1025 1442 1100 πάσης
1472 1027 1705 1091 ἀδικίας”
1738 1022 1822 1091 οἷς

221 1126 524 1180 ἀποτίσατε
552 1125 724 1189 τέλος,
758 1123 943 1194 φόρον,
970 1124 1064 1175 καὶ
1095 1124 1278 1176 πᾶσαν
1307 1121 1589 1193 εἰσφορὰν,
1616 1123 1820 1191 εὐγνω-

223 1218 429 1290 μόνως.

760 1331 1158 1387 ΚΕΦΑΛᾹΙΟΝ
1187 1333 1284 1385 ιΖο.

277 1448 420 1516 Περί
449 1447 711 1516 καθαροῦ
738 1445 1092 1512 συνειδότος
1113 1443 1230 1499 τῶν
1257 1445 1781 1513 προσευχομένωγ.

299 1543 376 1596 Οὐ
405 1541 745 1614 προσελεύσῃ
778 1541 873 1594 ἐπὶ
901 1541 1214 1613 προσευχήν
1244 1556 1360 1602 σου,
1413 1540 1472 1590 ὲν
1511 1537 1697 1609 ἡμέρᾳ
1724 1555 1820 1590 πο-

223 1636 425 1708 νηρίας
458 1653 582 1701 σου,
615 1636 747 1706 πρὶν
787 1633 855 1688 ἂν
903 1634 1073 1705 λύσῃς
1116 1634 1215 1705 τὴν
1243 1633 1471 1704 πικρίαν
1508 1648 1623 1684 σου.
1669 1630 1817 1701 Αὕτη

220 1729 375 1781 ἐστὶν
404 1730 437 1799 ή
468 1728 587 1791 ὁδὸς
611 1728 712 1798 τῆς
746 1727 912 1798 ζωῆς.
937 1720 1047 1790 Ἦς
1073 1727 1281 1795 γένοιτο
1309 1725 1458 1789 ἐντὸς
1490 1725 1635 1796 ὑμᾶς
1665 1726 1819 1795 εὑρε-

221 1819 413 1892 θῆναι,
441 1821 531 1875 διὰ
556 1820 734 1892 Ἰησοῦ
763 1819 1002 1893 Χριστοῦ
1032 1819 1128 1874 τοῦ
1155 1819 1362 1890 Κυρίου
1389 1819 1566 1890 ἡμῶν.

756 2001 1152 2055 ΚΕΦΑΛΑΙΟΝ
1183 2001 1288 2054 IH'.

223 2114 362 2187 Ὀτι
453 2112 521 2187 ἐξ
548 2113 1005 2187 ἐπιϐουλῆς-τοῦ
1031 2115 1358 2182 ἀλλοτρίου
1387 2117 1820 2187 ἐπεισαχθεῖσα

299 2183 458 2250 ὁδὸς,
491 2184 770 2250 ἀσεϐείας
801 2185 899 2237 καὶ
931 2187 1304 2255 παρανομίας
1334 2183 1732 2257 πεπλήρωται.

311 2296 374 2350 Ἦ
394 2297 449 2350 δὲ
471 2297 587 2361 ὁδὸς
615 2295 709 2350 τοῦ
741 2295 972 2351 θανάτου
999 2297 1145 2351 ἐστὶν
1176 2299 1232 2352 ἐν
1262 2299 1526 2372 πράξεσιν
1556 2307 1822 2375 πονηραῖς

221 2386 598 2459 θεωρουμένη·
619 2389 675 2441 ὲν
696 2387 832 2459 αὑτῇ
855 2389 963 2460 γάρ
984 2389 1173 2458 ἄγνοια
1193 2391 1350 2454 Θεοῦ,
1365 2393 1457 2446 καὶ
1477 2393 1684 2447 πολλῶν
1706 2397 1819 2468 (58)

221 2481 412 2535 κακῶν
434 2482 528 2534 καὶ
550 2480 718 2534 θολῶν
746 2481 842 2535 καλ⁴
869 2482 1124 2554 ταραχῶν
1152 2483 1524 2558 ὲπεισαγωγίγ
1555 2480 1713 2540 δι’ὦν
1736 2489 1822 2557 φό-

221 2575 1467 2647 νοι,μοιχεῖαι,πορνεῖαι,ὲπιορκίαι,ἐπιθυμίαι
1489 2579 1818 2651 παράνομοι,

222 2666 446 2729 κλοπαὶ,
477 2665 934 2737 είδωλολατρεῖαι,
970 2669 1214 2736 μαγεῖαι,
1245 2673 1606 2740 φαρμακεῖαι,
1639 2672 1819 2743 ἁρπα-

221 2758 340 2826 γαὶ,
361 2757 852 2830 ψευδομαρτυρίαι,
867 2757 1209 2829 ὑποκρίσεις,
1231 2759 1631 2834 διπλοκαρδίαι,
1646 2764 1816 2828 δόλος,

221 2849 599 2922 ὑπερηφανία,
644 2850 834 2916 κακία,
873 2850 1153 2914 αὐθάδεια,
1194 2851 1494 2920 πλεονεξία,
1535 2856 1820 2927 αἰσχρολο-

221 2943 341 3012 γία,
368 2942 687 3014 ζηλοτυπία,
721 2943 1018 3015 θρασύτης,
1042 2943 1481 3016 ὑψηλοφροσύνη,
1511 2947 1817 3016 ἀλαζονεία,

221 3035 460 3103 ἀφοϐία,
495 3035 734 3106 διωγμὸς
775 3035 1027 3104 ἀγαθῶν,
1070 3035 1332 3106 ἀληθείας
1362 3037 1562 3111 ἔχθρα,
1592 3039 1821 3110 ψευδους

1926 543 2010 598 nis
2035 543 2112 598 tui
2139 559 2207 598 ne
2233 543 2550 614 despexeris
2571 543 2640 598 ³⁸.
2675 555 2698 591 ι

2512 654 2743 712 CAPUT
2783 653 2921 710 XVI.

2081 748 2158 803 De
2190 749 2513 819 subjectione
2540 767 2667 820 erga
2695 765 2864 820 regem
2895 759 2944 802 et
2977 750 3342 819 magistratus.

1997 841 2198 914 Regem
2239 843 2538 906 vereberis,
2572 842 2758 898 sciens
2794 857 2824 894 a
2865 840 3097 894 Domino
3128 857 3250 896 esse
3285 842 3507 896 electio-

1925 949 2080 1000 nem;
2108 935 2461 1006 magistratus
2492 935 2612 1005 ejus
2635 932 2952 996 honorabis,
2983 945 3041 986 ιιι
3063 934 3350 987 ministros
3382 932 3502 987 Dei:

1925 1026 2167 1081 vindices
2195 1026 2342 1081 enim
2376 1034 2506 1082 sunt
2553 1030 2734 1081 omnis
2778 1025 3051 1094 injuriae"
3079 1045 3091 1079 :
3121 1026 3323 1096 quibus
3355 1037 3510 1096 grato

1924 1120 2106 1172 animo
2133 1119 2400 1174 exsolvite
2431 1119 2684 1189 vectigal,
2717 1118 3009 1181 tributum,
3043 1132 3370 1188 omnemque
3397 1119 3511 1172 col-

1923 1208 2202 1265 lationem.

2489 1323 2720 1380 CAPUT
2768 1324 2934 1379 XVII.

2192 1416 2268 1472 De
2297 1418 2498 1472 munda
2528 1418 2849 1472 conscientia
2878 1417 3222 1487 precantium.

1993 1533 2039 1564 δ’
2064 1531 2184 1586 Non
2211 1532 2442 1589 accedas
2483 1533 2550 1587 ad
2595 1532 2967 1602 precationem
2997 1539 3170 1596 tuam,
3203 1533 3258 1586 in
3291 1531 3378 1588 die
3405 1533 3507 1586 im-

1922 1626 2215 1696 probitatis
2245 1633 2370 1688 tum,
2406 1626 2727 1696 priusquam
2764 1625 3186 1680 amaritudinem
3222 1632 3372 1678 tuam
3412 1626 3507 1678 de-

1923 1734 2118 1788 ponas.
2165 1715 2291 1772 Haec
2338 1725 2424 1772 est
2463 1718 2550 1772 via
2596 1719 2750 1784 vitae;
2785 1717 2926 1771 intra
2959 1733 3123 1787 quam
3155 1733 3254 1772 vos
3295 1715 3505 1770 utinam

1851 1821 1893 1877 Β
1924 1809 2315 1873 inveniamini,
2368 1825 2465 1880 per
2511 1807 2700 1865 Jcsum
2746 1811 3027 1866 Christum
3068 1809 3358 1864 Dominum
3408 1825 3507 1864 no-

1924 1909 2122 1958 strum.

2480 1993 2713 2050 CAPUT
2753 1994 2939 2050 XVIII.

1985 2109 2139 2177 Quod
2170 2111 2254 2165 via
2284 2127 2400 2180 qua:
2421 2125 2486 2163 ea:
2517 2110 2724 2163 insidiis
2749 2109 3044 2163 adversarii
3076 2111 3284 2165 adsctta
3317 2112 3441 2180 fuit,

2226 2183 2494 2251 impietate
2527 2197 2590 2234 ac
2621 2182 2897 2245 iniquitate
2925 2183 2993 2234 sit
3021 2181 3196 2248 plena.

1994 2295 2036 2326 ⁶¹
2065 2293 2134 2348 At
2160 2295 2244 2349 via
2279 2296 2472 2349 mortis
2499 2295 2552 2349 in
2581 2295 2767 2366 pravis
2796 2293 3108 2349 actionibus
3132 2295 3380 2348 cernitur
3409 2315 3422 2349 :
3451 2297 3504 2350 in

1922 2402 1984 2441 ea
2011 2387 2154 2441 enim
2183 2397 2268 2442 est
2299 2388 2572 2458 ignoratio
2608 2386 2733 2455 Dei;
2764 2395 2818 2442 et
2850 2387 3184 2442 introductio
3208 2389 3504 2443 multorum

1922 2479 2226 2544 malorum,
2259 2480 2547 2534 turbinum
2581 2495 2645 2534 ac
2686 2480 3022 2534 tumultuum
3063 2498 3077 2533 :
3122 2480 3266 2534 unde
3304 2481 3502 2544 caedes.

1923 2571 2213 2639 adutteria,
2238 2573 2624 2638 scortationes,
2649 2572 2913 2644 perjuria,
2933 2573 3258 2643 cupiditates
3283 2574 3503 2644 iniquae,

1926 2661 2094 2728 furta,
2129 2665 2484 2730 idololatriae,
2519 2666 2732 2736 magiae,
2767 2665 3077 2735 priestigiie,
3105 2665 3331 2734 rapinae,
3368 2665 3506 2721 falsa

1923 2757 2264 2823 testimonia,
2295 2758 2699 2822 simulationes,
2725 2759 2892 2812 corda
2924 2757 3184 2827 duplicia,
3211 2758 3390 2822 dolus,
3411 2775 3506 2813 su-

1923 2850 2151 2920 perbia,
2185 2851 2417 2914 malitia,
2461 2851 2796 2922 pervicacia,
2846 2849 3012 2905 alieni
3048 2850 3306 2916 aviditas,
3338 2849 3508 2919 lurpi~

1923 2943 2194 3013 loquium,
2227 2943 2520 3015 zelotypia,
2544 2943 2757 3008 feritas,
2782 2943 2946 2997 elatio
2977 2944 3196 3006 mentis,
3224 2943 3502 3012 superbia,

1923 3037 2137 3091 timoris
2161 3036 2431 3101 vacuitas,
2456 3037 2727 3093 bonorum
2757 3037 2996 3100 vexatio,
3021 3036 3269 3090 veritatis
3295 3035 3502 3101 odium,

220 3127 441 3198 ἀγάπη,
465 3128 656 3195 ἄγνοια
683 3127 1048 3198 δικαιοσύνης.
1085 3129 1149 3181 Οί
1169 3128 1278 3201 γάρ
1298 3131 1502 3184 τούτων
1520 3134 1739 3202 ποιηταὶ
1752 3133 1818 3196 ιι,

1936 3128 2199 3184 mendacii
2231 3144 2408 3194 amor,
2440 3129 2752 3201 ignorantia
2778 3128 3029 3198 justitiae.
3065 3127 3270 3182 florum
3301 3129 3508 3198 quippe

221 3221 286 3271 οὐ
319 3219 617 3273 κολλῶνται
645 3219 856 3289 ἀγαθῷ,
891 3221 1014 3273 οὐδὲ
1043 3221 1224 3292 κρίσει
1259 3221 1474 3294 δικαίῳ·
1511 3225 1821 3296 ἀγρυπνοῦ-

226 3328 336 3374 σιν,
394 3313 497 3365 οὑκ
537 3313 619 3376 είς
667 3311 742 3365 τὸ·
765 3312 1001 3381 ἀγαθὸν,
1047 3313 1160 3366 ἀλλ’
1209 3315 1290 3378 εἰς
1335 3315 1395 3368 τδ
1438 3317 1697 3388 πονηρόν·
1744 3312 1820 3372 ὧν

230 3403 454 3476 μακρὰν
499 3404 747 3477 πραότης
782 3405 878 3459 καὶ
917 3405 1186 3476 ὑπομονήο
1227 3407 1433 3477 μάταια
1464 3410 1818 3478 ἀγαπῶντες,

223 3495 914 3567 διώκοντεςῑάνταπόδομα,
939 3500 1042 3553 οὐκ
1070 3500 1346 3564 ἐλεοῦντες
1377 3503 1614 3573 πτωχὸν,
1637 3504 1698 3557 οὐ
1727 3521 1822 3556 πο-

224 3586 448 3652 νοῦντες
505 3591 598 3643 ἐπὶ
656 3592 1116 3664 καταπονουμένῳ
1137 3633 1151 3657 ,
1205 3594 1268 3648 οὐ
1314 3593 1675 3662 γινώσκοντες
1729 3597 1822 3651 τὸν

226 3681 532 3752 ποιήσαντα
557 3683 771 3750 αὐτοὺς,
797 3688 976 3753 φονεῖς
996 3685 1222 3750 τέκνων,
1257 3687 1476 3760 φθορεῐς
1504 3689 1823 3761 πλάσματος

225 3772 390 3838 Θεοῦ,
408 3774 874 3846 ἀποστρεφόμενοι
897 3777 1226 3849 ἐνδεόμενον,
1250 3780 1684 3845 καταπονοῦντες
1707 3781 1820 3852 (39)

227 3864 580 3935 θλιϐόμενον,
632 3866 904 3922 πλουσίων
939 3870 1309 3940 παράκλητοι,
1362 3873 1609 3943 πενήτων
1657 3873 1822 3944 ὑπερ-

225 3957 414 4024 όπται,
445 3957 916 4032 πανθαμάρτητοι.
982 3962 1317 4035 Ῥυσθείητε,
1348 3965 1534 4029 τέκνα,
1563 3964 1671 4018 ἀπὸ
1699 3964 1822 4018 τού-

227 4067 340 4103 των
370 4050 649 4106 ἁπάντων.

762 4253 1158 4308 ΚΕΦΑΛΑῙΟΝ
1192 4254 1291 4308 ῘΘ.

289 4362 420 4416 Ὀτι
447 4362 534 4433 μὴ
560 4365 687 4453 ⁹χρὴ
721 4363 831 4431 τῆς
861 4366 1172 4447 εὐσεϐείας
1203 4365 1512 4423 ἐκκλίνειν
1543 4369 1714 4435 δεξιὰ
1746 4370 1784 4440 ἢ

512 4450 825 4505 ευωνυμα,
860 4452 1134 4504 παραινει
1165 4440 1198 4492 ό
1228 4439 1575 4507 νομοθέτης.

810 4473 825 4499 9
860 4473 1134 4499 viaque-0'09
1165 4473 1197 4492 υ
1232 4473 1575 4499 ιυμυυσιιιςο

309 4545 451 4616 Ὅρα
481 4547 554 4616 μή
579 4545 662 4610 τίς
692 4564 752 4600 σε
783 4547 1032 4620 πλανήσῃ
1063 4547 1171 4601 ἀπὸ
1197 4549 1298 4619 τῆς
1327 4550 1626 4616 εὐσεϐείαςο
1665 4571 1684 4604 ι
1705 4553 1821 4607 Οὐκ

226 4635 488 4706 ἐκκλίνῃς
531 4637 678 4708 γὰρ,
731 4639 930 4710 φησὶν,
971 4639 1066 4692 ἀπ’
1117 4640 1290 4710 αὐτῆς
1332 4640 1487 4707 δεξιά
1531 4643 1565 4714 ἢ
1614 4642 1819 4696 εὐώνυ-

231 4744 314 4797 μα
361 4727 493 4798 (40)’
525 4747 544 4780 ι
590 4730 679 4783 ἵνα
706 4732 873 4801 συνῇς
902 4732 960 4783 ὲν
995 4732 1162 4784 πᾶσιν
1191 4726 1272 4795 οἷς
1308 4732 1403 4786 ὲάν
1439 4734 1719 4806 πράσσῃς,
1757 4736 1818 4788 οὐ

228 4820 341 4891 γάρ
388 4820 482 4874 ὲάν
529 4821 639 4893 (41)
691 4822 767 4895 μὴ
821 4824 1106 4894 ὲκτραπῇς
1151 4823 1255 4890 ἔξω
1283 4825 1383 4895 τῆς
1410 4826 1626 4888 εὐθείας
1653 4827 1775 4881 ὁδοῦ
1801 4870 1816 4895 ,

225 4911 606 4986 δυσσεὸήσεις.

1926 3219 2165 3276 factores
2192 3229 2246 3275 et
2271 3220 2638 3285 alfectatores,
2672 3236 2783 3275 non
2811 3221 3092 3276 adhaerent
3125 3221 3289 3282 bono.
3330 3239 3508 3292 neque

1919 3311 2072 3382 justo
2110 3312 2355 3382 judicio;
2397 3313 2655 3384 vigilant,
2686 3314 2887 3369 nonad
2920 3315 3245 3378 bonum,sed
3279 3315 3346 3368 ad
3392 3331 3509 3369 ma-

1925 3406 2036 3460 lum
2065 3423 2078 3461 :
2108 3420 2137 3458 a
2167 3406 2369 3476 quibus
2403 3407 2562 3478 longe
2600 3415 2687 3462 est
2723 3406 3090 3462 mansuetudo
3117 3416 3172 3462 et
3204 3409 3502 3478 patientia:

1923 3513 2062 3552 vana
2095 3496 2406 3569 diligentes,
2438 3506 2825 3555 consectantes
2849 3501 3370 3568 remunerationem,
3395 3517 3507 3555 non

1923 3590 2253 3646 miserantes
2284 3606 2600 3662 pauperem,
2631 3607 2742 3646 non
2775 3591 3024 3647 dolentes
3045 3592 3112 3647 de
3147 3594 3367 3652 atllicto,
3394 3610 3506 3648 non

1924 3689 2286 3752 agnoscentes
2316 3690 2620 3739 creatorem
2651 3698 2836 3749 suum,
2871 3684 3254 3741 interfectores
3299 3685 3504 3740 libero-

1923 3789 2070 3838 rum,
2117 3789 2214 3844 per
2251 3774 2569 3847 embryonis
2597 3777 2798 3832 caedem
2841 3788 3194 3848 corruptores
3223 3778 3506 3848 plasmatis

1925 3863 2052 3931 Dei,
2099 3876 2422 3924 aversantes
2464 3884 2732 3940 egenum,
2789 3870 3164 3940 opprimentes
3219 3871 3503 3926 calamito-

1924 3975 2079 4024 sum,
2113 3961 2348 4016 divitum
2397 3961 2680 4028 advocati,
2727 3977 3029 4034 pauperum
3075 3973 3497 4034 contemptores,

1923 4051 2074 4105 omni
2107 4068 2175 4108 ex
2207 4064 2363 4124 parte
2395 4063 2737 4126 peccatores.
2760 4054 3091 4112 Libereinini
3118 4096 3134 4122 ,
3169 4057 3286 4122 ﬁlii,
3321 4057 3389 4112 ab
3419 4058 3504 4112 lus

1923 4145 2204 4202 omnibus.

2502 4263 2733 4320 CAPUT
2774 4263 2916 4320 XIX.

1926 4374 2082 4444 Quod
2121 4395 2225 4432 non
2265 4387 2504 4448 aporteat
2543 4396 2576 4432 a
2615 4381 2809 4448 pietate
2851 4381 3117 4434 declinare
3162 4383 3504 4437 dextrorsum

2153 4453 2231 4502 vel
2259 4451 2632 4504 sinistrorsum
2655 4490 2669 4513 ,
2703 4451 2946 4504 admonet
2978 4453 3255 4522 legislator

2001 4560 2138 4617 Vide
2173 4577 2244 4616 ne
2282 4561 2410 4632 quis
2445 4567 2500 4616 te
2541 4561 2705 4615 faciat
2740 4576 2771 4615 a
2808 4562 3010 4632 pietate
3041 4562 3340 4617 aberrare:
3373 4579 3390 4612 ι
3423 4561 3502 4617 Ne

1928 4654 2174 4710 declines
2201 4654 2347 4708 enim
2369 4693 2384 4717 ,
2419 4653 2632 4724 inquit,
2666 4655 2736 4708 ab
2764 4669 2826 4708 ea
2861 4653 2928 4707 ad
2961 4654 3279 4719 dexteram,
3311 4655 3398 4708 vel
3435 4654 3501 4707 ad

1929 4745 2212 4800 sinistram
2226 4745 2301 4799 "z
2330 4764 2350 4797 ι
2371 4752 2429 4798 ιιι
2449 4745 2500 4798 in
2526 4745 2780 4799 omnibus
2803 4760 2924 4815 qua:
2950 4745 3168 4809 feceris,
3193 4745 3501 4814 intelligas:

1930 4837 2037 4893 nisi
2064 4837 2211 4893 enim
2243 4851 2274 4891 a
2300 4837 2388 4891 via
2417 4845 2566 4893 recta
2597 4835 2890 4901 deflectas,
2926 4853 3036 4892 non
3069 4838 3179 4892 eris
3214 4837 3436 4908 impius.

341 5031 700 5110 “Ismeni,
740 5033 792 5087 7.
865 5032 1100 5110 ”_Bom.
1156 5035 1352 5099 mni.
1421 5036 1758 5103 ‘°Barn.,et
1788 5037 2006 5108 Anast.,
2043 5039 2177 5095 ibid.
2254 5042 2298 5073 “
2328 5040 2492 5097 Barn.
2544 5057 2644 5110 xx;
2678 5042 2896 5110 Anast,
2951 5045 3080 5099 Ibid.
3159 5045 3203 5076 δ’
3244 5047 3316 5100 al.
3367 5047 3506 5099 ἀντι-

229 5103 477 5174 ποιηταί.
553 5103 599 5134 ⁸³
621 5101 779 5159 Deut.
807 5121 861 5170 ν,
900 5105 990 5160 52.

1595 5255 1962 5339 νΑιιιοιιυιι
2000 5259 2231 5318 Now.

307 5394 421 5471 (5_8)
451 5394 722 5471 Hoyér.
771 5394 880 5471 Pro
901 5397 1022 5471 _ha_c
1053 5415 1185 5455 voce
1216 5407 1269 5454 et
1300 5400 1475 5471 tribus
1513 5416 1693 5471 seqq.,
1732 5409 1819 5456 est

232 5467 290 5519 in
324 5465 497 5519 altero
539 5465 701 5520 Vind.
733 5466 858 5522 cod.
895 5467 1054 5534 θεῶν,
1083 5485 1148 5525 ac
1185 5485 1372 5524 revera
1420 5469 1558 5523 θεῶν
1589 5465 1813 5524 ἐπεισα-

231 5537 387 5612 γῳγή
417 5544 503 5591 est
525 5537 616 5612 via
633 5539 852 5603 mortis,
882 5554 990 5610 qua
1012 5541 1193 5596 omnis
1216 5540 1433 5612 generis
1465 5541 1608 5595 mala
1641 5540 1814 5596 intro-

231 5605 547 5662 mittuntur.
577 5607 675 5664 CL.

307 5675 958 5751 (59)_Ka_t_a:r_oroﬁrte¢.
993 5679 1119 5736 Haec
1146 5697 1247 5737 vox
1272 5689 1326 5737 et
1349 5696 1587 5751 sequens
1611 5680 1812 5739 desunt

233 5745 511 5826 infodice
525 5746 851 5826 Vindulquze
881 5745 1144 5826 praeteriit
1169 5745 1446 5826 librarius;
1481 5763 1703 5826 propter
1735 5755 1810 5810 si-

233 5817 419 5872 milem
453 5817 895 5878 terminationem
922 5825 1071 5881 vocis
1101 5817 1496 5880 antecedentis:
1527 5817 1602 5878 In.

1999 5403 2112 5473 (40)
2153 5403 2464 5479 Εὐώνυμαἶ
2514 5407 2803 5479 ’Δριστερά
2827 5449 2841 5474 ,
2884 5421 3246 5478 synonymmn
3279 5419 3379 5474 pro
3410 5419 3502 5473 sy-

1925 5489 2199 5542 nonymo.
2233 5483 2290 5528 ut
2321 5477 2548 5545 passim.
2582 5477 2656 5532 1ιρ.

1996 5545 2110 5618 (Η)
2162 5544 2301 5618 Ἐὰν
2322 5543 2432 5614 ξιιή.
2471 5543 2757 5618 Ομιιιίιιίιιιι·
2790 5548 2862 5618 μή
2895 5554 2950 5601 et
2988 5543 3182 5618 tam};
3211 5543 3336 5598 cod.
3371 5543 3505 5596 Vin-

1922 5615 2227 5686 dobonensi
2251 5654 2266 5676 ,
2298 5624 2354 5670 et
2395 5615 2617 5686 quidem
2669 5615 2814 5672 recte
2843 5615 2859 5671 :’
2891 5619 2936 5670 si
2990 5616 3052 5669 οὐ
3081 5615 3267 5670 deleas
3295 5625 3502 5686 etverf

1922 5695 2043 5748 tas,
2079 5686 2125 5739 si
2154 5684 2466 5754 deﬂectasa
2497 5687 2581 5740 via
2627 5699 2802 5749 recta,
2858 5689 3048 5755 impius
3100 5685 3226 5740 etis.
3284 5684 3501 5754 Aliotlui

1920 5762 2174 5812 contorta
2207 5764 2290 5812 est
2319 5758 2461 5813 ratio
2492 5757 2772 5830 loquendi.
2810 5756 2886 5812 lo.
