3886 6190
142 295 284 355 ton

1005 292 1610 353 CONSTITU'I'IONES
1653 293 2134 358 APOSTOLICE.
2173 327 2246 338 —
2284 297 2413 354 LIB.
2459 299 2573 357 VII.

3287 294 3429 353 I018

142 411 295 484 ζωῆς
320 404 390 484 ἧς
407 410 712 484 ἑγνώρισας
738 412 874 484 ἡμῖν
902 408 995 466 διὰ
1039 412 1214 484 Ἰησοῦ
1245 411 1340 467 τοῦ
1372 411 1569 477 Παιδός
1602 429 1697 466 σου
1718 426 1735 444 ο

1864 430 1965 486 pro
1992 415 2099 471 vita
2128 434 2293 488 quam
2328 421 2691 478 manifestasti
2724 423 2882 480 nobis
2902 439 2997 495 per
3024 423 3210 483 Iesum
3238 428 3431 486 Filium

142 506 212 561 δι’
238 498 302 573 οὗ
334 507 428 560 καὶ
467 505 538 559 τὰ
580 506 761 561 πάντα
807 503 1098 578 ἐποίησας,
1134 507 1232 561 καὶ
1276 505 1386 560 τῶν
1417 506 1556 560 ὅλων
1598 523 1738 581 προ-

145 601 321 663 νοεῖς·
368 599 428 653 ὃν
474 601 570 653 καὶ
624 599 953 664 ἀπέστειλας
996 600 1128 670 περὶ
1171 599 1318 673 (58)
1373 600 1618 673 σωτηρίᾳ
1671 602 1739 673 τῇ

144 692 396 764 ἡμετέρᾳ
440 691 696 761 γενέσθαι
740 692 1056 764 ἄνθρωπον·
1110 691 1170 747 ὃν
1217 694 1312 747 καὶ
1355 691 1742 765 συνεχώρησας

145 786 341 839 παθεῖν
380 786 476 840 καὶ
527 784 841 840 ἀποθανεῖν’
870 785 931 839 ὃν
974 786 1071 840 καὶ
1100 786 1414 858 ἀναστήσας
1443 785 1743 857 εὐδόκησας

143 878 408 944 δοξάσαι,
469 878 566 933 καὶ
604 878 866 943 ὲκάθισας
914 880 981 932 ὲκ
1029 877 1220 944 δεξιῶν
1270 895 1385 932 σου·
1419 878 1486 933 δι’
1536 874 1599 932 οῦ
1647 879 1744 934 καὶ

145 973 465 1043 ἐπηγγείλω
486 974 618 1044 ἡμῖν
647 972 745 1043 τὴν
776 971 1072 1026 ἀνάστασιν
1111 970 1223 1025 τῶν
1254 971 1481 1043 νεκρῶν.
1516 972 1614 1036 Σὺ,
1647 972 1745 1027 Δέ-

148 1083 328 1123 σποτα
375 1067 781 1140 παντόκρατορ,
804 1065 908 1119 Θεὲ
970 1065 1177 1119 αἱώνιε⁸
1216 1064 1407 1137 ῶσπερ
1459 1061 1528 1138 ἦν
1584 1066 1745 1122 τοῦτο

144 1158 637 1231 διεσκορπισμένω
660 1200 677 1225 ,
726 1158 822 1213 καὶ
869 1158 1133 1230 συναχθὲν
1170 1158 1389 1228 ἐγένετο
1430 1152 1511 1223 εἷς
1538 1159 1703 1232 ἄρτος
1725 1202 1742 1227 ,

144 1252 293 1306 οὕτω
320 1253 597 1323 συνάγαγέ
624 1269 718 1306 σου
738 1252 838 1325 τὴν
870 1252 1196 1323 Ἐκκλησίαν
1222 1252 1331 1306 ἀπὸ
1353 1252 1461 1307 τῶν
1490 1253 1745 1325 περάτων

146 1347 253 1416 τῆς
284 1346 389 1418 γῆς
419 1349 500 1411 είς
526 1347 626 1420 τὴν
659 1347 772 1420 (59)
809 1346 1109 1418 βασιλείαν.
1127 1348 1248 1401 Ἔτι
1286 1346 1744 1420 εὐχαριστοῦμεν,

149 1440 338 1511 Πάτερ
357 1442 389 1511 ή
399 1438 537 1511 μῶν,
556 1439 698 1512 ὑπὲρ
723 1439 818 1493 τοῦ
841 1440 1023 1513 τιμίου
1044 1441 1276 1512 αἵματος
1310 1439 1484 1512 Ἰησοῦ
1507 1440 1745 1513 Χριστοῦ

146 1533 246 1587 τοῦ
294 1532 617 1604 ἐκχυθέντος
664 1533 807 1605 ὑπὲρ
848 1533 1027 1606 ἡμῶνο
1069 1535 1166 1588 καὶ
1210 1532 1305 1588 τοῦ
1335 1534 1519 1606 τιμίου
1562 1534 1747 1606 σώμα-

145 1644 262 1692 τος’
296 1622 357 1680 οὗ
384 1629 480 1681 καὶ
506 1626 777 1681 ἀντίτυπα
803 1628 977 1682 ταῦτα
1005 1628 1362 1700 ἐπιτελοῦμεν
1384 1670 1399 1695 ,
1434 1628 1601 1683 αὑτοῦ
1629 1628 1747 1682 δια-

143 1722 456 1793 ταξαμένου
516 1724 649 1795 ⁴ἡμῖν
695 1722 1089 1792 καταγγέλλειν
1132 1721 1225 1775 τὸν
1269 1720 1434 1775 αὑτοῦ
1493 1721 1741 1775 θάνατον’

1863 514 2058 574 tuum;
2112 524 2208 579 per
2245 527 2407 581 quem
2455 520 2570 567 tum
2620 515 2807 570 omnia
2852 516 3090 582 creasti,
3127 526 3245 573 tum
3302 519 3431 573 uni.

1855 597 2034 654 versis
2091 602 2380 669 provides;
2436 619 2599 674 quem
2647 613 2703 660 et
2752 605 2973 672 misisti,
3031 615 3093 662 ut
3152 607 3220 663 ad
3279 612 3433 665 salu-

1854 696 1963 744 tem
2026 697 2282 744 nostram
2342 692 2510 749 homo
2566 694 2755 761 ﬁeret;
2811 710 2976 765 quem
3011 696 3178 752 etiam
3230 698 3436 768 permic

1843 784 1967 841 sisti
2006 786 2121 856 pati
2160 793 2215 839 et
2250 786 2426 855 mori;
2451 803 2615 858 quem
2650 794 2708 843 et
2746 787 3090 843 resuscitans
3122 787 3435 858 gloriﬁcare

1841 878 2088 945 voluisti,
2121 885 2177 934 et
2223 878 2417 935 sedere
2457 878 2640 935 fecisti
2669 878 2739 934 ad
2777 879 3060 935 dexteram
3090 886 3242 934 tuam
3277 897 3292 934 :
3334 895 3435 949 per

1842 988 2005 1043 quem
2036 978 2093 1028 et
2124 973 2428 1044 promisisti
2464 972 2628 1028 nobis
2668 974 3140 1028 resurrectionem
3184 980 3437 1030 mortuo—

1843 1079 1989 1121 rum.
2013 1063 2119 1132 Tu,
2144 1064 2373 1121 Domine
2400 1064 2773 1137 omnipotens,
2791 1065 2938 1122 Deus
2967 1072 3209 1121 aeterne:
3239 1081 3437 1136 quem-

1844 1156 2142 1213 admodum
2172 1158 2279 1213 hoc
2315 1164 2436 1213 erat
2479 1157 2827 1229 dispersum,
2875 1166 2932 1214 et
2976 1174 3100 1215 cum
3151 1158 3256 1213 fuit
3298 1174 3436 1214 con—

1844 1256 2151 1320 gregatum,
2185 1249 2368 1307 factus
2390 1257 2476 1306 est
2504 1267 2652 1307 unus
2674 1253 2837 1322 panis
2856 1291 2873 1317 ,
2912 1250 2988 1306 ita
3027 1266 3298 1323 congrega
3329 1251 3437 1308 Ec-

1845 1342 2069 1397 clesiam
2114 1350 2267 1397 tuam
2316 1359 2349 1399 a
2397 1342 2598 1400 ﬁnibus
2648 1354 2809 1400 terra:
2848 1344 2904 1399 in
2934 1360 3185 1417 regnum.
3237 1344 3436 1402 Adhuc

1844 1435 2051 1506 gratias
2082 1437 2333 1508 agimus,
2366 1435 2533 1493 Pater
2580 1445 2802 1504 noster,
2833 1454 2934 1510 pro
2985 1439 3232 1511 pretioso
3296 1457 3432 1497 san-

1845 1530 2011 1598 guine
2038 1528 2169 1585 Jesu
2198 1530 2411 1587 Christi
2434 1530 2609 1587 eﬁ‘uso
2638 1543 2829 1588 nostra
2858 1546 3062 1595 causa;
3092 1540 3148 1588 et
3177 1549 3280 1605 pro
3308 1550 3438 1607 pre-

1845 1623 1990 1679 tioso
2034 1638 2301 1695 corpore,
2334 1625 2496 1695 cujus
2527 1633 2581 1681 et
2627 1625 2745 1681 haec
2774 1627 3022 1699 antitypa
3065 1628 3433 1695 celebramus,

1847 1731 1974 1771 cum
2005 1716 2127 1787 ipse
2149 1717 2313 1773 nobis
2344 1719 2699 1774 constituerit
2754 1727 2989 1775 mortem
3022 1719 3174 1777 illius
3212 1736 3435 1778 annun-
3484 1722 3493 1729 ’

142 1818 213 1871 δι’
232 1780 413 1871 αῦτοῦ
436 1780 653 1889 γάρσοι
681 1819 798 1871 καὶ¹
819 1780 1014 1888 ηέόξα,
1038 1818 1119 1881 εἰς
1147 1816 1275 1880 τοὺς
1298 1816 1520 1879 αἰῶνας.
1548 1816 1739 1887 Ἀμήν.

1849 1810 1990 1865 tiare
2022 1780 2110 1864 '7‘:
2163 1824 2263 1881 per
2304 1810 2484 1881 ipsum
2530 1811 2681 1867 enim
2723 1812 2822 1867 tibi
2870 1812 3045 1883 gloria
3086 1813 3144 1868 in
3204 1820 3433 1872 saecula.

143 1911 360 1983 Μηδεὶς
390 1911 447 1964 δὲ
476 1912 706 1965 ἐσθιέτω
748 1909 808 1977 ἐξ
851 1910 1034 1966 αὐτῶν
1056 1953 1071 1977 ,
1104 1910 1214 1963 τῶν
1266 1911 1530 1981 ἀμυήτων
1552 1925 1565 1939 ·
1608 1908 1746 1962 ἀλλὰ

147 2004 307 2074 μόνοι
338 2005 389 2057 οἱ
418 2002 841 2075 βεϐαπτισμένοι
867 2005 948 2067 είς
977 2003 1071 2056 τὸν
1116 2002 1211 2055 τοῦ
1242 2003 1450 2075 Κυρίου
1493 2001 1742 2056 θάνατον.

144 2098 211 2152 Et
246 2096 304 2151 δέ
344 2113 428 2160 τις
458 2096 705 2170 ἀμύητος
742 2097 958 2169 κρύψας
1001 2096 1195 2150 ἑαυτὸν
1240 2095 1540 2170 μεταλάϐῃ,
1570 2099 1747 2169 κρῖμα

144 2189 368 2242 αἰώνιον
393 2188 644 2259 φάγεται·
668 2190 751 2242 ὅτι
795 2188 869 2262 μὴ
892 2189 967 2243 ὢν
993 2189 1095 2260 τῆς
1122 2191 1201 2253 είς
1224 2188 1462 2260 Χριστὸν
1486 2189 1744 2254 πίστεως,

146 2281 451 2354 μετέλαϐεν
484 2277 559 2337 ὧν
587 2283 650 2337 οὐ
680 2282 870 2354 θέμις,
900 2284 982 2346 εἰς
1021 2281 1292 2355 τιμωρίαν
1340 2281 1558 2336 ἑαυτοῦ.
1593 2282 1656 2335 Εἰ
1688 2280 1748 2335 δέ

142 2393 232 2439 τις
291 2375 436 2430 κατά
479 2377 701 2447 ἄγνοιαν
752 2375 1048 2447 μεταλάϐοι
1089 2375 1258 2446 (60),
1306 2374 1496 2428 τοῦτον
1558 2375 1747 2446 τάχιον

144 2466 601 2539 στοιχειώσαντες
653 2469 899 2540 μυήσατε
923 2511 939 2538 ,
991 2469 1141 2532 ὅπως
1196 2466 1273 2539 μὴ
1329 2467 1747 2541 καταφρονητὴς

142 2560 378 2626 ἐξέλθοι.

656 2762 1057 2816 ΚΕΦΑΛΑΙΟΝ
1094 2762 1240 2830 Kq'.

365 2879 737 2950 Εὐχαριστία
766 2877 866 2931 ἐπὶ
892 2877 968 2947 τῇ
1006 2878 1135 2945 θείᾳ
1169 2877 1528 2948 μεταλήψει.

215 2994 378 3050 Μετὰ
425 2994 483 3046 δὲ
532 2993 631 3065 τὴν
685 2991 987 3065 μετάληψιν
1011 3036 1026 3060 ,
1074 2991 1248 3056 οὕτως
1291 2992 1743 3064 εὐχαριστήσατεο

142 3086 595 3159 Εὐχάριστοῦμέν
647 3104 770 3152 σοι,
801 3087 830 3139 6
875 3086 1008 3150 Θεὸς
1040 3086 1135 3139 καὶ
1184 3085 1375 3157 Πατὴρ
1428 3083 1604 3154 Ἰησοῦ
1649 3084 1745 3138 τοῦ

142 3153 404 3253 Σωτῆρος
446 3153 605 3251 ἡμῶν
624 3223 639 3247 ,
668 3180 811 3251 ὑπὲρ
838 3179 935 3233 τοῦ
975 3179 1133 3249 ἁγίου
1163 3153 1426 3251 ὀνόματός
1445 3153 1501 3210 "7
1523 3194 1648 3245 σου,
1681 3170 1744 3231 οῦ
1773 3153 1816 3211 c

142 3277 579 3346 κατεσκήνωσας
606 3275 663 3327 ὲν
695 3276 850 3346 ἡμῖν·
895 3275 991 3327 καὶ
1016 3274 1158 3346 ὑπὲρ
1189 3272 1290 3345 τῆς
1334 3270 1613 3342 γνώσεως,
1652 3272 1747 3325 καὶ

141 3370 423 3435 πίστεως,
454 3370 549 3421 καὶ
591 3368 813 3438 ἀγάπης
838 3411 852 3436 ,
902 3369 997 3423 καὶ
1046 3367 1373 3430 ἀθανασίας⁸
1428 3360 1497 3438 ἧς
1541 3364 1748 3431 ἔδωκας

140 3464 282 3534 ⁴ἡμῖν
313 3462 401 3516 διὰ
431 3461 606 3533 Ἰησοῦ
635 3461 730 3515 τοῦ
764 3462 962 3521 Παιδός
990 3479 1103 3516 σου.
1137 3462 1233 3527 Σὺ,
1265 3462 1513 3516 Δέσποτα
1551 3460 1748 3515 παντό-

141 3573 394 3629 κρατορ,
423 3558 453 3609 6
482 3557 615 3621 Θεὸς
645 3556 754 3609 τῶν
801 3556 961 3622 ὅλων,
990 3555 1213 3620 ἔκτισας
1250 3556 1360 3628 (61)
1391 3556 1484 3610 τὸν
1515 3556 1743 3628 κόσμον,

140 3653 241 3705 καὶ
262 3651 334 3705 τὰ
362 3652 421 3705 ὲν
441 3651 613 3723 αὐτῷ,
645 3650 712 3705 δι’
732 3650 918 3705 αὐτοῦ’
943 3652 1038 3706 καὶ
1065 3651 1229 3724 νόμον
1258 3652 1668 3721 κατεφύτευσας
1687 3652 1746 3705 ὲν

139 3747 267 3808 ταῖς
288 3744 488 3815 ψυχαῖς
524 3744 703 3817 ἡμῶνί
737 3747 833 3799 καὶ
858 3745 926 3799 τὰ
954 3746 1091 3816 πρὸς
1121 3745 1423 3817 μετάληψιν
1449 3746 1747 3818 προευτρέ-

138 3854 313 3900 πισας
351 3837 462 3909 (62)
500 3836 829 3910 ἀνθρώποις.
858 3839 916 3891 Ὀ
949 3838 1083 3902 Θεὸς
1102 3837 1211 3891 τῶν
1234 3838 1405 3908 ἁγίων
1442 3839 1537 3893 καὶ
1565 3841 1748 3912 ἀμέμ-

139 3946 303 3984 πτων
322 3930 576 4001 πατέρων
593 3929 774 4003 ἡμῶν,
793 3930 885 3984 Ἀϐ
894 3931 1061 4003 ραάμ,
1084 3932 1178 3985 καὶ
1200 3930 1505 3996 Ἰσαὰκ,καὶ
1530 3931 1743 3998 Ἰακὼϐ,

138 4023 254 4076 τῶν
290 4022 501 4077 πιστῶν
545 4024 749 4078 δούλων
776 4043 891 4078 σου.
926 4026 984 4078 '0
1014 4025 1243 4089 δυνατὸς
1274 4025 1437 4093 Θεὸς,
1481 4027 1510 4078 6
1554 4026 1746 4091 πιστὸς

138 4117 239 4169 καὶ
280 4117 577 4189 ἀληθινὸς,
627 4118 724 4172 καὶ
759 4118 998 4191 ἀψευδὴς
1040 4120 1099 4172 ἐν
1144 4121 1266 4183 ταῖς
1307 4119 1682 4188 ἐπαγγελίαις
1717 4122 1747 4174 6

138 4209 478 4273 ἀποστείλας
501 4211 595 4263 ἐπὶ
618 4210 725 4281 γῆς
760 4210 968 4283 Ἰησοῦν
997 4211 1091 4265 τὸν
1117 4211 1354 4283 Χριστόν
1385 4230 1503 4280 σου,
1534 4211 1748 4285 ἀνθρὼ-

137 4319 271 4367 ποις
294 4304 813 4377 συναναστραφῆναι
838 4304 917 4369 ὡς
940 4304 1248 4377 ἄνθρωπον,
1267 4304 1400 4359 Θεὸν
1422 4306 1551 4360 ὄντα
1571 4306 1746 4377 Λόγον

137 4396 241 4449 καὶ
285 4395 573 4469 ἄνθρωπον
595 4440 611 4465 ,
649 4396 747 4451 καὶ
773 4397 874 4470 τὴν
921 4397 1135 4470 πλάνην
1182 4398 1481 4472 πρόρριζον
1509 4400 1741 4455 ἀνελεῖν.

1846 1901 2043 1958 Amen.
2075 1902 2273 1959 Nullus
2298 1918 2472 1973 porro
2497 1919 2563 1959 ex
2591 1904 2660 1959 iis
2684 1905 2778 1976 qui
2816 1904 3019 1960 initiati
3046 1921 3143 1961 seu
3173 1906 3438 1977 baptizati

1848 2011 1960 2050 non
1992 2006 2144 2061 sunt,
2176 2012 2244 2052 ex
2271 1998 2353 2053 eis
2376 1996 2669 2066 comedat;
2702 1996 2799 2053 sed
2835 1999 2940 2054 soli
2976 1998 3014 2054 ii
3049 1999 3143 2070 qui
3176 2003 3437 2072 baptizati

1849 2089 2073 2145 fuerunt
2100 2090 2156 2144 in
2187 2089 2406 2145 Domini
2452 2099 2708 2148 mortem.
2735 2090 2794 2147 Si
2838 2091 2965 2163 quis
3012 2108 3146 2148 vero
3186 2110 3296 2149 non
3324 2094 3438 2149 ini-

1849 2183 2041 2248 tiatus,
2073 2183 2335 2239 celaverit
2381 2199 2442 2240 se
2474 2184 2677 2255 ipsum,
2709 2193 2763 2241 et
2793 2185 2875 2242 sic
2904 2186 3438 2258 communicarerit;

1845 2275 2118 2346 judicium
2147 2284 2414 2333 aeternum
2459 2277 2917 2348 manducabit";
2947 2280 3096 2352 quod
3139 2296 3250 2336 non
3282 2281 3442 2336 addi-

1848 2376 1975 2425 ctus
2003 2368 2134 2425 ﬁdei
2166 2371 2223 2426 in
2252 2369 2536 2427 Christum
2559 2410 2575 2434 ,
2605 2386 2728 2442 qua:
2757 2370 2844 2428 fas
2868 2388 2980 2428 non
3016 2381 3139 2428 erat
3177 2376 3438 2445 sumpsit,

1852 2463 1907 2516 in
1935 2463 2270 2533 supplicium
2307 2479 2490 2519 suum.
2538 2462 2598 2518 Si
2635 2464 2763 2536 quis
2804 2473 2988 2521 autem
3042 2481 3142 2538 per
3179 2467 3440 2538 ignoran-

1850 2553 1984 2609 tiam
2013 2555 2431 2627 participaverit
2455 2598 2470 2622 ,
2504 2556 2653 2613 hunc
2686 2558 2799 2613 cito
2831 2557 3115 2626 instruite,
3148 2575 3215 2615 ac
3260 2560 3441 2632 bapti-

1849 2661 1972 2702 smo
2002 2648 2238 2715 initiate,
2262 2665 2332 2705 ne
2350 2658 2699 2722 contemptor
2731 2659 2908 2709 exeat.

2408 2763 2642 2822 CAPUT
2681 2764 2876 2822 XXVI.

1986 2879 2300 2936 Gratiarum
2342 2882 2484 2936 actio
2524 2897 2681 2951 super
2707 2882 2891 2937 divina
2917 2885 3304 2944 communione.

1920 2993 2056 3051 Post
2084 2995 2529 3051 communionem
2559 3012 2711 3060 vero,
2744 2997 2826 3051 sic
2856 2998 3064 3068 gratias
3091 2997 3270 3068 agite:
3303 2997 3436 3055 Gra-

1850 3089 1959 3144 tias
2010 3088 2224 3159 agimus
2270 3088 2370 3142 tibi
2399 3086 2589 3154 ,Deus
2632 3096 2688 3144 et
2742 3087 2908 3144 Pater
2956 3088 3085 3144 Jesu
3136 3089 3437 3148 Salvatoris

1850 3182 2051 3247 nostri,
2081 3197 2183 3254 pro
2219 3190 2414 3238 sancto
2451 3182 2675 3238 nomine
2717 3192 2836 3246 tuo,
2878 3184 3025 3253 quod
3061 3183 3312 3240 habitare
3361 3184 3426 3243 fe-

1849 3276 1981 3331 cisti
2014 3275 2071 3331 in
2100 3277 2298 3344 nobis;
2331 3284 2387 3331 et
2430 3292 2531 3348 pro
2556 3276 2893 3348 cognitione,
2927 3276 3053 3342 ﬁde,
3092 3278 3363 3337 charitate
3387 3288 3437 3336 et

1849 3369 2267 3425 immortalitate
2307 3385 2431 3441 qua:
2454 3369 2655 3425 dedisti
2706 3371 2867 3426 nobis
2899 3387 2994 3443 per
3012 3369 3201 3427 Jesum
3236 3372 3438 3431 Filium

1847 3469 2028 3518 tuum.
2061 3460 2166 3528 Tu,
2192 3460 2424 3519 Domine
2453 3462 2827 3533 omnipotens,
2856 3461 3001 3518 Deus
3027 3465 3436 3536 universorum,

1848 3556 2048 3613 creasti
2070 3556 2334 3611 mundum
2359 3563 2411 3611 et
2440 3571 2562 3626 quae
2584 3564 2714 3611 sunt
2736 3557 2791 3611 in
2815 3572 2902 3620 eo,
2923 3573 3021 3628 per
3042 3557 3221 3628 ipsum
3247 3576 3263 3626 ;
3288 3567 3342 3616 et
3365 3549 3465 3616 le?

1849 3666 1968 3722 gem
1996 3651 2247 3707 insevisti
2280 3650 2335 3706 in
2358 3649 2652 3705 animabus
2672 3651 2911 3715 nostris;
2936 3659 2990 3707 et
3018 3654 3187 3707 victui
3216 3662 3433 3709 accom-

1850 3744 2014 3799 moda
2065 3743 2390 3815 praeparasti
2440 3742 2781 3801 hominibus.
2834 3742 2980 3799 Deus
3029 3753 3348 3801 sanctorum
3387 3756 3445 3804 et

1849 3836 2257 3908 inculpatorum
2281 3844 2502 3907 patrum
2537 3844 2878 3902 nostrorum,
2915 3837 3235 3903 Abrahami,
3267 3836 3439 3896 Isaaci

1847 3938 1903 3985 et
1932 3928 2148 3995 Jacobi,
2168 3930 2413 3986 ﬁdelium
2452 3945 2738 3986 servorum
2770 3940 3013 3986 tuorum.
3044 3930 3191 3989 Deus
3220 3943 3437 4005 potens,

1850 4024 2030 4082 ﬁdelis
2058 4032 2116 4081 et
2160 4039 2351 4088 verax,
2382 4030 2437 4080 et
2468 4024 2525 4079 in
2555 4025 2850 4095 promissis
2899 4040 3012 4080 non
3045 4025 3321 4093 mendax;
3346 4026 3438 4098 qui

1850 4119 2050 4175 misisti
2090 4119 2146 4174 in
2176 4128 2377 4175 terram
2414 4116 2605 4174 Jesum
2633 4118 2918 4173 Christum
2956 4126 3150 4185 tuum,
3203 4129 3265 4175 ut
3310 4136 3438 4177 cum

1848 4210 2168 4268 hominibus
2218 4220 2645 4268 conversaretur
2675 4219 2938 4282 tanquam
2974 4211 3160 4278 homo,
3193 4227 3320 4267 cum
3368 4212 3437 4269 sit

1847 4312 1904 4360 et
1934 4304 2078 4362 Deus
2098 4303 2364 4370 Verbum,
2387 4311 2444 4361 et
2472 4304 2661 4371 homo,
2694 4314 2865 4377 utque
2887 4319 3134 4360 errorem
3169 4305 3439 4361 radicitus

1848 4399 2127 4455 evelleret.
2151 4397 2275 4470 Ipse
2302 4404 2359 4453 et
2396 4413 2546 4454 nunc
2596 4413 2697 4469 per
2742 4414 2869 4454 eum
2897 4406 3175 4455 memento
3204 4397 3439 4469 hujusce

138 4488 320 4553 Αὐτὸς
361 4490 458 4544 καὶ
500 4490 598 4544 νῦν
643 4492 713 4545 δι’
758 4489 923 4545 αὑτοῦ
974 4490 1242 4564 μνήσθητι
1290 4492 1392 4562 τῆς
1439 4492 1602 4562 ἁγίας
1646 4510 1743 4547 σου

1850 4500 2058 4548 sancta:
2101 4491 2367 4549 Ecclesiae
2420 4500 2570 4559 tuae,
2612 4507 2780 4564 quam
2828 4492 3140 4563 acquisiisti
3194 4491 3439 4563 pretioso

151 4581 484 4654 Ἐκκλησίας
501 4583 726 4657 ταύτης,
748 4583 817 4655 ἢν
841 4584 1215 4656 περιεποιήσω
1245 4583 1323 4655 τῷ
1351 4584 1519 4657 τιμίῳ
1547 4586 1741 4658 αἵματι

1847 4586 2117 4659 sanguine
2158 4585 2364 4642 Christi
2411 4584 2532 4653 tui;
2583 4591 2751 4657 atque
2802 4598 2926 4641 eam
2959 4583 3032 4640 ab
3085 4583 3237 4641 omni
3287 4584 3438 4641 malo

214 4722 259 4753 '”
291 4722 309 4775 I
338 4721 469 4777 Cor.
503 4738 582 4781 xl.
613 4721 706 4778 26.
780 4722 829 4756 "
862 4721 1025 4789 Ibid.,
1058 4722 1151 4778 29.
1226 4722 1276 4755 ⁷³
1303 4719 1466 4777 Deest
1496 4722 1552 4777 in
1589 4723 1702 4779 alio
1723 4721 1940 4779 codice.

1476 4859 1845 4918 VARIORU)!
1879 4859 2115 4916 ΝΟΤᾸΣ.

213 5039 331 5114 (58)
364 5039 527 5108 Περι.
580 5038 701 5093 Ἐπί
747 5041 953 5114 rectius
1000 5040 1057 5095 in
1101 5055 1225 5095 con.
1273 5038 1729 5114 Vindobonensi,

135 5111 250 5169 hoc
275 5118 391 5184 est.
435 5119 650 5184 propter
684 5111 917 5184 salutem
949 5121 1226 5176 nostram;
1260 5128 1365 5167 nec
1398 5111 1526 5184 περί
1562 5112 1729 5168 ﬁnem

143 5181 458 5254 signiﬁcare
486 5179 846 5254 θοις-μειεκ.

213 5251 330 5325 (59)
357 5251 510 5325 Τήν.
565 5251 762 5325 melius
803 5254 905 5324 σήν
939 5254 992 5307 in
1048 5269 1154 5309 ms.
1199 5252 1365 5309 Vind.
1415 5255 1471 5309 in
1512 5269 1732 5325 regnum

140 5322 714 5395 tuamaﬂegnumpei
745 5322 1119 5395 aut‘cmtorum
1163 5340 1275 5379 non
1330 5327 1470 5381 solet
1519 5322 1732 5395 simpli-

138 5399 282 5452 citer
315 5392 558 5463 βασιλεία
586 5393 717 5448 dici.
754 5392 892 5449 Vide
922 5396 1067 5449 intra
1096 5411 1147 5451 c.
1178 5396 1272 5459 26,
1305 5398 1409 5450 sub
1437 5392 1729 5451 ﬁnemfln.

214 5465 329 5537 (60)
369 5467 439 5519 Et
464 5464 534 5519 δέ
558 5465 829 5537 aconita
870 5464 1120 5537 ἄγνοιαν
1143 5466 1501 5537 μεταλάϐοι.
1534 5464 1592 5519 In
1622 5464 1734 5521 Re—

138 5534 367 5606 spunsis
410 5536 695 5591 canonicis
724 5534 999 5591 Timothei
1044 5534 1404 5592 Alexandrini
1441 5536 1508 5589 ad
1559 5537 1728 5590 inter-

138 5608 461 5678 rogationes
486 5606 595 5729 ipsi
622 5622 719 5676 per
743 5608 1034 5677 episcopos
1063 5614 1119 5661 et
1149 5608 1383 5663 clericos
1415 5607 1731 5687 propositas

139 5695 267 5731 στω.
295 5677 348 5731 1.
377 5693 481 5731 anu
559 5672 943 5731 Balsatnonem
974 5718 989 5731 .
1019 5694 1075 5731 ι).
1099 5678 1259 5731 1059.
1304 5679 1371 5731 ad
1425 5684 1730 5731 interroga-

139 5693 481 5747 rap.t,apu

140 5695 267 5748 στιν.
295 5695 348 5741 ι,
377 5695 518 5747 apuu
559 5695 943 5732 nalsamonem
974 5718 989 5741 ,
1019 5695 1075 5748 p.
1099 5695 1259 5739 suos.
1304 5695 1371 5732 aa
1425 5695 1727 5745 interroga-

140 5752 353 5804 tionem
405 5747 547 5815 Quid
600 5746 862 5818 agendum
899 5750 999 5809 sit.
1034 5750 1079 5802 si
1132 5765 1262 5818 puer
1302 5749 1727 5810 cateclmmenus,

140 5765 353 5804 tionem
405 5765 546 5815 uuta
600 5765 862 5818 agenaum
899 5765 999 5809 stt.
1034 5766 1079 5802 st
1170 5766 1262 5803 uer
1302 5765 1727 5810 catecnumenus,

140 5830 236 5875 aut
270 5821 425 5874 homo
458 5819 698 5887 adultus,
725 5818 851 5873 dum
884 5819 1081 5875 oblatio
1100 5765 1275 5894 flleret,
1312 5830 1600 5890 opportune
1631 5819 1730 5873 ad.

559 5672 952 5748 Balsatnonenf
974 5718 989 5741 ,
1019 5678 1259 5748 p.1059.
1304 5679 1371 5732 ad
1415 5672 1730 5745 'interroga-
1792 5680 1804 5693 '

1841 5042 2265 5115 fuerit,iejusque
2290 5042 2498 5115 nescius
2544 5043 2720 5112 factus
2751 5041 2823 5095 sit
2863 5040 3129 5115 particeps
3150 5080 3167 5107 ,
3200 5058 3434 5115 respon-

1839 5110 2002 5169 detur
2031 5110 2589 5181 biapti’zandum'eutn
2618 5126 2768 5176 esse,
2807 5118 2997 5181 utpote
3026 5127 3058 5167 a
3106 5110 3216 5168 Deo
3261 5110 3429 5172 voca-

1839 5130 2002 5169 uetur
2033 5130 2098 5168 na
2142 5130 2589 5168 uzanaum'eum
2618 5130 2768 5176 esse,
2807 5130 2997 5181 utpote
3026 5130 3058 5167 a
3106 5130 3216 5168 ueo
3261 5130 3429 5172 voca-

1839 5194 1980 5240 tum.
2008 5130 2138 5245 SOI?
2154 5200 2279 5238 cum
2314 5184 2529 5237 ratione
2559 5182 3059 5255 Cpnstituﬁtﬁorjsne
3101 5193 3433 5255 contemptor

1836 5265 2013 5319 exeat,
2045 5256 2304 5327 congruit
2346 5270 2523 5327 canon
2558 5253 2627 5327 57
2657 5254 2851 5327 synodi
2888 5250 3173 5327 Toletanis:
3199 5250 3288 5327 )v,
3309 5250 3432 5327 'quo

1839 5323 2248 5381 decernitur'ut
2276 5325 2450 5380 Judaei
2479 5326 2572 5393 qui
2608 5323 2704 5395 per
2721 5324 2842 5395 _vim
2889 5323 3151 5395 baptizati
3190 5323 3427 5390 fuerant,

1839 5397 2072 5467 aliisque
2090 5398 2455 5453 sacramentis
2477 5393 2687 5459 donati,
2706 5393 3077 5467 Christianam
3111 5396 3428 5467 religionem

1842 5464 2085 5522 retinere
2114 5477 2405 5537 cogantur.
2436 5484 2500 5521 ne
2532 5464 2988 5537 nomengdivinum
3015 5464 3427 5537 blasphematur,

1838 5549 1888 5591 et
1913 5537 2045 5607 ﬁdes
2076 5534 2236 5606 quain
2266 5546 2609 5608 susceperunt
2642 5534 2761 5591 vilis
2793 5552 2856 5589 ac
2888 5536 3301 5596 contemptibilis
3331 5538 3425 5593 Ita-

1838 5611 2044 5663 beatur.
2075 5608 2213 5663 Cor.

1837 5611 2044 5664 beatur.
2075 5611 2213 5663 Cor.

1906 5679 2676 5762 (61)_'Extto‘ttc.'0nxriaac
2712 5677 2770 5731 in
2810 5675 2986 5731 altero
3025 5676 3165 5741 θυαμ
3188 5675 3420 5737 Vindob.

1837 5758 1890 5805 et
1918 5750 2142 5820 quidem
2174 5752 2409 5805 rectius.
2439 5750 2613 5805 CLG.

1910 5816 2021 5893 (62)
2058 5822 2562 5891 Προευτρέπίσας.
2607 5820 2755 5877 Idem
2786 5820 3133 5897 εὐτρέπισας.
3166 5816 3242 5876 In.
