3886 6190
219 340 357 398 10⁸21

1057 337 1659 405 CONSTITUTIONES
1687 339 2167 402 APOS'I'OLICE.
2202 376 2274 386 —
2307 344 2436 403 LIB.
2473 344 2586 405 VII.

3362 352 3504 409 1⁷628

210 462 398 515 πᾶσαν
428 458 685 533 ἀπαρχὴν
714 458 896 532 ἀρτων
926 457 1168 533 θερμῶν,
1201 461 1468 534 κεραμίου
1499 462 1611 536 (68)
1636 464 1801 531 οῐνου,

1920 480 2039 518 rium
2070 463 2395 531 calidorum,
2437 466 2551 522 vini
2595 480 2627 522 e
2655 465 2826 530 dolio,
2863 473 2959 521 aut
2988 464 3116 531 olei,
3155 472 3252 521 aut
3294 467 3496 530 mellis,

208 554 247 627 ἢ
282 554 485 616 ἐλαίου,
517 553 552 626 ἢ
586 553 820 626 μέλιτος,
856 553 890 626 ἢ
920 553 1240 627 ἀκροδρύων
1259 594 1273 619 ,
1301 556 1600 627 σταφυλῆς,
1632 555 1668 628 ἢ
1699 556 1810 610 τῶν

207 651 389 706 ἄλλων
414 648 513 721 τὴν
550 648 808 721 ἀπαρχὴν
842 646 1035 711 δώσεις
1081 649 1196 712 τοῖς
1241 648 1510 720 ἱερεῦσιν
1542 649 1808 721 ἀργυρίου

208 742 271 797 δέ
302 744 396 796 καὶ
422 739 747 813 ἱματισμοῦ,
776 739 873 794 καὶ
905 738 1109 803 παντὸς
1146 740 1451 812 κτήματος,
1477 739 1558 812 τῷ
1587 741 1811 814 ὀρφανῷ

210 838 313 893 καὶ
341 840 409 910 τῇ
437 838 603 909 χήρᾳ·

746 926 1147 982 ΚΕΦᾹΛΑῙΟΝ
1184 926 1263 981 A'.

216 1026 411 1092 Ὅπως
439 1024 553 1093 χρὴ
582 1021 699 1091 τὴν
724 1020 1143 1093 ἀναστάσιμον
1179 1017 1300 1093 τοῦ-
1330 1015 1608 1093 Σωτῆρος
1639 1015 1810 1089 ἡμῶν

408 1086 653 1165 ἦῖιέραν
669 1086 1248 1161 συναθροιζομένους
1275 1086 1588 1158 copi-datr.

285 1252 399 1327 Τὴν
430 1250 800 1322 ἀναστάσιμον
827 1247 924 1303 τοῦ
956 1246 1165 1320 Κυρίου
1202 1244 1441 1319 ἡμέραν,
1471 1243 1571 1317 τὴν
1598 1245 1810 1316 Κυρια-

208 1347 321 1418 κήν
351 1361 553 1417 φαμεν,
587 1340 916 1415 συνέρχεσθε
944 1339 1326 1405 ἀδιαλείπτως,
1358 1336 1809 1410 εὐχαριστοῦντες

207 1442 294 1514 τῷ
323 1439 463 1512 Θεῷ,
503 1440 600 1493 καὶ⁵
648 1433 1131 1507 ἐξομολογούμενοι
1181 1431 1266 1501 ἐφ’
1309 1424 1391 1494 οἷς
1438 1429 1808 1501 εὐηργέτησεν

209 1535 363 1606 ὑμᾶς
399 1531 509 1604 (69)
537 1532 566 1583 ὁ
596 1528 729 1592 Θεὸς
768 1527 858 1581 διὰ
897 1522 1167 1599 Χριστοῦ,
1215 1522 1518 1595 ῥυσάμενος
1560 1521 1805 1590 ἀγνοίας,

210 1626 446 1695 πλάνης,
492 1621 735 1693 δεσμῶνο
783 1620 934 1682 ὅπως
984 1613 1337 1691 ἄμεμπτοςῇ
1375 1615 1597 1688 ήθυσία
1630 1616 1806 1687 ὐμῶν,

211 1718 312 1773 καὶ
339 1715 677 1786 εὐανάφορος
697 1711 839 1783 Θεῷ,
869 1710 950 1783 τῷ
989 1709 1194 1763 είπόντι
1225 1709 1353 1781 περὶ
1379 1709 1481 1779 τῆς
1504 1710 1809 1779 οἰκουμενι-

211 1810 323 1881 κῆς
372 1805 541 1862 αὐτοῦ
600 1802 952 1875 Ἐκκλησίας,
997 1803 1080 1856 ὅτι
1128 1821 1146 1854 ι
1185 1802 1244 1854 ἐν
1293 1801 1458 1855 παντὶ
1509 1800 1660 1872 τόπῳ
1718 1818 1809 1872 μοι

1912 565 2007 611 aut
2051 556 2367 624 fructuum,
2414 574 2566 624 uvae,
2600 567 2696 614 aut
2744 558 2979 613 aliorum
3022 557 3303 629 primitias
3342 560 3502 617 dabis

1911 648 2323 717 sacerdotibus;
2372 651 2585 721 argenti
2628 664 2763 707 vero
2803 658 2859 706 et
2904 650 3258 717 vestimenti,
3288 651 3502 711 omnis-

1910 755 2018 810 que
2046 742 2437 811 possessionis,
2474 742 2723 815 orphano
2741 757 2808 798 ac
2835 741 3037 799 vidua.

2482 920 2716 978 CAPUT
2753 920 2931 977 XXX.

1910 1012 2189 1080 Quomodo
2217 1023 2458 1085 oporteat
2497 1016 2639 1070 diem
2687 1013 3065 1081 Dominicum,
3097 1017 3269 1071 nostri
3303 1014 3500 1074 Salva-

1979 1086 2116 1208 ;oris
2166 1087 2542 1141 resurrectioni
2582 1085 2855 1153 dicatum,
2904 1100 3248 1160 congregatos
3269 1126 3285 1155 ,
3356 1089 3497 1145 cele-

2014 1172 2155 1210 rare.

1982 1247 2082 1304 Die
2131 1248 2559 1307 resurrectionis
2606 1248 2861 1318 Domini,
2893 1250 2999 1307 hoc
3042 1260 3127 1308 est
3172 1251 3497 1320 Dominica,

1911 1344 2204 1398 convenite
2255 1343 2514 1409 assidue,
2552 1345 2757 1416 gratias
2792 1353 3017 1417 agentes
3058 1345 3206 1413 Deo,
3239 1354 3294 1403 et
3325 1348 3498 1404 conﬁ-

1911 1442 2093 1491 tentes
2136 1437 2204 1492 de
2240 1436 2525 1493 beneﬁciis
2564 1452 2688 1508 quae
2717 1438 2772 1492 in
2798 1454 2898 1494 vos
2941 1438 3177 1494 contulit
3223 1437 3369 1496 Deus
3400 1456 3499 1512 per

1910 1528 2216 1596 Christum,
2268 1530 2556 1585 liberando
2600 1531 2929 1603 ignorantia,
2958 1547 3178 1598 errore,
3221 1533 3494 1603 vinculis;

1912 1630 1972 1676 ut
2004 1622 2337 1678 sacriﬁcium
2370 1630 2617 1678 vestrum
2662 1624 2736 1680 sit
2778 1624 3220 1696 irreprehensum
3243 1664 3259 1691 ,
3290 1634 3345 1682 et
3386 1624 3500 1683 Dee

1911 1723 2219 1784 acceptum,
2247 1714 2342 1784 qui
2376 1714 2443 1770 de
2472 1713 2716 1770 Ecclesia
2750 1730 2850 1770 sua
2879 1716 3242 1779 aecumenica,
3274 1734 3370 1773 seu
3400 1734 3500 1789 per

1910 1812 2088 1860 totum
2139 1806 2331 1863 orbem
2378 1806 2577 1862 diﬂ‘usa
2626 1806 2810 1862 dixit:
2850 1826 2870 1860 ι
2918 1806 2977 1861 ln
3009 1809 3158 1863 omni
3200 1810 3324 1865 loco
3362 1811 3498 1866 mihi

210 1898 718 1971 προσενεχθήσεται
761 1894 1036 1967 θυμίαμα,
1080 1894 1177 1947 καὶ
1224 1891 1385 1946 θυσία
1426 1892 1675 1964 καθαρά’
1726 1894 1809 1946 ὅτι

1920 1897 2173 1954 uﬁ‘eretur
2208 1898 2517 1964 incensum,
2547 1907 2599 1955 et
2644 1900 2977 1955 sacriﬁcium
3023 1901 3287 1956 mundum
3320 1922 3334 1958 :
3368 1905 3500 1975 quia

212 1992 475 2063 βασιλεὺς
513 1990 690 2062 μέγας
726 1987 839 2058 ἐγώ
894 1989 1044 2058 είμι,
1073 1985 1223 2055 λέγει
1255 1984 1462 2057 Κύριος
1502 1984 1811 2056 παντοκρά-

208 2101 349 2156 τωρ,
378 2083 473 2138 καὶ
498 2081 561 2135 τὸ
595 2080 771 2153 δνομά
803 2096 904 2151 μου
934 2077 1246 2149 θαυμαστὸν
1277 2077 1335 2131 ἐν
1366 2079 1481 2141 τοῖς
1512 2076 1708 2130 ἔθνεσι.
1751 2095 1770 2127 ι

735 2170 1133 2228 ΚΕΦΑΛΑΙΟΝ
1169 2171 1295 2224 AA'.

360 2267 538 2333 Οῖους
565 2265 720 2319 εἶναι
748 2263 866 2334 χρὴ
897 2262 1041 2330 τοὺς
1070 2259 1665 2331 χειροτονουμένους.

286 2356 721 2431 Προχειρίσασθε
764 2356 821 2409 δὲ
864 2356 1199 2419 ἐπισκόπους
1243 2353 1428 2419 ἀξίους
1456 2352 1552 2406 τοῦ
1580 2352 1810 2425 Κυρίου,

210 2452 311 2506 καὶ
341 2450 770 2522 πρεσϐυτέρους,
804 2448 901 2503 καὶ
926 2447 1225 2512 διακόνους,
1256 2444 1457 2518 ἀνδρας
1479 2445 1722 2509 εὐσεϐεῖς
1740 2445 1810 2509 τ’,

208 2542 479 2608 δικαίους,
510 2544 731 2615 πραεῖς,
762 2539 1204 2613 ἀφιλαργύρους,
1240 2537 1578 2611 φιλαλήθεις,
1606 2536 1812 2592 δεδοκι-

213 2636 552 2708 μασμένους,
605 2634 824 2701 ὁσίους,
868 2632 1431 2706 ἀπροσωπολήπτους,
1482 2630 1812 2702 δυναμένους

209 2732 487 2787 διδάσκειν
511 2730 605 2785 τὸν
631 2729 791 2799 λόγον
820 2728 922 2800 τῆς
953 2725 1255 2790 εὐσεϐείας,
1282 2722 1715 2796 ὀρθοτομοῦντας
1752 2723 1812 2777 ἐν

209 2826 329 2886 τοῖς
354 2822 451 2877 τοῦ
480 2822 687 2895 Κυρίου
718 2821 1004 2893 δόγμασιν.
1043 2818 1232 2890 Ὑμεῖς
1275 2816 1333 2870 δέ
1367 2817 1565 2888 τιμᾶτε
1590 2813 1811 2879 τούτους

209 2917 291 2981 ὡς
335 2915 604 2987 πατέρας,
637 2914 713 2979 ὡς
758 2914 1005 2985 κυρίους,
1048 2912 1127 2976 ὡς
1163 2909 1488 2982 εὐεργέτας,
1519 2908 1595 2973 ὡς
1623 2906 1719 2961 τοῦ
1749 2903 1811 2963 εὖ

211 3006 356 3062 εἶναι
405 3008 636 3071 αἰτίους.
698 3005 980 3076 Ἐλέγχετε
1017 3004 1075 3057 δέ
1119 3002 1402 3073 ἀλλήλους,
1451 2999 1526 3072 μὴ
1562 3001 1620 3054 ἐν
1648 2999 1809 3072 ὀργῇ,

209 3101 331 3157 ἀλλ’
361 3102 419 3153 ἐν
452 3097 827 3171 μακροθυμίᾳ,
865 3096 1003 3169 μετά
1035 3094 1404 3168 χρηστότητος
1435 3093 1532 3147 καὶ
1564 3092 1807 3164 εἰρήνης.

210 3193 404 3248 Πάντα
432 3191 502 3245 τὰ
529 3189 989 3263 προστεταγμένα
1033 3189 1162 3259 ύμῖν
1194 3186 1300 3240 ὐπὸ
1329 3183 1422 3239 τοῦ
1460 3184 1664 3255 Κυρίου
1710 3201 1812 3254 φυ-

210 3287 434 3352 λάξατε.
483 3285 814 3356 Γρηγορεῖτε
845 3282 985 3353 ὑπὲρ
1012 3280 1114 3351 τῆς
1154 3277 1301 3349 ζωῆς
1328 3276 1502 3349 ὐμῶν.
1540 3295 1560 3328 ι
1598 3277 1808 3329 Ἔστω-

212 3396 318 3433 σαν
353 3379 412 3432 αί
457 3377 659 3447 ὀσφύες
702 3375 857 3447 ὐμῶν
904 3372 1376 3445 περιεζωσμέναι,
1410 3371 1505 3424 καὶ
1548 3370 1598 3423 οί
1628 3368 1809 3439 λύχνοι

211 3472 523 3543 καιόμενοι·
557 3470 651 3524 καὶ
680 3470 839 3541 ὑμεῖς
883 3469 1057 3539 ὅμοιοι
1098 3463 1408 3537 ἀνθρώποις
1441 3461 1808 3534 προσδεχομέ-

208 3581 326 3628 νοις
369 3562 461 3616 τὸν
504 3562 693 3635 κύριον
725 3560 954 3624 ἑαυτῶν,
994 3559 1125 3612 πότε
1153 3559 1293 3630 ἥξει,
1334 3558 1574 3629 ἑσπέρας
1604 3555 1638 3627 ἢ
1664 3553 1809 3626 πρωῒ

210 3655 353 3727 (70),
388 3654 863 3725 ἀλεκτοροφωνίας
893 3652 927 3722 ἢ
961 3651 1311 3723 μεσονυκτίου
1331 3667 1345 3680 ο
1439 3649 1549 3719 γὰρ
1594 3647 1714 3719 ὥρᾳ
1745 3648 1808 3700 οὐ

209 3747 612 3819 προσδοκῶσιν,
671 3744 949 3798 ἐλεύσεται
1006 3745 1035 3795 ὁ
1082 3742 1317 3814 Κύριος⁸
1370 3741 1467 3795 καὶ
1515 3739 1609 3793 ἐὰν
1657 3737 1809 3809 αὐτῷ

208 3842 468 3908 ἀνοίξωσι
491 3881 507 3907 ,
545 3841 806 3913 μακάριοι
836 3840 885 3892 οἱ
920 3835 1100 3892 δοῦλοι
1129 3837 1326 3889 ἐκεῖνοι
1350 3872 1365 3898 ,
1394 3834 1477 3887 ὄτι
1505 3830 1808 3904 εὑρέθησαν

206 3935 641 4007 γρηγοροῦντες
690 3933 771 3985 ὅτι
817 3930 1205 4005 περιζώσεται,
1253 3928 1350 3983 καὶ
1397 3926 1674 3981 ἀνακλινεῖ
1711 3926 1809 3980 αὐ-

204 4028 359 4089 τοὺς,
380 4027 475 4079 καὶ
513 4022 801 4096 παρελθὼν
825 4022 937 4093 (7|)
968 4023 1278 4093 διακονήσει
1299 4022 1503 4084 αὐτοῖς.
1548 4040 1566 4073 ι
1588 4022 1807 4093 Νήφετε

203 4115 329 4181 οὖν,
376 4118 471 4171 καὶ
498 4115 871 4188 προσεύχεσθε
907 4114 981 4186 μὴ
1029 4114 1275 4167 ὐπνῶσαι
1320 4115 1401 4177 είς
1445 4112 1711 4166 θάνατον·
1744 4112 1807 4166 οὐ

205 4211 323 4281 γὰρ
350 4210 533 4281 ὀνήσει
563 4209 710 4279 ὑμᾶς
736 4208 806 4261 τὰ
849 4207 1093 4279 πρότερα
1139 4204 1542 4277 κατορθώματα
1565 4244 1580 4268 ,
1604 4205 1699 4257 ἐὰν
1727 4205 1808 4268 είς

204 4302 282 4354 τὰ
325 4300 529 4371 ἔσχατα
574 4300 728 4373 ὐμῶν
775 4298 1201 4370 ἀποπλανηθῑῃε
1259 4297 1362 4369 τῆς
1424 4296 1662 4360 πίστεως
1706 4295 1808 4367 τῆς

205 4392 466 4465 ἀληθοῦς.

362 4526 365 4527 ν
452 4529 461 4536 .
592 4518 597 4525 ηπ
731 4482 1130 4538 ΚΕΦΑΛΑΙΟΝ
1165 4482 1287 4537 ΛΒ¹.

486 4577 824 4646 Πρόρρησις
852 4575 986 4645 περὶ
1014 4574 1133 4629 τῶν
1152 4574 1527 4643 μελλόντων.

297 4670 387 4724 Ἑν
414 4670 524 4742 γὰρ
557 4672 682 4733 ταῖς
709 4668 970 4740 ἐσχάταις
996 4668 1237 4740 ήμέραις
1262 4665 1731 4737 πληθυνθήσονται
1751 4665 1802 4719 οἱ

205 4762 652 4834 ψευδοπροφῆται
680 4763 777 4815 καὶ
804 4763 853 4814 οἱ
886 4760 1106 4832 φθορεῖς
1143 4758 1237 4814 τοῦ
1266 4759 1425 4828 λόγου
1449 4776 1461 4788 ·
1496 4759 1591 4811 καὶ
1636 4773 1804 4829 στρα-

207 4860 478 4927 φήσονται
525 4856 777 4928 πρόϐατα
827 4857 908 4918 εἰς
939 4853 1147 4923 ,λύκους
1176 4854 1272 4908 καὶ
1296 4855 1331 4927 ή
1378 4851 1568 4921 ἀγάπη
1603 4851 1683 4915 είς
1713 4852 1802 4921 μῖ-

209 4965 336 5011 σος·
386 4946 781 5017 πληθυνθείσης
828 4948 937 5018 γὰρ
968 4946 1070 5016 τῆς
1113 4945 1366 5016 ἀνομίας,
1414 4944 1721 5015 ψυγήσεται
1766 4945 1800 5013 ή

207 5040 403 5110 ἀγάπη
430 5040 537 5092 τῶν
572 5038 780 5092 πολλῶν
800 5055 813 5068 ’
850 5039 1139 5110 μισήσουσι
1180 5038 1290 5109 γὰρ
1336 5036 1597 5108 ἀλλήλους
1626 5037 1676 5089 oi
1707 5036 1802 5089 ἀν-

208 5132 441 5203 θρωττοι,
493 5132 587 5184 καὶ
632 5128 913 5195 διώξουσι,
965 5130 1060 5182 καὶ
1111 5128 1469 5199 προδώσουσι.
1524 5129 1633 5180 Καὶ
1682 5126 1802 5179 τότε

284 5262 329 5293 ⁷⁸
361 5261 487 5316 Mal.
538 5279 576 5326 l,
627 5262 716 5329 il,
772 5264 858 5320 M.

207 5332 252 5363 ⁸¹
283 5331 476 5386 Matth.
506 5348 657 5388 xxtv.

1832 4597 1879 4653 D

966 5266 1011 5298 ⁷⁸
1050 5266 1126 5329 al,
1180 5263 1452 5332 εὐλαϐεῖς.
1510 5265 1604 5323 Sic
1651 5276 1705 5323 et
1751 5264 1877 5321 cod.
1936 5262 2100 5319 Vind.

1913 2003 2007 2044 rex
2046 2004 2278 2060 magnus
2304 2005 2405 2060 ego
2435 2005 2557 2045 sum
2578 2032 2595 2057 ,
2642 1988 2777 2044 dicit
2808 1988 3073 2046 Dominus
3114 1994 3497 2064 omnipotens;

1910 2088 1965 2136 et
1999 2096 2200 2137 nomen
2231 2097 2412 2138 meum
2441 2081 2764 2137 admirabile
2800 2082 2855 2136 in
2889 2083 3146 2153 gentibus
3177 2084 3245 2141 ⁷⁸.
3276 2104 3297 2138 ι

2473 2171 2705 2229 CAPUT
2741 2172 2934 2229 XXXI.

2092 2265 2290 2333 Quales
2321 2283 2434 2321 esse
2461 2277 2701 2337 oporteat
2734 2283 2821 2321 eos
2853 2268 2945 2338 qui
2977 2267 3320 2326 ordinantur.

1982 2356 2179 2430 Eligite
2207 2368 2389 2414 autem
2418 2357 2707 2430 episcopos
2745 2359 2942 2430 dignos
2984 2358 3249 2425 Domino,
3283 2370 3339 2417 et
3375 2379 3503 2435 pre-

1911 2450 2185 2522 sbyteros,
2216 2466 2281 2505 ac
2310 2450 2596 2514 diaconos,
2621 2452 2769 2507 viros
2797 2452 2939 2522 pios,
2958 2452 3161 2523 justos,
3184 2455 3364 2519 mites,
3389 2473 3500 2513 non

1911 2559 2129 2605 avaros,
2163 2554 2411 2599 amantes
2455 2545 2737 2610 veritatis,
2775 2546 3073 2615 probatos,
3104 2556 3351 2615 sanctos,
3386 2566 3499 2606 non

1912 2645 2229 2707 acceptores
2261 2652 2655 2705 personarum,
2684 2637 2781 2708 qui
2816 2638 3035 2693 valeant
3062 2638 3261 2696 docere
3293 2658 3502 2697 sermo-

1910 2745 2036 2784 nem
2066 2729 2308 2800 pietatis,
2340 2729 2436 2799 qui
2478 2738 2627 2786 recte
2662 2738 2850 2786 secent
2887 2746 2953 2786 ac
2982 2738 3221 2788 tractent
3245 2732 3501 2805 dogmata

1910 2821 2147 2877 Domini.
2179 2820 2292 2878 Vos
2331 2837 2463 2877 vero
2507 2822 2607 2879 hos
2648 2822 2916 2879 honorate
2975 2830 3036 2877 ut
3071 2834 3280 2895 patres,
3315 2836 3372 2881 ut
3401 2827 3501 2883 do-

1910 2915 2114 2977 minos,
2146 2921 2207 2969 ut
2240 2914 2537 2981 beneﬁcos,
2569 2922 2629 2968 ut
2676 2922 2934 2971 auctores
2977 2916 3126 2986 quod
3167 2916 3307 2972 bene
3340 2919 3498 2978 estis.

1908 3008 2137 3079 Arguite
2164 3008 2329 3063 etiam
2362 3024 2460 3065 vos
2487 3015 2699 3074 mutuo,
2738 3025 2851 3064 non
2880 3011 2936 3064 in
2967 3010 3072 3074 ira,
3105 3009 3201 3065 sed
3233 3010 3288 3065 in
3315 3027 3504 3081 aequa-

1910 3101 2182 3165 nimitate,
2216 3115 2340 3155 cum
2373 3100 2712 3171 benignitate
2744 3115 2808 3155 ac
2849 3116 3005 3172 pace.
3046 3100 3244 3156 Omnia
3282 3102 3439 3157 vobis
3468 3120 3501 3157 a

1911 3191 2143 3247 Domino
2169 3200 2441 3263 praecepta
2485 3199 2721 3248 servate.
2753 3191 2987 3265 Vigilate
3020 3208 3122 3264 pro
3154 3194 3265 3247 vita
3293 3202 3498 3252 vestra.

1919 3307 1937 3336 ι
1979 3284 2102 3339 Sint
2126 3284 2295 3339 lumbi
2328 3284 2499 3340 vestri
2529 3285 2836 3355 praecincti,
2865 3292 2922 3339 et
2948 3285 3187 3341 lucerna:
3211 3285 3498 3353 ardentes;

1910 3384 1965 3432 et
2008 3392 2105 3432 vos
2132 3377 2339 3433 similes
2381 3377 2700 3433 hominibus
2733 3378 3183 3448 exspectantibus
3211 3377 3498 3432 dominum
3598 3400 3599 3403 η

1911 3486 2095 3536 suum,
2130 3468 2348 3540 quando
2376 3470 2578 3536 veniet,
2608 3484 2838 3540 vespere
2863 3484 2934 3524 an
2961 3484 3143 3534 mane,
3176 3469 3302 3540 galli
3324 3478 3495 3524 cantu

1912 3578 1980 3616 an
2015 3563 2193 3619 media
2234 3568 2397 3618 nocte
2431 3581 2444 3617 :
2475 3577 2583 3633 qua
2623 3562 2770 3618 enim
2820 3562 2954 3615 hora
2996 3576 3108 3616 non
3153 3567 3500 3631 exspectant,

1910 3657 2091 3711 veniet
2141 3655 2449 3711 Dominus:
2484 3663 2539 3710 et
2579 3655 2631 3710 ei
2679 3655 2725 3710 si
2766 3653 3121 3725 aperuerint,
3170 3654 3313 3710 beati
3352 3654 3496 3709 servi

1912 3748 2025 3813 illi,
2063 3749 2192 3819 quia
2243 3749 2450 3802 inventi
2500 3755 2630 3803 sunt
2681 3748 2973 3817 vigilantes
3005 3761 3021 3799 :
3053 3748 3313 3818 quoniam
3351 3763 3497 3818 prae-

1910 3840 2093 3911 cinget
2144 3856 2223 3908 se,
2265 3850 2321 3894 et
2352 3840 2517 3895 faciet
2568 3841 2693 3895 illos
2733 3840 3105 3904 discumbere,
3136 3847 3191 3893 et
3218 3840 3499 3896 transiens

1909 3932 2249 3987 ministrabit
2300 3933 2412 3988 illis
2446 3932 2514 3987 ⁸ο.
2562 3952 2581 3985 ι
2616 3931 2850 4004 Vigilate
2901 3931 3090 4003 igitur,
3136 3938 3192 3987 et
3239 3939 3389 3987 orate
3426 3948 3499 3987 ne

1924 4028 2215 4086 dormiatis
2256 4046 2312 4086 in
2348 4040 2579 4086 mortem
2614 4032 2683 4064 ⁸⁸¹
2716 4049 2731 4085 :
2771 4046 2879 4085 non
2918 4030 3063 4084 enim
3097 4028 3368 4098 iuvabunt
3399 4041 3500 4078 vos

1922 4122 2111 4193 priora
2145 4132 2290 4178 recte
2316 4122 2481 4193 facta,
2508 4123 2553 4178 si
2577 4123 2631 4178 in
2663 4121 2927 4177 extremis
2954 4121 3151 4177 vestris
3180 4137 3211 4175 a
3236 4120 3339 4174 ﬁde
3371 4132 3499 4172 vera

1923 4211 2329 4269 aberraveritis.

2454 4474 2687 4531 CAPUT
2727 4474 2941 4531 XXXII.

2348 4569 2697 4623 Deuuutiatio
2727 4568 2790 4623 de
2818 4568 3035 4637 futuris.

1980 4662 2041 4719 ln
2096 4661 2303 4718 ultimis
2349 4662 2495 4718 enim
2546 4662 2741 4719 diebus
2797 4659 3313 4732 multiplicabuntur
3365 4658 3491 4717 falsi

1907 4756 2187 4827 prophetae
2209 4762 2263 4810 et
2290 4762 2643 4825 corruptores
2674 4752 2986 4820 sermonis;
3017 4759 3073 4807 et
3100 4758 3491 4807 convertentur

1903 4824 2035 4903 oves
2066 4824 2121 4902 iri
2153 4849 2332 4918 lupos,
2363 4853 2419 4901 et
2462 4824 2711 4902 Vcharitas
2758 4846 2814 4900 in
2856 4844 3043 4900 odium
3084 4862 3098 4900 :
3140 4858 3269 4899 nam
3301 4844 3490 4899 multi-

1904 4941 2104 5012 plicata
2134 4940 2442 5011 iniquitate,
2475 4939 2794 5010 refrigescet
2814 4937 3057 4993 charitas
3086 4937 3385 4991 multorum
3402 4937 3444 4969 ⁸¹
3469 4956 3483 4992 :

1904 5033 2116 5087 scilicet
2176 5033 2429 5089 homines
2482 5032 2610 5087 odio
2682 5048 2743 5088 se
2794 5031 3029 5086 invicem
3079 5028 3389 5093 habebunt,
3431 5036 3489 5085 et

1904 5133 2325 5195 persequentur,
2357 5132 2414 5180 et
2456 5123 2710 5196 prodent.
2743 5122 2823 5179 Ac
2864 5132 2997 5179 tunc
3026 5122 3310 5194 apparebit
3334 5121 3481 5177 orbis

2219 5263 2267 5296 ⁸⁸
2318 5261 2452 5318 Luc.
2507 5278 2623 5328 xu,
2672 5263 2761 5319 55.
2855 5264 2925 5295 '°‘
2991 5259 3159 5316 Marc.
3206 5275 3305 5315 xm
3334 5298 3351 5326 ,
3394 5258 3481 5313 35.

1564 5453 1928 5518 VARIORUM
1965 5461 2193 5520 NOTIE.

263 5596 388 5679 ⁸(ὃὸ)
415 5600 728 5679 Κεραμζου.
764 5600 819 5654 1.1
854 5601 1025 5657 altero
1047 5602 1173 5659 cod.
1208 5599 1371 5658 Vind.
1397 5609 1484 5658 est
1506 5599 1788 5671 κεράμιον,

200 5675 389 5723 minus
417 5684 559 5723 recte
620 5675 791 5727 (lusu.

275 5738 394 5814 (69)_
432 5739 619 5814 'rﬂag.
657 5744 803 5800 Ailcr
849 5744 1015 5803 codex
1054 5743 1367 5803 Vindobon.
1408 5742 1571 5800 habet
1613 5744 1781 5814 ἡμᾶς,

198 5823 352 5878 tque
383 5809 537 5867 bene.
572 5812 642 5867 lu.

1971 5599 2084 5685 (70)
2107 5601 2478 5685 ngl'._Addit
2506 5604 2675 5661 codex
2708 5604 2871 5661 Vind.
2913 5607 2969 5678 ή,
3012 5626 3183 5677 mane,
3221 5620 3316 5666 aut
3343 5614 3476 5685 galli

1895 5679 2077 5735 cantu,
2105 5681 2220 5734 aut,
2255 5681 2361 5729 etc.
2398 5676 2474 5729 ID.

1967 5741 2215 5827 (7i)!(ai
2259 5745 2859 5827 grape.10_dn:,netc._ﬂ:p
2908 5756 2959 5806 et
3017 5750 3129 5807 luat
3180 5765 3477 5827 sapientes

1895 5828 2055 5871 voces
2085 5812 2286 5871 desunt
2314 5812 2371 5873 in
2402 5816 2524 5873 cod.
2559 5814 2792 5874 Vindob.
2823 5818 2901 5874 In.
3256 5812 3274 5827 ⁸
3329 5836 3332 5840 λ
