3886 6190
403 333 544 391 1023
1291 321 1346 376 8.
1382 315 1777 375 (ΞῐιΕΜΕλἼῚὸ
1809 317 1828 373 I
1863 315 1991 372 “Oi

2101 313 2274 372 ’ONT.
2309 312 2539 370 OPERA
2573 312 2798 370 DUBIA.
3552 313 3698 366 εδει

400 457 684 523 deceptor,
726 446 985 503 inimicus
1035 441 1307 502 veritatis,
1346 445 1721 510 propugnator
1765 431 1991 489 menda-

2101 432 2396 502 φανήσεται
2434 433 2464 486 6
2500 430 2896 502 κοσμοπλάνος,
2929 428 2958 482 6
2985 427 3084 497 τῆς
3121 427 3380 498 ἀληθείας
3411 427 3642 500 ἐχθρὸς.
3675 433 3703 482 6

400 549 506 615 cii;
540 520 706 617 quem
745 543 943 612 spiritu
975 539 1094 593 oris
1143 537 1228 592 sui
1280 534 1572 589 interﬁciet
1614 531 1776 586 Jesus
1800 529 1868 593 ",
1893 528 1990 598 qui

2101 523 2186 577 τοῦ
2231 524 2455 593 ψεύδους
2489 523 2831 596 προστάτης·
2866 522 2924 575 ὂν
2956 522 2984 574 6
3025 520 3228 592 Κύριος
3267 521 3478 592 Ἰησοῦς
3512 523 3704 576 ἀνελεῖ

402 655 501 712 per
526 614 671 692 labia
703 633 982 690 interimet
1019 630 1269 700 impium.
1301 627 1368 680 Et
1414 627 1572 680 multi
1620 627 1674 678 in
1712 639 1779 677 eo
1824 637 1990 678 scan-

2101 619 2170 689 τῷ
2217 617 2488 688 πνεύματι
2542 616 2638 670 τοῦ
2697 616 2962 686 πόματος
3007 614 3209 678 αὑτοῦ,
3252 616 3281 667 6
3324 614 3415 668 διὰ
3461 615 3706 686 χειλέων

401 707 589 786 dalum
621 729 900 799 patientur
935 740 948 776 :
978 723 1072 794 qui
1104 732 1285 778 autem
1311 718 1787 791 perseveraverint
1816 731 1991 784 usque

2101 712 2331 783 ἀναιρῶν
2374 710 2567 780 ἀσεϐῆ.
2612 711 2721 763 Καὶ
2764 709 2946 762 πολλοὶ
2995 707 3561 779 σκανδαλισθήσονται
3611 711 3704 761 ἐπ’

401 827 459 880 in
497 794 684 888 linem,
717 823 768 877 hi
805 821 939 877 salvi
969 831 1149 874 erunt.
1169 817 1431 887 Tuncque
1458 814 1739 886 apparebit
1762 813 1978 881 signum

2101 803 2243 874 αὑτῷ
2262 820 2276 833 ο
2326 804 2376 856 οί
2421 803 2477 856 δὲ
2522 802 2632 873 (72)
2663 801 3051 870 ὑπομείναντες
3078 803 3158 864 εἰς
3185 800 3367 864 τέλος,
3399 794 3558 853 οὗτοι
3597 817 3708 854 συ-

403 913 527 969 Filii
553 915 794 970 hominis
824 915 879 968 in
912 913 1052 969 cmlo
1082 912 1148 966 ⁸³.
1194 910 1396 964 Deinde
1427 924 1531 962 vox
1563 907 1707 960 tubae
1744 906 1849 958 erit
1885 917 1981 973 per

398 1008 798 1079 archangelum
828 1022 840 1056 :
866 1016 922 1062 et
948 1007 1152 1059 interea
1201 1001 1530 1056 reviviscent
1563 997 1656 1068 qui
1683 996 1977 1050 obierunt:

397 1111 454 1157 et
502 1111 634 1156 tunc
680 1100 863 1154 veniet
932 1097 1228 1156 Dominus,
1275 1109 1339 1148 ac
1393 1106 1584 1146 omnes
1631 1087 1805 1142 sancti
1855 1099 1982 1140 cum

401 1207 491 1255 eo,
525 1191 579 1245 in
619 1200 777 1245 terra:
819 1199 994 1252 motu,
1027 1203 1191 1257 super
1243 1185 1438 1245 nubes,
1469 1196 1593 1236 cum
1635 1177 1841 1246 angelis
1871 1175 1984 1228 vir-

404 1287 538 1339 tutis
572 1300 708 1349 suae,
745 1284 799 1338 in
829 1281 967 1337 solio
993 1281 1142 1350 regni
1169 1280 1248 1342 “,
1281 1279 1346 1331 ad
1390 1271 1863 1330 condemnandum
1894 1283 1986 1322 or-

403 1375 491 1430 bis
525 1375 874 1443 deceptorem
919 1371 1223 1431 diabolum,
1253 1375 1308 1422 et
1357 1367 1424 1420 ad
1476 1365 1816 1420 reddendum
1870 1363 1995 1417 uni-

401 1469 602 1536 cuique
629 1481 729 1536 pro
760 1463 1017 1535 Operiths
1039 1463 1106 1517 ⁸⁸.
1130 1461 1287 1515 Tunc
1311 1461 1574 1524 abibunt;
1600 1458 1726 1511 mali
1749 1456 1992 1526 quidem,

2095 896 2369 966 θήσονται.
2403 895 2513 947 Καὶ
2555 895 2676 947 τότε
2718 895 3018 964 φανήσεται
3056 893 3118 945 τὸ
3167 896 3389 963 σημεῖον
3422 892 3524 945 τοῦ
3562 889 3706 946 Υἱοῦ

2095 988 2333 1059 (75)1oﬁ
2379 987 2666 1059 ἀνθρώπου
2709 989 2766 1039 ἐν
2809 986 2889 1057 τῷ
2919 985 3163 1058 οὐρανῷ·
3198 985 3314 1039 εἶτα
3575 987 3704 1039 σάλι

2095 1099 2291 1150 πιγγος
2320 1082 2472 1134 ἔσται
2518 1081 2583 1135 δι’
2600 1079 2973 1152 ἀρχαγγέλου·
3005 1081 3100 1133 καὶ
3141 1078 3341 1150 μεταξὺ
3385 1080 3704 1142 summa;

2093 1175 2202 1224 τῶν
2254 1173 2698 1244 κεκοιμημένων·
2758 1175 2852 1227 καὶ
2904 1175 3024 1226 τότε
3074 1174 3192 1245 ἥξει
3237 1175 3266 1227 ὁ
3314 1173 3553 1246 Κύριος,
3610 1177 3707 1227 καὶ

2095 1265 2295 1330 πάντες
2353 1268 2404 1319 οί
2452 1267 2596 1334 ᾰγιοι
2647 1267 2761 1338 (74)
2807 1269 2922 1337 μετ’
2979 1267 3168 1330 αὑτοῦ,
3229 1269 3288 1320 ἐν
3345 1269 3710 1338 συσσεισμῷ.

2096 1359 2280 1412 ἐπάνω
2321 1359 2429 1411 τῶν
2471 1359 2726 1428 νεφελῶν,
2761 1362 2876 1430 μετ’
2896 1360 3141 1429 ἀγγέλων
3173 1361 3456 1432 δυνάμεως
3499 1361 3706 1421 αὑτοῦ.

2096 1453 2188 1504 ἐπὶ
2230 1451 2421 1523 θρόνου
2453 1450 2748 1521 βασιλείας,
2795 1455 3122 1523 κατακρίναι
3168 1453 3257 1506 τὸν
3309 1454 3713 1524 κοσμοπλάνον

403 1561 459 1615 in
491 1567 755 1614 azternum
787 1557 1116 1627 supplicium
1141 1573 1154 1622 ;
1179 1555 1314 1625 justi
1343 1562 1526 1607 autem
1559 1553 1714 1605 ibunt
1741 1551 1793 1603 in
1826 1550 1991 1603 vitam

2101 1544 2358 1608 διάϐολον,
2390 1547 2484 1598 καὶ
2522 1545 2814 1598 ἀποδοῦναι
2845 1547 3060 1618 ἑκάστῳ
3094 1546 3235 1600 κατά
3262 1547 3465 1618 πρᾶξιν
3497 1549 3705 1603 αὐτοῦ.

402 1662 665 1709 aeternam
707 1651 775 1716 “,
818 1650 1192 1705 haereditatem
1241 1649 1509 1703 adeuntes
1558 1660 1748 1701 eorum
1798 1661 1816 1694 ι
1874 1659 1991 1713 quae

2101 1639 2229 1691 Τότε
2259 1639 2649 1693 ἀπελεύσονται
2679 1641 2727 1693 οἱ
2761 1642 2858 1710 μέν
2889 1642 3136 1711 πονηροὶ,
3169 1642 3247 1704 εἰς
3280 1641 3504 1695 αίὼνιον
3535 1643 3713 1696 κόλα-

404 1747 600 1803 oculus
631 1761 740 1800 non
773 1746 932 1808 vidit,
981 1752 1036 1801 et
1079 1745 1229 1799 auris
1280 1760 1389 1798 non
1441 1744 1686 1808 audivit,
1719 1750 1772 1797 et
1805 1742 1859 1796 in
1898 1757 1991 1794 cor

2101 1749 2211 1785 σιν·
2244 1734 2292 1786 οἱ
2320 1733 2375 1786 δὲ
2404 1733 2601 1786 δίκαιοι
2631 1733 2987 1805 πορεύσονται
3016 1737 3095 1797 είς
3128 1733 3270 1805 ζωὴν
3299 1733 3549 1798 αίὼνιον,
3573 1736 3712 1806 κλη-

401 1839 642 1895 hominis
675 1854 784 1893 non
817 1839 1219 1907 ascenderunt,
1248 1855 1370 1909 qut?
1400 1837 1725 1910 praeparavit
1760 1835 1903 1890 Deus
1928 1835 1991 1890 iis

2101 1830 2456 1902 ρονομοῦντες
2495 1832 2678 1886 ἐκεῖνα
2716 1852 2734 1884 ι
2780 1832 2815 1887 ἃ.
2843 1833 3122 1905 ὀφθαλμὸς
3163 1835 3262 1887 οὑκ
3303 1830 3444 1897 εἶδε,
3477 1836 3582 1888 καὶ
3613 1831 3708 1896 οἷς

401 1935 496 2005 qui
529 1934 763 2004 diligunt
795 1934 947 1987 illum
978 1934 1059 2000 ";
1097 1954 1113 1986 ι
1140 1941 1195 1987 et
1229 1933 1544 2003 gaudebunt
1576 1933 1630 1987 in
1674 1946 1844 2002 regno
1874 1930 1991 1993 Dei,

2101 1925 2196 1976 οὑκ
2227 1926 2448 1994 ἧκουσε,
2485 1926 2580 1978 κα)⁵
2609 1927 2702 1979 ἐπὶ
2731 1926 2961 1997 καρδίαν
2988 1927 3275 1998 ἀνθρώπου
3304 1927 3405 1979 οὑκ
3436 1926 3639 1995 ἀνέϐη,
3674 1925 3710 1979 ἀ

401 2025 550 2097 quod
578 2033 663 2082 est
693 2027 748 2080 in
775 2026 996 2081 Christo
1038 2025 1188 2081 Jcsu.
1237 2025 1408 2080 Porro
1446 2033 1526 2079 tot
1568 2026 1846 2095 tantisque
1873 2023 1991 2092 ejus

2101 2017 2396 2086 ἡτοίμασεν
2428 2019 2456 2070 6
2489 2017 2620 2082 Θεὸς
2647 2023 2760 2082 τοῖς
2787 2019 3074 2086 ἀγαπῶσιν
3105 2018 3265 2071 αὑτόν
3285 2036 3296 2047 ·
3339 2038 3356 2070 ι
3393 2020 3490 2071 καὶ
3522 2021 3710 2089 χαρή-

402 2121 566 2176 bonis
609 2120 840 2191 dignati,
881 2120 1159 2190 supplices
1199 2120 1249 2174 ei
1292 2118 1620 2182 ellieiamur,
1674 2119 1991 2173 invocantes

2101 2127 2281 2163 σονται
2312 2112 2369 2163 ἐν
2398 2113 2463 2180 τῇ
2498 2110 2744 2182 βασιλείᾳ
2764 2110 2856 2164 τοῦ
2879 2110 3035 2174 Θεοῦ,
3066 2115 3132 2182 τῇ
3155 2113 3212 2163 ἐν
3234 2112 3456 2182 Χριστῷ
3492 2113 3705 2182 Ἰησοῦ.

403 2214 557 2269 illum
589 2214 812 2270 assidua
837 2214 1245 2286 deprecatione,
1279 2229 1343 2269 ac
1375 2214 1621 2271 dicentes
1656 2231 1669 2267 :

2101 2204 2381 2258 Τοσούτων
2409 2205 2464 2259 δὲ
2495 2205 2783 2275 ἠξιωμένοι
2813 2205 2921 2257 τῶν
2969 2209 3096 2276 παρ’
3128 2204 3291 2258 αὑτοῦ
3322 2205 3578 2273 ἀγαθῶν,
3614 2223 3706 2274 γε.

2097 2298 2318 2369 νὼμεθα
2349 2297 2514 2351 αὑτοῦ
2548 2298 2744 2360 ίκέται,
2775 2298 3193 2368 ἐπικαλούμενοι
3224 2299 3388 2352 αὑτὸν
3419 2298 3510 2352 διὰ
3547 2316 3708 2352 συνε·

2098 2391 2229 2462 χοῦς
2256 2391 2512 2464 δεήσεως,
2549 2394 2643 2445 καὶ
2671 2391 2920 2460 λέγοντες
2938 2408 2951 2420 ο

2613 2484 3012 2538 ΚΕΦΑΛΑΙΟΝ
3050 2484 3169 2537 AI".

2192 2597 2511 2668 Προσευχὴ
2543 2597 2935 2668 ἐξαγγελτικὴ
2966 2598 3248 2666 προνοίας
3281 2597 3603 2668 διαφόρου.

942 2483 1178 2582 CAPUT.
1217 2483 1455 2542 XXXIII.

605 2601 794 2657 Oratio
817 2603 1118 2672 prmdicans
1151 2603 1357 2655 variam
1385 2603 1793 2672 providentiam.

476 2711 708 2769 Eterne
739 2711 994 2767 Salvator
1020 2721 1230 2777 noster,
1265 2713 1375 2769 Rex
1418 2717 1681 2782 deorum;
1713 2718 1806 2788 qui
1841 2719 1991 2776 solus

2169 2715 2364 2768 Αίὼνιε
2403 2715 2586 2785 Σῶτερ
2622 2715 2812 2785 ἡμῶν,
2859 2714 2888 2766 6
2922 2712 3177 2783 βασιλεὺς
3205 2713 3313 2766 τῶν
3353 2713 3532 2766 θεῶν’
3568 2715 3598 2766 6
3626 2715 3702 2777 ὢν

403 2826 466 2864 es
491 2808 839 2878 omnipotens
868 2822 931 2860 ac
957 2806 1221 2862 Dominus
1248 2807 1326 2874 ⁸⁸;
1352 2806 1494 2862 Deus
1517 2810 1761 2863 omnium
1787 2826 1993 2878 rerum,

404 2911 462 2955 et
504 2900 648 2955 Deus
697 2906 1014 2956 sanctorum
1050 2915 1114 2953 ac
1165 2900 1567 2971 inculpatorum
1625 2911 1840 2970 patrum
1894 2920 1994 2958 no-

407 3003 673 3058 strorum,
730 3009 794 3048 ac
830 2993 1137 3061 majorum;
1183 2991 1327 3048 Deus
1357 2993 1686 3058 Abrahami,
1714 3003 1768 3049 et
1797 2995 1992 3061 lsaaci,

403 3095 459 3140 et
485 3085 676 3142 Jacobi
706 3085 787 3153 ";
825 3086 1141 3141 misericors
1170 3094 1225 3140 et
1247 3086 1558 3149 miserator,
1588 3086 1916 3157 longanimis
1941 3097 1994 3143 et

404 3179 590 3232 multa:
625 3177 1051 3246 misericordia;
1089 3179 1177 3233 cui
1229 3192 1392 3233 omne
1443 3194 1538 3232 cor
1569 3188 1714 3250 patet
1761 3182 1992 3248 nudum,

403 3279 460 3326 et
488 3272 669 3327 omnis
715 3273 933 3326 occulta
963 3272 1224 3342 cogitatio
1255 3279 1482 3342 apparet
1509 3292 1520 3326 :
1556 3273 1624 3327 ad
1668 3280 1722 3329 te
1754 3277 1998 3332 clamant

406 3365 606 3419 anima:
640 3366 960 3435 justorum;
993 3367 1048 3421 in
1094 3375 1146 3423 te
1187 3383 1315 3437 spes
1357 3374 1675 3422 sanctorum
1720 3370 1991 3428 nituntur.

405 3457 570 3515 Pater
609 3460 1143 3530 irreprehensorum,
1191 3469 1243 3515 te
1283 3468 1433 3515 recte
1478 3461 1850 3517 invocantium
1895 3480 1996 3518 au-

406 3553 586 3618 ditor,
635 3554 730 3623 qui
776 3554 941 3608 etiam
994 3555 1192 3608 tacitas
1242 3555 1638 3626 appellationes
1685 3556 1992 3630 intelligis:

405 3647 669 3717 pertingit
723 3649 872 3702 enim
925 3664 1100 3717 usque
1145 3647 1212 3700 ad
1265 3649 1503 3703 humana
1551 3650 1765 3706 viscera
1814 3653 1995 3722 provi-

406 3739 594 3794 dentia
625 3747 740 3802 tua,
776 3750 830 3794 et
860 3755 956 3808 per
989 3741 1385 3794 conscientiam
1430 3742 1700 3798 scrutaris
1731 3744 1996 3799 uniuscu-

404 3830 612 3901 jusque
661 3832 1021 3887 voluntatem.
1070 3833 1246 3902 Atque
1297 3849 1394 3903 per
1454 3848 1670 3889 onmem
1717 3838 1995 3906 regionem

405 3924 562 3979 orbis
590 3924 827 3977 mittitur
855 3924 952 3978 tibi
997 3925 1295 3996 thymiama
1327 3928 1659 3996 precationis
1695 3943 1760 3982 ac
1787 3945 1998 3985 sermo-

407 4032 564 4072 num.
609 4015 714 4083 Qui
763 4019 1024 4073 saeculum
1062 4033 1326 4088 praesens,
1367 4019 1606 4073 stadium
1645 4021 1876 4090 justitiaa
1911 4023 1997 4077 in-

408 4111 640 4166 stituisti
665 4111 735 4176 “,
761 4111 1019 4166 omnibus
1063 4120 1246 4166 autem
1277 4114 1543 4182 aperuisti
1570 4113 1797 4183 januam
1830 4115 1999 4172 mise-

408 4187 699 4269 rieordize;
755 4203 989 4275 singulis
1042 4220 1175 4260 vero
1229 4204 1580 4269 hominibus,
1637 4222 1734 4276 per
1775 4207 1995 4264 insitam

407 4297 778 4368 cognitionem
813 4311 878 4350 ac
909 4297 1160 4352 naturale
1193 4297 1484 4368 judicium,
1515 4305 1570 4352 et
1612 4314 1676 4352 ex
1726 4298 1862 4369 legis
1909 4300 1998 4354 in-

408 4390 721 4462 stigatione,
754 4390 1042 4446 ostendisti
1077 4391 1223 4461 quod
1259 4391 1575 4445 divitiarum
1608 4407 1715 4445 non
1757 4399 1842 4447 est
1875 4411 1997 4464 per-

2103 2807 2261 2876 μὸνος
2292 2807 2687 2878 παντοκράτωρ
2717 2807 2810 2859 καὶ
2840 2806 3043 2876 Κύριος
3062 2822 3076 2836 °
3115 2807 3144 2858 6
3171 2805 3304 2868 Θεὸς
3336 2806 3568 2858 πάντων
3593 2808 3700 2861 τῶν

2098 2898 2293 2962 ὄντων,
2325 2899 2420 2952 καὶ
2450 2899 2581 2960 Θεὸς
2611 2898 2718 2950 τῶν
2759 2897 2926 2965 ἀγὶων
2974 2899 3068 2950 καὶ
3097 2898 3407 2968 ἀμέμπτων
3438 2900 3700 2970 πατέρων

2102 2992 2260 3062 ἡμῶν
2292 2992 2385 3044 καὶ
2416 2990 2523 3043 τῶν
2557 2990 2672 3062 (75)
2701 2990 2808 3061 πρὸ
2837 2989 3024 3060 ἡμῶν,
3056 2991 3084 3042 6
3112 2988 3244 3053 Θεὸς
3288 2990 3570 3062 Ἀϐραάμ,
3607 2994 3698 3044 καὶ

2115 3082 2322 3149 Ἰσαάκ,
2372 3084 2466 3136 καὶ
2527 3082 2754 3136 Ίακώὸ·
2802 3085 2830 3136 6
2871 3082 3118 3153 ἐλεήμων
3163 3084 3255 3136 καὶ
3293 3085 3627 3155 οἰκτίρμων,
3669 3086 3697 3135 6

2103 3177 2454 3249 μακρόθυμος
2483 3179 2576 3231 καὶ
2608 3177 2890 3241 πολυέλεος
2910 3195 2924 3207 ·
2954 3170 2999 3245 ᾧ
3020 3179 3169 3230 πᾶσα
3199 3179 3561 3249 γυμνοφανὴς
3590 3179 3698 3248 βλέ-

2098 3287 2258 3322 πεται
2293 3270 2405 3341 (76)
2437 3270 2632 3342 καρδία
2653 3314 2666 3336 ,
2697 3271 2792 3324 καὶ
2821 3272 2928 3324 πᾶν
2975 3269 3205 3341 κρύφιον
3234 3269 3537 3340 ἐνθύμημα
3565 3273 3696 3324 ἀπο-

2099 3362 2461 3415 καλύπτεται’
2496 3363 2634 3434 πρὸς
2668 3364 2727 3416 σὲ
2770 3362 2935 3432 βοῶσι
2980 3362 3148 3433 ψυχαὶ
3175 3363 3400 3416 δικαίων
3424 3380 3438 3394 ·
3471 3365 3570 3417 ἐπὶ
3617 3367 3696 3418 σοὶ

2097 3455 2425 3509 πεποίθασιν
2454 3454 2665 3518 ἐλπίδες
2691 3455 2873 3508 ὁσίων.
2921 3454 2977 3507 '0
3005 3454 3112 3507 τῶν
3141 3455 3452 3526 ἀμέμπτων
3482 3459 3693 3529 Πατὴρ.

2095 3547 2127 3602 6
2158 3550 2264 3602 τῶν
2297 3551 2414 3620 μετ’
2444 3548 2736 3619 εὐθύτητος
2781 3546 3226 3616 ἐπικαλουμένων
3259 3562 3318 3598 σε
3364 3547 3640 3617 ἐπήκοος,
3669 3550 3695 3598 6

2097 3644 2193 3697 καὶ
2240 3642 2602 3714 σιωπωμένας
2645 3641 3009 3710 ἐπιστάμενος
3049 3639 3339 3704 ἐντεύξεις·
3375 3645 3554 3713 χωρεῖ
3593 3643 3696 3714 γάρ

2102 3736 2263 3809 μέχρι
2313 3736 2637 3806 σπλάγχνων
2684 3733 3040 3804 ἀνθρωπίνων
3090 3732 3272 3803 (77)ὴ
3324 3733 3394 3804 σὴ
3444 3735 3696 3805 πρόνοια,

2099 3832 2193 3883 καὶ
2221 3829 2307 3884 διὰ
2354 3829 2710 3900 συνειδήσεως
2753 3828 2981 3899 ἐρευνᾷς
3029 3825 3262 3879 ἑκάστου
3301 3825 3402 3896 τὴν
3445 3827 3698 3898 γνώμην.

2099 3924 2207 3976 Καὶ
2237 3921 2379 3976 κατά
2419 3923 2530 3975 πᾶν
2559 3921 2729 3992 κλίμα
2769 3918 2872 3990 τῆς
2897 3918 3222 3989 οἰκουμένης
3249 3917 3310 3969 τὸ
3339 3917 3430 3971 διά
3459 3936 3702 3990 προσευο

2099 4016 2203 4086 χῆς
2249 4016 2343 4069 καὶ
2388 4014 2560 4084 λόγων
2607 4011 2990 4083 ἀναπέμπεται
3036 4028 3118 4063 σοι
3169 4010 3444 4081 θυμίαμα.
3508 4011 3572 4066 Ὀ
3613 4013 3702 4067 τὸν

2099 4108 2346 4180 παρόντα
2391 4109 2585 4171 αἰῶνα,
2635 4106 2847 4160 στάδιον
2891 4103 3236 4173 δικαιοσύνης
3267 4104 3700 4175 ἐνστησάμενος,

2100 4205 2233 4256 πᾶσι
2279 4203 2335 4255 δὲ
2379 4202 2598 4266 ἀνοίξας
2643 4200 2819 4270 πύλην
2865 4197 3263 4267 ἐλεημοσύνης·
3309 4194 3604 4260 ὑποδείξας
3648 4197 3702 4251 δι

2099 4296 2317 4367 ἑκάστῳ
2355 4295 2463 4348 τῶν
2501 4291 2837 4364 ἀνθρώπων,
2877 4288 2966 4342 διὰ
3002 4288 3103 4356 τῆς
3139 4287 3384 4357 ἐμφύτου
3438 4289 3701 4355 γνώσεως

2101 4391 2194 4442 καὶ
2231 4387 2466 4458 φυσικῆς
2501 4385 2736 4455 κρίσεως
2759 4422 2774 4446 ,
2815 4381 2908 4434 καὶ
2944 4383 3011 4434 ἐκ
3047 4381 3148 4450 τῆς
3202 4379 3297 4433 τοῦ
3350 4379 3520 4450 νόμου
3565 4383 3698 4435 ὑπο-

409 4491 572 4554 petua
625 4484 942 4553 possessio,
981 4483 1290 4538 venustatis
1336 4498 1445 4536 non
1491 4499 1732 4552 perenne
1789 4485 1991 4554 decus;

2102 4483 2426 4552 φωνήσεως,
2469 4479 2545 4542 ὡς
2583 4476 2812 4530 πλούτου
2861 4474 2960 4545 μὲν
3012 4475 3112 4526 οὑκ
3149 4473 3318 4526 ἀΐδιον
3363 4472 3427 4525 τὸ
3466 4474 3696 4545 κτῆμα,

408 4578 553 4646 quod
607 4578 803 4630 virium
861 4577 1018 4630 facile
1068 4577 1389 4631 dissolvitur
1448 4577 1757 4645 ﬁrmitudo;
1818 4581 1995 4648 quod-

409 4683 520 4737 que
570 4682 768 4727 cuncta
826 4674 1047 4745 quidem
1083 4683 1212 4727 sunt
1261 4689 1431 4744 vapor
1482 4691 1546 4729 ac
1597 4681 1811 4731 Vanitas
1849 4679 1991 4742 "-",

413 4759 529 4814 sola
559 4777 686 4818 vero
719 4767 1062 4823 conscientia
1101 4765 1229 4820 ﬁdei
1259 4780 1368 4818 non
1399 4764 1641 4821 subdola:
1675 4767 1857 4822 evadit
1899 4785 1994 4840 per

414 4856 626 4910 medios
670 4859 840 4910 cmlos
884 4877 1010 4917 cum
1038 4855 1270 4911 veritate
1317 4852 1642 4920 ascendens,
1678 4853 1990 4911 futurarum

2102 4575 2434 4646 εὐπρεπείας
2471 4572 2573 4624 οὑκ
2628 4569 2854 4622 ἀένναον
2903 4566 2967 4619 τὸ
3020 4565 3243 4628 κάλλος·
3285 4564 3574 4634 δυνάμεως
3613 4569 3698 4620 εί-

2102 4669 2344 4729 διάλυτος
2388 4668 2420 4736 ἡ
2474 4663 2653 4734 ἰσχύς·
2717 4663 2810 4715 καὶ
2855 4660 3029 4731 ἀτμὸς
3088 4659 3187 4729 μὲν
3242 4659 3335 4710 καὶ
3396 4661 3697 4730 ματαιότης

2102 4761 2170 4814 τά
2229 4759 2463 4820 σύνολα,
2523 4756 2659 4827 μόνη
2711 4755 2768 4807 δὲ
2827 4753 3128 4823 συνείδησις
3173 4751 3409 4812 πίστεως
3457 4751 3696 4803 avum.

2103 4855 2193 4917 λος
2246 4853 2293 4884 ’³
2346 4850 2648 4908 διαϐαίνει.
2703 4847 2791 4900 διὰ
2857 4847 3020 4917 μέσον
3080 4844 3323 4911 οὐρανῶν
3379 4846 3500 4912 μετ’
3561 4845 3692 4912 ἀλη-

480 4983 524 5015 ⁶¹
554 4982 596 5036 11
621 4982 813 5040 Thess.
847 4999 924 5047 ll;
978 4982 1085 5038 Isa.
1113 5000 1194 5047 τι,
1223 4982 1278 5038 4.
1354 4983 1399 5014 ⁸³
1427 4981 1622 5038 Matth.
1658 5000 1808 5038 xxiv.
1886 4982 1933 5014 ⁸⁵
1967 4983 1981 5036 l

2107 4996 2214 5034 ess.
2244 4995 2318 5040 tv,
2350 4975 2436 5030 l6.
2513 4975 2560 5007 ⁸⁸
2597 4972 2788 5047 Matth.
2820 4987 2931 5047 xvi,
2960 4971 3052 5047 Ξῖ.
3111 4969 3172 5047 ’⁸⁸
3204 4963 3694 5047 Μίδεω-..ηιξ

408 5055 499 5108 "1
533 5027 764 5121 6.3.11}:
769 5027 883 5109 "si."
910 5027 962 5087 ἲ·
982 5027 1286 5118 "Egilia;
1316 5053 1402 5107 te.
1427 5027 1857 5118 ”’δό”ἐὶὸἁ’.’ἰίι,
1882 5053 1937 5108 6.
1967 5027 1981 5036 ’
2011 5027 2258 5106 υἷιῖνόὀὶξ
2278 5027 2370 5113 ἰ’χ,
2392 5027 2495 5100 ἐι.
2573 5047 2695 5086 νι-οι
2719 5044 2899 5100 Ecele.
2922 5027 2972 5109 ἰ,
2998 5045 3066 5098 2;
3099 5039 3219 5094 Jac.
3252 5053 3326 5100 ιν,
3367 5033 3459 5088 tt.
3541 5035 3589 5066 "
3621 5036 3689 5090 al.

412 5124 737 5178 ἀνυπούλου.

1726 5289 2091 5351 VARIORUM
2127 5296 2359 5353 ΝΟΤᾹΞ.

621 5435 691 5518 ΟΞ
710 5431 799 5518 δέ.
841 5436 979 5518 Cod;
1011 5437 1173 5496 Vind.
1204 5443 1232 5494 6
1267 5442 1323 5494 δὲ
1363 5444 1681 5515 ὑπομείνας,
1714 5456 1766 5503 et
1801 5457 1988 5518 postea

401 5502 560 5573 οὑτος
585 5502 911 5573 σωθήσεται.
940 5508 1110 5563 Cum.

401 5569 691 5699 “gain?
721 5569 992 5646 ’σημεῖον
1045 5583 1150 5635 τοῦ
1213 5584 1367 5638 Υἱοῦ.
1425 5582 1483 5638 In
1539 5587 1730 5642 eodem
1786 5591 1909 5645 cod.
1957 5593 1984 5644 ὁ

614 5716 678 5792 9]
706 5715 876 5792 ᾷγιρι.
911 5718 1105 5792 Melius
1138 5723 1355 5792 ἄγγελοι
1388 5726 1441 5780 in
1474 5728 1597 5784 cod.
1632 5725 1795 5784 Vind.
1831 5729 1906 5786 In.

475 5775 583 5850 (75)
617 5784 726 5837 Kal
753 5775 889 5842 'nar.
924 5789 1049 5850 Dele
1081 5775 1252 5852 ‘xa't
1292 5775 1980 5860 cauta;assignans

2095 5453 2470 5526 auctoritate,
2506 5469 2632 5526 nam
2682 5454 2731 5506 οἱ
2765 5455 2871 5526 πρὸ
2899 5454 3054 5524 ἡμῶν
3094 5455 3256 5510 iidem
3305 5466 3434 5511 Sunt
3478 5456 3572 5515 hic
3619 5475 3678 5514 ac

2092 5524 2327 5609 πατέρες
2354 5524 2530 5609 ἡμῶν.
2571 5525 2646 5578 In.

2163 5593 2276 5666 (76)
2307 5594 2615 5666 Βλέπεται.
2650 5594 2708 5648 In
2741 5595 2930 5651 eodem
2952 5603 3037 5650 est
3060 5596 3328 5666 φαίνεται.
3365 5593 3444 5650 lr..

2166 5662 2272 5734 (77)
2315 5665 2736 5731 ‘Aropmm'rwr.
2789 5666 2958 5721 Abest
2997 5662 3538 5732 in'alterocodice.
3585 5684 3676 5726 nec

2087 5749 2221 5857 issue
2259 5737 2633 5859 nefessarium
2658 5746 2780 5806 est;
2821 5738 2955 5794 satis
2986 5738 3133 5793 enim
3169 5753 3235 5793 ex
3270 5737 3386 5807 ipsa
3425 5755 3488 5794 re
3524 5742 3677 5797 nitel-

2110 5815 2292 5859 mttur.
2350 5821 2400 5859 D.

2110 5815 2292 5872 Igitur.
2327 5815 2400 5860 ID.
