3886 6190
217 309 365 367 1095

1097 321 1706 387 CONSTITUTIONES
1737 333 2217 398 APOSTOLICE.
2255 375 2321 384 ——
2356 344 2485 406 LIB.
2524 348 2620 406 Ἧι

3374 358 3504 419 I026

212 430 370 544 θείας
407 429 745 544 ἀέερχομένη
769 473 784 496 ,
825 435 928 505 τῆς
968 439 1270 512 μελλούσης
1305 443 1516 514 τροφῆς
1553 446 1599 477 ⁸⁸
1634 447 1800 528 δεξιιάι

1917 452 2239 511 deliciarum
2269 458 2552 516 dexteram
2581 463 2904 533 prehendit;
2933 468 3096 522 simul
3125 477 3180 525 et
3205 481 3499 544 antequam

211 518 630 590 ἀπολαμϐάνει·
683 522 802 595 ἅμα
842 529 938 581 καὶ
986 531 1093 600 πρὸ
1139 533 1235 587 τοῦ
1287 538 1637 607 παραστῆναι
1685 521 1816 594 ὑπό-

211 619 401 681 σχεσιν
430 612 543 684 (78)
571 614 672 686 τῆς
694 617 1134 689 παλιγγενεσίας,
1164 625 1302 699 αὐτὴ
1335 629 1368 699 ή
1400 628 1547 701 ψυχὴ
1571 634 1638 702 τῇ
1665 633 1814 685 ἐλπί-

205 702 260 754 δι
295 706 649 778 γαυρουμένη
676 709 1048 781 εὐφραίνεται.
1087 715 1178 781 Ἐξ
1198 718 1453 790 ὑπαρχῆς
1483 722 1531 753 ⁹⁵
1561 723 1690 796 γὰρ,
1717 726 1811 779 τοῦ

209 797 563 870 προπάτορος
595 801 752 870 ήμῶν
793 803 1044 878 Ἀϐραὰμ
1068 826 1369 878 μεταπονου
1378 811 1538 882 μένου
1568 816 1667 885 τὴν
1696 816 1813 871 ὁδὸν

203 887 306 958 τῆς
340 887 618 958 ἀληθείας,
659 893 1026 969 ὁραματισμῷ
1075 901 1384 974 ὼδήγησας,
1430 906 1668 976 διδάξας,
1706 911 1734 963 ὃ
1757 929 1809 965 τι

202 979 343 1032 ποτέ
372 982 522 1034 ἐστιν
543 985 572 1036 ὁ
599 983 735 1040 αὶὼν
763 983 920 1052 οὐτος
942 1006 956 1020 ο
993 992 1086 1044 καὶ
1116 995 1216 1064 τῆς
1248 995 1347 1065 μὲν
1379 997 1618 1064 πίστεως
1643 1004 1807 1058 αὐτοῦ

1916 547 2261 615 promissum
2294 550 2504 607 iteratae
2551 569 2653 624 per
2701 558 3163 615 resurrectionem
3200 563 3502 622 nativitatis

1914 647 2229 707 praestetur,
2277 642 2394 712 ipsa
2435 645 2616 699 anima
2664 661 2762 716 spe
2803 651 3087 705 exsultans
3136 652 3367 709 laetatur.
3417 656 3502 712 Ab

1913 730 2071 784 initio
2103 733 2272 797 enim,
2311 737 2661 805 progenitore
2702 747 2895 794 nostro
2935 739 3249 797 Abrahamo
3278 745 3324 776 "
3353 746 3499 801 viam

1910 824 2158 880 veritatis
2182 837 2524 896 capessente,
2553 845 2676 884 eum
2702 833 3018 900 apparendo
3039 834 3270 900 duxisti,
3293 836 3500 895 docens

1909 917 2171 986 quidnam
2206 927 2355 974 esset
2388 921 2490 976 hoc
2521 923 2783 978 saculum
2810 943 2822 978 :
2855 932 2910 979 et
2941 926 3088 981 illius
3121 929 3342 998 quidem
3374 930 3497 985 ﬁdei

1909 1011 2122 1079 praeivit
2153 1012 2416 1082 cognitio,
2455 1015 2758 1086 cognitioni
2789 1025 2970 1072 autem
3004 1034 3351 1091 consequens
3395 1023 3499 1080 fuit

1909 1102 2082 1164 ﬁdes,
2141 1103 2265 1158 ﬁdei
2329 1121 2462 1159 vero
2519 1111 2913 1178 consequentia
2966 1113 3178 1166 exstitit
3243 1125 3492 1182 pactum;

1691 1187 1808 1258 5οη-
1905 1191 2093 1246 dixisti
2124 1194 2268 1248 enim
2310 1213 2325 1250 :
2376 1217 2394 1246 ι
2447 1196 2666 1251 Faciam
2700 1215 2888 1254 semen
2920 1208 3074 1255 tuum
3109 1203 3255 1257 sicut
3304 1205 3496 1258 stellas

201 1370 284 1423 μα
332 1370 427 1406 σου
469 1355 546 1419 ὡς
589 1359 717 1420 τοὺς
761 1359 1002 1432 ἀστέρας
1045 1363 1142 1416 τοῦ
1171 1365 1426 1436 οὐρανοῦ,
1473 1370 1568 1422 καὶ
1600 1370 1675 1435 ὡς
1702 1374 1803 1444 τὴν

195 1445 388 1516 ἄμμον
433 1448 532 1520 τὴν
564 1451 715 1521 παρά
754 1451 817 1505 τὸ
848 1454 1026 1523 χεῖλος
1070 1457 1171 1528 τῆς
1204 1458 1501 1532 θαλάσσης.
1561 1482 1579 1514 ι
1646 1465 1804 1519 Ἀλλὰ

199 1538 312 1610 μὴν
343 1540 436 1592 καὶ
470 1540 562 1594 τὸν
623 1543 809 1598 Ἰσαὰκ
847 1546 995 1618 αὐτῷ
1032 1548 1441 1621 δωρησάμενος,
1479 1556 1572 1608 καὶ
1618 1557 1801 1627 ὅμοιον

195 1629 366 1683 αὐτὸν
399 1631 554 1697 εἰδὼς
581 1636 792 1689 ἐκείνου
814 1638 894 1709 τῷ
923 1639 1133 1711 τρόπῳ,
1176 1644 1270 1695 καὶ
1300 1645 1464 1698 αὐτοῦ
1493 1648 1801 1722 ἐπεκλήθης

193 1721 352 1790 Θεὸς,
379 1725 551 1779 εἰπών
580 1742 595 1758 ’
636 1746 654 1780 ι
671 1730 906 1801 Ἔσομαί
932 1749 1027 1786 σου
1055 1734 1205 1802 Θεὸς,
1234 1739 1329 1791 καὶ
1356 1740 1451 1792 τοῦ
1486 1721 1799 1813 σπέρματός

1779 1311 1806 1320 -
1905 1283 2052 1352 cmli,
2084 1292 2136 1337 et
2166 1286 2310 1340 sicut
2339 1301 2561 1341 arenam
2595 1305 2716 1358 qua:
2746 1297 2830 1345 est
2860 1290 2914 1344 in
2945 1291 3127 1346 littore
3167 1292 3337 1346 maris
3361 1293 3426 1347 ".
3467 1313 3489 1346 ι

1907 1373 2013 1431 Sed
2043 1387 2094 1432 et
2123 1377 2369 1434 lsaacum
2403 1382 2479 1434 illi
2509 1382 2744 1446 donans,
2779 1386 3072 1455 sciensque
3104 1402 3229 1440 eum
3258 1387 3335 1440 illi
3369 1403 3491 1441 mo-

1905 1466 2058 1521 ribus
2081 1469 2337 1532 similem,
2379 1471 2501 1539 ejus
2533 1489 2750 1545 quoque
2781 1475 2926 1531 Deus
2956 1479 3261 1548 appellatus
3291 1495 3373 1540 es,
3400 1479 3491 1533 di-

1903 1575 2034 1614 cens
2071 1579 2082 1613 :
2122 1579 2140 1610 ‹
2179 1561 2285 1616 Ero
2315 1563 2457 1619 Deus
2483 1574 2634 1629 tuus,
2662 1575 2716 1622 et
2746 1570 2975 1624 seminis
3012 1570 3091 1623 tui
3125 1579 3247 1640 post
3280 1580 3331 1625 te
3361 1572 3426 1626 ".
3463 1591 3486 1624 ι

1900 1650 2065 1721 Atqui
2097 1668 2222 1708 cum
2267 1663 2422 1724 pater
2458 1673 2647 1713 noster
2689 1658 2927 1716 Jacobus
2955 1661 3008 1715 in
3044 1661 3488 1732 Mesopotamiam

1903 1743 2026 1806 iret,
2074 1762 2170 1816 per
2210 1747 2488 1804 Christum
2522 1767 2683 1821 quem
2728 1753 2774 1808 ei
2809 1754 3120 1818 ostendisti,
3153 1756 3368 1810 locutus
3403 1771 3485 1819 es,

194 1831 294 1867 σου
323 1817 464 1886 μετά
505 1819 586 1872 σέ.
644 1839 663 1872 ι
709 1822 821 1876 Καὶ
862 1823 957 1877 τοῦ
1009 1829 1217 1899 πατρὸς
1256 1831 1414 1901 ήμῶν
1476 1834 1668 1887 Ἰακὼϐ
1708 1838 1799 1890 ἐπὶ

1903 1837 2094 1894 dit-ens
2133 1858 2146 1894 ε
2186 1858 2204 1890 ι
2241 1840 2380 1898 Ecce
2426 1859 2528 1913 ego
2570 1860 2691 1900 sum
2735 1853 2946 1913 tecum;
2978 1856 3034 1902 et
3075 1849 3284 1917 augebo
3325 1857 3395 1913 te,
3433 1856 3489 1901 et

191 1909 624 1982 Μεσοποταμίαν
655 1915 1031 1988 στελλομένου,
1059 1920 1240 1987 δείξας
1284 1925 1378 1978 τὸν
1423 1927 1679 1998 Χριστὸν,
1720 1930 1796 1984 δι’

190 2001 362 2055 αὐτοῦ
409 2003 698 2078 ὲλάλησας,
737 2010 907 2065 εἰπών
930 2029 944 2044 ο
982 2032 1001 2065 ι
1052 2014 1183 2068 Ἰδοὺ
1215 2017 1326 2085 ἐγώ
1359 2022 1473 2090 είμι
1508 2022 1646 2092 μετά
1677 2023 1793 2091 σοῦ,

188 2094 291 2147 καὶ
319 2095 536 2162 αὐξανῶ
555 2118 634 2168 σε,
663 2104 756 2158 καὶ⁵
782 2105 1039 2177 πληθυνῶ
1067 2125 1127 2161 σε
1159 2111 1385 2183 σφόδρα.
1426 2131 1444 2164 ι
1480 2115 1590 2167 Καὶ
1622 2114 1795 2181 οὕτως

187 2185 355 2254 εἶπας
385 2192 523 2263 πρὸς
549 2197 789 2269 Μωῡσῆν
822 2199 914 2252 τὸν
949 2201 1138 2253 πιστὸν
1167 2203 1265 2255 καὶ
1297 2203 1452 2273 ἅγιόν
1498 2223 1592 2259 σου
1633 2207 1796 2280 θερά-

186 2297 384 2348 ποντα,
412 2285 505 2338 erit
534 2286 634 2358 τῆς
663 2290 930 2355 ὀπτασίας
962 2293 1062 2361 τῆς
1091 2292 1254 2362 βάτου
1282 2320 1284 2323 ·
1334 2315 1353 2347 ι
1423 2295 1564 2366 Ἐγώ
1606 2301 1722 2370 εἰμι
1765 2302 1795 2354 ὁ

1897 1931 2272 2001 multiplicabo
2291 1941 2344 1987 te
2393 1935 2549 1991 valde
2571 1937 2634 1992 ’⁸.
2681 1957 2699 1988 ›
2734 1936 2800 1990 Ει
2829 1937 3003 2010 Moysi
3033 1939 3176 1992 ﬁdeli
3203 1954 3265 1993 ac
3293 1947 3488 1994 saneto

1898 2023 2102 2080 famulo
2125 2035 2218 2080 tuo
2248 2028 2328 2081 sic
2357 2027 2565 2094 dixisti,
2594 2030 2650 2084 in
2684 2032 2802 2084 rubi
2832 2033 2950 2086 viso
2977 2051 2991 2087 :
3031 2050 3050 2083 ι
3083 2031 3194 2101 Εκο
3225 2047 3345 2088 sum
3390 2033 3486 2100 qui

1893 2131 2036 2170 sum.
2074 2117 2189 2172 lloe
2221 2119 2352 2172 mihi
2384 2137 2582 2175 nomen
2609 2132 2691 2178 est
2726 2130 3015 2190 aeternum,
3067 2131 3121 2177 et
3169 2124 3488 2178 memoriale

1893 2210 2339 2278 generationibus
2394 2215 2813 2281 generationum
2881 2214 2972 2269 ‘°°.
3033 2233 3052 2267 ι
3103 2212 3487 2284 Propugnator

1893 2301 2112 2368 generis
2135 2299 2450 2365 Abrahami,
2478 2303 2802 2360 benedictus
2832 2322 2892 2361 es
2926 2306 2981 2360 in
3010 2306 3230 2360 saecula.

184 2372 262 2425 ὢν
292 2389 307 2404 ο
339 2374 499 2474 τούτό
534 2395 622 2449 μοι
648 2378 819 2451 ὄνομά
844 2383 993 2437 ἐστιν
1029 2387 1268 2454 αἰώνιον,
1300 2391 1393 2444 καὶ
1433 2394 1777 2462 μνημόσυνον
1809 2398 2024 2462 γενεαῖς
2078 2397 2300 2463 γενεῶν.
2347 2417 2367 2448 ›
2425 2399 2742 2470 ’Υπέρμαχε
2784 2401 2975 2469 γένους
3021 2401 3290 2474 Ἀϐραὰμ,
3331 2400 3484 2454 εὐλο-

182 2465 356 2536 γητὸς
385 2464 437 2521 εἴ
465 2471 545 2534 είς
572 2473 700 2536 τούς
734 2474 955 2539 αἰῶνας.

705 2565 1105 2623 ΚΕΦΑΛΑΙΟΝ
1146 2573 1268 2626 ΛΔ⁹.

233 2650 560 2722 Προσευχὴ
589 2653 981 2729 ἐξαγγελτικὴ
1012 2662 1401 2735 δημιουργίας
1419 2667 1729 2738 διαφόρου.

253 2743 566 2816 Εὐλογητὸς
601 2744 671 2815 εἴ,
711 2751 884 2822 Κύριε
919 2753 1140 2823 βασιλεῦ
1172 2758 1281 2812 τῶν
1329 2758 1541 2815 αἰώνων
1571 2779 1587 2794 ’
1629 2763 1658 2814 ὁ
1698 2764 1788 2819 διὰ

181 2833 422 2906 Χριστοῦ
448 2841 682 2910 ποιήσας
716 2842 786 2895 τά
817 2844 934 2911 ὅλα,
968 2847 1064 2900 καὶ
1093 2848 1170 2901 δι’
1204 2851 1368 2904 αὐτοῦ
1407 2854 1464 2905 ὲν
1499 2855 1642 2929 ἀρχῇ
1692 2875 1788 2911 κο-

181 2929 403 3000 σμήσας
431 2931 502 2985 τά
525 2933 986 2993 ἀκατασκεύαστα
1008 2957 1020 2970 ο
1053 2943 1080 2994 ὁ
1101 2941 1432 3014 διαχωρίσας
1464 2945 1633 3002 ὕδατα
1667 2951 1790 3004 ὑδά-

178 3036 292 3074 των
324 3023 686 3095 στερεώματι,
735 3029 832 3081 καὶ
867 3032 1086 3103 πνεῦμα
1115 3035 1347 3098 ζωτικὸν
1377 3039 1589 3104 τούτοις
1616 3042 1786 3112 ἐμϐα-

2427 2582 2659 2638 CAPUT
2696 2582 2919 2638 XXXIV

2130 2672 2319 2729 Oratio
2349 2676 2647 2744 praedicans
2679 2679 2884 2731 variam
2915 2677 3248 2733 creationem.

1963 2763 2292 2822 Benedictus
2331 2783 2412 2832 es,
2453 2767 2702 2833 Domine,
2735 2786 2828 2824 rex
2864 2771 3224 2835 saeculorum;
3251 2769 3345 2839 qui
3382 2784 3480 2838 per

1887 2859 2170 2917 Christum
2207 2862 2384 2918 fecisti
2419 2863 2694 2926 universa,
2719 2870 2775 2917 et
2806 2880 2903 2934 per
2944 2879 3070 2918 eum
3113 2862 3169 2917 in
3207 2862 3479 2932 principio

1888 2954 2100 3008 ornasti
2131 2953 2425 3021 informia;
2456 2972 2548 3025 qui
2580 2971 2754 3025 aquas
2799 2958 2869 3010 ab
2921 2957 3080 3026 aquis
3129 2957 3479 3009 ﬁrmamento

1886 3047 2184 3115 separasti,
2214 3055 2266 3100 et
2291 3047 2376 3102 liis
2400 3048 2653 3117 spiritum
2685 3049 2900 3103 vitalem
2932 3048 3215 3115 indidisti;
3249 3049 3341 3118 qui
3372 3057 3477 3101 ter-

177 3109 320 3166 λώνο
371 3116 401 3168 ὁ
447 3117 551 3187 γῆν
583 3119 839 3190 ὲδράσας,
872 3123 968 3177 καὶ
997 3126 1224 3197 οὐρανὸν
1264 3130 1530 3196 ἐκτείνας,
1562 3109 1658 3186 και
1683 3135 1782 3205 τὴν

1892 3109 2003 3184 rain
2027 3134 2306 3200 stabilisti,
2331 3144 2385 3190 et
2406 3109 2604 3190 c-azlum
2635 3138 2953 3204 extendisti,
2978 3147 3031 3193 et
3057 3139 3303 3209 singulas
3325 3154 3475 3192 crea-

177 3203 414 3259 ικάστου
443 3208 555 3262 τῶν
593 3214 910 3284 κτισμάτων
940 3217 1142 3290 ἀκριϐῆ
1191 3220 1434 3286 διάταξιν
1472 3203 1774 3296 κοσμήσας.

1892 3229 2038 3276 turas
2075 3233 2267 3279 exacta
2309 3225 2674 3297 dispositione
2708 3229 2986 3284 ornasti‘.
3025 3228 3142 3282 Tua
3189 3231 3334 3284 enim
3362 3247 3471 3301 po-

177 3295 253 3390 Σῇ
293 3297 405 3369 γάρ
441 3300 670 3373 δυνάμει
711 3306 756 3372 ',
793 3307 1076 3377 Δέσποτα,
1131 3312 1336 3384 κόσμος
1391 3317 1772 3390 πεφαίδρυται·

174 3387 410 3483 οὐρανὸς
428 3392 486 3444 δὲ
505 3393 582 3457 ὡς
603 3397 829 3470 καμάρα
842 3403 1214 3473 πεπηγμένος,
1235 3406 1522 3476 ὴγλάῖσται
1535 3387 1772 3483 ἄστροις,

175 3478 368 3535 ἕνεκεν
396 3487 756 3556 παραμυθίας
786 3491 880 3544 τοῦ
925 3494 1154 3559 σκότους
1183 3513 1197 3526 θ
1241 3497 1359 3566 φῶς
1406 3499 1465 3553 δὲ
1496 3501 1592 3555 καὶ
1624 3478 1775 3572 ήλιος

173 3572 257 3668 είς
276 3573 492 3668 ήμέρας
520 3579 615 3631 κα)⁸
644 3582 875 3652 καρπῶν
908 3587 1073 3654 γονὰς
1100 3589 1452 3663 γεγέννηνται
1496 3609 1511 3624 ο
1573 3595 1771 3668 σελήνη

173 3661 234 3759 δὸ
251 3666 341 3759 είς
381 3669 590 3739 καιρῶν
628 3676 858 3747 τροπὴν,
899 3677 1140 3743 αὔξουσα
1174 3683 1269 3736 καὶ
1313 3661 1609 3759 μειουμένη
1631 3705 1645 3718 ο
1679 3661 1774 3743 καί¹

173 3755 287 3853 νύξ-
303 3757 637 3853 ῶνομάζετο,
685 3767 778 3820 καὶ
802 3769 984 3842 ἡμέρα
1003 3776 1457 3848 προσηγορεύετο,
1476 3755 1773 3853 στερέωμα

170 3845 230 3900 δὲ
261 3848 350 3903 διὰ
385 3853 548 3922 μέσον
580 3856 690 3927 (81)
720 3859 828 3913 τῶν
856 3861 1108 3918 ἀϐύσσων
1141 3845 1413 3922 ἐδείκνυτο
1438 3888 1450 3900 ·
1486 3845 1772 3939 καὶ-εἴπας

168 3943 507 4016 συναχθῆναι
536 3948 606 4003 τά
634 3949 824 4019 ὕδατα,
858 3955 953 4008 καὶ
982 3958 1210 4030 ὀφθῆναι
1240 3961 1339 4032 τὴν
1369 3961 1558 4035 ξηράν.
1590 3966 1771 4039 Αὐτὴν

163 4035 226 4089 δὲ
249 4038 352 4110 τήν
382 4040 659 4097 θάλασσαν
690 4045 810 4109 πῶς
833 4047 899 4101 ἄν
933 4067 1017 4112 τις
1048 4051 1410 4124 ὲκφράσειεν;
1453 4056 1577 4126 ήτις
1608 4035 1767 4129 ἔρχε-

162 4144 266 4220 ται
293 4131 390 4200 μὲν
409 4133 518 4186 ἀπὸ
537 4135 806 4206 πελάγους
824 4143 1120 4215 μαινομένη
1146 4143 1256 4217 (82)
1284 4163 1297 4176 ·
1320 4147 1673 4220 παλινδρομεῖ
1691 4151 1770 4219 δὲ,

165 4218 286 4316 ἀπὸ
304 4222 538 4316 ψάμμου
563 4231 630 4300 τῇ
662 4232 729 4301 σῇ
757 4238 1040 4307 προσταγῇ
1061 4237 1378 4312 κωλυομένη
1408 4256 1422 4272 ο
1458 4218 1769 4316 εἶπεςγὰρ,

165 4314 229 4367 ἑν
255 4314 394 4387 αὐτῇ
424 4320 874 4392 συντριϐήσεσθαι
907 4327 1077 4398 αὐτῆς
1106 4330 1174 4382 τά
1215 4331 1434 4402 κύματα
1458 4351 1474 4366 ο
1517 4333 1676 4398 ζώοις
1712 4314 1770 4388 δὲ

1884 3315 2077 3378 tentia,
2110 3317 2360 3381 Domine,
2394 3319 2632 3374 mundus
2663 3321 2718 3374 in
2751 3321 2898 3375 hunc
2935 3319 3168 3376 nitorem
3203 3325 3472 3379 constitu-

1891 3415 1979 3457 tus
2001 3412 2119 3470 est;
2157 3407 2356 3461 coelum
2388 3423 2519 3463 vero
2548 3410 2720 3465 instar
2752 3427 2982 3468 camera
3021 3426 3367 3484 compactum
3402 3419 3467 3477 ",

1890 3495 2061 3549 astris
2085 3495 2417 3552 illustratum
2444 3509 2546 3564 est,
2573 3501 2638 3554 ad
2669 3501 2924 3557 solatium
2970 3504 3022 3558 in
3070 3506 3346 3573 tenebris;
3386 3507 3436 3560 lu
3459 3537 3472 3546 -

1882 3608 2006 3647 men
2039 3601 2221 3647 autem
2253 3600 2308 3647 et
2339 3594 2418 3649 sol
2452 3604 2675 3663 propter
2701 3594 2818 3648 dies
2848 3601 2902 3647 et
2932 3593 3206 3647 fructuum
3240 3610 3473 3664 genera-

1881 3684 2060 3739 tiones
2107 3684 2460 3754 prodierunt;
2510 3693 2565 3737 at
2610 3685 2760 3748 luna,
2804 3685 2858 3738 in
2893 3685 3310 3740 conversionem
3338 3695 3471 3741 tetu-

1881 3793 2097 3847 porum,
2131 3778 2259 3831 dum
2313 3779 2512 3833 crescit
2541 3794 2603 3832 ac
2629 3779 2898 3833 decrescit
2952 3797 2964 3833 :
3011 3789 3066 3834 et
3098 3794 3205 3833 nox
3233 3781 3473 3834 vocaba-

1878 3877 1988 3935 tur,
2019 3878 2072 3924 et
2101 3869 2218 3924 dies
2251 3870 2647 3939 appellabatur,
2687 3870 3088 3923 ﬁrmamentum
3117 3884 3246 3923 vero
3276 3869 3328 3922 in
3354 3884 3470 3923 me-

1879 3961 1970 4016 dio
1998 3963 2323 4033 abyssorum
2349 3961 2588 4032 patebat.
2627 3960 2691 4014 Et
2719 3961 2928 4026 dixisti,
2972 3970 3030 4015 ut
3067 3976 3469 4032 congregaren-

1878 4060 1969 4106 tur
1997 4068 2173 4124 aquae,
2219 4061 2275 4107 et
2325 4062 2612 4123 appareret
2659 4053 2832 4109 arida.
2882 4053 3063 4125 Ipsum
3103 4061 3282 4107 autem
3315 4068 3469 4107 mare

1875 4145 2152 4215 quomodo
2195 4146 2322 4215 quis
2364 4146 2686 4199 enarraret?
2753 4146 2898 4215 quod
2957 4146 3177 4216 quidem
3219 4146 3370 4199 venit
3432 4161 3466 4198 a

1876 4239 2069 4308 pelago
2103 4237 2326 4300 furens,
2365 4237 2601 4291 recurrit
2627 4247 2833 4302 autem,
2870 4237 2939 4291 ab
2967 4253 3133 4292 arena
3173 4237 3330 4306 jussu
3367 4245 3465 4290 tuo

1875 4332 2250 4403 prohibitum;
2281 4330 2467 4385 dixisti
2498 4331 2665 4393 enim,
2699 4331 2843 4400 quod
2877 4332 2930 4384 in
2963 4330 3079 4400 ipsa
3110 4332 3464 4398 confringen-

170 4410 394 4479 μικροῖς
433 4411 528 4464 καὶ
562 4413 838 4483 μεγάλοις,
872 4418 966 4470 καὶ
1004 4419 1210 4484 πλοίοις
1236 4423 1347 4495 (85)
1372 4426 1643 4497 πορευτὴν
1668 4428 1766 4480 αὐ-

1900 4441 1963 4479 ιιι·
1992 4425 2193 4479 ﬁuctus
2215 4424 2336 4494 ejus
2371 4422 2392 4453 ³
2426 4442 2442 4478 :
2491 4424 2824 4478 animalibus
2870 4439 2999 4478 vero
3031 4423 3215 4494 parvis
3241 4433 3294 4478 et
3343 4438 3462 4477 mae

249 4543 299 4575 ”
333 4543 641 4623 ῐιτρυφῆς.
673 4545 718 4576 ’⁸
743 4545 816 4623 al_.
847 4548 1226 4623 ὑπαρχούσης.

174 4570 832 4678 xxvr,l.2;P::PTxli.vm,d
847 4570 1054 4676 WEng

172 4684 337 4741 Vind.
417 4691 437 4717 ³
461 4687 564 4743 .Iob
597 4702 830 4753 xxxvm,
863 4689 949 4745 ll.

1304 4551 1353 4624 ’ἦ
1372 4550 1510 4624 Gen.
1539 4570 1638 4608 xu.
1715 4558 1759 4589 ⁸⁷
1792 4557 1927 4614 Gen.
1954 4575 2077 4621 xm,
2124 4560 2213 4623 {6,
2248 4571 2302 4615 et
2327 4577 2475 4623 χιιι,
2519 4561 2605 4614 l7.
2683 4564 2728 4594 ⁸⁸
2755 4563 2888 4616 Gen.
2914 4579 3058 4624 xm,
3096 4561 3146 4616 7.
3224 4564 3270 4595 ”
3318 4561 3458 4618 Gen.

1057 4623 1184 4678 xod.
1223 4638 1307 4690 ιιι,
1338 4622 1423 4686 14,
1459 4625 1545 4680 l5.
1627 4626 1800 4682 ‘Gen.

1955 4632 1994 4663 ¹⁹
2030 4630 2098 4684 ιν
2127 4622 2261 4691 Esd.
2300 4647 2413 4697 xvr,
2436 4622 2524 4688 60.
2601 4634 2621 4663 ³
2657 4635 2726 4687 al.
2765 4622 3079 4708 ἐνθυμήσει,
3125 4635 3214 4689 Sic
3250 4642 3302 4688 et
3331 4637 3454 4688 cod.

1480 4859 1842 4917 VARIORUM
1880 4859 2112 4919 ΝΟΤᾸΕ.

231 5012 348 5090 (Ἱβ)
406 5013 800 5090 ςΥπόοχεσιν.
847 5015 1153 5090 Praeﬁgitur
1192 5019 1291 5090 τήν
1334 5022 1388 5074 in
1422 5021 1545 5076 cod.
1589 5021 1754 5077 Vind.

151 5082 496 5161 quo-d‘hahet
525 5082 640 5161 vini
669 5089 962 5161 quamdam
983 5082 1281 5161 δεικτικήν.
1308 5090 1476 5147 Cum.

230 5153 347 5232 (:79)
395 5153 510 5232 Τῇς
551 5153 986 5232 μῷνξ-πίοζεως
1036 5153 1228 5214 αὐτοῦ
1276 5162 1661 5229 προώδευσεν
1712 5164 1752 5232 ή

155 5223 402 5290 γνῶσις.
426 5223 490 5303 _ln
520 5223 645 5303 cod.
683 5225 922 5303 Vindob.
961 5223 1048 5285 est
1092 5232 1196 5303 τῆς
1231 5223 1349 5303 μὲν
1399 5233 1654 5301 γνώσεως
1701 5223 1758 5288 εἰ

233 5304 350 5348 stea
377 5295 578 5361 πίστις.
612 5299 981 5364 Incommode,
1013 5295 1306 5358 nam'ﬁdes
1329 5295 1421 5358 est
1442 5320 1507 5358 ex
1540 5295 1753 5362 auditu.

154 5309 350 5417 pOStea
377 5309 578 5361 πίστις.
612 5309 981 5382 Incommode,
1013 5317 1147 5384 nanl
1174 5309 1306 5358 lides
1329 5311 1507 5390 est'ex
1540 5309 1753 5389 auditu.

154 5381 216 5443 _n
247 5365 450 5443 eodem
473 5367 680 5443 desunt
696 5379 983 5443 sequentia
1015 5391 1027 5425 :
1072 5373 1185 5443 Της
1225 5372 1283 5426 δὲ
1331 5391 1590 5442 γνωσειςες
1623 5377 1755 5428 ἀκο-

151 5434 346 5511 λουθος
388 5435 610 5506 γέγονεν
655 5439 688 5510 ή
720 5434 921 5511 πίστις,
960 5457 1062 5496 nec
1095 5434 1228 5498 sane
1260 5434 1390 5499 sunt
1418 5434 1755 5511 necessaria,

153 5505 363 5575 quippe
401 5505 524 5577 qua:
559 5505 1014 5567 antecedentibus
1053 5515 1236 5569 verbis
1280 5515 1418 5570 satis
1465 5505 1756 5572 continen;

151 5584 248 5629 tur
301 5591 405 5631 nec
427 5578 722 5635 repetenda
757 5588 907 5635 sunt.
943 5581 1021 5635 In.

181 5592 248 5629 ur
301 5592 405 5631 nec
427 5592 722 5637 repetenda
757 5592 907 5637 sunt.
943 5592 1021 5637 ID.

152 5594 248 5629 ιυι-
301 5594 405 5631 nec
427 5594 722 5646 repetenda
757 5594 907 5637 sunt.
943 5594 1021 5637 In.

149 5713 206 5770 In
229 5645 346 5718 (80)
396 5647 908 5721 Ἐπακολούθημα.
956 5653 1016 5708 In
1058 5653 1184 5709 cod.
1227 5653 1389 5711 Vind.
1436 5656 1746 5725 ἀκόλουθος.

177 5730 228 5771 Ω.

223 5786 341 5859 (81)
381 5786 607 5845 Μέσον.
651 5789 710 5847 1η
736 5792 860 5850 cod.
888 5793 1054 5852 Vind.
1086 5795 1288 5868 μέσων.
1322 5794 1398 5852 In.

1935 5024 2048 5095 (82)
2080 5027 2448 5101 Μαινομένη.
2474 5027 2756 5085 Omittitur
2785 5028 2839 5084 in
2864 5029 3055 5085 eodem
3086 5030 3210 5085 cod.
3250 5046 3448 5101 perpe-

1871 5108 2012 5169 ram.
2080 5097 2215 5150 Ἀπὸ
2260 5099 2550 5169 πελάγους,
2595 5102 2731 5154 verti
2763 5101 3026 5156 debuerat
3055 5101 3119 5152 ab
3148 5097 3445 5165 alto—mari,

1863 5166 1981 5242 haec
2020 5178 2111 5242 est
2158 5169 2304 5242 enim
2357 5166 2507 5225 vocis
2539 5166 2831 5241 potestas,
2885 5172 3105 5242 quando
3152 5175 3448 5242 opponitur

1864 5237 2057 5302 littori,
2101 5241 2351 5313 marique
2388 5247 2437 5295 ei
2472 5237 2683 5308 vicino;
2722 5241 2867 5312 quod
2903 5237 3446 5313 'optimoru'niscri-

1865 5315 2082 5384 ptorum
2119 5311 2546 5384 auctoritatibus
2590 5311 2810 5383 probari
2848 5311 3032 5384 queat.
3081 5312 3214 5368 Vide
3249 5311 3441 5367 Matth.

1865 5395 2023 5437 xvm.
2050 5379 2105 5445 6,
2136 5389 2190 5434 et
2219 5381 2548 5450 interpretes
2573 5379 2640 5436 ad
2672 5379 2880 5438 locum.
2901 5384 2976 5437 lo.

1940 5449 2053 5518 (85)
2091 5451 2205 5504 Kal
2251 5449 2506 5518 πλοίοις.
2562 5453 2769 5509 Desunt
2815 5456 2929 5508 haec
2987 5454 3148 5508 verba
3202 5452 3257 5505 in
3315 5454 3437 5509 cod.

1859 5516 2101 5595 'Vindo'b.
2136 5533 2190 5576 et
2219 5522 2336 5576 ﬁeri
2376 5516 2597 5593 quidem
2628 5527 2805 5595 possit
2846 5533 2902 5578 ut
2937 5525 3122 5579 addita
3160 5524 3310 5590 sint;
3346 5540 3442 5578 ne-

1861 5606 1968 5664 que
1996 5593 2142 5664 enim
2173 5595 2488 5648 necessaria
2527 5593 2676 5660 sunt,
2717 5597 2771 5649 in
2805 5595 3173 5664 descriptione
3208 5597 3440 5648 creatio-

1861 5662 1968 5735 nis.
2002 5662 2107 5735 sed
2133 5671 2259 5735 post
2286 5664 2546 5735 ἐποίησας
2584 5668 2733 5721 addit
2777 5666 2919 5720 idem
2964 5662 3133 5720 codex
3169 5683 3180 5718 :
3220 5664 3441 5735 B90103;

1856 5731 1915 5785 δί
1944 5731 2113 5808 pati-pr
2134 5731 2315 5807 αὐτὴν
2342 5731 2480 5789 εἶναι
2503 5739 2614 5802 10L;
2641 5737 2840 5800 πλοίοις
2872 5736 3182 5798 ἐκέλευσας.
3221 5731 3296 5790 ιε.
