3886 6190
208 306 353 362 1029

1104 314 1712 373 CONSTITUTIONES
1744 316 2222 376 APOSTOLICE.
2258 351 2328 361 —-
2360 319 2490 375 LIB.
2529 314 2635 381 VII.

3364 325 3502 381 Ιύῖοθ

208 425 350 493 μένη
399 419 531 492 (89).
584 421 845 480 Θάλασσα
883 433 1280 504 κυμαινομένη,
1329 435 1423 488 καὶ
1474 435 1676 507 μυρίαν
1719 436 1810 507 βό-

1917 438 2130 494 lirmata
2173 453 2238 494 ac
2282 453 2551 511 suspensa
2588 452 2755 509 super
2782 437 3037 497 nihilum.
3069 437 3220 496 Marc
3242 441 3502 500 ﬂuctibus

204 526 419 565 σκουσα
461 512 619 579 ζώων
663 518 890 590 ἀγέλην,
940 524 1246 595 πεπέδηται
1305 527 1495 598 ἄμμῳ,
1547 528 1647 600 τὴν
1704 531 1806 600 σὴν

205 601 465 675 βούλησιν
505 613 809 679 πεφρικυῖα
836 629 850 643 ·
896 616 993 667 καὶ
1031 616 1242 680 πάντας
1290 619 1591 689 ἀναγκάζει
1634 620 1763 693 βοᾷν
1787 641 1802 654 ’

209 714 230 749 ι
253 698 267 716 '
283 699 358 761 Ως
390 700 733 775 ἐμεγαλύνθη
753 703 825 757 τά
856 704 995 778 ἔργα
1021 709 1540 788 σου,Κύριίς-ἁντα
1557 714 1615 767 ἐν
1642 714 1805 787 σοφίᾳ

202 788 472 860 ἐποίησας
498 808 512 822 ’
546 793 844 868 ἐπληρώθη
881 799 915 869 ή
967 800 1037 871 γῆ
1077 802 1178 873 τῆς
1220 803 1455 869 κτίσεώς
1484 822 1600 860 σου.
1640 826 1658 860 ›
1694 808 1805 861 Καὶ

205 882 441 953 στρατὸς
469 884 718 955 ἀγγέλων
748 888 1099 964 φλεγόμενος,
1148 894 1245 948 καὶ
1289 895 1575 968 πνεύματα
1619 897 1800 970 νοερὰ,

200 971 458 1043 λέγουσιν
481 994 495 1009 ·
528 996 549 1031 ι
602 974 701 1043 Εἷς
741 980 896 1052 ἆγιος
924 983 1004 1055 τῷ
1041 985 1301 1057 Φελμονεί
1332 986 1444 1060 (90)
1467 1006 1482 1021 ⁸
1527 1008 1547 1041 ι
1584 990 1680 1044 καὶ
1713 1008 1802 1043 σε-

203 1069 387 1140 ραφὶμ
418 1069 573 1140 ἅγια,
620 1072 742 1145 ἅμα
773 1078 889 1140 τοῖς
915 1077 1205 1150 χερουεὶμ,
1244 1082 1359 1144 τοῖς
1388 1081 1799 1153 ἐξαπτερύγοις,

201 1160 290 1213 σοὶ
330 1161 432 1229 τὴν
472 1164 739 1220 ἐπινίκιον
774 1167 920 1240 ᾠδὴν
946 1168 1239 1239 ψάλλοντα,
1272 1173 1558 1244 άσιγήτοις
1598 1178 1803 1243 φωναῖς

199 1250 403 1321 βοῶσιν
438 1252 572 1328 (91)·
605 1276 625 1309 ι
664 1259 872 1329 Ἄγιος,
906 1260 1081 1332 ἅγιος,
1122 1262 1277 1331 ἀγιος
1316 1264 1520 1337 Κύριος
1547 1264 1797 1319 saeuos-

196 1343 419 1417 πλήρης
446 1349 477 1401 6
519 1348 748 1421 οὐρανὸς
783 1352 877 1407 καὶ
908 1354 941 1425 ἡ
973 1356 1044 1426 γῆ
1090 1356 1190 1427 τῆς
1217 1356 1375 1428 δόξης
1397 1374 1513 1411 σουο
1558 1376 1577 1409 ι
1612 1359 1706 1412 καὶ
1732 1358 1801 1412 τά

195 1436 366 1509 ἕτερα
408 1439 518 1493 τῶν
563 1443 865 1514 ταγμάτων
912 1444 1115 1519 πλήθη,
1162 1448 1404 1518 ἄγγελοι,
1447 1450 1797 1521 ἀρχάγγελοι,

195 1527 404 1601 θρόνοι,
440 1532 783 1605 κυριότητες,
825 1537 1014 1609 ἀρχαὶ,
1048 1538 1310 1609 ἐξουσίαι,
1362 1543 1641 1616 δυνάμεις,
1681 1546 1800 1599 ἐπι-

195 1619 414 1676 ϐοῶντα
453 1622 703 1695 λέγουσιν
726 1643 740 1658 ·
784 1647 802 1680 ι
852 1629 1209 1704 Εὐλογημένη
1248 1635 1281 1705 ἠ
1329 1634 1458 1699 δόξα
1493 1638 1701 1709 Κυρίου
1733 1639 1799 1693 ἐκ

192 1712 295 1766 τοῦ
322 1714 493 1769 τόπου
522 1717 711 1773 αὐτοῦ.
752 1739 771 1772 ι
810 1720 1027 1795 Ἰσραὴλ
1063 1724 1141 1793 δὲ,
1171 1726 1206 1797 ἡ
1241 1726 1480 1797 ἐπίγειός
1524 1745 1619 1782 σου
1673 1728 1797 1784 Ἐκ-

1909 531 2195 601 agitatum,
2229 546 2295 586 ac
2324 531 2753 586 innumerabiles
2783 532 3033 587 nutriens
3065 531 3383 587 animalium
3410 551 3503 589 co-

1909 622 2050 691 pias,
2089 637 2259 677 arena
2310 623 2733 693 constringitur,
2770 631 2922 679 tuam
2973 626 3313 683 voluntatem
3358 632 3505 684 νενικ-

1908 720 2058 779 tum;
2093 729 2398 785 omnesque
2424 717 2573 786 cogit
2598 716 2890 772 vociferari
2925 736 2939 773 :
2978 737 2998 771 ι
3044 718 3221 786 Quam
3250 722 3499 792 magniﬁ-

1906 815 2029 861 cata
2071 816 2201 863 sunt
2233 824 2401 878 opera
2439 817 2557 872 tua,
2588 807 2851 865 Domine!
2898 811 3086 866 omnia
3125 812 3182 867 in
3229 813 3500 884 sapientia

1906 898 2119 967 fecisti;
2150 901 2374 972 impleta
2399 912 2484 958 est
2514 909 2660 958 terra
2690 912 2946 959 creatura
2992 913 3088 959 tua
3111 905 3155 961 ’.
3192 923 3212 959 ι
3247 903 3317 959 Et
3343 923 3503 963 exer-

1905 992 2054 1050 citus
2091 995 2416 1064 angelorum
2473 995 2699 1061 ardens,
2753 1011 2819 1051 ac
2865 998 3237 1067 intelligentes
3273 999 3501 1070 spiritus

1904 1084 2134 1139 dicunt:
2174 1104 2194 1136 ι
2233 1085 2388 1141 Unus
2418 1098 2669 1152 sanctus,
2707 1086 2994 1145 Phelmoni
3025 1090 3067 1122 ¹⁰
3111 1110 3123 1146 :
3166 1112 3184 1144 ι
3229 1099 3285 1148 et
3321 1105 3496 1148 sancti

1904 1178 2208 1247 seraphini,
2253 1194 2361 1233 una
2406 1195 2533 1233 cum
2568 1180 2912 1247 cherubinis,
2951 1198 3048 1238 sex
3096 1184 3212 1239 alas
3241 1184 3502 1239 habenti-

1905 1270 2051 1336 bus,
2103 1272 2203 1328 tibi
2255 1273 2504 1329 victoria:
2555 1274 2835 1330 canticum
2885 1277 3204 1347 psallentes,
3269 1278 3499 1333 vocibus

1904 1379 2187 1436 nunquam
2217 1367 2568 1424 cessantibus
2597 1369 2838 1424 clamant
2864 1389 2877 1425 :
2912 1390 2930 1423 ι
2962 1368 3222 1435 Sanctus,
3244 1379 3496 1435 sanctus,

1903 1465 2157 1525 sanctus,
2182 1459 2449 1517 Dominus
2473 1460 2715 1517 Sabaoth
2740 1480 2755 1529 ;
2786 1463 2932 1532 pleni
2956 1471 3086 1520 sunt
3112 1464 3237 1519 coeti
3266 1472 3321 1519 et
3349 1473 3496 1521 terra

1902 1549 2075 1620 gloria
2109 1561 2200 1605 tua
2235 1553 2311 1619 ¹¹;
2358 1571 2377 1605 ι
2416 1561 2469 1608 et
2498 1553 2620 1608 alia:
2661 1554 2917 1608 ordinum
2949 1555 3354 1620 multitudines,
3397 1571 3499 1610 au-

1901 1643 2029 1713 geli,
2056 1644 2395 1717 archangeli,
2426 1645 2634 1710 throni,
2661 1646 3090 1711 dominationes,
3125 1648 3495 1719 principatus,

1902 1743 2226 1804 p0testates,
2274 1737 2529 1804 virtutes,
2562 1737 2937 1793 exclamantes
2965 1738 3158 1793 dicunt
3190 1758 3203 1793 :
3243 1757 3262 1790 ι
3321 1739 3494 1796 Bene-

192 1805 420 1877 κλησία,
466 1809 500 1880 ὴ
536 1808 596 1877 ἐξ
648 1811 838 1880 ἐθνῶν,
896 1817 1019 1880 ταῖς
1056 1818 1185 1871 κατ’
1224 1818 1455 1890 οὐρανὸν
1500 1820 1797 1892 δυνάμεσιν

1899 1827 2047 1881 dicta
2089 1828 2263 1898 gloria
2316 1827 2530 1883 Domini
2562 1828 2631 1884 de
2680 1830 2801 1885 loco
2850 1846 2953 1901 suo
2988 1830 3053 1885 ¹².
3092 1850 3113 1883 ι
3144 1829 3311 1887 lsrael
3339 1848 3494 1899 vero,

194 1900 574 1975 ἁμιλλωμένη,
599 1904 755 1958 νυκτὶ
785 1906 880 1961 καὶ
907 1908 1114 1981 ἡμέρᾳ,
1154 1910 1215 1964 ἐν
1244 1911 1443 1983 καρδίᾳ
1470 1912 1667 1984 πλήρει
1702 1914 1798 1967 καὶ

190 1994 343 2067 ψυχῇ
379 1994 629 2069 θελούσῃ,
659 1997 853 2068 ψάλλει
872 2000 997 2054 ’σΤὸ
1020 2002 1174 2074 άρμα
1196 2002 1294 2057 τοῦ
1326 2003 1463 2057 Θεοῦ
1495 2005 1797 2079 μυριοπλά-

192 2102 333 2153 σιον,
356 2086 595 2157 χιλιάδες
620 2090 1011 2163 εὐθηνούντων,
1046 2095 1250 2167 Κύριος
1277 2097 1337 2150 ἐν
1366 2098 1570 2166 αὐτοῖς,
1610 2100 1669 2152 ἐν
1706 2101 1796 2154 Σι-

190 2177 350 2246 ναῒν,
383 2182 442 2234 ἐν
471 2179 550 2253 τῷ
579 2182 737 2255 άγίῳ.
783 2203 803 2237 ι
837 2182 993 2240 Οἶδεν
1035 2187 1263 2258 οὐρανὸς
1305 2189 1399 2243 τὸν
1436 2191 1531 2245 ἐπὶ
1568 2191 1795 2264 μηδενὸς

188 2270 359 2324 αὐτὸν
410 2273 843 2345 καμαρώσαντα,
885 2278 965 2342 ὡς
1010 2278 1295 2335 λιθόκυϐον
1319 2298 1334 2313 °
1392 2284 1488 2337 καὶ
1532 2286 1636 2357 γῆν
1698 2288 1794 2342 καὶ

188 2361 341 2435 ὕδωρ
376 2364 591 2431 ἑαυτοῖς
634 2368 915 2425 ἐνώσαντα
937 2388 951 2401 ·
986 2372 1081 2425 καὶ
1118 2374 1259 2446 ἀέρα
1295 2374 1609 2448 διαχέαντα,
1657 2378 1796 2445 ζωο-

184 2456 412 2527 τρόφον,
457 2460 553 2513 καὶ
592 2460 769 2534 τούτῳ
813 2463 926 2535 πῦρ
968 2465 1390 2536 συμπλέξαντα,
1439 2471 1520 2532 εἰς
1566 2469 1790 2541 θάλπος,

184 2547 286 2601 καὶ
314 2550 541 2615 σκότους
572 2555 945 2625 παραμυθίαν.
982 2558 1309 2629 Ἐκπλήσσει
1334 2561 1493 2633 χορὸς
1520 2562 1789 2635 ἀστέρων,

184 2640 282 2694 τὸν
335 2642 722 2718 άριθμήσαντα
781 2648 1083 2720 σημαίνων,
1142 2653 1237 2707 καὶ
1292 2655 1386 2708 τὸν
1444 2656 1793 2726 ὀνομάσαντα

183 2732 454 2789 δεικνύων
475 2752 489 2767 ·
535 2737 649 2802 ζῶα
693 2740 787 2793 τὸν
822 2741 1155 2813 ψυχὼσαντα
1180 2762 1194 2775 ·
1248 2747 1441 2819 δένδρα
1486 2749 1581 2804 τὸν
1619 2750 1791 2825 ἐκφύ-

187 2841 384 2881 σαντα.
426 2829 604 2902 Ἀπερ
635 2831 872 2901 ἅπαντα,
904 2835 984 2907 τῷ
1013 2836 1093 2909 σῷ
1140 2837 1284 2910 λόγῳ
1325 2842 1611 2914 γενόμενα,
1648 2865 1792 2920 παρ-

189 2920 316 2992 ιστᾷ
353 2921 457 2993 τῆς
505 2922 606 2994 σῆς
640 2923 923 2998 δυνάμεως
956 2928 1018 2982 τὸ
1059 2930 1296 3001 κράτος’
1333 2934 1414 2987 διὸ
1452 2936 1546 2991 καὶ
1584 2938 1789 3009 ὀφείλει

184 3012 299 3075 πᾶς
335 3013 648 3086 ⁷ἄνθρωπος
674 3058 690 3084 ,
753 3017 813 3085 ἐξ
866 3020 1046 3074 αὐτῶν
1096 3023 1358 3094 στέρνων,
1398 3028 1482 3081 σοὶ
1529 3028 1617 3082 διὰ
1651 3032 1787 3103 Χρι-

1899 1922 2117 1971 terrena
2155 1916 2405 1977 Ecclesia
2442 1924 2559 1986 tua,
2597 1935 2663 1974 ex
2696 1920 2955 1991 gentibus
2990 1932 3347 1994 congregata,
3378 1939 3497 1980 cer-

1896 2020 2022 2068 tans
2062 2028 2190 2068 cum
2237 2014 2562 2070 caelestibus
2606 2015 2934 2080 virtutibus,
2968 2025 3131 2071 nocte
3169 2031 3235 2071 ac
3275 2016 3387 2081 die,
3436 2018 3493 2070 in

1896 2108 2065 2163 corde
2096 2110 2260 2179 pleno
2288 2117 2343 2165 et
2368 2109 2551 2163 anima
2571 2112 2811 2177 volente,
2836 2111 2991 2165 canit
3023 2130 3038 2168 :
3078 2129 3095 2162 ι
3137 2113 3354 2169 Currus
3396 2112 3492 2167 Dei

1895 2199 2085 2256 decem
2129 2202 2374 2257 millibus
2423 2202 2730 2273 multiplex,
2784 2203 2956 2256 millia
2998 2204 3335 2272 laetantium;
3386 2202 3493 2255 Do-

1894 2295 2082 2350 minus
2111 2294 2167 2347 in
2195 2294 2297 2359 eis,
2321 2293 2381 2348 in
2415 2290 2592 2358 Sinai,
2625 2292 2682 2347 in
2708 2300 2902 2349 sancto
2938 2294 3005 2349 ".
3048 2313 3067 2346 ι
3095 2292 3260 2348 Novit
3286 2294 3490 2349 malum

1894 2402 2043 2451 eum,
2070 2386 2164 2456 qui
2197 2401 2365 2456 super
2397 2385 2632 2440 nihilum
2673 2385 2976 2441 cameravit
3018 2384 3177 2451 illud,
3227 2392 3490 2457 tanquam

1895 2479 2171 2549 lapideum
2216 2478 2451 2543 cubum;
2498 2477 2594 2549 qui
2640 2485 2847 2532 terram
2886 2485 2942 2532 et
2982 2492 3185 2545 aquam
3226 2477 3373 2533 inter
3431 2493 3493 2532 se

1893 2572 2190 2635 adunavit;
2216 2570 2312 2641 qui
2357 2585 2565 2634 aerem,
2598 2570 2921 2624 animalium
2968 2571 3286 2635 nutritium,
3331 2570 3489 2625 diffu-

1892 2661 1994 2726 dit,
2025 2662 2189 2731 eique
2216 2661 2398 2731 ignem
2425 2662 2748 2725 connexuit,
2790 2662 2857 2715 ad
2890 2662 3155 2726 calorem,
3197 2668 3253 2717 et
3294 2662 3361 2716 ad
3406 2679 3494 2717 so-

1893 2754 2087 2809 latium
2110 2754 2178 2809 de
2221 2755 2467 2810 tenebris
2507 2754 2573 2811 “.
2622 2752 3009 2824 Obstupefacit
3052 2756 3257 2810 chorus
3303 2755 3490 2810 stella-

1890 2863 2038 2913 rum,
2069 2846 2167 2919 qui
2210 2854 2588 2901 numerantem
2627 2860 2722 2901 eas
2759 2845 3053 2915 signiﬁcat,
3102 2854 3157 2901 et
3206 2847 3495 2902 nominan—

1891 2947 2002 2996 tem
2030 2938 2314 3005 ostendit;
2347 2946 2408 2992 ut
2437 2937 2701 2992 animalia
2728 2937 3113 2993 demonstrant
3153 2954 3280 2994 eum
3315 2954 3345 2991 ιι
3376 2954 3489 3008 quo

1891 3032 2132 3087 animata
2163 3037 2315 3094 sunt,
2345 3038 2400 3086 et
2444 3030 2673 3085 arbores
2725 3045 2853 3085 eum
2888 3030 2983 3101 qui
3032 3030 3156 3085 illas
3203 3029 3487 3101 produxit.

186 3103 318 3157 στοῦ
374 3104 486 3159 τῶν
548 3108 595 3139 ¹⁸
671 3109 816 3182 ὑπὲρ
872 3112 1094 3168 πάντων
1163 3114 1334 3187 ὕμνον
1391 3119 1783 3192 ἀναπέμπειν,

1898 3122 2023 3190 Quae
2043 3123 2251 3187 omnia,
2279 3122 2449 3178 verbo
2479 3128 2573 3176 tuo
2617 3119 2786 3185 facta,
2822 3121 3111 3191 potestatis
3137 3129 3246 3176 tua:
3271 3121 3381 3176 vim
3406 3138 3489 3176 reo

183 3194 277 3249 διὰ
308 3196 369 3249 σὲ
399 3198 510 3252 τῶν
542 3199 798 3255 ἀπάντων
830 3205 1069 3276 κρατῶν.
1101 3207 1175 3261 Σὺ
1203 3208 1313 3281 γάρ
1332 3203 1383 3262 εἴ
1413 3213 1441 3264 ό
1469 3215 1706 3284 χρηστὸς
1728 3216 1788 3269 ἐν

184 3288 555 3360 εὐεργεσίαις,
604 3294 701 3347 καὶ
747 3295 1043 3369 φιλόδωρος
1082 3300 1141 3352 ἐν
1174 3303 1515 3374 οἰκτιρμοῖςο
1559 3308 1588 3359 6
1631 3308 1791 3378 μόνος

185 3382 593 3456 παντοκράτωρ
617 3401 631 3417 ο
665 3387 754 3440 ὅτε
786 3388 897 3461 γὰρ
926 3389 1124 3459 θέλεις,
1165 3393 1401 3465 πάρεστί
1428 3412 1511 3449 σοι
1544 3398 1605 3451 τὸ
1634 3399 1790 3453 δύνα-

186 3472 355 3526 σθαι·
382 3475 445 3528 τὸ
486 3475 597 3549 γὰρ
642 3478 734 3533 σὸν
780 3480 999 3536 αἰώνιον
1048 3485 1254 3556 κράτος
1284 3488 1379 3541 καὶ
1411 3489 1585 3559 φλόγα
1614 3509 1786 3545 κατα-

180 3564 349 3636 ψύχει
372 3607 390 3636 ,
422 3570 517 3622 καὶ
561 3569 784 3638 λέοντας
823 3579 999 3647 φιμοί,
1034 3578 1132 3632 καὶ
1194 3582 1335 3654 κήτη
1388 3586 1785 3658 καταπραΰνει,

181 3659 284 3712 καὶ
306 3661 599 3728 νοσοῦντας
642 3666 870 3739 ἐγείρει,
905 3672 1000 3724 καὶ
1025 3671 1284 3744 δυνάμεις
1310 3678 1666 3751 μετατρέπει·
1695 3681 1790 3735 καὶ

183 3753 420 3823 στρατὸν
451 3754 682 3828 ἐχθρῶν,
714 3760 809 3813 καὶ
845 3761 974 3815 λαὸν
992 3763 1415 3838 ἀριθμούμενον,
1440 3771 1496 3823 ἐν
1518 3771 1715 3842 τῷούπε
1728 3791 1791 3844 ρ-

178 3848 575 3917 ηφανεύεσθαι,
626 3852 1093 3926 καταστρώννυσι.
1133 3859 1207 3911 Σὺ
1244 3853 1295 3912 εἴ
1333 3862 1363 3914 6
1396 3862 1455 3914 ἐν
1485 3862 1728 3935 οὐρανῷ,
1762 3868 1791 3919 6

178 3938 283 3991 ἐπὶ
321 3940 448 4011 γῆς,
490 3943 519 3995 6
570 3943 630 3995 ἐν
678 3943 947 4018 θαλάσσῃ,
979 3950 1009 4002 6
1053 3950 1113 4003 ἐν
1166 3954 1599 4024 περατουμένοις
1649 3954 1785 4028 (92),

177 4029 294 4085 ὑπὸ
315 4032 544 4103 μηδενὸς
564 4037 801 4107 περατού
809 4055 970 4108 μενος
988 4057 1004 4073 ·
1034 4041 1135 4113 τῆς
1154 4042 1264 4115 γὰρ
1285 4045 1676 4119 μεγαλωσύνης
1696 4064 1789 4101 σου

178 4124 289 4177 οὐκ
319 4124 437 4178 ἐστι
468 4127 663 4199 πέρας.
713 4130 805 4203 Μὴ
837 4130 949 4203 γὰρ
978 4133 1248 4206 ἡμέτερόν
1281 4139 1400 4191 ἐστι
1428 4138 1588 4193 τοῦτο
1626 4182 1643 4207 ,
1694 4141 1791 4195 Δέ-

180 4234 381 4272 σποτα·
396 4219 492 4273 τοῦ
504 4220 833 4292 θεράποντάς
846 4223 940 4277 σού
953 4224 1071 4279 ἐστι
1081 4226 1280 4296 λόγιον,
1296 4229 1616 4299 φάσκοντος·
1639 4251 1657 4283 ι
1679 4234 1791 4287 Καὶ

178 4308 374 4383 γνώσῃ
401 4315 469 4385 τῇ
506 4314 706 4387 καρδίᾳ
740 4334 856 4382 σου,
891 4318 975 4371 ὅτι
1017 4317 1131 4390 (95)
1159 4323 1189 4374 6
1217 4321 1423 4395 Κύριος
1446 4325 1475 4377 ό
1502 4324 1635 4389 Θεός
1667 4342 1785 4393 σου,

178 4402 322 4466 Θεὸς
371 4404 429 4457 ἐν
475 4404 691 4478 οὐρανῷ
743 4408 879 4477 ἀνω,
935 4412 1030 4465 καὶ
1067 4414 1163 4467 ἐπὶ
1205 4414 1306 4485 τῆς
1348 4416 1452 4488 γῆς
1481 4416 1655 4485 κάτω,
1695 4419 1790 4471 καὶ

1893 3221 2251 3285 praesentant.
2282 3212 2463 3284 Atque
2506 3211 2629 3265 ideo
2656 3210 2817 3266 debet
2846 3212 3030 3268 omnis
3065 3212 3252 3275 homo,
3298 3219 3489 3281 utpote

1893 3324 1992 3379 per
2016 3315 2070 3362 te
2100 3307 2359 3361 dominus
2390 3305 2784 3359 universorum
2807 3343 2823 3366 ,
2875 3320 2942 3358 ex
2976 3311 3202 3374 pectore
3232 3302 3331 3357 tibi
3368 3304 3489 3357 lau-

1892 3398 2015 3453 dem
2050 3413 2149 3467 pro
2178 3396 2398 3451 cunctis
2425 3395 2643 3450 mittere
2672 3409 2770 3465 per
2793 3394 3098 3453 Christum.
3126 3392 3211 3449 Tu
3240 3394 3388 3450 enim
3424 3411 3489 3452 es

1893 3488 2075 3545 facilis
2103 3489 2158 3543 in
2192 3487 2576 3543 beneﬁcentiis
2620 3495 2675 3542 et
2700 3486 2999 3543 munificus
3028 3486 3086 3542 in
3125 3486 3486 3543 commisera-

1892 3584 2171 3649 tionibus;
2206 3582 2300 3652 qui
2336 3581 2491 3636 solus
2512 3594 2573 3635 es
2608 3580 2960 3651 omnipotens
2997 3595 3163 3635 :cum
3194 3581 3343 3635 enim
3376 3582 3483 3643 vis.

1893 3676 2050 3731 adest
2076 3675 2173 3730 tibi
2203 3681 2480 3745 potestas;
2502 3688 2629 3726 nam
2652 3681 2917 3727 aeternum
2943 3681 3097 3726 tuum
3127 3673 3299 3728 robur
3318 3674 3485 3728 etiam

1892 3769 2168 3823 ﬂammam
2202 3766 2513 3838 refrigerat,
2552 3772 2607 3820 et
2639 3766 2891 3821 leonibus
2943 3780 3007 3821 os
3045 3767 3376 3838 constringit
3414 3767 3483 3831 “,

1892 3868 1946 3914 et
1974 3869 2128 3913 cetos
2156 3857 2430 3913 demulcet
2464 3858 2529 3921 ",
2571 3865 2626 3911 et
2658 3864 2989 3928 aegrotantes
3019 3857 3203 3929 erigit,
3228 3869 3282 3913 et
3308 3859 3485 3913 facul-

1892 3958 2035 4007 tates
2067 3966 2252 4006 rerum
2284 3951 2593 4016 convertit;
2621 3957 2677 4004 et
2696 3950 2935 4004 hostium
2951 3952 3161 4022 copias,
3188 3953 3483 4022 populum-

1891 4060 2001 4115 que
2031 4050 2407 4106 numeratum,
2455 4043 2585 4096 dum
2626 4043 2887 4111 superbia
2926 4044 3197 4110 exoritur,
3230 4052 3486 4115 proster-

1891 4136 1973 4190 nit
2004 4135 2069 4192 “.
2096 4135 2177 4190 Tu
2207 4151 2269 4191 es
2296 4136 2389 4206 qui
2420 4137 2474 4189 in
2506 4134 2648 4188 caelo
2678 4135 2927 4196 exsistis,
2960 4135 3055 4205 qui
3088 4136 3144 4191 in
3174 4143 3345 4200 terra,
3386 4137 3484 4206 qui

1892 4231 1949 4285 in
1981 4229 2159 4293 mari,
2198 4230 2292 4299 qui
2344 4229 2400 4282 in
2453 4227 2788 4291 terminatis,
2830 4242 2860 4280 a
2910 4229 3064 4282 nullo
3104 4230 3481 4285 terminatus:

1891 4321 2295 4393 magnitudinis
2323 4320 2471 4376 enim
2502 4327 2611 4374 tua:
2640 4334 2751 4373 non
2783 4327 2869 4374 est
2899 4320 3171 4375 terminus
3201 4321 3264 4376 ¹⁹.
3292 4320 3484 4392 Neque

1892 4428 2026 4469 vero
2053 4421 2304 4468 nostrqu
2331 4421 2415 4468 est
2455 4411 2612 4476 illud,
2641 4409 2905 4477 Domine;
2951 4412 3142 4466 famuli
3173 4413 3253 4467 tui
3282 4428 3485 4468 oracu-

177 4495 287 4548 οὐκ
304 4494 450 4549 ἐστιν
482 4496 562 4550 ἔτι
582 4497 724 4571 πλὴν
753 4502 941 4557 αὐτοῦ.
994 4523 1014 4556 ι
1051 4505 1188 4559 Οὐδὲ
1216 4508 1325 4580 γάρ
1344 4510 1459 4562 ἐστι
1483 4509 1617 4574 Θεὸς
1645 4510 1786 4583 πλὴν

1898 4507 2005 4561 lum
2036 4514 2146 4572 est,
2180 4506 2418 4561 dicentis
2445 4524 2458 4559 :
2504 4522 2523 4555 ι
2560 4503 2627 4558 Et
2659 4519 2963 4574 cognosces
2985 4505 3153 4561 corde
3180 4513 3308 4571 tuo,
3331 4511 3481 4578 quod

183 4586 285 4640 σοῦ
332 4587 494 4657 μόνου
521 4606 535 4620 ·
571 4590 727 4659 ἀγιος
754 4593 854 4648 οὐκ
883 4594 1000 4649 ἔστι
1033 4597 1173 4669 πλὴν
1225 4601 1321 4654 σοῦ
1344 4644 1360 4669 ,
1410 4602 1615 4675 Κύριος
1651 4604 1787 4669 Θεὸς

1893 4599 2161 4655 Dominus
2191 4596 2338 4653 Deus
2379 4605 2542 4659 tuus,
2590 4596 2734 4652 Deus
2765 4597 2822 4650 in
2853 4598 2995 4651 cado
3026 4612 3273 4663 sursum,
3321 4607 3375 4654 et
3426 4602 3481 4655 in

330 4722 477 4805 Psal.
505 4729 769 4805 cm,u24._
811 4733 872 4805 7“
906 4734 1044 4791 Dan.
1072 4754 1195 4803 vm,
1230 4740 1316 4795 l3.
1400 4741 1439 4772 ¹¹
1473 4740 1581 4799 lsa.
1607 4757 1687 4805 vi.
1714 4744 1768 4800 3.

1909 4741 2110 4798 Ezech.
2141 4755 2226 4796 ιιι.
2266 4740 2351 4795 12.
2434 4740 2478 4771 ⁸³
2508 4738 2658 4794 Psal.
2692 4754 2862 4802 van,
2892 4736 2980 4792 18.
3060 4736 3226 4793 “lsa.
3258 4754 3345 4798 ιι.
3376 4740 3476 4805 22;

284 4794 415 4849 Esd.
454 4783 667 4878 "5‘69
688 4783 844 4878 {Job
1606 4783 1810 4870 ¹’ίῘζνε-ιξόε

1898 4783 2364 4869 gratarum:
2447 4811 2493 4842 η
2512 4783 2674 4865 ’ὀξίὲιζ
2693 4783 2788 4875 In},
2804 4783 2912 4865 'v'if
2929 4783 2984 4840 ἷῧ
3022 4783 3478 4867 ion'.";..“1s'rv

182 4864 324 4939 Reg.
361 4881 478 4921 xix.
553 4870 595 4901 ³³
622 4868 769 4929 Psal.
797 4890 983 4943 cxuv,
1030 4880 1085 4934 5.

1524 5034 1887 5093 VARIORUM
1922 5036 2154 5094 NOTAE.

258 5184 374 5268 (ΒΘ)
413 5186 785 5271 Κρεμαέιένη.
808 5185 1006 5270 .Habet
1044 5191 1216 5271 code;
1274 5191 1439 5271 and.
1498 5196 1781 5269 κεκρέμα-

1898 5212 2017 5271 ίοιη.
2038 5195 2108 5271 V,
2140 5213 2307 5271 serm_.
2342 5199 2411 5253 10
2437 5220 2450 5255 :
2490 5199 2797 5271 Ἀσιγήτοις
2826 5200 3037 5271 βοιῖιντα
3064 5203 3347 5270 κραυγαῖς,
3366 5212 3475 5263 etc.

181 5272 308 5325 παι
336 5256 392 5309 in
426 5259 720 5325 praterito,
748 5259 932 5314 minus
960 5265 1266 5317 commode.
1298 5263 1435 5319 Cor.

256 5324 521 5401 (90)_Elg
552 5327 720 5401 ᾷγιος
750 5328 830 5394 τῷ
860 5333 1172 5401 Φελμονεί.
1212 5332 1388 5391 Petita
1425 5337 1540 5395 hare
1569 5353 1638 5393 ex
1667 5352 1783 5392 ver-

182 5394 645 5479 sioneDanielis,
694 5394 994 5479 cap.__vm,:
1024 5403 1114 5469 15,
1159 5405 1230 5479 ab
1269 5394 1639 5479 homjnesqui
1682 5424 1781 5463 ne-

180 5465 407 5548 sciebat
445 5465 741 5548 Hebraice;
765 5465 1000 5548 alioqui
1036 5465 1303 5548 vertisset
1344 5475 1422 5548 τῷ
1466 5465 1618 5544 δείκῖι,
1662 5494 1784 5548 qua:

179 5543 312 5613 nata
329 5541 415 5613 est
439 5533 769 5613 significatio
784 5533 937 5613 vocis
956 5540 1237 5613 Hebraicae
1255 5533 1450 5610 ἐπειδὴ
1468 5533 1778 5613 ΡΙιαίιηὸηί,

183 5597 275 5679 γει
301 5600 410 5682 τινί
442 5597 684 5682 πὸτεημι
711 5606 949 5662 habebat
987 5597 1779 5682 εγωιὶίάὸιιίίζῖιῐέὲῐῖέὲὶἔέἇ

184 5672 309 5749 cui;
323 5679 383 5749 ut
418 5682 567 5749 recte
599 5672 986 5749 ﬂieronymus.
1012 5672 1091 5738 Ib.

259 5720 381 5811 (Μ).
1012 5720 1280 5823 Ecdiciae,
1311 5720 1417 5813 etc.
1447 5756 1506 5814 S.
1536 5759 1778 5820 Joannes

182 5805 637 5882 Chrysostomus,
678 5805 1421 5885 o'e'anuilutidfééihiﬁi

1888 5266 2215 5338 Hippolytus
2273 5266 2706 5326 Portuensis'i'n
2780 5266 3133 5329 collectaneis
3194 5266 3477 5329 Anastasii

1888 5336 2303 5414 Bibliothecarii
2333 5356 2387 5409 p.
2431 5341 2540 5414 209
2575 5359 2589 5394 :
2625 5341 2874 5414 ἀσιγήτῳ
2914 5346 3067 5414 φωνῇ
3102 5343 3337 5411 βοῶντα.
3396 5344 3475 5400 In.

1960 5410 2071 5480 (92)
2108 5411 2599 5486 Περατουμένοις.
2649 5410 2707 5465 In
2745 5410 2869 5467 cde
2912 5410 3071 5486 Yind.
3102 5410 3190 5468 est
3218 5429 3480 5486 περαιου-

1889 5479 2076 5562 μένοις
2100 5487 2154 5535 et
2197 5496 2324 5563 mox
2351 5482 2751 5566 περαιούμενος
2780 5500 2794 5536 :
2827 5484 3019 5538 eodem
3060 5492 3244 5566 tamen
3280 5479 3471 5548 sensu,

1887 5552 1981 5620 qui
2018 5557 2105 5606 est
2137 5570 2150 5606 :
2184 5552 2352 5620 quies
2376 5552 2436 5605 in
2460 5552 2614 5607 rebus
2638 5568 2772 5622 quas
2805 5552 3212 5624 transgrederis,
3244 5565 3294 5609 et
3324 5570 3477 5677 auem

1887 5621 2022 5675 nihil
2049 5620 2463 5707 transgreditur,
2496 5625 2749 5707 quamvis
2792 5624 3126 5707 περαιοῦμαι
3156 5622 3302 5707 αριιά
3374 5640 3485 5680 η·-

1886 5706 1985 5747 cos
2016 5692 2392 5747 accuratiores
2422 5692 2765 5749 transitivam
2799 5692 2910 5748 vim
2937 5692 3209 5750 obtineat.
3230 5692 3327 5751 αι..

1958 5761 2248 5833 (95)Ὄτι.
2323 5761 2682 5833 Ρτωωὶιιὶιυιι
2757 5764 2812 5821 in
2886 5766 3009 5821 cod.
3081 5764 3320 5823 Vindob.
3381 5764 3476 5820 καὶ

1887 5832 2158 5905 συνήσεις,
2188 5842 2238 5889 et
2268 5834 2421 5891 scies.
2455 5832 2530 5890 Ιν.
