3886 6190
168 6042 385 6117 ,Κ

406 290 542 352 1031

1342 288 1405 349 8.
1439 284 1836 347 CLEMENTIS
1869 285 1888 342 Ι
1921 285 2089 345 ROB.
2125 285 2331 345 PONT.
2368 282 2600 341 OPERA
2631 279 2838 339 DUBIA

3592 277 3728 333 9033

403 424 555 471 terra
578 409 861 475 deorsum,
893 416 949 465 et
970 425 1079 465 non
1110 418 1195 467 est
1224 410 1461 479 amplius
1494 416 1695 479 praeter
1716 424 1841 465 eum
1862 408 1930 462 ι’.
1973 427 1992 459 ι

2126 404 2359 473 πνὼσεων
2390 445 2405 471 ,
2438 402 2574 465 Θεὸς
2612 400 2785 470 ἁγίων
2809 442 2823 464 ,
2857 400 3014 469 ἄγιος
3045 396 3187 469 ὑπὲρ
3228 394 3446 458 πάντας
3482 393 3685 463 ἁγίους
3709 414 3725 428 ·

407 504 597 574 Neque
615 504 762 558 enim
787 511 871 559 est
894 502 1061 569 Deus,
1094 511 1299 574 praeter
1322 511 1373 559 te
1398 503 1613 569 solum;
1642 508 1871 557 sanctus
1895 518 2003 556 non

406 602 493 653 est
523 603 723 666 prater
757 602 842 661 te,
878 593 1145 651 Dominus
1178 595 1322 653 Deus
1360 596 1717 652 scientiarum
1749 597 1816 661 “,
1860 594 2006 651 Deus

408 696 769 753 sanctorum,
810 697 1039 746 sanctus
1107 705 1276 762 supra
1332 705 1527 745 omnes
1578 700 1801 746 sanctos
1831 709 1844 745 ε
1878 705 2004 745 nant

407 779 741 836 sanctiﬁcati
777 780 881 835 sub
908 778 1167 836 manibus
1201 780 1314 836 tuis
1345 787 1475 836 sunt
1504 780 1571 835 “.
1616 777 1907 834 Gloriosus
1951 786 2007 833 et

408 872 879 943 superexaltatus,
915 880 1114 927 natura
1140 872 1457 939 invisibilis,
1491 870 2006 942 impervestigabilis

406 966 463 1021 in
495 965 723 1036 judiciis
750 967 829 1035 ”;
860 966 1025 1035 cujus
1055 966 1165 1020 vita
1187 981 1297 1020 non
1322 966 1530 1037 indiga,
1562 965 1781 1020 duratio
1806 965 2007 1019 immn-

407 1059 595 1117 tabilis
630 1074 695 1113 ac
737 1058 1061 1113 indeﬁciens
1083 1098 1097 1121 ,
1131 1060 1382 1129 operatio
1411 1057 1795 1129 infatigabilis,
1835 1057 2009 1112 incir-

406 1151 749 1220 cuniscripta
788 1149 1135 1221 magnitudo,
1196 1150 1456 1222 perennis
1500 1150 1689 1216 decor,
1723 1150 2006 1204 inaccessa

408 1240 1240 1313 habitatio,intransmigrabilis
1256 1243 1491 1303 mansio.
1514 1243 1759 1311 cognitio
1776 1250 2002 1304 :cterna,

407 1335 616 1390 veritas
658 1349 1011 1406 permanens,
1053 1349 1195 1405 opus
1234 1335 1388 1389 nullo
1424 1334 1734 1391 interventu
1773 1333 2001 1396 factum,

409 1422 655 1493 potentia
708 1424 877 1479 nullis
920 1424 1141 1480 insidiis
1183 1426 1455 1495 exposita.
1512 1424 1834 1479 monarchia
1884 1424 2005 1479 sine

408 1516 786 1581 successione,
829 1534 1057 1590 regnum
1108 1518 1229 1575 sine
1282 1518 1409 1585 line,
1454 1519 1627 1573 robur
1664 1518 2007 1590 inexpugna-

408 1605 540 1671 bile,
592 1610 871 1665 exercitus
923 1610 1439 1667 numerosissimus.
1483 1608 1565 1663 Tu
1606 1610 1752 1665 enim
1797 1626 1858 1665 es
1904 1608 2005 1663 Sa-

2107 498 2157 550 oi
2191 497 2299 569 γάρ
2346 494 2700 567 ἡγιασμένοι,
2748 491 2853 546 ὑπὸ
2890 490 2990 554 τὰς
3026 490 3213 561 χεῖράς
3256 505 3349 541 σου
3391 489 3559 542 εἰσίν.
3597 490 3725 541 Ἔν-

2107 589 2258 656 δοξος
2276 589 2371 642 καὶ
2392 586 2669 659 ὑπεροψού
2678 602 2836 657 μενος
2854 583 2986 656 (94),
3009 583 3238 654 ἀόρατος
3256 584 3324 652 τῇ
3348 580 3538 650 φύσει,
3565 582 3724 647 ἀνεξ-

2113 682 2386 753 ιχνίαστος
2417 680 2715 752 κρίμασιν·
2765 670 2828 730 οὗ
2867 676 3123 748 ἀνενδεὴς
3165 678 3197 747 ὴ
3248 675 3396 746 ζωὴ,
3442 677 3725 747 ἄτρεπτος

2109 775 2203 829 καὶ
2233 773 2527 845 ἀνελλιπὴς
2556 774 2590 843 ὴ
2624 771 2877 843 διαμονὴ,
2900 769 3183 841 ἀκάματος
3215 771 3249 840 ἠ
3269 770 3555 839 ἐνέργεια,
3578 770 3720 821 ἀπε-

2110 868 2412 941 ρίγραπτος
2472 866 2507 937 ἡ
2573 863 2951 936 μεγαλειότης,
3008 862 3233 925 ἀένναος
3289 862 3323 932 ὴ
3380 861 3722 932 εὐπρέπεια,

2106 959 2403 1033 ἀπρόσιτος
2434 959 2469 1029 ἠ
2494 957 2771 1023 κατοικία,
2801 954 3275 1027 ἀμετανάστευτος
3292 954 3327 1025 ἡ
3346 954 3725 1024 κατασκήνω-

2109 1070 2229 1116 σις,
2280 1052 2517 1124 ἄναρχος
2572 1051 2607 1121 ἠ
2663 1049 2885 1119 γνῶσις,
2940 1046 3303 1111 ἀναλλοίωτος
3360 1048 3397 1119 ἡ
3458 1048 3721 1120 ἀλήθεια,

2106 1144 2463 1216 ἀμεσίτευτον
2490 1143 2552 1197 τὺ
2573 1143 2735 1215 ἔργον
2766 1142 2902 1214 (95),
2926 1140 3378 1195 ἀνεπιϐούλευτον
3397 1141 3460 1194 τὸ
3486 1143 3723 1213 κράτος,

2108 1239 2394 1310 ἀδιάδοχος
2448 1238 2482 1308 ἡ
2546 1236 2854 1310 μοναρχία,
2924 1235 3279 1307 ἀτελεύτητος
3340 1236 3377 1305 ἡ
3444 1234 3723 1305 βασιλεία,

2106 1330 2633 1402 ἀνανταγώνιστοςὴ
2668 1330 2853 1401 ίσχὺς,
2885 1327 3255 1400 πολυάριθμος
3287 1330 3321 1398 ἡ
3353 1328 3617 1399 στρατιά.
3649 1330 3725 1382 Σὺ

2106 1427 2215 1498 γὰρ
2255 1420 2306 1478 εἴ
2332 1428 2361 1479 6
2389 1424 2590 1495 Σοφίας
2622 1424 2843 1495 Πατὴρ,
2891 1425 2919 1477 6
2952 1421 3314 1494 δημιουργίας
3355 1422 3461 1492 τῆς
3488 1421 3586 1475 διὰ
3624 1440 3727 1493 με-

2109 1521 2257 1573 σίτου
2290 1519 2544 1591 κτίστης,
2580 1519 2656 1581 ὠς
2688 1518 2858 1580 αἴτιος
2882 1534 2894 1547 ·
2930 1519 2959 1570 6
2993 1516 3250 1589 προνοίας
3279 1516 3543 1586 χορηγὸς,
3580 1519 3609 1569 6
3635 1516 3727 1569 νό-

2110 1631 2225 1686 μων
2252 1612 2437 1685 δοτὴρ,
2466 1616 2495 1666 6
2526 1612 2733 1675 ἐνδείας
2761 1610 3054 1684 πληρωτὴς
3077 1628 3090 1641 ’
3121 1613 3149 1663 6
3167 1609 3274 1662 τῶν
3294 1609 3514 1662 ἀσεϐῶν
3546 1626 3727 1679 τιμω-

409 1698 631 1771 pientia:
675 1698 870 1767 Pater,
929 1703 1229 1759 creationis
1278 1719 1375 1775 per
1434 1702 1791 1758 mediatorem
1847 1702 2004 1758 facta:

2126 1705 2221 1771 ὡς,
2257 1706 2353 1759 καὶ
2381 1705 2491 1758 τῶν
2516 1704 2741 1758 δικαίων
2776 1701 3180 1775 μισθαποδότης
3211 1700 3321 1773 (96)
3348 1718 3362 1730 ·
3404 1703 3435 1754 6
3464 1700 3567 1753 τοῦ
3597 1703 3726 1772 Χρι-

408 1794 693 1858 conditor,
747 1808 1010 1867 tanquam
1074 1812 1243 1852 causa
1270 1773 1293 1864 ξ
1337 1795 1698 1869 providentiae
1751 1796 2000 1867 largitor,

2126 1796 2235 1851 ςτοῦ
2262 1796 2396 1861 Θεὸς
2427 1797 2521 1851 καὶ
2544 1796 2757 1868 Πατὴρ,
2779 1773 3001 1849 καὶτῶν
3032 1797 3115 1860 είς
3138 1773 3307 1849 αὐτὸν
3337 1795 3726 1849 εὐσεϐούντων

410 1883 591 1955 legum
644 1888 824 1955 dator,
883 1890 1199 1960 indigentia:
1245 1892 1545 1960 expletor;
1599 1889 1748 1944 ultor
1806 1888 2007 1960 impio—

2126 1890 2317 1963 Κύριος
2339 1906 2353 1922 ·
2392 1882 2455 1943 οὗ
2488 1889 2849 1960 ἀδιάψευστος
2878 1890 2913 1962 ἡ
2945 1887 3270 1959 ἐπαγγελία,
3303 1888 3725 1960 ἀδωροδόκητος

412 1990 533 2029 rum
593 1983 649 2032 et
702 1977 982 2047 justorum
1039 1989 1469 2048 remunerator;
1521 1979 1730 2035 Christi
1767 1978 1912 2035 Deus
1950 1988 2006 2036 et

2126 1984 2146 2053 ἡ
2176 1982 2377 2055 κρίσις,
2408 1981 2812 2053 ἀμετάπειστος
2850 1982 2883 2051 ἡ
2909 1978 3099 2052 γνώμη
3126 2022 3141 2046 ,
3175 1982 3457 2047 ἄπαυστος
3497 1987 3533 2055 ἠ
3562 1987 3719 2039 εὐσέ-

408 2063 595 2132 Pater,
641 2078 808 2141 atque
876 2070 961 2141 pie
1032 2088 1165 2144 erga
1207 2089 1335 2129 eum
1378 2089 1439 2131 se
1468 2074 1775 2145 gerentium
1820 2072 2006 2128 Domi-

410 2173 519 2214 nus
554 2178 567 2214 :
598 2164 761 2231 cujus
796 2162 1004 2221 Christi
1036 2180 1146 2220 non
1183 2164 1324 2219 fallit
1376 2165 1709 2237 promissio,
1758 2165 2005 2219 muneri-

410 2246 517 2305 bus
558 2267 670 2307 non
701 2257 1076 2325 corrumpitur
1111 2256 1410 2327 judicium,
1449 2258 1599 2312 nulla
1643 2257 2007 2329 persuasione

410 2353 659 2402 mutatur
701 2350 1005 2416 sententia,
1081 2367 1365 2422 nunquam
1408 2361 1593 2407 cessat
1660 2352 1877 2419 pietas,

1955 2348 2262 2419 gratiarum
2318 2351 2463 2405 actio
2518 2366 2630 2405 non
2687 2349 2877 2404 linitur
2932 2367 2949 2406 :

2114 2072 2261 2137 ὕεια,
2294 2072 2462 2135 ἀΐδιος
2493 2073 2526 2143 ὴ
2550 2072 2870 2143 εὐχαριστία
2889 2090 2903 2103 ·
2939 2071 3004 2124 δι’
3030 2066 3091 2125 οὗ
3128 2089 3208 2125 σοι
3235 2074 3329 2127 καὶ
3365 2075 3481 2147 (97)
3509 2079 3545 2148 η
3574 2079 3717 2132 ἑπά-

2116 2166 2228 2233 ξιος
2267 2164 2636 2237 προσκύνησις
2665 2164 2938 2234 ὀφείλεται
2975 2163 3125 2236 παρά
3154 2165 3337 2237 πάσης
3356 2165 3599 2241 λογικῆς
3622 2174 3718 2225 καὶ

2114 2258 2276 2326 ἁγίας
2306 2257 2543 2328 φύσεως.

3007 2364 3105 2420 per
3159 2363 3323 2418 quem
3397 2347 3504 2401 tibi
3581 2348 3723 2401 ado-

411 2440 554 2495 ratio
584 2442 857 2513 condigna
890 2445 1120 2500 debetur
1148 2446 1217 2501 ab
1245 2445 1396 2500 omni
1440 2447 1694 2501 rationali
1725 2454 1779 2501 et
1810 2453 2003 2501 sancta
2027 2452 2245 2500 natura.

945 2536 1178 2595 CAPUT
1211 2537 1456 2596 XXXVI.

414 2628 606 2684 Oratio
645 2646 1063 2686 commemorans
1106 2632 1525 2686 incarnationem
1552 2630 1784 2694 Christi,
1816 2642 1866 2687 et
1906 2648 2002 2687 ra-

717 2702 857 2755 riam
896 2718 1023 2774 erga
1050 2714 1263 2758 sanctos
1293 2704 1698 2772 providentiam.

486 2858 535 2891 “
558 2856 791 2914 Domine
843 2859 1197 2929 omnipotens
1231 2898 1248 2924 ,
1317 2858 1584 2915 mundum
1646 2862 1847 2916 creasti
1907 2875 2001 2931 per

412 2950 715 3014 Christum.
767 2958 823 3007 et
876 2949 1177 3007 Sabbatum
1220 2952 1278 3006 in
1330 2950 1498 3021 hujus
1550 2950 1627 3006 rei
1682 2951 2005 3007 memoriam

413 3042 681 3109 sanxisti;
718 3043 845 3115 quia
878 3043 933 3098 in
968 3059 1035 3098 eo
1074 3044 1145 3098 ab
1181 3043 1443 3115 operibus
1484 3045 1768 3114 quiescere
1800 3043 2005 3109 fecisti,

414 3136 483 3191 ad
508 3136 920 3193 meditationem
944 3138 1125 3210 legum
1150 3146 1370 3193 tuarum
1398 3157 1410 3192 :
1438 3146 1493 3193 et
1522 3138 1691 3193 festos
1720 3138 1841 3195 dies
1869 3154 2008 3194 con-

413 3228 669 3293 stituisti,
713 3229 769 3285 in
803 3228 1047 3284 laetitiam
1095 3230 1405 3285 animarum
1447 3238 1785 3295 nostrarum,
1843 3239 1903 3285 ut
1946 3231 2006 3285 in

414 3318 858 3376 recordationem
882 3322 1198 3377 veniremus
1230 3321 1524 3393 Sapientiae
1548 3333 1643 3379 ate
1660 3324 1895 3379 condita:
1915 3324 1961 3356 "
1986 3343 2001 3379 :

414 3412 695 3482 quomodo
724 3421 949 3484 propter
992 3429 1095 3469 nos
1130 3416 1287 3470 nasci
1318 3430 1385 3470 ex
1414 3416 1644 3471 muliere
1684 3417 1951 3471 sustinuit
1987 3436 2003 3485 ;

2622 2535 3018 2589 ΚΕΦΑΛΑΙΟΝ
3040 2537 3180 2603 Λςν.

2108 2627 2433 2716 Προσερχῂ
2463 2627 3017 2716 ὐαξιοιίιμνήσκουσει
3044 2626 3161 2716 τῂν
3194 2628 3541 2716 rarohW
3584 2633 3719 2710 Χρι-

2178 2699 2332 2753 στοῦ
2376 2697 2855 2765 ὲνανθρώπησιν,
2902 2698 3002 2751 καί
3027 2697 3143 2767 τὴν
3169 2700 3257 2764 είς
3308 2699 3456 2765 τοὺς
3504 2697 3721 2769 ἁγίους

2178 2768 2468 2838 διάφορον
2496 2769 2808 2836 πρόνοιαν.

2182 2860 2355 2933 Κύριε
2386 2861 2496 2932 (98)
2531 2860 2935 2932 παντόκρατορ,
2970 2859 3174 2931 κόσμον
3201 2860 3432 2924 ἔκτισας
3463 2861 3561 2915 διὰ
3589 2864 3719 2934 Χριρ

2115 2951 2243 3005 στοῦ
2267 2995 2282 3019 ,
2332 2954 2429 3006 καὶ
2480 2951 2761 3006 Σάὄϐατον
2807 2951 3013 3024 ὥρισας
3068 2955 3149 3017 είς
3200 2955 3426 3025 μνήμην
3477 2954 3714 3008 τούτου·

2110 3044 2193 3098 ὃτι
2234 3046 2293 3097 ὲν
2324 3044 2473 3117 αὑτῷ
2502 3044 2859 3109 κατέπαυσας
2901 3045 3011 3099 ἀπὸ
3039 3045 3149 3099 τῶν
3179 3045 3358 3117 ἔργων
3382 3087 3399 3111 ,
3434 3048 3522 3110 είς
3558 3046 3717 3118 μελὲ-

2110 3154 2211 3209 την
2257 3136 2368 3190 τῶν
2412 3136 2521 3191 σῶν
2562 3137 2783 3209 νόμωνο
2832 3138 2928 3191 καὶ
2978 3137 3173 3210 ἑορτὰς
3208 3135 3463 3205 eadem,
3500 3143 3585 3203 εξς
3630 3140 3706 3193 εὑ.

2110 3232 2391 3305 φροσύνην
2430 3232 2541 3285 τῶν
2588 3231 2871 3303 ἡμετέρων
2919 3230 3129 3301 ψυχῶν,
3166 3230 3316 3293 ὅπως
3362 3232 3446 3294 είς
3493 3233 3715 3303 μνήμην

2110 3324 2400 3396 ὲρχώμεθα
2422 3324 2522 3396 τῆς
2540 3324 2646 3377 ὑπὸ
2667 3323 2760 3377 σοῦ
2782 3322 3097 3395 κτισθείσης
3126 3322 3347 3393 σοφίας·
3382 3322 3463 3386 ὡς
3482 3324 3554 3375 δι’
3571 3325 3713 3394 ἡμᾶς

2109 3417 2322 3485 γένεσιν
2366 3416 2576 3489 ὑπέστη
2604 3417 2703 3489 τὴν
2730 3415 2820 3469 διὰ
2844 3416 3104 3485 γυναικός
3123 3432 3137 3446 ·
3190 3415 3440 3486 ἐπεφάνη
3477 3417 3565 3487 τῷ
3598 3417 3711 3487 βίῳ,

416 3504 673 3574 apparuit
717 3504 774 3559 in
821 3505 931 3558 vita
981 3504 1107 3569 hac,
1156 3506 1458 3563 ostendens
1494 3507 1548 3562 in
1590 3507 1865 3577 baptismo
1902 3521 2007 3564 suo

2126 3510 2430 3573 ιναδεικνὺς
2476 3509 2668 3563 ἑαυτὸν
2697 3510 2755 3563 ὲν
2784 3508 2863 3581 τῷ
2908 3508 3275 3580 βαπτίσματι,
3314 3508 3393 3571 ὡς
3423 3508 3567 3572 Θεός
3596 3511 3709 3562 ἐστι

415 3594 568 3665 quod
627 3594 747 3665 ipse
798 3596 895 3667 qui
946 3598 1271 3667 apparebat,
1314 3606 1464 3655 esset
1509 3597 1654 3655 Deus
1689 3615 1753 3655 ac
1794 3601 2007 3669 homo;

420 3699 621 3755 passus
654 3694 739 3741 est
769 3697 995 3759 propter
1021 3705 1124 3745 nos
1144 3691 1510 3757 permissione
1540 3701 1653 3757 tua,
1678 3700 1734 3748 et
1757 3702 2008 3749 mortuus

419 3787 527 3843 est,
567 3796 633 3836 ac
682 3790 951 3851 potestate
990 3793 1082 3838 tua
1128 3785 1432 3841 resurrexit
1474 3806 1487 3839 :
1536 3784 1768 3857 ideoque
1808 3788 2008 3840 festum

421 3869 891 3937 Resurrectionis.
952 3874 1237 3932 Dominica
1288 3876 1380 3932 die
1430 3877 1809 3941 celebrantes,
1866 3878 2013 3932 laata-

420 3980 547 4019 mur
577 3964 645 4021 de
670 3981 736 4022 eo
766 3967 861 4038 qui
892 3968 1027 4023 vicit
1056 3969 1278 4040 quidem
1320 3978 1575 4032 mortem.
1622 3970 1881 4042 patefecit
1911 3986 2011 4025 au-

422 4067 529 4113 tem
582 4059 749 4114 vitam
805 4076 871 4118 ac
919 4062 1391 4120 immortalitatem
1437 4082 1452 4120 :
1509 4079 1607 4136 per
1638 4066 1819 4135 ipsqu
1859 4066 2008 4120 enim

417 4161 613 4222 gentes
662 4155 730 4209 ad
782 4163 837 4211 te
886 4155 1189 4223 adduxisti,
1236 4156 1294 4211 in
1343 4158 1605 4229 populum
1649 4159 2005 4229 peculiarem.

2110 3602 2515 3673 καὶᾶνθρωπος
2545 3604 2575 3656 6
2606 3602 2799 3671 φανείς
2824 3618 2836 3627 ·
2884 3601 3055 3654 ἔπαθε
3092 3601 3160 3654 δι’
3198 3601 3345 3671 ἡμᾶς
3385 3605 3455 3672 σῇ
3496 3618 3713 3673 συγχω-

2113 3694 2292 3767 ρήσει,
2314 3695 2410 3748 xui.
2428 3694 2689 3762 ἀπέθανε,
2712 3696 2809 3747 καὶ
2829 3693 3031 3767 ἀνέστη
3050 3692 3128 3765 σῷ
3150 3693 3341 3765 κράτει
3360 3711 3374 3723 ο
3397 3693 3480 3746 διὸ
3503 3696 3601 3748 καὶ
3619 3696 3713 3765 τὴν

2111 3788 2485 3861 ἀναστάσιμον
2536 3789 2735 3860 ἑορτὴν
2797 3786 3264 3860 πανηγυρίζοντες
3304 3789 3375 3858 τῇ
3431 3789 3712 3860 κυριακῇ,

2112 3879 2381 3952 χαίρομεν
2412 3880 2505 3933 ἐπὶ
2532 3880 2612 3952 τῷ
2642 3882 2929 3953 νικήσαντι
2959 3880 3059 3952 μὲν
3094 3880 3189 3935 τὸν
3227 3878 3459 3933 θάνατον
3484 3921 3502 3945 ,
3554 3880 3714 3949 φωτί.

2116 3988 2270 4024 σαντι
2297 3971 2355 4026 δὲ
2382 3971 2528 4044 ζωὴν
2560 3973 2657 4027 καὶ
2678 3972 2988 4045 ἀφθαρσίαν
3012 3989 3026 4002 ·
3057 3971 3139 4025 δι’
3166 3971 3331 4025 αὑτοῦ
3364 3971 3478 4043 γὰρ
3502 3974 3712 4043 προσή-

2114 4082 2287 4134 γαγες
2325 4066 2394 4120 τά
2421 4066 2549 4138 ἔθνη
2577 4064 2775 4137 ὲαυτῷ,
2807 4068 2885 4129 είς
2904 4064 3031 4119 λαὸν
3059 4064 3389 4136 περιούσιον,
3412 4064 3507 4116 τὸν
3529 4064 3713 4135 ἀληθι-

2116 4157 2205 4211 νὸν
2251 4158 2490 4231 Ἰσραὴλ,
2528 4159 2620 4213 τὸν
2652 4158 2896 4231 θεοφιλῆ,
2927 4157 3018 4211 τὸν
3046 4157 3256 4229 ὁρῶντα
3283 4156 3416 4209 Θεόν
3459 4156 3601 4227 (99).
3641 4158 3711 4210 Σῐ.

499 4293 546 4367 ’_°
571 4291 724 4349 Deut.
754 4308 829 4359 Iv,
868 4292 959 4367 39.
1036 4293 1082 4325 “
1108 4292 1127 4348 Ι
1158 4291 1291 4366 Reg.
1318 4309 1377 4361 ιι,
1410 4296 1463 4352 3.
1540 4296 1585 4327 "
1612 4294 1749 4350 Dan.
1807 4310 1889 4351 nt.
1966 4295 2012 4327 ⁸⁸
2041 4294 2204 4354 Rom.
2249 4314 2327 4366 xt,
2361 4298 2450 4354 33.
2530 4297 2576 4330 “
2615 4297 2652 4351 Ι.
2690 4296 2863 4367 lgnat.
2898 4294 3152 4363 interpol.
3186 4292 3254 4347 ad
3291 4290 3471 4362 Magn.
3511 4294 3567 4346 9.

420 4363 469 4395 "
507 4363 673 4420 Prov.
712 4380 833 4431 vm,
864 4364 958 4419 2‘3.

1739 4475 2107 4535 VARIORUM
2155 4476 2388 4534 NOTAE.

499 4593 606 4669 (94)
649 4594 1200 4681 ’Υπεροψριξμενοςκ
1225 4591 1477 4681 lamentis.
1510 4592 1836 4681 typotheta:
1854 4607 2010 4647 men-

422 4663 615 4745 duinne
641 4668 767 4745 cod.
792 4663 1209 4745 Vindobonensi
1244 4663 1741 4745 ’Υπερυψοὺμενοφ
1772 4663 1872 4744 Ωιτ.

517 4737 609 4808 95)
648 4737 1068 4808 Ἀμεσίτευτον
1086 4736 1151 4789 τὸ
1177 4734 1465 4808 {protulit
1488 4734 1815 4808 quibusdam
1839 4734 2013 4808 inter-

423 4805 644 4880 positis,
676 4805 1091 4881 ὅδημιουργίας
1106 4807 1205 4881 τῆς
1219 4805 1307 4861 διά
1334 4805 1551 4881 μεσίτου
1575 4805 1818 4874 κτίστης.
1851 4805 2012 4869 Qum—

426 4876 516 4936 i‘es
561 4876 837 4947 quomodo
874 4876 1083 4933 creatio
1131 4876 1459 4947 intermedio
1490 4883 1715 4947 careat,
1740 4888 1861 4947 qua:
1892 4890 2011 4930 tne-

424 4943 723 5014 uiatorcm,
755 4966 853 5006 seu
887 4950 1126 5004 medium
1166 4949 1329 5004 habet
1359 4943 1558 5001 Filiqu
1594 4944 1723 5001 Dei?
1753 4945 2009 5015 Κοδρίδη-

425 5020 545 5077 tleri
584 5027 759 5092 potest
783 5059 805 5092 ,ν
828 5022 1161 5075 creationem
1192 5035 1315 5075 esse
1341 5019 1561 5088 quidem
1591 5017 1797 5087 absque
1831 5018 2010 5092 medio

427 5087 609 5147 alieno
644 5107 673 5144 a
703 5091 1024 5161 divinitate;
1061 5087 1373 5161 agnoscere:
1394 5100 1576 5144 tamen
1612 5103 1900 5161 personam
1927 5087 2013 5161 di-

428 5163 674 5219 vinitatis
696 5163 952 5225 mediam,
978 5158 1209 5215 Filium:
1232 5159 1585 5215 mediatorcm
1611 5158 2013 5228 productionis,

428 5249 525 5305 per
583 5250 744 5303 quem
783 5234 993 5287 scilicet
1056 5231 1220 5305 Pater
1255 5231 1440 5287 omnia
1471 5230 1716 5305 creavit;
1762 5230 1857 5283 sed
1906 5245 2012 5305 non

429 5299 788 5359 inetlia'tm-em
825 5311 1033 5357 natnrze
1055 5344 1068 5363 .
1115 5302 1168 5357 id
1214 5312 1319 5366 est,
1352 5302 1673 5371 participem
1705 5299 1933 5353 increati
1960 5306 2015 5352 et

427 5376 599 5431 creati
623 5416 638 5439 ,
676 5374 822 5445 quod
854 5375 1063 5445 exstitit
1107 5384 1229 5445 post
1262 5379 1603 5445 assumptum
1629 5379 1881 5445 naturam
1914 5371 2014 5422 hn-

427 5461 671 5503 tnanam.
695 5441 908 5501 Cor.-—
924 5441 1265 5499 Crediderim
1298 5442 1650 5513 ἀμεσίτευτον
1684 5441 1843 5510 ἔργον
1864 5456 2010 5502 esse,

471 5517 576 5569 uod
626 5518 795 5572 nullis
842 5514 1226 5570 instrumentis
1271 5512 1492 5567 aliunde
1524 5512 1831 5581 desuntptis
1885 5527 2012 5579 per-

452 5583 633 5641 ectum
683 5598 789 5650 est,
840 5594 898 5640 ut
930 5587 999 5641 sit
1043 5584 1183 5639 idem
1229 5598 1292 5637 ac
1336 5584 1538 5651 ἀμεσον
1583 5583 1917 5653 ἔργοννκριι,
1952 5590 2012 5635 ut

431 5656 710 5725 loquimur
766 5658 949 5719 hodie.
995 5656 1358 5710 immediatum
1416 5670 1567 5721 opus.
1620 5652 1728 5725 'Aili
1785 5652 2009 5725 Dionys.

432 5721 712 5780 Petavium
771 5726 849 5781 De
906 5726 1187 5790 Trinitate,
1242 5726 1329 5780 lib.
1385 5740 1484 5784 vn,
1534 5740 1657 5794 cap.
1694 5724 1749 5794 4,
1795 5721 2014 5777 νεάιέρι

430 5806 556 5863 cap.
590 5796 658 5849 12
694 5797 785 5852 ubi
829 5795 1055 5852 Constit.
1098 5807 1288 5852 auctor
1318 5804 1392 5850 ait
1434 5792 1630 5850 Filium
1663 5810 1690 5847 a
1724 5792 1887 5849 Patre
1915 5810 2012 5865 ge-

2040 4603 2086 4660 Ι)
2114 4592 2290 4647 nilum
2321 4588 2713 4660 ἀμεσιτεύτῳς.
2743 4587 2843 4642 CL.

2212 4661 2303 4733 96)
2335 4654 2815 4733 Μισθαποδότης.
3038 4657 3160 4733 cod.
3198 4654 3485 4733 μισθότης.
3522 4656 3599 4715 lo.

2212 4665 2303 4733 96)
2335 4665 2815 4727 Μισθαποδότης.
2848 4665 3005 4713 Vind.
3038 4665 3160 4711 cod.
3198 4665 3485 4727 μισθοτης,
3522 4665 3599 4715 ιο,

2190 4665 2303 4805 (97)
2332 4731 2465 4805 καί.
2488 4730 2662 4805 ﬁddit
2690 4734 2810 4805 cod.
2835 4728 2996 4805 V_ind.
3030 4727 3157 4798 μεθ’
3178 4720 3266 4790 οὗ,
3297 4742 3420 4805 cum
3446 4745 3529 4805 eo,
3565 4730 3706 4801 quod

2115 4798 2209 4858 est
2243 4798 2662 4870 Doxologiarum
2679 4800 3136 4870 orthodoxarum,
3162 4814 3273 4852 non
3294 4798 3704 4865 Arianicafum,

2118 4883 2179 4928 ut
2208 4874 2317 4928 iam
2351 4868 2480 4927 alibi
2514 4872 2949 4927 observavimus.
2976 4868 3054 4924 lo.

2211 4936 2301 5013 98)
2331 4944 2527 5012 Κύριε.
2582 4941 2677 4997 Est
2738 4939 3118 5013 scholium_in
3167 4936 3573 5013 cod.‘Vindob.
3620 4942 3703 4996 hic

2117 5009 2394 5070 additum:
2418 5009 2552 5066 ’Ὅτι
2579 5013 2797 5080 Κύριος
2838 5011 3038 5064 ἕκτισέ
3054 5027 3152 5079 με,
3188 5009 3374 5078 σαφῶς
3415 5013 3496 5075 είς
3526 5013 3619 5065 τὸν
3644 5016 3705 5067 ἐκ

2119 5085 2397 5154 Παρθένου
2450 5082 2711 5154 τεχθέντα
2740 5083 2973 5153 Χριστὸν
3028 5080 3378 5154 ἀναφέρεται.
3430 5081 3567 5149 Quae
3594 5092 3705 5137 erat

2119 5103 2203 5139 uu
2244 5103 2397 5138 υενου
2450 5103 2711 5154 τεχυεντα
2740 5103 2973 5153 Αριστον
3028 5103 3378 5151 αναφερξται.
3430 5103 3567 5149 qua!
3594 5103 3705 5137 erat

2116 5103 2549 5211 OftflOdOXOl‘lllll
2603 5153 2872 5208 sententia
2922 5168 3028 5221 qua
3074 5152 3440 5219 objectionem
3486 5154 3707 5206 damm-

2120 5237 2267 5298 ptam
2312 5242 2380 5298 ex
2419 5225 2699 5278 creatione
2732 5223 3426 5298 sapientia];retunderent.
3483 5224 3595 5295 Sed
3624 5239 3707 5279 re.

2117 5294 2249 5353 vera
2299 5297 2365 5351 de
2412 5305 2605 5350 neutra
2654 5297 2961 5363 sapientia,
3016 5294 3118 5347 hoc
3175 5300 3301 5355 est,
3347 5294 3555 5348 creata
3584 5304 3706 5350 ante

2122 5368 2413 5431 mundum,
2444 5378 2538 5420 aut
2569 5375 2697 5419 nata
2739 5381 2805 5419 ex
2838 5366 3050 5434 \irgine
3079 5364 3261 5434 agitur
3291 5371 3437 5435 apud
3458 5365 3709 5419 Salmnov

2118 5454 2267 5502 nem,
2315 5445 2373 5490 ut
2420 5438 2522 5491 viri
2555 5437 2701 5490 docti
2733 5433 3011 5500 viderunt,
3053 5446 3107 5491 et
3148 5449 3249 5489 nos
3295 5433 3365 5488 ad
3411 5433 3702 5492 Proverbia

2120 5511 2371 5579 pluribus
2402 5508 2777 5579 ostendemus.
2808 5507 2882 5560 In.

2194 5580 2304 5651 (99)
2355 5580 2463 5632 Τιῗν
2500 5577 2753 5651 -ίτρὼντιε
2807 5573 3325 5651 Bedr._lnluentur
3368 5591 3439 5629 ac
3486 5578 3701 5631 tradunt

2122 5646 2266 5718 saepe
2288 5646 2472 5704 'sancti
2500 5647 2889 5718 Patresjirzeci
2917 5655 2972 5701 et
3000 5646 3177 5718 L_atini
3198 5646 3340 5699 hanc
3364 5651 3701 5718 elytlmlogut

2122 5716 2415 5782 rationein,
2468 5721 2642 5773 secuti
2688 5716 2972 5773 Philonem
3022 5716 3271 5771 Judaeum
3302 5757 3317 5777 ,
3376 5716 3493 5786 qua
3554 5716 3700 5771 Israel

2123 5794 2416 5863 exponitur
2460 5789 2635 5845 videas
2683 5788 2849 5843 Deum
2926 5786 3122 5853 Homo,
3142 5795 3235 5840 aut
3290 5802 3440 5841 mem
3502 5805 3698 5842 rerum
