3886 6190
235 295 379 355 I035

1122 296 1715 356 CONSTITUTIONES
1746 298 2220 357 APOSTOLICE.
2254 331 2322 340 -—
2355 300 2482 355 LIB.
2522 298 2637 355 VII.

3380 295 3515 351 105$

236 409 368 482 γὰρ,
393 409 589 482 Κύριε,
618 410 856 473 καὶτοὺς
889 409 1132 481 πατέρας
1162 410 1318 482 ήμῶν
1348 409 1614 481 ἐξήγαγες
1639 412 1702 463 ὲκ
1730 411 1832 481 γῆς

1938 429 2126 468 verum
2176 412 2452 479 lsraelem,
2504 411 2617 466 Deo
2652 411 2911 474 charum,
2956 411 3161 482 quique
3207 409 3378 466 Deum
3434 410 3517 461 vi-

233 503 549 573 Δίγύπτου,
590 505 684 558 καὶ
725 501 944 575 ὲρῤύσω
972 504 1039 556 ὲκ
1076 503 1307 573 καμίνου
1348 504 1602 574 σιδηρᾶς,
1643 504 1736 557 καὶ
1767 505 1831 557 ἐκ

230 595 431 666 πηλοῦ,
455 596 549 648 καὶ
582 594 968 666 πλινθουργίας
992 611 1005 623 ·
1030 593 1323 667 ὲλυτρώσω
1343 596 1407 648 ὲκ
1434 594 1615 666 χειρὸς
1632 596 1831 667 Φαραὼ

230 688 329 742 καὶ
368 686 477 740 τῶν
505 688 614 740 ὑπ’
657 687 841 753 αὐτὸν,
875 688 971 741 καὶ
1001 686 1090 741 διὰ
1126 686 1404 760 θαλάσσης
1433 688 1510 751 ὡς
1542 687 1628 741 διὰ
1662 687 1831 760 ξηρᾶς

229 778 435 843 αὐτοὺς
462 778 785 851 παρήγαγες
807 797 820 809 ·
850 781 946 834 καὶ
976 780 1424 852 ὲτροποφόρησας
1452 781 1650 845 αὐτοὺς
1680 784 1737 835 ὲν
1762 785 1829 853 τῇ

228 870 431 942 ἐρήμῳ
460 871 735 935 παντοίοις
765 871 992 939 ἀγαθοῖς
1015 890 1028 901 ”
1067 873 1232 943 νόμον
1277 873 1460 936 αὐτοῖς
1484 873 1764 945 ἐδωρήσω,
1795 876 1827 947 ἢ

220 963 370 1018 δέκα
388 964 584 1032 λογίων
617 965 763 1036 ⁸⁸,σῇ
797 967 949 1035 φωνῇ
973 964 1332 1035 φθεγχθέντα,
1367 966 1461 1019 καὶ⁸
1487 966 1635 1038 χειρὶ
1658 984 1829 1020 κατα-

229 1056 536 1128 γραφέντα·
572 1055 922 1120 σαὸὄατίζειν
952 1056 1224 1123 ὲνετείλω,
1249 1058 1309 1110 οὐ
1335 1058 1606 1129 πρόφασιν
1634 1058 1830 1128 ἀργίας

227 1147 433 1215 διδοὺς,
469 1148 595 1201 ἀλλ’
625 1149 884 1221 ἀφορμὴν
916 1148 1197 1212 εὐσεϐείας
1221 1192 1237 1216 ,
1270 1150 1351 1213 είς
1381 1149 1581 1218 γνῶσιν
1603 1152 1701 1222 τῆς
1733 1152 1831 1223 σῆς

229 1240 539 1311 δυνάμεως,
588 1242 669 1305 είς
713 1240 947 1295 κώλυσιν
985 1240 1170 1295 κακῶν
1192 1242 1267 1306 ὼς
1291 1244 1348 1296 ὲν
1379 1243 1511 1314 ἱερῷ
1540 1243 1830 1315 καθείρξας

231 1331 528 1404 περιϐόλῳ,
571 1332 922 1396 διδασκαλίας
960 1334 1149 1405 χάριν,
1190 1336 1272 1399 είς
1318 1335 1629 1406 ἀγαλλίαμα
1678 1336 1829 1389 ἑϐδο-

234 1423 407 1494 μάδος
427 1442 443 1456 ·
483 1426 572 1479 διά
600 1425 762 1478 τοῦτο
785 1426 1020 1497 ἑϐδομὰς
1055 1427 1175 1498 μία,
1220 1427 1315 1482 καὶ
1343 1428 1638 1499 ὲϐδομάδες
1667 1429 1827 1495 ἑπτὰ,

230 1516 331 1569 καὶ
364 1517 471 1588 μήν
505 1517 761 1589 ἕϐδομος·
811 1519 909 1572 καὶ
938 1519 1185 1583 ἐνιαυτὸς
1219 1518 1475 1591 ἕϐδομοςο
1514 1521 1609 1574 καὶ
1638 1522 1828 1575 τούτου

228 1608 709 1681 ἀντανακύκλησις
739 1608 909 1681 (100),
945 1610 1239 1682 ίοὸηλαίος,
1264 1612 1293 1665 ὃ
1324 1613 1472 1667 ἐστιν
1499 1613 1828 1685 ἔτοςπεντη-

230 1701 429 1753 κοστὸν
452 1743 468 1767 ,
495 1703 577 1765 είς
604 1702 826 1771 ἄφεσιν
865 1704 1015 1767 ὅπως
1050 1704 1319 1776 μηδεμίαν
1352 1704 1517 1776 ἔχωσι
1554 1707 1826 1778 πρόφασιν

226 1793 283 1843 οἱ
323 1792 601 1865 ἄνθρωποι
641 1794 863 1863 ἄγνοιαν
914 1796 1250 1867 σκήψασθαι,
1283 1797 1474 1851 τούτου
1520 1798 1679 1870 χάριν
1720 1800 1827 1852 πᾶν

225 1883 509 1938 Σάϐϐατον
546 1886 845 1958 ἐπέτρεψεν
879 1888 1089 1958 ἀργεῖν,
1124 1889 1274 1953 ὅπως
1304 1890 1440 1961 μηδὲ
1470 1890 1625 1959 λόγον
1660 1908 1743 1954 τις
1769 1892 1827 1943 ὲν

228 1976 373 2047 ὀργῇ
410 1978 473 2029 ἐκ
500 1976 596 2030 τοῦ
635 1979 903 2050 στόματος
933 1979 1099 2033 αὑτοῦ
1133 1981 1396 2053 προέσθαι
1439 1981 1637 2054 θελήσῃ
1676 1985 1732 2035 ἐν
1760 1986 1826 2055 τῇ

230 2066 422 2138 ἡμέρᾳ
450 2067 558 2121 τῶν
586 2063 903 2125 Σαϐϐάτων.
935 2072 1213 2127 Σάϐϐατον
1244 2073 1352 2146 γάρ
1390 2076 1506 2127 ἐστι
1548 2075 1829 2129 κατάπαυε

232 2175 320 2222 σις
357 2159 739 2233 δημιουργίας,
778 2164 1056 2229 τελείωσις
1084 2166 1323 2237 κόσμου,
1354 2166 1536 2238 νόμων
1578 2166 1825 2240 ζήτησις,

229 2245 384 2314 αἶνος
406 2254 487 2315 είς
513 2252 649 2307 Θεὸν
677 2255 1000 2329 εὑχάριστος
1029 2257 1172 2329 ὑπὲρ
1195 2251 1273 2313 ὧν
1296 2258 1605 2331 ἀνθρώποις
1631 2261 1830 2334 ἐδωρή-

232 2361 385 2398 σατο.
415 2340 516 2398 Ὧν
543 2347 851 2419 ἀπάντωνή
884 2350 1139 2423 Κυριακή
1168 2350 1481 2422 προύχουσα
1506 2369 1518 2380 ·
1550 2353 1710 2406 αὐτὸν
1736 2354 1828 2406 τὸν

232 2436 483 2509 μεσίτην,
525 2438 617 2493 τὸν
648 2441 990 2513 προνοητὴν,
1019 2442 1109 2496 τὸν
1139 2443 1461 2516 νομοθέτην,
1492 2446 1581 2499 τὸν
1600 2448 1830 2502 ἀναστά-

232 2544 377 2591 σεως
418 2530 611 2598 αἴτιον,
667 2531 762 2586 τὸν
809 2534 1157 2605 πρωτότοκον
1212 2536 1395 2607 πάσης
1434 2539 1685 2605 κτίσεως,
1736 2541 1827 2595 τὸν

229 2619 368 2673 Θεὸν
399 2622 597 2692 Λόγον,
645 2625 740 2678 καὶ
786 2626 1095 2697 ἄνθρωπον,
1141 2628 1232 2681 τὸν
1271 2630 1335 2682 ὲκ
1372 2630 1591 2702 Μαρίας
1636 2649 1827 2704 γεννη-

232 2710 398 2765 θέντα
439 2714 598 2785 μόνον
639 2716 762 2787 δίχα
793 2718 1005 2790 ἀνδρὸς,
1036 2720 1126 2773 τὸν
1156 2719 1611 2793 πολιτευσάμενον
1644 2723 1825 2787 ὁσίως,

218 2803 327 2856 τὸν
346 2806 725 2878 σταυρωθέντα
746 2810 837 2863 ἐπὶ
864 2795 1091 2864 Ποντίου
1121 2812 1377 2877 Πιλάτου,
1411 2815 1506 2867 καὶ
1531 2815 1829 2868 ἀποθανόν-

232 2911 345 2962 τα,
378 2899 473 2952 καὶ
513 2899 822 2955 ἀναστάντα
868 2903 932 2956 ὲκ
980 2904 1188 2976 νεκρῶν
1241 2905 1683 2961 ὑποδεικνύουσα.
1742 2908 1828 2972 Ὧς

235 2990 494 3061 Κυριακὴ
550 2992 1008 3064 παρακελεύεται,
1072 2998 1176 3060 σοὶ,
1216 2997 1483 3066 Δέσποτα,
1540 3000 1640 3070 τὴν
1686 3000 1827 3073 ὑπὲρ

232 3082 456 3137 πάντων
502 3085 854 3157 εὐχαριστίαν
907 3090 1270 3162 προσφέρειν
1324 3089 1462 3163 αὔτη
1507 3091 1617 3165 γὰρ
1662 3092 1825 3164 ήὺπὸ

1932 504 2023 559 det
2052 504 2119 560 ".
2154 503 2290 557 Nam
2332 512 2411 569 tu,
2448 502 2700 567 Domine,
2736 503 2901 557 etiam
2929 513 3115 573 patres
3134 510 3356 557 nostros
3382 500 3516 557 edu-

1933 596 2061 652 xisti
2097 596 2165 652 de
2196 604 2344 651 terra
2382 594 2630 667 Egypli,
2671 604 2727 651 et
2762 595 3015 666 eripuisti
3045 612 3108 649 ex
3142 594 3369 649 fornace
3408 592 3517 649 fer-

1934 705 2025 746 rea
2058 691 2124 756 ’⁷,
2167 698 2332 760 atque
2360 705 2428 743 ex
2459 689 2597 752 luto,
2628 696 2683 743 et
2700 689 2932 743 laterum
2961 688 3309 743 confectione
3342 706 3354 741 :
3390 687 3517 743 libe-

1931 778 2067 834 rasti
2095 779 2163 835 de
2183 794 2349 833 manu
2380 777 2689 833 Pharaonis
2720 786 2774 831 et
2800 776 3178 847 subjectorum
3210 777 3299 843 ei;
3326 791 3391 831 ac
3421 790 3519 847 per

1932 887 2084 927 mare
2133 872 2292 943 quasi
2324 888 2422 942 per
2454 871 2665 926 aridam
2697 886 2793 925 eos
2830 869 3145 936 deduxisti;
3204 877 3260 924 et
3308 884 3518 924 morem

1930 964 2156 1036 gessisti
2187 963 2268 1019 eis
2300 964 2355 1017 in
2385 964 2606 1018 deserto
2643 978 2739 1033 per
2774 962 3101 1032 multiplicia
3130 962 3273 1016 bona
3302 961 3348 992 ’⁸
3384 980 3398 1016 :
3442 962 3520 1017 le-

1932 1071 2074 1126 gem,
2109 1055 2319 1111 scilicet
2360 1054 2636 1124 Decalogi,
2669 1061 2762 1108 tua
2801 1068 2936 1109 voce
2976 1054 3387 1124 pronuntiatam
3408 1093 3423 1118 ,
3455 1068 3521 1107 ac

1933 1156 2027 1202 tua
2066 1163 2232 1201 manu
2266 1147 2599 1217 descriptam
2620 1146 2841 1202 donasti
2860 1147 2941 1215 ³⁰;
2978 1146 3279 1201 Sabhatum
3301 1160 3522 1202 servare

1933 1242 2261 1312 praecepisti,
2304 1256 2415 1295 non
2463 1240 2604 1295 dans
2642 1239 2994 1295 occasionem
3042 1238 3373 1303 vacationis,
3422 1238 3521 1294 sed

1932 1334 2400 1404 opportunitatem
2452 1333 2693 1404 pietatis,
2737 1333 2806 1388 ad
2858 1333 3227 1403 cognitionem
3262 1332 3522 1403 potentia:

1933 1434 2062 1490 tuae,
2094 1435 2261 1497 atque
2283 1442 2379 1482 eos
2404 1434 2669 1498 tanquam
2696 1428 2751 1481 in
2785 1442 2946 1483 sacro
2977 1432 3133 1495 septo
3160 1425 3519 1486 concludens,

1932 1528 1991 1573 ut
2022 1520 2164 1575 male
2193 1535 2355 1590 agere
2377 1520 2807 1591 prohiberentur
2829 1562 2844 1583 ,
2877 1527 2932 1575 et
2961 1526 3021 1573 ut
3041 1518 3395 1582 docerentur,
3429 1524 3520 1571 nt-

1932 1629 2039 1684 que
2076 1614 2145 1669 de
2192 1614 2510 1685 septenario
2552 1614 2894 1669 exsultarent
2940 1631 2955 1668 :
3002 1618 3227 1682 propter
3276 1611 3381 1667 hoc
3410 1626 3519 1665 una

1931 1705 2272 1771 hebdomas,
2332 1714 2386 1761 et
2433 1705 2809 1761 bebdomades
2856 1712 3068 1773 septem
3104 1743 3119 1768 ,
3195 1712 3251 1758 et
3312 1702 3522 1758 mensis

1859 1785 1901 1844 Β
1930 1797 2219 1865 septimus,
2250 1807 2304 1852 et
2337 1811 2518 1852 annus
2547 1797 2815 1867 septimus
2846 1794 2888 1825 ³³
2915 1812 2931 1862 ;
2963 1802 3017 1850 et
3046 1794 3216 1863 hujus
3248 1792 3378 1847 anni
3440 1808 3523 1847 se.

1931 1891 2092 1961 ptimi
2117 1890 2402 1959 reciproca
2424 1905 2519 1945 seu
2553 1889 2785 1959 septima
2820 1885 3520 1956 revolutio.juhilaaus,hoc

1929 1994 2035 2051 est,
2082 2001 2261 2041 annus
2310 1985 2823 2056 quinquagesimus,
2864 1984 2957 2053 qui
3015 1981 3364 2039 remissionis
3410 1992 3522 2037 :ut

1932 2077 2140 2131 nullam
2201 2075 2467 2131 haberent
2522 2074 2775 2129 homines
2822 2072 3172 2127 occasionem
3216 2070 3520 2135 excusandi

1930 2168 2321 2241 ignorantiam,
2356 2167 2636 2223 idcircoiu
2655 2166 2806 2221 omni
2839 2163 3084 2220 Sabbato
3114 2163 3301 2218 feriari
3320 2162 3513 2227 voluit,

1930 2276 2041 2331 quo
2070 2276 2141 2315 ne
2174 2260 2406 2315 verbum
2434 2258 2655 2329 quidem
2688 2258 2826 2313 irate
2858 2259 3153 2328 quisquam
3190 2271 3257 2310 ex
3285 2269 3383 2311 ore
3418 2268 3521 2310 suo

1930 2355 2091 2409 vellet
2120 2352 2371 2408 emittere
2390 2353 2446 2407 in
2462 2352 2549 2406 die
2572 2350 2958 2405 Sabbatorum.
2993 2348 3034 2378 ³²
3054 2347 3354 2402 Sabbatum
3371 2347 3517 2402 enim

1929 2452 2015 2500 est
2060 2444 2283 2514 requies
2342 2458 2372 2497 a
2404 2442 2705 2506 creatione,
2756 2439 2950 2497 mundi
2999 2439 3296 2503 absolutio,
3335 2438 3515 2510 legum

1930 2536 2247 2607 inquisitio;
2298 2536 2418 2589 laus
2454 2533 2550 2590 Dei
2581 2541 2735 2605 grata
2758 2573 2774 2600 ,
2812 2548 2911 2604 pro
2944 2532 3013 2587 iis
3041 2547 3163 2603 qua:
3204 2530 3520 2586 hominibus

1931 2629 2176 2683 donavit.
2212 2626 2390 2699 Supra
2416 2643 2539 2699 quae
2568 2627 2755 2681 omnia
2785 2625 2991 2682 eminet
3017 2625 3334 2680 Dominicus
3358 2621 3516 2688 dies;

1904 2732 2121 2795 utpote
2176 2723 2274 2795 qui
2329 2728 2687 2793 reprzesentet
2731 2720 2911 2792 ipsum
2956 2718 3337 2782 mediatorem,
3390 2731 3518 2785 pro-

1930 2816 2204 2880 visorem,
2258 2814 2659 2886 legislatorem,
2721 2819 3005 2867 auctorem
3057 2808 3517 2872 resurrectionis,

1930 2907 2352 2979 primogenitum
2399 2909 2580 2962 omnis
2618 2913 2923 2971 creaturae;
2954 2903 3125 2960 Deum
3156 2901 3419 2965 Verbum,
3452 2916 3517 2954 ac

1928 3003 2229 3069 hominem,
2258 3018 2326 3057 ex
2365 3001 2538 3056 Maria
2573 3008 2764 3055 natum
2794 3000 2972 3054 solum
3002 2998 3120 3052 sine
3148 2996 3291 3060 viro,
3325 3004 3517 3051 sancte

1928 3096 1987 3151 in
2038 3096 2143 3151 vita
2192 3101 2492 3155 versatum,
2552 3089 2881 3145 cruciﬁxum
2925 3088 3029 3144 sub
3071 3086 3270 3142 Pontio
3314 3084 3515 3149 Pilato,

235 3172 333 3228 σοῦ
364 3174 441 3246 (1)
482 3177 893 3249 παρασχεθεῖσα
914 3179 1094 3252 χάρις,
1115 3181 1239 3251 ἥτις
1266 3181 1355 3235 διὰ
1381 3183 1611 3254 μέγεθος
1638 3187 1818 3239 πᾶσαν

1933 3194 2206 3243 mortuum
2236 3193 2291 3240 et
2319 3199 2349 3237 a
2389 3183 2623 3238 mortuis
2680 3182 3000 3237 excitatum.
3036 3178 3080 3209 ³³
3119 3177 3300 3245 Quare
3340 3176 3518 3231 Domi-

233 3264 553 3337 εὐεργεσίαν
573 3269 862 3340 ἐκάλυψεν.

1928 3278 2053 3333 nica
2101 3276 2242 3341 dies,
2284 3274 2406 3339 tibi,
2458 3274 2712 3339 Domine,
2761 3275 3061 3344 gratiarum
3108 3272 3379 3327 actionem
3413 3286 3514 3341 pro

234 3358 455 3414 cunctis
502 3359 700 3417 oﬂ‘erre
737 3363 931 3420 suadet
962 3385 973 3419 :
1006 3364 1123 3421 haec
1153 3367 1356 3438 quippe
1407 3378 1491 3425 est
1525 3384 1558 3424 a
1594 3377 1650 3426 te
1708 3372 1952 3427 exhibita
1981 3372 2180 3443 gratia,
2239 3385 2362 3441 qua:
2420 3368 2799 3440 magnitudine
2829 3383 2929 3423 sua
2962 3382 3125 3421 omne
3186 3365 3509 3421 beneﬁcium

235 3448 470 3505 obtexit.

752 3550 1151 3605 ΚΕΦΑΛΑΙΟΝ
1193 3554 1315 3607 ΛΖ⁹.

231 3637 554 3721 Προιζςυχὴ
572 3640 945 3721 περιέχουσα
960 3643 1529 3721 μνῄμην-προνοίᾳς,
1571 3649 1671 3702 καὶ
1709 3650 1825 3703 ἀπ-

300 3708 992 3789 αρίθμησινξύεργεςιῶίρ
1045 3708 1363 3789 δὶαςρόρῶνΔ
1397 3716 1465 3770 td

306 3776 457 3831 Θεοῦ
493 3776 594 3833 διὰ
620 3776 877 3848 Χριστοῦ
916 3776 1414 3853 παρασχεθεισῶν
1450 3790 1575 3855 τοῖς
1614 3776 1822 3858 ἆγίοιςῖ.

317 3866 378 3921 Ὀ
407 3868 507 3933 τὰς
536 3870 870 3941 ἐπαγγελίας
917 3876 1014 3939 τὰς
1051 3876 1139 3929 διὰ
1191 3878 1298 3931 τῶν
1344 3881 1640 3952 προφητῶν
1684 3881 1823 3951 πλη-

233 3958 435 4029 ρώσας,
485 3963 580 4016 καὶ
626 3963 854 4036 ἐλεήσας
869 3967 968 4039 τὴν
998 3968 1156 4037 Σιὼν,
1204 3973 1298 4025 καὶ
1332 3976 1680 4047 οίκτειρήσας
1725 3978 1825 4048 τὴν

241 4051 622 4126 Ἰερουσαλὴμ,
666 4058 745 4129 τῷ
790 4059 881 4113 τὸν
928 4060 1115 4132 θρόνον
1163 4064 1327 4118 Δαϐὶδ
1364 4066 1458 4119 τοῦ
1497 4069 1686 4132 παιδός
1732 4086 1825 4122 σου

226 4143 513 4214 ἀνυψῶσαι
558 4150 614 4201 ὲν
652 4150 802 4222 μέσῳ
832 4152 1002 4223 αὐτῆς
1024 4193 1038 4217 ,
1083 4157 1148 4226 τῇ
1199 4158 1408 4223 γενέσει
1442 4159 1538 4212 τοῦ
1567 4162 1825 4231 Χριστοῦ,

225 4235 326 4288 τοῦ
345 4236 411 4290 ὲκ
433 4241 745 4311 σπέρματος
766 4243 931 4297 αὐτοῦ
951 4244 1013 4298 τὸ
1033 4247 1175 4300 κατὰ
1196 4249 1373 4322 σάρκα
1392 4252 1743 4324 γεννηθέντος
1764 4254 1827 4305 ὲκ

230 4328 404 4403 μόνης
432 4334 702 4405 παρθένου
867 4338 1039 4402 Αὐτὸς
1068 4341 1293 4412 καινῦν,
1328 4345 1575 4399 Δέσποτα
1611 4349 1639 4400 ό
1668 4347 1824 4411 Θεὸς,

304 4467 349 4539 τε
383 4465 542 4524 Deut.
579 4485 652 4522 vn
678 4511 694 4535 ,
727 4469 781 4525 6.
888 4472 932 4503 "'
966 4469 1122 4527 Deut.
1162 4490 1235 4539 IV,
1273 4474 1363 4529 20.

304 4538 351 4569 ³ο
382 4539 420 4593 l.
460 4539 630 4608 lgnat.
675 4540 821 4596 Inter

227 4609 429 4680 ιρι-μοι.
471 4612 537 4664 ad
566 4610 807 4681 Magnes.
825 4609 935 4678 “H,
970 4613 1037 4667 ad
1069 4609 1262 4670 Sun-1.
1343 4618 1387 4649 ³⁸
1416 4618 1547 4672 Luc.
1576 4637 1613 4683 ι,
1647 4620 1736 4674 5‘2.

1045 3713 1355 3787 διαφόρων
1397 3713 1514 3771 τῶόθ
1579 3723 1830 3787 προνοίᾳ

824 4542 934 4615 μοι.
983 4543 1051 4615 ad
1074 4543 1329 4615 AMagnes.
1369 4548 1421 4601 9.
1501 4549 1542 4579 ³¹
1571 4548 1741 4602 Levit.
1780 4542 1937 4615 xxru,
1964 4548 2052 4601 25.

2448 3550 2679 3605 CAPUT
2726 3549 2990 3604 XXXVII.

1937 3646 2124 3702 Oratio
2146 3646 2417 3701 continens
2442 3645 2751 3698 memoriam
2780 3642 3121 3711 providentia:
3148 3658 3209 3695 ac
3238 3657 3515 3695 enumera-

2007 3720 2200 3771 tionem
2224 3718 2491 3770 variorum
2522 3713 2912 3783 beneﬁciorum,
2935 3729 3052 3784 qua:
3074 3712 3172 3768 Dei
3187 3713 3515 3782 providentia

2004 3790 2203 3842 sanctis
2227 3788 2425 3840 collata
2454 3795 2576 3838 sunt
2602 3802 2694 3855 per
2717 3783 3007 3840 Christum.

1999 3878 2101 3945 Qui
2132 3878 2407 3948 promissa
2450 3892 2546 3948 per
2582 3876 2880 3946 prophetas
2910 3875 3227 3946 implevisti,
3267 3882 3321 3931 et
3350 3874 3514 3932 mise-

1928 3981 2083 4027 ratus
2114 3986 2175 4026 es
2213 3969 2460 4035 Sionem,
2494 3976 2548 4024 et
2579 3967 2976 4038 Hierosolyma:
3013 3966 3276 4022 misertus
3304 3982 3387 4029 es,
3418 3982 3515 4022 ex-

1928 4064 2171 4120 tollendo
2210 4063 2410 4117 solium
2459 4060 2683 4116 Davidis
2729 4059 2883 4130 pueri
2912 4059 2993 4113 tui
3039 4059 3094 4113 in
3138 4059 3320 4115 medio
3369 4058 3511 4129 ejus,

1935 4173 2031 4228 per
2061 4157 2402 4211 nativitatem
2432 4153 2677 4223 ,Christi,
2735 4151 2830 4223 qui
2856 4167 2923 4207 ex
2948 4166 3149 4222 genere
3178 4150 3401 4206 Davidis
3426 4166 3515 4206 sc-

1933 4251 2173 4306 cundum
2238 4262 2461 4302 carnem
2512 4252 2676 4300 natus
2742 4252 2832 4298 est
2880 4258 2949 4298 ex
3008 4244 3127 4298 sola
3180 4244 3390 4315 virgine
3441 4243 3508 4296 ³⁸.

1934 4343 2037 4407 Τιι,
2091 4340 2319 4395 Domine
2370 4338 2535 4402 Deus,
2590 4350 2737 4390 nunc
2787 4350 3006 4405 quoque
3051 4334 3272 4404 suscipe
3321 4347 3512 4403 preces

1468 4478 1514 4507 ’⁸
1554 4477 1726 4532 Exod.
1787 4494 1824 4543 I,

1960 4494 2022 4542 v;
2059 4475 2215 4529 Deut.
2267 4492 2302 4537 I,
2360 4474 2461 4527 51.
2505 4472 2627 4524 Act.
2674 4487 2794 4533 xlii,
3013 4466 3505 4543 '°_i._6s_xa).6yiov.

2161 4546 2204 4575 ³²
2240 4549 2275 4599 l.
2318 4543 2486 4613 ignat.
2541 4544 2794 4610 interpol.
2842 4540 2975 4593 ibid.
3064 4539 3109 4568 ³³
3145 4541 3180 4593 l.
3224 4537 3393 4607 lgnat.
3428 4543 3510 4593 in-

1554 4753 1916 4809 VARIORUM
1950 4754 2181 4808 ΝΟΤᾹΞ.

282 4899 425 4957 eum,
452 4884 838 4957 a‘verbonN‘i.
870 4882 977 4940 Sed
1008 4886 1168 4957 longe
1200 4895 1423 4957 praestat
1458 4890 1562 4943 alia
1585 4907 1615 4947 e
1638 4893 1812 4948 sacris
1846 4896 1889 4949 ι)
1917 4900 2022 4947 est.
2058 4888 2259 4943 Parnm
2311 4888 2545 4944 feliciter
2578 4888 2662 4941 vir
2707 4886 2901 4942 doctus
2949 4884 3185 4942 Mericns
3225 4885 3508 4943 Casaubo-

227 4952 537 5077 Scripturis
580 4954 770 5035 petita,
799 4969 830 5009 a
856 4957 1022 5011 verbo
1047 4952 1179 5017 m'w
1200 4952 1267 5012 'et
1297 4961 1518 5015 nomine
1551 4972 1645 5021 'nv
1673 5002 1689 5027 ,
1722 4979 1813 5018 se-

227 5040 336 5077 cun
381 5039 470 5076 um
504 5038 668 5077 uuam
710 5022 877 5077 Israel
917 5027 1156 5077 .losenho
1187 5038 1273 5077 est.
1316 5030 1572 5077 ἀντιστὰς
1602 5033 1813 5077 ἀννέλιιι

224 5022 470 5102 cundum
498 5022 668 5102 quam
694 5022 882 5102 Israel.
917 5027 1156 5097 Josepho
1176 5038 1273 5102 est
1316 5030 1572 5095 ἀντιστὰς
1602 5022 1820 5102 ἀγγέλῳ

226 5093 381 5175 θείῳ,
412 5089 698 5176 Rati—ictam!
730 5096 915 5176 angelo
945 5089 1118 5153 sacro.
1145 5099 1418 5176 Adversus
1452 5089 1700 5176 angelum
1734 5089 1820 5176 di.-

208 5166 407 5219 .vimtm
454 5173 625 5240 stans.
670 5164 886 5240 Justino
934 5170 1160 5240 martyri
1207 5170 1492 5240 ἄνθρωπος
1522 5164 1694 5229 ’νικῶν
1724 5174 1817 5228 δύ-

225 5252 417 5309 ναμιν,
474 5236 629 5309 homo
684 5238 891 5309 vincens
944 5236 1212 5293 virtutem.
1283 5236 1646 5309 Tertulliano,
1694 5262 1818 5299 cum

226 5304 345 5387 Deo
392 5305 751 5387 invalescens.
786 5306 1146 5387 Hieronymo,
1188 5313 1430 5387 princeps
1497 5304 1643 5369 cum'
1676 5316 1813 5378 Deo,

222 5378 469 5455 princeps
498 5376 619 5455 Dei.
651 5376 755 5443 Qui
785 5376 1153 5455 Hieronimus
1184 5376 1345 5455 aliam
1368 5376 1587 5454 quoque
1605 5376 1815 5455 profert

225 5446 713 5523 signiﬁcationem,
757 5446 1257 5523 Αεὺθριτᾳτοςιθεοῢ,
1317 5446 1642 5523 rectissima}
1684 5457 1805 5519 Dei,

221 5510 456 5563 directus
487 5510 622 5575 Dei,
661 5521 831 5565 rectus
868 5514 984 5578 Dei,
1044 5510 1113 5570 ab
1149 5510 1284 5576 13:75.
1338 5517 1540 5573 Locum
1596 5510 1799 5578 Justini

224 5579 460 5662 ρὶαίοθί,
484 5595 538 5659 p.
556 5580 683 5644 354,
702 5596 787 5662 me
803 5582 1034 5662 vindice,
1053 5587 1128 5640 ita
1155 5587 1429 5662 supplebis
1443 5605 1458 5662 ξ
1484 5589 1558 5662 Τὸ
1586 5592 1800 5662 Ἰσραήλ

219 5649 586 5731 ὄνομα-τοῦτο
611 5650 883 5731 σημαίνει,
918 5653 1201 5731 ἅνθρωπος
1225 5649 1400 5731 ’νικῶν
1430 5649 1688 5731 δύναμιν.
1725 5649 1798 5717 Τὸ

222 5719 335 5801 γὰρ
374 5719 841 5801 Ἰρ-ρά-ἀνθρωπος
860 5719 1036 5801 ,νικῶν
1066 5719 1210 5801 ἐστι·
1242 5728 1303 5781 τὸ
1323 5728 1379 5780 δὲ
1414 5730 1520 5784 Ἦλ
1548 5719 1793 5801 δ’ύναμις.

228 5791 418 5865 Repeti
450 5791 1026 5864 quippe’participium
1058 5800 1221 5853 νικῶν
1245 5804 1402 5872 plane
1433 5791 1802 5862 necessarium

522 5890 794 5948 PATBOL.
854 5891 970 5953 Gn.
1018 5894 1065 5954 Ι.

1919 4978 2024 5018 nus
2063 4963 2295 5032 primam
2327 4967 2381 5014 et
2411 4966 2744 5032 postremam
2786 4956 3125 5032 notatipnem
3146 4959 3507 5032 conjungere

1922 5026 2153 5087 tentavit
2174 5033 2231 5085 in
2249 5026 2450 5100 Optato
2475 5029 2786 5085 Milevitano
2812 5029 2917 5100 sub
2952 5026 3111 5100 tinem
3146 5026 3283 5083 libri
3304 5046 3362 5092 ιι,
3383 5026 3505 5084 ἔοι-

1924 5103 2185 5158 licitando
2206 5097 2432 5171 probam
2459 5102 2770 5164 lectionem,
2816 5097 3012 5171 Israel,
3038 5097 3093 5150 id
3119 5101 3307 5169 estqui
3339 5117 3431 5153 me
3458 5117 3506 5153 lc

1922 5172 2092 5229 Deum
2119 5170 2312 5237 videat,
2340 5182 2398 5227 ut
2428 5172 2569 5227 hanc
2593 5188 2702 5227 non
2725 5171 2889 5224 nauci
2919 5170 3225 5235 induceret,
3250 5173 3339 5237 qui
3369 5186 3504 5226 recte

1920 5247 2003 5299 vel
2049 5254 2215 5298 erecte
2255 5241 2424 5297 Deum
2465 5243 2658 5298 videat.
2707 5240 2844 5295 Cor.
2899 5239 3073 5293 Israel
3116 5248 3199 5295 est
3237 5239 3502 5296 Hebraice

1916 5325 1990 5375 Ἴθι
2018 5326 2168 5374 Tmtv?
2195 5314 2507 5369 iischrah-el
2534 5313 2805 5369 contendet
2834 5329 2950 5364 cum
2983 5312 3093 5364 Deo
3114 5353 3129 5374 ,
3164 5319 3221 5363 ut
3249 5312 3500 5379 pluribus

1917 5386 2260 5440 ostendimus
2288 5386 2355 5437 ad
2378 5384 2514 5440 Gen.
2550 5401 2722 5446 χχχιι,
2746 5384 2840 5437 ‘28.
2875 5382 3047 5437 Cum.

1992 5456 2138 5527 (100)
2184 5457 2758 5522 Ἀνταναιιύκλησις.
2794 5454 2849 5507 ιιι
2888 5454 3011 5507 cod.
3054 5450 3292 5527 Yindob.
3332 5471 3499 5527 uate-3

1919 5524 2270 5598 νακύκλησις,
2317 5528 2421 5581 hoc
2467 5535 2574 5598 est,
2624 5527 2891 5580 revolutio
2929 5524 3494 5598 Δεεριίιῖε-ερρῑειιιιτιὶ

1916 5599 2131 5653 numeri
2149 5592 2452 5653 annorum.
2484 5597 2662 5653 Verba
2693 5595 2977 5667 sequentia
3021 5592 3327 5664 Ὶοὸηλαῑος,
3360 5596 3387 5648 ὁ
3408 5598 3497 5647 ea.

1915 5683 1999 5720 τιν
2031 5668 2167 5733 ἔτος,
2194 5684 2499 5738 perperam.
2532 5670 2609 5723 In.
2866 5737 2871 5738 ί
2936 5735 2979 5738 ξ,
3062 5736 3074 5738 _
3124 5737 3127 5738 ν
3286 5686 3323 5738 _'

1987 5737 2063 5808 (1)
2106 5735 2249 5790 ’Υπὲό
2281 5735 2415 5792 ἁοῦ.
2456 5739 2663 5793 Desunt
2692 5739 2747 5792 in
2777 5737 2901 5793 cod.
2934 5735 3247 5808 Vindobon.
3285 5736 3359 5808 In.

1928 5846 1933 5851 ι
2088 5810 2411 5877 Παρθένου.
2445 5809 2554 5882 Τῆς
2581 5809 2850 5883 παρθένου
2880 5810 3000 5865 cod.
3039 5806 3275 5865 Vindob.
3309 5806 3387 5863 Ιυ.

3054 5900 3133 5962 33
