3886 6190
402 298 541 353 1055

1280 294 1356 352 ~S.
1391 294 1788 351 CLEMENTIS
1823 296 1839 350 Ι
1876 294 2040 353 ROM.
2080 294 2283 352 PONT.
2306 291 2535 352 OPERA
2569 290 2797 351 DUBIA.

3550 286 3688 343 €036

402 414 560 469 labiis
600 412 844 483 prolatas
879 412 1064 483 populi
1116 413 1197 467 tui
1221 413 1538 484 congregati
1587 429 1655 469 ex
1704 410 1978 483 gentibus,

2098 406 2373 480 πρόσδεξαι
2421 408 2521 471 τὰς
2557 407 2643 461 διὰ
2673 404 2895 477 χειλέων
2926 404 3134 475 δεήσεις
3168 402 3261 456 τοῦ
3292 400 3423 456 λαοῦ
3463 418 3562 455 σου
3591 403 3686 457 τοῦ

397 522 521 576 quae
550 514 602 560 te
632 506 686 560 in
719 506 951 560 veritate
1001 506 1293 573 invocant;
1345 506 1491 561 sicut
1537 504 1832 576 suscepisti
1862 518 1981 557 mu—

398 613 532 652 nera
559 597 836 666 justoruin
872 597 929 650 in
962 611 1157 651 eorum
1204 596 1446 651 sacculis.
1484 595 1671 649 Abelis
1707 595 1764 648 in
1794 593 1985 663 primis

399 687 694 758 respexisti
742 700 807 741 ac
847 686 1143 756 suscepisti
1194 684 1526 741 sacriﬁcium
1561 684 1627 749 ",
1676 691 1731 739 et
1761 682 1888 737 Noze
1917 698 1982 737 ex

399 794 529 835 arca
551 780 757 849 egressi
783 779 847 837 ³⁸.
872 779 1167 833 Abrahami
1187 786 1477 848 postquam
1508 778 1733 833 exiisset
1746 791 1814 831 ex
1840 786 1985 831 terra

399 872 784 927 Chaldaeorum
819 871 885 934 ³⁷,
915 870 1085 926 lsaaci
1112 869 1165 923 in
1188 881 1355 940 puteo
1376 869 1675 938 juramenti
1703 870 1769 934 ³⁸,
1798 867 1986 923 Jacobi

401 962 456 1015 in
500 959 849 1017 Bethlehema
884 960 949 1024 ”,
1004 958 1172 1015 Mosis
1217 959 1272 1014 in
1301 959 1603 1014 solitudine
1628 958 1708 1023 ⁸⁰,
1753 957 1987 1012 Aaronis

401 1055 547 1108 inter
578 1053 826 1107 viventes
855 1067 920 1105 ac
951 1059 1200 1107 mortuos
1224 1052 1269 1082 “
1296 1091 1310 1115 ,
1348 1049 1477 1106 Jesu
1508 1050 1667 1105 Navae
1698 1051 1754 1105 in
1785 1049 1985 1121 Galga-

399 1145 471 1200 lis
518 1146 585 1209 ",
626 1143 899 1199 Gedeonis
940 1144 994 1197 in
1026 1152 1181 1213 petra
1211 1151 1265 1199 et
1302 1144 1598 1200 velleribus
1638 1153 1763 1198 ante
1795 1157 1990 1213 pecca-

400 1245 515 1291 tum
538 1236 603 1301 ”,
636 1236 844 1291 uano-.2
862 1243 917 1290 et
942 1236 1127 1291 uxoris
1158 1235 1279 1304 ejus
1306 1236 1360 1289 in
1384 1251 1578 1306 campo
1602 1237 1668 1300 “,
1699 1233 1988 1291 Samsonis

400 1328 457 1384 in
482 1329 571 1382 siti
598 1338 725 1383 ante
762 1328 1023 1383 delictum
1055 1327 1122 1391 “,
1161 1325 1371 1396 Jcphtze
1396 1328 1452 1382 in
1486 1328 1628 1382 bello
1657 1337 1783 1381 ante
1807 1328 1991 1380 incon-

402 1422 698 1477 sideratam
742 1421 1167 1491 promissionem
1221 1419 1287 1487 “,
1338 1418 1534 1473 Baraci
1565 1429 1619 1473 et
1668 1417 1892 1473 Debora:
1933 1420 1987 1472 in

403 1515 591 1569 Sisara
622 1515 665 1546 ⁸⁷
692 1554 707 1579 ,
742 1513 1017 1569 Samuelis
1048 1514 1103 1567 in
1134 1511 1358 1583 Maspha
1390 1512 1435 1542 ’⁸⁸
1461 1552 1476 1575 ,
1513 1510 1733 1567 Davidis
1775 1511 1829 1564 in
1861 1525 1989 1565 area

401 1608 565 1663 Ornze
591 1605 826 1663 πριιιιεωί
858 1606 936 1670 ⁸³,
972 1604 1286 1661 Salomonis
1317 1607 1374 1660 in
1406 1604 1668 1660 Gabaone
1698 1612 1753 1660 et
1784 1604 1841 1658 in
1872 1603 1991 1660 Hie—

403 1700 697 1772 rosolymis
727 1700 795 1765 '°,
846 1700 973 1754 Elia:
1005 1700 1060 1753 in
1088 1706 1273 1753 monte
1300 1697 1557 1753 Carmelo
1586 1699 1627 1729 "
1657 1737 1670 1761 ,
1724 1696 1902 1753 Eliszei
1932 1698 1988 1751 in

402 1790 557 1848 fonte
596 1792 771 1847 sterili
796 1792 863 1855 ",
918 1790 1207 1861 Josapbati
1257 1791 1312 1845 in
1355 1791 1498 1846 bello
1530 1791 1611 1855 ⁵³,
1656 1789 1903 1845 Ezechiae
1933 1791 1988 1845 in

403 1887 597 1943 morbo
658 1894 713 1942 et
756 1888 811 1941 in
869 1884 1244 1941 Senacheribo
1290 1885 1331 1916 “
1359 1924 1374 1948 ,
1420 1883 1689 1940 Manassis
1730 1884 1787 1938 in
1842 1891 1989 1938 terra

401 1978 785 2035 Chaldaeorum
835 1986 961 2048 post
991 1978 1252 2033 delictum
1292 1976 1364 2041 ",
1397 1974 1563 2030 Josize
1593 1976 1647 2029 in
1676 1973 1888 2030 Pascha
1917 1973 1985 2039 ⁵⁵,

402 2067 591 2126 Esdrtc
619 2069 674 2123 in
711 2068 892 2123 reditu
917 2067 964 2098 ⁸⁸
984 2108 997 2131 ,
1029 2065 1271 2123 Danielis
1308 2067 1363 2122 in
1392 2067 1516 2121 lacu
1544 2067 1761 2121 leonum
1791 2066 1859 2131 δ’,
1894 2063 1989 2120 Jo-

391 2178 487 2218 nas
532 2163 587 2216 in
631 2172 818 2217 ventre
845 2161 956 2215 ceti
996 2159 1064 2225 '°,
1118 2159 1286 2214 trium
1317 2173 1611 2230 puerorum
1659 2159 1715 2213 in
1766 2158 1989 2214 fornace

401 2258 548 2326 ignis
572 2255 638 2318 “,
670 2254 839 2309 Annae
859 2255 915 2309 in
947 2254 1303 2310 tabernaculo
1336 2267 1529 2309 coram
1561 2267 1693 2307 arca
1711 2254 1777 2319 “,
1808 2254 1988 2311 Nehe-

402 2350 526 2403 mia!
571 2362 636 2403 ac
668 2347 1022 2403 Zorobabelis
1052 2348 1109 2403 in
1157 2350 1532 2404 exstructione
1583 2363 1868 2403 murorum
1916 2350 1983 2407 “.

398 2438 675 2495 Matathiaa
718 2446 775 2492 et
845 2441 1083 2496 ﬁliorum
1113 2442 1235 2511 ejus
1264 2442 1318 2497 in
1347 2443 1466 2498 zelo
1503 2452 1597 2497 tuo
1623 2443 1702 2508 “,
1735 2442 1904 2499 Jaelis
1930 2444 1985 2499 in

2087 501 2147 565 ἐξ
2176 500 2369 567 ἐθνῶν,
2403 500 2513 554 τῶν
2553 497 3001 569 ἐπικαλουμένων
3031 513 3089 548 σε
3118 497 3175 547 tv
3204 494 3462 566 ἀληθείᾳ,
3501 494 3685 557 καθὼς

2087 591 2398 664 προσεδέξω
2438 591 2509 645 τὰ
2538 590 2688 662 δῶρα
2720 589 2828 642 τῶν
2866 588 3085 641 δικαίων
3117 589 3175 639 ὲν
3202 590 3321 649 ταῖς
3344 588 3567 654 γενεαῖς
3595 587 3688 638 αὑ-

2086 685 2215 738 τῶν.
2252 684 2417 737 Ἀϐελ
2453 686 2510 737 tv
2532 682 2769 755 πρώτοις
2798 684 2898 753 τὴν
2927 681 3117 734 θυσίαν
3144 680 3353 743 ὲπείδες
3391 681 3486 732 καὶ
3516 696 3685 749 προσ-

2087 777 2274 843 εδέξω,
2296 776 2419 829 Νῶε
2459 775 2767 840 ἐξελθόντος
2810 775 2912 845 τῆς
2950 772 3204 835 κιϐωτοῦ,
3249 770 3500 843 ’Δϐραὰμ
3550 771 3690 841 μετὰ

2087 868 2149 921 τὸ
2178 867 2411 932 ἐξελθεῖν
2432 870 2497 922 ἐκ
2527 868 2605 939 (5)
2637 868 2741 939 γῆς
2770 866 3076 933 Χαλδαίων,
3107 864 3290 919 Ἰσαὰκ
3312 867 3367 917 tv
3388 864 3468 935 τῷ
3488 864 3691 935 φρέατι

2087 962 2183 1015 τοῦ
2210 964 2397 1033 ὅρκου,
2432 961 2631 1015 Ἰακὼϐ
2653 962 2710 1015 tv
2730 960 2980 1031 Βηθλεὲμ
3008 960 3105 1029 (4),
3127 958 3369 1021 Μωσέως
3389 958 3448 1009 tv
3474 960 3544 1027 τῇ
3564 956 3693 1029 ὲρήι-

2092 1073 2198 1127 μῳ,
2229 1054 2442 1127 Ἀαρὼν
2458 1054 2561 1108 ἀνὰ
2581 1055 2743 1124 μέσον
2764 1053 2872 1105 τῶν
2894 1051 3107 1117 ζώντων
3120 1052 3214 1104 xal.
3231 1050 3339 1102 τῶν
3350 1048 3688 1113 τεθνεώτων,

2103 1147 2278 1218 Ἰησοῦ
2307 1146 2401 1200 τοῦ
2431 1146 2589 1217 Ναυῆ
2626 1147 2685 1199 ὲν
2711 1144 3037 1213 Γαλγάλοις,
3068 1141 3271 1196 Γεδεὼν
3316 1142 3409 1195 ἐπὶ
3446 1142 3552 1211 τῆς
3591 1141 3690 1194 πέ-

2089 1258 2226 1313 τρας
2257 1240 2353 1294 καὶ
2382 1238 2491 1292 τῶν
2525 1238 2708 1292 πόκων
2740 1238 2847 1309 πρὸ
2882 1237 2982 1307 τῆς
3011 1236 3307 1306 ἁμαρτίας,
3359 1232 3568 1288 Μανωὲ
3598 1234 3692 1286 καὶ

2089 1334 2187 1404 τῆς
2216 1330 2380 1386 αὑτοῦ
2411 1331 2668 1400 γυναικὸς
2696 1332 2753 1383 tv
2776 1329 2853 1401 τῷ
2876 1329 3063 1400 πεδίῳ,
3100 1326 3333 1398 Σαμψὼν
3362 1328 3419 1378 tv
3443 1326 3524 1397 τῷ
3545 1326 3691 1394 δίψει

2090 1425 2198 1496 πρὸ
2226 1425 2325 1495 τῆς
2356 1423 2755 1494 πλημμελείας,
2791 1421 3002 1490 Ἱεφοαὲ
3026 1422 3082 1472 tv
3109 1419 3187 1490 τῷ
3216 1418 3438 1489 πολέμῳ
3459 1418 3571 1489 πρὸ
3591 1418 3691 1488 τῆς

2090 1517 2316 1589 ἀκρίτου
2340 1516 2697 1585 ἐπαγγελίας,
2728 1515 2920 1587 Βαρὰκ
2948 1516 3041 1567 καὶ¹
3062 1513 3334 1584 Δεϐϐόρας
3359 1512 3456 1564 ἐπὶ
3480 1511 3583 1564 τοῦ
3602 1512 3692 1565 Σι-

2094 1609 2257 1680 σάρα,
2305 1608 2560 1680 Σαμουὴλ
2611 1609 2669 1660 tv
2705 1608 3015 1678 Μασσηφᾷ,
3057 1604 3221 1658 Δαϐὶδ
3259 1606 3315 1657 tv
3352 1606 3466 1675 ἆλῳ
3524 1606 3692 1674 Ὀρνιί

2091 1702 2185 1755 τοῦ
2215 1702 2561 1768 Ἰεϐουσαίου,
2580 1700 2925 1772 Σολομῶντος
2945 1701 3001 1751 tv
3028 1698 3252 1753 Γαϐαὼν
3281 1698 3374 1751 καὶ
3398 1699 3454 1750 tv
3485 1698 3693 1769 Ἰερου-

2096 1793 2296 1865 σαλὴμ,
2357 1793 2512 1847 Ἠλία
2544 1795 2603 1845 tv
2633 1793 2711 1864 τῷ
2743 1793 2856 1864 ὄρει
2895 1790 2972 1863 τῷ
2998 1790 3337 1863 Καρμηλίῳ,
3371 1788 3690 1843 Ἐλισσαίου

2092 1888 2185 1940 ὲπὶ
2228 1886 2327 1957 τῆς
2382 1886 2717 1957 ἁτεκνούσης
2772 1886 2975 1957 πηγῆς,
3028 1883 3296 1953 Ἰωσαφὰτ
3341 1884 3401 1935 tv
3436 1881 3687 1952 πολέμῳ,

2104 1979 2319 2044 Ἐζεκία
2339 1980 2397 2032 tv
2428 1979 2711 2052 ἀρρωστία
2740 1979 2834 2032 καὶ
2852 1980 2943 2030 ἐπὶ
2957 1977 3051 2031 τοῦ
3072 1976 3416 2047 Σεναχηρεὶμ
3435 1975 3539 2045 (5),
3561 1975 3688 2028 Ma.-

2089 2073 2259 2144 νασσῆ
2292 2072 2350 2125 tv
2392 2074 2462 2143 γῇ
2504 2070 2786 2124 Χαλδαίων
2819 2069 2958 2141 μετὰ
2986 2069 3085 2140 τὴν
3117 2067 3500 2139 πλημμέλειαν
3523 2110 3542 2135 ,
3576 2068 3689 2121 Ἰω-

2090 2163 2180 2216 σία
2211 2165 2269 2217 tv
2299 2163 2376 2234 τῷ
2391 2164 2579 2235 Φασσᾷ
2606 2162 2683 2235 (6)
2705 2163 2773 2229 ⁸⁷,
2808 2162 3015 2234 Ἔσδρα
3031 2163 3091 2214 tv
3106 2163 3173 2232 τῇ
3192 2160 3460 2231 ὲπανόδῳ,
3484 2160 3691 2229 Δανιὴλ

2089 2256 2147 2308 tv
2183 2255 2261 2327 τῷ
2289 2255 2479 2327 λάκκῳ
2523 2254 2634 2309 τῶν
2678 2254 2933 2321 λεόντων,
3002 2254 3154 2307 Ἰωνᾶ
3196 2254 3253 2305 tv
3280 2254 3346 2323 τῇ
3381 2252 3565 2323 κοιλίᾳ
3594 2251 3692 2305 τοῦ

2089 2350 2289 2420 κήτους
2311 2391 2326 2415 ,
2360 2349 2468 2402 τῶν
2497 2347 2663 2419 τριῶν
2694 2347 2899 2400 παίδων
2924 2348 2992 2405 tv
3029 2350 3097 2418 τῇ
3123 2344 3336 2417 καμίνῳ
3362 2344 3459 2397 τοῦ
3492 2344 3690 2415 πυρὸς,

2092 2442 2291 2514 ’Δννης
2321 2443 2379 2494 tv
2424 2444 2491 2513 τῇ
2525 2443 2697 2513 σκηνῇ
2749 2439 2981 2493 ἐνώπιον
3027 2439 3130 2510 τῆς
3174 2437 3432 2502 κιϐωτοῦ,
3471 2438 3691 2509 Νεεμία

402 2532 881 2589 benedictionibus
912 2533 980 2589 “.
1005 2532 1071 2586 Et
1102 2549 1249 2589 nunc
1277 2550 1408 2606 ergo
1440 2536 1661 2606 suscipe
1693 2538 1881 2607 populi
1904 2537 1983 2591 tui

2098 2535 2180 2587 ἐπὶ
2194 2538 2258 2606 τῇ
2278 2534 2561 2605 ἁνεγέρσει
2590 2532 2699 2586 τῶν
2721 2531 2916 2602 τειχῶν
2940 2531 3034 2584 καὶ
3061 2530 3155 2583 τοῦ
3178 2528 3508 2601 Ζοροϐάϐελ,
3537 2531 3691 2584 Ma:-

404 2638 619 2693 prcces,
654 2623 751 2678 tibi
782 2638 907 2679 cum
938 2624 1193 2690 scientia,
1235 2641 1333 2696 per
1369 2625 1649 2683 Christum
1684 2628 1740 2682 in
1774 2626 1983 2698 Spiritu

2098 2625 2247 2680 ταθία
2268 2626 2489 2686 καὶτῶν
2511 2624 2645 2678 υἱῶν
2674 2624 2923 2691 αὑτοῦέν
2958 2622 3037 2694 τῷ
3058 2622 3203 2694 ζήλῳ
3234 2638 3347 2686 σου,
3391 2622 3588 2694 Ἰαϐὴλ
3612 2622 3690 2693 (7)

403 2719 640 2772 oblatas.

917 3010 1147 3069 CAPUT
1189 3012 1473 3069 XXXVIII.

765 3099 955 3157 Oratio
986 3119 1082 3172 pro
1114 3120 1207 3175 ope
1226 3106 1394 3175 justi:
1435 3107 1626 3162 allata.

479 3191 706 3263 Agimus
746 3196 844 3250 tibi
875 3198 1081 3267 gratias
1110 3198 1178 3253 de
1208 3201 1504 3263 universis,
1534 3199 1764 3257 Domine
1808 3205 1991 3259 omni-

405 3294 633 3355 potens;
685 3289 831 3359 quod
887 3291 1295 3347 misericordias
1343 3300 1466 3347 tuas
1508 3300 1564 3348 et
1605 3295 1988 3353 miserationes

408 3394 515 3433 non
550 3382 830 3437 removisti
873 3397 903 3435 a
935 3383 1127 3450 nobis;
1171 3384 1265 3438 sed
1299 3399 1399 3454 per
1434 3386 1680 3456 singulas
1704 3394 1893 3444 aetates
1925 3404 1989 3445 ac

406 3474 786 3541 generationes
828 3489 1052 3540 servas,
1103 3477 1307 3547 eripis,
1344 3478 1669 3547 opitularis,
1720 3462 1987 3552 protegis.

406 3563 575 3635 Opem
616 3567 760 3621 enim
801 3567 975 3621 tulisti
1012 3567 1069 3622 in
1099 3568 1295 3624 diebus
1321 3567 1488 3624 Enosi
1539 3578 1593 3625 et
1624 3570 1893 3637 Ηειιοοιιί,
1933 3574 1989 3628 in

407 3655 600 3711 diebus
626 3656 792 3713 Mosis
820 3673 884 3712 ac
906 3656 1058 3724 Jesu,
1093 3660 1149 3715 in
1180 3660 1377 3717 diebus
1406 3660 1678 3732 judicum,
1713 3664 1767 3717 in
1795 3665 1988 3722 diebus

409 3744 682 3803 Samuelis
729 3758 785 3803 et
822 3748 955 3804 Elia:
1001 3758 1168 3821 atque
1221 3753 1636 3823 prophetarum,
1686 3756 1742 3809 in
1792 3757 1987 3813 diebus

407 3838 628 3894 Davidis
649 3854 713 3893 ac
741 3856 953 3911 regum,
982 3842 1038 3896 in
1068 3843 1263 3899 diebus
1290 3844 1534 3900 Estheraa
1559 3854 1613 3901 et
1640 3846 1985 3914 Mardocltmi,

407 3931 462 3985 in
507 3931 702 3988 diebus
734 3930 1007 3999 Judithas,
1066 3937 1124 3989 in
1166 3936 1361 3993 diebus
1406 3935 1560 3994 Iuda:
1597 3938 1890 3995 Machabaai
1934 3950 1989 3998 et

406 4023 639 4078 fratrum
690 4024 829 4094 ejus.
884 4025 1060 4081 Etiam
1112 4027 1167 4085 in
1224 4027 1420 4086 diebus
1473 4032 1676 4087 nostris
1723 4034 1987 4089 auxilium

406 4116 567 4171 nobis
606 4116 800 4183 tulisti,
828 4133 925 4187 per
971 4134 1227 4189 magnum
1268 4128 1425 4176 tuum
1456 4123 1766 4192 pontiﬁcem
1802 4124 1988 4181 Jesum

403 4206 685 4263 Christum
715 4207 913 4263 Filium
954 4218 1132 4267 tuum.
1167 4211 1378 4267 Etenim
1411 4230 1477 4269 ex
1508 4215 1689 4285 gladio
1713 4215 1985 4285 liberavit,

403 4307 458 4353 et
486 4300 681 4355 alendo
707 4300 911 4372 eripuit
947 4317 979 4381 a
1012 4301 1176 4370 fame,
1212 4320 1279 4360 ex
1316 4306 1509 4361 morbo
1544 4307 1784 4373 sanavit,
1814 4324 1845 4362 a
1875 4309 1986 4364 lin-

2013 3112 2060 3174 C

2088 2720 2145 2772 tv
2177 2719 2466 2787 εὐλογίαις.
2499 2718 2611 2771 Καὶ
2637 2717 2731 2769 νῦν
2750 2712 2845 2770 οὖν
2868 2714 3157 2787 πρόσδεξαι
3185 2714 3284 2777 τὰς
3302 2712 3399 2767 τοῦ
3428 2714 3566 2768 λαβῦ
3600 2730 3692 2769 σου

2090 2810 2422 2883 προσευχὰς,
2458 2827 2557 2881 μετ
2576 2812 2589 2830 ’
2619 2807 2971 2877 ὲπιγνώσεώς
3010 2824 3096 2860 σοι
3123 2806 3211 2860 διὰ
3238 2806 3478 2877 Χριστοῦ
3523 2823 3691 2878 προσο

2088 2905 2401 2976 φερομένας
2427 2908 2486 2958 tv
2515 2903 2592 2975 τῷ
2621 2902 2920 2973 Πνεύματι.

2611 3015 3009 3071 ΚΕΦΔΛΑῙΟΝ
3044 3014 3175 3068 AH’.

2385 3110 2706 3180 Προσευχὴ
2744 3106 3125 3178 ἀντιλήψεως
3160 3104 3428 3160 δικαίων.

2167 3203 2612 3277 Εὐχαριστοῦμέν
2644 3220 2725 3255 σοι
2764 3202 2892 3273 περὶ
2929 3201 3168 3266 πάντων,
3198 3198 3449 3253 Δέσποτα
3486 3199 3690 3253 παντό-

2095 3314 2322 3370 κρατορ’
2368 3297 2449 3350 ὅτι
2487 3297 2587 3349 οὐκ
2623 3294 2981 3365 ἐγκατέλιπες
3025 3292 3094 3346 τὰ
3138 3292 3262 3364 ἐλέη
3294 3308 3389 3345 σου
3430 3294 3531 3346 καὶ
3565 3296 3688 3355 tot»;

2093 3387 2411 3460 οίκτιρμούς
2449 3405 2542 3441 σου
2570 3389 2662 3456 ἀφ’
2692 3386 2871 3458 ἡμῶν·
2902 3384 3038 3439 ἀλλὰ
3074 3384 3194 3438 καθ’
3222 3385 3465 3455 ἑκάστην
3498 3384 3689 3452 γενεὰν

2095 3484 2190 3536 καὶ¹
2234 3480 2427 3550 γενεὰν
2475 3478 2694 3546 σώζεις,
2740 3478 2873 3551 ῥύῃ,
2911 3476 3308 3547 ἁντιλαμϐάνῃ,
3360 3475 3684 3541 σκεπάζεις.

2098 3571 2419 3627 Ἀντελάϐου
2473 3570 2583 3642 γὰρ
2630 3572 2690 3623 tv
2734 3571 2974 3642 ἡμέραις
3017 3567 3184 3631 Ἐνὼς
3228 3567 3324 3620 καὶ
3375 3566 3589 3637 Ἑνὼχ,
3632 3569 3688 3619 tv

2094 3667 2330 3737 ἡμέραις
2364 3664 2538 3733 Μωσῆ
2577 3662 2671 3717 καὶ
2708 3661 2909 3733 Ἰησοῦ,
2950 3663 3007 3714 tv
3035 3660 3272 3732 ἡμέραις
3307 3659 3421 3713 τῶν
3460 3660 3685 3733 κριτῶν,

2094 3759 2152 3810 tv
2182 3758 2417 3829 ἡμέραις
2446 3752 2605 3808 Δαυῒδ
2644 3754 2739 3809 καὶ
2764 3753 2874 3807 τῶν
2913 3753 3195 3824 βασιλέων,
3225 3753 3284 3804 tv
3311 3751 3561 3823 ἡμέραις
3587 3752 3689 3804 Σα-

2099 3850 2269 3919 μουὴλ
2322 3849 2415 3902 καὶ
2456 3847 2615 3900 Ἠλία
2656 3846 2751 3900 καὶ
2799 3845 2908 3899 τῶν
2962 3842 3281 3915 προφητῶν,
3334 3844 3397 3895 tv
3450 3844 3690 3915 ἡμέραις

2112 3941 2312 4013 Ἐσθὴρ
2356 3941 2451 3995 καὶ
2495 3938 2869 4011 Μαρδοχαίου,
2917 3939 2977 3991 tv
3027 3936 3267 4008 ἡμέραις
3319 3935 3577 4001 ἰουδεὶθ,
3634 3936 3690 3987 tv

2093 4033 2329 4105 ἡμέραις
2356 4031 2527 4085 Ἰούδα
2555 4029 2916 4085 Μακκαϐαίου
2956 4029 3050 4081 καὶ
3077 4029 3185 4081 τῶν
3218 4026 3466 4097 ἀδελφῶν
3497 4026 3669 4081 αὐτοῦ

2096 4126 2206 4180 Καὶ
2234 4127 2291 4177 tv
2320 4128 2440 4188 ταῖς
2474 4123 2709 4196 ἡμέραις
2744 4122 2902 4193 ἡμῶν
2940 4119 3234 4174 ὰντελὰϐου
3272 4120 3433 4192 ἡμῶν
3472 4121 3571 4175 διὰ
3596 4120 3693 4175 τοῦ

2100 4217 2335 4289 μεγάλου
2384 4233 2476 4269 σου
2524 4214 2825 4287 ἀρχιερέως
2861 4213 3039 4285 Ἰησοῦ
3078 4211 3314 4285 Χριστοῦ
3359 4213 3457 4267 τοῦ
3494 4213 3695 4279 Παιδός

2096 4328 2211 4365 σου.
2258 4311 2367 4364 Καὶ
2395 4309 2505 4363 ἀπὸ
2545 4308 2820 4380 μαχαίρας
2848 4306 2957 4380 γὰρ
2984 4306 3275 4380 ἐρρύσατο,
3306 4307 3405 4360 καὶ
3433 4308 3500 4361 ὲκ
3530 4305 3693 4379 λιμοῦ

466 4461 511 4493 ³³
538 4457 672 4514 Gen.
711 4476 785 4515 tv.
859 4462 904 4494 ³⁸
929 4461 1202 4518 Gen.vm.
1281 4464 1324 4497 ³⁷
1356 4464 1494 4523 Gen.
1518 4480 1620 4521 xli.
1708 4467 1754 4500 ³⁸
1777 4464 1913 4524 Gen.
1944 4486 2083 4527 xxii.
2159 4471 2204 4503 ”
2233 4469 2367 4525 Gen.
2391 4486 2553 4525 xxxv.
2632 4470 2677 4501 ’⁵ο
2702 4468 2873 4524 Exod.
2893 4468 3033 4523 xu.‘
3069 4469 3114 4501 “
3142 4466 3305 4523 Num.
3337 4483 3451 4522 xvi.
3496 4468 3547 4499 “
3573 4467 3691 4523 los.

405 4545 457 4583 ν.
500 4560 501 4563 η
538 4530 585 4561 ⁸³
607 4529 786 4587 Judic.
823 4549 876 4587 Vl
901 4542 957 4587 et
980 4550 1096 4588 vm.

1175 4533 1431 4589 “Judic.
1467 4552 1586 4591 xm.
1662 4538 1708 4568 “
1731 4536 1913 4594 Judic.
1966 4558 2038 4595 xv
2068 4553 2123 4597 et
2173 4558 2285 4595 xvv.
2363 4541 2409 4571 “
2432 4540 2612 4595 Judic.
2672 4556 2747 4593 xu.
2823 4541 2866 4572 ⁸⁷
2904 4539 3087 4594 Judic.
3127 4556 3200 4593 tv.

3283 4539 3339 4608 ‘3‘
3416 4536 3558 4608 Reg.
3591 4555 3689 4593 νιν.

405 4600 453 4680 ‘f
482 4599 500 4652 l
530 4598 873 4680 Paral_.'_x;x_l_L
929 4602 1078 4680 δί’-ΙΙΙ
1104 4604 1232 4675 Reg.
1266 4613 1529 4680 uretvnt.
1568 4606 1715 4680 "illi
1750 4606 1884 4680 Reg.
1921 4627 2078 4667 xviii.
2155 4614 2199 4643 "
2242 4611 2307 4665 IV
2329 4609 2461 4680 Reg.
2503 4626 2559 4663 Il.
2635 4610 2681 4641 ⁸³
2709 4607 2755 4665 ll
2790 4608 2969 4663 Paral.
3016 4626 3170 4665 xvut.
3248 4609 3295 4639 “
3322 4606 3390 4660 IV
3622 4623 3691 4663 xx

405 4677 460 4723 ct
496 4687 609 4725 xix.
686 4672 731 4703 ⁸⁸
770 4672 811 4726 ll
836 4672 1017 4728 Paral.
1057 4672 1246 4731 xxxtil.
1324 4676 1370 4707 ⁸⁸
1402 4674 1443 4728 ll
1477 4677 1656 4730 Paral.
1699 4672 1861 4733 xxxv:
1941 4682 1984 4714 ³⁷

2098 4682 2278 4735 ῖάσκα.
2324 4672 2565 4735 ⁸⁸1Εεότ.
2601 4696 2718 4734 vui.
2794 4681 2841 4712 "
2879 4679 3016 4735 Dan.
3044 4696 3096 4735 vi
3128 4689 3181 4735 et
3204 4696 3312 4733 xiv.
3394 4678 3440 4710 "
3468 4672 3599 4734 Joh.
3628 4696 3688 4735 ιι.

407 4739 449 4770 ⁶¹
478 4741 613 4795 Dan.
640 4759 722 4797 ιιι.
793 4744 836 4775 ⁸⁸
863 4744 879 4797 l
902 4742 1033 4815 Reg.
1066 4762 1101 4799 ι.
1176 4746 1220 4777 ⁸³
1255 4744 1452 4801 lEsdr.
1473 4764 1554 4801 ιιι.
1629 4749 1674 4779 ⁸⁵
1704 4749 1721 4802 l
1748 4749 1921 4805 Much.
1950 4768 2001 4806 Il.

2098 4753 2130 4783 ⁵⁵
2160 4737 2344 4806 Ιιιίίίο.
2377 4768 2431 4817 v,
2466 4750 2555 4803 24.

1731 4907 2092 4967 VARIORUM
2130 4910 2358 4965 NOTAE.

479 5009 559 5154 ξὸζ
601 5011 716 5065 Ἐκ.
749 5006 918 5066 Αὐτὸν
949 5015 1032 5069 ἐκ.
1064 5012 1160 5070 Sic
1182 5015 1325 5069 idem
1345 5016 1471 5071 cod.
1492 5017 1659 5073 CLI-Ill.

503 5082 536 5134 4
559 5153 563 5154 ν
605 5082 801 5136 Ἰακὼϐ
814 5084 884 5136 ἐν
898 5086 1189 5154 Βηθλεέμε
1214 5085 1435 5151 Bovius,
1460 5089 1515 5141 in
1540 5088 1659 5143 Belli

503 5082 566 5161 4).
605 5082 801 5136 Ἰακὼϐ
814 5084 1189 5161 ἐνίΒηθλεέμε
1214 5085 1435 5161 Bovius,
1460 5088 1734 5161 in__Bethel.
1760 5094 1983 5161 optime,

409 5153 525 5210 sive
555 5153 629 5207 ita
656 5157 919 5223 repererit
941 5194 956 5218 ,
989 5158 1104 5210 sive
1124 5153 1454 5213 emendarit.
1501 5157 1701 5213 Notum
1732 5153 1847 5217 ha3c
1877 5153 1988 5217 duo
2070 5192 2071 5195 η

408 5225 633 5279 nomina
670 5225 762 5279 tibi
804 5239 901 5293 per
926 5227 1312 5294 compendium
1347 5229 1686 5294 scribuntur,
1724 5231 1987 5289 confundi

408 5294 567 5366 facile
585 5309 649 5366 ac
676 5295 920 5366 librariis
949 5294 1127 5366 fraudi
1156 5313 1281 5366 esse
1301 5300 1503 5366 _:unod
1532 5314 1760 5366 cernere
1788 5304 1911 5366 licet
1932 5304 1984 5357 in

405 5359 1106 5430 Chronico_Ale:candrino,
1152 5377 1207 5430 p.
1253 5359 1389 5415 218$
1419 5366 1561 5415 Sane
1606 5363 1678 5418 ob
1724 5363 1971 5419 eumdem

404 5428 738 5501 erroremAS.
770 5430 1097 5501 Ambrosius
1127 5428 1220 5485 lib.
1255 5447 1293 5484 ιι
1329 5431 1401 5501 pe
1430 5430 1622 5494 Iacob,
1647 5446 1766 5500 cap.
1797 5430 1847 5495 7,
1874 5448 1973 5501 pro

406 5499 617 5569 Bel/cel,
640 5498 776 5553 Gen.
807 5515 972 5562 xxxv,
1005 5500 1132 5554 dum
1166 5501 1292 5567 legit
1320 5499 1640 5563 Belide/ient,
1682 5498 1762 5556 sic
1797 5498 1969 5569 loqui-

402 5577 530 5625 tur:
591 5568 897 5638 Exsurgens
943 5571 1164 5623 ascende
1211 5572 1267 5622 in
1314 5570 1487 5623 locum
1530 5570 1829 5625 Belhlehem
1864 5568 1971 5639 (eo

402 5645 565 5713 modo
602 5653 829 5713 prorsus
856 5640 1019 5713 scribi
1046 5641 1244 5713 debere
1271 5641 1465 5695 docent
1492 5643 1774 5713 sequentia
1800 5641 1841 5713 ),
1872 5642 1967 5696 hoc

398 5716 480 5783 ςει·
508 5707 561 5783 in
612 5708 825 5760 domum
848 5711 1039 5783 panis,
1085 5708 1175 5762 ubi
1204 5720 1360 5763 natus
1403 5720 1487 5783 est
1513 5707 1810 5783 (Μήδεια-ξ
1828 5715 1967 5766 sicut

402 5771 656 5829 Mle/uvas
705 5771 957 5845 proplieta
1008 5771 1225 5845 testatus
1280 5790 1393 5848 est,
1454 5781 1630 5837 dicens
1665 5771 1809 5859 ᾔτει
1868 5794 1960 5859 tu,

2086 5586 2258 5655 gitur,
2290 5585 2347 5655 ni
2376 5584 2558 5646 fallor,
2594 5582 2813 5654 Saphan
2838 5586 2913 5638 Σα

2098 5021 2420 5084 Bethlehem,
2454 5019 2642 5075 domus
2672 5018 2937 5088 Ephrata,
2972 5040 2992 5073 ι
3017 5029 3123 5076 etc.
3157 5020 3295 5077 Cor.

2189 5093 2244 5171 ξ)
2277 5090 2830 5171 Ξεναλιηρείμοβοιε-
2873 5089 3363 5171 Υίιιάςὲενακιρέι-
3396 5091 3498 5171 (ἕπεο

2190 5160 2245 5229 6)
2278 5164 2372 5216 Ἑν
2385 5160 2466 5227 τῷ
2489 5160 2726 5229 Φασσᾷ.
2760 5160 2881 5215 Non
2899 5161 3192 5217 infeliciter
3220 5160 3354 5216 inihi
3377 5164 3577 5221 videor
3592 5182 3689 5221 vo-

2090 5231 2402 5289 cem'nihili
2432 5231 2621 5303 Φασσά
2652 5231 2758 5285 hoc
2803 5232 2926 5303 loco
2970 5242 3223 5303 mutasse
3257 5233 3313 5303 i_n
3354 5235 3688 5303 praeclarum

2092 5303 2421 5358 vocabulum
2451 5302 2661 5375 Φ-άσκα,
2691 5302 2837 5375 quod
2865 5309 2948 5357 est
2976 5303 3161 5357 Φασέκ
3187 5302 3233 5358 ll
3260 5301 3509 5375 Paralip.
3544 5322 3689 5362 xxxv

2091 5382 2145 5429 et
2165 5390 2320 5445 xxxi,
2353 5387 2449 5445 seu
2479 5371 2727 5445 Pascha,
2774 5374 3005 5428 docente
3036 5371 3527 5445 magno_theologo
3554 5375 3688 5434 Gne-

2129 5445 2250 5498 orio
2278 5443 2628 5514 Nazianzeno
2662 5444 2716 5498 in
2748 5446 3000 5498 oratione
3020 5443 3111 5509 42,
3136 5443 3202 5514 p.
3234 5443 3362 5508 682,
3398 5443 3532 5502 683.
3565 5449 3635 5502 At
3655 5463 3687 5502 ι

2130 5512 2741 5596 potissimo-Turrino,
2773 5516 2875 5596 qui
2904 5516 3087 5596 vertit.
3109 5512 3177 5596 fit
3203 5514 3441 5596 ξουρίιᾳ,
3476 5518 3686 5596 intelli-

2092 5586 2258 5655 gitur,
2290 5586 2347 5639 ni
2376 5586 2558 5646 fallor,
2594 5586 2813 5654 Saphan
2838 5586 2913 5638 Σα
2959 5586 3045 5652 ἀν,
3076 5586 3193 5641 sive
3217 5587 3476 5655 Σαπφάν,

2092 5656 2281 5727 templi
2310 5654 2523 5727 Domini
2553 5656 2890 5727 tgmporibus
2919 5603 3083 5711 insita
3101 5658 3269 5727 regis.
3295 5654 3473 5727 Cor:

2111 5723 2254 5866 Ί
2294 5723 2505 5851 ’ἷῗϐἠλ
2558 5723 2861 5797 ΕειἺαὴλ,
2892 5730 3041 5796 laet,
3085 5723 3191 5782 aui
3234 5732 3413 5788 λοιποί,
3442 5726 3685 5802 σπευδε
