3886 6190
270 326 413 384 I057

1158 329 1758 387 CONSTITUTIONES
1788 328 2264 388 APOSTOLICE.
2286 360 2355 373 -—-
2371 330 2501 388 LIB.
2540 329 2647 385 Vll.

3398 325 3534 386 1058

267 444 506 514 ἐξείλετο
559 443 885 517 διαθρέψας,
933 448 999 501 ἐκ
1043 447 1198 502 νόσου
1246 449 1451 515 ίάσατο,
1500 451 1565 503 ἐκ
1608 449 1861 522 γλώσσης

1962 465 2068 520 gua
2108 450 2251 503 mala
2282 450 2540 520 protexit.
2587 449 2663 504 De
2701 446 2959 503 omnibus
3002 446 3101 501 tibi
3136 460 3233 516 per
3254 445 3535 504 Christum

269 538 515 609 πονηρᾶς
560 538 853 592 ἐσκέπασε.
912 540 1048 611 Περὶ
1102 541 1319 595 πάντων
1346 558 1451 599 ,σοι
1493 541 1583 595 διὰ
1618 542 1856 612 Χριστοῦ

269 628 723 700 εὐχαριστοῦμεν.
778 628 839 683 '0
868 631 962 684 ml.
990 632 1174 703 φωνὴν
1208 632 1469 705 ἔναρθρον
1495 635 1576 697 είς
1608 632 1859 705 ἐξομολό-

268 739 433 792 γησιν
463 722 867 794 δωρησάμενος·
901 724 996 776 καὶ
1022 723 1274 793 γλῶσσαν
1313 725 1672 796 εὐάρμοστον,
1702 727 1858 799 δίκην

269 814 574 886 πλήκτρου,
601 814 681 878 ὡς
711 815 943 887 δργανον
975 816 1213 881 ὐποθείς.
1271 818 1381 871 Καὶ
1406 817 1594 886 γεῦσιν
1624 818 1861 891 πρόσφο-

269 924 387 978 ρον,
445 908 540 961 καὶ
595 909 738 979 ἁφὴν
789 908 1145 979 κατάλληλον,
1204 911 1299 963 καὶ
1343 911 1531 982 ὅρασιν
1586 911 1734 978 θέας,
1765 912 1860 966 καὶ¹

264 999 443 1070 ἀκοὴν
489 999 695 1069 φωνῆς,
736 1002 830 1054 καὶ
874 1000 1141 1073 ὄσφρησιν
1178 1002 1388 1073 ἀτμῶν,
1429 1004 1523 1056 καὶ
1560 1006 1745 1075 χεῖρας
1780 1005 1860 1068 είς

270 1091 457 1163 ἔργον,
507 1093 602 1145 καὶ
647 1092 815 1155 πόδας
859 1092 997 1164 πρὸς
1038 1092 1113 1163 (8)
1161 1093 1486 1165 ὁδοιπορίαν.
1534 1095 1645 1148 Καὶ
1685 1095 1859 1149 ταῦτα

269 1183 453 1237 πάντα
480 1185 545 1236 ἐκ
574 1185 776 1255 μικρᾶς
805 1184 1064 1254 σταγόνος
1090 1184 1435 1249 διαπλάττεις
1462 1185 1536 1256 (9)
1566 1187 1624 1239 ἐν
1655 1188 1854 1259 μήτρᾳ,

269 1275 367 1329 καὶ
394 1275 573 1347 ψυχὴν
609 1276 874 1330 ἀθάνατον
906 1275 1044 1347 μετά
1077 1277 1175 1349 τὴν
1205 1275 1471 1349 μόρφωσιι
1514 1277 1734 1349 χαρίζῃ,
1764 1277 1859 1331 καὶ

267 1368 534 1440 προάγεις
570 1370 651 1432 είς
690 1368 823 1437 φῶς.
871 1369 944 1422 Τὸ
972 1368 1188 1438 λογικὸν
1225 1369 1383 1437 ζῶον,
1422 1370 1514 1423 τὸν
1550 1369 1855 1441 ἄνθρωπον,

268 1461 459 1531 νόμοις
512 1460 855 1527 ἐπαίδευσας,
910 1460 1269 1532 δικαιώμασιν
1324 1461 1665 1533 ἐφαίδρυνας·
1722 1461 1859 1533 πρὸς

260 1552 450 1622 ὀλίγον
497 1553 722 1623 ἐπάγων
766 1554 1029 1620 διάλυσιν,
1060 1555 1159 1627 τὴν
1188 1554 1482 1609 ἀνάστασιν
1523 1554 1853 1625 ἐπηγγείλω.

265 1644 431 1708 Ποτος
475 1644 764 1717 τοιγαροῦν
810 1645 1091 1718 αὐτάρκης
1137 1645 1278 1717 βίος,
1326 1644 1536 1701 αἰώνων
1580 1646 1637 1698 δὲ
1685 1646 1858 1717 μῆκος

266 1736 435 1789 πόσον
482 1737 760 1808 διαρκέσει
805 1737 1114 1808 ἀνθρώποις
1156 1737 1293 1810 πρὸς
1329 1737 1704 1809 εὐχαριστίαν;
1733 1738 1767 1809 ἢ
1797 1739 1858 1791 τὸ

1958 540 2163 612 gratias
2192 542 2427 612 agimus.
2463 540 2567 608 Qui
2613 547 2668 597 et
2704 554 2896 595 vocem
2940 540 3287 595 articulatam
3335 537 3534 596 dedisti

1961 636 2028 691 ad
2061 635 2511 727 .confessionem;
2562 642 2617 689 et
2661 635 2904 705 linguam
2956 640 3170 703 aptam,
3215 630 3409 702 plectri
3456 630 3536 687 si-

1961 724 2177 795 milem,
2227 737 2486 801 tanquam
2531 742 2797 798 organum
2848 724 3167 796 subjecisti;
3216 730 3271 778 et
3316 730 3536 793 gustum

1959 823 2328 887 commodum,
2361 830 2414 878 et
2444 827 2653 875 tactum
2696 819 3132 881 convenientem,
3171 823 3226 871 et
3253 816 3430 871 visum
3466 814 3535 869 ad

1960 915 2343 986 spectandum,
2381 922 2437 969 et
2481 912 2729 967 auditum
2779 911 2847 966 ad
2878 907 3281 980 percipiendam
3322 921 3533 969 vocem,

1958 1014 2012 1062 et
2053 1007 2338 1061 odoratum
2389 1005 2456 1059 ad
2498 1004 2695 1059 odores
2742 1001 3098 1066 hauriendos,
3143 1006 3199 1055 et
3228 1013 3423 1053 manus
3467 998 3537 1052 ad

1958 1114 2117 1169 Opus,
2147 1107 2202 1153 et
2228 1099 2397 1169 pedes
2427 1098 2496 1152 ad
2526 1097 2972 1152 ambulationem.
3000 1094 3179 1164 Atque
3206 1092 3321 1145 haec
3353 1090 3537 1144 omnia

1958 1205 2024 1245 ex
2056 1206 2223 1261 parva
2254 1198 2409 1261 gutta
2454 1189 2660 1244 formas
2695 1189 2751 1242 in
2786 1195 2965 1252 utero,
2999 1202 3063 1241 ac
3090 1193 3215 1256 post
3256 1182 3538 1255 ﬁguratio—

1958 1298 2081 1338 nem
2116 1283 2355 1337 animam
2383 1282 2749 1337 immortalem
2774 1280 2984 1345 donas,
3017 1286 3071 1335 et
3110 1278 3167 1332 in
3203 1278 3380 1332 lucem
3410 1290 3539 1345 pro-

1957 1373 2138 1429 ducis.
2187 1374 2408 1428 Animal
2450 1374 2740 1437 rationale,
2778 1372 3077 1436 hominem,
3111 1370 3325 1442 legibus
3353 1369 3539 1425 erudi-

1956 1466 2108 1528 visti,
2132 1465 2625 1536 justiﬁcationibus
2676 1464 3011 1520 illustrasti:
3050 1464 3320 1518 inducens
3358 1463 3534 1519 disso-

1957 1556 2223 1612 lutionem
2257 1557 2325 1612 ad
2354 1558 2519 1612 breve
2555 1565 2795 1626 tempus,
2839 1556 3300 1611 resurrectionem
3331 1554 3537 1626 promi-

1953 1648 2097 1704 sisti.
2158 1648 2291 1715 Quae
2366 1649 2532 1719 igitur
2592 1649 2701 1703 vita
2766 1647 3042 1704 suﬂiciens
3110 1654 3165 1703 et
3213 1649 3536 1703 saeculorum

1960 1748 2163 1811 quanta
2195 1741 2568 1811 longinquitas
2595 1740 2911 1796 hominibus
2936 1740 3072 1795 satis
3102 1738 3207 1795 erit
3237 1739 3305 1793 ad
3335 1738 3540 1810 gratia-

264 1827 370 1898 μὲν
399 1829 535 1901 πρὸς
563 1826 719 1893 ἀξίαν
749 1828 1029 1897 ἀδύνατον,
1051 1830 1112 1882 τὸ
1140 1829 1359 1883 δὲκατά
1385 1829 1610 1901 δύναμιν
1637 1828 1852 1898 εὐαγές.

1959 1848 2081 1887 rum
2104 1832 2420 1887 actionem?
2459 1831 2567 1887 Sed
2605 1832 2661 1887 id
2683 1832 2903 1903 quidem
2927 1847 3027 1903 pro
3056 1831 3323 1903 dignitate
3353 1846 3534 1902 agerc.

281 1921 529 1993 Ἐρρύσω
556 1922 666 1993 γὰρ
703 1921 957 1986 ἀσεϐείας
994 1922 1290 1991 πολυθέων,
1331 1923 1427 1977 καὶ
1463 1922 1856 1996 χριστοκτόνων

262 2014 533 2085 αἱρέσεως
569 2014 804 2083 ἐξείλου,
839 2014 1260 2089 πεπλανημένης
1298 2016 1521 2085 ἀγνοίας
1552 2015 1855 2087 ἠλευθέρω-

267 2121 390 2169 σας·
421 2107 513 2160 τὸν
541 2107 776 2179 Χριστὸν
817 2106 1142 2171 ἀπέστειλας
1176 2108 1258 2171 είς
1286 2106 1606 2180 ἀνθρώπους
1641 2107 1716 2170 ὼς
1745 2106 1854 2179 (10)

266 2196 575 2269 ἄνθρωπον,
642 2198 777 2251 Θεὸν
830 2198 963 2252 ὅντα
1016 2199 1299 2270 μονογενῆ·
1358 2199 1448 2253 τὸν
1502 2198 1857 2270 Παράκλητον

268 2288 537 2360 ἐνῴκισας
580 2292 733 2361 ἡμῖν·
784 2291 1050 2360 ἀγγέλους
1096 2292 1430 2362 ἐπέστησας,
1475 2291 1567 2345 τὸν
1610 2290 1855 2344 διάϐολον

268 2381 525 2452 ᾔσχυνας·
559 2385 661 2437 οὐκ
689 2384 848 2446 ὄντας
875 2384 1157 2455 ἐποίησας,
1188 2384 1512 2455 γενομένους
1541 2382 1851 2452 φυλάσσεις

268 2472 414 2546 ζωὴν
444 2477 783 2548 ἐπιμετρεῖς,
813 2478 1067 2549 χορηγεῖς
1094 2477 1319 2548 τροφήν’
1364 2475 1651 2543 μετάνοιαν
1679 2477 1855 2546 ἐπηγ-

268 2568 456 2636 γείλω.
502 2569 675 2640 Ὑπὲρ
716 2570 968 2623 ἁπάντων
1008 2586 1088 2622 σοι
1116 2572 1149 2640 ἡ
1182 2569 1307 2634 δόξα
1346 2570 1441 2624 καὶ
1467 2569 1528 2622 τὸ
1558 2568 1739 2635 σέϐας,
1768 2569 1857 2623 διὰ

282 2660 460 2731 Ἰησοῦ
486 2660 725 2734 Χριστοῦ
757 2662 890 2734 (ll),
921 2659 1038 2729 νῦν,
1070 2662 1163 2715 καί
1198 2662 1285 2715 ἀεὶ
1324 2661 1456 2733 (12),
1487 2662 1582 2716 καὶ
1618 2664 1697 2725 είς
1730 2662 1856 2725 τοὺς

268 2751 489 2816 αίῶνας.
543 2753 734 2825 Ἀμήν.
767 2752 973 2832 ’Ταῦτα
1020 2752 1299 2824 μελετᾶτε,
1344 2753 1581 2823 ἀδελφοί·
1631 2755 1725 2808 καὶ
1769 2754 1852 2827 εἴη

267 2845 299 2905 6,
318 2846 526 2919 Κύριος
556 2846 674 2917 μεθ’
704 2846 858 2918 ὑμῶν
889 2846 983 2899 ἐπ)⁸
1013 2845 1137 2916 γῆς,
1167 2846 1261 2900 καὶ
1296 2846 1353 2899 ἐν
1380 2848 1446 2917 τῇ
1486 2845 1734 2919 βασιλείᾳ
1758 2846 1853 2900 τοῦ

270 2937 491 3010 Πατρδς
537 2936 726 3006 αὐτοῦ,
781 2937 877 2992 τοῦ
927 2939 1023 2992 καὶ
1057 2938 1218 2991 αὑτὸν
1256 2924 1711 3005 ἀποστείλαντος,
1759 2940 1854 2992 καὶ

270 3028 421 3103 ἡμᾶς
449 3029 517 3083 δι’
547 3029 713 3084 αὐτοῦ
754 3028 1220 3102 ἐλευθερώσαντος
1249 3030 1316 3083 ἐκ
1342 3029 1444 3101 τῆς
1485 3029 1723 3095 δουλείας
1752 3030 1854 3102 τῆς

1958 1925 2304 1995 impossibile
2334 1933 2418 1980 est
2443 1943 2457 1992 ;
2506 1940 2608 1996 pro
2632 1925 2845 1980 viribus
2885 1932 3069 1980 autem
3098 1931 3382 1994 praestare,
3410 1939 3538 1978 san-

1958 2027 2105 2073 ctum
2145 2033 2210 2072 ac
2242 2018 2417 2088 pium.
2448 2015 2497 2065 9‘
2536 2018 2673 2072 Nam
2714 2018 2966 2073 exemisti
3006 2032 3109 2073 nos
3150 2032 3216 2071 ex
3263 2016 3540 2086 impietate

1957 2124 2147 2165 eorum
2183 2110 2276 2181 qui
2316 2111 2506 2181 plures
2532 2109 2665 2166 deos
2703 2111 2916 2175 colunt,
2955 2117 3012 2164 et
3040 2108 3289 2179 eripuisti
3324 2120 3353 2162 a
3391 2117 3538 2163 secta

1958 2201 2177 2256 illorum
2216 2201 2311 2272 qui
2335 2200 2618 2257 Christum
2646 2202 2990 2268 occiderunt,
3018 2201 3262 2257 liberasti
3291 2200 3360 2255 ab
3386 2200 3541 2270 igno-

1957 2294 2149 2349 rantia:
2177 2309 2367 2349 errore
2400 2313 2416 2350 :
2457 2293 2739 2350 Christum
2770 2294 2838 2349 ad
2868 2293 3142 2357 homines,
3171 2292 3331 2363 quasi
3362 2292 3541 2347 homi-

1957 2401 2083 2440 nem
2117 2386 2337 2452 misisti,
2370 2387 2461 2455 qui
2500 2387 2666 2441 etiam
2699 2396 2785 2442 est
2807 2385 2953 2441 Deus
2978 2385 3298 2455 unigenitus
3332 2381 3539 2437 :Para-

1957 2479 2158 2534 oletum
2207 2479 2264 2533 in
2306 2479 2467 2534 nobis
2523 2478 2704 2534 fecisti
2757 2477 3048 2545 habitare;
3108 2475 3331 2546 angelos
3378 2474 3541 2530 nobis

1956 2570 2283 2641 praefecisti;
2312 2571 2590 2625 diabolum
2617 2570 2888 2626 dedecore
2916 2569 3224 2640 aspersisti;
3258 2582 3381 2634 nos,
3412 2582 3538 2621 cum

1956 2678 2067 2717 non
2095 2678 2368 2728 essemus,
2418 2662 2619 2729 fecisti,
2655 2662 2831 2719 iactos
2870 2677 3200 2729 conservas;
3233 2662 3403 2716 vitam
3441 2661 3540 2715 ad-

1956 2753 2208 2820 metiris,
2273 2756 2592 2826 suppeditas
2651 2756 3093 2822 nutrimentum;
3159 2753 3536 2825 paenitentiam

1955 2846 2235 2918 pollicitus
2257 2863 2337 2903 es.
2372 2847 2480 2902 Pro
2504 2849 2764 2904 omnibus
2804 2849 2907 2904 tibi
2932 2849 3107 2920 gloria
3148 2855 3203 2903 et
3231 2846 3536 2909 veneratio,

1958 2957 2052 3010 per
2070 2940 2255 2997 Jesum
2277 2940 2579 3007 Christum,
2609 2957 2779 3007 nunc,
2810 2952 2864 2997 et
2892 2957 3126 3011 semper,
3150 2948 3205 2997 et
3234 2940 3291 2994 in
3314 2940 3514 2999 swcuIa

1954 3032 2147 3089 Amen.
2208 3033 2335 3089 Haec
2380 3034 2758 3100 meditamini,
2802 3033 3023 3099 fratres,
3069 3040 3124 3087 et
3175 3032 3246 3088 sit
3267 3031 3534 3087 Dominus

271 3123 479 3196 φθορᾶς
538 3124 618 3188 εἰς
668 3124 769 3196 τήν
825 3122 1139 3195 ἐλευθερίαν
1187 3122 1290 3193 τῆς
1335 3120 1513 3192 δόξης,
1565 3124 1659 3177 καὶ
1708 3122 1852 3194 ζωὴν

1959 3129 2243 3183 vobiscum
2282 3129 2337 3182 in
2371 3134 2540 3194 terra,
2584 3134 2639 3181 et
2672 3126 2727 3180 in
2759 3141 2930 3197 regno
2960 3124 3141 3179 Patris
3187 3124 3330 3194 ejus,
3363 3122 3457 3193 qui
3485 3132 3541 3177 et

269 3217 740 3289 ἐπαγγειλαμένου
784 3220 898 3280 τοῖς
933 3218 999 3271 δι’
1029 3215 1193 3272 αὐτοῦ
1242 3215 1594 3271 πιστεύσασιν
1638 3218 1719 3281 είς
1760 3215 1851 3269 τὸν

1959 3221 2107 3274 illum
2144 3220 2316 3283 misit,
2343 3226 2398 3276 et
2437 3234 2541 3274 nos
2577 3234 2676 3289 per
2703 3233 2829 3273 eum
2873 3218 3125 3273 liberavit
3175 3232 3244 3272 ex
3272 3217 3538 3272 servitute

270 3308 382 3365 τῶν
411 3309 548 3364 ὅλων
571 3310 724 3363 Θεόν.
750 3311 940 3374 Ὅπως
971 3310 1067 3381 μὲν
1088 3305 1181 3363 οὗν
1209 3307 1481 3378 ὀφείλουσι
1502 3305 1601 3379 ζῇν
1632 3309 1681 3361 οί
1711 3307 1851 3361 κατά

1959 3313 2324 3383 corruptionis
2372 3312 2431 3366 in
2480 3311 2788 3366 libertatem
2835 3310 3024 3380 gloriae
3052 3311 3118 3375 ⁸⁷,
3171 3324 3238 3364 ac
3284 3308 3537 3379 promisit

270 3400 505 3474 Χριστὸν
523 3401 883 3474 μεμυημένοι,
903 3402 993 3455 καὶ
1007 3402 1125 3465 οἵας
1141 3400 1491 3472 εὐχαριστίας
1509 3399 1850 3471 ἀναπέμπειν

1959 3406 2118 3459 vitam
2162 3404 2231 3460 iis
2271 3405 2364 3475 qui
2415 3420 2512 3474 per
2539 3403 2795 3459 eumdem
2842 3403 2899 3457 in
2944 3401 3113 3457 Deum
3156 3400 3536 3457 universitatis

267 3492 347 3564 τῷ
378 3492 498 3564 Θεῷ
527 3492 616 3547 διὰ
643 3493 905 3565 Χριστοῦ,
934 3494 1149 3565 εἴρηται
1180 3492 1269 3546 διὰ
1303 3491 1413 3546 τῶν
1452 3491 1845 3563 προλαϐόντων

1959 3496 2327 3552 t'rediderunt.
2383 3494 2855 3563 Quemadmodum
2895 3495 3064 3565 igitur
3091 3494 3275 3551 vivere
3300 3493 3535 3550 debeant

266 3584 475 3639 δίκαιον
512 3585 590 3653 δὲ,
628 3585 764 3656 μηδέ
795 3586 923 3649 τοὺς
952 3586 1230 3657 ἀμυήτους
1264 3582 1581 3639 καταλιπεῖν
1610 3583 1850 3655 ἀὸοηθή-

1959 3591 2050 3659 qui
2081 3590 2137 3645 in
2161 3589 2367 3645 Christi
2397 3589 2661 3661 religione
2690 3595 2820 3644 sunt
2847 3586 3071 3651 initiati,
3095 3594 3150 3642 et
3172 3601 3310 3658 quas
3337 3584 3536 3658 gratia-

265 3693 412 3742 ⁶ιτους.

1953 3697 2078 3737 rum
2124 3682 2371 3739 actiones
2392 3681 2505 3738 Deo
2533 3698 2631 3753 per
2651 3680 2933 3737 Christqu
2968 3679 3251 3736 destinare
3270 3719 3286 3745 ,
3323 3677 3532 3734 dictum

265 3782 353 3829 est
392 3774 447 3829 in
489 3773 869 3846 superioribus
902 3788 917 3825 :
945 3788 1167 3845 {equum
1196 3786 1328 3828 vero
1370 3778 1477 3836 est,
1530 3776 1593 3825 ut
1636 3776 1695 3827 et
1728 3785 1846 3838 eos,
1891 3776 1985 3845 qui
2020 3776 2223 3830 initiati
2262 3792 2371 3832 non
2431 3782 2582 3841 sunt,
2628 3774 2840 3830 auxilio
2878 3773 3173 3830 destitutos
3212 3787 3325 3828 non
3368 3769 3536 3828 relin-

266 3881 523 3938 quamus.

775 3982 1170 4037 ΚΕΦΑΛΑῙΟΝ
1208 3980 1330 4035 ΛΘν.

267 4095 471 4161 Ὅπως
508 4093 627 4164 χρὴ
666 4094 808 4161 τοὺς
855 4096 1339 4165 κατηχουμένους
1384 4095 1847 4164 στοιχειοῦσθαι.

352 4187 410 4242 'U
448 4188 655 4259 μέλλων
702 4189 883 4243 τοίνυν
920 4188 1277 4260 κατηχεῖσθαι
1308 4188 1399 4242 τὸν
1432 4188 1588 4257 λόγον
1622 4188 1722 4259 τῆς
1758 4187 1852 4240 εὐ-

265 4280 506 4349 σεϐείας,
545 4280 885 4335 παιδευέσθω
923 4282 1029 4353 πρὸ
1061 4281 1154 4334 τοῦ
1191 4280 1565 4351 βαπτίσματος
1596 4278 1694 4351 τὴν
1723 4279 1854 4350 περὶ

262 4372 361 4425 τοῦ
422 4373 719 4445 ἀγεννήτου
766 4373 987 4442 γνῶσιν,
1034 4374 1134 4445 τὴν
1184 4374 1312 4445 περὶ
1349 4371 1481 4426 Υίοῦ
1532 4371 1852 4444 μονογενοῦς

2487 3975 2717 4031 CAPUT
2757 3974 3002 4032 XXXIX.
3276 3898 3310 3971 ἱ

2131 4091 2405 4158 Quomodo
2431 4100 2669 4159 oporteat
2699 4091 3094 4146 catechumenos
3121 4091 3354 4146 institui.

2026 4183 2131 4249 Qui
2159 4199 2289 4253 ergo
2326 4183 2395 4238 ad
2418 4185 2725 4239 doctrinam
2755 4184 2979 4255 pietatis
3028 4183 3390 4239 instruendus
3421 4194 3531 4247 ett,

1950 4275 2238 4330 erudiatur
2269 4283 2395 4331 ante
2414 4274 2750 4346 baptismum
2809 4277 2865 4330 in
2900 4276 3131 4331 scientia
3166 4274 3233 4330 de
3261 4274 3532 4344 Ingeniw,

1956 4370 2013 4425 in
2055 4368 2367 4440 cognitione
2406 4368 2474 4423 d'e
2508 4365 2646 4424 Filio
2705 4367 3016 4439 unigenito,
3064 4367 3119 4421 in
3172 4366 3533 4437 persuasione

263 4466 583 4535 ἐπίγνωσιν,
611 4468 712 4539 τὴν
742 4466 870 4539 περὶ
898 4467 991 4521 τοῦ
1032 4465 1190 4535 ἁγίου
1226 4464 1542 4536 Πνεύματος
1575 4463 1849 4535 πληροφο-

1959 4471 2105 4519 certa
2131 4462 2201 4518 de
2225 4459 2434 4533 Spiritu
2476 4468 2686 4517 sancto.
2740 4460 2924 4517 Discat
2966 4459 3264 4516 creationis
3297 4459 3533 4515 diversa:

213 4569 223 4575 '
264 4559 409 4632 ρίαν.
451 4558 785 4614 Μανθανέτω
826 4559 1184 4630 δημιουργίας
1211 4559 1470 4630 διαφόρου
1512 4554 1685 4623 τάξιν,
1717 4572 1851 4626 προ-

1959 4554 2235 4619 ordinem,
2281 4553 2639 4626 providentia
2690 4554 2922 4618 seriem,
2966 4552 3134 4606 varia:
3168 4551 3533 4623 legislationis

263 4652 415 4717 νοίας
446 4653 632 4725 εἱρμὸν
654 4695 670 4720 ,
705 4650 1025 4723 νομοθεσίας
1058 4652 1314 4723 διαφόρου
1346 4651 1686 4722 δικαστήρια.
1718 4650 1851 4702 Παι-

261 4744 502 4799 δευέσθω
540 4745 683 4800 διατι
722 4745 925 4816 κόσμος
962 4744 1183 4813 γέγονε,
1220 4744 1313 4797 καὶ
1357 4743 1423 4797 δι’
1460 4743 1488 4796 ὃ
1519 4740 1850 4814 κοσμοπολί-

1955 4648 2270 4703 tribunalia.
2322 4646 2619 4701 Erudiatur
2646 4661 2817 4716 quare
2866 4644 3105 4699 mundus
3145 4644 3217 4699 sit
3247 4643 3447 4709 factus,
3478 4652 3533 4697 et

1956 4757 2059 4796 cur
2101 4741 2291 4796 mundi
2334 4739 2473 4796 civis
2515 4740 2680 4793 homo
2728 4737 3064 4794 constitutus
3117 4738 3211 4792 sit.
3257 4736 3533 4807 Agnoscat

261 4853 367 4910 της
394 4836 504 4910 (15)
535 4839 564 4892 ό
589 4837 873 4910 ἄνθρωπος
926 4837 1181 4909 κατέστη.
1250 4837 1691 4906 Ἐπιγινωσκέτω
1749 4834 1851 4906 τὴν

1960 4840 2216 4889 naturam
2259 4848 2448 4899 suam,
2488 4846 2738 4904 quaenam
2788 4830 2883 4886 sit.
2934 4829 3207 4885 Doceatur
3254 4827 3531 4900 quomodo

338 4993 385 5031 "
420 4992 459 5048 ι.
493 4991 663 5065 lgnat.
695 4993 948 5064 interpol.
986 4993 1055 5049 ad
1095 4992 1265 5048 Trall.
1298 4992 1355 5058 6,
1391 4991 1459 5047 ad
1493 4992 1705 5048 Philad.
1731 4991 1785 5046 6.
1863 4991 1906 5021 ⁵⁷
1928 4989 2086 5045 Rom.
2113 5006 2235 5059 vin,
2263 4989 2354 5047 2i.

1584 5144 1948 5202 VARIORUM
1983 5145 2233 5229 nom.

361 5326 416 5397 8)
454 5327 630 5397 Πρός.
666 5325 802 5397 Cod.
838 5325 1000 5382 Vind.
1040 5329 1138 5390 εἰς.
1171 5327 1340 5383 Cum.

210 5413 217 5418 ‘
336 5396 416 5467 (9)
454 5396 854 5463 Διαπλάττεις.
898 5398 1031 5454 Cod.
1066 5397 1229 5453 Vind.
1255 5398 1573 5464 διαπλάσας.
1618 5401 1701 5460 In.

2028 5396 2141 5467 (15)
2186 5397 2671 5467 Κοσμοπολίτης.
2695 5396 2809 5451 Hoc
2849 5406 2968 5465 est,
3000 5400 3153 5467 juxta
3180 5397 3520 5467 Ciceronem

364 5462 452 5534 l0)
504 5469 619 5534 Ὧς.
662 5462 825 5523 Deest
854 5470 909 5523 in
939 5469 1065 5525 cod.
1093 5468 1256 5524 Vind.
1289 5469 1364 5525 In,
1536 5462 1546 5464 “
1956 5477 2019 5534 v_
2042 5462 2460 5534 tusculanarum
2482 5508 2497 5531 ,
2546 5462 2625 5522 et,
2653 5466 2710 5522 S.
2775 5462 3118 5523 Ambrosium
3171 5466 3522 5520 Enarratione

365 5530 451 5613 [1)
490 5530 595 5613 Atti
626 5539 828 5613 Ἰησοῦ
854 5541 1130 5613 Χριστοῦ.
1169 5541 1305 5596 Cod.
1340 5540 1504 5597 Vind.
1541 5542 1679 5612 μετά
1709 5544 1845 5613 Χρι-

1959 5530 2023 5613 ad
2057 5530 2341 5613 Sabinum,
2370 5538 2541 5613 totius
2576 5540 2761 5613 mundi
2782 5538 3057 5613 _i_ncola_et
3102 5539 3262 5613 cipis;
3295 5537 3521 5613 κόσμιος

266 5602 398 5683 ατοῦ
548 5602 1058 5683 Πνεῦματος-ἆγίου.
1084 5610 1379 5683 Βοιοιοείο
1396 5602 1718 5677 orthodoxa,
1744 5602 1847 5683 pro

1959 5607 2157 5683 Socrati
2198 5608 2339 5676 apud
2369 5605 2745 5683 Plutarchum,
2782 5605 2921 5659 libro
2932 5602 3029 5683 _De
3049 5603 3266 5683 emilio;
3295 5602 3525 5683 munda-

265 5676 548 5749 Arianica,
572 5687 634 5735 ut
663 5672 721 5735 et
750 5672 902 5749 alibi.
932 5672 1017 5735 Ἰο.
1200 5672 1203 5673 ⁷
1294 5672 1323 5683 ν
1535 5693 1538 5698 ·
1706 5672 1714 5677 ⁷
1744 5672 1765 5683 ⁵
1944 5696 2063 5741 nus,
2085 5672 2380 5749 interprete
2397 5674 2587 5749 _'!‘ullio
2618 5676 2706 5731 ubi
2726 5689 2912 5749 supra.
2932 5672 3303 5749 Tertullianus
3328 5674 3524 5749 Apolo-

339 5747 741 5825 (j2)__Kc_12AdeL
785 5743 1142 5825 omittuntur,
1190 5759 1244 5808 et
1271 5753 1489 5825 quidem
1528 5753 1743 5817 merito,
1782 5756 1837 5809 in
1943 5743 2566 5825 geticicapI_58:l1nam
2595 5743 2828 5802 omnium
2855 5743 3248 5814 Rempublicam
3277 5744 3516 5816 agnosci.

264 5816 393 5877 cod.
420 5816 866 5891 Vindobonensi;
899 5816 1181 5895 sequentia
1210 5816 1354 5881 enim
1382 5827 1546 5883 verba
1577 5826 1629 5883 id
1659 5816 1836 5897 ipsum
1944 5816 2062 5875 inus
2096 5816 2367 5874 mundum.
2400 5816 2536 5873 Cor.

1947 5329 2282 5390 exprimunt.
2318 5328 2393 5383 In.
