3886 6190
221 337 403 409 toti

753 470 1150 523 ΚΕΦΑΛΑΙΟΝ
1187 471 1275 524 Μ’.

217 561 515 642 Διάζαξις,
538 561 708 642 ,ὅπως
736 561 851 642 χρῂ
880 561 1021 642 τούς
1048 561 1529 642 κατῃζουιεέιίους
1555 560 1665 642 (QQ)
1691 562 1807 642 ὐπὸ

292 630 411 684 τῶιιε
435 631 639 700 ἱερέων
675 632 744 684 ἐν
768 631 843 699 τῇ
864 630 1089 699 μυήσει
1115 631 1512 701 εὐλογεῖσθαι,
1547 630 1654 685 καί
1677 634 1811 685 τίνα

291 701 687 755 διδάσκεσθαι
720 703 962 766 αὐτούς.

294 795 407 847 Καὶ
447 794 577 847 ὅταν
690 794 828 866 πρὸς
876 794 1008 847 αὐτὸ
1055 794 1238 847 λοιπὸν
1282 794 1345 846 τὸ
1390 792 1751 863 βαπτισθῆναι
1781 794 1811 845 ὁ

220 886 571 957 κατηχηθεὶς,
617 886 934 957 μανθανέτω
979 886 1049 940 τά
1090 888 1218 958 περὶ
1255 886 1356 956 τῆς
1393 886 1676 955 ἀποταγῆς
1714 885 1808 938 τοῦ

216 978 487 1045 διαϐόλου,
534 980 627 1032 καὶ
672 978 742 1031 τὰ
783 981 911 1051 περὶ
948 980 1048 1049 τῆς
1100 980 1372 1049 συπαγῆς
1408 979 1501 1032 τοῦ
1547 979 1804 1050 Χριστοῦ.

218 1074 315 1127 Δεῖ
335 1070 446 1142 γάρ
474 1069 638 1124 αὐτὸν
668 1069 884 1141 πρῶτον
920 1071 1017 1141 μὲν
1043 1070 1375 1141 ἀποσχέσθαι
1398 1070 1505 1122 τῶν
1529 1070 1804 1123 ἐναντίων·

217 1165 317 1217 καὶ
351 1163 472 1215 τότε
516 1163 670 1226 ἐντὸς
705 1162 957 1232 γενέσθαι
999 1161 1108 1215 τῶν
1152 1162 1489 1234 μυστηρίων,
1526 1161 1808 1234 προκαθά-

219 1273 392 1326 ραντα
436 1254 630 1308 ἑαυτοῦ
676 1255 776 1325 τὴν
816 1255 1046 1326 καρδίαν
1091 1255 1277 1326 πάσης
1320 1254 1646 1326 κακοηθείας
1675 1254 1805 1325 (21),

218 1346 414 1400 σπίλου
447 1365 506 1400 τε
546 1348 640 1400 καὶ
678 1347 913 1419 ῥυτίδος·
941 1348 1036 1399 κα).
1072 1347 1193 1400 τότε
1229 1346 1338 1399 τῶν
1377 1346 1548 1415 ἁγίων
1587 1347 1811 1419 μεταλα-

213 1441 354 1509 χεῖν·
388 1439 466 1502 ὡς
496 1438 605 1510 γὰρ
635 1438 880 1509 γεωργὸς
910 1438 1134 1509 ἀριστος
1182 1438 1503 1510 ἐκκαθαίρει
1529 1438 1626 1509 τὴν
1650 1439 1833 1508 ἄρου-η

218 1548 323 1603 ραν
352 1532 615 1604 πρότερον
644 1531 753 1585 τῶν
781 1529 1173 1601 ὑπερφυουσῶν
1201 1534 1245 1567 ⁷¹
1280 1531 1339 1584 ἐν
1372 1532 1507 1601 αὐτῇ
1538 1528 1805 1593 ἀκανθῶν,

215 1624 315 1676 καὶ
346 1623 468 1677 τότε
508 1624 723 1695 σπείρει
754 1624 844 1677 τὸν
875 1620 1066 1695 πυρόνο
1102 1622 1245 1675 οὕτω
1270 1623 1350 1675 δεῖ
1377 1622 1470 1675 καὶ
1500 1622 1643 1691 ὑμᾶς
1672 1620 1807 1692 πρό-

214 1731 381 1785 τερον
434 1718 616 1769 πᾶσαν
679 1714 931 1768 ἀσέϐειαν
988 1713 1266 1779 ἐξελόντας
1318 1714 1411 1766 ἀπ’
1437 1712 1637 1779 αὐτῶν,
1685 1712 1805 1765 τότε

1101 352 1698 409 CONSTITUTlONES
1733 351 2208 408 APOSTOLICAS.
2236 383 2300 391 -—-
2323 349 2453 408 LIB.
2492 351 2599 406 ΠΙ.

3350 348 3521 410 1642

2504 466 2734 521 CAPUT
2779 466 2887 520 XL.

1912 562 2254 626 Constitutio,
2284 559 2542 629 quomodo
2570 568 2805 629 oporteat
2830 558 3223 612 catechumenos
3254 576 3285 612 a
3315 576 3491 613 sacer-
3530 562 3531 565 “

1981 631 2192 714 dotibus
2234 628 2615 711 ininitiatione
2651 628 2904 693 benedici,
2932 638 2981 683 et
3006 645 3248 700 quanam
3279 647 3365 683 eos
3394 631 3491 685 do—

1981 711 2085 757 ceri
2118 711 2419 755 cont-emat.

1981 794 2225 862 Cumque
2250 791 2475 861 jamjam
2506 793 2610 846 erit
2637 791 3000 861 baptizandus
3034 790 3489 858 catechumenos,

1909 885 2085 939 discat
2115 898 2235 955 qua:
2266 884 2333 938 ad
2365 883 2791 937 renuntiandum
2831 882 3073 946 diabolo,
3105 891 3160 937 et
3184 898 3304 952 quae
3332 882 3396 935 ad
3429 866 3515 938 se.

1909 976 2293 1033 ascribendum
2315 975 2538 1031 Christo
2562 975 2856 1045 pertinent.
2885 966 3114 1045 Oportet
3140 975 3284 1029 enim
3330 975 3486 1028 illum
3524 1034 3531 1039 κ

1909 1070 2084 1139 primo
2131 1069 2351 1138 quidem
2407 1066 2683 1122 abstinere
2734 1081 2763 1119 a
2811 1066 3148 1132 contrariis;
3184 1073 3238 1120 et
3286 1065 3488 1120 deinde

1909 1161 2117 1233 ingredi
2149 1162 2215 1216 ad
2251 1160 2532 1232 mysteria,
2565 1174 2689 1213 cum
2722 1159 2875 1229 prius
2906 1173 3003 1213 cor
3033 1174 3193 1213 suum
3219 1172 3488 1227 purgave-

1908 1255 1980 1307 rit
2020 1255 2089 1308 ab
2116 1253 2264 1307 omni
2311 1252 2694 1322 perversitate,
2748 1250 2962 1303 macula
3009 1257 3063 1303 et
3108 1264 3278 1319 ruga;
3327 1258 3489 1319 atque

1907 1352 2041 1399 tunc
2071 1346 2286 1399 demum
2322 1344 2388 1397 ad
2430 1350 2773 1397 sacramenta
2812 1340 3163 1411 percipienda
3203 1341 3483 1398 accedere.

1907 1435 2043 1489 Nam
2092 1443 2151 1489 ut
2200 1436 2443 1504 optimus
2496 1434 2736 1505 agricola
2786 1440 3046 1504 repurgat
3092 1433 3247 1502 prius
3295 1447 3484 1487 arvum

1908 1545 1938 1582 a
1961 1528 2509 1598 supercrescentibus
2546 1527 2603 1581 in
2633 1542 2699 1582 eo
2726 1526 2923 1596 spinis,
2950 1532 3194 1595 tuncque
3224 1526 3354 1579 serit
3386 1536 3436 1578 tr
3461 1556 3487 1567 -

1909 1622 2113 1686 ticum;
2149 1620 2222 1673 ita
2250 1627 2465 1689 oportet
2492 1618 2657 1674 etiam
2690 1634 2811 1684 vos,
2841 1618 2995 1688 prius
3017 1619 3165 1672 omni
3210 1617 3485 1687 impietate

1910 1714 1979 1767 ab
2003 1714 2084 1768 eis
2119 1720 2389 1777 extracta,
2422 1719 2555 1766 tunc
2594 1712 2855 1782 pietatem
2900 1710 3255 1774 inseminare,
3294 1718 3349 1765 et
3388 1710 3486 1763 ba-

213 1807 319 1877 τῂν
368 1807 652 1861 εὐσέϐειαν
709 1809 898 1871 αὐτοῖς
954 1806 1488 1876 ἐγκαταϐἀλλεσθαι,
1566 1806 1659 1859 καὶ
1714 1804 1807 1857 τοῦ

1912 1807 2113 1876 ptismo
2153 1806 2378 1860 donare.
2420 1803 2512 1860 Sic
2541 1804 2741 1859 etenim
2782 1802 3047 1859 Dominus
3093 1809 3283 1858 noster
3326 1802 3485 1858 nobis

218 1898 594 1970 βαπτίσματος
642 1900 871 1965 ἀξιῶσαι
905 1898 1036 1971 (22).
1085 1900 1196 1953 Καὶ
1244 1898 1353 1970 γάρ
1400 1900 1491 1953 καὶ
1537 1900 1565 1951 ὁ
1596 1899 1799 1970 Κύριος

216 1990 376 2060 ὑμῶν
413 1990 524 2062 (25)
556 1992 729 2056 οὓτως
756 1995 892 2064 ἡμῖν
925 1992 1231 2063 παρῄνεσεν
1254 2034 1268 2056 ,
1318 1990 1509 2044 εἰπών’
1552 2010 1571 2042 ι
1609 1990 1801 2062 Μαθη-

212 2082 444 2135 τεὺσατε
494 2083 757 2156 πρότερον
802 2083 913 2155 (24)
955 2083 1131 2136 πάντα
1178 2083 1247 2136 τὰ
1293 2082 1439 2155 ἔθνη·
1476 2102 1494 2134 ι
1552 2081 1647 2135 καὶ
1673 2083 1795 2136 τότε

213 2162 488 2245 ἐπήγαγε,
522 2177 602 2243 τὸ,
663 2178 804 2230 «Καὶ
837 2176 1136 2248 βαπτίσατε
1166 2176 1380 2241 αὐτοὺς,
1408 2177 1487 2239 είς
1517 2174 1577 2229 τὸ
1610 2174 1782 2245 ὄνομα

1901 1897 2416 1967 praecepit,dicens:
2444 1915 2462 1948 ι
2492 1896 2718 1951 Βοοειθι
2756 1897 2913 1967 prius
2950 1916 2968 1949 ‹
2993 1911 3183 1952 omnes
3205 1902 3424 1966 gentes:
3460 1913 3479 1945 ι

1900 1997 2025 2060 post
2065 1988 2210 2059 quod
2259 1988 2544 2057 subjunxit
2588 1989 2760 2043 illud:
2795 2007 2813 2040 ι
2848 1990 2912 2045 Et
2957 1990 3230 2060 baptizate
3279 2001 3375 2041 eos
3426 1985 3484 2039 in

1900 2081 2122 2136 nomine
2143 2079 2342 2146 Patris,
2381 2088 2434 2135 et
2459 2079 2605 2145 Filii,
2638 2089 2691 2134 et
2718 2080 2958 2151 Spiritus
2986 2083 3162 2137 sancti
3191 2083 3261 2136 τ’.
3292 2099 3310 2131 ι
3344 2079 3481 2133 Cum

1899 2189 2029 2245 ergo
2061 2174 2343 2228 renuntiat
2374 2172 2469 2241 qui
2497 2172 2832 2242 baptizatur,
2865 2173 2939 2228 ita
2971 2175 3192 2229 recitet:

213 2267 311 2321 τοῦ
357 2268 586 2341 Πατρός,
636 2272 730 2325 καὶ
773 2271 867 2325 τοῦ
897 2270 1049 2338 Υἱοῦ,
1106 2271 1198 2324 καὶ
1249 2269 1344 2323 τοῦ
1378 2270 1536 2338 ἁγίου
1587 2269 1918 2339 Πνεῦματος,
1962 2288 1979 2318 ι
2046 2265 2458 2335 Ἀπαγγελλέτω
2502 2260 2596 2318 οῦν
2638 2265 2666 2315 ὁ
2706 2265 3097 2337 βαπτιζόμενος
3141 2266 3200 2317 ἐν
3240 2262 3319 2333 τῷ
3349 2264 3483 2315 ἀπο-

213 2361 531 2416 τάσσεσθαι’

721 2458 1115 2511 ΚΕΦΑΛΑῙΟΝ
1151 2459 1286 2511 MA’.

227 2547 515 2618 Ἀποταγὴ
560 2549 707 2617 πρὸς
737 2549 844 2603 τὸν
873 2536 1150 2603 ἐναντίον
1178 2548 1289 2619 (25)
1314 2587 1328 2610 ,
1524 2545 1795 2615 συνταγὴ

535 2619 708 2686 Ιπρὸς
736 2620 843 2673 τόν
870 2619 1129 2687 Χριστόν
1155 2619 1261 2673 τοῦ
1293 2618 1460 2672 Θεοῦ.

298 2711 701 2782 ’Δποτάσσομαι
729 2710 839 2782 (26)
870 2712 946 2783 τῷ
969 2712 1203 2783 Σατανᾷ,
1234 2711 1328 2764 καὶ
1358 2713 1471 2772 τοῖς
1497 2707 1677 2781 ἔργοις
1702 2708 1799 2761 αὐ-

213 2799 333 2869 τοῦ,
364 2803 460 2856 καὶ
489 2805 608 2866 ταῖς
633 2806 878 2874 πομπαῖς
906 2803 1091 2869 αὐτοῦ,
1128 2803 1222 2856 κα)¹
1252 2804 1372 2866 ταῖς
1398 2800 1671 2872 λατρείαις
1702 2800 1799 2853 αὐ-

2484 2442 2716 2502 CAPU'I‘
2756 2444 2895 2500 XLI.

1906 2540 2244 2594 Renuntiatio
2266 2538 2323 2592 in
2351 2537 2735 2660 adversaritbm,
2759 2547 2808 2592 et
2832 2540 3084 2607 ascriptio
3113 2538 3181 2593 ad
3209 2538 3480 2596 Christum

2688 2625 2756 2660 ei.

2688 2625 2756 2662 ει.

1975 2702 2315 2758 "Renuntio
2346 2701 2581 2769 Satanae,
2613 2708 2665 2757 et
2698 2701 2957 2771 operibus
2986 2702 3105 2773 ejus
3129 2744 3143 2768 ,
3185 2711 3238 2759 et
3266 2706 3481 2776 pompis

1904 2796 2043 2865 ejus,
2075 2806 2129 2850 et
2156 2794 2394 2850 cultibus
2426 2794 2569 2864 ejus,
2614 2800 2670 2848 et
2706 2793 2916 2864 angelis
2945 2793 3064 2863 ejus
3087 2834 3103 2859 ,
3149 2802 3203 2849 et
3242 2795 3479 2853 inventis

212 2892 342 2957 τοῦ,
388 2894 482 2948 κα)⁸
514 2898 623 2957 τοῖς
659 2894 910 2963 ἀγγέλοις
942 2894 1137 2962 αὐτοῦ,
1176 2896 1271 2949 καὶ
1301 2898 1419 2959 ταῖς
1452 2895 1798 2966 ἐφευρέσεσιν

1907 2888 2044 2956 eius,
2078 2902 2142 2942 ac
2164 2886 2420 2941 omnibus
2450 2901 2569 2956 quae
2602 2885 2705 2940 sub
2746 2901 2810 2939 eo
2851 2893 2999 2941 sunt.
3045 2884 3173 2941 Post
3201 2888 3478 2941 renuntia.

213 2985 404 3053 αὐτοῦ,
434 2987 529 3039 καὶ
560 2988 695 3039 πᾶσι
722 2988 835 3050 τοῖς
864 2988 955 3040 ὑπ’
991 2986 1171 3040 αὐτόν.
1202 2987 1358 3041 Μετὰ
1380 2987 1436 3040 δὲ
1473 2987 1568 3059 τὴν
1596 2988 1799 3041 ἀποτα-

1907 2982 2104 3035 tionem
2148 2994 2301 3043 vero,
2347 2978 2475 3033 dum
2521 2977 2748 3032 ascribit
2785 2993 2863 3041 se,
2902 2977 3052 3032 dicat
3088 2998 3099 3032 :
3135 2978 3200 3031 Et
3233 2980 3481 3035 ascribor

215 3079 340 3148 γὴν,
376 3079 804 3149 συντασσόμενος
830 3078 1054 3147 λεγέτω,
1083 3080 1163 3132 ὅτι
1197 3079 1290 3133 κα).
1325 3078 1690 3150 συντάσσομαι
1723 3079 1801 3151 τῷ

1907 3073 2154 3136 Christo,
2188 3083 2237 3127 et
2269 3070 2455 3136 credo,
2502 3076 2557 3124 et
2584 3069 2830 3138 baptizor
2864 3069 2918 3122 in
2954 3084 3120 3122 unum
3150 3067 3475 3140 lngenitum,

217 3168 459 3240 Χριστῷ,
493 3170 588 3249 καὶ
618 3170 880 3235 πιστεύω,
915 3171 1009 3224 καὶ
1044 3170 1377 3242 βαπτίζομαι
1409 3173 1488 3235 εἰς
1515 3171 1610 3224 ἐνα
1643 3172 1804 3241 ἀγέν-

214 3276 396 3331 νητον,
436 3260 595 3331 μόνον
625 3260 876 3331 ἀληθινὸν
914 3261 1045 3315 Θεὸν
1079 3263 1523 3335 παντοκράτορα,
1565 3267 1654 3318 τὸν
1694 3284 1800 3319 πα-

213 3346 349 3422 τέρα
368 3351 462 3404 τοῦ
484 3353 741 3423 Χριστοῦ,
767 3354 990 3425 κτίστην
1023 3356 1115 3408 καὶ
1143 3355 1468 3427 δημιουργὸν
1496 3356 1601 3409 τῶν
1632 3357 1803 3411 ἀπάν-

217 3460 346 3507 των,
378 3442 438 3508 ἐξ
464 3438 525 3497 οὗ
555 3444 622 3498 τὰ
650 3445 830 3499 πάντα
848 3462 861 3476 ·
894 3448 987 3500 καὶ
1015 3448 1094 3510 είς
1116 3447 1207 3500 τὸν
1238 3448 1439 3519 Κύριον
1475 3449 1680 3520 Ἰησοῦν
1709 3449 1798 3502 τὸν

217 3536 478 3607 Χριστὸν,
508 3536 598 3589 τὸν
633 3537 894 3609 μονογενῆ
932 3538 1096 3591 αὐτοῦ
1126 3540 1274 3601 Υίὺν,
1321 3540 1409 3593 τὸν
1458 3541 1797 3611 πρωτότοκον

218 3628 400 3697 πάσης
430 3629 659 3692 κτίσεως
678 3669 693 3692 ,
722 3630 812 3683 τὸν
842 3632 948 3702 πρὸ
976 3630 1186 3685 αἰώνων
1216 3633 1434 3703 εὐδοκία
1464 3632 1556 3685 τοῦ
1586 3632 1796 3704 Πατρὸς

217 3720 543 3792 γεννηθέντα
556 3721 602 3752 ⁷⁵
616 3720 811 3793 (27),οὐ
830 3723 1131 3787 κτισθέντα,
1146 3723 1210 3777 δι’
1231 3716 1291 3777 οὗ
1305 3724 1371 3777 τὰ
1388 3724 1563 3778 πάντα
1582 3725 1796 3797 ἐγένετο

216 3813 286 3867 τὰ
308 3815 367 3866 ἐν
388 3814 637 3885 οὐρανοῖς
663 3815 757 3868 καὶ
786 3816 876 3868 ἐπ).
907 3816 1028 3885 γῆς,
1062 3815 1233 3886 ὁρατὰ
1258 3833 1317 3868 τε
1347 3818 1441 3869 καὶ
1460 3817 1684 3887 ἀόρατα,
1705 3815 1795 3870 τὸν

216 3908 303 3959 ἐπ’
356 3906 600 3977 ἐσχάτων
648 3906 869 3977 ἡμερῶν
912 3906 1238 3962 κατελθόντα
1281 3907 1341 3974 ἐξ
1381 3908 1653 3979 οὐρανῶν,
1703 3908 1796 3961 καὶ

219 3996 399 4069 σάρκα
428 3997 785 4062 ἀναλαϐόντα,
827 3998 921 4052 καὶ
957 4000 1021 4052 ἐκ
1056 4001 1153 4071 τῆς
1184 4000 1343 4068 ἁγίας
1372 3999 1643 4072 παρθένου
1673 4001 1797 4053 Μα-

221 4089 344 4159 ρίας
390 4090 738 4161 γεννηθέντα,
795 4090 889 4143 καὶ
941 4090 1392 4162 πολιτευσάμενον
1443 4091 1604 4155 ὁσίως
1658 4088 1800 4143 κατά

290 4245 338 4277 τί
360 4246 448 4316 al.
468 4247 841 4316 ὑφερπουσῶν.

944 4249 989 4280 τ’
1012 4247 1201 4303 Matth.
1235 4265 1430 4315 xxvm,
1462 4248 1550 4304 19.

218 4321 341 4372 tero
352 4315 648 4371 cod.Vind.

1898 3167 2074 3222 solum
2109 3178 2294 3218 verum
2319 3160 2487 3216 Deum
2516 3162 2969 3230 omnipotentem,
3002 3159 3217 3214 Patrem
3250 3161 3476 3224 Christi,

1897 3265 2197 3311 creatorem
2249 3260 2412 3323 atque
2459 3250 2707 3322 opiﬁcem
2754 3250 3135 3306 universorum
3163 3293 3179 3318 ,
3248 3267 3317 3305 ex
3368 3269 3478 3322 quo

1896 3349 2113 3415 omnia;
2145 3358 2199 3402 et
2232 3346 2287 3400 in
2319 3345 2604 3399 Dominum
2633 3343 2819 3399 Jesum
2851 3342 3132 3397 Christum
3153 3384 3168 3409 ,
3219 3343 3476 3414 unigeni-

1895 3450 2009 3497 tum
2044 3440 2190 3495 illius
2222 3436 2419 3492 Filium
2444 3477 2459 3502 ,
2499 3435 2921 3507 primogenitum
2960 3436 3139 3490 omnis
3171 3445 3474 3502 creaturae,

1900 3534 1991 3604 qui
2040 3540 2166 3587 ante
2218 3530 2415 3586 saecula
2468 3528 2807 3598 beneplacito
2868 3524 3046 3581 Patris
3114 3525 3330 3597 genitus
3392 3538 3476 3584 est.

1903 3626 2034 3697 [non
2064 3622 2329 3693 creatus],
2364 3635 2463 3691 per
2491 3635 2651 3690 quem
2684 3619 2865 3672 omnia
2914 3617 3055 3672 facta
3097 3626 3227 3674 sunt
3268 3635 3391 3690 qua:
3420 3621 3473 3673 in

1900 3720 2054 3773 cwlis
2084 3725 2137 3773 et
2165 3716 2219 3771 in
2250 3724 2414 3778 terra,
2443 3711 2679 3768 visibilia
2711 3717 2763 3765 et
2795 3711 3125 3778 invisibilia;
3165 3712 3259 3782 qui
3290 3712 3344 3766 in
3374 3728 3475 3767 no-

1897 3810 2140 3866 vissimis
2173 3809 2364 3864 diebus
2394 3804 2677 3861 descendit
2703 3802 2771 3858 de
2807 3804 2984 3867 ccelis,
3028 3811 3083 3859 et
3109 3819 3336 3858 carnem
3379 3817 3473 3855 a3-

1902 3903 2152 3972 sumpsit,
2202 3916 2265 3954 ac
2308 3915 2371 3955 ex
2418 3902 2607 3953 sancta
2647 3893 2871 3965 Virgine
2928 3893 3097 3949 Maria
3153 3900 3313 3948 natus
3367 3904 3511 3955 est,‘

1902 4002 2198 4063 sancteque
2239 4007 2298 4046 se
2341 3989 2510 4060 gessit
2554 3988 2606 4041 in
2636 3986 2746 4039 vita
2779 3987 3077 4041 secundum
3112 3987 3258 4057 leges
3288 3986 3385 4042 Dei
3411 4004 3473 4040 ac

1902 4085 2081 4139 Patris
2110 4084 2227 4148 sui,
2267 4089 2320 4137 et
2359 4079 2655 4135 cruciﬁxus
2699 4087 2783 4135 est
2815 4080 2917 4134 sub
2948 4077 3145 4133 Pontio
3174 4078 3369 4136 Pilato.
3420 4088 3474 4131 ct

1639 4248 1685 4281 ⁷³
1709 4248 1746 4300 l.
1776 4245 1948 4316 lgnat.
1984 4242 2247 4312 interpol.
2278 4238 2345 4293 ad
2378 4238 2556 4308 Magn.
2588 4238 2675 4293 11.
2752 4239 2799 4269 ⁷⁸
2831 4235 2992 4291 Deest
3023 4238 3076 4290 in
3110 4236 3182 4291 al.
3215 4243 3276 4290 ut
3305 4234 3359 4289 in
3394 4236 3473 4287 al-

1533 4461 1892 4518 VARIORUM
1925 4460 2153 4517 NOTAE.

293 4605 406 4675 (20)
441 4604 979 4675 Κατηχουμένξους.-
999 4603 1163 4657 Addit
1195 4613 1422 4672 uterque
1466 4598 1587 4654 cod.
1621 4598 1785 4655 Vind.

1907 4599 1942 4651 εἰ
1971 4600 2061 4675 qui
2101 4599 2155 4651 in
2187 4598 2448 4675 occidente
2498 4606 2605 4675 (st,
2626 4667 2637 4675 _
2663 4595 2913 4667 nobisque
2951 4597 3185 4675 moritur
3205 4613 3321 4649 cum
3352 4614 3469 4666 pec-

221 4671 514 4749 μιλλοντας
548 4671 925 4749 βαπτίζεσθαι.
959 4671 1038 4728 Ιι).

295 4748 409 4817 (21)
445 4740 829 4814 Κααὶοηθειας.
870 4742 928 4817 lu
960 4743 1080 4798 cod.
1116 4741 1277 4796 Vind.
1311 4740 1487 4811 legere
1512 4746 1600 4795 est
1629 4756 1792 4793 κακο-

220 4813 400 4881 νοίας,
428 4818 617 4871 eodem
646 4831 831 4870 sensu.
870 4813 947 4868 lo.

294 4878 408 4957 (22)
462 4885 754 4957 Ἀξιῷσαι.
802 4882 1152 4957 Ριξειιιίιιίῑιιι-
1191 4880 1321 4936 huic
1350 4880 1557 4935 voculae
1598 4878 1792 4942 αὐτούς

221 4957 277 5010 in
305 4952 432 5013 cod.
476 4955 629 5010 Vind.
670 4962 833 5009 recte.
870 4952 948 5008 lo.

318 5027 410 5095 25)
463 5025 675 5095 ’Υμῶν.
724 5023 909 5095 Ἦμῶν
935 5024 986 5095 in
1018 5022 1137 5095 cod.
1166 5019 1438 5095 _Vind._ln.

317 5090 409 5166 24)
448 5090 762 5166 Πρότερον.
789 5090 908 5166 Non
936 5091 1368 5166 legitur_in__cod_.
1401 5091 1558 5145 Vind.
1592 5090 1667 5145 lo.

316 5161 408 5233 25)
463 5161 784 5234 Fruar—close.
832 5161 1010 5221 Addit’
1045 5162 1168 5217 cod.
1217 5161 1377 5217 Vind.
1424 5169 1653 5234 uterque
1700 5161 1794 5215 τοῦ

221 5233 462 5305 κατηχου
471 5236 630 5305 μένου
639 5275 652 5288 .
664 5304 669 5305 ν
679 5233 734 5288 lo
743 5275 756 5288 .

295 5300 405 5377 (2'6)
470 5300 941 5377 Ἀποτάσσομαι,
999 5311 1108 5377 etc.
1160 5302 1382 5377 Juverit
1424 5300 1674 5377 fortassis
1725 5301 1792 5355 ad

222 5372 643 5432 illustrationem
680 5372 916 5443 aliquam
959 5375 1299 5429 celeberrimi
1343 5374 1500 5437 ritus,
1534 5387 1603 5427 ex
1634 5372 1796 5425 innu-

223 5448 543 5514 merislocis
576 5445 684 5500 duo
714 5445 1026 5513 decerpere,
1044 5444 1277 5514 insignia
1306 5450 1360 5498 et
1388 5443 1593 5514 breyia,
1626 5457 1793 5495 unum

220 5510 397 5571 Graeci
424 5517 687 5577 doctoris,
714 5510 944 5570 alterum
972 5510 1177 5569 Latini.—
1200 5514 1340 5585 Ergo
1361 5510 1793 5585 apud‘Joannem

222 5588 675 5655 Chrysostomum
700 5584 887 5640 bomil.
912 5585 1002 5649 21,
1032 5585 1099 5639 ad
1117 5581 1372 5655 populum
1396 5581 1793 5655 Antipolierium

224 5656 280 5710 in
316 5652 421 5711 line
453 5657 652 5711 dicitur
695 5673 711 5711 :
762 5652 1163 5727 Ἀποτάσσομαί
1188 5652 1299 5718 σοι,
1333 5653 1571 5713 Σατανᾶ,
1607 5652 1700 5705 καὶ
1729 5654 1796 5773 ei}

224 5730 414 5773 murti
446 5744 559 5773 amr
611 5727 705 5773 καὶ
744 5729 809 5773 τῆ
853 5725 1076 5773 λατρεία
1123 5743 1238 5773 σου.
1291 5725 1384 5773 καὶ
1435 5722 1774 5773 συντάσσοιια

223 5730 416 5799 πομπῇ
446 5744 561 5799 σουὴ
611 5727 705 5799 καὶ
744 5729 810 5797 τῇ
853 5722 1078 5796 λατρεία
1123 5743 1263 5799 σουλ
1291 5725 1384 5799 καὶ
1435 5722 1774 5799 συντάσσρμα

227 5792 330 5877 σοι,
365 5792 585 5877 Χριστὲ.
624 5792 986 5877 Hieronymus
1030 5792 1158 5876 v'ero
1200 5796 1265 5874 ad
1312 5796 1469 5847 linem
1515 5792 1711 5872 capitis
1742 5807 1794 5843 γι

226 5869 395 5925 Amos
419 5864 447 5922 ἐ
497 5867 563 5922 In
602 5864 886 5940 mysteriis,
924 5868 1117 5937 inquit,
1162 5867 1391 5935 primum
1436 5864 1795 5919 renuntiamus

296 5026 315 5238 ἒ

1894 4667 2049 4731 catis,
2094 4677 2144 4721 et
2188 4669 2264 4721 sic
2293 4670 2426 4721 versi
2458 4667 2526 4720 ad
2556 4667 2839 4730 orientem,
2871 4676 3082 4733 pactum
3112 4668 3306 4720 inimus
3351 4684 3469 4720 cum

1895 4738 2326 4807 Solejustititem
2345 4741 2390 4793 ei
2408 4738 2693 4791 servituros
2718 4753 2809 4789 nos
2833 4753 2943 4789 esse
2957 4737 3467 4804 promittimus,cum

1894 4810 2101 4897 quibus
2124 4808 2454 4897 Hieronymi
2470 4808 2940 4897 ei)nll"erri‘dclicnt
2968 4807 3297 4897 quae—liaobet‘
3309 4808 3470 4897 lsaac

1893 4876 2230 4945 Catholicus,
2260 4876 2527 4932 Inrectiva
2561 4876 2579 4928 Ι
2612 4878 2662 4930 in
2694 4877 2999 4937 Armenios,
3030 4890 3146 4944 cap.
3175 4876 3226 4930 8.
3257 4876 3394 4933 CO'r.

1968 4949 2077 5019 (27)
2121 4951 2202 5002 Οὐ
2230 4948 2559 5019 κτισθέντα.
2597 4946 2821 5019 Videtur
2841 4964 2871 5001 e
2901 4947 3145 5019 margine
3168 4948 3469 5019 irrepsisse

1896 5021 1950 5074 in
1978 5016 2213 5074 textum.
2247 5018 2434 5088 Legito
2467 5033 2585 5087 quae
2618 5018 2820 5071 notabo
2852 5016 2917 5069 ad
2951 5016 3219 5086 Recognit.
3240 5018 3345 5088 lib.
3381 5033 3466 5082 ιιι,

1895 5106 2015 5159 cap.
2048 5090 2101 5143 8.
2135 5088 2290 5155 Quod
2325 5086 2505 5143 autem
2531 5089 2775 5159 solerent,
2799 5088 3109 5159 baptizandi
3140 5086 3372 5159 recitare
3403 5104 3467 5142 ac
3512 5120 3517 5127 ι

1897 5158 2123 5215 reddere
2157 5159 2494 5229 Symbolum,
2532 5174 2617 5213 res
2651 5165 2736 5212 est
2766 5158 2931 5229 longe
2958 5158 3243 5229 notissima
3276 5174 3339 5210 ex
3374 5172 3469 5210 ca-

1896 5230 2153 5290 nonibus,
2200 5226 2495 5287 'Patribus,
2552 5236 2605 5284 et
2653 5229 2855 5281 rituum
2904 5228 3076 5283 libris.
3114 5226 3282 5280 Paulo
3340 5234 3508 5281 ante

1897 5301 2099 5355 citatus
2128 5300 2274 5368 Isaac
2310 5318 2322 5353 :
2365 5300 2421 5351 Ὀ
2455 5299 2686 5368 Χριστὸς
2717 5297 2777 5350 τὸ
2797 5296 3076 5368 Σύμϐολον
3103 5298 3202 5368 τῆς
3234 5297 3469 5368 πίστεως

1896 5370 2002 5422 τῶν
2032 5377 2135 5441 τιη’
2156 5362 2322 5441 ἁγίων
2358 5362 2605 5441 πατέρων
2635 5370 2734 5421 οὐκ
2771 5362 2895 5441 εἶπε
2927 5368 3132 5441 palm}
3160 5362 3468 5441 Barc'rtqilﬁf

1897 5457 2011 5493 ναι·
2044 5435 2162 5511 μηδ’
2186 5435 2335 5511 αὐτοὶ
2356 5435 2779 5511 ῥμρλόγήσωσιν.
2818 5435 3061 5511 Auctarii
3081 5435 3465 5511 Cpnglyelisiani

1898 5504 2118 5565 tomfll.
2150 5510 2255 5563 col.
2276 5504 2403 5563 558.
2426 5508 2500 5562 lo.
2523 5504 2658 5562 -'—-'ln
2681 5509 3017 5563 accuratiore
3034 5506 3158 5560 cod.
3186 5504 3468 5559 Vindoboo

1898 5582 2055 5635 nensi
2099 5596 2199 5634 xm
2242 5581 2441 5634 saeculo
2481 5581 2687 5649 scripto
2732 5580 2986 5647 leguntur
3016 5578 3129 5630 base
3163 5577 3359 5641 verba;
3409 5575 3464 5629 in

1900 5652 2072 5704 altero
2100 5651 2426 5719 antiquiore,
2456 5651 2549 5705 sed
2582 5651 2762 5703 minus
2790 5655 3066 5719 accurato,
3103 5662 3212 5719 non
3244 5659 3464 5719 compa-
3505 5673 3508 5676 ~

1900 5730 2037 5776 rcnt.
2070 5714 2336 5775 Videntur
2355 5721 2642 5774 orthodoxi
2668 5718 2894 5778 librarii,
2923 5726 3016 5770 aut
3044 5717 3219 5771 critici
3251 5714 3465 5768 Ariani-

1900 5808 1993 5843 cas
2022 5792 2306 5860 opiniones
2328 5790 2456 5843 hinc
2489 5791 2678 5844 tollere
2706 5789 2961 5860 voluisse.
2993 5787 3192 5843 additis
3220 5791 3313 5841 aut
3345 5800 3463 5839 mu-

1901 5863 2029 5918 tatis
2060 5858 2264 5929 rerbis,
2304 5868 2462 5923 prout
2493 5861 2796 5917 videbatur.
2828 5858 2999 5915 CLea.
