3886 6190
403 323 547 381 1M3

1288 322 1344 377 S.
1379 321 1771 378 CLEMENTIS
1802 323 1820 377 Ι
1853 321 2019 379 ΒΟΜ.
2050 321 2251 379 ΡΟΝΤ.
2284 318 2513 377 OPERA
2547 321 2773 377 DUBIA.

3521 322 3667 376 ωδε

399 444 653 491 mortuus
690 441 776 489 est
818 449 919 505 pro
960 435 1153 500 nobis;
1198 443 1253 489 et
1296 444 1588 505 postquam
1629 453 1825 507 passus
1871 446 1975 502 est,

2093 439 2205 500 τοὺς
2239 437 2435 507 νόμους
2463 435 2557 489 τοῦ
2593 434 2729 488 Θεοῦ
2760 434 2854 488 καὶ
2890 433 3103 505 Πατρὸς
3133 429 3330 494 αὐτοῦ,
3372 434 3466 485 καὶ
3508 451 3670 486 σταυ-

397 528 559 583 tertia
589 525 680 582 die
708 528 1011 582 resurrexit
1043 540 1073 579 a
1103 528 1375 593 mortuis;
1417 530 1665 583 ascendit
1700 529 1767 583 ad
1791 530 1984 597 cmlos,

398 628 454 675 et
484 619 637 675 sedet
663 619 731 674 ad
758 618 1040 675 dexteram
1069 616 1274 681 Patris.
1303 626 1357 675 et
1380 621 1580 675 iterum
1612 630 1876 677 venturus
1902 630 1987 677 est

400 710 457 765 in
489 712 962 772 consummatione
985 712 1173 766 saeculi
1200 726 1327 766 cum
1353 713 1547 783 gloria,
1570 714 1636 768 ad
1659 713 1987 783 judicandos

399 803 555 859 vivos
585 818 650 859 ac
678 809 949 868 mortuos,
976 804 1138 874 cujus
1163 806 1317 875 regni
1340 822 1452 860 non
1473 808 1578 861 erit
1602 806 1725 861 finis
1760 824 1773 859 :
1808 807 1988 877 bapti-

400 909 497 949 ιον
523 895 687 951 etiam
717 895 773 950 in
807 895 1074 966 Spiritum
1103 905 1381 961 sanctum,
1416 897 1471 952 id
1502 906 1587 954 est
1615 896 1982 962 Paracletum,

400 988 497 1058 qui
531 986 769 1058 Spiritus
790 994 1050 1058 operatus
1068 994 1154 1043 est
1176 988 1230 1042 in
1252 988 1507 1043 omnibus
1529 989 1598 1042 ab
1620 989 1777 1043 initio
1799 990 1985 1043 mundi

401 1080 612 1136 sanctis
631 1119 647 1143 ,
682 1086 872 1150 postea
902 1094 1035 1134 vero
1065 1079 1271 1135 missus
1302 1094 1523 1150 quoque
1551 1088 1635 1136 est
1664 1082 1925 1151 apostolis
1955 1096 1986 1134 a

401 1170 585 1236 Patre,
630 1171 935 1227 secundum
980 1172 1404 1242 promissionem
1460 1169 1761 1227 Salvatoris
1810 1173 1986 1227 nostri

402 1263 619 1320 Domini
648 1262 778 1319 Jesu
810 1263 1038 1329 Christi,
1072 1271 1127 1320 et
1160 1272 1283 1334 post
1315 1264 1597 1335 apostolos
1621 1265 1786 1319 etiam
1812 1267 1987 1320 omni-

401 1356 529 1421 bus,
574 1357 669 1428 qui
710 1358 769 1412 in
809 1362 1003 1412 sancta
1044 1356 1311 1411 catholica
1363 1356 1607 1413 Ecclesia
1654 1356 1885 1412 credunt
1930 1359 1985 1413 in

401 1450 589 1505 carnis
614 1449 1095 1515 resurrectionem,
1119 1448 1175 1503 in
1197 1447 1581 1505 remissionem
1610 1457 1983 1519 peccatorum,

401 1542 458 1597 in
491 1557 720 1613 regnum
749 1541 1041 1605 calorum,
1066 1548 1121 1595 et
1146 1541 1201 1595 in
1224 1541 1389 1596 vitam
1421 1540 1591 1595 futuri
1624 1542 1829 1596 saeculi.
1855 1539 1986 1597 Post

402 1635 545 1689 hanc
581 1643 764 1690 autem
799 1633 1221 1705 professionem,
1253 1631 1446 1689 ordine
1470 1634 1619 1689 venit
1643 1636 1710 1689 ad
1740 1634 1846 1690 olei
1883 1650 1986 1688 un-

401 1726 660 1782 ctionem.

2089 529 2331 600 ρωθέντα
2362 529 2453 580 ἐπὶ
2484 528 2708 580 Ποντίου
2739 526 2993 589 Πιλάτου,
3031 526 3125 579 καὶ
3158 524 3492 577 ἀποθανόντα
3533 526 3678 597 ὑπὲρ

2087 619 2265 690 ἡμῶν,
2298 621 2391 673 καὶ
2419 619 2727 672 ἀναστάντα
2767 620 2831 671 ἐκ
2868 617 3077 689 νεκρῶν
3110 616 3248 687 μετά
3284 617 3345 669 τὸ
3380 616 3580 669 παθεῖν
3612 620 3677 687 τῇ

2086 712 2247 784 τρίτῃ
2275 712 2477 782 ἡμέρα,
2508 711 2603 764 καὶ
2639 709 2929 763 ἀνελθόντα
2968 712 3048 771 εἰς
3083 710 3210 771 τοὺς
3244 708 3543 777 οὐρανοὺς,
3586 708 3679 761 καὶ

2088 802 2422 856 καθεσθέντα
2446 804 2504 855 ἐν
2526 802 2676 873 δεξιᾷ
2702 801 2795 855 τοῦ
2817 800 3050 873 Πατρὸς,
3074 800 3167 852 καὶ
3193 799 3352 852 πάλιν
3376 799 3677 869 ἐρχόμενον

2086 897 2180 949 ἐπὶ
2210 896 2490 967 συντελείᾳ
2515 896 2610 949 τοῦ
2642 894 2836 957 αἰῶνος
2878 893 3016 965 μετά
3056 890 3213 962 δόξης
3252 894 3429 961 κρῖναι
3461 891 3680 955 ζῶντας

2087 990 2181 1043 καὶ
2223 991 2475 1060 νεκροὺς,
2508 982 2570 1041 οὐ
2606 988 2705 1059 τῆς
2735 987 3011 1057 βασιλείας
3038 986 3139 1038 οὐκ
3175 984 3327 1037 ἔσται
3353 983 3508 1046 τέλος
3531 1000 3547 1014 ·
3580 983 3679 1053 βας

2088 1082 2350 1152 πτίζομαι
2381 1083 2475 1135 καὶ
2507 1084 2587 1144 είς
2614 1082 2674 1133 τὸ
2712 1080 2937 1150 Πνεῦμα
2974 1079 3037 1131 τὸ
3072 1078 3250 1146 ἆγιον,
3288 1076 3537 1129 τουτέστι
3585 1074 3681 1128 τὸν

2088 1174 2465 1247 Παράκλητον,
2504 1172 2567 1227 τὸ
2596 1172 2899 1243 ἐνεργῆσαν
2928 1173 2984 1223 ἐν
3013 1171 3181 1222 πᾶσιν
3215 1171 3328 1230 τοῖς
3356 1168 3452 1221 ἀπ’
3481 1166 3681 1229 αἰῶνος

2087 1268 2283 1337 ἁγίοις,
2298 1266 2424 1319 ὖστε
2432 1284 2523 1338 ρον
2538 1266 2595 1319 δὲ
2612 1264 2914 1319 ἀποπαλέν
2936 1263 3153 1325 καὶτοῖς
3167 1259 3484 1321 ἀποστόλοις
3502 1259 3618 1329 (28)
3630 1258 3678 1289 τ’

2088 1358 2239 1431 παρὰ
2266 1354 2360 1412 τοῦ
2392 1357 2604 1429 Πατρός
2632 1356 2777 1411 κατά
2802 1356 2907 1427 τὴν
2933 1353 3261 1422 ἐπαγγελίαν
3290 1350 3381 1404 τοῦ
3419 1351 3676 1420 Σωτῆρος

2086 1451 2241 1522 ἡμῶν
2280 1452 2485 1523 Κυρίου
2541 1449 2716 1521 Ἰησοῦ
2754 1446 3027 1520 Χριστοῦ,
3067 1446 3161 1500 καὶ
3198 1445 3335 1516 μετὰ
3369 1446 3497 1506 τοὺς
3537 1444 3674 1496 ἀπο-

2088 1544 2305 1605 στόλους
2325 1542 2382 1596 δέ
2404 1544 2535 1596 πᾶσι
2562 1544 2675 1604 τοὶς
2699 1538 3063 1604 πιστεύουσιν,
3087 1539 3145 1590 ἐν
3164 1540 3230 1607 τῇ
3257 1535 3385 1607 ἁγία
3409 1532 3676 1601 καθολικξι

2102 1636 2398 1707 Ἐκκλησία
2426 1635 2559 1705 (29),
2599 1636 2679 1697 είς
2723 1634 2925 1704 σαρκὸς
2963 1632 3258 1685 ἀνάστασιν
3290 1628 3423 1700 ('50),
3465 1627 3565 1681 κα)⁸
3597 1625 3679 1686 εις

2088 1728 2281 1797 ἄφεσιν
2312 1727 2615 1800 ἁμαρτιῶν,
2647 1727 2740 1780 καὶ
2771 1728 2852 1789 εἰς
2884 1724 3156 1795 βασιλείαν
3179 1721 3445 1794 οὐρανῶν,
3472 1719 3571 1773 καὶ
3598 1718 3678 1777 εις

403 1819 547 1890 ζωὴν
574 1821 667 1875 τοῦ
692 1821 971 1893 μέλλοντος
994 1820 1209 1884 αἰῶνος.
1239 1821 1350 1876 Καὶ
1394 1820 1531 1892 μετά
1560 1820 1658 1893 τὴν
1712 1821 2047 1890 ἐπαγγελίαν
2086 1822 2310 1894 ταύτην,
2359 1824 2480 1877 κατ’
2527 1820 2853 1876 ἀκολουθίαν
2902 1819 3120 1891 ἔρχεται
3164 1818 3259 1873 καὶ
3303 1819 3383 1880 είς
3428 1814 3532 1887 τὴν
3580 1809 3679 1866 ωδ

402 1912 581 1967 ἐλαίου
609 1913 807 1984 χρίσιν.

967 2004 1197 2061 CAPUT
1239 2003 1398 2059 XLII.

581 2098 659 2154 De
686 2099 933 2153 unctione
956 2100 1166 2170 mystici
1193 2100 1292 2153 olei
1322 2099 1459 2152 actio
1487 2098 1807 2167 gratiarum.

472 2191 824 2248 Benedicitur
851 2200 1033 2247 autem
1060 2192 1161 2245 hoc
1190 2206 1219 2244 a
1248 2189 1501 2260 pontifice
1525 2191 1578 2243 in
1604 2189 1983 2245 remissionem

404 2291 776 2356 peccatorum,
825 2292 881 2339 et
922 2283 1374 2354 praeparationem
1405 2283 1680 2352 baptismi.
1713 2281 1805 2337 Sic
1836 2282 1980 2337 enim

405 2379 626 2435 invocat
674 2378 978 2449 ingenitum
1027 2377 1232 2441 Deum,
1274 2375 1489 2431 Patrem
1532 2377 1757 2441 Christi,
1802 2390 1984 2447 regem

404 2470 585 2525 omnis
637 2479 848 2524 naturae
895 2470 952 2524 in
1012 2484 1233 2524 sensum
1294 2484 1359 2524 ac
1417 2470 1827 2540 intelligentiam
1893 2485 1987 2524 ca-

404 2562 627 2629 dentis;
670 2569 731 2616 ut
777 2562 1081 2617 sanctilicet
1116 2561 1296 2616 oleum
1327 2561 1548 2616 nomine
1592 2561 1802 2615 Domini
1832 2559 1983 2623 Jesu,

403 2663 460 2708 et
500 2654 593 2709 det
639 2654 873 2724 gratiam
917 2654 1281 2723 spiritualem,
1330 2663 1383 2708 et
1424 2654 1532 2708 vim
1578 2653 1872 2710 efficacem.
1923 2668 1985 2707 ac

406 2746 788 2804 remissionem
814 2746 1161 2809 delictorum,
1189 2754 1351 2817 atque
1376 2746 1828 2817 praeparationem
1854 2760 1987 2798 con-

406 2837 668 2895 fessionis
697 2839 989 2909 baptismi;
1026 2846 1086 2892 ut
1117 2837 1163 2894 is
1191 2838 1283 2908 qui
1311 2840 1557 2909 ungitur,
1598 2840 1809 2894 solutus
1837 2837 1986 2891 omni

406 2928 718 3000 impietate,
762 2930 855 2984 ﬁat
882 2930 1081 3001 dignus
1112 2930 1419 2985 initiatione
1451 2932 1753 2986 secundum
1788 2928 1986 3000 Unige-

405 3024 506 3078 niti
539 3034 891 3094 praeceptum.

972 3116 1203 3173 CAPUT
1240 3116 1423 3172 XLIII.

694 3209 1005 3263 Gratiarum
1036 3212 1175 3263 actio
1200 3210 1263 3264 de
1294 3211 1516 3280 mystica
1545 3227 1704 3281 aqua.

478 3299 682 3356 Deinde
709 3302 859 3356 venit
900 3301 968 3355 ad
998 3317 1217 3373 aquam.
1250 3300 1521 3357 Sacerdos
1553 3310 1733 3357 autem
1766 3303 1988 3359 benedi-

408 3389 485 3446 cit
511 3406 575 3447 ac
606 3392 792 3447 laudat
834 3392 1126 3448 Dominum
1166 3393 1337 3449 Deum
1379 3394 1805 3464 omnipotentem
1830 3434 1845 3459 ,
1886 3394 1989 3448 Pa-

409 3491 548 3539 trem
572 3483 848 3555 Unigeniti
871 3485 985 3551 Dei,
1006 3493 1061 3541 et
1083 3488 1289 3557 gratias
1309 3487 1446 3556 agit;
1470 3487 1597 3556 quia
1620 3487 1767 3541 misit
1789 3485 1987 3541 Filium

410 3590 591 3639 suum,
614 3577 707 3646 qui
733 3576 898 3631 homo
926 3576 1079 3632 fleret
1107 3586 1330 3647 propter
1356 3594 1477 3640 nos,
1505 3587 1565 3632 ut
1588 3595 1689 3635 nos
1716 3580 1985 3647 salvaret;

407 3666 538 3737 quia
561 3667 824 3723 sustinuit
848 3676 907 3722 ut
925 3669 1015 3724 ille
1036 3670 1088 3723 in
1108 3667 1489 3725 lncarnatione
1512 3670 1662 3726 fieret
1684 3687 1781 3742 per
1802 3673 1985 3727 omnia

409 3758 689 3824 obediens,
709 3761 1031 3829 praedicaret
1051 3778 1275 3832 regnum
1298 3764 1586 3828 caelorum,
1607 3767 1983 3820 remissionem

409 3860 780 3920 peccatorum,
834 3860 1174 3907 mortuorum
1226 3856 1707 3911 resurrectionem.
1749 3857 1829 3911 Ad
1872 3858 1986 3911 haec

408 3942 595 3996 adorat
630 3942 810 4013 ipsum
844 3944 1182 4015 unigenitum
1219 3945 1388 4002 Deum
1421 3956 1543 4018 post
1587 3964 1710 4003 eum
1732 3988 1747 4013 ,
1791 3958 1846 4004 et
1893 3966 1988 4019 per

408 4032 561 4086 illum
612 4035 820 4102 gratias
868 4036 996 4091 huic
1044 4052 1232 4107 agens,
1282 4041 1429 4109 quod
1472 4042 1563 4095 ille
1609 4048 1839 4095 mortem
1888 4056 1988 4111 pro

407 4125 665 4181 omnibus
692 4142 789 4197 per
814 4143 1031 4184 crucem
1063 4131 1314 4198 subierit,
1346 4134 1504 4203 cujus
1533 4137 1724 4190 mortis
1758 4133 1984 4205 figuram

408 4207 557 4271 dedit
585 4218 916 4288 baptismum
945 4225 1395 4293 regenerationis.
1428 4226 1637 4283 Laudat
1662 4228 1826 4283 etiam
1857 4230 1985 4299 quia

409 4308 465 4361 in
511 4311 1004 4381 nomine-Christi,
1043 4314 1187 4371 Deus
1231 4328 1555 4374 cunctorum
1605 4320 1891 4386 Dominus,
1930 4321 1985 4374 in

410 4402 616 4470 Spiritu
662 4413 855 4461 sancto
898 4422 1009 4461 non
1053 4409 1257 4479 abjecit
1293 4411 1591 4467 humanum
1637 4414 1983 4486 genus;-sed

407 4496 576 4552 variis
615 4499 953 4569 temporibus
991 4503 1200 4556 variam
1245 4505 1646 4575 providentiam
1695 4508 1979 4564 adhibuit:

549 4656 596 4687 "
618 4657 687 4711 aI.
716 4657 1011 4730 διιὼήμίν.
1090 4661 1136 4694 ⁷⁸
1162 4660 1200 4715 f.
1233 4661 1344 4713 τόν.

2599 2008 2993 2064 ΚΕΦΑΛΑΙΟΝ
3012 2007 3159 2061 ΜΒν.

2019 2116 2062 2171 Β
2092 2105 2233 2173 Περὶ
2259 2105 2587 2174 χρίσματος
2614 2102 2720 2156 τοῦ
2744 2100 3040 2171 μυστικοῦ
3068 2098 3276 2152 ἐλαίου
3300 2095 3675 2165 εὐχαριστία.

2161 2197 2471 2265 Εὐλογεῖται
2497 2195 2553 2247 δὲ
2579 2194 2739 2247 τοῦτο
2772 2193 2921 2263 παρὰ
2938 2192 3032 2245 τοῦ
3055 2190 3357 2261 ἀρχιερέως
3379 2192 3461 2251 είς
3482 2189 3677 2255 ἄφεσιν

2090 2288 2394 2361 ἁμαρτιῶν,
2454 2288 2549 2344 καὶ
2611 2284 3062 2359 προκατασκευὴν
3115 2282 3209 2335 τοῦ
3275 2281 3665 2352 βαπτίσματος.

2104 2383 2467 2437 Ἑπικαλεῖται
2492 2380 2603 2453 γάρ
2630 2380 2774 2434 οὕτω
2800 2380 2913 2451 (51)
2941 2378 3033 2431 τὸν
3070 2376 3365 2447 ἀγέννητον
3399 2374 3556 2437 Θεὸν,
3582 2373 3672 2425 τὸν

2089 2476 2308 2548 Πατέρα
2347 2475 2442 2529 τοῦ
2483 2474 2750 2547 Χριστοῦ,
2793 2472 2884 2525 τὸν
2932 2469 3156 2541 βασιλέα
3193 2468 3374 2539 πάσης
3409 2465 3669 2537 αἰσθητῆς

2089 2571 2183 2623 καὶ
2209 2569 2405 2640 νοητῆς
2436 2568 2669 2637 φύσεως,
2701 2566 2789 2619 ἵνα
2824 2563 3029 2637 ἁγιάσῃ
3055 2562 3115 2615 τὺ
3145 2562 3323 2614 ἔλαιον
3347 2559 3423 2629 τῷ
3450 2558 3669 2627 ὀνόματι

2087 2659 2181 2713 τοῦ
2212 2660 2418 2732 Κυρίου
2455 2658 2648 2731 Ἰησοῦ,
2671 2658 2766 2711 καὶ
2794 2656 2944 2729 δώσῃ
2968 2657 3126 2727 χάριν
3151 2652 3551 2725 πνευματικὴν,
3579 2651 3667 2703 καὶ

2088 2754 2314 2824 δύναμιν
2346 2752 2727 2823 ἐνεργητικὴν,
2771 2750 2966 2818 ἄφεσίν
2993 2766 3052 2800 τε
3082 2745 3384 2819 ἁμαρτιῶν,
3415 2745 3510 2797 καὶ
3538 2758 3667 2812 προ-

2090 2845 2443 2918 παρασκευὴν
2461 2842 2750 2915 ὁμολογίας
2772 2840 3166 2912 βαπτίσματος,
3183 2839 3325 2893 ὥστε
3344 2837 3435 2890 τὸν
3456 2834 3666 2907 χριόμε-

2089 2936 2541 2996 ωννὰπολυθέντα
2570 2934 2751 3006 πάσης
2788 2932 3062 2997 ἀσεϐείας,
3102 2931 3251 2995 ἀξιον
3290 2929 3546 2999 γενέσθαι
3576 2926 3666 2996 τῆς

2093 3030 2343 3101 μυήσεως
2372 3028 2490 3081 κατ’
2518 3027 2739 3098 ἐντολὴν
2766 3025 2861 3078 τοῦ
2889 3021 3250 3092 Μονογενοῦς.

2596 3118 2987 3172 ΚΕΦΑΛᾹΙΟΝ
3022 3116 3155 3170 Ml".

2254 3214 2393 3282 Περὶ
2426 3213 2530 3267 τοῦ
2553 3211 2851 3283 μυστικοῦ
2881 3211 3099 3276 ὕδατος
3125 3207 3507 3277 εὐχαριστία.

2160 3303 2291 3360 Εἶτα
2319 3308 2536 3379 ἔρχεται
2565 3308 2644 3369 εἰς
2680 3305 2741 3357 τὸ
2775 3303 2939 3375 ὕδωρ.
2974 3302 3201 3371 Εὐλογεῖ
3228 3302 3321 3354 καὶ
3345 3298 3560 3363 δοξάζει
3584 3295 3669 3349 τὸν

2091 3400 2367 3471 Δεσπότην
2412 3398 2544 3452 Θεὸν
2582 3397 2673 3451 τὸν
2707 3396 3146 3467 παντοκράτορα,
3183 3393 3275 3447 τὸν
3312 3392 3539 3461 Πατέρα
3579 3386 3665 3440 τοῦ

2089 3492 2425 3562 Μονογενοῦς
2468 3490 2604 3545 Θεοῦ
2648 3490 2781 3562 (52),
2834 3487 3191 3561 εὐχαριστῶν,
3240 3488 3269 3539 ό
3320 3483 3538 3554 ἱερεύς·
3590 3482 3667 3533 ὅτι

2091 3586 2406 3641 ἀπέστειλεν
2444 3583 2857 3655 ἐνανθρωπῆσαι
2894 3582 2985 3633 τὸν
3026 3580 3154 3633 Υίὸν
3201 3576 3365 3631 αὐτοῦ
3403 3575 3476 3627 δι’
3508 3574 3662 3644 ἡμᾶς,

2092 3680 2179 3734 ἴνα
2212 3682 2359 3751 ἡμᾶς
2396 3677 2546 3751 σώσῃ
2570 3694 2583 3706 ·
2633 3677 2714 3728 ὅτι
2758 3675 3016 3745 ἠνέσχετο
3057 3673 3155 3743 τῆς
3208 3668 3665 3740 ἐνανθρωπήσεως

2091 3774 2329 3845 ὑπήκοον
2357 3772 2517 3826 αὐτὸν
2546 3768 2797 3839 γενέσθαι
2830 3770 2888 3821 ἐν
2931 3768 3095 3829 πᾶσι,
3134 3762 3367 3836 κηρύξαι
3398 3757 3663 3832 βασιλειαν

2087 3864 2353 3937 οὐρανῶν,
2381 3865 2571 3932 ἄφεσιν
2606 3860 2916 3933 ἁμαρτιῶν,
2948 3856 3157 3929 νεκρῶν
3190 3855 3509 3909 ἀνάστασιν.
3554 3850 3665 3903 Ἐπὶ

2086 3959 2297 4021 τούτοις
2325 3956 2617 4027 προσκυνεῖ
2648 3953 2806 4007 αὐτὸν
2834 3952 2923 4004 τὸν
2963 3948 3223 4021 μονογενῆ
3254 3945 3385 3999 Θεὸν
3430 3946 3545 4016 μετ’
3572 3943 3664 3995 αὐ-

2088 4052 2199 4114 τὸν,
2230 4049 2324 4105 καὶ
2348 4048 2414 4101 δι’
2447 4047 2605 4101 αὐτὸν
2634 4042 2969 4116 εὐχαριστῶν
3006 4040 3172 4111 αὐτῷ,
3202 4038 3279 4109 τῷ
3314 4034 3661 4101 ἀναδέξασθαι

2089 4142 2249 4195 αὐτὸν
2275 4140 2385 4198 τῶν
2401 4140 2447 4173 ⁷⁸
2475 4139 2615 4209 ὑπὲρ
2643 4138 2859 4190 πάντων
2896 4134 3123 4188 θάνατον
3154 4132 3240 4185 διὰ
3271 4129 3367 4184 τοῦ
3412 4125 3657 4198 σταυροῦ,

2085 4228 2147 4288 οὐ
2179 4234 2346 4288 τύπον
2378 4233 2542 4287 ἔδωκε
2573 4231 2635 4284 τὸ
2667 4231 2947 4301 βάπτισμα
2973 4229 3073 4298 τῆς
3106 4224 3547 4293 παλιγγενεσίας.
3575 4222 3660 4271 Δο-

2089 4326 2238 4392 ξάζει
2264 4344 2325 4380 τε
2352 4327 2435 4379 ὄτι
2465 4326 2523 4378 ἐν
2558 4323 2636 4395 τῷ
2666 4323 2890 4393 ὀνόματι
2918 4319 3015 4373 τοῦ
3050 4316 3311 4390 Χριστοῦ,
3344 4315 3481 4378 Θεὸς
3512 4316 3539 4365 ὁ
3562 4310 3664 4362 τῶν

2084 4420 2221 4473 ὅλων
2253 4418 2475 4489 Κύριος,
2498 4418 2555 4468 ἐν
2584 4415 2722 4485 ἁγίῳ
2751 4412 3029 4483 Πνεύματι
3057 4412 3159 4463 οὐκ
3179 4406 3456 4479 ἀπέρριψε
3481 4406 3539 4457 τὸ
3560 4400 3655 4454 τῶν

2086 4510 2387 4583 ἀνθρώπων
2422 4510 2599 4578 γένος,
2646 4506 2781 4561 ἀλλά
2809 4504 3084 4577 διαφόροις
3128 4502 3340 4573 καιροῖς
3384 4495 3655 4566 διαφόρους

1728 4817 2089 4873 VARIORUM
2124 4816 2353 4873 NOTAE.

501 4998 590 5067 28)
634 4998 759 5064 Τοῖς
785 5000 1168 5065 ἀποστόλοις.
1207 4998 1366 5054 Deest
1392 4998 1448 5051 in
1491 4998 1668 5051 altero
1702 4997 1824 5052 cod.
1852 4997 1983 5051 Vin-

2093 5015 2138 5067 p.
2179 4997 2299 5059 I26,
2333 4997 2423 5067 Α.)
2478 4993 2611 5067 Qum
2642 4996 2786 5050 enim
2825 4995 3136 5067 laudantur,
3171 4994 3305 5067 hinc,
3342 4994 3429 5048 ἵνα
3455 4995 3542 5047 καὶ
3564 4991 3650 5067 τῂν

405 5068 610 5124 dobon.
638 5068 805 5123 CLER.

479 5140 591 5211 (29)
628 5140 931 5209 Καθολικῇ
973 5139 1321 5207 Ἑκκλησίᾳ.
1354 5139 1985 5211 Satisconslataposto-

398 5208 583 5277 dorum
617 5225 732 5264 aevo
763 5212 1021 5265 usitatum
1048 5227 1155 5265 non
1189 5211 1356 5264 fuisse
1381 5211 1482 5263 hoc
1504 5208 1756 5278 loquendi
1788 5224 1980 5275 genus.

392 5281 559 5352 ‘Alter
588 5281 759 5352 codex
796 5280 957 5335 habet
996 5298 1094 5350 pro
1125 5280 1405 5352 καθολικῇγ
1432 5295 1586 5335 voces
1619 5280 1711 5352 κιο
1749 5280 1982 5352 ἀποστο-

403 5350 552 5423 λικῇ.
592 5350 698 5423 Sed
735 5366 835 5405 nec
868 5348 1102 5423 apostoli
1138 5352 1242 5421 ipsi
1278 5348 1527 5405 solebant
1556 5350 1641 5406 sui
1672 5348 1769 5423 {nvi
1803 5348 1984 5423 Eccle-

404 5420 544 5476 siam
573 5422 654 5477 sic
686 5420 919 5477 vocare.‘
954 5424 1028 5475 Ita
1065 5420 1244 5476 locuta
1278 5428 1405 5475 sunt
1439 5420 1722 5490 sequentia
1758 5421 1977 5473 saecula.

406 5494 483 5548 In.

479 5561 589 5632 (50)
613 5565 716 5629 Εις
731 5563 956 5632 σαρκὸς
975 5561 1328 5616 ἀνάστασιν.
1352 5558 1577 5615 Frustra
1598 5561 1794 5632 asserit
1814 5559 1979 5615 Fran-

406 5631 925 5701 ciscusﬁ'l‘urrianus
959 5633 1265 5701 respexisse
1295 5632 1361 5685 ad
1395 5632 1507 5685 haec
1545 5633 1708 5686 verba
1735 5631 1977 5700 Sophro-

406 5702 558 5773 nium
578 5700 1128 5773 Hierosolymitanum
1146 5743 1160 5759 .
1192 5702 1244 5756 in
1268 5702 1497 5773 epistola
1520 5701 1609 5755 illa
1629 5716 1726 5756 sua
1747 5717 1867 5771 quas
1892 5718 1976 5756 re-

410 5770 581 5842 fertur
592 5772 806 5842 a_ctione
821 5770 869 5825 ait
901 5782 1075 5842 sextae
1087 5770 1407 5842 synodi,’ubi
1424 5772 1973 5842 aliquemsapientum

408 5836 560 5893 citat.
580 5837 871 5908 (Editionis
896 5836 1135 5898 Binianai
1159 5859 1285 5900 ann.
1314 5840 1470 5911 I6I8,
1496 5836 1629 5898 tom.
1650 5836 1748 5911 III;
1766 5850 1909 5915 part.
1934 5860 1975 5911 ι,

370 6066 434 6100 Δ
498 6076 519 6099 ι

2086 5061 2287 5121 εἰκόναι
2310 5064 2487 5137 etiam,
2525 5066 2620 5118 καὶ
2646 5067 2745 5136 τὴν
2776 5065 2955 5137 σάρκα
2978 5066 3333 5137 ἀθεινιιτίιτῃζ
3361 5061 3646 5137 exstantia

2085 5137 2348 5206 Gregorio
2374 5129 2719 5191 Nazianzeno
2751 5129 2893 5190 orat.
2933 5134 3023 5201 58,
3053 5151 3107 5206 p.
3144 5129 3364 5198 620,0;
3398 5142 3534 5188 orat.
3567 5129 3644 5195 Β,

2086 5224 2139 5262 ι).
2172 5207 2300 5262 682.
2325 5207 2385 5261 C.
2420 5207 2558 5261 Cor.

2128 5250 2139 5262 .
2172 5222 2300 5267 052,
2325 5222 2385 5261 υ.
2420 5222 2558 5261 υοτ.

2085 5224 2139 5278 p.
2172 5224 2300 5267 052,
2325 5224 2385 5261 υ.
2420 5224 2558 5261 υοτ.

2158 5278 2274 5349 (51)
2310 5278 2509 5349 Οὕτω.
2544 5277 2696 5333 Alter
2740 5277 2912 5349 codex
2945 5268 3129 5349 οὗτος.
3166 5274 3322 5349 Quod
3356 5275 3597 5349 sequitur
3620 5268 3647 5320 ό

2084 5345 2379 5420 ἀγέννητὸς
2411 5348 2543 5420 Θεός
2572 5357 2655 5403 est
2683 5347 2846 5420 etiam
2876 5348 3135 5417 loquendi
3161 5346 3404 5420 formula
3436 5345 3647 5398 Ariano-

2085 5416 2227 5482 rum,
2262 5416 2837 5489 quiamvisjczeteroqui
2872 5416 3121 5489 sit’vera.
3149 5416 3320 5489 (ζιελ.

2158 5486 2479 5570 (δῆγθεοῦ.
2509 5488 2682 5570 Etiam
2706 5486 2810 5570 hoc
2842 5488 3136 5570 μονογενὴς
3322 5486 3644 5570 alienum

2088 5576 2117 5613 a
2150 5562 2290 5631 stylo
2328 5560 2665 5628 apostolico,
2707 5559 2800 5614 sed
2834 5560 3127 5640 proprium
3154 5558 3519 5615 Arianorum.
3563 5558 3641 5620 qm

2088 5629 2301 5701 Patrem
2325 5629 2617 5701 ἀγέννητον
2635 5630 2925 5701 vocabant,
2944 5638 3001 5684 ut
3022 5629 3266 5701 Vidimus
3284 5629 3451 5701 paqu
3472 5630 3640 5701 antea;

2086 5698 2282 5755 Filium
2312 5695 2438 5755 vero
2476 5695 2729 5770 γεννητόν
2775 5707 2829 5753 et
2869 5700 3130 5770 μονογενῆ
3164 5695 3318 5770 Θεὸν-
3348 5696 3502 5770 002d
3533 5703 3642 5770 9“!“

2083 5771 2377 5825 offenderet
2394 5760 2714 5841 scriptorem
2735 5760 3022 5841 librarium
3039 5760 3263 5826 alterius
3285 5760 3411 5825 cod.
3427 5760 3639 5822 Vindab.

2083 5858 2181 5913 pro
2204 5842 2339 5897 Θεοῦ
2370 5841 2457 5900 hic
2486 5839 2705 5913 scripsit
2735 5839 2890 5896 Υίοῦ.
