3886 6190
238 346 387 401 i045

1133 336 1733 395 CONSTITUTIONES
1771 334 2241 394 APOSTOLICE.
2258 308 2471 391 ..ιω
2509 305 2618 390 vu.

3368 307 3507 389 toto

233 458 500 532 προνοίας
528 458 824 529 ἐποιήσατο
846 474 858 485 ·
892 456 1014 509 τότε
1039 453 1149 526 (55)
1184 436 1352 524 Ἀδὰμ
1381 452 1529 523 αὐτῷ
1558 456 1615 506 ὲν
1645 469 1824 523 παρα-

1929 460 2059 505 tunc
2085 449 2191 519 ipsi
2214 448 2425 504 Adamo
2451 450 2507 503 in
2537 447 2826 519 paradiso;
2871 448 3106 518 primum
3154 448 3371 519 quidem
3418 466 3506 505 ra-

233 551 423 622 δείσῳ,
459 548 673 621 πρῶτον
706 549 804 620 μὲν
830 547 1042 618 τρυφῆς
1077 545 1222 616 λόγῳ
1253 546 1346 598 τὸν
1385 543 1715 615 παράδεισον
1745 544 1825 595 οἱ-

235 643 381 715 κητή
391 660 501 714 ριον
525 642 667 705 δοὺς,
694 640 883 693 ἔπειτα
910 638 1167 710 προνοίας
1187 637 1330 707 λόγῳ
1352 636 1572 708 ἐντολὴν
1599 635 1828 706 ποιησά-

239 752 405 806 μενος
424 752 438 764 ·
475 732 785 805 ἁμαρτόντα
814 731 892 794 δὲ,
924 729 1240 803 δικαιοσύνῃ
1277 726 1502 792 ὲξὼσας,
1532 727 1827 799 ἀγαθότητι

234 827 295 880 δὲ
330 826 405 898 μὴ
434 824 748 897 ἀπορρίψας
786 826 867 886 είς
904 822 966 876 τὺ
1004 821 1283 884 παντελὲς,
1315 819 1450 873 ἀλλά
1478 821 1572 873 καὶ
1606 820 1732 882 τοὺς
1769 817 1828 883 ἐξ

236 917 409 972 αὑτοῦ
439 918 583 970 κατὰ
608 915 857 987 διαδοχὴν
885 914 1156 985 διαφόρως
1193 912 1514 975 παιδεύσας·
1550 911 1616 964 δι’
1647 911 1704 964 ὃν
1736 913 1829 964 ἐπὶ

231 1007 301 1060 τδ
326 1006 505 1078 τέρμα
517 1006 612 1060 τοῦ
638 1006 832 1070 αίῶνος
861 1005 1146 1059 ἀπέστειλε
1168 1006 1259 1058 τὸν
1287 1004 1415 1057 Υἱὸν
1437 1003 1601 1056 αὐτοῦ
1622 1003 1828 1074 ἀνθρω-

237 1116 344 1153 πον
390 1097 642 1167 γενέσθαι
679 1097 744 1150 δι’
776 1096 1116 1168 ἀνθρώπους,
1154 1098 1249 1151 καὶ
1284 1095 1461 1150 πάντα
1503 1095 1573 1148 τά
1620 1094 1829 1167 ἀνθρώ-

236 1208 375 1244 πινα
435 1189 584 1261 πάθη
640 1188 1029 1253 ἀναδέξασθαι,
1086 1190 1257 1261 χωρὶς
1309 1188 1603 1260 ἁμαρτίας.
1656 1188 1828 1241 Αὑτὸν

232 1277 334 1334 οὖν
377 1282 471 1335 καὶ
514 1280 609 1334 νῦν
661 1281 1050 1352 παρακαλείτω
1102 1283 1132 1334 6
1183 1282 1362 1353 ἱερεὺς
1413 1280 1553 1352 πρὸς
1600 1279 1678 1350 τῷ
1729 1279 1828 1351 βα-

235 1373 538 1444 πτίσματι,
577 1373 670 1426 καὶ
698 1373 933 1442 λεγέτω,
966 1374 1292 1427 ὃτι·Κάτιδε
1338 1372 1399 1438 ἐξ
1442 1372 1692 1444 ούρανοῦ,
1735 1373 1829 1426 καὶ

235 1464 470 1534 ἁγίασον
514 1465 576 1518 τὸ
615 1463 759 1536 ὕδωρ
806 1464 1001 1519 τοῦτο·
1044 1465 1133 1529 δὸς
1166 1466 1222 1519 δὲ
1259 1465 1370 1538 (54)
1409 1467 1567 1536 χάριν
1602 1465 1696 1517 κα)⁹
1735 1463 1827 1516 δύ-

233 1574 424 1629 ναμιν,
444 1557 583 1610 ὥστε
614 1557 706 1611 τὸν
734 1556 1145 1628 βαπτιζόμενον,
1178 1560 1297 1612 κατ’
1326 1557 1541 1629 ἐντολὴν
1568 1555 1664 1609 τοῦ
1692 1557 1828 1628 Χρι-

236 1648 370 1701 στοῦ
420 1665 536 1715 σου,
577 1647 727 1720 αὐτῷ
766 1649 1240 1720 συσταυρωθῆναι,
1289 1651 1370 1712 εἱς
1415 1646 1825 1713 συναποθανεῖν,

234 1740 336 1793 καὶ
367 1740 723 1812 συνταφῆναι,
756 1742 849 1794 καὶ
880 1743 1274 1813 ωναναστῆναι
1297 1742 1379 1805 εἱς
1419 1742 1691 1796 υἱοθεσίαν
1726 1744 1826 1815 τὴν

1928 544 2076 598 tione
2104 541 2426 597 deliciarum
2451 541 2600 596 dedit
2641 540 2719 594 illi
2764 539 3081 609 paradisum
3124 538 3179 594 in
3210 540 3508 597 habitatio-

1929 649 2087 700 nem;
2117 631 2314 687 deinde
2342 631 2555 686 ratione
2584 628 2942 702 providentia:
2976 629 3293 684 mandatum
3338 632 3510 686 tradi-

1928 725 2044 791 dit;
2089 731 2215 794 post
2247 731 2532 794 peccatum
2563 730 2745 778 autem
2766 761 2781 788 ,
2828 737 2928 792 per
2955 722 3219 791 justitiam
3246 738 3371 777 eum
3413 739 3508 779 ex-

1930 817 2090 887 pulit,
2121 832 2220 886 per
2248 818 2546 871 bonitatem
2579 830 2711 871 vero
2750 830 2861 870 non
2905 830 2973 870 ex
3017 823 3130 869 toto
3158 815 3378 886 abjecit,
3410 817 3509 873 sed

1929 914 1983 962 et
2014 918 2265 979 posteros
2291 908 2423 977 ejus
2454 908 2699 964 vicissim
2730 907 2967 963 erudivit
3009 907 3245 964 diversis
3285 907 3462 965 modis
3489 927 3507 981 ;

1929 1010 2150 1071 propter
2176 1017 2337 1073 quem
2362 1002 2419 1055 in
2441 1008 2686 1057 extremo
2713 1002 2897 1056 saeculi
2926 1002 3079 1057 misit
3099 1000 3299 1056 Filium
3322 1018 3505 1069 suum,

1930 1101 1990 1148 ut
2015 1094 2180 1149 homo
2209 1093 2363 1150 ﬁeret
2397 1094 2678 1149 hominum
2708 1109 2896 1161 causa,
2936 1102 2990 1150 et
3019 1110 3211 1151 omnes
3240 1095 3509 1154 humanos

1930 1184 2178 1249 aﬁ'ectus,
2205 1193 2431 1255 excepto
2459 1194 2705 1255 peccato,
2740 1187 3066 1256 susciperet.
3095 1185 3279 1257 Ipsum
3305 1203 3435 1258 ergo
3454 1196 3510 1244 et

1930 1292 2079 1331 nunc
2102 1277 2319 1333 invocet
2348 1277 2608 1334 sacerdos
2650 1278 2754 1333 sub
2798 1279 3133 1348 baptismum
3160 1319 3176 1344 ,
3221 1294 3286 1334 ac
3317 1281 3505 1337 dicat:

1929 1367 2163 1439 Respice
2182 1368 2251 1425 de
2273 1370 2435 1435 caelo,
2460 1378 2514 1425 et
2544 1369 2826 1425 sanctiﬁca
2852 1371 2993 1424 hanc
3017 1385 3251 1441 aquam;
3279 1371 3348 1425 da
3377 1388 3508 1429 vero

1927 1460 2160 1532 gratiam
2201 1469 2255 1516 et
2291 1462 2571 1527 virtutem,
2604 1473 2665 1516 ut
2694 1462 2788 1533 qui
2821 1464 3156 1534 baptizatur,
3204 1465 3508 1520 secundum

1930 1551 2249 1608 mandatum
2287 1552 2489 1609 Christi
2521 1555 2634 1619 tui,
2670 1570 2796 1609 cum
2827 1555 3018 1611 eodem
3047 1556 3420 1626 cruciﬁgatur,
3453 1565 3508 1613 et

1930 1645 2345 1712 commoriatur,
2379 1654 2434 1701 et
2462 1648 2885 1719 consepeliatur,
2929 1655 2984 1704 et
3014 1650 3420 1704 consuscitetur
3449 1651 3506 1705 in

1932 1736 2278 1808 ad0ptionem
2319 1754 2440 1809 quae
2487 1740 2544 1794 in
2590 1756 2656 1797 eo
2702 1740 2781 1805 ﬁt,
2830 1747 2891 1795 ut
2937 1741 3239 1811 perimatur
3283 1741 3505 1812 quidem

234 1833 295 1883 ἐν
312 1831 484 1903 αύτῷ,
514 1832 592 1903 τῷ
619 1831 956 1905 νεκρωθῆναι
979 1834 1075 1905 μὲν
1102 1836 1168 1905 τῇ
1198 1833 1459 1904 ἁμαρτίᾳ,
1489 1834 1649 1905 ζῆσαι
1672 1834 1728 1888 δὲ
1755 1838 1822 1907 τῇ

1933 1839 2179 1899 peccato,
2224 1832 2371 1886 vivat
2410 1840 2592 1889 autem
2635 1833 2883 1903 iustitiae.
2928 1833 2994 1887 Et
3040 1842 3165 1905 post
3198 1835 3335 1899 hoc,
3377 1850 3506 1891 cum

232 1923 572 1999 δικαιοσύνῃ.
620 1903 730 1979 Καὶ
770 1903 909 1997 μετὰ
933 1903 1114 1990 τοῦτο,
1144 1903 1425 1997 *βαπτίσας
1462 1903 1621 1981 αὐτὸν
1656 1927 1715 1979 ὲν
1751 1903 1828 1999 τῷ

1929 1925 2286 1996 baptizaverit
2313 1942 2437 1981 eum
2470 1926 2527 1980 in
2557 1927 2777 1982 nomine
2806 1925 3005 1991 Patris,
3036 1903 3089 1982 et
3118 1925 3267 1991 Filii,
3296 1935 3352 1984 et
3383 1926 3507 1999 Spi-

233 2014 463 2086 ὀνόματι
494 2016 587 2070 τοῦ
632 2017 866 2090 Πατρὸς,
915 2018 1011 2072 καὶ
1055 2017 1151 2070 τοῦ
1195 2016 1350 2081 Υἰοῦ,
1400 2020 1492 2072 καὶ
1527 2018 1621 2073 τοῦ
1670 2021 1825 2087 ἁγίου

236 2105 576 2180 Πνεύματος,
610 2108 854 2181 χρισάτω
884 2109 1060 2181 μύρῳ,
1093 2109 1383 2178 ἐπιλέγων·

751 2202 1148 2256 ΚΕΦᾹΛΑΙΟΝ
1181 2203 1314 2255 MA’.

421 2291 562 2360 Περὶ
592 2292 697 2346 τοῦ
723 2294 1024 2363 μυστικοῦ
1056 2296 1252 2363 μύρου
1280 2296 1649 2364 εὐχαριστία.

306 2381 485 2454 Κύριε
512 2385 541 2436 6
568 2384 719 2449 Θεὸς,
750 2387 779 2439 6
808 2386 1101 2455 ἀγέννητος
1113 2388 1180 2451 ⁷⁷,
1210 2388 1305 2441 καὶ
1323 2388 1634 2453 ἀδέσποτος,
1663 2390 1692 2441 6
1720 2389 1827 2443 τῶν

233 2472 377 2527 ὅλων
412 2474 637 2547 Κύριος,
666 2478 695 2529 6
720 2478 820 2549 τὴν
848 2478 1023 2549 ὀσμὴν
1049 2477 1152 2549 τῆς
1178 2478 1432 2548 γνώσεως
1460 2478 1554 2534 τοῦ
1584 2480 1829 2550 Εὐαγγε-

234 2564 353 2619 λίου
381 2568 441 2618 ὲν
468 2568 601 2621 πᾶσι
645 2572 757 2631 τοῖς
788 2567 995 2623 ἔθνεσιν
1024 2568 1253 2640 εὔοσμον
1298 2572 1727 2643 παρασχόμενος·
1763 2574 1827 2626 σὺ

234 2658 335 2712 καὶ
361 2656 459 2712 νῦν
483 2658 644 2713 τοῦτο
667 2660 728 2713 τὸ
759 2660 930 2733 μύρον
958 2660 1047 2724 δὸς
1072 2662 1295 2733 ὲνεργὲς
1325 2663 1581 2731 γενέσθαι
1618 2665 1711 2717 ἐπὶ
1748 2665 1829 2736 τῷ

239 2748 643 2822 βαπτιζομένῳ,
672 2750 813 2805 ὥστε
841 2751 1066 2822 βεϐαίαν
1096 2754 1191 2807 καὶ
1233 2754 1430 2823 πάγιον
1467 2757 1526 2809 ὲν
1554 2756 1703 2827 αὐτῷ
1729 2758 1828 2830 τὴν

236 2841 469 2895 εὐωδίαν
499 2846 681 2914 μεῖναι
707 2843 804 2897 τοῦ
833 2846 1071 2916 Χριστοῦ
1112 2863 1227 2911 σου,
1256 2848 1352 2900 καὶ
1396 2848 1829 2906 συναποθανόντα

235 2936 402 2989 αὐτὸν
432 2936 828 3006 συναναστῆναι
873 2937 967 2990 καὶ
1000 2936 1232 3008 συζῆσαι
1272 2938 1424 3009 αὐτῷ
1464 2939 1598 3011 (55).
1641 2940 1829 2995 Ταῦτα

237 3027 336 3079 καὶ
381 3026 452 3080 τὰ
494 3026 1016 3105 τούτοιςιάκόλουθα
1059 3028 1285 3097 λεγέτω.
1327 3030 1587 3087 Ἐκάστου
1635 3032 1745 3105 γὰρ
1792 3036 1824 3105 ἠ

235 3117 466 3188 δύναμις
494 3117 595 3187 τῆς
621 3097 958 3190 χειροθεσίας
984 3121 1131 3173 ἐστὶν
1160 3120 1321 3193 αύτηο
1364 3122 1458 3176 ὲάν
1488 3123 1595 3196 γὰρ
1749 3097 1828 3189 EE;-

236 3208 471 3304 ἕκαστον
502 3208 613 3304 ςδϐ)
661 3210 865 3265 τούτων
911 3212 1201 3304 ἐπίκλησις
1246 3213 1471 3284 γένηται
1516 3215 1669 3287 παρά
1713 3216 1824 3288 ('57)
1854 3248 1896 3304 Ο

235 3298 333 3352 τοῦ
364 3300 621 3365 εὐσεϐοῦς
650 3302 840 3373 ἱερέως
866 3302 1087 3375 τοιαύτη
1117 3321 1221 3367 τις,
1260 3307 1339 3368 είς
1368 3304 1511 3377 ὕδωρ
1551 3307 1827 3378 μόνονικα-

236 3392 485 3445 ταϐαίνει
513 3395 543 3446 6
572 3392 982 3465 βαπτιζόμενος,
1014 3396 1090 3459 ὡς
1130 3396 1371 3453 Ἰουδαῖοι
1401 3398 1535 3470 ('58),
1565 3400 1661 3453 καὶ
1689 3402 1827 3454 ἀπο-

236 3483 446 3537 τίθεται
479 3485 638 3555 μόνον
667 3486 759 3539 τὸν
791 3486 959 3558 ῥύπον
988 3487 1083 3541 τοῦ
1116 3487 1386 3559 σώματος,
1430 3492 1492 3544 ού
1532 3492 1624 3545 τὸν
1657 3493 1827 3565 ῥύπον

235 3575 340 3644 τῆς
367 3575 564 3647 ψυχῆς.
597 3577 754 3631 Μετὰ
778 3578 956 3640 τοῦτο,
990 3579 1161 3643 ἑστὼς
1187 3580 1571 3652 προσευχέσθω
1616 3585 1713 3655 τὴν
1742 3586 1830 3638 εύ-

237 3666 342 3737 χὴν
373 3667 441 3738 ἢν
469 3666 705 3732 ἐδίδαξεν
736 3671 884 3740 ἡμᾶς
920 3672 948 3722 6
994 3670 1198 3743 Κύριος
1238 3673 1371 3743 ('59)°
1419 3674 1729 3742 ἀναγκαίως
1772 3677 1828 3730 δὲ

234 3757 331 3811 τὸν
359 3759 663 3812 ἀναστάντα
690 3760 767 3813 δεῖ
795 3761 1017 3815 ἑστάναι
1048 3764 1144 3817 καὶ
1182 3764 1604 3834 προσεύχεσθαι,
1634 3766 1723 3820 διὰ
1767 3768 1830 3822 τὸ

233 3849 331 3903 τὸν
390 3851 731 3923 ἐγειρόμενον
774 3854 956 3927 ὄρθιον
1001 3854 1159 3910 εἶναι’
1207 3858 1303 3911 καὶ
1359 3860 1521 3921 αὐτὸς
1564 3856 1655 3913 οὖν
1707 3877 1831 3913 συν-

232 3943 526 3998 αποθανὼν
541 3945 620 4017 τῷ
639 3948 963 4019 Χριστῷκαὶ
986 3950 1349 4022 συνεγερθεὶς,
1373 3951 1636 4021 στηκέτω.
1661 3952 1830 4022 Προσ-

234 4036 479 4107 ευχέσθω
498 4040 555 4092 δὲ
575 4041 716 4094 κατά
743 4042 1003 4105 ἀνατολάς
1019 4042 1148 4114 (40)·
1172 4044 1267 4097 καὶ
1295 4042 1405 4115 γὰρ
1436 4045 1530 4098 καὶ
1557 4043 1712 4097 τοῦτο
1731 4044 1826 4111 γέέ

233 4143 481 4198 γραπται
503 4130 558 4183 ὲν
574 4136 640 4204 τῇ
657 4132 885 4205 δευτέρᾳ
911 4134 1018 4187 τῶν
1035 4134 1549 4206 Παραλειπομένων,
1573 4136 1655 4188 ὅτι
1688 4134 1825 4205 μετὰ

232 4220 298 4272 τὸ
319 4222 732 4294 συντελεσθῆναι
752 4226 844 4279 τὸν
865 4225 990 4279 ναὸν
1012 4224 1106 4279 τοῦ
1125 4228 1330 4298 Κυρίου
1346 4226 1449 4280 ὑπὸ
1459 4226 1552 4280 τοῦ
1570 4226 1831 4296 βασιλέως

234 4313 599 4385 Σολομῶντος,
631 4318 689 4370 ὲν
718 4317 868 4387 αύτῷ
893 4317 972 4387 τῷ
999 4317 1339 4389 ὲγκαινισμῷ
1365 4320 1414 4371 οἱ
1447 4319 1629 4390 ἱερεῖς,
1658 4321 1753 4371 καὶ
1780 4319 1829 4370 οἱ

236 4406 476 4473 Λευῖται,
509 4409 603 4462 καὶ
630 4411 681 4463 οἱ
724 4409 1014 4480 ψαλτῳδοὶ,
1048 4409 1187 4481 μετά
1231 4411 1527 4481 κυμϐάλων
1555 4410 1651 4464 καὶ
1693 4410 1832 4479 ψαλ-

307 4545 354 4576 ⁷⁷
376 4545 450 4602 al.
468 4547 747 4619 ἀγένητος.
824 4548 871 4579 ’⁷³
896 4545 1087 4601 Matth.
1117 4561 1191 4614 vi,
1208 4544 1263 4600 9‘.

1928 2017 2067 2073 ritus
2095 2019 2293 2085 sancti,
2323 2018 2459 2074 linat
2485 2026 2786 2089 unguento,
2821 2033 2885 2074 ac
2912 2018 3080 2074 dicat:

2489 2197 2721 2254 CAPUT
2756 2198 2940 2254 XLIV;

2140 2291 2217 2346 De
2255 2293 2475 2362 mystico
2505 2300 2769 2362 unguento
2798 2293 2939 2345 actio
2968 2295 3289 2363 gratiarum;

1999 2380 2228 2438 Domine
2250 2382 2413 2448 Deus,
2449 2383 2541 2453 qui
2571 2384 2847 2454 ingenitus
2881 2399 2963 2450 es,
2994 2392 3047 2439 et
3077 2385 3355 2441 dominum
3393 2403 3504 2443 non

1930 2474 2121 2539 habes,
2154 2475 2273 2546 ipse
2316 2476 2561 2531 omnium
2604 2475 2900 2544 Dominus;
2933 2478 3026 2547 qui
3058 2478 3280 2533 odorem
3311 2481 3504 2551 cogni-

1930 2566 2097 2623 tionis
2118 2566 2393 2638 Evangelii
2422 2567 2480 2621 in
2509 2568 2766 2624 omnibus
2806 2569 3061 2639 gentibus
3104 2585 3325 2626 suavem
3367 2588 3502 2641 prae.

1930 2658 2098 2714 buisti
2131 2678 2146 2715 :
2178 2666 2236 2714 tu
2260 2668 2315 2715 et
2337 2674 2485 2714 nunc
2509 2667 2707 2729 praesta
2736 2668 2797 2715 ut
2823 2660 2927 2716 hoc
2950 2670 3287 2733 unguentum
3317 2664 3504 2719 eﬁicax

1932 2749 2026 2804 ﬁat
2052 2750 2107 2804 in
2143 2750 2450 2821 baptizato;
2485 2766 2594 2822 quo
2640 2752 2797 2806 ﬁrma
2835 2760 2890 2809 et
2929 2754 3145 2811 stabilis
3192 2764 3409 2812 maneat
3452 2759 3506 2813 in

1932 2841 2052 2912 ipso
2081 2842 2381 2913 fragrantia
2414 2844 2619 2899 Christi
2660 2844 2760 2910 tui,
2809 2846 2897 2899 cui
2954 2846 3073 2916 ipse
3108 2856 3503 2914 commortuus,

1931 2936 2336 2990 consuscitetur
2366 2949 2430 2989 ac
2460 2936 2736 2990 convivat.
2774 2934 2900 2991 Haec
2939 2945 2994 2992 et
3020 2938 3107 2993 his
3141 2949 3504 2995 consentanea

1931 3026 2197 3097 proferat.
2236 3025 2375 3081 Nam
2415 3026 2531 3081 haec
2572 3035 2656 3082 est
2699 3034 2944 3098 potestas
2983 3029 3353 3100 impositionis
3387 3046 3508 3085 ma-

1931 3133 2102 3173 nuum
2133 3118 2429 3189 unicuique
2452 3118 2649 3174 facta}:
2681 3120 2788 3175 nisi
2816 3120 2959 3174 enim
2992 3121 3049 3175 in
3082 3124 3511 3194 unumquodque

1931 3224 2120 3264 eorum
2145 3210 2273 3266 talis
2301 3211 2568 3281 quapiam
2601 3211 2875 3266 invocatio
2906 3227 2936 3266 a
2970 3213 3059 3282 pio
3088 3215 3373 3270 sacerdote
3403 3216 3506 3271 ad-

1929 3301 2215 3367 hibeatur,
2249 3302 2342 3373 qui
2369 3303 2697 3372 baptizatur,
2725 3303 2781 3357 in
2815 3319 3011 3374 aquam
3042 3313 3250 3360 tantum
3279 3307 3500 3365 descen-

1928 3391 2029 3457 dit,
2053 3403 2113 3448 ut
2136 3391 2332 3458 Judaei,
2356 3402 2411 3449 et
2435 3395 2681 3465 corporis
2709 3402 2919 3450 tantum
2951 3397 3165 3461 sordes,
3194 3414 3299 3452 non
3321 3407 3513 3456 autem.

1929 3484 2127 3539 animae
2166 3484 2411 3555 deponit.
2440 3484 2572 3542 Post
2613 3487 2745 3552 hoc,
2780 3494 2937 3544 stans
2983 3488 3136 3543 dicat
3175 3490 3502 3556 orationem,

1928 3591 2091 3646 quam
2122 3576 2311 3631 docuit
2338 3592 2439 3633 nos
2471 3577 2736 3635 Dominus
2763 3579 2810 3611 ⁷⁸
2846 3599 2858 3635 :
2893 3580 3124 3646 scilicet,
3170 3582 3265 3652 qui
3296 3586 3503 3638 ‘resur-

1928 3667 2094 3733 rexit,
2133 3668 2447 3723 necessario
2489 3668 2653 3725 debet
2705 3680 2853 3726 stare
2901 3685 2965 3725 ac
3017 3686 3195 3740 orare,
3243 3675 3501 3743 quoniam

1931 3760 2025 3829 qui
2068 3761 2335 3832 exsurgit,
2368 3768 2588 3817 erectus
2628 3769 2754 3818 est:
2792 3772 2846 3818 et
2882 3763 3000 3835 ipse
3043 3765 3230 3835 igitur,
3266 3767 3359 3836 qui
3393 3784 3510 3822 una

1929 3866 2053 3905 cum
2084 3850 2304 3909 Christo
2350 3860 2601 3910 mortuus
2629 3862 2715 3910 est
2755 3870 2822 3910 ac
2864 3860 3187 3923 resurrexit,
3217 3867 3341 3916 stet.
3371 3859 3505 3917 Pre-

1929 3952 2083 3999 cetur
2110 3960 2240 4001 vero
2265 3944 2335 3999 ad
2380 3946 2645 4003 orientem
2674 3967 2686 4003 :
2720 3950 2921 4004 etenim
2958 3951 3063 4005 hoc
3110 3967 3326 4022 quoque
3365 3954 3507 4008 scri—

1928 4044 2082 4106 ptum
2114 4045 2198 4093 est
2237 4038 2294 4091 in
2331 4038 2574 4094 secundo
2613 4038 3097 4111 Paralipomenon,
3139 4046 3306 4115 quod,
3352 4053 3502 4116 post-

1927 4145 2091 4198 quam
2121 4130 2380 4200 templum
2415 4130 2628 4186 Domini
2668 4148 2699 4186 a
2745 4149 2870 4204 rege
2912 4133 3202 4192 Salomone
3241 4154 3500 4194 consum-

1927 4232 2131 4276 matum
2184 4222 2306 4289 fuit,
2370 4223 2426 4278 in
2480 4224 2600 4294 ipsa
2651 4225 2995 4283 dedicatione
3046 4230 3399 4296 sacerdotes,
3445 4239 3501 4285 et

1926 4312 2121 4377 levitte,
2155 4321 2209 4369 et
2239 4322 2515 4382 cantores,
2551 4332 2675 4372 cum
2707 4318 2973 4388 cymbalis
2994 4326 3050 4374 et
3081 4321 3358 4390 psalteriis
3392 4333 3501 4377 sle.

1927 4413 2114 4460 terunt
2140 4406 2207 4461 ad
2244 4408 2541 4474 orientem,
2582 4408 2888 4473 laudantes.
2940 4422 2996 4467 et
3044 4414 3387 4481 conﬁtentes,
3433 4430 3501 4470 ac

1540 4654 1903 4711 VARIORUM
1935 4655 2166 4713 NOTAE.

307 4771 417 4846 (:55)
464 4772 618 4846 Ίζᾴτε.
649 4769 799 4825 Alter
826 4748 949 4825 cod.
985 4762 1415 4823 Vindob.habet
1448 4768 1525 4838 τῷ
1554 4768 1633 4834 δέ,
1659 4770 1805 4838 quod

1929 4769 2071 4840 ἡμῶν
2101 4773 2129 4823 6
2162 4770 2218 4846 έν
2258 4775 2680 4846 τοῖς-οὐρανοῖς,
2716 4781 2847 4846 etc.,
2882 4774 2973 4829 ubi
3036 4775 3164 4846 (hoc
3209 4784 3268 4831 ut
3315 4780 3495 4836 obiter

231 4842 451 4898 melius.
482 4842 649 4895 Cum.
1250 4889 1254 4891 Α

306 4912 418 4981 (54)
458 4912 548 4964 Δέ.
588 4911 683 4965 Est
705 4911 761 4964 in
793 4911 965 4964 altero
995 4908 1158 4963 Vind.
1193 4909 1253 4961 τέ
1282 4907 1609 4981 meliusLlo.

306 4912 391 4981 (54
458 4912 548 4964 Δέ.
588 4912 683 4965 Est
705 4912 761 4964 in
793 4912 965 4964 altero
995 4912 1158 4963 Vind.
1193 4912 1253 4961 τέ
1282 4912 1498 4964 melius.
1534 4912 1609 4963 lo.

302 4912 418 5053 (55)
455 4981 566 5035 Καὶ
596 4981 1092 5053 σνναποθανόντα
1122 4980 1326 5053 αὐτόν,
1350 4989 1466 5053 etc._
1487 4977 1656 5033 Recte
1673 4992 1809 5053 cum

227 5047 340 5109 isto
376 5047 497 5106 loco
526 5050 649 5119 conj
659 5066 827 5120 unges
849 5049 1354 5120 interpretationem
1376 5049 1719 5104 Balsamonis
1741 5047 1809 5103 ad

225 5136 499 5176 canonem
530 5118 898 5176 Laedicenum
928 5118 1017 5174 481
1053 5118 1188 5174 (Σάιν.

304 5189 418 5262 (36)
472 5192 610 5245 Ἐὰν
638 5189 748 5262 γᾲρ
772 5191 858 5259 μὴ
884 5193 977 5262 sic;
1000 5190 1278 5262 ἕκαστον,
1311 5196 1428 5262 etc._
1450 5187 1717 5262 Loquitur
1740 5189 1808 5244 de

226 5258 560 5330 baptismate
590 5258 871 5316 ordinario
913 5259 1256 5326 adultorum;
1287 5258 1432 5330 quod
1473 5259 1580 5314 nisi
1619 5260 1811 5330 sedulo

227 5328 431 5387 ac'rite
448 5331 604 5400 juxta
632 5337 802 5385 totam
835 5330 1215 5384 caremoniam
1244 5328 1492 5382 tradatur
1532 5345 1561 5383 a
1600 5329 1697 5400 pio
1722 5345 1812 5385 sa-

228 5402 476 5467 cerdote,
503 5409 557 5457 et
588 5401 923 5470 suscipiatur
952 5415 978 5453 a
1024 5401 1114 5470 pio
1158 5400 1572 5470 catechumeno,
1614 5399 1810 5453 anima:

228 5416 476 5467 cer00te,
503 5416 557 5457 et
588 5416 734 5456 susc:
780 5416 923 5454 tatur
952 5416 978 5453 a
1024 5416 1114 5470 pio
1158 5416 1572 5462 catecnumeno,
1614 5416 1806 5453 anima:

226 5472 424 5529 sordes
454 5485 560 5525 non
582 5416 825 5541 depelrit,
854 5486 955 5541 nec
986 5486 1146 5541 suum
1176 5470 1383 5541 obtinet
1410 5468 1683 5541 enectum.
1729 5470 1806 5523 lo.

322 5542 415 5609 37)
450 5540 635 5609 Παρά.
656 5537 823 5594 Ἀιιεν
853 5539 1087 5595 Vindob.
1120 5539 1281 5609 habet
1310 5539 1550 5609 ἱιίοὑπό.
1586 5537 1752 5592 (Ζιειι.

322 5542 393 5596 57
450 5542 635 5609 Παρὰ.
674 5542 823 5594 Alter
853 5542 1087 5595 Vindob.
1120 5542 1281 5594 habet
1310 5542 1402 5592 hic
1426 5542 1550 5592 ὑπό.
1586 5542 1752 5592 (issu.

298 5542 415 5745 ξω)
464 5610 751 5692 Ἰουδαῖοί.
781 5609 1004 5665 Rectius
1034 5610 1089 5664 in
1116 5608 1307 5664 eodem
1332 5609 1382 5661 οἱ
1410 5608 1670 5663 Ἰουδαῖοι.
1696 5609 1769 5662 In.

322 5681 392 5736 39
447 5681 608 5736 Μετὰ
636 5698 811 5735 τουτο
841 5680 1049 5745 ἑστώς,
1080 5688 1184 5734 etc.
1213 5678 1452 5733 Joannes
1474 5678 1769 5745 Chrysosto

322 5678 413 5747 39)
447 5681 608 5736 Μετὰ
636 5680 811 5735 τοῦτο
841 5680 1049 5747 ἑστώς,
1080 5688 1184 5734 etc.
1213 5678 1452 5733 Joannes
1474 5678 1805 5747 Chrysosto-

226 5748 560 5814 mus,'hom.
588 5750 622 5805 6
652 5752 707 5805 in
736 5749 1031 5819 Epistolam
1060 5750 1128 5804 ad
1170 5748 1502 5804 Colossenses
1528 5763 1545 5800 :
1593 5748 1807 5811 Εὐθέως

225 5822 337 5894 γὰρ
383 5822 640 5889 ἀνελθὼν,
686 5820 856 5876 ταῦτα
905 5821 1196 5891 φθέγγεται
1245 5820 1311 5874 τὰ
1347 5819 1582 5890 ῥήματα·
1628 5818 1812 5891 Πάτερ

1918 4842 2194 4915 Ilioneam)
2220 4914 2227 4915 ί
2258 4843 2403 4915 quod
2460 4842 2707 4913 sequitur
2731 4863 2743 4898 :
2769 4845 2881 4897 Οὐκ
2927 4846 3014 4897 ἐπ’
3045 4842 3188 4915 ’ὄψιν
3221 4849 3407 4903 πίπτει
3435 4852 3494 4904 τὲ

1918 4912 2148 4988 παιδίον,
2175 4912 2239 4966 ὀὐ
2272 4913 2423 4978 ξύλον
2448 4912 2608 4988 Δὸρᾷς,
2642 4914 2762 4968 οὐδὲ
2797 4916 2998 4988 πηγήν,
3042 4912 3361 4988 corruptum
3411 4921 3496 4975 vi-

1917 4982 2100 5058 detur,
2128 4991 2304 5058 atque_
2314 4982 2704 5058 corrigendum
2727 4982 3019 5058 scri_bendo
3049 4982 3250 5058 πεδίον,
3273 4991 3400 5058 quia
3426 4990 3493 5045 ad

1914 5053 2227 5177 paradisum
2258 5054 2451 5137 alludit
2484 5056 2540 5110 S.
2581 5055 2791 5136 dootor.
2827 5053 2891 5109 Et
2920 5071 3049 5111 vero
3081 5057 3216 5114 solis
3237 5053 3493 5143 ﬁdelibus

1937 5124 2116 5177 tcebat
2143 5131 2447 5177 orationem
2468 5125 2804 5177 Dominicam
2832 5125 3095 5177 proferre.
3116 5129 3355 5177 nondum
3387 5148 3493 5177 ιηι-

1937 5123 2116 5177 icebat
2143 5127 2447 5179 orationem
2468 5125 2804 5181 Dominicam
2830 5125 3095 5193 proferre,
3116 5129 3356 5183 nondum
3387 5131 3495 5184 ini-

1914 5193 2063 5267 t_i_atis
2084 5209 2195 5267 non
2237 5194 2437 5267 licebat
2483 5216 2497 5252 :
2551 5203 2610 5248 ut
2652 5203 2866 5267 exserte
2908 5194 3067 5267 docet
3109 5197 3492 5267 Theodoritus,

1920 5260 2072 5338 ἔζων,
2101 5262 2252 5338 [ab.,_
2269 5264 2355 5338 lib
2381 5280 2440 5338 v,_
2486 5279 2605 5338 cap.
2652 5265 2745 5338 38,
2781 5274 2902 5335 post
2938 5266 3389 5338 Chrysostomum
3421 5260 3519 5333 ad,

1918 5330 2109 5404 Matth.
2136 5330 2322 5399 Vt,12,
2352 5344 2406 5388 et
2429 5330 2615 5389 homil.
2647 5334 2703 5399 2,
2734 5330 2797 5389 in
2813 5330 3165 5404 posteriorem
3197 5338 3265 5392 ad
3295 5338 3491 5395 Corin-

1918 5402 2088 5476 t_hios,
2139 5404 2627 5476 utquecolligitur
2659 5420 2723 5460 ex
2773 5402 3065 5476 Ahgustini
3116 5411 3485 5466 sermonibus.

1919 5471 2244 5543 Quanquam
2281 5474 2332 5529 id
2361 5471 2627 5530 orationis
2658 5471 2941 5529 recitatum
2977 5475 3146 5531 fuisse
3172 5494 3201 5530 a
3233 5481 3489 5535 catechu-

1918 5543 2098 5665 ﬁtlprogs
2122 5544 2286 5665 Ezolo
2316 5555 2442 5599 ante
2463 5545 2817 5614 baptismum,
2843 5546 3074 5615 legimus
3101 5548 3157 5600 in
3179 5545 3486 5607 Ritualibus

1942 5628 2091 5667 IDI'IS.
2124 5628 2238 5667 UOT

1984 5684 2092 5755 (40)
2127 5684 2295 5755 Κατά
2318 5683 2640 5755 ᾀνατολάς.
2676 5682 2753 5739 lta
2794 5683 2849 5739 in
2893 5697 2995 5737 ms.
3022 5680 3413 5750 Alexandrino,
3446 5682 3488 5739 ll

1917 5752 2153 5826 Paruiip.
2189 5770 2242 5820 ν,
2277 5752 2363 5808 1‘2.
2397 5755 2473 5808 ID.
