3886 6190
440 323 464 377 1
476 318 581 377 059

439 437 509 493 ι.
549 429 738 494 Oratio
766 448 861 503 pro
888 429 1156 499 ﬁdelibus.

439 533 531 588 XI.
576 529 851 585 Inoocatio
878 540 974 592 pro
999 520 1259 591 ﬁdelibus.

439 623 556 680 XII.
594 621 918 678 Constitutio
948 616 1159 678 Jacobi,
1185 614 1375 683 fratris
1405 606 1634 662 Joannis
1658 600 1911 657 Zebedari.

445 808 585 865 XIII.
628 808 818 863 Oratio
872 818 967 871 pro
1016 797 1284 870 ﬁdelibus,
1342 803 1459 865 post
1504 790 1739 846 divinam
1780 784 2012 841 oblatio-

512 918 651 957 nem.

444 994 586 1050 XIV.
621 991 808 1047 Oratio
832 995 948 1057 post
978 982 1416 1039 communionem.

445 1086 565 1143 XV.
609 1083 879 1140 Invocatio
908 1091 1027 1148 post
1056 1076 1494 1131 communionem.

442 1180 585 1238 XVI.
626 1178 702 1232 De
772 1174 1105 1229 ordinatione
1168 1168 1628 1239 presbyterorum,

514 1273 741 1329 Joannis
774 1288 807 1324 a
831 1268 1057 1322 Domino
1081 1264 1278 1318 dilecti.

446 1366 612 1424 XVII.
652 1364 729 1419 De
758 1361 1100 1417 ordinatione
1132 1356 1501 1412 diaconorum.
1530 1348 1838 1404 constitutio
1886 1344 2015 1398 Phi-

518 1460 669 1514 lippi.

444 1476 955 1609 .Invocatio
980 1539 1333 1598 ordinationis
1366 1535 1599 1589 diaconi.

442 1645 566 1702 XIX
635 1643 707 1697 De
723 1639 1046 1699 diaconissa,
1069 1632 1379 1688 constitutio
1404 1624 1803 1682 Bartliolomtri.

444 1742 566 1803 XX.
613 1735 883 1793 Inoocatio
911 1734 967 1786 in
990 1727 1323 1784 ordinatione
1343 1722 1677 1775 diaconissw.

444 1835 588 1891 XXI.
634 1832 710 1886 De
734 1825 1096 1887 subdiaconis,
1120 1817 1428 1874 constitutio
1468 1813 1704 1867 Thomw.

1708 1162 2015 1219 constitutio

448 1925 613 1983 XXII.
654 1923 731 1977 De
759 1917 1059 1979 lectoribus,
1102 1910 1409 1967 constitutio
1446 1904 1709 1961 Matthazi.

447 2017 640 2075 XXIII.
680 2013 869 2069 JJcobi
901 2008 1105 2070 Alphwi
1135 2003 1440 2060 constitutio
1472 1998 1535 2053 de
1558 1991 1968 2065 conlessoribus.

451 2199 641 2256 XXIV.
683 2194 938 2265 Ejusdem
967 2192 1029 2244 de
1059 2185 1368 2259 virginibus.

452 2293 617 2351 XXV.
665 2290 869 2346 Lebbazi
905 2291 1243 2355 cognomento
1300 2274 1556 2334 Thaddwi
1606 2269 1912 2327 constitutio
1958 2267 2023 2323 de

528 2385 719 2440 viduis.

449 2477 639 2536 XXVI.
683 2475 830 2531 Idem
866 2472 929 2525 de
958 2470 1242 2525 exorcista.

449 2567 663 2626 XXVII.
705 2566 890 2621 Simon
920 2561 1216 2626 Cananita,
1242 2556 1306 2611 de
1330 2555 1568 2625 episcopo
1585 2593 1600 2617 ,
1626 2568 1659 2606 a
1680 2558 1805 2622 quot
1842 2546 2025 2602 debeat

524 2659 785 2715 ordinari.

452 2751 693 2809 XXVIII.
737 2748 990 2819 Ejusdem
1020 2760 1244 2800 canones
1285 2742 1349 2796 de
1384 2739 1660 2809 episcopis,
1683 2735 2021 2807 presbyteris,

523 2845 785 2907 diaconis,
812 2852 861 2897 et
885 2839 1098 2909 reliquis
1128 2837 1355 2891 clericis.

455 2938 649 2996 XXIX.
696 2938 769 2991 De
799 2933 1152 2990 benedictione
1187 2944 1339 2999 aqua:
1364 2937 1413 2982 et
1449 2926 1582 2991 olei,
1627 2920 1869 2978 Hattltcei
1900 2937 2026 2975 con-

523 3032 748 3088 stitutio.

458 3124 627 3183 XXX.
662 3122 938 3193 Ejusdem,
972 3120 1036 3175 de
1065 3118 1315 3189 primitiis
1343 3125 1393 3170 et
1420 3113 1658 3169 decimis.

457 3221 651 3277 XXXI.
695 3218 968 3289 Ejusdem,
1001 3214 1066 3268 de
1094 3214 1159 3267 iis
1189 3227 1305 3283 qua:
1333 3215 1634 3277 supersunt.

462 3311 675 3370 XXXII.
730 3311 878 3365 Varii
904 3323 1128 3362 canones
1157 3303 1319 3357 Pauli
1353 3300 1599 3370 apostoli,
1624 3296 1687 3351 de
1716 3297 1781 3349 iis
1815 3295 1903 3365 qui
1937 3308 2027 3346 ac—

528 3405 719 3460 cedunt
750 3402 818 3456 ad
858 3401 1199 3468 baptismum,
1230 3412 1359 3467 quos
1392 3400 1628 3463 oporteat
1651 3388 1947 3451 admittere,
1976 3393 2026 3438 et

526 3514 656 3567 quos
682 3497 915 3561 reficere.

458 3588 707 3644 XXXIII.
749 3588 950 3653 Quibus
978 3584 1160 3638 diebus
1188 3579 1378 3651 famuli
1399 3577 1617 3633 debeant
1645 3574 1847 3645 feriari.

458 3678 701 3735 XXXIV.
742 3678 943 3745 Quibus
965 3677 1132 3740 horis,
1183 3684 1235 3729 et
1285 3687 1446 3745 quare
1506 3671 1562 3724 in
1598 3668 1672 3722 eis
1713 3661 2029 3735 precandum

531 3775 621 3827 sit.

458 3862 677 3919 XXXV.
716 3861 905 3915 Jacobi
937 3861 1123 3931 fratris
1162 3858 1377 3913 Domini
1400 3856 1706 3912 constitutio
1728 3851 1792 3906 de
1816 3862 2032 3919 ‘vesperq

536 3959 643 4010 tino
672 3954 871 4024 ofﬁcio.

463 4047 706 4103 XXXVI.
747 4047 935 4101 Oratio
966 4047 1272 4105 lucernalis.

463 4140 729 4196 XXXVII.
772 4139 1084 4195 Gratiarum
1111 4142 1251 4194 actio
1280 4140 1584 4195 lucernalis.

462 4232 753 4289 XXXVIII.
798 4231 1106 4288 Gratiarum
1129 4234 1268 4287 actio
1290 4234 1572 4287 matutina.

464 4325 707 4382 XXXIX.
751 4325 1026 4396 Impositio
1056 4342 1245 4379 manus
1276 4327 1560 4381 matutina.

465 4418 579 4473 XL.
623 4418 895 4473 Invocutio
918 4434 1013 4487 pro
1042 4418 1315 4486 primitiis.

463 4509 599 4566 XLI.
641 4510 828 4565 Oratio
860 4526 955 4578 pro
986 4510 1230 4565 mortuis.

466 4602 624 4658 XLII.
667 4603 943 4670 Quomodo
977 4612 1027 4657 et
1049 4602 1263 4673 quando
1313 4610 1551 4672 oporteat
1578 4598 1811 4671 ﬁdelium
1845 4598 2035 4668 defun-

534 4706 740 4749 ctorum
764 4697 881 4765 [ἱενὶ
915 4697 1219 4759 memorias,
1244 4704 1292 4749 et
1317 4678 1454 4765 quod
1475 4710 1540 4748 ea:
1559 4710 1739 4748 eorum
1761 4693 2035 4763 facultati-

536 4788 633 4843 bus
658 4791 730 4843 sit
753 4789 1071 4858 pauperibus
1105 4789 1454 4859 largiendum.

468 4879 649 4937 XLIII.
692 4884 845 4949 Quod
888 4886 1076 4956 impios
1116 4902 1180 4939 ex
1214 4886 1323 4940 vita
1360 4884 1661 4939 decedentes
1700 4882 1830 4937 nihil
1852 4884 2034 4952 juvent

536 4978 825 5044 memoria,
856 4978 932 5033 vel
956 4978 1232 5033 mandata.

464 5065 651 5124 XLIV.
691 5070 770 5124 De
796 5071 1036 5128 ebriosis.

468 5162 627 5218 XLV.
662 5163 739 5217 De
772 5169 1079 5234 recipiendis
1120 5168 1187 5222 iis
1239 5168 1327 5237 qui
1366 5177 1578 5236 propter
1624 5164 1891 5223 Christum
1937 5185 2035 5238 pa-

539 5256 742 5310 tiuntur
770 5260 1196 5325 persecutionem.

470 5348 652 5403 XLVI.
689 5349 843 5415 Quod
864 5352 1234 5421 unusquisque,
1279 5353 1334 5405 in
1363 5369 1423 5407 eo
1466 5354 1635 5424 gradu
1677 5353 1825 5419 cleri,
1858 5355 1915 5407 in
1934 5369 2035 5423 quo

538 5450 616 5496 est
678 5443 1034 5506 constitutus,
1088 5442 1270 5496 debeat
1327 5461 1632 5513 permanere
1687 5456 1737 5500 et
1801 5447 2035 5502 ordinem

536 5547 744 5585 servare
768 5549 788 5597 ;
812 5550 915 5588 non
943 5551 1060 5589 vero
1089 5539 1158 5591 ad
1187 5553 1243 5592 se
1274 5554 1457 5609 rapere
1484 5554 1601 5611 qua
1628 5541 1910 5596 commissa
1937 5557 2040 5596 non

537 5630 679 5674 sunt.

468 5713 672 5770 XLVII.
705 5715 941 5773 Canones
967 5718 1324 5773 ecclesiastici.

1373 306 1428 364 ὗ.
1462 299 1851 362 CLEMENTIS
1884 299 1903 353 I
1937 298 2101 354 ROM.
2139 299 2341 355 POXT.
2380 300 2605 357 OPERA
2640 299 2866 357 DUBIA.

2041 415 2087 473 Α
2119 420 2171 467 ι’.
2214 414 2654 484 Προσφὼνησις
2679 416 2831 485 ὑπὲρ
2864 416 2983 469 τῶν
3013 414 3260 469 πιστῶν.

3550 302 3705 361 1060

2114 513 2206 559 ια’.
2263 508 2608 576 Ὲπίκλησις
2629 508 2745 562 τῶν
2767 508 3016 564 πιστῶν.

2115 600 2203 651 ιϐ’.
2244 598 2518 665 Διάταξις
2574 600 2867 665 Ἰακώϐου,
2922 600 3028 656 τοῦ
3083 601 3348 671 ἀδελφοῦ
3415 601 3705 659 Ἰωάννου

2182 692 2288 743 τοῦ
2315 692 2629 746 Ζεϐεδαίου
2640 730 2654 744 .

2114 790 2202 851 ιγ’.
2231 784 2667 853 Προσφώνησις
2693 786 2791 839 ἐπὶ
2818 786 2934 841 τῶν
2956 787 3188 841 πιστῶν
3198 788 3347 856 μετὰ
3373 786 3495 857 τὴν
3529 788 3708 843 θείειν

2183 876 2511 945 ἀναφοράν.

2115 964 2205 1018 ιδ’.
2247 966 2689 1037 Προσφώνησις
2707 970 2857 1039 μετὰ
2886 970 3001 1040 τὴν
3021 971 3379 1041 μετάληψιν.

2118 1065 2201 1112 ιε’.
2256 1060 2602 1128 Ἑπίκλησις
2626 1063 2777 1132 μετὰ
2806 1064 2921 1132 τὴν
2938 1063 3295 1133 μετάληψιν.

2117 1160 2214 1218 ις’.
2290 1155 2431 1221 Περὶ
2490 1157 2855 1223 χειροτονίας
2922 1156 3355 1225 πρεσϐυτέρων,
3417 1156 3704 1224 διάταξις

2200 1246 2471 1301 Ἰωάννου
2509 1248 2613 1301 τοῦ
2645 1248 3010 1318 φιλουμένου
3040 1249 3155 1303 ὑπὸ
3184 1249 3427 1317 Κυρίου.

2117 1335 2202 1398 ιζ’.
2242 1338 2383 1406 Περὶ
2441 1343 2807 1408 χειροτονίας
2869 1340 3177 1405 διακόνων,
3234 1341 3338 1396 τοῦ
3386 1342 3705 1397 Φιλίππου

2187 1430 2473 1497 διάταξις.

2120 1530 2213 1593 ιη’.
2270 1526 2615 1593 Ἐπίκλησις
2638 1528 2999 1594 χειροτονίας
3026 1525 3322 1580 διακόνου.

2120 1622 2208 1671 ιϐ’.
2250 1617 2392 1685 Περὶ
2423 1618 2836 1687 διακονίσσης,
2864 1620 3309 1689 Βαρθολομαίου
3335 1618 3635 1686 διάταξις.

2120 1717 2188 1762 κ’.
2244 1710 2593 1777 Ἐπίκλησις
2620 1710 2718 1763 ἐπὶ
2742 1712 3107 1779 χειροτονίας
3126 1710 3545 1779 διακονίσσης.

2123 1811 2233 1857 κα’.
2273 1804 2415 1872 Περὶ
2444 1804 2875 1872 ὐποδιιικόνων,
2902 1806 3162 1872 διάταξις
3192 1806 3297 1860 τοῦ
3319 1802 3517 1875 Θωμᾶ.

2120 1900 2226 1951 κϐ.
2268 1897 2410 1966 Περὶ
2443 1898 2863 1967 άναγνωστῶν,
2900 1900 3006 1955 τοῦ
3049 1898 3348 1953 Ματθαίου
3400 1896 3703 1965 διάταξις.

2120 2000 2228 2062 κγ’.
2286 1991 2551 2047 Ἰακώϐου
2584 1991 2688 2045 τοῦ
2726 1992 3000 2061 Ἁλφαίου
3028 1988 3563 2061 περὶόμολοτητῶν
3585 1987 3706 2043 διά-

2188 2085 2301 2150 ταξ
2305 2104 2376 2150 ις.

2121 2181 2230 2235 κδ’.
2278 2181 2387 2236 Τοῦ
2417 2180 2603 2234 αὐτοῦ
2632 2181 2765 2249 περὶ
2792 2182 3115 2250 παρθένων.

2122 2283 2224 2330 κε’.
2265 2277 2552 2331 Λεϐϐαίου
2607 2276 2714 2329 τοῦ
2762 2276 3189 2344 ἐπικληθέντος
3231 2272 3533 2329 Θαδδαίου
3570 2270 3706 2340 περὶ

2192 2371 2393 2441 χηρῶν
2422 2370 2708 2437 διάταξις.

2124 2472 2243 2530 κς·’.
2271 2465 2324 2518 '0
2353 2464 2535 2531 αὐτὸς
2566 2465 2701 2533 περὶ
2733 2463 3110 2532 ὲπορκιστοῦ.

2123 2556 2222 2620 κζ’.
2262 2560 2458 2629 Σίμων
2476 2563 2510 2613 ὀ
2531 2561 2857 2625 Κανανίτης
2870 2598 2884 2622 ,
2898 2560 3030 2625 περὶ
3050 2556 3154 2610 τοῦ
3173 2555 3287 2611 ὑπὸ
3308 2554 3527 2606 πόσων
3545 2553 3704 2623 ὀφεί-

2192 2657 2287 2708 λει
2316 2653 2779 2722 χειροτονεῖσθαι
2810 2657 2843 2706 ό
2866 2653 3215 2716 ἐπίσκοπος.

2124 2753 2234 2816 κη’.
2282 2748 2391 2801 Τοῦ
2415 2747 2600 2802 αὐτοῦ
2629 2748 2877 2813 κανόνες
2905 2747 3035 2816 περὶ
3058 2746 3701 2812 ἐπισκόπων,πρεσϐυο

2194 2838 2400 2908 τέρων,
2436 2840 2749 2905 διακόνιον,
2778 2840 2875 2893 καὶ
2906 2839 3132 2895 λοιπῶν
3162 2839 3483 2906 κληρικὼν.

2127 2934 2234 2985 κθ’.
2257 2906 2415 2999 Περὶ
2440 2932 2720 3000 εὐλογίας
2747 2931 2965 2998 ὓδατος
2993 2930 3093 2986 καὶ
3126 2931 3354 2995 ἐλαίου,
3399 2930 3511 2984 τοῦ
3539 2934 3699 2985 Ματ-
3758 2906 3774 2920 ⁴

2200 3023 2298 3077 θαί
2300 3041 2372 3076 ου
2400 3023 2686 3090 διάταξις.

2051 3106 2098 3170 C
2130 3118 2204 3169 λ’.
2254 3117 2365 3170 Τοῦ
2392 3117 2579 3171 αὐτοῦ
2605 3117 2737 3185 περὶ
2764 3117 3050 3187 ἀπαρχῶν
3073 3117 3173 3171 καὶ
3198 3115 3486 3171 δεκατῶν.

2127 3211 2242 3262 λα’.
2288 3208 2397 3262 Τοῦ
2420 3208 2607 3262 αὐτοῦ
2639 3210 2771 3277 περὶ
2801 3209 3307 3278 περισσευμάτων.

2128 3300 2240 3352 λϐ.
2281 3301 2545 3363 Κανόνες
2570 3298 2838 3367 διάφοροι
2884 3301 3128 3353 Παύλου
3176 3299 3280 3352 τοῦ
3323 3299 3699 3363 ἀποστόλου,

2200 3392 2333 3459 περὶ
2350 3392 2467 3445 τῶν
2494 3394 2862 3460 προσιόντων
2890 3391 2971 3457 τῷ
2992 3392 3380 3459 βαπτίσματι,
3411 3392 3587 3458 τίνας
3618 3390 3705 3446 δεῖ

2200 3484 2661 3553 προσδέχεσθαι,
2694 3484 2791 3537 καὶ
2815 3484 2983 3549 τίνας
3007 3482 3472 3538 ἀποϐάλλεσθαι.

2131 3580 2244 3645 λγ¹.
2278 3578 2419 3644 Οῖας
2444 3578 2668 3647 ἡμέρας
2696 3576 2791 3629 δεῖ
2811 3577 3017 3645 ἀργεῖν
3044 3574 3185 3639 τοὺς
3208 3573 3467 3639 οἰκέτας.

2131 3671 2243 3725 λδ’.
2282 3672 2466 3736 Ποίας
2483 3670 2657 3739 ὧρας,
2696 3670 2792 3723 καὶ
2818 3670 2973 3724 διατί
2993 3670 3063 3723 ἐν
3083 3670 3319 3733 ταύταις
3337 3666 3435 3721 δεῖ
3450 3670 3701 3736 προσεύ-

2205 3767 2437 3831 χεσθαι.

2132 3860 2239 3911 λε’.
2292 3856 2555 3911 Ἰακώϐου
2585 3855 2688 3909 τοῦ
2710 3853 2976 3924 ἀδελφοῦ
3001 3852 3254 3921 Χριστοῦ
3278 3850 3553 3919 διάταξις
3576 3851 3701 3919 περὶ

2204 3948 2544 4017 ἑσπερινοῦ.

2136 4044 2253 4105 λς’.
2284 4037 2721 4108 Προσφώνησις
2748 4040 3116 4107 ἐπιλύχνιος.

2134 4132 2242 4193 λζ’.
2283 4134 2654 4201 Εὐχαριστία
2679 4133 3047 4200 ἐπιλύχνιος.

2136 4228 2254 4292 λη’.
2299 4227 2386 4279 Εὐ
2390 4226 2669 4294 χαριστία
2700 4223 2957 4293 όρθρινή.

2135 4318 2246 4371 λθ.
2285 4318 2631 4385 Χειροθεσία
2648 4316 2907 4385 ὀρθρινή.

2058 4452 2111 4512 D
2132 4414 2212 4477 μ’.
2267 4408 2618 4477 Ἐπίκλησις
2646 4410 2744 4462 ἐπὶ
2775 4409 3081 4479 ἀπαρχῶν.

2130 4509 2249 4572 μα’.
2281 4502 2716 4572 Προσφώνησις
2743 4504 2894 4570 ὑπὲρ
2915 4501 3033 4556 τῶν
3062 4499 3523 4571 κεκοιμημένων.

2129 4597 2245 4665 μϐ.
2274 4594 2406 4660 Πῶς
2425 4594 2521 4648 δεῖ
2542 4595 2640 4647 καὶ
2660 4595 2804 4647 πότε
2833 4596 3103 4663 γίνεσθαι
3130 4597 3235 4660 τὰς
3258 4592 3378 4647 τῶν
3410 4594 3701 4663 κοιμηθέν-

2205 4704 2324 4740 των
2342 4686 2573 4741 πιστῶν
2584 4687 2816 4756 μνείας
2846 4686 2944 4740 καὶ
2967 4687 3055 4740 ὅτι
3077 4687 3146 4739 ἐκ
3172 4685 3291 4739 τῶν
3316 4687 3700 4754 ὑπαρχόντων

2204 4778 2409 4845 αὐτοῖς
2437 4778 2533 4833 δεῖ
2554 4779 2917 4849 παρέχεσθαι
2946 4778 3185 4847 πένησι.

2129 4877 2246 4940 μγ.
2290 4872 2410 4925 ’Ὁτι
2449 4872 2589 4938 τοὺς
2617 4872 2855 4939 ἀσεϐεῖς
2899 4870 3303 4939 τελευτῶντας
3346 4870 3532 4932 οὐδὲν
3574 4872 3701 4948 655-8-

2203 4964 2384 5019 λοῦσι
2406 4964 2624 5036 μνεῖαι,
2652 4966 2691 5035 ἢ
2724 4969 2985 5022 ἑντολαί.

2131 5065 2246 5135 μδ.
2272 5065 2414 5134 Περὶ
2435 5066 2736 5134 μεθύσων.
3718 5089 3724 5125 ε

2128 5172 2238 5233 με’.
2271 5164 2411 5233 Περὶ
2438 5164 2544 5218 τοῦ
2581 5161 2980 5231 ὑποδέχεσθαι
3008 5158 3151 5236 τοὺς
3177 5157 3275 5213 διὰ
3299 5156 3564 5227 Χριστὸν
3587 5158 3726 5227 διωο,

2205 5259 2525 5329 κομένους.

2130 5352 2254 5421 μςν.
2294 5352 2419 5405 ’Ότι
2444 5347 3077 5423 ἓκαστοςὲνῷέτάχθη
3110 5346 3333 5416 κλήρῳ,
3358 5347 3589 5416 ὀφείλει
3613 5348 3703 5417 ἐμ-

2200 5446 2428 5517 μένειν,
2486 5444 2584 5499 καὶ
2631 5441 2958 5513 φυλάττειν
3007 5439 3124 5509 τὴν
3178 5440 3371 5505 τάξιν,
3417 5440 3583 5498 ἀλλὰ
3622 5438 3700 5511 μὴ

2200 5537 2390 5605 ἑαυτῷ
2420 5535 2698 5607 ἁρπάζειν
2728 5535 2801 5588 τὰ
2821 5534 2908 5604 μὴ
2938 5531 3409 5604 ἑγχειρισθέντα.

2132 5724 2238 5797 μζ.
2270 5727 2532 5791 Κανόνες
2559 5721 3069 5792 ἐκκλησιαστικοί.
