3886 6190
245 284 383 342 1061

546 412 985 500 ΒΙΒΛΙΟΝ
1041 412 1519 500 ΟΓΔΟΟΝ.

1155 286 1755 344 CONSTITUTIONES
1786 286 2258 344 APOSTOLICIE.
2294 316 2365 327 —
2398 285 2526 341 LIB.
2563 282 2696 339 VIII.

1853 412 1901 469 Δ

3366 278 3508 337 1062

2217 418 2579 506 LIBER
2655 412 3231 506 OCTAVUS.

230 555 427 609 ΠΕΡΙ
444 555 939 616 ΧΑΡΙΣΜΑΤΩΝ,
974 555 1109 606 ΚΑΙ
1134 554 1651 617 ΧΕΙΡΟΤΟΝΙΩΝ,
1694 556 1815 607 ΚΑ]

1929 553 2681 617 DECHARISMATIBUS,
2709 551 2803 607 ΕΤ
2822 547 3504 618 ΟΗΒΙΝΑΤΙΟΝῙΒΗΒ,

505 626 859 678 ΚΑΝΟΝΩΝ
878 626 1555 678 ΕΚΚΑΗΣΙΑΣΤΙΚΩΝ.

785 852 1183 905 ΚΕΦΑΛΑΙΟΝ
1212 854 1288 905 Α’.

2101 628 2195 683 ET
2220 623 2827 683 ECCLESIASTICIS
2866 620 3325 678 CANONIBUS.

2432 851 2662 909 CAPUT
2710 850 3004 907 PRIMUM.

234 947 428 1005 Τίνων
469 944 645 1015 χάριν
685 944 800 1017 (71)
841 944 1255 1018 ἐπιτελοῦνται
1298 947 1357 997 αἱ
1397 945 1516 997 τῶν
1558 944 1815 1013 σημείων

1929 950 2110 1016 Quare
2163 958 2212 1003 et
2241 957 2452 1018 propter
2482 962 2738 1018 quosnam
2767 945 2994 999 edantur
3043 945 3194 1015 signa
3239 951 3287 998 et
3336 943 3504 997 mira-

874 1014 1178 1083 δυνάμεις.

305 1107 415 1160 Τοῦ
438 1106 571 1161 Θεοῦ
610 1108 703 1161 καὶ
735 1107 991 1179 Σωτῆρος
1033 1106 1191 1178 ἡμῶν
1250 1104 1426 1177 Ἰησοῦ
1465 1103 1703 1177 Χριστοῦ
1758 1105 1820 1157 τὸ

224 1201 385 1270 μέγα
414 1200 515 1270 τῆς
542 1199 827 1263 εὐσεϐείας
866 1202 1002 1270 ἡμῖν
1048 1198 1438 1270 παραδιδόντος
1495 1201 1815 1271 μυστήριον,

223 1294 328 1346 καὶ
359 1293 845 1365 προσκαλουμένω
890 1291 1175 1355 Ἰουδαίους
1221 1309 1280 1344 τε
1314 1294 1408 1345 καὶ
1441 1292 1709 1363 Ἕλληνας
1738 1296 1818 1357 είς

221 1386 530 1455 ἐπίγνωσιν
562 1385 656 1438 τοῦ
687 1386 806 1448 ἐνὸς
838 1387 931 1439 καὶ
967 1385 1128 1456 μόνου
1160 1384 1414 1456 ἀληθινοῦ
1435 1384 1569 1437 Θεοῦ
1602 1385 1817 1456 Πατρὸς

219 1479 399 1533 αὐτοῦ
430 1479 541 1550 (72)
562 1519 576 1543 ,
607 1478 790 1543 καθὼς
818 1479 981 1543 αὐτός
1012 1479 1115 1532 πού
1147 1496 1312 1551 φησιν
1353 1478 1690 1550 εὐχαριστῶν
1722 1479 1816 1531 ἐπὶ

218 1574 295 1642 τῇ
320 1572 565 1643 σωτηρίᾳ
590 1570 698 1625 τῶν
726 1571 1149 1625 πιστευσάντων·
1188 1591 1207 1623 ε
1248 1571 1602 1643 Ἐφανέρωσά
1632 1588 1723 1624 σου
1754 1571 1815 1624 τὸ

218 1662 400 1733 ὄνομα
429 1666 541 1727 τοῖς
567 1661 891 1735 ἀνθρώποις,
926 1664 987 1717 τὺ
1012 1663 1172 1736 ἔργον
1200 1664 1229 1716 ὃ
1285 1663 1490 1726 ἔδωκάς
1551 1681 1663 1733 μοι,
1696 1665 1814 1715 ἐτε-

2631 1017 2773 1070 cula.

1993 1113 2131 1169 Cum
2180 1111 2324 1167 Deus
2397 1118 2453 1165 et
2506 1109 2755 1165 Salvator
2802 1116 2989 1164 noster
3039 1106 3198 1162 Jesus
3242 1105 3501 1161 Christus

1919 1220 2176 1275 magnum
2210 1202 2429 1274 pietatis
2462 1208 2865 1258 sacramentum
2897 1200 3055 1253 nobis
3087 1198 3287 1260 tradat,
3322 1204 3375 1251 et
3404 1195 3503 1250 Ju—

1918 1297 2065 1352 daeos
2100 1297 2442 1368 gentilesque
2495 1297 2686 1349 invitet
2723 1293 2791 1348 ad
2845 1292 3177 1363 agnitionem
3240 1290 3403 1345 unius
3435 1304 3501 1345 ac

1919 1388 2090 1443 solius
2120 1388 2236 1443 veri
2263 1387 2358 1443 Dei
2407 1386 2587 1442 Patris
2616 1386 2701 1443 sui
2735 1385 2779 1417 ⁹¹
2813 1403 2829 1452 ;
2866 1381 3323 1454 quemadmodum
3381 1381 3501 1451 ipse

1917 1481 2140 1544 alicubi,
2185 1481 2389 1551 gratias
2425 1480 2491 1535 de
2521 1481 2698 1535 salute
2749 1477 3090 1532 credentium
3151 1488 3337 1544 agens,
3372 1472 3448 1525 ait
3478 1487 3496 1526 :

1922 1592 1940 1625 ι
1970 1573 2309 1629 Manil‘estavi
2344 1588 2544 1628 nomen
2588 1580 2740 1626 tuum
2780 1571 3132 1633 hominibus;
3173 1580 3325 1636 opus
3349 1563 3496 1635 quod

1915 1665 2110 1721 dedisti
2150 1666 2304 1730 mihi,
2347 1663 2723 1721 consummavi
2769 1665 2834 1731 ";
2871 1683 2890 1715 ι
2937 1674 3171 1730 cumque
3217 1658 3286 1713 de
3334 1656 3495 1716 nobis

215 1753 446 1807 λείωσα·
474 1774 493 1805 ι
528 1756 623 1808 καὶ
652 1756 782 1827 περὶ
825 1755 982 1826 ἡμῶν
1012 1756 1263 1824 λέγοντος
1309 1754 1389 1826 τῷ
1422 1755 1615 1826 Πατρί·
1655 1774 1672 1806 ι
1700 1756 1812 1808 Πά-

1915 1758 2061 1811 dicat
2093 1756 2238 1811 Patri
2266 1776 2278 1811 :
2305 1776 2322 1808 ‹
2350 1756 2513 1812 Pater
2542 1764 2732 1813 sancte
2752 1797 2767 1822 ,
2800 1756 2905 1811 etsi
2930 1753 3167 1809 mundus
3192 1758 3247 1805 te
3272 1764 3383 1804 non
3402 1762 3497 1804 co-

214 1866 323 1921 τερ
344 1848 491 1917 ἆγιε,
520 1851 569 1901 εί
598 1849 737 1901 καὶὸ
766 1848 971 1919 κόσμος
1015 1864 1075 1901 σε
1119 1849 1220 1901 οὐκ
1264 1846 1426 1915 ἔγνω,
1459 1846 1571 1900 ἀλλ’
1607 1846 1717 1915 ἐγώ
1750 1865 1808 1899 σε

1912 1850 2099 1921 gnovit
2126 1869 2141 1916 ;
2175 1859 2230 1904 at
2255 1865 2356 1920 ego
2380 1857 2436 1905 te
2457 1850 2709 1921 cognovi,
2731 1857 2785 1904 et
2806 1850 2861 1903 hi
2880 1855 2933 1903 te
2957 1849 3333 1914 cognoverunt
3354 1841 3401 1874 "
3424 1858 3444 1909 ;
3464 1859 3486 1894 ι

214 1941 419 2009 ἔγνων,
448 1942 541 1994 καὶ
559 1934 704 1994 οὗτοί
736 1958 797 1995 σε
843 1940 1088 2009 ἔγνωσαν
1121 1940 1288 2013 (75)·›
1341 1941 1588 2003 εἰκότως,
1632 1940 1709 2003 ὡς
1741 1939 1808 1993 ἂν

211 2034 656 2105 τετελειωμένων
685 2032 863 2104 ἡμῶν,
894 2034 1028 2104 φησὶ
1059 2034 1225 2085 πᾶσιν
1263 2032 1401 2103 ἅμα,
1438 2032 1567 2103 περὶ
1594 2032 1702 2085 τῶν
1747 2030 1808 2096 ἐξ

212 2123 391 2179 αὐτοῦ
416 2125 510 2179 διὰ
555 2124 650 2177 τοῦ
698 2124 1018 2195 Πνεύματος
1080 2124 1370 2195 διδομένων
1428 2123 1801 2194 χαρισμάτων·

215 2237 242 2269 ι
258 2219 468 2289 Σημεῖα
496 2217 553 2270 δὲ
569 2220 679 2281 τοῖς
709 2217 1084 2280 πιστεύσασιν,
1115 2216 1288 2268 ταῦτα
1309 2214 1801 2287 παρακολουθήσει·

209 2309 279 2362 ἐν
322 2308 403 2378 τῷ
446 2308 670 2379 ὀνόματί
731 2325 832 2379 μου
869 2308 1119 2379 δαιμόνια
1175 2306 1483 2361 ἐκϐαλοῦσι·
1533 2306 1805 2376 γλώσσαις

209 2402 431 2463 καιναῖς
447 2399 791 2471 λαλήσουσιν·
854 2399 1006 2469 ὄφεις
1040 2399 1254 2472 ἀροῦσι·
1288 2399 1391 2453 κᾶν
1425 2399 1723 2471 θανάσιμόν
1750 2418 1803 2454 τι

208 2494 440 2556 πίωσιν,
468 2495 530 2547 οὐ
564 2493 637 2565 μὴ
659 2495 857 2557 αὐτοὺς
888 2492 1097 2563 βλάψει·
1137 2494 1230 2546 ἐπὶ
1267 2491 1586 2564 ἀρρώστους
1613 2493 1803 2564 χεῖρας

208 2585 564 2658 ἐπιθήσουσι,
589 2587 682 2640 καὶ
712 2567 1111 2651 καλῶς’ἕξουσι.
1139 2604 1156 2635 ι
1177 2586 1394 2639 Τούτων
1411 2585 1518 2638 τῶν
1538 2586 1804 2658 χαρισμά-

206 2695 325 2733 των
354 2678 618 2750 πρότερον
643 2680 740 2749 μὲν
760 2681 891 2749 ἡμῖν
911 2678 1171 2731 δοθέντων
1188 2681 1298 2741 τοῖς
1317 2678 1653 2746 ἀποστόλοις,
1683 2678 1804 2749 μέλ-

203 2768 367 2822 λουσι
395 2769 456 2823 τὸ
476 2766 807 2838 Εὐαγγέλιον
853 2756 1238 2838 καταγγέλλειν
1281 2768 1432 2843 πάσῃ
1479 2772 1544 2841 τῇ
1605 2770 1796 2823 κτίσει·

200 2862 404 2915 ἔπειτα
431 2862 487 2916 δὲ
521 2865 634 2925 τοῖς
688 2862 755 2915 δι’
794 2865 827 2933 ὴ
838 2862 953 2934 μῶν
987 2862 1336 2915 πιστεύσασιν
1358 2862 1672 2931 ἀναγκαίως
1709 2880 1802 2934 χο-

205 2955 590 3026 ρηγουμένων·
632 2957 732 3009 οὐκ
748 2957 828 3019 είς
851 2956 951 3026 τὴν
982 2954 1088 3008 τῶν
1105 2954 1469 3025 ἐνεργούντων
1490 2954 1758 3025 ὠφέλειαν
1781 2995 1795 3019 ,

202 3045 326 3100 ἀλλ’
362 3048 441 3110 εἰς
456 3047 556 3118 τὴν
582 3048 689 3101 τῶν
722 3048 967 3100 ἀπίστων
1001 3046 1417 3116 συγκατάθεσιν,
1459 3047 1545 3099 ἵνα
1573 3045 1667 3109 οὓς
1699 3047 1798 3100 οὐκ

1912 1944 2104 1996 merito
2153 1943 2410 1997 omnibus
2473 1943 2660 2007 simul,
2708 1948 2917 2011 ~utpote
2979 1939 3074 2010 qui
3131 1938 3305 2004 simus
3357 1951 3493 1992 con-

1910 2036 2185 2100 summati,
2216 2036 2293 2088 ait
2324 2036 2390 2090 de
2428 2035 2875 2098 charismatibus,
2914 2049 3036 2103 qua:
3065 2032 3183 2103 ipse
3230 2046 3329 2101 per
3365 2028 3495 2101 Spi-

1908 2129 2071 2180 ritum
2132 2127 2280 2180 dedit
2334 2146 2346 2181 :
2400 2144 2420 2179 ι
2475 2125 2641 2197 Signa
2710 2134 2890 2181 autem
2941 2141 3038 2181 eos
3083 2125 3177 2195 qui
3235 2124 3490 2181 credide-

1906 2219 2039 2282 rint,
2104 2218 2219 2273 haec
2275 2218 2708 2289 sequenturzln
2762 2218 2983 2273 nomine
3038 2232 3160 2272 meo
3220 2216 3490 2275 dmmonia

1905 2310 2161 2379 ejicient;
2192 2311 2393 2382 linguis
2411 2312 2570 2366 novis
2598 2313 2890 2381 loquentur
2913 2328 2927 2379 ;
2957 2317 3237 2380 serpentes
3261 2309 3484 2377 tollent;

1904 2408 1959 2455 et
1988 2402 2033 2457 si
2057 2403 2401 2458 mortiferum
2448 2403 2582 2475 quid
2612 2404 2874 2466 biberint,
2922 2419 3029 2457 nou
3073 2403 3156 2458 eis
3220 2402 3480 2466 nocebit;

1900 2503 2065 2560 super
2084 2507 2259 2564 aegros
2281 2509 2479 2551 manus
2502 2496 2805 2566 imponent,
2828 2503 2884 2552 et
2902 2497 3039 2553 bene
3061 2498 3336 2554 habebunt
3354 2494 3420 2548 “.
3450 2510 3469 2542 ο

1902 2580 2035 2648 Quae
2058 2585 2387 2642 charismata
2416 2602 2514 2643 seu
2542 2588 2692 2645 dona
2717 2590 2871 2661 prius
2901 2590 3118 2659 quidem
3158 2590 3317 2643 nobis
3343 2601 3478 2656 apo-

1904 2676 2059 2730 stolis
2104 2675 2304 2729 tradita
2343 2687 2491 2741 sunt,
2520 2679 2613 2748 qui
2639 2679 2787 2731 omni
2823 2684 3093 2731 creaturae
3124 2675 3479 2747 praedicaturi

1903 2784 2124 2825 eramus
2169 2769 2563 2841 Evangelium;
2605 2779 2793 2841 postea
2831 2783 2964 2824 vero
3033 2768 3351 2823 necessario
3388 2767 3484 2830 iis,

1901 2863 1993 2932 qui
2034 2878 2131 2932 per
2160 2878 2263 2918 nos
2294 2862 2674 2925 crediderunt,
2706 2861 3020 2931 praebentur
3046 2878 3060 2928 ;
3092 2876 3203 2916 non
3230 2860 3299 2914 ad
3331 2859 3484 2913 utili-

1902 2963 2066 3009 tatem
2099 2970 2164 3009 ea
2196 2956 2561 3025 operantium,
2597 2953 2693 3009 sed
2750 2954 2818 3007 ad
2853 2952 3155 3007 inﬁdelium
3201 2952 3483 3008 assensio—-

1900 3064 2023 3103 nem
2050 3065 2064 3115 ;
2092 3057 2151 3101 ut
2181 3048 2380 3118 quibus
2403 3062 2512 3101 non
2538 3046 2813 3115 persuasit
2846 3060 3047 3106 sermo,
3076 3045 3175 3100 hos
3204 3045 3381 3098 virtus
3405 3043 3482 3100 sia

196 3136 429 3191 ἔπεισεν
444 3139 472 3190 ὁ
498 3138 674 3207 λόγος,
703 3138 925 3202 τούτους
941 3141 974 3209 ἡ
1011 3138 1117 3191 τῶν
1147 3139 1385 3209 σημείων
1402 3137 1697 3212 δυσωπήσῃ
1711 3138 1798 3191 δύ-

1902 3155 2132 3211 gnorum
2159 3138 2341 3195 ﬁectat
2366 3154 2430 3194 ac
2454 3138 2664 3208 pudore
2694 3136 2911 3191 alliciat.
2967 3134 3132 3206 Signa
3184 3135 3332 3190 enim
3367 3149 3481 3189 non

203 3247 393 3301 ναμις·
426 3230 494 3283 τά
520 3231 630 3302 γάρ
657 3234 858 3302 σημεῖα
885 3231 946 3283 ού
969 3234 1082 3293 τοῖς
1110 3233 1320 3293 πιστοῖς
1340 3233 1496 3301 ἡμῖν,
1516 3229 1652 3284 ἀλλά
1680 3233 1795 3288 τοῖς

199 3321 483 3385 ἀπίστοις,
532 3322 796 3375 Ἰουδαίων
837 3340 897 3375 τε
927 3323 1021 3376 καὶ
1079 3321 1363 3393 Ἑλλήνων·
1410 3319 1533 3373 οὒτε
1566 3320 1676 3393 γὰρ
1734 3324 1795 3374 τὸ

195 3412 471 3484 δαίμονας
501 3414 780 3468 ἐκϐάλλειν
810 3416 1079 3487 ἡμέτερον
1108 3414 1315 3485 κέρδος,
1348 3413 1483 3466 ἀλλά
1506 3413 1613 3467 τῶν
1652 3415 1797 3486 ἐνερ-

202 3504 338 3576 γείᾳ
369 3506 574 3577 Κυρίου
606 3507 1039 3579 καθαιρομένων·
1087 3505 1271 3570 καθὼς
1302 3506 1465 3570 αὐτός
1517 3524 1619 3560 που
1661 3524 1791 3559 παι-

196 3594 382 3653 δεύων
404 3601 551 3670 ἡμᾶς
591 3600 620 3651 ὁ
663 3599 866 3672 Κύριος
904 3599 1140 3653 δείκνυσι
1170 3599 1362 3668 λέγων·
1401 3619 1420 3651 ι
1460 3600 1550 3672 Μὴ
1571 3602 1790 3671 χαίρετε

200 3688 293 3743 δτι
324 3689 394 3743 τά
421 3691 707 3763 πνεύματα
759 3693 889 3764 ὑμῖν
918 3691 1272 3756 ὑπακούεται,
1306 3692 1441 3747 ἀλλά
1472 3694 1690 3767 χαίρετε
1709 3696 1790 3749 ὅτι

200 3782 278 3836 τὰ
308 3783 547 3855 ὀνόματα
573 3785 726 3856 ὑμῶν
764 3785 1081 3856 γέγραπται
1107 3786 1166 3837 ἐν
1198 3784 1276 3856 τῷ
1305 3785 1572 3857 ούρανῷη
1605 3788 1790 3859 ἐπειδὴ

200 3874 270 3928 τὸ
306 3877 403 3946 μὲν
436 3877 600 3930 αὑτοῦ
632 3877 854 3948 δυνάμει
884 3877 1115 3945 γίνεται,
1147 3877 1208 3930 τὸ
1241 3878 1297 3930 δὲ
1322 3879 1573 3951 ἡμετέρᾳ
1605 3880 1789 3951 εὐνοία

199 3967 304 4020 καὶ
334 3968 559 4039 σπουδῇ,
591 3969 746 4041 δῆλον
778 3970 857 4021 ὃτι
902 3968 1285 4040 βοηθουμένοις
1339 3970 1429 4022 ὑπ’
1455 3969 1641 4023 αὑτοῦ.
1674 3972 1789 4025 Οὐκ

200 4058 521 4127 ἐπάναγκες
547 4055 641 4113 οῦν
675 4060 852 4114 πάντα
888 4060 1077 4113 πιστὸν
1109 4059 1371 4130 δαίμονας
1416 4060 1717 4125 ἐκϐάλλειν,
1751 4063 1784 4134 ἢ

197 4152 434 4221 νεκροὺς
465 4152 706 4222 ἀνιστᾷν,
738 4151 770 4221 ἢ
799 4150 1071 4220 γλώσσαις
1097 4150 1294 4205 λαλεῖν·
1320 4152 1456 4205 ἀλλά
1500 4153 1591 4206 τὸν
1622 4152 1786 4218 ἀξιω-

198 4240 369 4294 Θέντα
397 4244 737 4315 χαρίσματος
768 4244 861 4296 ἐπί
890 4260 995 4297 τινι
1021 4244 1177 4315 αἰτία
1208 4244 1476 4316 χρησίμῃ,
1503 4245 1584 4308 είς
1611 4262 1787 4316 σωτη-

198 4333 331 4406 ρίαν
356 4335 461 4388 τῶν
481 4337 745 4399 ἀπίστων,
769 4336 1196 4406 δυσωπουμένων
1224 4335 1481 4400 πολλάκις
1500 4337 1561 4389 ού
1589 4340 1654 4408 τῇ
1672 4338 1783 4408 (74)

194 4425 314 4479 τῶν
342 4425 512 4495 λόγων
535 4427 827 4493 ἀποδείξει,
847 4428 982 4482 ἀλλά
1006 4430 1071 4499 τῇ
1102 4428 1209 4481 τῶν
1240 4430 1482 4500 σημείων
1508 4431 1780 4503 ἐνεργείᾳ,

1900 3232 2059 3287 nobis
2093 3231 2343 3288 ﬁdelibus
2388 3232 2646 3294 eduntur,
2682 3229 2779 3286 sed
2820 3228 3150 3293 inﬁdelibus,
3206 3243 3331 3282 cum
3384 3227 3484 3281 ιιι-

1898 3323 2161 3389 dzeorum,
2215 3332 2329 3378 tum
2360 3322 2693 3378 Graecorum.
2762 3319 2949 3392 Neque
2999 3322 3143 3376 enim
3204 3319 3481 3375 daemones

1895 3416 2095 3486 ejicere
2125 3424 2373 3471 nostrum
2404 3416 2835 3472 emolumentum
2856 3420 2960 3481 est,
3003 3413 3100 3469 sed
3139 3428 3330 3467 eorum
3383 3413 3478 3483 qui

1896 3524 1993 3577 per
2044 3507 2259 3562 Domini
2307 3510 2685 3578 operationem
2766 3517 3121 3577 purgantur;
3170 3506 3316 3560 sicut
3360 3505 3480 3575 ipse

1895 3598 2180 3663 Dominus,
2213 3616 2314 3655 nos
2342 3600 2620 3664 erudiens,
2647 3598 2911 3661 ostendit,
2945 3598 3217 3652 dicendo:
3251 3616 3271 3648 ι
3297 3596 3478 3652 Nolite

1894 3691 2151 3762 gaudere,
2178 3694 2306 3762 quia
2338 3692 2566 3763 spiritus
2596 3693 2757 3747 vobis
2791 3690 3076 3756 obediunt;
3107 3689 3202 3745 sed
3221 3688 3474 3759 gaudete.

1892 3784 2036 3853 quod
2090 3785 2313 3838 nomina
2379 3791 2564 3840 vestra
2618 3784 2825 3853 scripta
2875 3790 3003 3837 sunt
3059 3782 3115 3835 in
3168 3782 3309 3836 cmlo
3351 3781 3475 3847 "'p

1893 3875 2114 3945 quando
2140 3875 2274 3930 illud
2303 3876 2522 3948 quidem
2566 3876 2740 3947 ipsius
2766 3875 2965 3929 virtute
2993 3872 3093 3941 lit;
3139 3873 3245 3927 hoc
3292 3880 3473 3928 autem

1889 3977 2081 4025 nostro
2119 3968 2317 4025 all‘ectu
2368 3984 2432 4023 ac
2488 3969 2694 4032 studio,
2754 3967 2940 4032 nobis,
2970 3966 3257 4030 videlicet,
3314 3963 3384 4021 ab
3406 3978 3474 4019 ec

1890 4063 2116 4133 adjutis.
2139 4062 2262 4118 Non
2286 4078 2417 4133 ergo
2447 4077 2675 4117 necesse
2722 4069 2806 4117 est
2834 4069 2895 4114 ut
2945 4060 3127 4115 omnis
3158 4058 3334 4114 ﬁdelis
3362 4057 3474 4111 dae-

1889 4170 2081 4210 mones
2111 4155 2367 4225 expellat,
2409 4163 2503 4208 aut
2532 4155 2760 4210 suscitet
2808 4160 3056 4209 mortuos
3081 4191 3096 4217 ,
3130 4161 3222 4205 aut
3271 4151 3471 4220 linguis

1889 4250 2164 4319 loquatur,
2187 4247 2282 4303 sed
2315 4248 2364 4302 is
2391 4249 2485 4318 qui
2508 4248 2838 4302 charismate
2859 4245 3116 4315 dignatus
3138 4250 3223 4298 est
3251 4248 3471 4312 propter

1888 4343 2125 4413 aliquam
2157 4356 2382 4396 causam
2411 4341 2622 4404 utilem,
2655 4338 2722 4393 ad
2751 4339 2981 4393 salutem
3015 4334 3336 4397 inﬁdelium,
3372 4334 3467 4403 qui

1888 4452 2030 4506 saepe
2050 4450 2159 4489 non
2190 4449 2507 4491 sermonum
2528 4432 3023 4496 demonstratione,
3054 4428 3149 4485 sed
3182 4426 3467 4497 signorum

194 4516 371 4584 ἀξίων
400 4520 567 4574 ὄντων
602 4522 892 4593 σωτηρίας·
941 4521 1061 4574 οὐδὲ
1094 4520 1202 4592 γὰρ
1233 4522 1435 4585 πάντες
1485 4524 1535 4575 οἱ
1568 4523 1784 4588 ἀσεϐεῖς

1902 4530 2202 4598 )peratione
2229 4537 2662 4591 commoventur,
2689 4526 2893 4596 quique
2913 4523 3064 4591 digni
3094 4532 3223 4577 sunt
3251 4521 3463 4586 salute;

202 4609 309 4664 ὕπὸ
341 4612 447 4666 τῶν
479 4613 769 4684 θαυμάτων
797 4613 1165 4685 ὲντρέπονται·
1212 4616 1305 4668 καὶ
1336 4614 1524 4689 τούτου
1572 4616 1783 4687 μάρτυς

273 4770 319 4805 ἰ
357 4769 543 4827 ΙΤὶιιι.
581 4789 665 4836 ιιι,
694 4773 762 4828 l6
856 4777 903 4808 ”
939 4775 1098 4832 Joan.
1132 4792 1269 4842 xvn,
1301 4778 1357 4843 6,
1381 4780 1437 4835 4.

1548 4781 1596 4813 ⁵³
1630 4779 1766 4838 Ibid.
1788 4783 1871 4846 ll,
1896 4783 1987 4841 25.

1888 4635 1997 4674 non
2028 4620 2176 4675 enim
2233 4634 2426 4676 omnes
2477 4619 2634 4690 impii
2691 4616 2974 4672 miraculis
3027 4618 3459 4669 convertuntur:

2099 4779 2147 4813 “
2173 4779 2342 4836 Marc.
2377 4797 2490 4844 xvr,
2526 4781 2614 4841 l7,
2648 4781 2736 4836 l8.
2769 4781 2847 4814 ’δ’
2876 4778 3009 4835 Luc.
3044 4795 3098 4845 ιι,
3121 4777 3213 4832 20.

1517 4932 1879 4991 VARIORUM
1912 4936 2140 4991 NOTAE.

272 5065 389 5136 (Ἠ)
419 5067 610 5143 ,Τίνων
637 5068 831 5143 χάριν,
854 5077 963 5143 etc.
997 5069 1210 5126 Habent
1232 5074 1434 5143 gemini
1464 5073 1629 5129 codd.
1655 5089 1670 5127 :
1700 5074 1784 5128 ὃτι

192 5137 268 5215 τά
298 5136 615 5215 χαρίσματα
647 5136 1042 5215 τῶνίαμάτων,
1066 5144 1170 5215 ’καὶ
1189 5136 1514 5215 τῷνγλοιπῶν
1537 5144 1786 5215 σημείων

194 5207 325 5277 οὐχὶ
343 5207 407 5259 δι’
428 5207 692 5276 ὠφέλειαν
721 5207 1222 5283 τῶνένεργούντων
1249 5214 1469 5276 δίδοται,
1499 5207 1632 5266 ἀλλᾶ
1655 5214 1788 5285 πρὸς

196 5278 575 5337 πληροφορίαν
618 5279 726 5331 τῶν
758 5281 1019 5337 ἀπίστων.
1054 5284 1148 5335 καὶ
1180 5284 1260 5336 ὅτι
1297 5285 1398 5337 οὐκ
1417 5283 1628 5337 ἀνάγκη
1651 5285 1788 5337 πάν-

196 5294 575 5349 πληροφοριαν
618 5296 726 5331 των
758 5294 1019 5345 ἀπίστων,
1054 5294 1148 5335 καὶ
1180 5294 1260 5336 οτι
1297 5294 1398 5337 ουκ
1417 5294 1628 5356 ἀνάγκη
1651 5294 1789 5337 πάν-

190 5364 269 5403 τα
298 5348 499 5420 πιστὸν
530 5354 754 5420 σημεῖον
784 5356 976 5405 ποιεῖν.
1047 5352 1215 5407 CLEB.

271 5417 389 5501 (72)
418 5417 647 5501 ῌατρῦς
687 5422 906 5501 αὐτοῦ.
958 5422 1166 5501 Desunt
1223 5424 1278 5501 in
1310 5424 1481 5501 altero
1503 5424 1655 5501 cod,
1681 5439 1781 5501 nec

197 5488 514 5564 necessaria
574 5499 740 5564 sunt,
786 5506 913 5564 nam
968 5494 996 5545 ό
1047 5488 1127 5556 εἴς
1178 5495 1271 5548 καλ⁸
1332 5493 1489 5564 μόνος
1528 5494 1778 5564 ἀληθινὸς

194 5558 335 5685 ἓῗός
368 5575 438 5681 te}
463 5561 754 5682 Isententia
788 5563 1113 5617 Arianorum
1156 5566 1306 5623 solus
1333 5558 1626 5619 'estPater'
1649 5564 1778 5619 Jesu

264 5643 363 5684 ms
390 5645 427 5683 ι.
485 5644 539 5683 n.

274 5669 715 5765 ίζίὲιῖίῖέιιίόὗτοί
756 5716 831 5756 σε
876 5701 1172 5765 ἔγνωσαν.
1230 5702 1457 5760 Joannis
1505 5720 1639 5762 xv".
1683 5704 1775 5760 25:

198 5761 314 5824 καὶ
341 5761 486 5823 οὗτοι
512 5770 757 5839 ἔγνωσαν
772 5772 853 5826 ὅτι
881 5761 943 5826 σῦ
979 5790 1044 5844 με
1086 5774 1426 5838 ἀπέστειλας.
1484 5774 1549 5827 Ει
1584 5776 1635 5828 1ιί
1688 5791 1778 5828 co-

1879 5563 1977 5633 τὴν
2030 5564 2327 5636 ἐνέργειαν.
2394 5564 2606 5620 Revera
2642 5563 2846 5617 δυσωπ

1892 5085 2182 5144 gnoverunt
2204 5076 2329 5145 quia
2368 5084 2424 5127 tu
2469 5089 2549 5127 me
2579 5073 2792 5128 misisti.
2823 5070 2893 5125 At
2914 5069 3059 5126 enim
3087 5064 3265 5121 Nonni
3294 5061 3456 5118 Para-

1928 5146 2106 5199 hrasis
2136 5164 2149 5200 :

1889 5161 2313 5284 $52.12.,“
2342 5214 2500 5285 χορός
2533 5208 3413 5285 οὗτος’ἐμῶνλδεδάηκενηέταίρωεμ

1887 5272 2314 5355 Chrysostouius
2343 5272 2418 5342 in.
2436 5272 2637 5339 Catena
2668 5272 2942 5355 o'umtis;
2960 5272 3362 5355 _K&i__o_5ro_t_'6é
3389 5297 3449 5355 σε

1887 5349 2246 5421 ἕγνώσαν,ὂτι
2270 5355 2333 5407 σύ
2371 5372 2436 5425 με
2470 5354 2812 5416 ἀπέστειλας,
2841 5352 2932 5425 ubi
2959 5351 3012 5403 in
3032 5349 3363 5407 editionibus
3386 5352 3443 5405 S.

1887 5425 2150 5486 doctoris,
2177 5425 2238 5477 σέ
2269 5424 2398 5479 illud
2422 5440 2532 5478 non
2557 5432 2856 5493 comparet.
2889 5424 3024 5476 Cor.

2103 5494 2196 5561 Τῇ.
2245 5494 2395 5549 Alter
2415 5495 2537 5549 cod.
2587 5490 2695 5566 τήν
2740 5503 2793 5548 et
2848 5498 3034 5614 ἔθειρα
3068 5490 3336 5572 ἀπόδειξιν
3385 5502 3450 5543 ac

1953 5582 1977 5614 ν
2030 5564 2327 5614 ενέογειαν.
2394 5564 2605 5614 Revera
2660 5566 2846 5614 δυσωπ
2877 5578 3005 5614 auat
3078 5569 3447 5614 accusativum

2877 5578 3005 5632 ομαι
3078 5569 3447 5632 accusativum

1882 5628 2073 5712 regere
2122 5628 2283 5704 'a'pud
2347 5636 2521 5691 bonos
2576 5636 2875 5704 scriptores
2911 5628 3092 5712 'solet.
3166 5628 3273 5712 §ed
3331 5629 3447 5709 ele-

1883 5700 2191 5831 gantiocruni
2238 5721 2396 5761 usum
2460 5722 2574 5761 non
2631 5700 2845 5774 semper
2883 5701 3129 5773 sequitur
3176 5700 3266 5756 hic
3305 5700 3448 5755 scri-

1883 5783 2022 5831 utor.
2104 5791 2223 5830 LER.

1880 5783 2022 5846 ptor.
2058 5783 2223 5831 (Lean.
