3886 6190
447 281 587 338 ιῡιε

1369 278 1423 333 S.
1461 280 1855 337 CLEMENTlS
1892 284 1905 337 l
1942 280 2105 337 R031.
2144 280 2342 335 PONT.
2379 279 2607 335 OPERA
2640 278 2866 336 DUBIA.

3572 283 3708 337 ιθῦὗ

444 399 604 467 cujus
634 397 711 453 rei
748 398 919 453 .testis
951 399 1067 470 ipse
1101 397 1284 467 Deus;
1328 410 1386 455 ut
1415 403 1543 457 dum
1579 402 1712 457 dicit
1764 404 1821 454 in
1869 400 2017 471 lege:

2111 396 2288 460 ,αὐτὸς
2319 397 2347 448 ό
2374 395 2526 459 Θεὸς,
2576 397 2652 459 ὼς
2679 396 2805 448 ὃταν
2852 393 2986 467 λέγῃ
3013 394 3070 446 ὲν
3098 391 3176 463 τῷ
3205 392 3370 463 νόμῳ·
3437 410 3457 443 ι
3492 393 3622 445 Ὀτι
3652 397 3707 445 ἐν

449 509 467 541 ι
492 490 763 557 Quoniam
791 490 845 544 in
876 490 998 547 aliis
1040 492 1243 563 linguis
1272 494 1465 562 loquar
1514 495 1717 564 populo
1776 493 1924 555 huic,
1967 501 2021 546 et

442 583 496 637 in
536 582 697 637 labiis
729 583 888 644 aliis;
921 591 975 637 et
1009 600 1114 638 non
1146 586 1373 641 credent
1401 588 1469 641 ⁸⁵.
1502 608 1519 638 ι
1551 586 1661 640 Nec
1688 586 1838 641 enim
1867 583 2022 653 IEgi-

441 673 535 743 pIii
586 674 938 728 crediderunt
976 675 1123 739 Deo,
1183 694 1307 731 cum
1365 678 1578 750 Moyses
1622 686 1703 732 tot
1760 666 2025 746 tantaque

444 768 600 835 signa
633 775 687 821 et
727 768 971 837 prodigia
1002 766 1205 821 faceret
1232 786 1245 823 :
1276 783 1451 837 neque
1486 768 1779 823 multitudo
1807 766 2023 825 ludam-

443 874 565 913 rum
593 859 823 913 credidit
850 859 1091 922 Christo,
1124 860 1325 931 Moysis
1352 860 1517 913 simili
1546 862 1613 923 “,
1643 876 1767 914 cum
1800 876 2019 916 omnem

440 951 690 1002 morbum
724 966 1050 1020 omnemque
1073 952 1441 1007 inﬁrmitatem
1464 962 1721 1007 curaret:
1754 962 1809 1007 et
1843 968 2022 1023 neque

438 1039 562 1094 illos
602 1043 867 1109 permovit
905 1043 1055 1113 virga
1085 1044 1139 1097 in
1166 1052 1473 1113 serpentem
1502 1046 1762 1111 animata,
1794 1051 1849 1100 et
1900 1060 2021 1098 ma-

438 1148 547 1187 nus
571 1135 693 1188 alba
717 1134 882 1197 facta,
914 1136 1070 1191 Nilus
1093 1137 1145 1190 in
1164 1138 1485 1208 sanguinem
1510 1154 1705 1194 versus
1726 1139 1772 1170 "
1799 1157 1813 1205 ;
1842 1154 2021 1209 neque

438 1224 539 1280 hos
574 1227 703 1279 (ξωοί
738 1228 1007 1290 videntes,
1062 1230 1241 1284 claudi
1286 1231 1652 1298 ambulantes,
1701 1240 1756 1286 et
1814 1233 2016 1285 mortui

438 1319 751 1373 suscitati"
780 1339 792 1374 :
826 1335 891 1374 ac
944 1321 1022 1374 illi
1054 1322 1274 1391 quidem
1330 1323 1659 1378 resistebant
1711 1322 1918 1379 Jannes
1963 1334 2018 1377 et

438 1408 712 1465 Mambres
765 1412 847 1479 ὀς
910 1412 1038 1466 huic
1087 1430 1217 1469 vero
1272 1414 1458 1471 Annas
1507 1424 1561 1471 et
1617 1416 1873 1487 Caiphas.
1924 1415 2016 1471 Sic

437 1517 547 1556 non
581 1504 836 1559 omnibus
887 1506 1043 1576 signa
1088 1507 1454 1577 persuadent,
1505 1510 1601 1565 sed
1628 1510 1695 1564 iis
1747 1510 2016 1565 duntaxat

436 1596 530 1665 qui
570 1597 804 1653 candide
846 1598 914 1653 de
973 1600 1139 1654 rebus
1166 1600 1421 1669 judicant
1449 1620 1463 1668 ;
1494 1618 1727 1672 quorum
1758 1611 1813 1657 et
1844 1618 2014 1657 causa

434 1685 546 1742 Deo
578 1696 838 1759 tanquam
869 1692 1101 1760 sapienti
1148 1694 1477 1747 moderatori
1534 1694 1711 1764 placet
1756 1702 1813 1747 ut
1842 1695 2010 1747 mira-

432 1780 555 1834 cula
576 1789 994 1853 perpetrentur;
1029 1800 1138 1839 non
1162 1785 1446 1839 hominum
1477 1786 1710 1849 viribus,
1744 1786 1839 1841 sed
1912 1800 2011 1839 sua

431 1876 732 1931 voluntate.
761 1877 777 1908 ¹
809 1875 933 1930 Haec
961 1886 1142 1931 autem
1192 1877 1314 1931 ideo
1378 1892 1771 1941 memoramus,
1806 1887 1867 1931 ut
1918 1879 2012 1948 qui

430 1967 762 2024 charismata
804 1970 1119 2038 hujusmodi
1153 1979 1515 2040 acceperunt,
1547 1986 1655 2024 non
1704 1986 1763 2025 se
1813 1970 1869 2024 in
1916 1986 2012 2025 eos

430 2061 523 2129 qui
551 2076 662 2115 non
710 2070 1039 2130 acceperunt
1067 2063 1331 2129 elferant;
1385 2062 1718 2116 charismata
1752 2062 2010 2125 dicimus,

429 2167 550 2221 qua:
578 2168 673 2221 per
697 2154 963 2208 miracula
999 2174 1010 2208 :
1046 2155 1304 2224 quoniam
1328 2170 1489 2209 nemo
1512 2167 1594 2210 est
1613 2173 1708 2225 per
1729 2155 2010 2211 CIII-istum

428 2244 484 2297 in
520 2242 685 2298 Deinn
718 2246 971 2311 credens,
995 2248 1089 2316 qui
1132 2263 1240 2301 non
1271 2248 1542 2318 acceperit
1574 2248 1849 2303 charisma
1901 2249 2013 2319 spi-

427 2337 627 2392 ritIIale
661 2357 673 2393 :
715 2338 893 2408 ipsum
934 2340 1136 2395 etenim
1181 2341 1303 2407 hoc,
1349 2341 1635 2396 liberatum
1668 2357 1791 2397 esse
1846 2342 2013 2411 impio

426 2430 724 2485 multorum
746 2431 970 2485 deorum
996 2433 1168 2495 cultu,
1196 2444 1249 2487 et
1278 2433 1578 2489 credidisse
1600 2434 1708 2489 Deo
1740 2434 1883 2489 Patri
1918 2452 2013 2507 per

424 2520 1016 2586 Christum,charisma
1038 2524 1126 2580 Dei
1148 2533 1251 2591 est;
1271 2535 1329 2579 ut
1346 2535 1422 2590 et,
1442 2527 2010 2596 abjecisseJudaicum

425 2615 700 2679 velamen,
723 2630 786 2670 ac
811 2616 1111 2672 credidisse
1132 2618 1277 2688 quod
1303 2618 1395 2673 Dei
1429 2620 1771 2691 beneplacito
1812 2620 2012 2693 Unige—

426 2708 577 2763 nitus
615 2709 707 2778 qui
730 2717 858 2765 ante
896 2711 1097 2765 saecula
1139 2712 1463 2773 exsistebat,
1508 2712 1563 2766 in
1598 2722 1843 2769 extremo
1873 2724 2011 2768 tem-

423 2814 558 2870 pore
584 2816 652 2855 ex
697 2802 910 2873 virgine
962 2810 1125 2858 natus
1171 2811 1277 2864 est,
1311 2806 1432 2859 sine
1455 2804 1558 2858 viri
1593 2807 1925 2872 concubitu;
1955 2817 2009 2861 et

423 2892 569 2962 quod
603 2894 658 2947 in
700 2895 813 2949 vita
856 2903 1116 2966 tanquam
1166 2896 1331 2950 homo
1380 2904 1634 2954 versatus
1664 2907 1770 2963 est,
1801 2900 2009 2970 absque

424 2993 672 3055 peccato,
708 2987 929 3057 impleta
967 2991 1114 3043 omni
1142 2989 1356 3058 justitia
1396 2990 1569 3061 legis;
1610 2992 1866 3063 quodque
1893 3009 2008 3063 per-

2130 490 2549 560 ἑτερογλώσσοις
2576 488 2793 559 λαλήσω
2815 487 2893 557 τῷ
2914 486 3030 557 λαῷ
3048 487 3240 556 τούτῳ,
3268 487 3359 538 καὶ
3381 486 3441 539 ἐν
3470 486 3708 556 χείλεσιν

2126 582 2353 651 ἑτέροις,
2388 583 2481 634 καὶ
2508 582 2569 634 οὐ
2608 581 2681 652 μὴ
2710 580 3090 634 πιστεύσωσιν.
3130 598 3147 631 ι
3183 578 3317 633 Οὔτε
3366 578 3479 649 γὰρ
3513 578 3571 631 οἱ
3617 579 3711 632 Δί·-

2122 676 2342 745 γύπτιοι
2404 676 2726 729 ἐπίστευσαν
2776 674 2854 744 τῷ
2913 672 3052 743 Θεῷ,
3115 672 3397 734 Μωῦσέως
3460 670 3709 723 τοσαῦτα

2125 771 2324 839 σημεῖα
2350 769 2445 820 καὶ
2475 768 2678 839 τέρατα
2706 766 3087 836 πεποιηκότος·
3127 764 3250 816 οὔτε
3278 763 3346 816 τὰ
3379 762 3571 833 πλήθη
3601 762 3710 817 τῶν

2136 862 2401 915 Ἰουδαίων
2428 861 2506 931 τῷ
2539 860 2616 923 ὡς
2649 861 2869 913 Μωῡσεῖ
2902 857 3143 930 Χριστῷ,
3192 858 3372 910 πᾶσαν
3416 856 3585 909 νόσον
3616 856 3714 909 καὶ

2124 956 2304 1007 πᾶσαν
2340 953 2609 1023 μαλακίαν
2638 954 2696 1005 ὲν
2737 952 2922 1014 αὐτοῖς
2951 950 3366 1021 θεραπεύσαντι·
3432 950 3537 1009 καὶ
3583 948 3711 1002 οὔτε

2120 1047 2362 1110 ἐκείνους
2422 1045 2737 1117 ὲδυσώπησε
2789 1044 2982 1116 ῥάϐδος
3026 1042 3412 1113 ὲμψυχουμὲνη
3458 1042 3585 1112 (75)
3633 1044 3712 1104 είς

2119 1140 2261 1210 ὅφιν,
2294 1141 2387 1193 καὶ
2415 1140 2538 1210 χεὶρ
2578 1138 2989 1208 λευκαινομένη,
3034 1137 3126 1189 καὶ
3153 1136 3341 1199 Νεῖλος
3360 1136 3714 1208 αἱματούμε-

2120 1249 2229 1295 νος·
2289 1230 2411 1284 οὗτε
2435 1232 2658 1293 τούτους
2688 1229 2882 1299 τυφλοὶ
2922 1227 3338 1291 ἀναϐλέποντες,
3397 1228 3496 1280 καὶ
3538 1227 3717 1298 χωλοὶ

2118 1323 2567 1396 περιπατοῦντες,
2601 1325 2695 1376 καὶ
2714 1323 2897 1393 νεκροὶ
2946 1321 3292 1391 ἀνιστάμενοι
3319 1319 3455 1390 (76),
3495 1321 3597 1374 καὶ
3630 1321 3714 1393 τῷ

2120 1420 2217 1489 μὲν
2248 1418 2565 1471 ἀνθίσταντο
2619 1416 2821 1487 Ἰαννὴς
2850 1415 2918 1447 ¹⁶⁹
2939 1414 3033 1468 καὶ
3054 1413 3329 1484 Μαμϐρῆς
3359 1413 3497 1482 (77)·
3542 1412 3627 1484 τῷ
3653 1412 3721 1469 δὲ

2120 1510 2318 1573 1Ἄννας
2351 1510 2444 1563 καὶ
2475 1509 2751 1578 Καϊάφας·
2783 1506 2957 1570 οὕτως
3012 1506 3074 1559 οὐ
3108 1506 3317 1569 πάντας
3346 1505 3599 1559 δυσωπεῖ
3642 1507 3721 1561 τὰ·

2118 1605 2339 1674 σημεῖα,
2361 1601 2496 1655 ἀλλά
2531 1602 2725 1673 μόνους
2756 1601 2883 1663 τοὺς
2902 1598 3269 1669 εὐγνώμονας,
3302 1592 3377 1651 ὧν
3410 1600 3509 1652 καί
3545 1600 3713 1671 χάριν

2114 1695 2324 1747 εὐδοκεῖ
2354 1696 2382 1746 ό
2414 1694 2547 1757 Θεὸς
2589 1692 2955 1746 ἐπιτελεῖσθαι
2997 1691 3271 1761 δυνάμεις,
3304 1691 3381 1754 ὡς
3429 1692 3604 1761 σοφὸς
3634 1695 3715 1745 οἱ·

2116 1786 2363 1855 κονόμος·
2396 1788 2457 1839 ού
2487 1789 2552 1857 τῇ
2588 1785 2697 1838 τῶν
2725 1784 3028 1857 ἀνθρώπων
3060 1784 3223 1855 ίσχύῖ,
3244 1784 3467 1856 ἀλλάλτῇ
3506 1788 3711 1840 ἑαυτοῦ

2116 1877 2385 1949 βουλήσει.
2418 1878 2605 1931 Ταῦτα
2624 1879 2681 1932 δέ
2703 1896 2904 1949 φαμεν,
2922 1879 3014 1930 ἐπὶ
3039 1878 3100 1930 τὸ
3125 1876 3199 1948 μὴ
3226 1878 3567 1949 ἐπαίρεσθαι
3584 1883 3711 1943 τοὺς

2113 1970 2375 2035 λαϐόντας
2400 1973 2714 2043 χαρίσματα
2749 1971 2946 2033 τοιάδε,
2974 1970 3113 2023 κατὰ
3144 1969 3252 2022 τῶν
3289 1970 3362 2041 μὴ
3398 1970 3707 2025 λαϐόντων·

2113 2066 2429 2136 χαρίσματα
2458 2065 2515 2118 δὲ
2567 2064 2818 2134 λέγομεν,
2880 2062 2949 2116 τά
2978 2062 3065 2115 διὰ
3105 2063 3215 2114 τῶν
3274 2062 3547 2133 σημείων·
3586 2066 3710 2118 ἐπεὶ

2113 2160 2214 2211 οὐκ
2247 2159 2394 2211 ἔστιν
2423 2157 2711 2228 ἄνθρωπος
2760 2156 3058 2218 πιστεύσας
3083 2154 3169 2207 διὰ
3211 2154 3451 2225 Χριστοῦ
3483 2158 3571 2219 είς
3615 2158 3709 2211 τὸν

2112 2250 2265 2312 Θεὸν,
2298 2248 2357 2312 ὃς
2388 2250 2488 2301 οὐκ
2518 2249 2706 2319 εἴληφε
2768 2248 3012 2318 χάρισμα
3046 2247 3439 2315 πνευματικόν·
3475 2249 3620 2301 αὑτό
3648 2266 3709 2302 τε

2111 2341 2219 2412 γάρ
2245 2342 2306 2394 τὸ
2335 2340 2713 2410 ἀπαλλαγῆναι
2748 2338 3009 2392 πολυθέου
3042 2338 3313 2401 ἀσεϐείας,
3334 2340 3433 2391 καὶ
3467 2340 3711 2396 πιστεῦ-

2113 2451 2202 2488 σαι
2234 2433 2353 2506 Θεῷ
2378 2435 2551 2507 Πατρὶ
2584 2433 2671 2487 διὰ
2696 2431 2958 2505 Χριστοῦ,
2985 2431 3232 2503 χάρισμά
3276 2432 3397 2483 ἐστι
3439 2432 3612 2485 Θεοῦ·
3648 2434 3711 2488 τό

2110 2545 2167 2580 τε
2200 2527 2505 2599 ἀπορρῖψαι
2535 2527 2595 2579 τὸ
2636 2526 2927 2579 Ἰουδαϊκὸν
2959 2524 3242 2595 κάλυμμα,
3274 2522 3371 2577 καὶ
3404 2525 3707 2579 πιστεῦσαι

2110 2619 2191 2671 ὅτι
2222 2618 2437 2688 εὐδοκία
2465 2616 2599 2670 Θεοῦ
2634 2618 2663 2669 ό
2690 2617 2797 2688 πρὸ
2840 2616 3051 2670 αἰώνων
3089 2616 3421 2687 Μονογενὴς,
3457 2619 3523 2671 ὲν
3552 2621 3707 2673 ὑστέ-

2114 2726 2190 2781 ρῳ
2221 2710 2399 2781 καιρῷ
2428 2712 2493 2763 ὲκ
2535 2709 2807 2780 παρθένου
2842 2709 3155 2779 γεγένηται,
3186 2708 3307 2779 δίχα
3333 2709 3564 2780 ὁμιλίας
3606 2713 3704 2765 ἀν-

2108 2800 2250 2873 δρὸς·
2283 2802 2378 2854 καὶ
2404 2802 2487 2854 ὅτι
2515 2800 2898 2853 ἐπολιτεύσατο
2926 2801 3002 2863 ὡς
3033 2800 3320 2872 ἄνθρωπος
3348 2800 3485 2856 ἄνευ
3522 2803 3707 2875 ἀμαρ-

2108 2893 2247 2957 τίας,
2280 2893 2576 2965 πληρώσας
2630 2895 2811 2947 πᾶσαν
2839 2892 3185 2965 δικαιοσύνην
3223 2894 3321 2964 τὴν
3354 2892 3455 2948 τοῦ
3504 2896 3695 2966 νόμω·

2110 2987 2202 3039 καὶ
2229 2987 2309 3039 ὅτι
2342 2986 2687 3057 συγχωρήσει
2717 2984 2853 3038 Θεοῦ
2890 2986 3120 3056 σταυρὸν
3154 2986 3467 3056 ὑπέμεινεν,
3504 2988 3701 3058 αἰσχύ-

423 3079 687 3136 missione
708 3079 800 3135 Dei
838 3079 979 3136 Deus
998 3080 1257 3146 Verbum,
1298 3091 1483 3153 spreto
1531 3084 1819 3149 dedecore,
1874 3102 2003 3141 cru-

2111 3096 2205 3149 νης
2236 3080 2661 3151 καταφρονήσας
2688 3079 2717 3130 ό
2749 3078 2883 3142 Θεὸς
2929 3078 3121 3146 Λόγος·
3168 3081 3263 3131 καὶ
3302 3080 3387 3133 ὅτι
3430 3081 3700 3145 ἀπέθανε,

423 3186 542 3228 cem
580 3174 875 3239 sustinuit;
907 3184 960 3229 et
1008 3176 1153 3245 quod
1201 3184 1449 3230 mortuus
1490 3184 1576 3231 est
1619 3193 1684 3231 ac
1728 3179 1997 3247 sepultus,

422 3276 476 3320 ct
506 3269 807 3323 resurrexit
842 3269 898 3321 in
935 3268 1137 3333 triduo,
1173 3276 1337 3338 atque
1369 3277 1491 3339 post
1541 3271 2003 3326 resurrectionem

422 3372 549 3411 cum
570 3360 836 3428 apostolis
864 3360 1057 3415 diebus
1082 3360 1446 3430 quadraginta
1495 3363 1812 3431 permansit,
1846 3377 1999 3417 com-

423 3450 678 3521 pletaque
708 3453 856 3505 omni
887 3454 1282 3507 constitutione
1302 3493 1316 3515 ,
1352 3463 1670 3523 assumptus
1694 3462 1777 3507 est
1822 3456 1874 3507 in
1905 3469 2002 3509 eo-

424 3555 545 3595 rum
578 3551 875 3613 conSpectu
904 3545 969 3597 ad
1007 3543 1172 3598 Deum
1221 3553 1274 3599 et
1308 3544 1527 3599 Patrem
1550 3545 1641 3614 qui
1681 3561 1805 3600 eum
1839 3546 2004 3601 mise-‘

422 3640 529 3689 rat.
580 3634 684 3700 Qui
716 3636 831 3690 haec
863 3636 1114 3702 credidit,
1146 3653 1255 3691 non
1302 3638 1500 3693 stolide
1526 3652 1589 3690 ac
1644 3639 1781 3691 citra
1835 3639 2003 3691 ratio-

422 3742 569 3791 nem,
594 3727 690 3784 sed
735 3744 858 3783 cum
904 3729 1113 3798 judicio
1165 3746 1228 3786 ac
1260 3730 1610 3794 certitudine,
1651 3730 1697 3786 is
1728 3730 2000 3784 charisma

424 3836 453 3875 a
486 3818 596 3875 Deo
626 3830 953 3877 consecutus
985 3831 1105 3877 est:
1142 3822 1394 3878 similiter
1428 3824 1590 3877 etiam
1624 3824 1717 3893 qui
1753 3823 1821 3876 ab
1850 3824 1998 3878 omni

424 3911 619 3968 haeresi
648 3924 897 3968 servatus
929 3913 1049 3968 fuit.
1085 3913 1201 3968 Non
1223 3931 1352 3985 ergo
1382 3915 1653 3985 quispiam
1690 3932 1879 3969 eorum
1905 3917 1999 3987 qui

424 4004 579 4074 signa
602 4012 657 4059 et
685 4012 936 4074 portenta
968 4006 1194 4070 faciunt,
1220 4007 1429 4075 judicet
1462 4022 1525 4061 ac
1557 4007 1777 4063 damnet
1804 4024 1996 4078 quem-

422 4113 588 4166 quam
620 4098 881 4163 ﬁdelium,
913 4100 1008 4169 qui
1039 4099 1243 4154 donum
1269 4116 1331 4155 ea
1354 4100 1615 4170 nperandi
1645 4117 1753 4155 non
1780 4102 1849 4156 sit
1872 4100 2004 4155 ade-

426 4195 552 4257 ptus
579 4205 591 4240 :
625 4188 841 4246 diversa
868 4192 1069 4262 quippe
1096 4199 1224 4248 sunt
1264 4190 1354 4246 Dei
1385 4192 1745 4255 charismata,
1780 4194 1847 4247 ab
1879 4194 1998 4263 ipso

426 4297 522 4349 per
552 4280 833 4337 Christum
865 4284 1072 4338 tributa
1108 4303 1119 4337 :
1155 4298 1217 4337 ac
1245 4290 1301 4338 tu
1324 4284 1542 4353 quidem
1562 4284 1823 4353 accepisti
1858 4286 1996 4351 hoc;

2112 3170 2204 3223 καὶ
2224 3171 2419 3243 ἐτάφη,
2447 3172 2541 3224 καὶ
2582 3171 2780 3243 ἀνέστη
2813 3170 2899 3224 διά
2924 3170 3089 3243 τριῶν
3131 3172 3380 3243 ἡμερῶν,
3417 3175 3518 3226 καὶ
3565 3175 3707 3245 μετὰ

2108 3274 2207 3333 την
2253 3262 2549 3316 ἀνάστασιν
2605 3264 3015 3335 τεσσαράκοντα
3074 3263 3289 3335 ἡμέρας
3343 3268 3702 3336 παραμείνας

2106 3359 2221 3421 τοῖς
2252 3356 2594 3419 ἀποστόλοις,
2625 3356 2720 3409 καὶ
2746 3354 3043 3426 πληρώσας
3075 3357 3255 3408 πᾶσαν
3298 3354 3553 3421 διάταξιν
3582 3360 3705 3411 ἀνε-

2108 3448 2286 3521 λήφθη
2321 3453 2409 3503 ἐπ’
2455 3451 2642 3521 ὄψεσιν
2670 3449 2852 3502 αὐτῶν
2884 3451 3022 3521 πρὸς
3055 3450 3147 3503 τὸν
3178 3450 3588 3504 ἀποστείλαντα
3614 3453 3705 3505 αὐ-

2106 3542 2197 3597 τὸν
2237 3543 2368 3597 Θεὸν
2426 3544 2520 3597 καὶ
2568 3543 2809 3614 Πατέρα.
2866 3543 2924 3596 '0
2981 3542 3155 3596 ταῦτα
3204 3542 3513 3607 πιστεύσας
3543 3584 3559 3607 ,
3607 3547 3701 3613 οὺχ

2109 3634 2314 3700 ἁπλῶς,
2350 3637 2471 3690 οὐδὲ
2525 3635 2755 3704 ἀλόγως,
2792 3635 2927 3689 ἀλλά
2962 3638 3141 3708 κρίσει
3168 3636 3262 3689 καὶ
3320 3634 3699 3709 πληροφορίᾳ,

2106 3728 2350 3799 χάρισμα
2378 3729 2598 3800 εἴληφεν
2630 3730 2695 3782 ὲκ
2723 3727 2879 3781 Θεοῦ·
2930 3729 3191 3791 ὡσαύτως
3221 3727 3277 3779 δὲ
3310 3728 3409 3780 καὶ
3438 3730 3467 3780 ὁ
3522 3731 3703 3800 πάσης

2109 3821 2372 3892 αἱρέσεως
2404 3822 2755 3890 ἀπαλλαγείς.
2793 3821 2884 3892 Μὴ
2910 3819 3004 3873 οὖν
3034 3839 3119 3883 τις
3146 3820 3255 3872 τῶν
3272 3821 3585 3874 ποιούντων
3617 3839 3705 3892 οη-

2111 3917 2254 3983 μεῖα,
2290 3914 2385 3967 καὶ
2410 3914 2632 3985 τέρατα,
2666 3914 2898 3986 κρινέτω
2915 3914 3038 3967 τινὰ
3058 3913 3165 3967 τῶν
3197 3913 3406 3965 πιστῶν
3444 3914 3524 3984 μὴ
3544 3913 3705 3978 ἀξιω-

2108 4005 2265 4059 θέντα
2300 4007 2561 4079 ὲνεργεῖν·
2596 4008 2827 4079 διάφορα
2858 4008 2967 4079 γάρ
3002 4009 3118 4060 ἐστι
3147 4006 3214 4059 τά
3244 4005 3338 4058 τοῦ
3368 4006 3511 4059 Θεοῦ
3542 4007 3705 4079 χαρί-

2106 4113 2309 4168 σματα,
2354 4100 2484 4171 παρ’
2531 4099 2698 4153 αὐτοῦ
2745 4099 2833 4152 διὰ
2882 4097 3119 4170 Χριστοῦ
3177 4098 3451 4167 διδόμενα·
3504 4099 3606 4152 καὶ
3640 4100 3703 4151 σὺ

2108 4192 2206 4261 μὲν
2239 4190 2466 4262 εἴληφας
2494 4190 2672 4244 τοῦτο·
2719 4193 2926 4254 ἐκεῖνος
2957 4191 3013 4244 δὲ
3055 4189 3181 4245 ἄλλο
3199 4207 3272 4242 τι·
3328 4188 3362 4259 ἢ
3392 4189 3507 4262 γάρ
3541 4189 3702 4257 λόγον

2108 4284 2317 4354 σοφίας,
2352 4285 2385 4353 ἢ
2420 4284 2693 4352 γνώσεως,
2719 4284 3096 4357 ἧδιακρίσεως
3116 4282 3467 4353 πνευμάτων,
3494 4283 3531 4354 ἦ
3565 4282 3701 4353 πρό-

426 4374 517 4430 ille
552 4391 681 4431 vero
720 4377 869 4432 aliud
900 4377 1175 4448 quoddam
1203 4395 1216 4443 ;
1261 4385 1352 4431 aut
1385 4378 1528 4432 enim
1569 4393 1877 4433 sermonem
1911 4394 1999 4432 sa-

2111 4395 2305 4446 γνωσιν
2335 4378 2443 4431 τῶν
2480 4378 2797 4449 μελλόντων,
2837 4376 2872 4448 ἢ
2900 4376 3058 4445 λόγον
3090 4373 3419 4439 διδακτικὸν,
3456 4374 3493 4429 ὓ
3524 4373 3702 4437 ἀνεξιο

531 4557 574 4587 ³⁸
615 4555 719 4612 lsa.
782 4575 968 4623 XXVIII,
1004 4560 1088 4625 ll;
1129 4558 1291 4614 lCor.
1328 4575 1439 4622 xw,
1469 4560 1557 4614 2|.

1659 4562 1702 4590 ’θ
1744 4558 1901 4619 Deut.
1949 4579 2101 4618 XVIII.

3386 4562 3433 4594 ⁸³
3475 4559 3522 4614 ll
3553 4561 3693 4616 Tim.

2207 4562 2253 4595 "
2291 4562 2466 4619 Exod.
2496 4578 2597 4623 Vll,
2632 4560 2689 4616 4.
2792 4559 2841 4593 ’³
2873 4559 3067 4616 Matth.
3100 4574 3183 4626 ιι,
3224 4561 3279 4615 5.

429 4641 511 4688 ιιι,
544 4628 596 4682 8.
680 4629 747 4659 ¹⁰⁰
790 4630 859 4685 al.
909 4631 1185 4701 Ἰαμϐρῆς.
1222 4631 1311 4683 Sic
1340 4638 1394 4684 et
1418 4633 1553 4685 alter
1592 4630 1751 4685 Vind.
1837 4633 1851 4661 ¹
1896 4636 1930 4686 l.
1968 4632 2020 4705 lg

2111 4642 2141 4688 ι.
2180 4634 2438 4703 interpol.
2473 4634 2539 4687 ad
2576 4633 2755 4701 Magn.
2787 4632 2875 4687 Η.

1726 4809 2087 4866 VARIORUM
2122 4810 2351 4866 NOTAE.

493 4996 608 5069 (75)
629 4994 1139 5069 ΑἘμψνυχουμὲιηφ.
1174 4994 1232 5049 In
1258 4996 1430 5049 altero
1469 4994 1591 5048 cod.
1632 4993 1999 5065 νίιιά.ψυχου-

422 5064 784 5142 magma-

495 5134 606 5209 (76)
644 5137 1068 5217 Ἀνιστιὶμειξοι.
1122 5134 1308 5217 Idem:
1351 5137 1709 5207 ἐγειρόμενοι,
1769 5135 2003 5189 solemni

292 5218 307 5231 ‘
420 5205 848 5281 synonymorum
881 5208 1126 5281 niistura.
1152 5205 1226 5281 In.

515 5275 617 5358 77)
641 5276 893 5358 ,Ἰαννῆς
922 5275 1353 5358 acui-Julian}?
1387 5277 1548 5358 Apud
1596 5275 1858 5358 Niconem
1894 5293 1995 5332 ms.

421 5348 475 5402 in
500 5346 762 5403 Pandecte
804 5362 967 5400 serm.
1010 5346 1107 5408 45,
1144 5348 1233 5400 ubi
1275 5349 1406 5401 citat
1447 5346 1611 5401 istum
1654 5348 1829 5400 locum
1871 5362 1994 5399 enm

420 5418 525 5473 hoc
558 5420 716 5473 titulo
744 5436 755 5470 :
810 5418 901 5470 Ἐκ
946 5416 1053 5467 τῶν
1081 5416 1377 5481 διατάξεων
1426 5417 1532 5469 τῶν
1563 5417 1732 5484 ἁγίων
1762 5416 1992 5468 ἀποστό-

418 5487 545 5559 λων,
576 5488 661 5543 διὰ
690 5488 1031 5559 Κλήμεντος,
1059 5488 1185 5558 περὶ
1216 5488 1589 5559 χαρισμάτων,
1629 5487 1826 5559 legit-ur
1865 5487 1990 5538 Ἰαν-

420 5524 522 5542 mu
576 5524 789 5543 υιαιυι.
856 5524 972 5539 εν...
1066 5524 1125 5539 ..ε
1171 5524 1185 5539 .
1252 5524 1284 5539 υ.
1329 5524 1375 5539 υυ
1428 5524 1565 5540 ,μων
1882 5524 1989 5538 ...ν

420 5558 517 5638 vi};
532 5530 627 5612 καὶ
662 5524 955 5637 Ἰαμϐτρῆς..
977 5524 1177 5626 λίθεηῖ
1198 5524 1345 5638 eicite
1369 5524 1492 5610 crum
1522 5524 1858 5638 discritiiiine,
1889 5573 1989 5610 no-

422 5627 565 5681 mina
604 5627 885 5696 magorum
944 5627 1172 5681 istorum
1212 5627 1441 5681 efferunt
1491 5627 1850 5696 scribuntque
1889 5642 1986 5679 au-

421 5704 639 5759 ctores,
682 5696 916 5759 Hebraei,
950 5696 1123 5750 Graeci
1188 5706 1241 5749 et
1266 5697 1441 5749 Latini
1472 5715 1485 5759 ;
1525 5697 1608 5751 his
1635 5696 1744 5750 fere
1768 5696 1984 5760 modis;

421 5762 627 5819 Joanne
651 5806 665 5831 ,
705 5766 877 5822 JaIIne
915 5776 966 5820 et
1006 5767 1447 5836 Manirc,.lamre.
1489 5767 1709 5837 Ἰαννῆς,
1760 5768 1981 5833 Ἰἁννης,

2123 4997 2349 5080 Ἰαννῆς,
2385 4997 2594 5077 Ἰαννὶς,
2614 4996 2884 5083 Ἰωάννης,
2904 4998 3124 5119 Ἶάμνγὲς
3140 5006 3195 5052 et
3226 4998 3516 5080 Ἰαμϐρὴς,
3554 5004 3699 5075 Ίάμ.

2123 5068 2262 5119 iam.
2326 5068 2591 5119 Ιαμϐοτις.
2644 5066 2902 5119 Ιαιιϐοις.
2936 5071 3074 5119 Μαυ.
3114 5070 3214 5119 οής
3243 5070 3442 5119 Iisdem
3497 5088 3689 5119 nomn.

2105 5068 2262 5139 ϐρης,
2311 5067 2591 5139 Ἰαμϐρῆς,
2628 5066 2903 5139 Ἰαμϐρὶς,
2936 5066 3214 5139 Μαμϐρῆς
3243 5066 3459 5123 ὶίεΰείῐί
3497 5066 3689 5129 εεεείιο

2105 5086 2262 5192 agile,
2326 5086 2591 5138 ιαμορης,
2644 5086 2902 5190 ιαμοιρις,
2936 5086 3214 5190 Μαμορές
3243 5086 3689 5151 Iisugm_accen.

2103 5146 2139 5191 tI
2187 5154 2287 5199 us,
2328 5136 2610 5209 Μαμϐλρίς,
2661 5154 2765 5209 apu
2866 5137 3091 5209 Glycam
3188 5139 3416 5209 αμϐρης
3467 5158 3695 5200 Inversa

2103 5176 2287 5199 υνυς,
2328 5176 2610 5207 ,πρωτην
2661 5176 2805 5206 ηιμ...
2868 5176 3091 5209 νημαι..
3144 5176 3413 5209 ...ην-,μς
3470 5176 3694 5200 ..ηυδε

2099 5209 2239 5278 forte
2279 5209 2456 5278 prima
2496 5207 2677 5263 littera
2711 5206 2782 5271 M,
2818 5209 3008 5278 sicque
3044 5216 3255 5278 mutata
3286 5211 3340 5264 in
3461 5211 3694 5275 Janncs.

2095 5276 2339 5341 Jalnnes,
2369 5277 2629 5341 Joannes,
2652 5286 2706 5331 et
2734 5276 3026 5341 Mambres,
3065 5277 3335 5335 Jambres.
3381 5280 3697 5339 Emendan-

2095 5350 2224 5403 dum
2265 5350 2450 5403 forsan
2490 5348 2705 5402 initium
2748 5348 3034 5403 conﬂictus
3074 5349 3303 5403 Arnobii
3344 5366 3473 5405 cum
3530 5354 3695 5408 Sera—

2100 5420 2306 5490 pione:
2352 5418 2782 5487 Supervenientes
2832 5415 3209 5488 Egyptii,qui
3260 5430 3315 5473 ut
3355 5425 3694 5478 ostenderent

2098 5507 2152 5564 se
2181 5491 2523 5564 antiquorum
2551 5491 2834 5564 provinciis:
2874 5506 2985 5564 sua:
3007 5561 3017 5564 _
3038 5491 3420 5564 magistrorum
3447 5493 3687 5564 discipu-

2095 5562 2195 5621 los,
2222 5558 2416 5613 latinis
2440 5560 2677 5613 videlicet
2703 5570 2753 5615 et
2784 5558 3045 5614 Mambris
3078 5558 3210 5628 (non
3260 5560 3471 5617 Janues
3514 5558 3684 5619 Hom-

2093 5630 2232 5697 ιιι-εδ)
2263 5646 2393 5696 quos
2442 5640 2699 5683 memorat
2744 5630 3029 5697 Apostolus
3086 5630 3289 5691 famulo
3342 5632 3445 5688 Dei
3498 5633 3681 5692 Hasce

2086 5702 2393 5769 quibusdam
2426 5702 2710 5769 prmsligiis
2744 5702 3015 5760 restitisse,
3049 5711 3152 5755 etc.
3187 5700 3326 5757 ϐυτ.
