3886 6190
188 289 346 348 1065

1090 295 1689 355 CONSTITUTIONES
1740 301 2217 364 APOSTOLICAS.
2252 340 2321 350 —-
2354 309 2478 364 LIB.
2521 308 2653 365 Vlll.

3332 316 3473 374 1066

191 405 431 470 κακίαν,
466 406 499 479 ἢ
526 408 856 481 ἐγκράτειαν
882 409 1127 482 ἔννομον.
1158 414 1268 467 Καὶ
1293 414 1402 486 γὰρ
1433 416 1526 468 καὶ
1550 418 1793 487 Μωυσῆς

1895 421 2131 491 pientiae,
2162 424 2247 479 vel
2275 425 2520 480 scientia:
2548 426 2590 491 ³,
2623 434 2720 481 aut
2772 427 3039 485 rationem
3079 430 3474 489 discernendo-

186 499 229 551 ὁ
265 497 365 551 τοῦ
395 499 532 552 Θεοῦ
555 500 874 573 ἄνθρωπος,
906 503 965 556 ὲν
1002 502 1263 576 Αἰγύπτῳ
1320 506 1579 560 ἐπιτελῶν
1610 508 1678 561 τὰ
1698 526 1794 580 σητ-

195 595 360 662 μεῖα,
389 592 452 645 ού
471 593 791 666 κατεπήρθη
823 595 932 648 τῶν
951 597 1257 667 ὁμοφύλωνο
1281 600 1376 652 καὶ
1405 598 1525 663 θεὸς
1552 600 1790 673 κληθεὶς,

190 686 306 737 οὐκ
336 686 735 755 ήλαζονεύσατο
770 688 908 759 μετὰ
933 688 1029 741 τοῦ
1066 688 1194 742 ἰδίου
1236 692 1518 762 προφήτου
1560 694 1788 766 Ἀαρῶνι

212 775 361 828 Ἀλλ’
379 775 505 829 οὔτε
561 779 589 830 6
623 777 720 832 τοῦ
776 780 935 851 Ναυῆ
978 779 1211 853 Ἰησοῦς,
1269 783 1620 855 ἡγησάμενος
1676 788 1792 856 μετ’

191 869 373 922 αὐτὸν
402 869 497 922 τοῦ
526 869 678 935 λαοῦ,
708 870 812 925 κᾶν
840 871 920 943 τῷ
946 873 1083 943 πρὸς
1111 874 1239 936 τούς
1283 874 1603 939 ’Ῑεϐουσίους
1634 876 1792 929 πολέ-

198 979 297 1032 μῳ
326 964 534 1033 στήσας
552 964 645 1017 τὸν
674 964 825 1036 ἥλιον
858 965 1001 1018 κατὰ
1028 966 1257 1019 Γαϐαὼν
1276 1000 1291 1031 ,
1323 968 1417 1020 καί
1436 967 1533 1038 τὴν
1564 967 1791 1040 σελήνην

194 1054 351 1108 κατά
382 1057 644 1131 φάραγγα
675 1056 871 1120 Αίλὼν,
902 1058 989 1111 διὰ
1017 1059 1079 1111 τὸ
1102 1058 1177 1129 μὴ
1203 1060 1498 1130 αὐταρκεῖν
1524 1060 1661 1131 πρὸς
1692 1060 1791 1132 τὴν

194 1147 367 1219 νίκην
396 1149 496 1221 τὴν
527 1148 762 1221 ἡμέραν,
821 1149 1037 1223 ἐπήρθη
1076 1152 1220 1205 κατά
1249 1151 1346 1205 τοῦ
1392 1153 1596 1217 Φινεὲς,
1627 1152 1660 1224 ἢ
1694 1152 1789 1207 τοῦ

192 1239 408 1293 Χαλέϐ.
441 1240 577 1294 οὔτε
628 1240 901 1313 Σαμουὴλ,
933 1241 1173 1296 τοσαῦτα
1225 1244 1503 1317 παράδοξα
1534 1248 1787 1318 ποιήσας,

195 1337 339 1405 παρ’
372 1334 525 1388 οὐδὲν
544 1336 793 1407 ἡγήσατο
818 1334 910 1388 τὸν
943 1334 1166 1407 θεοφιλῆ
1211 1337 1392 1391 Δαϐίδ·
1441 1340 1535 1393 καί
1566 1357 1648 1393 τοι
1682 1340 1790 1410 ἀμ-

196 1426 427 1496 φότεροι
458 1426 755 1497 προφῆται·
815 1427 911 1481 καὶ
942 1426 973 1478 6
1002 1430 1100 1499 μὲν
1120 1470 1134 1494 ,
1164 1430 1455 1502 ἀρχιερεὺς
1481 1430 1615 1503 (78),
1639 1432 1668 1484 6
1708 1431 1791 1494 δὲ,

196 1517 483 1588 βασιλεύς.
518 1519 630 1571 Καὶ
652 1518 793 1573 ἑπτὰ
818 1519 1070 1590 χιλιάδων
1100 1522 1462 1594 ὑπαρχουσῶν
1496 1524 1554 1578 ὲν
1572 1524 1789 1597 Ἰσραὴλ

194 1611 401 1678 ἁγίων,
447 1611 557 1664 τῶν
593 1610 667 1683 μὴ
706 1612 1041 1683 καμψάντων
1099 1613 1226 1682 γόνυ
1285 1618 1350 1687 τῇ
1414 1615 1580 1680 Βάαλ,
1630 1617 1789 1688 μόνος

208 1703 407 1768 Ἠλίας
461 1706 522 1757 ὲν
578 1706 795 1770 αὐτοῖς,
842 1707 937 1759 καὶ
990 1707 1020 1758 6
1062 1707 1253 1760 τούτου
1312 1707 1558 1780 μαθητὴς
1609 1701 1785 1763 Ἐλισ-

1896 529 2019 569 rum
2053 515 2481 585 spirituum,aut
2509 520 2994 590 pmcognitionem
3020 521 3351 590 futurorum,
3376 532 3474 582 aut

1894 622 2202 665 sermonem
2229 618 2415 678 aptum
2442 610 2510 665 ad
2536 612 2865 677 docendum,
2893 623 2987 668 aut
3016 616 3353 685 patientiam,
3377 625 3476 676 aut

1895 700 2287 755 continentiam
2316 702 2636 773 legitimam.
2686 703 2901 761 Etenim
2928 705 3143 778 Moyses
3170 709 3333 765 homo
3350 709 3470 779 Dei,

1894 806 2020 846 cum
2045 793 2101 848 in
2136 792 2375 866 [Egypto
2416 795 2572 867 signa
2605 796 2910 867 perﬁceret,
2940 815 3053 855 non
3090 816 3150 856 se
3198 803 3255 857 in
3298 818 3473 873 popu-

1893 886 2038 943 lares
2068 903 2199 943 suos
2228 888 2453 955 extulit;
2476 902 2711 959 cumque
2738 889 2876 945 deus
2905 892 3211 962 appellatus
3239 894 3469 963 fuisset;

1893 994 2005 1034 non
2034 980 2335 1049 superbivit
2358 980 2414 1034 in
2449 996 2610 1036 suum
2640 983 2965 1053 prophetam
2987 985 3263 1040 Aaronem
3285 985 3327 1042 ³.
3362 985 3473 1045 Sed

1892 1078 1946 1126 et
1966 1070 2127 1127 Jesus
2156 1070 2319 1127 Navae
2346 1071 2514 1138 ﬁlius,
2544 1075 2640 1144 qui
2684 1082 2810 1145 post
2840 1074 3082 1147 Moysem
3113 1076 3311 1132 ductor
3365 1077 3474 1134 fuit

1892 1163 2101 1232 populi,
2127 1164 2381 1234 quamvis
2404 1165 2459 1220 in
2491 1166 2635 1222 bello
2678 1166 2970 1223 adversum
2995 1153 3297 1234 Jebusaeos,
3322 1172 3472 1241 quod

1890 1272 2002 1311 non
2030 1256 2304 1315 sulliceret
2329 1258 2448 1314 dies
2474 1257 2541 1313 ad
2568 1260 2878 1325 victoriam,
2936 1261 3107 1315 solem
3139 1262 3372 1317 stitisset
3400 1263 3471 1319 ad

1890 1347 2228 1414 Gabaonem,
2258 1358 2313 1405 et
2344 1351 2529 1406 lunam
2552 1351 2620 1405 ad
2642 1353 2837 1408 vallem
2866 1353 3149 1409 Aialonem
3177 1372 3191 1421 ;
3227 1370 3334 1410 non
3387 1365 3471 1410 ta-

1891 1457 2015 1496 men
2049 1443 2107 1496 in
2132 1441 2393 1499 Phineem
2427 1451 2521 1499 aut
2569 1444 2869 1500 Chalebum
2926 1447 3238 1517 arrogantia
3291 1448 3471 1505 elatus

1888 1545 1972 1590 est
1984 1534 2025 1589 ‘.
2054 1534 2241 1606 Neque
2272 1534 2510 1603 Samuel,
2538 1538 2632 1607 qui
2657 1544 2735 1591 tot
2758 1538 2897 1591 mira
2926 1545 2981 1593 et
3016 1538 3295 1608 inopinata
3315 1539 3468 1606 fecit,

1888 1627 2039 1697 pium
2084 1642 2148 1681 ac
2179 1627 2290 1684 Deo
2346 1629 2576 1683 charum
2633 1629 2894 1685 Davldem
2938 1631 3096 1686 nihili
3132 1633 3329 1688 duxit:
3372 1636 3472 1692 sed

1888 1720 2051 1775 ambo
2075 1729 2232 1776 erant
2264 1721 2541 1791 prophetae
2567 1738 2583 1788 ;
2615 1730 2668 1777 et
2694 1722 2784 1778 ille
2819 1723 3039 1793 quidem
3072 1725 3340 1795 pontifex,
3378 1727 3471 1783 hic

194 1799 361 1859 σαῖος
424 1795 823 1868 θαυματοποιοὶ
869 1798 1207 1871 γεγένηνται’
1242 1777 1355 1852 ἀλλ’
1412 1777 1537 1853 οὐτε
1597 1800 1782 1865 Ἠλίας

1890 1828 2019 1869 vero
2051 1829 2173 1869 rex.
2229 1813 2440 1869 Etcum
2482 1814 2540 1869 in
2578 1812 2778 1870 Israele
2824 1824 3009 1871 essent
3051 1826 3259 1887 septem
3290 1819 3470 1874 millia

191 1887 295 1945 Ιτὸν
358 1888 650 1959 οἰκονόμον
715 1889 924 1944 Ἀϐδιού
1004 1891 1404 1962 ὲξεμυκτήρισε
1436 1930 1452 1955 ,
1510 1891 1784 1963 φοϐούμε-

190 1997 293 2035 νον
342 1981 441 2052 μὲν
494 1980 586 2034 τὸν
636 1980 805 2045 Θεὸν,
864 1982 926 2034 οὐ
963 1980 1219 2034 ποιοῦντα
1275 1981 1332 2035 δὲ
1386 1984 1604 2052 σημεῖα·
1661 1982 1785 2038 οὐτε

210 2073 517 2137 Ἐλισσαῖος
541 2073 633 2127 τὸν
665 2071 861 2127 ἑαυτοῦ
899 2073 1147 2145 μαθητὴν
1192 2073 1485 2146 φρίττοντα
1507 2076 1635 2139 τοὺς
1688 2093 1787 2129 πο-

191 2164 424 2237 λεμίους
484 2166 782 2237 ὑπερεῖδεν.
851 2166 1009 2220 Ἀλλὰ
1058 2166 1170 2239 γὰρ
1214 2166 1341 2220 οὐτε
1390 2167 1588 2238 Δανιὴλ
1633 2170 1663 2221 ὁ
1705 2187 1787 2223 σο-

192 2258 340 2329 φὸς,
386 2257 603 2330 ρυσθεὶς
645 2259 896 2331 δεύτερον
944 2260 1009 2312 ἐκ
1042 2259 1312 2330 στόματος
1363 2261 1613 2325 λεόντων,
1659 2261 1783 2315 οὕτε

188 2352 251 2405 οῖ
275 2355 427 2422 τρεῖς
453 2352 641 2415 παῖδες
669 2353 734 2406 ὲκ
763 2353 994 2424 καμίνου
1038 2353 1209 2424 πυρὸς
1227 2393 1241 2416 ,
1273 2352 1636 2419 ὲξουδένωσαν
1658 2358 1785 2420 τοὺς

190 2444 420 2508 λοιποὺς
444 2444 556 2498 τῶν
586 2444 913 2516 ὁμοφύλων..
963 2445 1289 2499 Ἠπίσταντο
1329 2446 1438 2518 γὰρ
1482 2448 1565 2501 ὅτι
1609 2448 1672 2501 οὐ
1714 2451 1787 2532 τῇ

188 2535 377 2608 οἰκείᾳ
394 2536 626 2608 δυνάμει
660 2537 1036 2609 περιεγένοντο
1062 2537 1171 2592 τῶν
1200 2538 1409 2603 δεινῶν,
1434 2539 1571 2593 ἀλλά
1594 2542 1662 2612 τῇ
1688 2537 1784 2593 τοῦ

193 2628 342 2683 Θεοῦ
372 2628 541 2699 ίσχύῖ,
574 2628 669 2683 καὶ
720 2631 923 2701 σημεῖα
969 2628 1278 2693 ἐπετέλουν,
1318 2629 1550 2685 καὶτῶν
1591 2630 1783 2703 δυσχε-

192 2720 313 2793 ρῶν
363 2720 790 2790 ἀπηλλάττοντο.
822 2720 1030 2774 Οὐκοῦν
1064 2721 1253 2793 μηδεὶς
1293 2721 1447 2793 ὑμῶν
1478 2722 1785 2794 ἐπαιρέσθω

188 2812 343 2865 κατά
382 2812 478 2866 τοῦ
524 2812 787 2883 ἀδελφοῦ,
821 2813 925 2867 κᾶν
950 2815 1237 2886 προφήτης
1266 2810 1337 2888 ᾖ,
1370 2815 1474 2868 κάν
1508 2814 1782 2887 θαυματο-

188 2904 372 2968 ποιός.
418 2905 483 2957 Et
512 2904 623 2977 γὰρ
651 2905 779 2977 δοθῇ
824 2905 1021 2977 μηκέτι
1066 2901 1206 2959 εἶναι
1248 2924 1350 2960 που
1395 2908 1642 2971 ἄπιστον,
1686 2924 1783 2959 πε-

188 2995 358 3067 ριττὴ
395 2995 583 3050 λοιπὸν
615 2996 767 3050 ἔσται
798 2998 951 3052 πᾶσα
998 2998 1242 3069 σημείων
1287 2997 1553 3070 ἐνέργεια.
1585 2998 1658 3051 Τὸ
1686 2999 1785 3069 μὲν

1886 1913 2223 1972 sanctorum,
2262 1907 2357 1977 qui
2380 1922 2492 1962 non
2519 1915 2883 1963 curvaverant
2917 1924 3056 1979 genu
3088 1909 3235 1963 Baali
3263 1908 3372 1972 ⁵-⁸;
3399 1926 3470 1967 ex

1886 1998 2023 2069 ipsis
2054 2001 2205 2055 solus
2229 1999 2395 2066 Elias,
2436 2000 2666 2071 ejusque
2706 2000 3011 2071 discipulus
3040 2000 3269 2057 Elisazus
3294 2004 3468 2057 mira-

1886 2092 2137 2145 culorum
2177 2091 2463 2149 effectores
2519 2092 2743 2149 fuerunt
2782 2113 2793 2148 :
2828 2108 2941 2148 non
2971 2101 3151 2149 tamen
3182 2092 3330 2149 Elias
3371 2093 3465 2150 de—

1886 2183 2012 2239 risit
2056 2183 2285 2239 Abdiam
2314 2201 2682 2251 (nconomum,
2715 2186 2997 2241 timentem
3026 2187 3245 2257 quidem
3272 2187 3466 2254 Deum,

1844 2308 1851 2311 -
1887 2284 1942 2330 at
1972 2276 2127 2347 signa
2161 2292 2272 2332 non
2308 2276 2638 2347 facientem;
2672 2294 2849 2349 neque
2875 2279 3104 2335 Elisants
3136 2279 3469 2349 discipulum

1887 2384 2047 2424 suum
2078 2371 2264 2427 hostes
2286 2372 2793 2443 perhorrescentem
2818 2372 3067 2443 despexit
3086 2373 3123 2427 ⁷,
3190 2371 3295 2427 Sed
3318 2373 3468 2428 enim

1886 2477 2065 2532 neque
2096 2464 2316 2534 sapiens
2341 2463 2554 2531 Daniel,
2604 2465 2692 2521 bis
2720 2480 2788 2521 ex
2828 2480 2925 2520 ore
2958 2464 3177 2520 leonum
3222 2471 3465 2535 ereptus,

1885 2569 2066 2625 neque
2105 2563 2219 2612 tres
2262 2558 2418 2626 pueri
2451 2574 2520 2613 ex
2550 2557 2695 2629 ignis
2731 2557 2957 2613 fornace
2998 2553 3268 2621 liberati“.
3301 2559 3465 2614 nihili

1885 2644 2133 2702 fecerunt
2150 2648 2390 2719 reliquos
2412 2665 2525 2705 suae
2540 2651 2717 2720 gentis
2742 2650 3013 2706 homines.
3033 2650 3294 2707 Sciebant
3312 2650 3466 2706 enim

1886 2753 1948 2795 se
1974 2754 2087 2794 non
2123 2739 2242 2796 suis
2268 2741 2481 2797 viribus
2519 2742 2766 2812 pericula
2808 2741 3071 2807 evasisse,
3101 2742 3199 2798 sed
3228 2740 3326 2797 Dei
3348 2742 3467 2796 vir-

1885 2837 2001 2887 tute
2024 2847 2150 2887 cum
2178 2832 2335 2903 signa
2371 2834 2684 2903 peregiSse,
2717 2841 2832 2888 tum
2878 2834 2947 2890 ab
2980 2834 3252 2904 angustiis
3292 2833 3469 2890 fuisse

1886 2930 2155 2980 servatos.
2184 2923 2374 2994 Itaque
2402 2938 2564 2979 nemo
2608 2933 2846 2980 vestrum
2870 2966 2884 2990 ,
2914 2926 3039 2981 licet
3067 2927 3137 2981 sit
3176 2926 3467 2996 propheta,

1886 3013 2013 3070 licet
2069 3016 2465 3071 miraculorum
2505 3024 2799 3087 Operator,
2829 3034 2889 3073 se
2929 3018 3193 3073 adversus
3239 3017 3467 3072 fratrem

185 3088 307 3161 γὰρ
331 3083 472 3143 εἶναι
504 3090 723 3162 εὐσεϐῆ,
748 3092 812 3145 ἐκ
829 3092 928 3163 τῆς
946 3091 1040 3144 τοῦ
1062 3109 1206 3155 τινος
1228 3092 1439 3155 εὐνοίας
1461 3109 1475 3123 ⁸
1505 3091 1565 3145 τὸ
1577 3092 1635 3146 δὲ
1654 3091 1784 3182 θαυ-

1890 3108 2131 3162 extollat.
2164 3106 2221 3161 Si
2244 3108 2391 3162 enim
2422 3108 2473 3162 id
2498 3083 2678 3175 detur,
2706 3117 2765 3162 ut
2792 3109 2978 3164 nullus
3009 3108 3244 3179 amplius
3274 3108 3347 3163 sit
3377 3108 3467 3163 ind

189 3185 532 3255 ματοποιεῖν,
561 3184 627 3237 ὲκ
654 3184 755 3256 τῆς
795 3183 890 3237 τοῦ
932 3184 1281 3257 ἐνεργοῦντος
1319 3184 1637 3255 δυνάμεως·
1706 3172 1782 3236 ὧν

1890 3198 2085 3263 fidelis,
2110 3199 2385 3269 superflua
2405 3172 2671 3271 deinceps
2690 3201 2797 3257 erit
2820 3202 3001 3256 omnis
3028 3172 3309 3271 sig-uorum
3333 3214 3459 3269 ope—

196 3275 261 3341 :6
282 3275 629 3347 μὲνοπρῶτον
655 3278 804 3348 ἡμᾶς
831 3278 1030 3341 αὐτοὺς
1052 3279 1175 3350 όρᾷ,
1198 3276 1261 3331 τὸ
1290 3277 1349 3331 δὲ
1382 3277 1633 3349 δεύτερον
1651 3275 1786 3332 Θεὸν

192 3365 290 3421 τὸν
328 3366 692 3439 ἐνεργοῦντα,
749 3368 819 3421 δι’
862 3368 931 3432 ἃς
960 3368 1296 3440 προείπομεν
1334 3368 1532 3432 αἰτίας.
1577 3363 1785 3423 Οὐκοῦν

187 3460 340 3533 μήτε
371 3459 627 3531 βασιλεὺς
660 3460 1012 3529 ἐξουθενείτω
1045 3463 1174 3525 τοὺς
1215 3462 1323 3515 ὑπ’
1355 3462 1516 3515 αὐτὸν
1560 3478 1786 3534 στρατη-

184 3553 359 3624 γούςο
406 3555 543 3626 μήτε
568 3555 831 3627 ἄρχοντες
857 3554 984 3617 τοὺς
1014 3554 1309 3625 ὑπηκόους.
1338 3554 1430 3625 Μὴ
1470 3555 1639 3609 όντων
1674 3554 1786 3627 γὰρ

183 3646 304 3700 τῶν
335 3646 673 3718 ἀρχομένων,
708 3646 956 3719 περιττοὶ
979 3647 1028 3699 οἱ
1046 3647 1305 3717 ἄρχοντες
1329 3663 1342 3677 ·
1384 3648 1479 3701 καὶ
1503 3648 1578 3719 μὴ
1615 3648 1785 3703 ὄντων

186 3738 543 3809 στρατηγῶν,
583 3739 646 3792 οὐ
691 3740 948 3809 στήσεται
985 3736 1249 3806 βασιλεία.
1286 3738 1446 3792 Ἀλλά
1492 3739 1626 3811 μηδὲ
1666 3741 1786 3794 ὲπί-

188 3846 403 3892 σκοπος
434 3828 748 3901 ἐπαιρέσθω
780 3829 921 3883 κατά
950 3828 1058 3882 τῶν
1100 3830 1405 3895 διακόνων,
1451 3830 1485 3900 ἢ
1514 3830 1621 3884 τῶν
1655 3848 1786 3902 πρε-

189 3920 508 3992 σϐυτέρων·
548 3922 683 3994 μήτε
716 3923 821 3993 μὴν
862 3923 911 3975 οί
942 3922 1300 3995 πρεσϐύτεροι
1329 3923 1467 3977 κατὰ
1494 3912 1587 3977 τοῦ
1614 3924 1743 3978 λαοῦ
1768 3944 1782 3956 ο

189 4013 259 4079 ἐξ
288 4014 534 4085 ἀλλήλων
562 4014 671 4087 γάρ
698 4015 847 4067 ἐστιν
885 4016 919 4085 ἡ
963 4014 1221 4076 σύστασις
1257 4014 1352 4068 τοῦ
1393 4015 1787 4088 συναθροίσμα-

188 4124 308 4171 τος.
343 4107 411 4161 Οἵ
434 4124 493 4159 τε
526 4110 635 4179 γὰρ
665 4108 974 4170 ἐπίσκοποι,
1006 4107 1098 4160 καὶ
1128 4109 1177 4160 οἱ
1219 4107 1595 4179 πρεσϐύτεροι,
1624 4107 1787 4161 τινῶν

190 4200 337 4252 εἰσιν
371 4201 537 4271 ἱερεῖς
566 4216 580 4230 ·
615 4200 711 4252 καὶ
754 4198 803 4253 οί
843 4190 1041 4263 λαῖκοὶ,
1082 4198 1244 4253 τινῶν
1292 4202 1397 4254 είσι
1441 4198 1617 4254 λαῖκοί
1643 4218 1657 4230 ·
1692 4202 1786 4254 καὶ

188 4290 259 4345 τὸ
289 4290 390 4361 μὲν
419 4285 557 4343 εἶναι
586 4291 935 4362 Χριστιανὸν,
969 4293 1063 4359 ἐφ’
1100 4292 1258 4361 ἡμῖν’
1298 4291 1361 4343 τὸ
1388 4292 1445 4344 δὲ
1466 4282 1782 4355 ἀπόστολον,

189 4382 233 4453 ἢ
245 4383 567 4446 ἐπίσκοπον,
588 4383 761 4453 ἢᾶλλο
780 4400 853 4445 τι,
865 4383 964 4435 οὐκ
980 4383 1063 4452 ἐφ’
1086 4384 1237 4454 ἡμῖν,
1252 4382 1365 4435 ἀλλ’
1381 4381 1472 4434 ἐπὶ
1496 4382 1572 4452 τῷ
1592 4381 1785 4436 διδόντι

1888 3292 2049 3348 ratio.
2074 3291 2284 3347 Etenim
2315 3308 2441 3348 esse
2469 3295 2641 3362 pium,
2666 3309 2735 3348 ex
2761 3294 2905 3347 bona
2929 3291 3239 3361 cujuspinm
3268 3291 3459 3346 volun-

1886 3389 1998 3438 tate
2037 3384 2247 3450 oritur;
2287 3390 2342 3436 at
2390 3384 2652 3437 miracula
2698 3393 2941 3454 patrare,
2983 3398 3051 3438 ex
3086 3384 3287 3439 virtute
3317 3383 3466 3441 illius

1886 3473 1981 3543 qui
2023 3482 2281 3538 operatur
2315 3494 2327 3529 :
2360 3489 2597 3543 quorum
2645 3475 2881 3544 primum
2914 3473 3135 3545 quidem
3166 3489 3269 3529 nos
3312 3475 3465 3545 ipsas

1887 3563 2129 3634 respicit,
2154 3566 2453 3620 secundum
2478 3580 2607 3620 vero
2639 3564 2829 3629 Deum,
2856 3564 2928 3620 ob
2958 3579 3154 3620 causas
3186 3579 3351 3634 supra
3379 3563 3464 3617 di-

1885 3662 2005 3709 ctas
2025 3663 2365 3723 operantem.
2397 3655 2566 3726 Igitur
2594 3671 2774 3727 neque
2802 3657 3100 3727 imperator
3128 3655 3287 3711 nihili
3322 3668 3462 3725 pen-

1886 3739 1981 3794 dat
2004 3744 2281 3798 exercitus
2307 3742 2477 3799 duces
2504 3745 2599 3815 qui
2631 3745 2735 3799 sub
2759 3746 2883 3816 ipse
2918 3753 3084 3813 sunt;
3114 3761 3293 3815 neque
3324 3760 3464 3814 prte-

1886 3831 2015 3887 fecti
2042 3849 2137 3890 eos
2171 3835 2265 3904 qui
2290 3835 2424 3905 ipsis
2455 3845 2669 3906 parent.
2702 3836 2841 3891 Nam
2870 3836 2917 3892 si
2961 3852 3069 3891 non
3101 3837 3213 3891 sint
3262 3838 3463 3906 quibus

1886 3929 2269 3998 praeficiantur,
2303 3926 2629 3997 supervacui
2668 3933 2831 3981 erunt
2862 3925 3136 3996 praemitti;
3174 3932 3229 3981 et
3262 3926 3307 3981 si
3341 3942 3455 3979 non

1886 4020 1996 4074 sint
2041 4019 2209 4074 duces
2252 4019 2545 4083 exercitus,
2579 4033 2687 4073 non
2734 4018 2901 4073 stabit
2952 4018 3264 4088 imperium.
3311 4017 3454 4083 Quin

1886 4112 2048 4165 etiam
2084 4127 2183 4166 nec
2225 4111 2513 4182 episcopus
2560 4110 2615 4163 in
2664 4110 2924 4165 diaconos
2966 4110 3051 4164 vel
3108 4109 3456 4179 presbyteros

1886 4204 2108 4258 extollat
2124 4218 2216 4269 se,
2248 4218 2346 4258 nec
2366 4202 2665 4273 presbyteri
2690 4202 2743 4256 in
2776 4202 2987 4271 plebem
3017 4220 3030 4256 :
3068 4216 3135 4255 ex
3205 4201 3453 4269 utrisque

1886 4294 2032 4346 enim
2067 4303 2239 4347 coetus
2278 4292 2600 4360 compositio
2641 4300 2835 4345 exstat.
2874 4290 3125 4359 Episcopi
3154 4290 3354 4360 quippe
3386 4303 3452 4343 ac

1887 4384 2207 4455 presbyteri,
2254 4382 2615 4454 quorumdam
2666 4393 2794 4437 sunt
2835 4383 3165 4447 sacerdotes,
3215 4389 3269 4436 et
3306 4378 3452 4443 laici,

188 4474 319 4545 Θεῷ
340 4473 408 4527 τά
434 4474 768 4545 χαρίσματα.
801 4474 985 4527 Ταῦτα
1021 4472 1117 4546 μὲν
1168 4472 1262 4528 οὖν
1302 4476 1393 4528 ἐπὶ
1425 4476 1673 4528 τοσοῦτον
1705 4478 1780 4529 εί-

1890 4478 2247 4541 quorumdam
2268 4486 2393 4532 sunt
2411 4476 2535 4533 laici
2553 4492 2567 4541 ;
2586 4490 2650 4530 ac
2675 4489 2796 4530 esse
2813 4475 3033 4545 quidem
3057 4474 3450 4535 Christianum,

191 4566 386 4638 ρήσθω
406 4566 494 4620 διὰ
511 4566 639 4630 τοὺς
667 4566 997 4633 ἀξιωθέντας
1017 4567 1415 4638 χαρισμάτωνῆ
1431 4568 1775 4638 ἀξιωμάτων.

1884 4569 1940 4622 in
1979 4576 2166 4623 nostra
2212 4565 2468 4619 consistit
2506 4566 2814 4632 potestate;
2864 4556 2920 4613 at
2951 4573 3075 4615 esse
3105 4556 3413 4627 apostolum
3436 4594 3454 4620 ,

190 4665 291 4714 aut
320 4659 660 4729 episcopum,
716 4668 809 4713 aut
839 4659 970 4729 quid
997 4659 1196 4723 simile,
1245 4667 1448 4714 nostra:
1507 4675 1617 4715 non
1664 4667 1749 4715 est
1794 4660 2103 4730 patestatis,
2144 4666 2335 4714 Verum
2379 4656 2445 4709 ad
2482 4654 2653 4709 Deum
2693 4652 3009 4723 largitorem
3058 4649 3456 4705 charismatum

184 4750 447 4822 pertinet.
473 4749 598 4805 Haec
615 4749 780 4821 igitur
798 4752 1063 4808 hactenus
1093 4752 1239 4807 dicta
1291 4751 1426 4817 sint,
1470 4759 1691 4822 propter
1739 4767 1834 4809 eos
1884 4754 1977 4824 qui
2008 4751 2159 4822 digni
2196 4748 2369 4804 habiti
2401 4754 2529 4803 sunt
2581 4752 2640 4800 ut
2695 4742 3025 4798 charismata
3052 4742 3137 4797 vel
3165 4741 3457 4812 dignitates

186 4842 530 4912 accipereut.

727 4932 1125 4986 ΚΕΦΑΛᾹΙΟΝ
1164 4933 1239 4984 B'.

357 5020 499 5091 Περὶ
530 5024 649 5078 τῶν
678 5025 1026 5077 ἐπισκόπων
1057 5024 1155 5076 καὶ
1192 5024 1609 5093 πρεσϐυΐέρων

775 5094 1039 5157 ἀναξίων
1068 5092 1198 5165 (79).

195 5190 414 5243 Ἕκεῖνο
431 5187 489 5241 δὲ
518 5186 880 5259 προστίθεμεν
909 5185 986 5256 τῷ
1010 5185 1172 5257 λόγῳ,
1193 5186 1275 5240 ὅτι
1306 5185 1430 5240 οὐτε
1454 5187 1561 5250 πᾶς
1587 5189 1615 5240 6
1633 5204 1769 5258 προ-

2484 4924 2716 4981 CAPUT
2771 4924 2834 4981 ll.

2138 5021 2214 5076 De
2233 5020 2489 5091 episcopis
2519 5028 2570 5073 et
2591 5017 2909 5088 presbyteris
2941 5013 3189 5085 indignis.

1944 5179 2079 5236 Illud
2096 5197 2225 5236 vero
2251 5179 2489 5236 sermoni
2511 5176 2949 5246 addimus;qu‘od
2980 5182 3079 5231 nec
3102 5174 3279 5231 omnis
3337 5172 3452 5241 qui.

264 5304 286 5334 ¹
318 5300 486 5358 lCor.
511 5302 682 5370 111,8.
759 5299 781 5331 ³
808 5299 983 5355 Exod.
1018 5300 1183 5365 vu,l.
1259 5297 1413 5357 ‘st.
1447 5314 1503 5355 ι.
1589 5294 1745 5353 ’σιιιι
1773 5296 1803 5351 Β

1894 5322 1905 5352 -.
1934 5310 2051 5360 xix,
2078 5296 2176 5360 {8;
2232 5293 2388 5350 Rom.
2414 5309 2490 5358 xu,
2516 5293 2569 5349 4.
2670 5293 2689 5325 ⁷
2709 5289 2778 5346 Π
2808 5290 2943 5361 Reg.
2972 5306 3042 5346 Vl.
3150 5292 3171 5321 ⁸
3206 5289 3343 5345 Dan.
3375 5304 3449 5355 νι,

182 5390 308 5439 xlv,
344 5388 433 5429 ιιι.

1500 5480 1864 5537 VARIORUM
1896 5479 2128 5535 NOTIE.

262 5576 377 5647 (78)
406 5578 520 5631 Καὶ
550 5580 585 5630 ό
608 5576 744 5647 μὲν,
774 5578 1102 5645 ἀρχιερεύς.
1167 5577 1342 5645 Super
1380 5577 1581 5632 celebri
1623 5592 1772 5645 qua:-

187 5652 397 5708 stione,
438 5647 675 5701 fueritne
717 5646 937 5703 Samuel
977 5663 1225 5701 summus
1279 5648 1543 5716 pontifex.
1587 5662 1771 5701 sacer-‘-

187 5718 295 5774 0105
330 5725 565 5773 tantum.
608 5733 677 5770 an
716 5719 879 5772 levita
921 5732 1129 5782 merus,
1164 5718 1333 5772 multa
1363 5734 1391 5771 a
1424 5718 1611 5772 multis
1633 5718 1771 5773 seris

183 5807 242 5849 ta
310 5800 459 5854 sunt,
491 5804 614 5857 quae
652 5787 897 5858 proferre
923 5788 1059 5842 nihil
1086 5796 1169 5843 est
1192 5804 1437 5845 necesse.
1473 5788 1607 5843 Cor.

519 5888 795 5941 Parnon.
844 5884 961 5943 Gn.
1007 5886 1050 5939 l.

1957 5573 2068 5643 (79)
2087 5574 2226 5641 Περὶ
2253 5571 2389 5634 τῶν,
2410 5580 2515 5628 etc.
2541 5570 2787 5643 Uterque
2804 5560 2968 5643 Vind.
3002 5566 3177 5643 codex
3188 5584 3234 5643 _:_
3250 5566 3368 5619 Ὅτι
3388 5566 3448 5643 οὐ

1881 5635 2236 5771 πόένὲωςϐπᾶς
2260 5646 2287 5697 6
2317 5642 2675 5713 προφητεύων
2695 5635 2735 5711 ’ἢ
2769 5640 3025 5709 δαίμονας
3051 5635 3325 5693 ἐκϐάλλων
3362 5636 3451 5688 εὐ-

1880 5730 1939 5768 σε
2015 5733 2062 5777 gs
2142 5730 2264 5769 Lsn.

3037 5865 3113 5925 3'4-
