3886 6190
188 302 339 365 1073

730 425 1127 487 ΚΕΦΑΛΑΙΟΝ
1166 435 1242 489 Ε’.

349 513 704 586 Ἔπέκλησις
730 519 831 574 ἐπὶ
859 527 1225 594 χειροτονίας
1242 529 1618 587 ἐπισκόπων.

278 599 339 661 ’0
363 604 463 671 ὣν,
494 609 769 677 Δέσποτα,
802 614 998 686 Κύριε,
1030 619 1059 671 6
1103 618 1263 686 Θεὸς,
1296 624 1326 676 6
1352 627 1766 700 παντοκράτωρ,

184 699 224 753 ὁ
252 698 409 769 μόνος
438 700 759 774 άγέννητος,
817 706 912 761 καὶ
950 708 1321 777 ἀϐασίλευτοςσ
1358 716 1387 769 6
1416 715 1503 770 ἀεὶ
1536 715 1640 783 ὢν,
1674 698 1769 774 καὶ

184 790 304 861 πρὸ
332 790 440 844 τῶν
467 791 678 848 αἰώνων
702 796 981 869 ὑπάρχων·
1015 802 1044 855 6
1082 804 1244 857 παντὶ
1265 805 1309 838 ³⁸
1358 808 1608 880 ἀνενδεὴς
1628 849 1642 872 ,
1674 813 1769 865 καὶ

186 880 380 954 πάσης
402 884 581 951 αἰτίας
611 888 704 941 καὶ
730 890 998 959 γενέσεως
1040 896 1327 967 κρείττων·
1374 902 1403 953 6
1445 901 1604 973 μόνος
1637 903 1769 975 ἀλη-

184 972 341 1036 θινὸς
354 1013 370 1039 ,
389 976 418 1028 6
440 976 600 1066 μόνος
620 981 801 1049 σοφός’
824 984 854 1037 6
876 982 953 1037 ὢν
973 986 1133 1057 μόνος
1166 988 1445 1059 Ὕψιστοςο
1465 995 1494 1047 6
1511 998 1578 1066 τῇ
1608 972 1767 1065 φύσει

182 1064 442 1135 ἀόρατος·
471 1061 534 1121 οῦ
563 1071 820 1141 ἡγνῶσις
861 1074 1117 1150 ἄναρχοςο
1155 1082 1185 1135 6
1222 1081 1382 1152 μόνος
1415 1061 1644 1154 ἀγαθδς,
1674 1091 1768 1143 καὶ

186 1156 558 1231 ἀσύγκριτος,
588 1165 617 1217 6
653 1164 722 1220 τὰ
772 1168 950 1224 πάντα
995 1172 1152 1237 εἰδὼς
1183 1176 1311 1245 πρὶν
1356 1177 1621 1246 γενέσεως
1668 1183 1766 1236 αὐ-

180 1250 366 1306 τῶνοό
391 1254 500 1308 τῶν
528 1259 787 1329 κρυπτῶν
807 1262 1072 1336 γνώστης·
1094 1270 1122 1323 6
1141 1269 1451 1341 ἀπρόσιτοςο
1477 1275 1507 1327 6
1535 1274 1766 1329 ἀδέσπο-

180 1359 305 1406 τοςσ
360 1345 390 1398 6
418 1344 552 1411 Θεὸς
602 1351 696 1404 καὶ
750 1353 935 1427 Πατὴρ
982 1358 1077 1411 τοῦ
1121 1362 1437 1431 μονογενοῦς
1470 1365 1600 1419 Υῑοῦ
1648 1385 1762 1435 σου,

185 1434 291 1487 τοῦ
322 1435 456 1491 Θεοῦ
487 1440 580 1493 καὶ
606 1442 857 1516 Σωτῆρος
884 1448 1061 1519 ἡμῶνο
1092 1452 1120 1505 6
1151 1452 1479 1526 δημιουργὸς
1496 1458 1601 1513 τῶν
1630 1434 1766 1516 ὅλων

180 1525 261 1582 δι’
292 1528 482 1583 αὐτοῦ·
538 1533 568 1591 6
628 1538 954 1611 προνοητὴς,
995 1543 1024 1595 6
1057 1543 1331 1618 κηδεμών*
1354 1525 1393 1601 ό
1422 1549 1612 1625 Πατὴρ
1657 1553 1765 1607 τῶν

181 1620 519 1691 οἰκτιρμῶν,
551 1626 646 1678 καὶ
667 1626 798 1691 Θεὸς
819 1630 1001 1704 πάσης
1031 1636 1444 1710 παρακλήσεως·
1477 1643 1506 1695 6
1626 1644 1765 1717 ὑψη-

181 1710 305 1776 λοῖς
335 1716 634 1782 κατοικῶν,
664 1722 759 1774 καὶ
793 1722 862 1777 τὰ
908 1729 1138 1786 ταπεινά
1183 1731 1413 1803 ἐφορῶν.
1448 1735 1521 1788 Σὺ
1571 1738 1600 1789 6

182 1804 354 1874 ὅρους
396 1806 748 1881 Ἐκκλησίας,
778 1813 867 1868 διὰ
894 1817 993 1888 τῆς
1021 1800 1299 1893 ἐνσάρκου-
1333 1826 1633 1898 παρουσίας
1669 1800 1763 1888 τοῦ
1793 1800 1837 1855 Β

180 1898 431 1970 Χριστοῦ
474 1918 599 1967 σου,
628 1905 734 1959 ὑπὸ
768 1908 1004 1987 μάρτυρι
1031 1912 1109 1984 τῷ
1139 1915 1476 1989 Παρακλήτῳ
1495 1960 1510 1985 ,
1544 1920 1631 1974 διά
1656 1923 1763 1977 τῶν

183 1990 302 2044 σῶν
325 1993 633 2051 ἀποστόλων
656 2039 670 2063 ,
699 2001 792 2053 καὶ
830 2003 986 2077 ἡμῶν
1020 2005 1129 2059 τῶν
1161 2008 1343 2080 χάριτι
1385 2014 1450 2083 σῇ
1480 2013 1762 2085 παρεστὼ-

180 2098 300 2137 των
348 2086 683 2144 ἐπισκόπωνο
740 2094 768 2145 6
808 2096 1108 2167 προορίσας
1138 2099 1197 2166 ἐξ
1240 2100 1415 2173 ἀρχῆς
1464 2104 1629 2176 ἱερεῖς
1683 2108 1763 2171 εἰς

179 2175 511 2235 ἐπιστασίαν
542 2180 671 2234 λαοῦ
706 2200 831 2251 σου,
877 2187 1042 2241 Ἀσελ
1083 2190 1142 2243 ἐν
1174 2191 1444 2263 πρώτοις,
1487 2175 1625 2266 Σὴθ,
1669 2198 1763 2252 καὶ

196 2266 402 2336 Ἑνὼς,
443 2272 537 2326 καὶ
593 2274 792 2350 Ἑνὼχ,
826 2280 920 2332 καὶ
947 2280 1103 2347 Νῶε,
1137 2284 1231 2337 καὶ
1276 2286 1609 2358 Μελχισεδὲκ
1629 2328 1644 2354 ,
1669 2292 1763 2344 καὶ

194 2360 344 2414 Ἰώσ-
371 2364 712 2433 όάναδείξας
778 2369 1028 2445 Ἀϐραὰμ
1070 2377 1165 2430 καὶ
1214 2378 1342 2443 τοὺς
1396 2380 1615 2446 λοιποὺς
1660 2400 1764 2437 πα-

174 2454 455 2526 τριάρχας
496 2458 594 2513 σὺν
636 2463 750 2526 τοῖς
793 2469 1005 2530 πιστοῖς
1042 2484 1136 2522 σου
1180 2470 1507 2540 θεράπουσιν
1537 2477 1766 2531 Μωῦσεῖ

176 2549 283 2602 καὶ
323 2548 559 2622 Ἀαρὼν,
594 2556 688 2608 καὶ
740 2556 1047 2636 Ἐλεαζάρῳ
1089 2562 1183 2617 καὶ
1210 2564 1415 2629 Φινεέςο
1441 2568 1468 2619 ό
1494 2566 1553 2635 ἐξ
1584 2566 1763 2623 αὐτῶν

178 2643 676 2716 προχειρισάμενος
714 2649 1010 2725 ἄρχοντας,
1042 2654 1137 2707 καὶ
1170 2655 1332 2727 ἱερεῖς
1374 2659 1432 2711 ἐν
1472 2661 1538 2731 τῇ
1589 2663 1760 2733 σκηνῇ

174 2731 282 2793 τοῦ
311 2737 631 2809 μαρτυρίοψ
660 2742 689 2794 6
719 2740 811 2794 τὸν
840 2743 1093 2816 Σαμουὴλ
1120 2748 1477 2829 ἐκλεξάμενος
1505 2754 1584 2818 εἰς
1611 2731 1763 2825 ἱερέα

177 2826 283 2881 καὶ
334 2829 637 2901 προφήτην·
678 2830 757 2902 τῷ
801 2833 1164 2909 ἀγιάσματίυ
1205 2856 1299 2893 σου
1335 2826 1761 2916 ἀλειτούργητον

180 2916 264 2990 μὴ
298 2918 696 2987 ἐγκαταλιπώνο
726 2925 756 2978 6
781 2925 1079 2999 εὐδοκήσας
1109 2930 1168 2983 ἐν
1204 2927 1286 2994 οἷς
1330 2933 1566 3005 ῄρετίσω
1609 2936 1762 3004 δοξα-

179 3008 407 3081 σθῆναι.
440 3012 613 3077 Αὐτὸς
638 3016 732 3071 καί
774 3017 870 3073 νῦν
923 3022 1169 3096 μεσιτεία
1209 3024 1304 3077 τοῦ
1346 3027 1582 3099 Χριστοῦ
1634 3047 1757 3097 σου,

1042 316 1639 381 CONSTITUTIONES
1683 320 2157 378 APOSTOLICAE.
2192 354 2260 365 -
2292 323 2417 379 LIB.
2456 323 2593 390 VIII.

1800 457 1847 505 A

3302 336 3461 401 ωτι.

2486 444 2716 503 CAPUT
2756 446 2819 503 ν.

2088 534 2356 591 Invocatio
2391 539 2443 591 in
2475 538 2805 594 ordinatione
2835 542 3219 612 episcoporum.

1941 624 2155 693 Quies,
2190 627 2320 683 here
2368 627 2619 696 Domine,
2663 630 2829 696 Deus,
2869 634 3238 706 omnipotens,
3278 642 3459 701 solum

1872 714 2151 787 ingenitus
2177 734 2241 774 ac
2269 734 2453 791 regem
2484 736 2595 776 non
2625 722 2868 790 habens;
2902 727 2994 795 qui
3027 743 3243 801 semper
3269 749 3358 798 es,
3385 745 3440 790 et

1872 817 1999 865 ante
2022 811 2220 865 saecula
2249 812 2498 880 exsistis;
2529 813 2624 884 qui
2652 815 2805 870 nullo
2844 816 3077 890 indiges,
3112 836 3441 897 omnemque

1870 915 2094 957 causam
2128 911 2291 974 atque
2336 912 2519 960 ortum
2557 922 2818 977 superas;
2868 911 3019 968 solus
3063 928 3248 982 verus,
3286 919 3443 977 solus

1870 994 2122 1065 sapiens;
2147 998 2237 1067 qui
2270 997 2420 1054 solus
2440 998 2756 1057 Altissimus
2780 1017 2859 1067 es,
2887 1013 3084 1060 natura
3111 1007 3437 1081 invisibilis;

1869 1087 2026 1157 cujus
2058 1088 2325 1159 cognitio,
2372 1105 2567 1161 expers
2613 1093 2905 1164 principii;
2941 1098 3093 1154 solus
3123 1100 3332 1168 bonus,
3374 1118 3441 1161 ac

1869 1178 2315 1251 incomparabilis
2335 1199 2349 1249 ;
2372 1183 2467 1253 qui
2491 1184 2675 1239 omnia
2697 1188 2843 1242 nosti
2874 1198 3001 1247 ante
3047 1207 3210 1263 quam
3234 1195 3437 1267 ﬂant“;

1868 1271 2207 1326 occultorum
2237 1276 2508 1344 cognitor,
2548 1275 2901 1348 inaccessos;
2948 1282 3172 1341 domino
3200 1302 3435 1358 carens;

1867 1363 2012 1420 Deus
2034 1372 2089 1420 et
2107 1364 2270 1421 Pater
2299 1368 2562 1439 unigeniti
2584 1368 2704 1426 Filii
2744 1376 2845 1440 tui,
2895 1374 2994 1431 Dei
3030 1393 3095 1434 ac
3125 1379 3435 1443 Servatoris

1866 1458 2074 1526 nostri;
2105 1458 2359 1514 conditor
2389 1461 2768 1521 universorum
2786 1481 2883 1536 per
2914 1468 3092 1538 ipsum
3115 1513 3128 1534 ,
3157 1474 3436 1541 provisor,

1867 1558 2041 1618 tutor;
2072 1549 2235 1606 Pater
2258 1551 2779 1620 misericordiarum,
2813 1565 2868 1612 et
2913 1560 3058 1616 Deus
3090 1562 3260 1619 totius
3304 1579 3438 1621 cou-

1869 1643 2361 1714 solationis“;qui
2409 1645 2465 1699 in
2525 1646 2649 1703 altis
2698 1647 2934 1719 habitas,
2987 1657 3041 1707 et
3092 1652 3318 1709 humilia
3352 1672 3441 1713 re.-

1869 1734 2115 1804 spicis".
2149 1734 2231 1788 Tu
2259 1736 2351 1805 qui
2380 1736 2581 1793 dedisti
2622 1739 2770 1809 leges
2802 1755 2867 1797 ac
2910 1746 3127 1819 regulas
3157 1746 3438 1819 Ecclesiae,

1864 1843 1961 1899 per
1987 1827 2191 1884 Christi
2219 1830 2300 1883 tui
2327 1829 2619 1885 adventum
2661 1832 2718 1890 in
2739 1818 2926 1900 carne,
2958 1837 3063 1892 sub
3093 1842 3233 1895 teste
3265 1818 3437 1895 Paraé

1865 1921 2028 1986 cleto,
2061 1938 2159 1992 per
2186 1923 2467 1993 apostolos
2500 1931 2645 1992 tuos,
2694 1940 2761 1981 ac
2800 1942 2903 1983 nos
2932 1930 3104 1999 gratia
3132 1938 3225 1985 tua
3252 1942 3438 1990 astan-

1864 2020 1947 2071 tes
1979 2016 2295 2087 episcopos;
2327 2016 2419 2086 qui
2451 2016 2521 2072 ab
2552 2017 2708 2074 initio
2755 2021 3068 2090 praestitisti
3114 2026 3430 2083 sacerdotes

1864 2106 1920 2161 in
1944 2107 2129 2181 populi
2167 2108 2249 2163 tui
2296 2104 2663 2166 curationem.
2709 2110 2931 2167 Abelem
2984 2114 3041 2168 in
3088 2115 3303 2186 primis,
3337 2115 3437 2173 Se-

1863 2200 2041 2265 thum,
2068 2200 2334 2267 Enosum,
2377 2199 2719 2267 Henochum,
2752 2201 2947 2271 Noam,
2976 2205 3434 2266 Melchisedecum

1862 2301 1918 2349 et
1942 2292 2176 2360 Jebum;
2206 2296 2299 2365 qui
2335 2295 2673 2352 constituisti
2710 2294 3082 2355 Abrahamum
3124 2312 3178 2359 et
3207 2312 3434 2363 czeteros

1862 2385 2228 2455 patriarchas,
2261 2401 2387 2441 cum
2416 2385 2666 2442 ﬁdelibus
2686 2388 2796 2444 tuis
2824 2388 3065 2459 famulis,
3091 2393 3295 2467 Moyse,
3331 2398 3434 2469 Aa-

1862 2490 2017 2541 rone,
2070 2476 2351 2543 Eleazaro,
2394 2476 2629 2547 Phinee;
2664 2479 2758 2551 qui
2801 2480 2858 2535 in
2901 2483 3039 2553 ipsis
3078 2484 3434 2559 desumpsisti

1863 2568 2161 2639 principes,
2192 2578 2247 2623 et
2276 2569 2595 2626 sacerdotes
2624 2571 2681 2626 in
2708 2572 3065 2633 tabernaculo
3096 2579 3449 2649 testimonii;

1864 2660 1957 2729 qui
1980 2657 2286 2716 Samuelem
2306 2662 2517 2732 elegisti
2539 2664 2591 2716 in
2620 2663 2963 2721 sacerdotem
2991 2682 3055 2724 ac
3079 2672 3431 2742 prophetam;

1865 2751 1960 2823 qui
1980 2752 2355 2809 sanctuarium
2378 2760 2532 2808 tuum
2550 2754 2670 2810 sine
2686 2756 2959 2815 ministris
2986 2775 3098 2816 non
3122 2762 3431 2833 reliquisti;

1863 2844 1956 2914 qui
1994 2843 2369 2900 benevolentia
2400 2855 2729 2915 prosecutus
2774 2863 2834 2905 es
2861 2865 2958 2907 eos
3014 2851 3071 2907 in
3099 2853 3301 2923 quibus
3337 2871 3436 2910 vo-

1865 2936 2019 2993 luisti
2086 2937 2375 2993 celebrari.
2432 2936 2554 3009 Ipse
2606 2954 2752 2994 nunc
2826 2956 3068 3012 quoque,
3121 2944 3433 3003 intercessu

1862 3027 2064 3084 Christi
2089 3028 2189 3093 tui,
2223 3044 2320 3098 per
2340 3044 2443 3085 nos
2474 3029 2699 3086 infunde
2727 3032 2981 3089 virtutem
3005 3036 3328 3107 principalis
3350 3039 3433 3095 tui

173 3101 253 3155 δι’
284 3103 441 3174 ἡμῶν
478 3106 664 3179 ἐπίχεε
712 3110 813 3181 τὴν
860 3111 1087 3184 δύναμιν
1133 3116 1227 3170 τοῦ
1281 3119 1609 3191 ἡγεμονικοῦ
1665 3140 1756 3177 σου

1864 3118 2120 3192 Spiritus,
2147 3119 2242 3191 qui
2294 3120 2745 3179 subministratur
2789 3139 2886 3195 per
2926 3101 3206 3183 dilectum.
3231 3128 3431 3187 Filium

174 3194 528 3267 Πνεῦματος,
581 3201 720 3274 ὅπερ
774 3203 1100 3262 διακονεῖται
1162 3210 1240 3282 τῷ
1279 3212 1622 3286 ἠγαπημένῳ
1664 3233 1757 3270 σου

176 3288 342 3343 Παιδί
383 3291 556 3364 Ἰησοῦ
605 3294 858 3369 Χριστῷ,
910 3299 1048 3372 ὅπερ
1092 3301 1403 3375 ἐδωρήσατο
1431 3306 1622 3380 γνώμῃ
1666 3327 1757 3364 σου

172 3381 298 3444 τοῖς
336 3382 514 3452 ἁγίοις
544 3384 864 3453 ἀποστόλοις
918 3407 1012 3445 σου
1046 3393 1159 3469 ⁴τοῦ
1189 3397 1406 3451 αἰωνίου
1469 3399 1625 3453 Θεοῦ.
1658 3403 1760 3467 Δὸς

173 3473 242 3525 ὲν
269 3472 351 3544 τῷ
374 3474 599 3546 ὀνόματί
632 3494 757 3545 σου,
788 3481 1200 3553 καρδιογνῶστα
1232 3487 1363 3554 Θεὲ,
1396 3490 1490 3545 ἐπὶ
1518 3490 1608 3546 τὸν
1639 3492 1759 3547 δοῦ-

172 3563 274 3617 λόν
308 3581 403 3618 σου
429 3567 579 3621 τόνδε
600 3609 614 3635 ,
635 3569 695 3623 ὃν
721 3570 949 3641 ἐξελέξω
976 3576 1056 3639 εἰς
1088 3577 1384 3635 ἐπίσκοπον
1402 3621 1415 3647 ,
1449 3584 1757 3655 ποιμαίνειν

170 3655 283 3727 τὴν
330 3657 490 3727 ἁγίαν
546 3677 641 3715 σου
702 3664 969 3740 ποίμνην,
1016 3670 1112 3723 καὶ
1168 3671 1582 3746 ἀρχιερατεύειν
1635 3695 1754 3745 σοι,

170 3750 489 3822 ἀμέμπτως
535 3754 950 3829 λειτουργοῦντα
997 3760 1189 3827 νυκτὸς
1232 3765 1325 3818 καὶ
1378 3766 1592 3840 ἡμέρας
1612 3809 1627 3834 ,
1661 3772 1757 3824 καὶ

170 3841 595 3917 ὲξιλασκὸμενόν
637 3864 730 3901 σου
760 3848 821 3902 τὸ
863 3851 1154 3925 πρόσωπον
1172 3893 1186 3919 ,
1217 3855 1639 3931 ἐπισυναγαγεῖν
1665 3862 1758 3919 τὸν

168 3934 413 4006 ἀριθμὸν
456 3937 566 3991 τῶν
617 3940 970 4012 σωζομένων,
1038 3946 1133 3999 καὶ
1185 3950 1518 4022 προσφέρειν
1569 3970 1651 4008 σοι
1684 3956 1757 4010 τὰ

168 4027 326 4099 δῶρα
348 4029 447 4099 τῆς
476 4031 641 4100 ἁγίας
670 4049 763 4086 σου
806 4035 1151 4107 Ἐκκλησίας.
1185 4040 1286 4105 Δὸς
1312 4042 1481 4113 αὐτῷ,
1512 4045 1756 4105 Δέσποτα

170 4118 588 4194 παντόκρατορ,
642 4123 731 4177 διὰ
780 4125 873 4179 τοῦ
907 4129 1145 4199 Χριστοῦ
1181 4146 1273 4185 σου
1296 4172 1311 4197 ,
1339 4134 1438 4205 τὴν
1468 4139 1755 4206 μετουσίαν

167 4211 274 4265 τοῦ
307 4212 462 4282 ἁγίου
512 4215 851 4288 Πνεῦματος·
900 4219 1041 4274 ὥστε
1080 4222 1224 4294 ἔχειν
1264 4225 1511 4290 ἐξουσίαν
1540 4229 1754 4299 ἀφιέναι

170 4304 455 4377 ἁμαρτίας
482 4307 623 4361 κατά
638 4308 737 4381 τὴν
761 4311 980 4384 ἐντολήν
1010 4331 1128 4379 σου,
1167 4315 1364 4373 διδόναι
1390 4319 1623 4391 κλήρους
1640 4322 1752 4396 (93,)

170 4396 324 4451 κατὰ
335 4397 397 4450 τὸ
414 4400 744 4473 πρόσταγμά
757 4403 1024 4470 σου,λύειν
1039 4407 1098 4461 δὲ
1112 4407 1289 4471 πάντα
1307 4410 1601 4484 σύνδεσμον
1614 4414 1754 4473 κατά

1861 3220 2014 3267 tuum
2044 3211 2229 3267 Jesum
2257 3212 2561 3280 Christum,
2594 3229 2865 3287 quemque
2899 3219 3184 3275 voluntate
3211 3228 3307 3275 tua
3332 3222 3431 3278 do-

1858 3304 2008 3359 navit
2033 3304 2243 3359 sanctis
2272 3304 2536 3374 apostolis
2567 3307 2635 3361 ad
2664 3315 2717 3362 te
2756 3317 3021 3365 aeternum
3051 3310 3223 3366 Deum
3253 3314 3434 3385 perti-

1858 3398 2137 3454 nentibus.
2159 3396 2238 3450 Da
2266 3397 2323 3452 in
2352 3397 2574 3454 nomine
2601 3406 2718 3466 tu‘o,
2749 3398 2893 3456 Deus
2926 3401 3182 3473 cognitor
3219 3403 3427 3469 cordis,

1858 3491 1987 3547 huic
2017 3506 2176 3548 servo
2200 3498 2315 3556 tuo,
2348 3490 2525 3548 electo
2572 3507 2603 3547 a
2635 3501 2688 3549 te
2734 3494 2791 3548 in
2821 3495 3162 3566 episcopum,
3204 3511 3430 3568 pascere

1858 3591 2110 3641 sanctum
2132 3591 2286 3641 tuum
2312 3599 2552 3655 gregem,
2602 3593 2659 3640 et
2683 3587 2999 3656 pontiﬁcem
3038 3596 3195 3643 tuum
3245 3604 3457 3665 agere,

1857 3676 2141 3748 inculpate
2193 3676 2603 3733 ministrantem
2631 3686 2794 3733 nocte
2840 3692 2904 3733 ac
2935 3679 3053 3749 die;
3083 3689 3138 3737 et
3165 3682 3461 3751 placando.

1858 3768 2051 3825 faciem
2082 3776 2253 3833 tuam,
2286 3783 2615 3839 congregare
2641 3784 2930 3826 numerum
2959 3787 3150 3828 eorum
3171 3774 3265 3845 qui
3293 3773 3433 3844 salvi
3457 3836 3461 3839 ,

1858 3860 2018 3926 ﬁunt,
2056 3874 2119 3915 ac
2143 3859 2337 3917 oﬂ‘erre
2371 3860 2468 3917 tibi
2498 3861 2642 3916 dona
2670 3870 2877 3918 sanctae
2906 3872 3013 3920 tuae
3040 3864 3319 3926 Ecclesia.
3346 3864 3427 3931 Da

1857 3952 1958 4015 illi,
1988 3952 2212 4007 Domine
2254 3953 2626 4024 omnipotens,
2666 3970 2764 4024 per
2793 3954 3077 4012 Christum
3112 3966 3264 4012 tuum
3300 3973 3427 4029 par-

1858 4044 2231 4113 ticipationem
2262 4046 2440 4101 sancti
2473 4045 2710 4115 Spiritus
2736 4065 2749 4113 ;
2778 4056 2839 4102 ut
2877 4048 3073 4108 habeat
3098 4058 3425 4123 potestatem

1855 4137 2168 4195 remittendi
2223 4146 2446 4209 peccata
2498 4139 2799 4199 secundum
2872 4140 3193 4207 mandatan
3249 4152 3424 4208 tuum,

1855 4230 2020 4288 dandi
2062 4230 2239 4286 cleros
2288 4246 2385 4287 seu
2411 4231 2632 4287 ordines
2653 4231 3059 4288 ecclesiasticos
3102 4233 3257 4302 juxta
3288 4249 3428 4309 prae-

1855 4329 2071 4393 ceptum
2121 4329 2296 4388 tuum,
2342 4333 2398 4378 et
2442 4323 2687 4377 solvendi
2734 4338 2895 4379 omne
2924 4324 3202 4383 vinculum
3228 4342 3427 4385 secun-

1857 4417 1991 4473 dum
2019 4424 2345 4488 potestatem
2381 4430 2543 4486 quam
2574 4415 2812 4483 tribuisti
2849 4417 3111 4486 apostolis
3126 4417 3223 4483 W;
3257 4427 3425 4490 utque
3481 4493 3487 4503 ι

169 4487 277 4559 τὴν
292 4487 538 4555 ἐξουσίαν
560 4493 624 4564 ἦν
645 4493 854 4560 ἔδωκας
874 4499 988 4562 τοῖς
1008 4500 1343 4566 ἀποστόλοις·
1369 4506 1679 4578 εὐαρεστεῖν
1698 4509 1755 4562 δέ

1862 4509 1960 4565 tibi
2010 4510 2221 4580 placeat
2283 4509 2339 4564 in
2391 4507 2834 4573 mansuetudine,
2886 4517 2942 4565 et
2982 4510 3187 4565 mundo
3233 4513 3420 4578 corde,

173 4597 264 4634 σοι
279 4580 337 4633 ἐν
358 4582 648 4655 πραότητι,
676 4586 771 4638 καί¹
783 4588 1001 4661 καθαρᾷ
1016 4592 1234 4664 καρδίᾳ,
1254 4595 1558 4667 ἀτρέπτως,
1579 4600 1754 4671 ἀμέμ-

171 4689 348 4736 πτως,
361 4673 729 4746 ἀνεγκλήτως,
746 4680 1124 4753 προσφέροντά
1134 4701 1215 4737 σοι
1232 4686 1372 4741 καθα
1381 4689 1477 4759 ράν
1491 4691 1584 4745 καὶ
1596 4691 1749 4753 ἀναίν-

174 4781 387 4835 μακτον
416 4765 635 4833 θυσίαν,
661 4769 727 4841 ἢν
760 4770 847 4826 διά
869 4773 1105 4844 Χριστοῦ
1124 4776 1354 4845 διετάξω
1371 4780 1432 4833 τὸ
1454 4784 1751 4854 μυστήριον

168 4855 271 4927 τῆς
283 4858 484 4930 Καινῆς
497 4860 786 4934 Διαθήκης,
811 4865 891 4928 είς
903 4866 1078 4938 ὀσμὴν
1097 4885 1120 4920 ε
1131 4868 1348 4934 ὐωδίας,
1361 4870 1451 4925 διὰ
1466 4873 1561 4927 τοῦ
1592 4875 1748 4943 ἁγίου

170 4950 376 5015 Παιδός
408 4968 505 5007 σου
551 4954 722 5026 Ἰησοῦ
750 4958 985 5029 Χριστοῦ
1032 4960 1126 5015 τοῦ
1173 4961 1306 5017 Θεοῦ
1358 4966 1451 5018 καὶ⁹
1498 4967 1749 5040 Σωτῆρος

248 5134 300 5205 ’ἦ
318 5133 373 5205 if.
406 5133 603 5205 πάντη.

172 5205 243 5238 ⁸³⁸
283 5204 474 5260 Matth.
506 5204 663 5269 mn,
692 5204 781 5260 18.

1856 4608 2193 4663 constanter,
2246 4601 2523 4670 inculpate
2571 4614 2636 4655 ac
2683 4600 3237 4669 irrcprehensibiliter
3289 4602 3423 4660 θῦε·
3480 4656 3485 4662 .

1854 4693 2026 4749 rendo
2049 4694 2146 4749 tibi
2174 4708 2373 4762 purum
2405 4701 2460 4747 et
2507 4692 2848 4747 incruentum
2879 4693 3237 4761 sacriﬁcium,
3275 4697 3422 4766 quod

1856 4801 1952 4856 per
1979 4785 2263 4841 Christum
2295 4783 2635 4840 constituisti
2683 4784 3004 4855 mysterium
3042 4783 3181 4841 Novi
3227 4785 3422 4843 Testa-

1854 4878 2045 4942 menti,
2073 4877 2132 4931 in
2174 4876 2397 4932 odorem
2428 4875 2747 4942 suavitatis;
2779 4890 2877 4946 per
2918 4884 3172 4932 sanctum
3221 4876 3420 4933 Filium

1854 4948 2009 5023 tuum
2038 4967 2227 5027 Jesum
2290 4966 2590 5032 Christum,
2636 4966 2804 5022 Deum
2849 4981 2913 5028 ac
2960 4966 3297 5025 Salvatorem
3320 4984 3421 5026 no.-

702 5134 759 5215 ξς
787 5135 921 5193 Dan.
954 5154 1076 5204 xm,
1098 5139 1186 5194 42.
1280 5138 1404 5194 δκη
1429 5141 1556 5207 (ῖοτ.
1588 5158 1627 5209 ι’
1652 5145 1705 5205 5-

1863 5144 2008 5203 Psal.
2042 5160 2175 5209 cxu,
2203 5148 2255 5202 5.
2351 5146 2396 5177 ⁵³
2433 5143 2469 5197 f.
2504 5144 2565 5197 τὸ
2593 5143 2855 5215 ἁγίασμα.
2889 5142 2980 5202 Sic
3008 5155 3063 5202 et
3087 5146 3225 5202 alter
3249 5144 3413 5205 Vind.

1449 5383 1817 5458 VARIQRUM
1852 5385 2085 5444 nom.

246 5558 361 5631 (93)
400 5559 632 5614 Διδόναι
662 5558 944 5631 κλήρους.
979 5559 1241 5616 Primitus
1263 5576 1332 5617 oe
1360 5569 1506 5618 sorte
1535 5575 1599 5614 ac
1626 5577 1738 5615 sor-

172 5630 369 5710 titione
394 5638 658 5714 usurpata
690 5648 793 5714 vox
826 5630 1023 5714 κλῆρος
1040 5673 1064 5714 ,_
1076 5641 1269 5714 postea
1305 5633 1373 5686 ad
1420 5632 1590 5714 multa
1616 5646 1739 5714 qua:

169 5702 370 5756 sortito
392 5701 775 5783 obtingebant,
804 5701 1253 5771 signiﬁcationem
1274 5717 1431 5783 suam
1467 5701 1735 5768 extendit;

172 5772 245 5828 ad
276 5771 627 5844 dignitatem,
680 5772 859 5827 locum
880 5810 895 5836 ,
938 5788 1257 5842 numerum,
1298 5772 1579 5839 ordinem,
1610 5787 1739 5843 pos-

1844 5560 2182 5623 sessionem,
2219 5557 2479 5628 'aliaque.
2532 5556 2709 5628 Atque
2749 5554 3071 5628 hicxlﬁpot
3122 5561 3273 5628 sunt,
3328 5557 3418 5611 vei

1846 5630 2131 5702 speciatim
2155 5626 2387 5707 ordines
2403 5636 2463 5707 et
2489 5626 2693 5697 gradus
2724 5626 3090 5707 clericorum;
3127 5626 3212 5707 vel
3246 5640 3412 5707 gene-

1844 5695 2008 5756 ratim
2064 5701 2182 5754 loca
2212 5695 2862 5776 Christianorumhinter
2900 5695 3151 5776 cleric_os,
3198 5695 3372 5752 laicos
3391 5713 3443 5775 ί,

1844 5780 2075 5837 stantes,
2108 5770 2328 5839 lapsos;
2365 5769 2623 5840 virgines,
2656 5765 2869 5822 viduas.
2905 5776 3009 5833 etc.
3045 5765 3192 5822 Cor.
