3886 6190
260 277 406 334 ίθἹῚ

1147 274 1744 333 CONSTITUTIONES
1787 276 2260 336 APOSTOLleE.
2296 312 2367 323 --
2398 283 2526 338 LIB.
2566 284 2699 343 VIII.

3393 297 3535 353 I078

238 390 404 447 -κατά
426 389 661 445 διάνοιαν
684 388 825 461 ὑπὲρ
844 388 1022 443 αὐτῶν
1052 391 1557 460 προσευχέσθωσαν,
1582 391 1845 459 λέγοντεςο

1955 394 2254 451 attentione
2282 404 2439 451 orent
2468 396 2714 453 dicentes
2746 418 2759 453 :
2788 398 2951 472 Kyrie
2976 400 3201 458 elcison.
3258 404 3533 466 Diaconns

254 483 432 555 Κύριε
479 483 716 553 ὲλέησον.
751 481 1077 535 Διακονείτω
1121 482 1179 535 δὲ
1225 482 1367 554 ὑπὲρ
1412 484 1611 545 αὐτῶν,
1654 483 1843 552 λέγων’

268 577 444 648 ’Υπὲρ
471 576 578 630 τῶν
609 577 1030 647 κατηχουμένων
1060 577 1259 639 πάντες
1279 576 1355 647 (5)
1384 576 1474 629 τὸν
1505 576 1636 630 Θεὸν
1665 593 1847 649 παρα-

255 670 596 739 καλέσωμεν,
617 670 703 723 ἴνα
730 670 758 721 ό
787 668 1009 737 ἀγαθὸς,
1042 667 1443 739 φιλάνθρωπος,
1469 668 1712 740 εὐμενῶς
1732 673 1847 723 εἰσ-

251 761 466 832 ακούσῃ
503 761 610 814 τῶν
650 759 887 831 δεήσεων
926 761 1105 813 αὐτῶν
1153 761 1247 815 καὶ
1290 760 1398 814 τῶν
1426 761 1843 833 παρακλήσεων,

253 854 355 907 καὶ
396 851 829 925 προσδεξάμενος
870 854 1047 906 αὐτῶν
1092 854 1191 924 τὴν
1239 854 1444 907 ἱκεσίαν
1492 854 1844 925 ἀντιλάϐηται

252 945 458 1006 αὐτῶν,
490 946 587 999 καὶ
625 945 700 1017 δῷ
740 947 923 1009 αὐτοῖς
953 945 1022 998 τά
1046 947 1321 1016 αἰτήματα
1350 945 1458 999 τῶν
1485 945 1721 1017 καρδιῶν
1748 948 1845 999 αὐ-

248 1037 364 1091 τῶν
399 1037 536 1108 πρὸς
577 1038 639 1091 τὸ
688 1038 983 1109 συμφέρον,
1012 1037 1336 1109 ἀποκαλύψῃ
1367 1040 1551 1102 αὐτοῖς
1574 1038 1635 1090 τὸ
1662 1039 1843 1108 Εὐαγ-

250 1130 433 1198 γέλιον
468 1129 563 1184 τοῦ
601 1130 839 1202 Χριστοῦ
868 1130 1056 1195 αὐτοῦ,
1090 1130 1300 1201 φωτίσῃ
1336 1131 1532 1193 αὐτοὺς
1562 1131 1656 1184 καὶ
1688 1148 1841 1185 συνε-

248 1223 400 1294 τίσῃ,
424 1223 684 1295 παιδεύσῃ
714 1224 913 1286 αὐτοὺς
939 1224 1037 1294 τὴν
1060 1222 1409 1290 θεογνωσίαν,
1431 1221 1613 1293 διδάξῃ
1643 1224 1841 1287 αὐτοὺς

247 1315 324 1368 τά
370 1316 765 1388 προστάγματα
802 1315 966 1369 αὐτοῦ
997 1317 1089 1369 καὶ
1114 1316 1185 1368 τά
1210 1313 1574 1385 δικαιώματα,
1605 1318 1841 1384 ἐγκατα-

249 1409 499 1481 φυτεύσῃ
530 1410 587 1461 ὲν
614 1410 797 1472 αὐτοῖς
827 1409 917 1461 τὸν
946 1407 1108 1477 ἁγνὸν
1137 1406 1307 1462 αὐτοῦ
1336 1409 1432 1460 καὶ
1459 1410 1726 1480 σωτήριον
1748 1408 1841 1477 φό-

249 1503 371 1565 ϐον,
404 1502 641 1574 διανοίξῃ
670 1502 739 1555 τὰ
766 1496 878 1555 ὦτα
906 1501 1013 1555 τῶν
1042 1501 1279 1572 καρδιῶν
1308 1500 1486 1555 αὐτῶν
1514 1501 1651 1572 πρὸς
1689 1500 1748 1554 τὸ
1783 1502 1841 1553 ἐν

247 1594 331 1665 τῷ
360 1595 509 1667 νόμῳ
539 1594 704 1647 αὐτοῦ
734 1594 1119 1662 καταγίνεσθαι
1148 1594 1362 1665 ἡμέρας
1394 1594 1488 1647 καὶ
1514 1593 1727 1656 νυκτὸς,
1750 1593 1840 1664 βε-

245 1686 463 1758 ϐαιώσῃ
491 1687 548 1739 δὲ
573 1688 770 1750 αὐτοὺς
797 1688 855 1739 ἐν
882 1689 947 1757 τῇ
976 1686 1245 1758 εὐσεϐείᾳ,
1271 1687 1447 1759 ὲνώσῃ
1479 1688 1572 1741 καὶ
1604 1688 1840 1755 ἐγκατα-

248 1778 495 1850 ριθμήσῃ
519 1779 717 1843 αὐτοὺς
736 1778 814 1849 τῷ
845 1780 985 1850 ἀγίῳ
1015 1778 1181 1831 αὐτοῦ
1208 1780 1464 1851 ποιμνίῳ,
1496 1780 1838 1845 καταξιώσας

242 1872 451 1935 αὐτοὺς
494 1870 590 1924 τοῦ
621 1870 847 1943 λουτροῦ
878 1871 979 1942 τῆς
1007 1870 1447 1940 παλιγγενεσίας,
1478 1872 1572 1925 τοῦ
1603 1873 1838 1943 ἐνδύμα-

242 1981 345 2027 τος
384 1963 485 2033 τῆς
520 1962 830 2035 ἀφθαρσίας
860 1963 956 2035 (4),
987 1964 1088 2035 τῆς
1118 1963 1286 2028 ὅντως
1319 1964 1485 2034 ζωῆς,
1518 1964 1744 2036 ῥύσηται
1780 1965 1837 2018 δὲ

243 2056 449 2119 αὐτοὺς
477 2056 587 2109 ἀπὸ
616 2056 797 2126 πάσης
824 2057 1099 2121 ἀσεϐείας,
1123 2058 1217 2110 καὶ
1248 2057 1322 2129 μὴ
1353 2055 1430 2126 δῷ
1456 2057 1620 2110 τόπον
1646 2057 1725 2127 τῷ
1752 2057 1838 2110 ἀλ-

242 2147 449 2219 λοτρίῳ
476 2150 595 2201 κατ’
625 2148 824 2217 αὐτῶν,
855 2149 1125 2223 καθαρίσῃ
1170 2150 1228 2203 δὲ
1273 2151 1471 2213 αὐτοὺς
1495 2150 1605 2203 ἀπὸ
1638 2151 1838 2214 παντὸς

249 2241 533 2312 μολυσμοῦ
566 2240 769 2313 σαρκὸς
795 2242 890 2295 καὶ
917 2242 1243 2312 πνεύματος,
1272 2244 1527 2313 ὲνοικήσῃ
1556 2260 1614 2296 τε
1648 2245 1706 2295 ἐν
1739 2243 1838 2296 αὐ-

242 2336 365 2395 τοῖς
397 2334 491 2386 καὶ
518 2334 938 2405 ὲμπεριπατήσῃ
967 2334 1053 2387 διὰ
1084 2335 1177 2387 τοῦ
1202 2334 1438 2405 Χριστοῦ
1470 2335 1655 2398 αὐτοῦ,
1686 2335 1837 2388 εὐλο-

244 2425 394 2497 γήσῃ
441 2424 540 2487 τὰς
571 2425 809 2488 εἰσόδους
854 2425 1030 2479 αὐτῶν
1064 2426 1158 2480 καὶ
1187 2426 1286 2490 τὰς
1315 2426 1547 2493 ἐξόδους,
1579 2427 1673 2481 καὶ
1705 2444 1838 2481 κατ-

244 2517 449 2589 ευθύνῃ
487 2519 671 2583 αὐτοῖς
702 2518 772 2571 τά
816 2520 1152 2590 προκείμενα
1194 2522 1275 2585 εἰς
1306 2520 1367 2574 τὸ
1401 2521 1695 2593 συμφέρον.
1718 2522 1839 2574 Ἔτι

243 2611 486 2675 ἐκτενῶς
523 2611 666 2683 ὑπὲρ
701 2612 881 2665 αὐτῶν
926 2612 1312 2683 ἱκετεύσωμεν,
1345 2614 1431 2666 ἵνα
1465 2614 1714 2683 ἀφέσεως
1741 2631 1837 2666 τυ-

244 2704 437 2774 χόντες
461 2703 569 2757 τῶν
605 2703 1092 2775 πλημμελημάτων
1125 2703 1212 2757 διά
1237 2704 1338 2774 τῆς
1373 2706 1643 2776 μυήσεως,
1679 2704 1839 2770 ἀξιω-

247 2794 387 2848 θῶσι
406 2795 514 2848 τῶν
534 2796 705 2863 ἁγίων
732 2797 1071 2867 μυστηρίων,
1109 2798 1203 2849 καὶ
1229 2796 1330 2865 τῆς
1365 2796 1501 2867 μετά
1529 2796 1636 2850 τῶν
1668 2798 1837 2865 ἁγίων

242 2888 530 2959 διαμονῆς.
550 2888 881 2959 Ἐγείρεσθε,
915 2890 965 2942 οἱ
1007 2889 1422 2960 κατηχούμενοι.
1459 2889 1569 2960 Τὴν
1617 2890 1838 2961 εἰρήνην

243 2980 344 3035 τοῦ
377 2981 512 3034 Θεοῦ
544 2981 633 3034 διὰ
658 2981 752 3034 τοῦ
793 2979 1033 3051 Χριστοῦ
1074 2980 1239 3034 αὐτοῦ
1279 2980 1596 3051 αἰτήσασθε,
1635 2982 1837 3052 εἰρηνι-

245 3075 354 3144 κὴν
385 3072 465 3146 (5)
492 3075 704 3145 ἡμέραν
731 3074 827 3127 καὶ
858 3073 1241 3145 ἀναμάρτητον
1271 3074 1365 3128 καὶ
1394 3074 1571 3127 πάντα
1597 3072 1687 3126 τὸν
1719 3074 1837 3145 χρό-

244 3186 339 3224 νον
368 3169 468 3239 τῆς
497 3169 643 3239 ζωῆς
671 3168 845 3239 ὑμῶν,
880 3166 1164 3238 χριστιανά
1206 3166 1359 3237 ὑμῶν
1393 3165 1463 3219 τὰ
1490 3166 1638 3236 τέλη,
1676 3165 1831 3218 ἵλεων

241 3262 346 3316 καὶ
388 3261 593 3333 εὐμενῆ
631 3262 721 3315 τὸν
753 3260 904 3326 Θεὸν,
945 3260 1137 3328 ἄφεσιν
1167 3258 1673 3329 πλημμελημάτων,
1704 3259 1832 3312 ἑαυ-

240 3353 375 3416 τοὺς
412 3352 491 3423 τῷ
533 3353 679 3424 μόνῳ
705 3353 985 3423 ἀγεννήτῳ
1017 3350 1134 3421 Θεῷ
1161 3351 1248 3404 διὰ
1280 3352 1373 3403 τοῦ
1400 3349 1635 3421 Χριστοῦ
1668 3349 1832 3403 αὐτοῦ

242 3444 578 3516 παράθεσθε.
614 3445 865 3512 Κλίνατε,
901 3444 996 3498 καὶ¹
1029 3443 1355 3512 εὐλογεῖσθε.
1391 3445 1505 3513 Ἐφ’
1537 3443 1751 3514 ἑκάστῳ
1772 3442 1828 3495 δὲ

240 3538 454 3593 τούτων
480 3530 557 3595 ὧν
584 3538 613 3591 ὁ
635 3538 881 3601 διάκονος
909 3539 1239 3609 προσφωνεῖ,
1263 3536 1338 3599 ὡς
1370 3537 1723 3607 προείπομεν,
1746 3534 1832 3587 λε-

242 3630 394 3699 γέτω
419 3630 606 3693 όλαός’
630 3630 823 3703 Κύριε,
846 3629 1086 3701 ἐλέησονο
1118 3629 1214 3681 καὶ
1235 3628 1342 3700 πρὸ
1369 3629 1587 3682 πάντων
1606 3628 1672 3680 τὰ
1701 3645 1829 3679 παι-

244 3724 338 3777 δία
372 3724 465 3796 (6).
488 3725 791 3779 Κλινόντων
823 3724 880 3778 δὲ
912 3722 1091 3778 αὐτῶν
1121 3722 1220 3786 τάς
1251 3722 1513 3792 κεφαλὰς,
1548 3721 1837 3790 εὐλογείτω

1953 502 2084 542 vero
2135 504 2235 559 pro
2282 490 2363 545 eis
2402 500 2675 560 precetur,
2708 492 2897 550 dicens
2934 514 2948 550 :
2981 493 3090 550 Pro
3126 499 3535 559 catechumenis

1948 594 2141 636 omnes
2191 581 2363 637 Deum
2402 583 2756 653 invocemus;
2788 594 2869 651 ut,
2897 588 2991 659 qui
3040 590 3220 646 bonus
3264 607 3329 647 ac
3358 596 3535 649 homim

1949 686 2081 727 num
2132 688 2325 729 amans
2368 684 2474 742 est,
2505 676 2738 749 benigne
2762 681 3017 735 exaudiat
3044 697 3235 737 eorum
3278 687 3535 741 obsecra-

1949 765 2124 821 tiones
2151 778 2215 819 ac
2244 782 2471 836 preces;
2496 777 2571 834 et,
2607 781 2862 841 suscepta
2890 787 3082 827 eorum
3109 777 3529 845 supplicatione,

1947 871 2105 926 opem
2140 858 2247 913 illis
2281 857 2439 924 ferat,
2473 860 2675 931 detque
2716 863 3007 931 petitiones
3036 867 3221 923 cordis
3264 868 3529 939 ipsorum,

1945 957 2109 1018 prout
2162 951 2243 1007 eis
2301 952 2561 1023 expedit;
2614 957 2816 1011 revelet
2888 957 3098 1012 eisdem
3175 960 3531 1032 Evangeliuni

1944 1040 2151 1098 Christi
2205 1043 2322 1111 sui;
2366 1046 2638 1101 illuminet
2664 1062 2760 1103 eos
2786 1063 2849 1103 ac
2879 1048 3165 1117 instituat;
3194 1053 3406 1107 erudiat
3437 1070 3524 1109 co-

1943 1134 2189 1205 gnitione
2241 1151 2306 1191 ac
2350 1138 2614 1208 religione
2660 1140 2878 1208 divina;
2911 1141 3106 1197 doceat
3136 1145 3393 1201 mandata
3432 1163 3530 1202 sua

1941 1233 1998 1280 et
2021 1226 2477 1298 justiﬁcationcs;
2525 1231 2730 1288 inserat
2774 1233 2831 1286 in
2863 1233 2944 1288 eis
2989 1243 3201 1289 castum
3230 1252 3294 1291 ac
3326 1239 3532 1293 saluta-

1944 1336 2059 1377 rem
2091 1321 2346 1376 timorem
2378 1339 2572 1391 suum;
2621 1324 2832 1394 aperiat
2877 1340 3041 1381 aures
3090 1328 3275 1383 cordis
3314 1345 3525 1398 eorum,

1943 1419 2004 1466 ut
2034 1413 2089 1467 in
2120 1413 2240 1483 ejus
2284 1414 2402 1485 lege
2432 1415 2521 1470 die
2555 1429 2619 1470 ac
2651 1423 2813 1472 nocte
2850 1426 3216 1488 occupentur;
3245 1429 3297 1477 et
3328 1425 3529 1479 contir-

1944 1511 2055 1559 met
2102 1520 2198 1561 eos
2244 1505 2301 1560 in
2356 1507 2589 1576 pietate;
2636 1508 2839 1565 adunet
2886 1519 3052 1581 atque
3076 1524 3401 1571 annumeret
3432 1533 3528 1574 eos
3598 1582 3599 1585 η

1943 1604 2136 1651 sancto
2182 1612 2285 1651 suo
2314 1599 2487 1669 gregi,
2528 1599 2749 1655 donatis
2796 1602 2865 1657 iis
2906 1603 3125 1659 lavacro
3154 1609 3527 1676 regeneratio-
3596 1596 3609 1649 ίλ

1944 1688 2053 1751 nis,
2082 1689 2402 1745 indumento
2438 1692 2885 1760 immortalitatis,
2927 1710 3056 1751 vera
3098 1698 3237 1762 vita;
3270 1700 3314 1732 εδ
3334 1700 3528 1757 liberet

1941 1796 2071 1837 vero
2100 1782 2224 1837 illos
2250 1783 2320 1837 ab
2350 1785 2499 1838 omni
2544 1784 2844 1856 impietate,
2877 1795 2931 1843 et
2960 1804 3070 1843 non
3097 1790 3188 1845 det
3215 1791 3396 1846 locum
3427 1795 3526 1849 ad-

1940 1875 2187 1930 versario
2217 1884 2409 1931 contra
2441 1878 2598 1945 illos;
2632 1879 2856 1935 mundet
2884 1891 3066 1935 autem
3092 1883 3243 1953 ipsos
3274 1886 3343 1940 ab
3374 1888 3527 1944 omni
3597 1884 3605 1894 ’

1939 1965 2353 2037 inquinamento
2401 1970 2585 2025 carnis
2613 1979 2668 2026 et
2697 1971 2925 2042 spiritus
2942 1973 3021 2041 Η’;
3054 1974 3430 2047 inhabitetque
3467 1979 3524 2034 in

1937 2059 2018 2115 eis
2060 2074 2123 2114 ac
2168 2061 2488 2125 inambulet,
2519 2078 2615 2133 per
2647 2063 2925 2119 Christum
2959 2068 3207 2135 suum“;
3234 2069 3525 2126 benedicat

1938 2152 2194 2209 introitus
2225 2168 2288 2207 ac
2315 2156 2497 2210 exitus
2519 2157 2792 2223 eorum",
2832 2164 2996 2228 atque
3028 2160 3305 2228 proposita
3335 2162 3525 2217 mode-

1939 2250 2092 2300 retur
2140 2246 2209 2303 iis
2258 2247 2327 2301 ad
2377 2250 2745 2303 commodum.
2795 2251 2991 2305 Adhuc
3042 2253 3250 2308 intente
3278 2269 3378 2323 pro
3414 2256 3523 2311 illis

1941 2338 2335 2408 supplicemus,
2368 2348 2450 2404 ut,
2473 2342 2857 2397 remissionem
2888 2343 3212 2398 delictorum
3242 2348 3523 2403 consecuti

1938 2445 2037 2499 per
2066 2430 2325 2500 baptismi
2357 2432 2747 2499 initiationem,
2780 2432 2929 2505 digni
2978 2434 3109 2489 ﬁant
3155 2438 3362 2494 sanctis
3405 2455 3524 2513 my-

1940 2521 2146 2588 steriis,
2179 2529 2233 2577 et
2264 2524 2649 2591 permansione
2684 2540 2810 2579 cum
2843 2530 3071 2581 sanctis.
3110 2526 3348 2600 Surgite,
3372 2539 3524 2587 cate-

1939 2612 2216 2667 chumeni.
2270 2612 2467 2669 Pacem
2516 2614 2633 2672 Dei.
2682 2632 2779 2685 per
2826 2617 3110 2674 Christum
3155 2621 3276 2691 ejus
3322 2624 3519 2692 petite;

1938 2704 2081 2759 diem
2116 2706 2383 2775 quietum,
2422 2721 2485 2761 ac
2529 2708 2649 2763 sine
2678 2716 2925 2779 peccato,
2964 2711 3151 2767 itidem
3184 2730 3345 2771 omne
3381 2724 3520 2772 tem—

1938 2812 2042 2867 pus
2074 2798 2197 2852 vitaa
2227 2806 2459 2865 vestrae;
2508 2806 2741 2855 mortem
2777 2798 3182 2871 Christianam;
3226 2807 3521 2876 propitium

1940 2904 2004 2944 ac
2034 2890 2358 2945 benevolum
2390 2889 2591 2958 Deum;
2626 2893 2839 2947 veniam
2872 2892 3337 2953 delictorum.Vos
3372 2899 3521 2969 ipsos

1939 2981 2039 3034 soli
2070 2980 2315 3050 lngenito
2349 2980 2480 3046 Deo,
2516 2996 2615 3052 per
2640 2982 2919 3039 Christum
2952 2985 3094 3055 ejus,
3122 2992 3517 3045 commendate.

1940 3072 2221 3140 Inclinate,
2246 3083 2299 3129 et
2330 3074 2561 3144 accipite
2594 3075 3048 3133 benedictionem.
3084 3078 3279 3147 Porro,
3318 3081 3374 3136 in
3405 3084 3522 3138 sin-

1936 3167 2078 3236 gulis
2135 3166 2330 3221 borum
2389 3181 2509 3235 quae
2575 3167 2841 3223 diaconus
2891 3170 3255 3239 proloquitur,
3303 3180 3362 3226 ut
3404 3174 3521 3243 jam

1934 3259 2195 3324 diximus,
2235 3259 2469 3329 populus
2503 3260 2832 3329 respondeat
2874 3279 2887 3316 :
2940 3260 3128 3333 Kyrie,
3176 3265 3421 3334 eleison;
3465 3274 3521 3321 et

1934 3357 2060 3405 ante
2089 3358 2319 3406 cunctos
2352 3350 2529 3421 pueri.
2563 3350 2985 3407 Catechumenis
3015 3361 3195 3409 autem
3225 3357 3404 3426 capita
3436 3357 3521 3411 in-

1934 3442 2287 3507 clinantibus,
2312 3443 2601 3514 episcopus
2624 3443 2910 3499 ordinatus
2936 3444 3223 3500 benedicat
3246 3447 3327 3503 eis
3356 3448 3522 3504 bene-

1935 3534 2176 3590 dictione
2225 3533 2541 3604 hujusmodi
2581 3554 2593 3588 :
2628 3533 2771 3589 Deus
2820 3536 3189 3605 omnipotens,
3240 3539 3519 3610 ingenitus

1934 3635 1990 3682 et
2050 3626 2390 3693 inaccessus,
2444 3628 2594 3683 solus
2644 3642 2809 3683 verus
2849 3612 3015 3693 Deus,
3062 3627 3205 3686 Deus
3256 3638 3309 3685 et
3358 3629 3520 3686 Pater

1945 3719 2153 3775 Christi
2190 3721 2271 3775 tui
2322 3719 2589 3790 unigeniti
2639 3716 2763 3774 Filii
2807 3720 2909 3796 tui,
2952 3719 3097 3777 Deus
3128 3720 3417 3790 Paracleti,
3454 3739 3521 3781 ac

321 3859 367 3892 ⁸³
400 3858 545 3914 Citat
566 3858 782 3916 Nicetas
815 3854 1129 3913 Serronius.
1165 3855 1300 3911 Vide
1329 3855 1449 3912 Vet.
1501 3865 1633 3914 test.
1707 3856 1752 3888 ⁸³
1783 3853 1964 3911 IlCor.
1997 3871 2095 3919 vn,
2127 3854 2176 3911 I.
2250 3856 2295 3889 “
2334 3854 2377 3910 Il
2405 3854 2532 3911 Cor.
2564 3870 2643 3921 v1,
2675 3854 2763 3912 l6.
2837 3854 2880 3886 "
2916 3854 3062 3911 Psal.
3096 3869 3229 3917 cxx,
3251 3856 3301 3913 8.

1530 4036 1892 4093 VARIORUM
1930 4036 2165 4093 NOTAE.

243 4156 417 4213 missa
442 4168 460 4226 ζ
482 4153 807 4226 Πολλοὶᾼμέν
837 4172 982 4226 τινες
1022 4156 1118 4226 ,καὶ
1161 4154 1309 4210 ἄλλοι
1340 4153 1447 4208 τῶν
1494 4155 1831 4226 τούςὶερούς

242 4225 575 4307 ἀποσζτόλους
589 4224 1144 4307 διαδεξαμένων-’θεῖοι
1174 4225 1431 4307 ποιμένες
1450 4227 1541 4277 καὶ
1572 4224 1829 4307 διδάσκα-
1922 4276 1930 4287 ,

241 4299 329 4350 λοι
345 4296 441 4365 τῆς
474 4294 931 4417 Ἐκκλησίαςπὶῃδ
954 4298 1051 4378 τῆς
1070 4294 1333 4417 μυστικήὲ
1365 4295 1705 4366 λειτουργίας
1737 4296 1831 4348 ἐκ-

242 4367 394 4417 Θεσιν
428 4365 718 4417 ἐγγράφως
751 4383 890 4417 κατα
925 4383 1155 4417 ιποντες.
1175 4368 1238 4417 τῆ
1272 4367 1282 4383 ’
1331 4366 1564 4417 κκλτισία
1594 4366 1830 4417 παραδε-

242 4367 394 4450 gen-tv
428 4365 718 4450 ἐγγράφως
734 4365 1155 4450 λκαταλιιπόντες,
1175 4368 1240 4436 τῇ
1272 4365 1564 4450 Ἰσξκὶιλησία
1594 4366 1830 4437 παραδε-

1934 4157 2004 4209 ὲν
2035 4155 2094 4223 ᾖ.
2129 4154 2336 4208 Desunt
2366 4154 2481 4207 lure
2505 4156 2557 4208 in
2588 4156 2711 4209 cod.
2745 4154 2901 4210 Vind.
2933 4155 3127 4210 CLEn.‘

2003 4226 2080 4293 (5)
2119 4224 2367 4288 Πάντες.
2402 4223 2565 4279 Addit
2594 4229 2717 4281 cod.
2751 4224 2911 4278 Vind.
2939 4225 3190 4287 ἐκτενῶς.
3224 4224 3294 4288 Io,

1922 4294 1941 4351 ,ν
2004 4293 2080 4366 (4)
2104 4294 2235 4367 ΔΤοῦ
2263 4293 2591 4362 ἐνδύματος
2619 4295 2729 4367 τῆς
2754 4296 3112 4367 ἀφθαρσίας.
3136 4294 3284 4367 rHinc
3311 4295 3512 4367 Grego-

1930 4366 2072 4439 rium
2104 4365 2508 4439 Nazianzenum
2546 4365 2823 4439 accepisse
2865 4380 3024 4439 suum
3067 4365 3270 4435 ἔνδυμα
3300 4365 3514 4439 ἀφθάρ-

241 4432 595 4515 argum-2g
620 4432 698 4490 ὧν
730 4436 786 4488 δὲ
806 4432 1324 4515 ,πρῶτοιοῦτοιᾶαὶ
1345 4432 1829 4515 διαπρύσιοίτυγ-

1936 4435 2228 4515 qiatgorat.
2260 4435 2505 4515 ιίἓελρθςπ
2537 4432 3166 4515 ϐξῦίιιᾱηοίελι-ξξίοειοε
3197 4432 3316 4515 Euan
3350 4432 3509 4515 rere,

284 4506 560 4593 άνουσινβ
587 4523 647 4559 τε
677 4504 944 4593 μακάριος
971 4506 1221 4593 Χλήμης,
1238 4504 1372 4558 ότοῦ
1395 4504 1697 4593 ⁹κορυφψαίού
1722 4507 1829 4587 τῶν

1936 4506 2125 4587 dubito
2159 4505 2382 4593 :lpotluit
2409 4505 2783 4593 enimnltabere
2798 4504 2876 4593 ab
2902 4506 3024 4560 aliis
3045 4506 3322 4593 ‘llturgiis‘;
3357 4508 3511 4593 yerbi

285 4576 557 4664 ποστόλων
617 4576 865 4664 μαθητὴς
910 4577 1004 4659 καὶ
1056 4576 1496 4664 διάδοχος,ιαύτῷ
1524 4576 1643 4664 τῶν,
1664 4577 1824 4664 ἰερῶν

242 4646 557 4717 ἀποστόλων
584 4646 1121 4717 -ὐπαγορευσάντων,
1153 4655 1277 4717 etc,
1313 4646 1475 4699 Multi
1519 4646 1727 4715 quidem
1773 4656 1822 4699 et

244 4716 344 4768 alii
376 4715 537 4770 divini
575 4715 827 4770 Ecclesiiu
868 4725 1109 4780 pastores
1156 4726 1205 4771 et
1245 4716 1481 4771 doctores
1531 4718 1620 4786 qui
1654 4718 1821 4770 sacris

242 4796 605 4855 successerunt
652 4786 927 4853 apostolis,
973 4788 1207 4855 mystica:
1238 4790 1412 4841 missa:
1447 4788 1823 4855 expositionem

242 4856 462 4923 scriptis
493 4854 867 4909 demandantes
900 4854 1235 4909 tradiderunt
1266 4854 1520 4911 Ecclesia}
1549 4872 1567 4909 :
1599 4873 1819 4926 quorum

239 4926 405 4993 primi
432 4927 570 4995 iique
596 4926 992 4993 praeclarissimi
1041 4936 1162 4979 sunt
1192 4928 1246 4979 Izi
1272 4943 1290 4981 :
1318 4929 1498 4981 beatus
1572 4928 1820 4979 nimirum

244 4995 511 5059 Clemens,
540 4996 790 5064 principis
821 4998 1180 5064 apostolorum
1211 4997 1497 5061 discipulus
1540 5007 1588 5049 et
1616 5013 1820 5050 succes—

243 5084 357 5129 sor,
386 5069 473 5132 qui
514 5066 680 5119 sacris
714 5066 964 5132 apostolis
994 5068 1042 5119 ei
1066 5067 1406 5131 dictantibus,
1441 5068 1591 5120 illam
1632 5066 1815 5130 edidit,

242 5144 353 5190 etc.
395 5137 714 5206 Similiaque
742 5134 997 5190 Nicolaus
1028 5137 1416 5192 Methonensis.
1465 5139 1534 5190 At
1561 5138 1816 5189 cardina-

242 5206 315 5259 lis
348 5206 657 5269 Bessarion,
708 5206 956 5260 scribens
984 5208 1052 5260 de
1082 5215 1423 5262 sacramento
1450 5207 1815 5269 eucharistim,

242 5278 531 5348 proﬁtetur
598 5276 877 5346 liturgiam
931 5274 1244 5348 _Clementis
1308 5278 1452 5331 inter
1506 5278 1817 5348 apocrypha

243 5344 661 5417 commemorari
690 5344 889 5417 solere.
930 5344 995 5417 Et
1022 5362 1150 5402 vero
1178 5348 1304 5417 quia
1342 5344 1609 5401 monito—re
1656 5344 1819 5401 nemo

244 5416 451 5487 indiget
480 5417 546 5471 de
570 5415 917 5487 conferendis
944 5416 1083 5470 inter
1111 5433 1169 5472 se
1192 5415 1361 5474 rariis
1399 5418 1658 5487 liturgiis,
1685 5433 1815 5471 sua-

244 5486 387 5539 debo
417 5493 722 5557 tantum‘ut
771 5486 833 5557 in
854 5486 979 5557 _hoc
1010 5487 1185 5557 capite
1217 5488 1443 5543 adeatur
1483 5486 1816 5557 Chrysosto-

243 5571 370 5608 mus
401 5558 591 5610 homil.
633 5555 689 5617 2.
723 5557 777 5609 in
806 5554 870 5609 II
899 5556 969 5609 ad
1001 5553 1322 5622 Corinthios,
1355 5574 1479 5611 cum
1510 5553 1816 5626 Augustino

243 5626 405 5697 epist.
444 5627 545 5681 107
575 5633 637 5697 et
660 5625 783 5692 M9,
806 5642 1019 5680 necnon
1051 5626 1286 5682 Basilius
1310 5643 1395 5697 ep.
1428 5628 1554 5689 ΞΜ,
1588 5625 1681 5680 ubi
1712 5643 1815 5695 κη-

288 5695 501 5765 ὐγματα
526 5696 954 5766 ὲκκλησιαστικά
980 5705 1278 5766 nuncupat,
1327 5695 1447 5766 quae
1487 5697 1577 5750 hic
1606 5705 1658 5750 et
1686 5697 1813 5749 alibi

246 5710 505 5820 Sicuntur
532 5768 962 5820 προσφωνήσας.
991 5761 1278 5820 Cor-11
1313 5767 1439 5820 θεία
1479 5768 1813 5820 λειτουργία

286 5761 505 5822 iculttur
532 5761 962 5838 προσφωνήσας.
991 5761 1278 5824 Corn—1'11
1313 5761 1439 5823 θεία
1479 5768 1814 5835 λειτουργία

1928 4577 2103 4645 gratia
2137 4573 2222 4630 ab
2256 4575 2348 4627 illa
2374 4574 2522 4645 apud
2553 4573 3006 4645 Chrysostomum
3045 4573 3234 4629 homil.
3273 4576 3328 4635 2.
3358 4578 3412 4631 in
3448 4576 3511 4631 11

1928 4643 1997 4698 nd
2029 4643 2449 4716 Corinthios._l5n
2482 4643 2679 4716 Graeca
2705 4644 2906 4716 Nicetze
2933 4661 2964 4699 e
2991 4645 3273 4700 codicibus
3288 4646 3468 4716 Regiis
3494 4669 3508 4703 :

1925 4715 2193 4785 Εἴληπται
2224 4715 2281 4767 δὲ
2312 4714 2374 4786 τὸ
2402 4714 2640 4786 ,ἔνδυμα
2658 4714 2769 4783 τῆς
2784 4716 3140 4786 ἀφθαρσίας,
3156 4716 3262 4768 ἀπὸ
3284 4714 3386 4786 τῆς
3420 4719 3513 4786 ὀκ-

1923 4784 2176 4865 ταϐίίξλου
2209 4785 2425 4865 τῆςοδξὰ
2440 4786 2897 4865 Κλήμενξος·”1γα
2922 4784 3052 4856 γὰρ,
3069 4802 3140 4865 ten
3150 4786 3223 4849 σὶν
3245 4784 3512 4865 κίῖτᾳξξίίν

1925 4872 1991 4926 σῃ
2022 4857 2219 4917 αὐτοὺς
2240 4854 2588 4926 τοῦᾼλουτροῦ
2612 4856 2719 4926 ’τῆς
2750 4854 3188 4926 παλιγγενεσίας,
3226 4856 3320 4909 τοῦ
3356 4856 3509 4909 ἐνδύ-

1926 4924 2094 4995 ματος
2123 4926 2223 4995 τῆς
2250 4924 2575 4996 ἀφθαρσίας.
2610 4924 2755 4980 Idem
2787 4924 3048 4995 Theologi
3089 4927 3409 4994 explanator
3438 4927 3509 4982 ad

1922 5004 2063 5050 orat.
2101 4996 2191 5061 40,
2221 5012 2274 5049 n.
2303 4996 2356 5055 4,
2388 4996 2468 5049 sic
2522 4997 2762 5065 loquitur
2795 4995 3157 5065 εἈφθαρσίας
3194 4995 3249 5048 δὲ
3285 4995 3505 5065 ἔνδυμα,

1922 5013 2063 5050 orat.
2101 5013 2191 5061 συ,
2221 5013 2274 5049 n.
2303 5013 2356 5055 ιι,
2388 5013 2468 5049 Slc
2522 5013 2762 5065 loquitur
2795 5014 2807 5048 :
2844 5013 3157 5081 Αφυαρσιας
3194 5013 3249 5048 οε
3285 5013 3505 5065 ενουμα,

1922 5066 2064 5119 κατά
2105 5066 2205 5129 τὰς
2251 5065 2615 5128 ἀποστολικάς
2646 5066 2951 5131 διατάξεις,
2990 5083 3065 5127 ως
3108 5067 3207 5136 τῆς
3246 5066 3508 5136 αἰσχύνης

1923 5136 2308 5207 συγκάλυμμα.
2341 5136 2761 5207 Συγκαλίύπτωνν
2790 5136 2898 5207 γὰρ
2938 5136 3179 5207 ταύτην,
3199 5136 3508 5207 ἀφθαρσίας

1923 5153 2308 5257 συγκαλυμὲα.
2341 5153 2743 5203 ιυγκαλυπτων
2790 5153 2898 5205 γαρ
2938 5153 3163 5207 ταυτην,
3199 5153 3505 5206 αφυαρσιας

1920 5206 2125 5277 ενδύει,
2149 5206 2198 5258 δι
2266 5206 2328 5258 τὸ
2358 5206 2681 5277 ἀποφαίνειν
2716 5206 2813 5277 τὴν
2863 5206 3040 5277 ψυχὴν
3084 5206 3357 5277 ἄφθαρτον
3396 5204 3505 5257 ἀπὸ

1921 5275 2216 5347 ἁμαρτίας,
2249 5277 2344 5328 καὶ
2378 5276 2624 5347 καθαράν
2654 5275 2731 5337 ὡς
2755 5276 2817 5347 τὸ
2844 5275 3116 5347 ἀ-παρχῆς.
3149 5275 3279 5330 Cor.

1921 5294 2216 5347 αμαρτιας,
2249 5294 2344 5328 και
2378 5294 2624 5345 καυαραν
2654 5294 2731 5337 ως
2755 5294 2817 5328 το
2844 5294 3116 5399 απαίρχης.
3149 5294 3279 5330 υοτ.

1919 5348 2087 5470 Οιὲὅιὲ.
2108 5345 2449 5413 Εὶρηνικήν.
2470 5345 2648 5409 Addit
2674 5346 2796 5400 cod.
2845 5345 2947 5398 Vin
2994 5388 3007 5401 .
3044 5348 3164 5412 τήν,
3197 5358 3305 5398 non
3337 5345 3496 5398 male.

1966 5431 2087 5471 LER.
2470 5464 2515 5473 ,ν

1991 5486 2190 5557 (6)7Td
2216 5485 2436 5539 παιδία.
2469 5485 2566 5539 Vel
2595 5486 2749 5557 pueri
2774 5501 2964 5540 omnes
2997 5504 3010 5542 :
3039 5484 3499 5557 quemadmodum

1921 5555 2062 5624 apud
2078 5556 2607 5638 Easiliumﬂomiliq
2630 5558 2686 5609 in
2715 5556 2909 5638 [ament
2930 5565 2979 5638 et
3003 5557 3314 5638 siceitatem,
3340 5555 3500 5638 item:

1918 5643 2023 5696 que
2073 5626 2526 5696 Chrysostomum
2583 5624 2772 5681 homil.
2829 5626 2895 5678 72
2943 5628 2997 5677 in
3050 5624 3385 5696 Matt/rerum,
3411 5624 3497 5677 vel

1919 5695 2073 5766 pueri
2120 5695 2289 5777 sacra:
2332 5698 2710 5783 symphonias;
2742 5696 3049 5783 de‘qu‘ihus
3082 5695 3267 5783 .tnulti|
3294 5695 3498 5775 docue-

1920 5764 2069 5833 runt,
2102 5766 2303 5839 quique
2336 5764 2389 5822 in
2426 5764 2744 5839 Euchalogio
2795 5764 2873 5820 li.
2895 5766 2955 5823 P.
2996 5765 3205 5836 virique
3237 5764 3497 5819 tItwlissio
