3886 6190
258 285 400 343 1077

1142 282 1738 341 CONSTITUTIONES
1780 284 2254 344 APOSTOLICzE.
2290 320 2361 331 —
2391 290 2520 345 LIB.
2559 291 2693 350 VIII.

3387 304 3529 361 1078

230 399 399 455 -κατά
421 397 655 453 διάνοιαν
678 397 819 469 ὑπὲρ
838 397 1016 451 αὐτῶν
1046 399 1551 468 προσευχέσθωσαν,
1575 399 1839 467 λέγοντες

1948 401 2248 458 attentione
2276 411 2433 458 arent
2462 404 2707 461 dicentes
2740 425 2753 460 :
2782 405 2945 479 Kyrie
2969 408 3195 465 elcison.
3251 412 3527 473 Diaconus

250 492 427 564 Κύριε
474 491 710 562 ὲλέησον.
745 489 1071 543 Διακονείτω
1116 490 1173 543 δὲ
1220 490 1361 562 ὑπὲρ
1406 491 1604 552 αὐτῶν,
1647 492 1837 559 λέγων·

264 586 439 657 ’Υπὲρ
466 585 572 638 τῶν
603 585 1024 655 κατηχουμένων
1054 584 1254 647 πάντες
1274 584 1349 653 (5)
1378 584 1468 637 τὸν
1498 584 1629 638 Θεὸν
1659 601 1841 657 παρα-

250 678 590 747 καλέσωμεν,
610 677 697 730 ἴνα
724 678 752 728 ὁ
780 676 1003 744 ἀγαθὸς,
1036 675 1437 748 φιλάνθρωπος,
1463 676 1706 748 εὐμενῶς
1726 680 1840 731 εἰσ-

247 769 461 841 ακούσῃ
497 769 605 821 τῶν
644 767 881 839 δεήσεων
920 768 1099 821 αὐτῶν
1148 769 1241 822 καὶ
1284 769 1393 821 τῶν
1420 769 1837 841 παρακλήσεων,

246 863 349 915 καὶ
392 860 823 933 προσδεξάμενος
864 861 1042 914 αὐτῶν
1087 861 1185 933 τὴν
1233 861 1439 914 ἱκεσίαν
1486 861 1837 933 ἀντιλάϐηται

246 953 453 1015 αὐτῶν,
484 954 580 1007 καὶ
620 952 695 1025 δῷ
734 955 918 1017 αὐτοῖς
947 952 1017 1006 τὰ
1040 955 1316 1025 αἰτήματα
1344 952 1452 1007 τῶν
1479 954 1715 1025 καρδιῶν
1742 956 1839 1007 αὐ-

243 1045 359 1098 τῶν
394 1046 530 1117 πρὸς
571 1046 633 1099 τὸ
682 1046 977 1117 συμφέρον,
1006 1045 1331 1117 ἀποκαλύψῃ
1362 1047 1545 1110 αὐτοῖς
1568 1046 1629 1098 τὸ
1657 1047 1837 1115 Εὐαγ-

243 1139 428 1207 γέλιον
462 1138 557 1192 τοῦ
594 1138 832 1211 Χριστοῦ
862 1139 1050 1202 αὐτοῦ,
1084 1138 1294 1209 φωτίσῃ
1330 1139 1526 1201 αὐτοὺς
1556 1139 1650 1191 καὶ
1682 1156 1834 1193 συνε-

242 1230 395 1303 τίσῃ,
418 1231 678 1303 παιδεύσῃ
708 1232 907 1294 αὐτοὺς
934 1232 1032 1303 τὴν
1054 1230 1403 1298 θεογνωσίαν,
1425 1229 1607 1301 διδάξῃ
1637 1231 1836 1295 αὐτοὺς

241 1324 318 1377 τὰ
366 1325 759 1396 προστάγματα
796 1324 960 1377 αὐτοῦ
992 1324 1084 1377 καὶ
1109 1324 1180 1376 τὰ
1205 1322 1568 1393 δικαιώματα,
1599 1326 1834 1392 ἐγκατα-

242 1417 493 1489 φυτεύσῃ
524 1418 581 1470 ὲν
608 1418 791 1480 αὐτοῖς
821 1417 910 1469 τὸν
941 1415 1103 1485 ἁγνὸν
1132 1414 1301 1469 αὐτοῦ
1331 1416 1426 1469 καὶ
1454 1417 1720 1488 σωτήριον
1742 1416 1835 1485 φό-

243 1510 367 1574 ϐον,
399 1510 635 1582 διανοίξῃ
664 1509 733 1563 τὰ
760 1504 873 1563 ὦτα
900 1509 1007 1563 τῶν
1036 1509 1274 1580 καρδιῶν
1303 1508 1480 1562 αὐτῶν
1508 1508 1645 1579 πρὸς
1682 1508 1743 1561 τὸ
1777 1509 1835 1561 ἐν

242 1602 326 1673 τῷ
356 1603 503 1675 νόμῳ
533 1602 698 1656 αὐτοῦ
728 1601 1115 1670 καταγίνεσθαι
1143 1602 1356 1673 ἡμέρας
1388 1602 1482 1655 καὶ
1508 1601 1721 1663 νυκτὸς,
1744 1600 1833 1671 βε-

239 1694 458 1766 ϐαιώσῃ
485 1695 542 1747 δὲ
567 1695 764 1757 αὐτοὺς
791 1696 849 1747 ἐν
876 1697 941 1764 τῇ
971 1694 1240 1765 εὐσεϐείᾳ,
1266 1695 1441 1766 ὲνώσῃ
1472 1696 1566 1749 καὶ
1598 1696 1834 1763 ἐγκατα-

244 1786 490 1858 ριθμήσῃ
514 1787 711 1850 αὐτοὺς
730 1786 809 1857 τῷ
840 1787 979 1858 ἁγίῳ
1010 1785 1176 1839 αὐτοῦ
1203 1788 1458 1858 ποιμνίῳ,
1491 1788 1833 1852 καταξιώσας

238 1880 447 1942 αὐτοὺς
489 1878 584 1932 τοῦ
615 1878 841 1951 λουτροῦ
873 1879 973 1950 τῆς
1002 1878 1441 1947 παλιγγενεσίας,
1472 1880 1567 1932 τοῦ
1598 1880 1833 1951 ἐνδύμα-

239 1989 340 2035 τος
380 1971 480 2042 τῆς
516 1971 824 2043 ἀφθαρσίας
855 1971 951 2043 (4),
982 1971 1083 2042 τῆς
1113 1971 1281 2035 ὄντως
1313 1971 1479 2041 ζωῆς,
1512 1971 1738 2043 ρύσηται
1774 1972 1831 2025 δὲ

240 2064 446 2126 αὐτοὺς
472 2064 581 2117 ἀπὸ
610 2063 791 2134 πάσης
818 2064 1094 2128 ἀσεϐείας,
1118 2065 1212 2118 καὶ
1243 2064 1317 2136 μὴ
1348 2063 1424 2133 δῷ
1451 2065 1614 2117 τόπον
1641 2064 1719 2134 τῷ
1746 2064 1833 2117 ἀλ-

240 2154 445 2227 λοτρίῳ
472 2159 589 2209 κατ’
619 2156 818 2225 αὐτῶν,
850 2156 1119 2230 καθαρίσῃ
1165 2157 1223 2210 δὲ
1268 2158 1465 2220 αὐτοὺς
1490 2157 1599 2211 ἀπὸ
1632 2158 1832 2221 παντὸς

246 2249 529 2321 μολυσμοῦ
562 2248 763 2321 σαρκὸς
790 2250 885 2302 καὶ
912 2249 1239 2319 πνεύματος,
1268 2251 1521 2321 ἐνοικήσῃ
1549 2266 1607 2303 τε
1643 2252 1700 2302 ὲν
1732 2251 1833 2302 αὐ-

240 2344 362 2403 τοῖς
393 2341 487 2394 καὶ
514 2342 933 2413 ἐμπεριπατήσῃ
962 2342 1048 2395 διὰ
1078 2342 1172 2395 τοῦ
1198 2342 1432 2412 Χριστοῦ
1464 2342 1649 2406 αὐτοῦ,
1680 2343 1832 2395 εὐλο-

240 2434 390 2504 γήσῃ
438 2432 536 2496 τὰς
566 2433 803 2496 εἰσόδους
848 2433 1025 2487 αὐτῶν
1058 2434 1153 2487 καὶ
1182 2433 1281 2497 τὰς
1309 2433 1541 2501 ἐξόδους,
1573 2434 1667 2488 καὶ
1699 2451 1833 2488 κατ-

241 2525 445 2597 ευθύνῃ
482 2526 667 2590 αὐτοῖς
696 2526 766 2579 τά
811 2528 1147 2598 προκείμενα
1190 2530 1269 2592 εἰς
1300 2528 1362 2581 τὸ
1395 2528 1689 2600 συμφέρον.
1713 2530 1833 2582 Ἔτι

239 2618 482 2682 ἐκτενῶς
519 2619 661 2691 ὑπὲρ
696 2620 875 2672 αὐτῶν
921 2620 1307 2692 ἱκετεύσωμεν,
1340 2621 1426 2674 ἴνα
1460 2621 1709 2690 ἀφέσεως
1736 2638 1832 2673 τυ-

241 2712 432 2783 χόντες
457 2711 565 2764 τῶν
600 2711 1087 2783 πλημμελημάτων
1120 2712 1206 2765 διὰ
1232 2712 1332 2781 τῆς
1367 2713 1638 2784 μυήσεως,
1673 2712 1834 2778 ἀξιω-

241 2802 383 2856 θῶσι
402 2803 509 2856 τῶν
529 2804 701 2871 άγίων
727 2805 1065 2875 μυστηρίων,
1103 2806 1198 2857 καί
1224 2804 1325 2874 τῆς
1360 2804 1496 2874 μετὰ
1523 2804 1631 2857 τῶν
1662 2805 1832 2873 ἁγίων

238 2897 525 2967 διαμονῆς.
545 2896 875 2967 Ἐγείρεσθε,
910 2897 959 2951 οἰ
1002 2897 1417 2967 κατηχούμενοι.
1453 2897 1564 2967 Τὴν
1611 2898 1832 2968 εἰρήνην

239 2989 341 3043 τοῦ
373 2988 507 3042 Θεοῦ
539 2989 629 3042 διά
653 2988 748 3041 τοῦ
788 2987 1027 3059 Χριστοῦ
1070 2987 1234 3042 αὐτοῦ
1273 2988 1590 3059 αἰτήσασθε,
1630 2990 1832 3059 εἰρηνι-

241 3083 350 3153 κὴν
381 3080 459 3153 (5)
486 3083 700 3153 ἡμέραν
727 3082 822 3135 καὶ
854 3080 1236 3153 ἀναμάρτητον
1266 3083 1359 3135 καὶ
1388 3081 1565 3135 πάντα
1592 3081 1681 3134 τὸν
1713 3082 1831 3153 χρό-
1856 3122 1898 3178 C

240 3194 335 3231 νον
363 3176 463 3247 τῆς
492 3177 638 3247 ζωῆς
667 3176 841 3247 ὑμῶν,
875 3174 1159 3245 χριστιανὰ
1201 3173 1353 3244 ὑμῶν
1387 3173 1458 3226 τὰ
1485 3174 1633 3244 τέλη,
1671 3173 1825 3226 ἵλεων

236 3270 341 3324 καὶ
383 3269 589 3340 εὐμενῆ
626 3269 717 3322 τὸν
749 3267 899 3334 Θεὸν,
940 3268 1132 3336 ἄφεσιν
1162 3265 1667 3337 πλημμελημάτων,
1699 3267 1827 3320 ἑαυ-

235 3361 369 3424 τοὺς
407 3360 486 3431 τῷ
528 3361 675 3432 μόνῳ
700 3360 980 3431 ἀγεννήτῳ
1011 3358 1129 3429 Θεῷ
1156 3358 1243 3412 διὰ
1275 3358 1368 3411 τοῦ
1394 3357 1629 3428 Χριστοῦ
1662 3357 1827 3411 αὐτοῦ

238 3452 573 3524 παράθεσθε.
610 3453 861 3519 Κλίνατε,
896 3452 991 3506 καί⁵
1024 3450 1349 3519 εὐλογεῖσθε.
1385 3452 1500 3519 Ἐφ’
1532 3450 1745 3522 ἑκάστῳ
1767 3450 1823 3502 δὲ

235 3545 449 3601 τούτων
475 3538 552 3603 ὧν
579 3546 607 3599 ὁ
630 3546 877 3609 διάκονος
905 3546 1235 3616 προσφωνεῖ,
1257 3544 1333 3607 ὠς
1365 3544 1718 3614 προείπομεν,
1742 3542 1827 3595 λε-

236 3638 389 3707 γέτω
414 3638 601 3701 όλαός·
626 3638 818 3711 Κύριε,
841 3637 1080 3708 ἐλέησον·
1114 3636 1209 3689 καὶ
1230 3636 1337 3707 πρὸ
1364 3636 1583 3689 πάντων
1601 3636 1667 3688 τά
1696 3652 1825 3687 παι-

238 3732 333 3785 δία
367 3732 460 3803 (6).
483 3733 787 3787 Κλινόντων
818 3732 875 3785 δὲ
907 3730 1085 3786 αὐτῶν
1116 3728 1215 3793 τὰς
1246 3729 1508 3798 κεφαλὰς,
1544 3728 1833 3797 εὐλογείτω

1946 510 2077 549 vero
2130 512 2229 566 pro
2276 497 2357 553 eis
2396 508 2669 567 precetur,
2702 500 2891 557 dicens
2928 520 2941 557 :
2975 500 3084 558 Pro
3120 506 3529 567 catechumenis

1941 601 2135 643 omnes
2184 589 2357 645 Deum
2397 590 2750 661 invocemus;
2783 601 2863 659 ut,
2892 596 2985 665 qui
3034 598 3214 653 bonus
3257 614 3322 654 ac
3351 603 3529 657 hami--

1942 694 2075 734 num
2126 695 2319 737 amans
2362 692 2468 750 est,
2499 684 2732 756 benigne
2756 688 3012 743 exaudiat
3039 704 3229 744 eorum
3272 694 3529 748 obsecra-

1943 772 2118 828 tiones
2145 786 2209 826 ac
2238 790 2465 843 preces;
2490 784 2565 841 et,
2601 788 2856 848 suscepta
2885 794 3076 835 eorum
3104 784 3524 852 supplicatione,

1940 878 2099 933 opem
2134 865 2241 921 illis
2274 865 2433 931 ferat,
2467 867 2668 939 detque
2710 871 3002 939 petitiones
3030 875 3215 930 cordis
3258 875 3523 946 ipsorum,

1939 964 2102 1025 prout
2156 959 2237 1015 eis
2295 960 2555 1030 expedit;
2609 964 2810 1018 revelet
2882 965 3093 1019 eisdem
3169 967 3525 1039 Evangeliunt

1938 1047 2145 1105 Christi
2199 1051 2316 1119 sui;
2360 1052 2632 1109 illuminet
2657 1070 2754 1110 eos
2780 1070 2844 1110 ac
2873 1055 3159 1124 instituat;
3188 1061 3400 1114 erudiat
3431 1078 3518 1116 co-

1937 1142 2183 1213 gnitione
2235 1159 2300 1198 ac
2344 1145 2608 1215 religione
2654 1148 2872 1215 divina;
2906 1148 3101 1205 doceat
3131 1152 3387 1208 mandata
3427 1170 3533 1209 suae

1935 1241 1992 1288 et
2015 1233 2472 1305 justiﬁcationes;
2519 1238 2724 1295 inserat
2769 1240 2825 1293 in
2857 1240 2938 1295 eis
2983 1250 3195 1297 castum
3224 1259 3288 1298 ac
3321 1247 3525 1300 saluta-

1938 1342 2053 1384 rem
2086 1328 2340 1383 timorem
2372 1346 2566 1397 suum;
2615 1331 2827 1401 aperiat
2871 1347 3036 1388 aures
3084 1335 3269 1391 cordis
3308 1353 3520 1405 eorum,

1937 1426 1998 1474 ut
2028 1420 2083 1474 in
2114 1420 2234 1491 ejus
2279 1421 2397 1492 lege
2426 1422 2515 1477 die
2550 1437 2613 1477 ac
2646 1430 2807 1479 nocte
2844 1434 3211 1496 occupentur;
3240 1436 3292 1484 et
3322 1432 3523 1486 conﬁr—

1937 1518 2048 1567 met
2096 1526 2192 1568 eos
2238 1513 2295 1567 in
2350 1514 2584 1583 pietate;
2630 1516 2833 1572 adunet
2880 1526 3046 1588 atque
3070 1530 3396 1577 annumeret
3427 1540 3522 1581 eos

1938 1612 2130 1659 sancto
2176 1620 2279 1659 suo
2309 1606 2481 1676 gregi,
2522 1607 2743 1663 donatis
2791 1609 2860 1664 iis
2900 1610 3119 1666 lavacro
3148 1616 3522 1683 regeneratio—
3592 1602 3603 1657 ἶ

1938 1695 2047 1759 nis,
2076 1696 2396 1753 indumento
2432 1699 2879 1767 immortalitatis,
2921 1718 3050 1758 vera
3093 1705 3232 1769 vita;
3264 1707 3309 1739 ιδ
3330 1708 3523 1764 liberet

1935 1803 2065 1844 vero
2094 1790 2218 1844 illos
2244 1790 2315 1845 ab
2344 1792 2493 1845 omni
2539 1791 2838 1863 impietate,
2871 1802 2926 1850 et
2955 1812 3064 1850 non
3092 1797 3182 1853 det
3210 1798 3391 1853 locum
3422 1802 3521 1856 ad-

1934 1883 2181 1937 versario
2211 1891 2403 1939 contra
2436 1885 2593 1953 illos;
2626 1887 2851 1942 mundet
2879 1898 3060 1943 autem
3086 1891 3238 1961 ipsos
3268 1894 3338 1947 ab
3368 1896 3521 1951 omni
3592 1891 3599 1900 ’

1934 1972 2347 2044 inquinamento
2395 1978 2580 2031 carnis
2608 1986 2663 2033 et
2691 1979 2920 2049 spiritus
2936 1980 3015 2048 “;
3048 1982 3425 2054 inhabitetquc
3461 1986 3518 2042 in

1930 2066 2013 2122 eis
2055 2082 2118 2121 ac
2162 2068 2482 2133 inambulet,
2514 2086 2610 2140 per
2641 2070 2919 2127 Christum
2953 2075 3201 2142 suum“;
3227 2076 3519 2133 benedicat

1932 2158 2189 2215 introitus
2220 2175 2283 2215 ac
2310 2164 2491 2217 exitus
2514 2178 2704 2217 eorum
2722 2164 2787 2230 ⁵⁷,
2826 2172 2990 2235 atque
3022 2167 3299 2235 proposita
3330 2170 3519 2225 mode-

1934 2258 2087 2307 retur
2136 2252 2204 2309 iis
2254 2254 2323 2308 ad
2372 2257 2740 2311 commodum.
2790 2258 2986 2312 Adhuc
3037 2260 3245 2316 intente
3273 2277 3373 2331 pro
3408 2263 3518 2319 illis

1936 2346 2329 2416 supplicemus,
2363 2355 2445 2411 ut,
2469 2349 2851 2404 remissionem
2883 2350 3207 2405 delictorum
3238 2356 3518 2410 consecuti

1934 2452 2032 2506 per
2061 2437 2320 2507 baptismi
2352 2438 2741 2506 initiationem,
2775 2439 2924 2512 digni
2973 2442 3104 2497 ﬁant
3150 2445 3356 2501 sanctis
3399 2463 3519 2519 my-

1935 2528 2141 2596 steriis,
2173 2536 2227 2584 et
2259 2531 2644 2599 permansione
2679 2547 2805 2586 cum
2838 2537 3066 2588 sanctis.
3105 2533 3343 2607 Surgite,
3366 2546 3519 2594 caten-

1934 2620 2211 2675 chumeni.
2264 2620 2462 2677 Pacem
2510 2621 2629 2680 Dei.
2677 2639 2774 2692 per
2821 2624 3105 2681 Christum
3149 2628 3270 2698 ejus
3317 2632 3514 2699 petite;

1934 2712 2075 2766 diem
2110 2714 2378 2782 quietum,
2416 2728 2480 2769 ac
2524 2716 2645 2770 sine
2672 2723 2920 2785 peccato,
2959 2718 3145 2774 itidem
3179 2737 3340 2778 omne
3375 2731 3515 2779 tem-

1933 2819 2037 2874 pus
2068 2806 2192 2859 vitae
2221 2814 2454 2872 vestrae;
2504 2814 2735 2862 mortem
2772 2805 3177 2878 Christianam;
3220 2814 3516 2883 propitium

1935 2912 1999 2951 ac
2029 2898 2353 2953 benevolum
2386 2897 2587 2965 Deum;
2621 2900 2834 2954 veniam
2867 2900 3332 2960 delictorum.Vos
3366 2906 3516 2976 ipsos

1933 2988 2034 3042 soli
2066 2987 2310 3058 lngenito
2344 2988 2475 3053 Deo,
2510 3004 2609 3059 per
2636 2988 2914 3045 Christum
2948 2993 3090 3061 ejus,
3117 3000 3512 3053 commendate.

1934 3080 2215 3147 Inclinate,
2241 3092 2294 3137 et
2325 3081 2556 3151 accipite
2589 3082 3043 3141 benedictionem.
3079 3085 3274 3154 Porro,
3314 3089 3369 3143 in
3400 3091 3517 3145 sin-

1931 3174 2073 3244 gulis
2130 3174 2325 3229 horum
2384 3189 2503 3243 quae
2570 3174 2836 3231 diaconus
2886 3177 3250 3246 proloquitur,
3298 3188 3357 3233 ut
3399 3182 3515 3251 jam

1928 3267 2190 3331 diximus,
2230 3267 2464 3337 populus
2498 3268 2827 3337 respondeat
2870 3286 2882 3323 :
2935 3267 3123 3340 Kyrie,
3171 3272 3417 3341 eleison;
3460 3281 3516 3329 et

1929 3364 2055 3413 ante
2083 3366 2314 3414 cunctos
2347 3358 2523 3429 pueri.
2558 3358 2980 3415 Catechumenis
3010 3368 3190 3416 autem
3220 3364 3398 3433 capita
3430 3364 3516 3418 in—

1930 3450 2282 3514 clinantibus,
2307 3450 2597 3521 episcopus
2619 3450 2905 3506 ordinatus
2930 3451 3217 3507 benedicat
3241 3454 3322 3509 eis
3350 3454 3517 3510 bene-

1930 3541 2171 3598 dictione
2220 3541 2537 3612 hujusmodi
2576 3561 2587 3595 :
2623 3541 2766 3597 Deus
2815 3543 3184 3612 omnipotens,
3235 3546 3514 3616 ingenitus

1930 3643 1985 3689 et
2045 3634 2385 3700 inaccessus,
2439 3635 2589 3691 solus
2639 3650 2805 3690 verus
2843 3618 3011 3699 Deus,
3058 3633 3201 3692 Deus
3251 3644 3303 3691 et
3353 3636 3516 3692 Pater

1941 3726 2149 3783 Christi
2184 3729 2267 3783 tui
2317 3727 2585 3798 unigeniti
2633 3725 2758 3782 Filii
2802 3727 2904 3804 tpi,
2948 3726 3092 3784 Deus
3124 3726 3413 3796 Paracleti,
3449 3745 3516 3787 ac

315 3866 363 3899 ⁵⁵
395 3866 540 3921 Citat
562 3864 779 3922 Nicetas
811 3863 1124 3920 Serronius.
1160 3862 1295 3918 Vide
1324 3863 1444 3920 Vet.
1496 3872 1628 3921 test.
1702 3862 1747 3895 “
1778 3860 1959 3918 IlCor.
1992 3879 2090 3925 vn,
2122 3862 2171 3917 1.
2245 3863 2290 3896 ⁸⁸
2330 3861 2373 3917 Il
2400 3861 2527 3918 Cor.
2559 3877 2638 3927 vt,
2670 3861 2758 3919 16.
2832 3862 2875 3893 ’⁵⁷
2911 3860 3057 3918 Psal.
3091 3876 3215 3924 cxx,
3246 3862 3296 3919 8.

1524 4043 1888 4101 VARIORUM
1926 4044 2160 4100 NOTAE.

238 4163 412 4221 missa
438 4175 456 4215 .°
478 4160 803 4233 Πολλοὶμέν
833 4180 977 4227 τινες
1022 4163 1114 4216 καὶ
1156 4162 1304 4216 ἄλλοι
1326 4160 1442 4233 ,τῶν
1489 4164 1615 4233 τούς
1648 4164 1827 4233 ἱεροὺς

237 4233 571 4314 ἀποῖτόλους
586 4232 1139 4314 διαδεξαμένωνκθεῖοι
1170 4232 1426 4314 ποιμένες
1445 4234 1536 4285 καί
1568 4232 1823 4314 διδάσκοι·
1918 4283 1925 4295 ,

236 4306 323 4358 λοι
340 4304 437 4374 τῆς
470 4302 926 4424 Ἐκκλησίας,’τὶνῃδ
949 4305 1046 4375 τῆς
1065 4302 1329 4424 μυστικήὶς
1360 4303 1700 4374 λειτουργίας
1731 4304 1826 4356 ἐκ·

238 4375 390 4424 Θεσιν
424 4373 714 4424 ἐγγράφως
747 4391 884 4424 κατα
921 4374 1234 4424 ιπόντες.τῆ
1268 4374 1278 4391 ’
1326 4372 1560 4424 κκλτισία
1589 4374 1826 4424 παραδε-

238 4372 404 4457 ρεσινή
424 4372 714 4457 ἐγγράφρς
731 4372 1151 4457 (καταλιπόντες,
1170 4376 1235 4443 τῇ
1268 4372 1560 4457 Ἰᾓκὶιλησία
1589 4374 1826 4444 παραδε-

1930 4164 2000 4216 ἐν
2030 4162 2089 4230 ᾖ.
2125 4162 2335 4217 Desunt
2360 4161 2476 4215 hinc
2500 4164 2553 4216 in
2584 4163 2706 4217 cod.
2742 4160 2896 4216 Vind.
2928 4162 3122 4217 CLEn.‘

1934 4300 1937 4305 ί
2115 4232 2361 4305 Πάντες)
2388 4231 2560 4305 Addit
2589 4237 2712 4305 cod.
2747 4232 2907 4305 Vind.
2934 4232 3199 4305 ἐκτενῶς,
3219 4231 3289 4294 In,

1916 4301 1937 4359 ί
2000 4301 2076 4373 (4)
2123 4302 2231 4356 Τοῦ
2258 4302 2586 4370 ἐνδύματος
2614 4302 2724 4369 τῆς
2750 4302 3107 4369 ἀφθαρσίας.
3142 4301 3279 4357 Hinc
3306 4302 3508 4373 Grego-

1927 4372 2068 4445 rium
2098 4372 2503 4445 Nazianzenum
2541 4373 2819 4445 accepisse
2861 4387 3019 4445 suum
3062 4373 3265 4443 ἔνδυμα
3296 4372 3510 4445 ἀφθαρ-

236 4440 592 4523 δῴκασινίξξ
622 4440 694 4498 ὧν
726 4443 782 4496 δὲ
802 4440 1320 4523 ,πρῶτοιιοῦτοικαὶ
1341 4440 1823 4523 διαπρύσιοίτυγ-

1932 4443 2224 4523 σίαςᾲοτει.
2256 4442 2500 4523 42,.‘pag:
2532 4440 3161 4523 68_5,__adnotat‘1_‘{icetas
3193 4440 3310 4523 {an
3345 4440 3505 4523 'ver'e,

278 4514 557 4599 άνουσιν,ὃ
584 4531 643 4567 τε
674 4514 939 4599 μλακάριος
966 4514 1217 4599 μης,
1234 4512 1367 4566 ὁτοῦ
1391 4512 1693 4599 ’κορυφηαίορ
1718 4515 1824 4595 τῶν

1931 4514 2121 4599 dubito
2154 4533 2182 4599 εἰ
2202 4513 2377 4599 potpit
2404 4512 2872 4599 enimnhabere‘ab
2897 4513 3020 4567 aliis
3040 4513 3317 4599 iliturgiis‘;
3352 4515 3507 4599 γει-ξιξ

280 4585 553 4671 ποστόλων
614 4583 860 4671 μαθητὴς
906 4584 998 4671 κά).
1051 4583 1492 4671 διάδοχος,ιαύτῷ
1519 4584 1819 4671 τῶνιίερῶν

237 4654 554 4725 ἀποστόλων
580 4654 1117 4725 ῌύπαγορευσάντων,
1148 4662 1273 4725 etcr
1310 4654 1471 4707 Multi
1514 4654 1721 4723 quidem
1768 4664 1817 4707 et

238 4725 339 4777 ‘alii
371 4723 533 4779 divini
572 4722 823 4777 Ecclesia:
864 4733 1104 4788 pastores
1152 4733 1201 4778 et
1240 4724 1477 4778 doctores
1526 4722 1616 4794 qui
1650 4725 1816 4777 sacris

237 4803 601 4849 successerunt
648 4794 923 4861 apostolis,
968 4796 1203 4862 mystica:
1234 4798 1408 4849 missae
1443 4796 1818 4863 expositionem

237 4865 457 4932 scriptis
489 4863 863 4917 demandantes
896 4864 1230 4917 tradiderunt
1263 4864 1515 4919 Ecclesia:
1545 4879 1563 4917 :
1594 4881 1815 4933 quorum

234 4936 401 5001 primi
428 4936 565 5004 iique
592 4935 987 5001 prteclarissimi
1037 4943 1157 4987 sunt
1187 4936 1241 4987 hi
1268 4951 1286 4989 :
1313 4936 1494 4989 beatus
1567 4935 1816 4987 nimirum

239 5004 508 5068 Clemens,
536 5005 786 5072 principis
817 5006 1175 5073 apostolorum
1206 5004 1493 5069 discipulus
1536 5014 1583 5057 et
1611 5022 1816 5058 succes-

239 5092 353 5137 sor,
382 5077 471 5140 qui
510 5075 675 5127 sacris
708 5074 959 5140 apostolis
990 5075 1037 5127 ei
1061 5074 1403 5137 dictantibus,
1437 5076 1586 5128 illam
1627 5075 1812 5139 edidit,

239 5152 349 5198 etc.
390 5145 709 5213 Similiaque
736 5143 992 5197 Nicolaus
1024 5144 1412 5200 Methonensis.
1461 5148 1530 5198 At
1557 5146 1812 5198 cardina—

238 5214 312 5268 lis
344 5215 653 5277 Bessarion,
703 5214 951 5268 scribens
979 5215 1046 5268 de
1077 5224 1420 5270 sacramento
1446 5216 1811 5277 eucharistiaa,

238 5286 527 5355 proﬁtetur
596 5284 872 5356 liturgiam
926 5282 1240 5356 _Clementis
1305 5286 1448 5340 inter
1502 5286 1813 5356 apocrypha

239 5352 657 5425 commemorari
684 5352 884 5425 solere.
925 5352 990 5425 Et
1017 5370 1146 5409 vero
1174 5356 1301 5425 quia
1338 5352 1606 5409 monito—re
1652 5352 1814 5409 nemo

240 5423 447 5495 indiget
476 5424 543 5479 de
566 5422 912 5495 conferendis
938 5424 1078 5479 inter
1106 5440 1165 5480 se
1188 5422 1357 5481 rariis
1397 5426 1655 5495 liturgiis,
1681 5441 1811 5479 sua-

240 5494 383 5547 debo
413 5501 717 5565 tantum_ut
766 5494 829 5565 in
849 5494 973 5565 _hoc
1005 5495 1181 5565 capite
1213 5496 1439 5550 adeatur
1479 5494 1812 5565 Chrysosto-

239 5580 365 5617 mus
398 5566 587 5618 homil.
628 5563 774 5635 2,7in
802 5562 964 5635 llud
996 5562 1318 5629 Corinthios,
1351 5581 1476 5618 cum
1507 5562 1812 5634 Augustino

238 5635 401 5705 epist.
440 5635 541 5689 107
572 5641 626 5688 et
656 5634 779 5701 119,
802 5634 1014 5705 necnon
1046 5635 1282 5691 Basilius
1305 5651 1391 5705 ep.
1424 5635 1551 5697 241,
1585 5636 1678 5688 ubi
1709 5652 1811 5703 κη-

282 5703 497 5775 ῦγματα
524 5704 950 5775 ὲκκλησιαστικά
976 5714 1273 5775 nuncupat,
1323 5703 1444 5775 qum
1484 5705 1574 5758 hic
1603 5713 1655 5758 et
1683 5705 1809 5757 alibi

282 5721 497 5774 υγματα
524 5720 950 5775 εκκΑησιαστικα
976 5720 1273 5775 nuncupat,
1323 5720 1444 5775 qum
1484 5720 1574 5758 mc
1603 5720 1655 5758 et
1683 5720 1809 5757 aunt

242 5720 501 5831 Sicuntur
528 5776 959 5847 προσφωνήσεις.
987 5770 1274 5833 (ἔοι-Ἡ
1308 5775 1435 5831 θεία
1476 5776 1809 5843 λειτουργία

1924 4584 2098 4654 gratia
2133 4581 2231 4654 abi
2254 4583 2344 4654 illa
2370 4582 2518 4654 apud
2548 4581 3001 4654 Chrysostomum
3040 4581 3228 4654 homil.
3268 4583 3323 4654 ἓν,
3354 4585 3407 4637 in
3442 4583 3505 4638 11

1923 4651 1993 4706 ad
2025 4651 2445 4723 Corinthiosrl‘ln
2477 4651 2676 4723 Graeca
2700 4654 2903 4708 Nicetis:
2929 4669 2959 4707 e
2986 4652 3269 4707 codicibus
3283 4652 3463 4723 Regiis
3490 4675 3503 4709 :

1921 4723 2189 4793 Είληπται
2220 4722 2277 4775 δὲ
2308 4722 2369 4774 τὺ
2404 4722 2636 4791 ἔνδυμα
2654 4723 2765 4791 τῆς
2780 4724 3135 4791 ἀφθαρσίας,
3151 4723 3257 4775 ἀπὸ
3279 4722 3395 4793 τῆς,
3415 4726 3508 4793 όκ-

1918 4792 2172 4873 ταϐίϐλου
2204 4793 2421 4873 τῆςηδιιὰ
2435 4793 2766 4873 Κλήμεντος·
2779 4795 2893 4873 Ἵνα
2919 4793 3048 4865 γὰρ,
3065 4793 3219 4873 φησὶ,
3240 4792 3507 4873 καταξιῴ-

1921 4880 1988 4934 σῃ
2018 4865 2215 4925 αὐτοὺς
2235 4863 2342 4934 τοῦ,
2358 4863 2583 4934 λουτροῦ
2607 4865 2715 4934 -τῆς
2748 4863 3183 4934 παλιγγενεσίας,
3221 4863 3316 4916 τοῦ
3353 4863 3505 4934 ενδύέ

1921 4932 2089 5002 ματος
2119 4934 2218 5003 τῆς
2245 4932 2570 5004 ἀφθαρσίας.
2606 4932 2751 4987 Idem
2784 4932 3043 5003 Theologi
3085 4934 3405 5001 explanator
3434 4933 3504 4989 ad

1918 5012 2059 5058 orat.
2097 5004 2187 5068 40,
2216 5020 2269 5056 ιι.
2298 5004 2351 5063 4,
2384 5004 2464 5057 sic
2517 5004 2758 5072 loquitur
2792 5004 3153 5072 εἈφθαρσίας
3190 5003 3245 5055 δὲ
3280 5003 3502 5072 ἔνδυμα,

1918 5020 2059 5058 orat.
2097 5020 2187 5068 ω,
2216 5020 2269 5056 ιι.
2298 5020 2351 5063 4,
2384 5020 2464 5057 Slc
2519 5020 2758 5072 loqutmr
2792 5023 2803 5055 :
2840 5020 3153 5087 Αφυαρσιας
3190 5020 3245 5055 οε
3280 5020 3502 5073 ενουμα,

1918 5074 2059 5126 κατά
2101 5073 2200 5136 τὰς
2246 5072 2610 5144 ἀποστολικάς
2642 5073 2947 5139 διατάξεις,
2986 5091 3061 5144 ως
3104 5074 3213 5144 τῆς
3241 5074 3505 5144 αἰσχύνης

1919 5144 2306 5215 ’ξι-ιογκάλυμμαἴ
2336 5143 2759 5215 Συγκαλλύπτων,
2786 5144 2894 5215 γὰρ
2934 5143 3177 5215 ταύτην,⁸
3195 5143 3504 5215 ἀφθαρσίας

1919 5160 2303 5265 πγκαλυμίια.
2337 5160 2739 5210 ιυγκαλυπτων
2786 5160 2894 5212 γαρ
2934 5160 3159 5215 ταυτην,
3195 5160 3500 5213 αφυαρσιας

1916 5214 2109 5280 ὲνδύει,
2144 5213 2194 5265 δι
2262 5213 2323 5265 τὸ
2354 5213 2673 5281 ἀποφαίνειν
2712 5214 2809 5282 τὴν
2859 5214 3036 5283 ψυχὴν
3080 5212 3353 5283 ἄφθαρτον
3392 5211 3500 5264 ἀπὸ

1917 5283 2212 5355 ἁμαρτίας,
2245 5284 2340 5335 καὶ
2373 5283 2620 5355 καθαράν
2650 5284 2727 5345 ὡς
2751 5284 2812 5355 τὸ
2839 5282 3112 5355 ἀ-παρχῆς.
3145 5282 3275 5336 Cor.

1917 5300 2212 5355 αμαρτιας,
2245 5300 2340 5335 και
2373 5300 2620 5353 καυαραν
2650 5300 2727 5345 ως
2751 5300 2812 5335 το
2839 5300 2953 5363 απα
2995 5301 3112 5353 χης.
3145 5300 3275 5336 υοτ.

1914 5422 1955 5477 C
1987 5354 2065 5424 (5)
2104 5352 2445 5420 Εἱρηνικήν.
2466 5353 2643 5415 Addit
2670 5352 2792 5407 cod.
2840 5300 3002 5407 νηιιὶ
3040 5354 3160 5418 τήν,
3193 5364 3301 5405 non
3333 5351 3492 5405 male.

1960 5439 2083 5477 LER.
2466 5471 2510 5477 -_

1960 5439 2083 5479 LER.
2466 5471 2510 5481 ,ο

1986 5495 2185 5565 (6)_Td
2211 5494 2433 5565 παιδία.
2466 5492 2561 5565 Vel
2591 5494 2744 5565 pueri
2769 5508 2960 5547 omnes
2993 5511 3006 5548 :
3035 5490 3493 5565 quemadmodum

1916 5561 2057 5633 apud
2080 5561 2606 5625 Basiliumﬂomilia
2626 5565 2681 5617 in
2710 5562 2904 5632 famem
2925 5572 2974 5616 et
2999 5563 3311 5633 siceitatem,
3336 5561 3495 5633 item-_-

1914 5630 2019 5704 que
2069 5634 2522 5705 Chrysostomum
2579 5630 2768 5705 homil,
2824 5633 2890 5685 72
2924 5634 2992 5705 ,ξπ
3045 5630 3493 5705 Μαειίιᾳίιιῃι,νε1

1915 5700 2068 5774 pueri
2116 5700 2285 5784 sacra:
2327 5705 2705 5789 symphoniae;
2738 5702 3045 5789 dia.qlrl:llll1§
3078 5701 3263 5789 .tuulti‘
3290 5700 3493 5780 docue-

1916 5770 2065 5841 runt,
2098 5774 2298 5847 quique
2332 5770 2385 5829 in
2420 5770 2739 5845 Enchologio
2790 5770 2951 5829 ιιξΡ.
2992 5772 3201 5841 virique
3232 5770 3492 5824 doctissi-
