3886 6190
422 277 563 334 10⁸79

1336 277 1394 334 S.
1425 274 1820 333 CLEMENTIS
1858 277 1877 331 I
1914 274 2081 333 ROM.
2118 270 2321 333 PONT.
2358 274 2585 333 OPERA
2619 275 2840 335 DUBIA.

3556 282 3708 341 1080

416 390 663 448 omnium
708 390 1007 459 Dominus;
1055 392 1148 464 qui
1177 407 1275 462 per
1304 392 1586 450 Christum
1614 394 1916 466 discipulos
1939 396 1995 451 in

2099 395 2296 456 αὐτοὺς
2314 394 2343 445 6
2358 392 2752 465 χειροτονηθεὶς
2776 393 3076 459 ἐπίσκοπος
3092 393 3340 464 εὐλογίαν
3364 396 3607 451 τοιάνδε·
3648 401 3709 455 ὀ

416 485 674 540 doctores
715 484 1077 549 constituisti,
1112 483 1182 538 ad
1212 484 1431 555 pietatis
1466 485 1814 555 disciplinam
1844 505 1857 542 :
1889 486 2007 559 ipse

416 588 472 632 et
500 593 648 634 nunc
680 578 891 645 respice
920 593 1089 648 super.
1130 593 1320 634 servos
1368 586 1515 643 tuos,
1539 579 1906 636 catechizatos
1946 580 2005 636 in

413 668 619 724 Christi
652 670 731 725 tui
762 668 1086 742 Evangelio;
1131 679 1186 726 et
1214 669 1284 725 da
1311 672 1395 726 eis
1431 686 1529 725 cor
1555 687 1779 736 novum,
1813 678 1867 728 et
1892 673 2005 743 spi-

412 761 580 815 ritum
612 767 823 817 rectum
856 761 1055 816 innova
1090 762 1148 818 in
1180 762 1478 818 visceribus
1508 777 1699 817 eorum
1717 763 1790 828 ⁸⁸,
1822 770 1882 818 ut
1903 780 2001 820 co-

410 860 682 924 gnoscant
711 868 776 907 ac
803 851 1009 908 faciant
1042 854 1378 909 voluntatem
1406 862 1579 916 tuam,
1614 854 1669 908 in
1697 854 1862 910 corde
1883 855 2001 925 'ple-

410 960 485 999 no
514 952 568 999 et
593 944 775 999 anima
806 946 1025 1000 volente
1057 964 1069 999 :
1104 946 1330 1016 dignare
1374 945 1498 999 illos
1540 946 1849 1002 initiatione
1875 963 2004 1002 san-

411 1042 498 1090 cta
529 1053 544 1100 ;
580 1046 635 1092 et
670 1037 849 1095 aduna
882 1037 1007 1092 illos
1035 1036 1104 1091 ad
1133 1044 1376 1093 sanctam
1419 1036 1718 1094 Ecclesiam
1745 1046 1918 1103 tuam,
1946 1047 2002 1093 et

412 1128 501 1183 fac
545 1129 841 1199 participes
871 1128 1184 1185 divinorum
1220 1131 1643 1200 mysteriorum;
1694 1147 1792 1202 per
1841 1131 2001 1187 Chri-

412 1228 581 1286 stum,
617 1237 769 1291 spem
818 1230 1086 1287 nostram,
1119 1223 1213 1294 qui
1264 1236 1364 1289 pro
1408 1224 1543 1293 ipsis
1592 1232 1843 1281 mortuus
1880 1233 1996 1292 est;

409 1327 509 1382 per
538 1327 700 1381 quem
733 1313 830 1368 tibi
856 1313 1031 1385 gloria
1076 1322 1133 1369 et
1158 1314 1427 1380 adoratio,
1457 1316 1511 1370 in
1540 1325 1732 1372 sancto
1763 1314 1997 1387 Spiritu,

407 1403 465 1459 in
499 1405 716 1460 saecula.
737 1405 931 1461 Amen.
952 1405 1017 1459 Et
1040 1413 1163 1475 post
1190 1406 1292 1461 hoc
1322 1406 1591 1463 diaconus
1616 1408 1763 1463 dicat
1783 1428 1796 1463 ε
1816 1408 1996 1475 Exite,

406 1497 807 1561 catechumeni,
860 1497 918 1551 in
966 1512 1117 1567 pace.
1156 1497 1407 1569 Cumque
1447 1499 1485 1552 ii
1515 1500 1769 1565 exierint,
1796 1499 1945 1556 dicat
1980 1520 1993 1556 :

406 1585 594 1652 Orate,
627 1590 983 1659 energumeni
1008 1597 1065 1643 et
1090 1592 1269 1645 vexati
1309 1606 1339 1644 a
1368 1591 1651 1661 spiritibus
1676 1592 1992 1648 immundis.

403 1679 616 1735 lntente
664 1680 850 1735 cuncti
905 1696 1006 1751 pro
1040 1682 1174 1752 ipsis
1204 1682 1599 1753 deprecemur;
1637 1690 1697 1737 ut
1726 1684 1996 1754 benignus

2107 485 2240 549 Θεὸς
2266 486 2344 559 (7)
2376 486 2406 538 6
2437 485 2853 557 παντοκράτωρ,
2880 488 2909 538 6
2936 486 3226 558 ἀγέννητος
3253 488 3347 542 καὶ
3367 489 3707 561 ἀπρόσιτος,

2104 580 2135 632 6
2166 579 2327 651 μόνος
2365 578 2619 650 ἀληθινὸς
2648 579 2798 643 Θεὸς,
2831 580 2860 631 6
2896 579 3027 644 Θεὸς
3064 581 3158 635 καὶ
3193 581 3382 653 Πατήρ
3422 582 3523 637 τοῦ
3556 586 3709 656 Χρι-

2108 671 2235 724 στοῦ
2270 688 2364 725 σου
2396 671 2490 724 τοῦ
2525 670 2846 743 μονογενοῦς
2875 670 3006 725 Υἱοῦ
3038 689 3153 737 σου,
3173 673 3201 726 6
3229 672 3360 737 Θεὸς
3386 674 3487 729 τοῦ
3505 676 3707 747 Παρα-

2106 762 2307 834 κλήτου
2339 762 2439 836 (8),
2470 764 2565 817 καὶ
2597 762 2704 816 τῶν
2738 764 2873 817 ὅλων
2912 763 3133 835 Κύριος·
3168 766 3197 817 6
3222 765 3308 819 διὰ
3338 767 3589 837 Χριστοῦ
3622 769 3707 822 δι-

2103 854 2404 917 δασκάλους
2426 855 2553 919 τοὺς
2574 855 2818 925 μαθητὰς
2839 856 3140 927 ἐπιστήσας
3171 858 3305 929 πρὸς
3331 859 3579 930 μάθησιν
3600 861 3707 933 τῆς

2104 945 2406 1009 εὐσεϐείας·
2428 946 2591 1010 αὐτὸς
2623 948 2716 1000 καὶ
2746 946 2838 999 νῦν
2872 946 3019 1000 ἔπιδε
3048 948 3142 1001 ἐπὶ
3172 950 3296 1013 τοὺς
3311 950 3538 1016 δούλους
3576 970 3704 1021 σου,

2102 1037 2229 1099 τοὺς
2261 1038 2699 1109 κατηχουμένους
2728 1038 2789 1091 τὸ
2816 1039 3145 1108 Εύαγγέλιον
3173 1040 3266 1095 τοῦ
3290 1043 3535 1113 Χριστοῦ
3574 1061 3701 1097 σου·

2102 1130 2197 1182 καὶ
2228 1130 2316 1193 δὸς
2338 1130 2519 1193 αὐτοῖς
2551 1130 2774 1201 καρδίαν
2812 1131 3023 1202 καινὴν,
3055 1134 3147 1186 καὶ
3162 1133 3385 1205 Πνεῦμα
3410 1136 3577 1199 εὺθὲς
3601 1139 3703 1205 ἐγο

2101 1221 2343 1275 καίνισον
2375 1225 2434 1275 ἐν
2464 1225 2577 1287 τοῖς
2604 1222 2854 1291 ἐγκάτοις
2883 1224 3081 1291 αὐτῶν,
3112 1226 3247 1296 πρὸς
3279 1226 3340 1280 τὸ
3368 1227 3574 1281 εἰδέναι
3601 1230 3703 1283 καὶ

2102 1317 2275 1367 ποιεῖν
2297 1314 2358 1367 τὸ
2380 1314 2591 1386 θέλημά
2621 1332 2736 1381 σου,
2757 1316 2814 1367 ἐν
2848 1316 3045 1387 καρδίᾳ
3074 1317 3266 1388 πλήρει
3296 1320 3387 1381 καὶ
3418 1319 3571 1392 ψυχῇ
3602 1320 3701 1373 θε-

2098 1405 2284 1478 λούσῃ·
2322 1407 2652 1471 καταξίωσον
2685 1408 2879 1472 αὐτοὺς
2927 1409 3025 1479 τῆς
3070 1410 3229 1478 ἁγίας
3280 1414 3556 1482 μυήσεως,
3594 1414 3700 1467 καὶ

2098 1499 2298 1553 ἓνωσον
2333 1501 2528 1565 αὐτοὺς
2559 1504 2626 1571 τῇ
2662 1502 2793 1574 ἁγίᾳ
2827 1519 2920 1555 σου
2948 1502 3260 1575 Ἐκκλησία,
3297 1505 3390 1557 καὶ
3418 1505 3697 1575 μετόχους

2098 1591 2324 1662 ποίησον
2364 1592 2472 1645 τῶν
2508 1593 2669 1646 θείων
2705 1595 3035 1666 μυστηρίων,
3058 1594 3148 1647 διὰ
3180 1595 3438 1667 Χριστοῦ,
3472 1597 3575 1667 τῆς
3602 1598 3695 1650 ἐλ-

2098 1684 2251 1747 πίδος
2280 1685 2457 1755 ἡμῶν,
2492 1685 2586 1738 τοῦ
2608 1686 2748 1758 ὑπὲρ
2776 1687 2952 1740 αὐτῶν
2984 1687 3367 1751 ἀποθανόντος·
3400 1688 3475 1741 δι’
3502 1681 3569 1741 οὗ
3606 1705 3696 1743 σοι

403 1771 575 1836 Deus,
614 1788 712 1843 per
742 1773 1020 1831 Christum
1064 1751 1310 1845 increpet
1360 1776 1673 1833 immundos
1719 1791 1785 1831 ac
1819 1751 1995 1834 malos

2095 1776 2224 1841 δόξα
2252 1751 2346 1830 καλ.
2375 1751 2449 1830 τὸ
2480 1778 2662 1845 σέϐας,
2698 1751 2756 1832 ἐν
2790 1779 2931 1851 ἁγίῳ
2960 1778 3256 1851 Πνεύματι,
3285 1782 3366 1843 εἰς
3392 1782 3526 1845 τοὺς
3551 1781 3695 1835 αἰῶ-

402 1866 652 1936 spiritus,
683 1874 739 1923 et
789 1866 984 1922 liberet
1032 1868 1307 1938 supplices
1340 1884 1471 1924 suos
1524 1869 1595 1924 ab
1635 1870 1993 1939 oppressione

403 1973 469 2012 ac
516 1958 803 2030 tyrannide
849 1959 1153 2014 adversarii
1188 1979 1201 2015 :
1235 1960 1329 2031 qui
1385 1960 1688 2030 increpavit
1721 1962 1990 2033 legionem

401 2050 713 2105 daemonum
729 2052 794 2117 δ’,
828 2058 881 2107 et
930 2051 1197 2121 originem
1242 2051 1369 2105 mali
1401 2051 1715 2119 diabolum;
1748 2053 1992 2123 increpet

402 2143 521 2214 ipse
572 2160 721 2199 nunc
769 2157 987 2214 quoque
1034 2150 1316 2212 apostatas
1356 2142 1574 2213 pietatis
1594 2142 1663 2208 '°,
1697 2151 1752 2198 et
1797 2142 1991 2200 liberet

400 2242 689 2296 ereaturas
716 2250 848 2292 suas
894 2249 924 2288 a
964 2233 1169 2289 diaboli
1198 2235 1505 2299 vexatione,
1538 2243 1593 2291 et
1620 2236 1847 2291 mundet
1870 2252 1987 2305 eas,

399 2344 540 2399 quas
566 2344 763 2402 magna
791 2342 915 2383 cum
943 2326 1210 2397 sapientia
1237 2326 1561 2382 condidit".
1594 2326 1788 2383 Adhuc
1814 2327 1990 2384 inten-

2098 1885 2212 1931 νας.
2232 1868 2422 1940 Ἀμήν.
2445 1871 2556 1925 Καὶ
2586 1870 2725 1941 μετὰ
2748 1871 2904 1925 τοῦτο
2921 1874 2949 1925 6
2968 1870 3209 1936 διάκονος
3230 1872 3454 1942 λεγέτω·
3478 1874 3698 1946 Προέλφ

2098 1960 2240 2029 θετε,
2270 1963 2320 2014 οί
2355 1962 2773 2035 κατηχούμενοι,
2805 1966 2863 2019 ἐν
2893 1966 3102 2039 εἰρήνῃ·
3142 1966 3235 2019 καὶ
3270 1966 3410 2038 μετά
3442 1968 3507 2021 τὸ
3539 1969 3698 2033 ἐξελ·

2096 2051 2208 2106 θεῖν
2250 2054 2465 2121 αὐτοὺς,
2514 2054 2739 2124 λεγέτω·
2772 2056 2846 2127 (9)
2893 2056 3155 2123 Εῦξασθε,
3202 2058 3253 2111 οἱ
3297 2059 3697 2132 ἐνεργούμενα

2096 2144 2203 2198 ὑπὸ
2246 2147 2573 2217 πνευμάτων
2620 2148 2966 2221 ἀκαθάρτων.
2986 2150 3250 2214 Ἐκτενῶς
3286 2150 3493 2215 πάντες
3544 2152 3697 2223 ὑπὲρ

2093 2236 2273 2290 αὐτῶν
2325 2238 2638 2310 δεηθῶμεν·
2690 2241 2837 2303 ὅπως
2884 2243 2913 2295 6
2961 2241 3337 2314 φιλάνθρωπος
3388 2242 3552 2313 Θεὸς,
3603 2244 3699 2298 διὰ

2090 2328 2329 2400 Χριστοῦ
2378 2331 2682 2404 ἐπιτιμήσῃ
2738 2335 2852 2397 τοῖς
2909 2334 3237 2405 ἀκαθάρτοις
3282 2334 3378 2388 καὶ⁵
3422 2338 3698 2407 πονηροίς

400 2428 453 2491 te
476 2436 573 2493 pro
602 2421 739 2493 ipsis
767 2434 1073 2491 precemur.
1105 2416 1272 2474 Serva
1304 2428 1358 2473 et
1388 2420 1537 2489 erige
1563 2418 1707 2484 illos,
1730 2417 1895 2485 Deus,
1928 2420 1985 2475 in

2094 2421 2387 2493 πνεύμασι,
2417 2423 2513 2475 καὶ¹
2542 2422 2774 2495 ρύσηται
2816 2426 2945 2489 τοὺς
2988 2426 3152 2481 αὑτοῦ
3206 2426 3388 2491 ἱκέτας
3420 2426 3541 2499 (i0)
3578 2428 3697 2486 ἀπὸ

398 2513 601 2568 virtute
658 2520 772 2566 tua.
811 2510 1097 2578 lnclinate,
1142 2511 1518 2581 cnergumeni,
1564 2518 1729 2582 atque
1760 2511 1984 2568 benedi-

2094 2514 2188 2585 τῆς
2213 2514 2308 2568 τοῦ
2350 2513 2631 2586 ἀλλοτρίου
2663 2516 3139 2581 καταδυναστείας·
3173 2519 3202 2573 6
3236 2520 3583 2590 ἐπιτιμήσας
3611 2520 3694 2591 τῷ

397 2604 633 2659 ctiouem
665 2604 913 2674 accipite.
949 2602 1015 2657 Et
1054 2601 1345 2673 episcopus
1376 2602 1721 2672 deprecetur,
1753 2604 1979 2661 dicens:

2094 2605 2313 2675 λεγεῶνι
2358 2605 2467 2659 τῶν
2511 2606 2800 2679 δαιμόνων,
2835 2610 2930 2662 καὶ
2972 2608 3050 2681 τῷ
3092 2609 3386 2680 ἀρχεκάκῳ
3425 2609 3690 2681 διαϐόλῳ,

395 2696 696 2768 ἐπιτιμήσῃ
740 2695 901 2758 αὐτὸς
952 2693 1068 2747 κατ’
1102 2691 1197 2747 νῦν
1232 2695 1343 2756 τοῖς
1399 2694 1734 2759 ἀποστάταις
1786 2696 1886 2767 τῆς
1937 2695 2238 2764 εὐσεϐείας,
2286 2698 2380 2751 καὶ
2428 2696 2660 2770 ρύσηται
2714 2698 2782 2752 τὰ
2832 2700 3023 2753 ἐαυτοῦ
3074 2701 3366 2772 πλάσματα
3410 2701 3527 2755 ἀπὸ
3583 2702 3690 2773 τῆς

396 2788 677 2861 ἐνεργείας
704 2785 891 2852 αὐτοῦ,
922 2786 1014 2838 καὶ
1039 2784 1308 2857 καθαρίσῃ
1340 2785 1479 2840 αὐτὰ
1519 2786 1555 2840 ἃ
1600 2787 1737 2857 μετά
1782 2789 1981 2861 πολλῆς
2040 2790 2230 2860 σοφίας
2262 2792 2666 2863 ἐποίησεν.Ἔτι
2689 2792 2924 2854 ἐκτενῶς
2970 2792 3111 2863 ὑπὲρ
3142 2792 3317 2847 αὐτῶν
3371 2794 3683 2866 δεηθῶμεν.

395 2885 580 2941 Σῶσον
612 2879 707 2934 καὶ
738 2878 1042 2950 ἀνάπησον
1078 2877 1277 2942 αὐτοὺς
1310 2879 1338 2932 6
1369 2878 1520 2945 Θεὸς,
1553 2881 1609 2932 ἐν
1647 2883 1714 2952 τῇ
1763 2880 1990 2953 δυνάμει
2041 2899 2158 2939 σου.
2192 2884 2446 2952 Κλίνατε,
2478 2885 2528 2939 oi
2559 2883 2963 2958 ἐνεργούμενοι,
3010 2886 3104 2947 καὶ
3149 2886 3481 2956 εύλογείσθε.
3515 2890 3629 2944 Καὶ
3658 2890 3689 2944 6

396 2976 696 3037 ἐπίσκοπος
720 2970 1053 3041 ἐπευχέσθω,
1077 2969 1274 3039 λέγων·

1011 3086 1241 3143 CAPUT
1278 3086 1394 3143 VII.

824 3180 1014 3237 Oratio
1050 3196 1147 3250 pro
1176 3181 1558 3252 energumem's.

467 3274 571 3341 Qui
616 3272 813 3331 fortem
861 3273 1066 3344 ligasti,
1097 3280 1152 3328 et
1193 3280 1391 3327 cuncta
1423 3286 1555 3328 vasa
1603 3270 1725 3340 ejus
1752 3268 1983 3339 diripui-

393 3366 564 3434 sti";
594 3366 691 3436 qui
732 3364 935 3421 dedisti
976 3365 1136 3420 nobis
1185 3372 1508 3434 potestatem
1538 3360 1788 3418 calcandi
1816 3374 1982 3432 supra

393 3468 677 3531 serpentes
705 3466 760 3515 et
790 3458 1135 3529 scorpiones,
1166 3465 1221 3514 et
1267 3473 1433 3529 super
1470 3471 1687 3511 omnem
1723 3454 1980 3508 virtutem

392 3552 693 3624 inimici";
721 3550 816 3621 qui
842 3549 1174 3624 homicidam
1216 3557 1522 3619 serpentem
1551 3547 1791 3604 vinctum
1811 3542 1982 3599 tradi-

392 3645 523 3707 disti
551 3643 731 3706 nobis,
761 3642 905 3698 sicut
934 3656 1215 3723 passerem
1261 3641 1537 3712 pueris”;
1588 3654 1750 3710 quem
1794 3635 1979 3692 omnia

392 3736 643 3799 horrent,
683 3750 747 3789 ac
802 3740 1045 3789 tremunt
1098 3750 1130 3787 a
1186 3732 1327 3788 facie
1373 3732 1662 3805 potestatis
1693 3740 1829 3796 tuae;
1883 3728 1977 3798 qui

387 3828 642 3896 eumdem
672 3843 703 3889 e
730 3828 870 3887 coelo
900 3826 957 3880 in
988 3834 1189 3897 terram
1216 3827 1359 3882 sicut
1390 3826 1574 3896 fulgur
1611 3823 1867 3878 decidere
1897 3820 1978 3877 fe-

390 3922 515 3977 cisti
536 3921 605 3986 ”,
636 3936 747 3975 non
777 3935 908 3975 casu
942 3919 1183 3984 locali",
1217 3920 1311 3975 sed
1362 3919 1432 3974 ab
1481 3918 1689 3973 honore
1729 3915 1786 3969 in
1822 3914 1978 3985 igno-

389 4013 638 4078 miniam,
679 4020 903 4083 propter
932 4012 1297 4066 voluntariam
1329 4010 1506 4080 ipsius
1536 4007 1832 4079 malitiam;
1878 4020 1976 4064 eu-

384 4105 479 4175 jus
528 4112 784 4175 aspectus
834 4104 1079 4167 exsiccat
1115 4103 1443 4179 abyssos”;
1470 4110 1525 4157 et
1556 4101 1715 4155 minae
1745 4096 1977 4169 liquefa-

388 4198 543 4253 ciunt
581 4203 793 4257 montes
810 4195 878 4260 ³⁸,
913 4202 968 4250 et
1013 4196 1215 4251 veritas
1269 4203 1454 4250 manet
1506 4195 1564 4247 in
1610 4191 1972 4257 aeternum";

388 4306 549 4361 quem
582 4288 807 4343 laudant
834 4287 1091 4350 infantes,
1121 4296 1174 4342 et
1212 4286 1543 4342 benedicunt
1596 4286 1863 4341 lactentes
1886 4283 1973 4351 ⁶⁰;

388 4398 550 4453 quem
589 4383 869 4450 celebrant
900 4388 1064 4456 atque
1094 4380 1324 4451 adorant
1353 4379 1626 4451 angeli“;
1658 4380 1753 4449 qui
1800 4375 1976 4446 respi-

390 4476 471 4531 cis
498 4490 664 4545 super
693 4482 917 4538 terram,
946 4482 1000 4529 et
1029 4472 1165 4528 facis
1211 4488 1331 4527 eam
1364 4480 1632 4540 tremere;
1663 4471 1755 4542 qui
1788 4468 1968 4538 tangis

388 4574 623 4633 montes,
671 4574 725 4621 et
756 4565 968 4621 fumant
983 4565 1061 4633 ⁶¹;
1096 4564 1191 4635 qui
1218 4564 1470 4635 inerepas
1500 4578 1672 4628 mare,
1706 4572 1761 4619 et
1788 4562 1969 4618 exsic-

2555 3091 2951 3147 ΚΕΦΑΛΑΙΟΝ
2988 3095 3043 3147 Ζυ
3080 3094 3212 3166 (ιι).

2486 3181 2654 3251 Ὑπὲρ
2682 3182 2803 3237 τῶν
2827 3183 3290 3256 ἐνεργουμένων.

2168 3270 2227 3324 Ὀ
2259 3271 2349 3325 τὸν
2384 3274 2601 3345 ἰσχυρὸν
2642 3274 2839 3347 δήσας,
2872 3278 2965 3331 καὶ
3002 3277 3178 3332 πάντα
3208 3279 3275 3333 τὰ
3307 3282 3478 3354 σκεύη
3513 3284 3684 3341 αὐτοῦ

2082 3361 2407 3435 διαρπάσας·
2454 3369 2482 3421 6
2526 3368 2649 3431 δοὺς
2693 3368 2824 3439 ἡμῖν
2864 3370 3113 3437 ἐξουσίαν
3154 3373 3339 3426 ἐπάνω
3370 3375 3554 3444 ὄφεων
3588 3381 3683 3435 καὶ

2085 3457 2362 3529 σκορπίων
2404 3462 2615 3526 πατεῖν,
2643 3460 2737 3513 καὶ
2788 3461 2882 3515 ἐπὶ
2927 3465 3105 3517 πᾶσαν
3151 3465 3249 3537 τὴν
3300 3465 3540 3539 δύναμιν
3584 3471 3679 3525 τοῦ

2082 3547 2298 3619 ἐχθροῦ·
2330 3551 2359 3602 6
2389 3550 2483 3603 τὸν
2522 3551 2965 3623 ἀνθρωποκτόνον
3002 3555 3148 3625 ὅφιν,
3173 3556 3461 3631 δεσμώτην
3497 3580 3680 3636 παρα-

2080 3640 2203 3704 δοὺς
2233 3642 2383 3712 ἡμῖν,
2416 3642 2493 3706 ὡς
2526 3643 2805 3708 στρουθίον
2850 3646 3103 3711 παιδίοις·
3148 3647 3207 3701 ὃν
3245 3650 3421 3703 πάντα
3461 3655 3674 3725 φρίττει

2080 3732 2174 3785 καὶ
2202 3733 2417 3804 τρέμει,
2471 3734 2578 3788 ἀπὸ
2632 3736 2924 3807 προσώπου
2955 3739 3239 3810 δυνάμεώς
3286 3759 3403 3795 σου·
3447 3746 3478 3797 6
3505 3745 3677 3817 ῥήξας

2079 3824 2241 3878 αὑτὸν
2290 3825 2364 3889 ὡς
2401 3826 2691 3899 ἀστραπὴν
2724 3829 2786 3893 ἐξ
2814 3829 3047 3903 οὐρανοῦ
3074 3834 3154 3896 είς
3183 3834 3309 3904 γῆν,
3345 3836 3408 3893 ού
3461 3840 3679 3910 τοπικῷ

2082 3918 2346 3987 ρήγματι,
2362 3916 2497 3970 ἀλλὰ
2509 3915 2617 3971 ἀπὸ
2630 3919 2796 3989 τιμῆς
2808 3937 2833 3972 ε
2843 3922 2888 3984 ίς
2901 3922 3144 3993 ἀτιμίαν,
3159 3922 3226 3976 δι’
3242 3924 3494 3981 ἑκούσιον
3505 3929 3677 3985 αὑτοῦ

2079 4008 2367 4062 κακόνοιαν
2387 4026 2399 4038 ·
2435 4002 2497 4062 οῦ
2542 4010 2603 4062 τὸ
2654 4009 2873 4082 βλέμμα
2909 4012 3151 4085 ξηραίνει
3182 4016 3478 4089 ἀϐύσσους,
3511 4022 3609 4075 καὶ
3640 4025 3675 4096 ἡ

2076 4099 2273 4172 ἀπειλὴ
2300 4100 2456 4173 τήκει
2482 4101 2605 4173 δρη,
2628 4103 2727 4175 καὶ,
2751 4104 2783 4175 ἡ
2808 4104 3032 4176 ἀλήθεια
3055 4108 3205 4178 μένει
3239 4111 3320 4173 εἰς
3344 4111 3439 4168 τὸν
3472 4114 3671 4169 αἰῶνα·

2075 4192 2134 4245 ὃν
2162 4194 2300 4245 alvei
2328 4193 2396 4246 τὰ
2427 4194 2615 4264 νήπια,
2659 4196 2751 4251 καὶ
2782 4196 2993 4265 εὐλογεῖ
3022 4200 3089 4252 τὰ
3119 4199 3439 4270 θηλάζοντα·
3476 4206 3538 4259 δν
3565 4206 3674 4277 ὑμ-

2074 4282 2227 4336 νοῦσι
2254 4285 2348 4337 καὶ
2377 4285 2773 4355 προσκυνοῦσιν
2803 4288 3045 4357 ἄγγελοι·
3072 4293 3101 4345 6
3120 4292 3430 4355 ἐπιϐλέπων
3462 4300 3559 4352 ἐπὶ
3573 4301 3673 4373 τὴν

2076 4375 2197 4445 γῆν,
2221 4374 2313 4428 καὶ
2342 4375 2509 4428 ποιῶν
2527 4376 2697 4448 αὐτὴν
2715 4379 2958 4451 τρέμειν·
2979 4383 3007 4434 6
3028 4384 3333 4455 ἁπτόμενος
3350 4388 3459 4441 τῶν
3475 4391 3668 4463 ὀρέων,

2074 4468 2169 4520 καὶ
2194 4468 2564 4533 καπνίζονται·
2598 4472 2626 4524 6
2658 4473 2898 4527 ἀπειλῶν
2937 4474 3232 4544 θάλασσαν,
3263 4480 3357 4535 καὶ
3397 4481 3672 4554 ξηραίνων

2073 4558 2266 4631 αὐτὴν,
2298 4562 2392 4614 καὶ
2419 4560 2629 4637 πάντας
2656 4566 2783 4629 τοὺς
2810 4571 3091 4640 ποταμοὺς
3122 4571 3317 4636 αὐτοὺς
3341 4574 3453 4645 (1⁸2)
3479 4578 3668 4650 ἐξερη-

459 4680 506 4711 δ⁸
546 4678 693 4753 Psal.
723 4679 894 4748 1.,12.
934 4749 946 4753 _
968 4679 1015 4753 ξ’
1040 4679 1225 4753 Ma_rc._
1247 4696 1300 4753 ν,
1331 4678 1388 4734 9.
1452 4678 1509 4753 f°_
1531 4678 1699 4753 Zach_.
1730 4675 1909 4753 311,}.

2094 4713 2111 4753 ;
2159 4672 2359 4753 Ιεῐιιιῐ.⁸
2377 4671 2663 4753 ninterp_ol_1
2712 4677 2803 4753 ad_
2836 4676 3056 4753 smyrn.
3092 4681 3144 4736 7.
3221 4684 3270 4715 ⁵⁸
3308 4683 3510 4753 Matth.
3563 4707 3663 4753 xu,

577 4750 625 4782 ⁸³
664 4740 796 4804 Luc.
838 4740 893 4813 ii,
926 4748 1015 4803 l9.
1114 4750 1161 4782 ”
1197 4740 1300 4807 10b
1326 4764 1418 4813 XL,
1448 4749 1519 4818 24
1548 4749 1692 4818 apud
1730 4745 1895 4818 LXX.

387 4750 478 4805 29.

388 4822 445 4887 9;
476 4836 553 4882 χι,
587 4834 685 4873 xn.

384 4884 439 4957 3.
540 4890 582 4920 “
623 4888 769 4943 Psal.
798 4884 946 4955 xcvi,
979 4884 1035 4946 8.
1131 4891 1190 4962 δ’,
1212 4884 1358 4949 Psal.
1388 4904 1509 4954 cru,
1542 4889 1630 4943 '52.

838 4740 893 4813 ii,
926 4748 1015 4803 19.
1114 4750 1161 4782 ³⁵
1197 4740 1300 4807 10b
1326 4764 1418 4813 XL,
1448 4749 1519 4819 24
1548 4749 1692 4818 apud
1730 4745 1895 4799 LXX.
1995 4742 2045 4775 ”
2084 4740 2215 4796 Luc'.
2246 4759 2301 4805 ι,
2338 4742 2427 4798 l8.
2538 4740 2586 4777 ⁸⁸
2626 4740 3052 4819 Pseudo-lgnat.
3116 4753 3186 4807 ad
3248 4740 3665 4829 Ριιὶιίρρίιῖῖξ

797 4820 840 4850 ⁵⁷
881 4818 1033 4897 Psal.
1059 4821 1254 4897 cva9“;
1285 4819 1391 4897 ls_a.
1430 4834 1505 4883 LI,
1542 4820 1631 4897 Il).
1707 4817 1753 4849 ⁸⁸
1792 4815 1939 4871 Psal.
1972 4828 2120 4876 xcvn,
2153 4813 2220 4880 5;
2260 4812 2361 4868 lsa.
2390 4829 2539 4885 thv,
2570 4815 2622 4870 I.
2701 4816 2747 4851 "
2784 4816 2933 4883 Psal.
2963 4836 3113 4887 ent,
3139 4823 3192 4893 ἓ.
3273 4826 3319 4858 ⁶⁶
3359 4826 3511 4889 Psal.
3543 4848 3665 4897 vm,

2568 4746 2592 4829 ἶ
2626 4744 3052 4829 PSPP‘IP-‘Bhat-
3116 4753 3186 4829 351
3248 4748 3488 4829 Philjbp-
3524 4778 3576 4825 ι,
3604 4744 3665 4826 1;

1692 4997 2054 5057 VARIORUM
2094 4993 2330 5053 NOTZE.

386 5122 461 5176 mi
492 5120 681 5194 Jacobi
711 5120 902 5186 Goar.,
929 5138 982 5192 p.
1014 5121 1140 5185 559,
1172 5124 1513 5193 appellantur
1546 5122 1789 5194 ὀρφανοί,
1840 5134 1971 5190 pro-

386 5194 475 5245 cul
505 5192 672 5246 dubio
702 5195 847 5262 quod
879 5209 909 5247 e
939 5195 1158 5263 pupillis
1188 5192 1257 5247 ac
1281 5194 1558 5249 destitutis
1580 5192 1967 5263 ‘Ecclesizeque

385 5263 1118 5333 eleemosynaindigcntibus
1133 5266 1355 5333 assumi
1388 5265 1647 5318 solerent.
1683 5263 1819 5319 Cor.

460 5331 555 5404 (7)»
589 5328 650 5404 '07
672 5335 834 5400 Θεός.
870 5328 941 5387 In
988 5332 1110 5388 cdd.
1131 5331 1296 5404 Vind.
1330 5335 1626 5404 prazﬁgitur
1662 5354 1675 5386 :
1708 5335 1848 5403 Κεφ.
1884 5328 1964 5400 ς’,

385 5402 690 5485 χειροθεὶσία
718 5405 826 5485 τῶν
860 5403 1299 5485 κατηχουμένων,
1332 5402 1662 5485 additurque
1706 5406 1965 5485 minutio-

2075 5114 2147 5199 vii
2177 5129 2315 5199 opus
2340 5113 2415 5199 ρει
2434 5114 2718 5199 firmitate,
2748 5126 2881 5199 toni:
2905 5119 3181 5199 11;1)οςῃι.
3232 5124 3421 5191 theol.,
3465 5128 3567 5185 lib.
3594 5129 3658 5198 ν,

2073 5198 2234 5251 c.vu,
2263 5184 2316 5250 7,
2348 5186 2402 5249 8,
2434 5186 2504 5254 9;
2535 5194 2590 5243 et
2625 5189 2720 5243 lib.
2757 5188 2894 5253 VIII,
2928 5184 2979 5247 c7.
3011 5184 3161 5257 x,'5.

2142 5276 2221 5365 (9Q)
2262 5276 2495 5361 Additur
2530 5280 2620 5334 hic
2643 5282 2699 5335 in
2725 5283 3018 5339 cod.Vind.
3053 5289 3193 5358 Κεφ.
3220 5288 3283 5355 ζ’.
3320 5293 3660 5368 Προσᾳωη-

2142 5362 2155 5399 :
2188 5348 2329 5399 υπὲο
2358 5366 2464 5399 των
2497 5352 2923 5399 ἐνεργουμένων-
2950 5356 3095 5399 Cipi:

2070 5362 2155 5409 σις
2188 5352 2329 5434 ὑπὲρ
2358 5352 2464 5401 τῶν
2497 5352 2925 5423 ἐνεργουμένων.
2950 5356 3119 5410 Cum.
3148 5352 3159 5358 ’
3230 5352 3244 5355 “
3378 5352 3389 5364 ·
3489 5352 3501 5363 -
3617 5352 3628 5368 .

2139 5417 2252 5497 U9)
2309 5420 2533 5485 Ixézac'
2567 5421 2717 5478 Alter
2751 5424 2875 5479 C°d°
2913 5428 3153 5497 Οἱκέτίῑὲ,
3185 5447 3363 5488 servos
3400 5434 3662 5492 domesti-

386 5473 539 5526 ribus
594 5473 791 5529 litteris
820 5493 833 5529 :
870 5474 969 5536 τ”ς
1002 5473 1159 5542 ἁγίας
1192 5474 1467 5547 ἀναφορᾶς
1494 5473 1589 5527 τοῦ
1638 5475 1794 5542 ἁγίου
1826 5477 1964 5527 ἀπο-

387 5542 574 5594 στόλου
611 5544 880 5597 Ἀνδοέου.
903 5492 1085 5597 Eum.
1270 5586 1277 5593 .

2097 5473 2173 5539 os.
2200 5473 2275 5543 In.

2139 5559 2251 5597 (Hi

387 5542 574 5616 στολου
602 5544 880 5616 Ἀνδρέου.
911 5542 1085 5616 cum.
1165 5610 1175 5616 _
1214 5612 1227 5616 _
1255 5586 1277 5616 _.

450 5611 536 5688 (8).
571 5615 678 5665 Τοῦ
706 5610 1117 5688 Παρακλήτοςυ.
1148 5610 1466 5688 Αάιίίιρῃλίη
1495 5615 1615 5688 cod.
1649 5614 1809 5688 Vind.
1831 5634 1963 5688 προ-

384 5679 642 5756 ϐολεύς-θῐ
662 5679 941 5756 omittitur
965 5679 1277 5756 Θεόςτὲηιψι
1309 5683 1806 5756 Filiu§_etSpii'ittts
1835 5679 1965 5741 san-

388 5757 513 5817 ctus
539 5751 865 5808 dicebautur
897 5753 1157 5824 προϐολαὶ
1191 5755 1420 5825 Πατρός.
1454 5754 1589 5811 Vide
1609 5751 1777 5817 "Dion.
1806 5756 1967 5819 Pcta-.

2139 5559 2251 5638 (All)
2292 5559 2348 5638 In
2382 5567 2616 5638 utroque
2640 5564 2831 5621 codice
2852 5566 2957 5623 hoc
2985 5578 3153 5638 caput
3181 5572 3515 5638 inscribitur
3537 5579 3662 5636 Χει-

2073 5626 2289 5707 ροθεσία
2315 5631 2411 5707 ἐπὶ
2441 5626 2549 5707 τῷν
2576 5634 3004 5707 ἐνεργουμένων.
3036 5626 3111 5693 In.
3219 5638 3223 5642 ’
3250 5626 3259 5628 ἡ
3284 5626 3381 5643 W1

2088 5710 2093 5715 ·
2143 5698 2253 5769 (l2)
2292 5701 2543 5769 Αὐτούς.
2576 5698 2739 5761 Deest
2772 5698 2828 5762 in
2857 5709 2981 5764 cod.
3020 5709 3179 5767 Vind.
3212 5712 3291 5769 In.
