3886 6190
318 310 459 367 1085

1204 305 1794 365 CONSTlTUTIONES
1828 305 2503 363 APOSTOLICE.—LIB.
2540 308 2677 362 Vlll.

3421 304 3561 362 1086

312 423 519 501 κόσμον
552 426 829 491 ἀναδείξας
859 426 946 479 διὰ
978 427 1236 497 Χριστοῦ,
1272 431 1366 481 καὶ
1400 430 1560 499 νόμον
1591 428 1714 491 δοὺς
1745 427 1894 499 αὐτῷ

1997 429 2258 483 mundum
2277 470 2292 495 ,
2318 430 2433 485 sive
2454 430 2760 484 ornamenti
2791 440 3170 484 ornamentum
3203 425 3445 482 effecisti
3467 443 3564 497 per

311 522 552 591 ἔμφυτον
583 518 676 572 καὶ
701 519 966 589 γραπτὸν,
996 518 1130 589 πρὸς
1162 518 1221 571 τὸ
1262 518 1360 590 ζῇν
1405 519 1565 571 αὐτὸν
1592 518 1890 589 ἐνθέσμως,

310 614 389 675 ὡς
416 610 651 681 λογικόν
676 606 791 663 ’καὶ
821 611 1119 681 ἁμαρτόντι
1164 610 1443 682 ὑποθήκην
1470 612 1593 675 δοὺς
1626 610 1761 682 πρὸς
1795 627 1892 681 με-

306 707 531 781 τάνοιαν
558 704 657 775 τὴν
680 703 876 757 σαυτοῦ
898 703 1226 775 ἀεικαθότητα⁸
1262 702 1411 756 ἔπιδε
1442 704 1534 756 ἐπὶ
1562 705 1689 767 τοὺς
1714 703 1893 756 κεκλι-

312 799 483 861 κότας
512 814 595 849 σοι
629 795 831 866 α-ὗχένα
861 795 1038 865 ψυχῆς
1071 796 1165 850 καὶ
1194 794 1462 866 σώματος’
1494 798 1576 850 ὅτι
1619 797 1679 849 οὐ
1716 796 1892 866 βούλει

313 890 407 943 τὸν
454 888 681 942 θάνατον
708 886 802 940 τοῦ
850 886 1205 960 ἀμαρτωλοῦ,
1238 886 1377 941 ἀλλὰ
1426 888 1525 958 τὴν
1574 888 1891 959 μετάνοιαν,

316 981 457 1035 ὥστε
491 979 832 1050 ἀποστρέψαι
862 979 1024 1033 αὐτὸν
1058 980 1164 1033 ἀπὸ
1192 980 1292 1050 τῆς
1324 980 1443 1034 ὁδοῦ
1476 979 1638 1033 αὑτοῦ
1664 980 1765 1051 τῆς
1794 998 1891 1033 πο-

312 1074 525 1144 νηράς,
576 1073 669 1125 καὶ
718 1071 836 1142 ζῇν.
884 1072 942 1124 '0
975 1072 1269 1125 Νινευῖτῶν
1316 1071 1750 1143 προσδεξάμενος
1792 1073 1891 1143 τὴν

318 1165 625 1236 μετάνοιαν·
654 1166 682 1216 6
712 1162 878 1216 θέλων
913 1163 1122 1227 πάντας
1150 1163 1469 1235 ἀνθρώπους
1511 1164 1771 1234 σωθῆναι,
1801 1166 1893 1217 καὶ

313 1258 397 1319 είς
426 1257 717 1323 ἐπίγνωσιν
747 1254 1002 1327 ἀληθείας
1036 1256 1230 1309 ἐλθεϊψ
1271 1260 1299 1310 6
1329 1257 1422 1310 τὸν
1451 1259 1565 1311 υἱὸν
1595 1257 1892 1330 προσδεξά-

316 1369 498 1422 μενος,
532 1350 623 1403 τὸν
656 1348 1041 1418 καταφαγόντα
1065 1350 1155 1402 τὸν
1187 1348 1299 1419 βίον
1331 1349 1494 1403 αὐτοῦ
1524 1350 1768 1413 ἀσώτως,
1795 1367 1894 1404 πα-

311 1445 523 1515 τρικοῖς
548 1442 894 1512 σπλάγχνοις,
920 1441 1007 1495 διὰ
1036 1442 1134 1512 τὴν
1165 1443 1469 1514 μετάνοιαν·
1502 1443 1661 1505 αὐτὸς
1684 1444 1777 1497 καὶ
1799 1442 1893 1497 νῦν

313 1534 609 1607 πρόσδεξαι
639 1534 748 1588 τῶν
781 1535 974 1588 ἱκετῶν
1008 1552 1101 1587 σου
1136 1536 1234 1607 τὴν
1276 1535 1633 1606 μετάγνωσιν
1669 1536 1751 1589 ὅτι
1793 1537 1894 1590 οὐκ

312 1627 464 1679 ἐστιν
498 1625 555 1690 ὃς
584 1628 682 1697 οὐχ
730 1627 1105 1698 ἀμαρτήσεταί
1138 1644 1251 1681 σοι’
1292 1646 1309 1677 ι
1349 1628 1476 1681 Ἐἀν
1517 1630 1626 1700 γὰρ
1667 1628 1893 1700 ἀνομίας

313 1719 680 1790 παρατηρήσῃ
705 1758 721 1782 ,
752 1719 924 1790 Κύριε
950 1758 965 1782 ,
999 1718 1173 1792 Κύριε
1197 1759 1212 1783 ,
1242 1719 1325 1783 τίς
1357 1721 1721 1792 ὑποστήσεται
1747 1736 1760 1784 ;
1809 1721 1891 1772 ὅτι

314 1809 471 1882 παρά
498 1808 580 1862 σοὶ
612 1813 640 1863 6
675 1810 899 1882 ἱλασμός
936 1811 1075 1866 ἐστι’
1113 1830 1132 1863 ι
1177 1812 1271 1864 καὶ
1300 1812 1752 1882 ἀποκατάστησον
1793 1812 1890 1864 αὺ-

312 1903 443 1963 τοὺς
469 1903 535 1972 τῇ
566 1901 696 1973 ἀγίᾳ
728 1918 823 1955 σου
855 1901 1168 1973 Ἐκκλησία,
1195 1903 1253 1955 ὲν
1278 1906 1345 1975 τῇ
1378 1905 1615 1977 προτέρᾳ
1644 1902 1770 1973 ἀξίᾳ
1803 1908 1896 1960 καὶ

312 1992 471 2064 τιμῇ,
503 1992 591 2046 διά
620 1991 713 2046 τοῦ
746 1981 984 2065 Χριστοῦ
1013 1994 1108 2047 τοῦ
1138 1995 1273 2049 Θεοῦ
1306 1995 1399 2049 καὶ
1432 1997 1685 2070 Σωτῆρος
1712 1998 1891 2070 ήμῶνο

311 2084 381 2138 δι’
396 2075 457 2138 οῦ
471 2103 551 2138 σοι
564 2084 691 2152 δόξα
717 2084 812 2139 καὶ
835 2086 1229 2158 προσκύνησις,
1252 2089 1310 2141 ὲν
1333 2087 1410 2159 τῷ
1435 2088 1572 2159 ἁγίῳ
1593 2090 1893 2163 Πνεῦματι,

313 2177 399 2245 είς
424 2177 551 2241 τοὺς
578 2177 799 2241 αίῶνας.
823 2179 1015 2249 Ἀμήν.
1044 2180 1153 2233 Καὶ
1173 2182 1200 2233 6
1216 2180 1462 2245 διάκονος
1489 2182 1711 2251 λεγέτω·
1744 2186 1900 2238 Ἀπο-

314 2268 509 2322 λύεσθε
537 2271 586 2323 οἱ
620 2273 677 2324 ὲν
712 2272 989 2343 μετανοίᾳ.
1026 2273 1137 2327 Καὶ
1168 2273 1525 2344 προστιθέτω·
1562 2277 1741 2348 Μήτις
1786 2277 1896 2331 τῶν

321 2362 398 2432 μὴ
427 2360 741 2434 δυναμένων
774 2363 1236 2438 προελθέτω(25)’
1276 2366 1390 2420 ὅσοι
1420 2370 1599 2421 πιστοὶ
1619 2368 1753 2440 (24),
1783 2371 1899 2423 κλί-

315 2471 498 2524 νωμεν
525 2453 673 2522 γόνυ”
708 2454 990 2527 δεηθῶμεν
1010 2456 1105 2509 τοῦ
1135 2457 1270 2511 Θεοῦ
1302 2459 1389 2513 διὰ
1418 2459 1508 2513 τοῦ
1540 2462 1776 2533 Χριστοῦ
1800 2464 1897 2517 αὑ-

314 2545 429 2598 τοῦ.
468 2545 673 2609 Πάντες
707 2549 973 2611 συντόνως
1004 2550 1095 2603 τὸν
1128 2549 1260 2603 Θεὸν
1288 2550 1375 2604 διὰ
1402 2551 1495 2605 τοῦ
1529 2554 1765 2625 Χριστοῦ
1797 2556 1895 2608 αὑ-

316 2631 413 2690 τοῦ
449 2639 939 2709 παρακαλέσωμεν.

868 2755 1265 2811 ΚΕΦΑΛΑΙΟΝ
1299 2760 1353 2811 I'.

593 2846 1033 2915 Προσφώνησις
1059 2848 1211 2918 ὑπὲρ
1240 2849 1357 2905 τῶν
1380 2851 1628 2907 πιστῶν.

402 2933 572 3009 Ὑπὲρ
598 2938 698 3007 τῆς
725 2939 948 3009 εἰρήνης
977 2941 1071 2993 καὶ
1095 2941 1197 3010 τῆς
1224 2942 1540 3007 εὐσταθείας
1570 2944 1663 2997 τοῦ
1695 2946 1898 3019 κόσμου

319 3026 414 3081 καί
441 3027 551 3081 τῶν
593 3030 763 3098 ἁγίων
796 3030 1136 3101 Ἐκκλησιῶν
1184 3031 1489 3105 δεηθῶμεν,
1523 3037 1671 3101 ὅπως
1719 3040 1749 3092 6
1791 3038 1899 3093 τῶν

1993 521 2295 587 Christum,
2326 532 2379 579 et
2410 524 2580 594 legem
2608 524 2659 576 ei
2690 522 2885 577 dedisti
2916 521 3157 575 innatam
3207 530 3260 575 et
3280 519 3561 589 scriptam,

1992 622 2054 669 nt
2080 616 2319 685 legitime
2348 616 2575 679 viveret,
2600 622 2857 684 tanquam
2882 613 3095 667 ratione
3125 611 3413 681 praeditus;
3443 610 3564 678 qui-

1993 724 2100 779 que
2124 709 2173 764 ei
2200 716 2488 778 postquam
2512 708 2777 779 peccavit,
2804 705 3042 760 tribuisti
3067 704 3360 757 bonitatem
3390 710 3561 764 tuam,

1992 801 2408 856 incitamentum
2447 801 2511 854 ad
2543 800 2923 871 pmnitentiam
2951 817 2965 852 :
2999 797 3212 867 respice
3252 796 3307 849 in
3345 810 3440 849 eos
3471 794 3563 863 qui

1993 895 2261 949 cervicem
2284 895 2479 949 anima:
2503 902 2557 949 et
2577 892 2824 963 corporis
2846 889 3249 945 inclinaverunt
3267 888 3368 941 tibi
3398 903 3410 939 :
3437 887 3562 955 quia

1993 1003 2103 1042 non
2134 987 2218 1041 vis
2249 993 2479 1041 mortem
2528 986 2867 1055 peccatoris,
2906 983 3001 1038 sed
3046 980 3457 1050 pmnitentiam;
3507 986 3565 1031 ut

1982 1076 2206 1139 avertat
2233 1095 2292 1134 se
2332 1094 2361 1132 a
2397 1079 2484 1133 via
2516 1094 2615 1132 sua
2644 1077 2870 1139 mala,et
2900 1076 3047 1129 vivat
3067 1075 3133 1128 '“.
3166 1073 3272 1139 Qui
3297 1071 3566 1126 Ninivita-

1993 1190 2116 1228 rum
2147 1172 2528 1242 poenitentiam
2560 1170 2814 1239 recepisti
2836 1169 2912 1235 7';
2946 1168 3040 1238 qui
3062 1168 3146 1221 vis
3177 1181 3368 1220 omnes
3391 1164 3567 1218 homi—

1993 1282 2092 1321 nes
2119 1266 2299 1321 salvos
2323 1263 2460 1325 ﬁeri,
2483 1270 2538 1317 et
2566 1263 2630 1317 ad
2664 1262 2992 1332 agnitionem
3014 1260 3263 1313 veritatis
3284 1257 3471 1311 venire
3488 1257 3563 1325 '3;

1994 1357 2089 1429 qui
2121 1357 2361 1427 paternis
2398 1355 2701 1410 visceribus
2732 1350 3023 1421 suscepisti
3054 1349 3222 1403 ﬁlium
3256 1349 3410 1402 illum
3430 1387 3445 1413 ,
3471 1349 3567 1413 bo-

1993 1464 2188 1504 norum
2220 1456 2468 1502 suorum
2511 1446 2854 1500 decoctorem
2898 1443 3186 1513 prodigum
3223 1454 3287 1494 ac
3322 1439 3568 1493 luxurio-

1994 1557 2138 1605 sum,
2157 1540 2300 1611 quod
2326 1553 2449 1594 eum
2482 1538 2772 1608 paeniteret
2794 1534 2920 1589 facti
2937 1535 3011 1587 τις
3040 1534 3157 1603 ipse
3179 1547 3326 1586 nunc
3351 1545 3569 1602 quoque

1994 1634 2181 1704 accipe
2225 1632 2531 1701 supplicum
2575 1638 2792 1683 tuorum
2840 1626 3252 1698 pmnitentiam;
3290 1625 3418 1695 quia
3456 1638 3567 1677 non

1994 1734 2078 1783 est
2104 1726 2199 1798 qui
2230 1742 2340 1780 non
2363 1733 2550 1796 peccet
2579 1724 2675 1777 tibi
2696 1722 2744 1753 ⁷⁵
2778 1741 2791 1775 :
2834 1740 2853 1772 ι
2883 1718 2940 1774 Si
2958 1722 3102 1775 enim
3137 1719 3454 1788 iniquitates
3469 1717 3569 1771 ob-

1996 1820 2322 1882 servaveris,
2356 1817 2604 1880 Domine,
2639 1814 2887 1880 Domine,
2912 1812 3038 1883 quis
3069 1810 3399 1867 sustinebit?
3429 1824 3567 1878 quo-

1996 1914 2147 1968 niam
2187 1911 2330 1982 apud
2367 1917 2419 1965 te
2460 1908 2773 1980 propitiatio
2816 1911 2900 1963 est
2921 1906 2998 1972 1‘;
3029 1923 3048 1957 ι
3078 1910 3133 1958 et
3173 1903 3400 1959 restitue
3442 1903 3567 1959 illos

1996 2011 2200 2062 sancta:
2226 1985 2486 2060 Ecclesiae
2509 2010 2638 2065 tuae,
2672 2000 2727 2054 in
2759 2001 2997 2069 priorem
3022 1997 3346 2067 dignitatem
3375 2010 3439 2053 ac
3470 1995 3568 2049 ho-

1994 2111 2207 2161 norem,
2228 2110 2325 2167 per
2344 2093 2621 2149 Christum
2643 2092 2813 2147 Deum
2837 2106 2900 2145 ac
2924 2088 3257 2144 Salvatorem
3284 2094 3569 2154 nostrum;

1995 2205 2094 2260 per
2119 2203 2280 2258 quem
2309 2187 2403 2241 tibi
2429 2186 2603 2257 gloria
2647 2192 2700 2241 et
2728 2182 2996 2247 aderatio,
3032 2182 3087 2235 in
3115 2187 3308 2235 sancto
3333 2177 3568 2249 Spiritu,

1994 2283 2051 2335 in
2100 2280 2319 2335 saecula.
2365 2279 2559 2333 Amen.
2608 2276 2674 2330 Et
2723 2276 2991 2331 diaconus
3030 2274 3178 2329 dicat
3216 2290 3231 2327 :
3264 2272 3444 2334 Abite,
3473 2270 3569 2341 qui

1995 2378 2130 2429 estis
2159 2373 2214 2425 in
2247 2370 2589 2442 poenitentia.
2623 2367 2690 2421 Et
2715 2367 2877 2422 addat
2903 2386 2916 2422 :
2948 2365 3120 2422 Nemo
3151 2380 3340 2421 eorum
3366 2364 3569 2434 quibus

1994 2479 2106 2519 non
2134 2464 2282 2528 licet,
2311 2471 2489 2517 exeat.
2519 2459 2623 2527 Qui
2649 2460 2835 2515 ﬁdeles
2860 2474 3073 2523 sumus,
3100 2456 3383 2513 ﬂectamus
3404 2470 3566 2526 genu.

1982 2552 2291 2610 ‘Precemur
2316 2553 2485 2609 Deum
2510 2568 2606 2622 per
2627 2552 2906 2607 Christum
2925 2551 3066 2620 ejus.
3091 2548 3295 2604 Omnes
3316 2553 3572 2604 contente

1996 2647 2167 2704 Deum
2196 2662 2292 2719 per
2319 2644 2603 2701 Christum
2630 2645 2751 2716 ejus
2783 2644 3141 2713 appellemus.

2610 2757 2840 2813 CAPUT
2884 2755 2951 2811 X.

2492 2851 2679 2907 Oratio
2705 2866 2798 2918 pro
2830 2847 3094 2918 ﬁdelibus.

2065 2945 2173 3002 Pro
2195 2960 2329 3016 pace
2354 2953 2407 3000 et
2431 2944 2826 3015 tranquillitate
2850 2941 3039 2995 mundi
3069 2946 3231 3009 atque
3255 2944 3571 2993 sanctarum

1998 3039 2367 3095 Ecclesiarum
2401 3052 2651 3104 oremus,
2688 3045 2747 3090 ut
2775 3035 2919 3091 Deus
2950 3033 3346 3097 universitatis,
3380 3046 3546 3101 perpe

320 3120 457 3173 ὅλων
480 3120 612 3185 Θεὸς
635 3122 807 3176 ἀΐδιον
831 3123 925 3177 καὶ
944 3124 1302 3196 ἀναφαίρετον
1325 3127 1425 3199 τὴν
1447 3130 1641 3183 ἑαυτοῦ
1672 3132 1895 3204 εἰρήνην

2001 3145 2150 3188 tuam
2200 3140 2254 3187 et
2305 3131 2558 3187 stabilem
2609 3144 2766 3185 suam
2802 3143 2993 3199 pacem
3037 3126 3197 3182 nobis
3248 3126 3478 3189 tribuat;
3511 3131 3570 3178 ut

319 3216 452 3286 ἡμῖν
489 3215 848 3286 παράσχοιτο,
880 3216 967 3270 ἴνα
998 3218 1057 3271 ὲν
1085 3217 1428 3292 πληροφορίᾳ
1455 3221 1553 3293 τῆς
1585 3225 1704 3276 κατ’
1738 3224 1893 3277 εὐσέ-

320 3305 471 3360 ϐειαν
518 3308 722 3378 ἀρετῆς
767 3308 1143 3373 διατελοῦντας
1186 3313 1335 3382 ἡμᾶς
1387 3316 1718 3387 συντηρήσῃ·
1754 3316 1896 3388 ὑπὲρ

317 3398 419 3468 τῆς
443 3399 603 3467 ἁγίας
628 3400 924 3471 καθολικῆς
951 3403 1045 3454 καὶ
1067 3402 1429 3475 ἀποπολικῆς
1451 3407 1775 3479 Ἐκκλησίας
1796 3410 1897 3481 τῆς

318 3490 427 3547 ἀπὸ
451 3491 702 3562 περάτων
726 3492 833 3556 ἕως
860 3493 1113 3565 περάτων
1134 3494 1430 3568 δεηθῶμεν·
1461 3497 1607 3562 ὅπως
1634 3502 1663 3553 6
1693 3501 1897 3572 Κύριος

318 3583 567 3643 ἄσειστον
592 3585 762 3655 αὐτὴν
787 3585 883 3638 καὶ
911 3586 1302 3642 ἀκλυδώνιστον
1332 3590 1630 3665 διαφυλάξῃ
1661 3596 1753 3649 καὶ
1781 3597 1897 3650 δια-

318 3674 531 3747 τηρήσῃ
580 3677 741 3748 μέχρι
772 3678 871 3748 τῆς
920 3679 1226 3744 συντελείας
1265 3682 1359 3735 τοῦ
1406 3684 1621 3749 αίῶνος,
1667 3687 1894 3759 τεθεμε-

318 3765 589 3839 λιωμὲνην
609 3770 703 3821 ἐπὶ
726 3769 826 3840 τὴν
851 3771 1071 3843 πέτραν.
1097 3774 1208 3826 Καὶ
1230 3774 1369 3846 ὑπὲρ
1396 3776 1496 3846 τῆς
1523 3778 1708 3833 ἐνθάδε
1738 3782 1897 3849 ἁγίας

319 3861 612 3929 παροικίας
660 3861 957 3933 δεηθῶμεν·
991 3865 1138 3928 ὅπως
1183 3866 1493 3940 καταξιὼσῃ
1526 3872 1674 3941 ἡμᾶς
1715 3874 1743 3925 6
1788 3874 1895 3927 τῶν

318 3951 454 4004 ὅλων
486 3953 689 4023 Κύριος
720 3954 1012 4019 ἀνενδότως
1040 3956 1139 4027 τὴν
1168 3957 1487 4029 ἐπουράνιον
1516 3963 1680 4017 αὑτοῦ
1709 3964 1897 4020 ἐλπίδα

318 4043 698 4113 μεταδιώκειν,
729 4046 822 4098 καὶ
851 4046 1190 4102 ἀδιάλειπτον
1212 4050 1360 4121 αὐτῷ
1385 4052 1486 4122 τῆς
1504 4053 1740 4125 δεήσεως
1759 4058 1895 4111 ἀπο-

318 4134 515 4188 διδόναι
562 4136 657 4207 τὴν
697 4137 936 4209 ὀφειλήν.
1002 4141 1173 4213 ’Υπὲρ
1220 4144 1401 4215 πάσης
1446 4147 1753 4219 ἐπισκοπῆς
1797 4151 1896 4221 τῆς

321 4226 425 4280 ὑπὸ
458 4228 550 4281 τὸν
593 4230 821 4302 οὐρανὸν
864 4231 975 4285 τῶν
1005 4232 1445 4305 όρθοτομούντων
1488 4239 1580 4293 τὸν
1609 4240 1764 4310 λόγον
1795 4244 1897 4314 τῆς

322 4319 421 4388 σῆς
439 4321 693 4392 ἀληθείας
708 4323 1004 4394 δεηθῶμεν’
1028 4325 1122 4379 καὶ
1144 4326 1283 4399 ὑπὲρ
1305 4328 1399 4381 τοῦ
1419 4331 1717 4386 ἐπισκόπου
1738 4336 1896 4405 ἡμῶν

332 4407 586 4467 Ἰακώϐου
630 4415 862 4468 καὶτῶν
902 4417 1204 4488 παροικιῶν
1243 4420 1406 4474 αὑτοῦ
1453 4422 1733 4497 δεηθῶμεν
1758 4428 1891 4499 (25)”

390 4574 435 4604 ⁷⁸
472 4572 671 4655 Ezech.
707 4576 854 4646 xvmj
879 4585 932 4632 et
970 4594 1166 4633 χχχιιι.
1242 4581 1287 4612 ⁷³
1325 4579 1448 4637 Jon.
1494 4600 1577 4639 Ill.
1653 4589 1698 4619 ⁷³
1737 4586 1757 4639 l
1792 4587 1910 4643 Tim

1997 4606 2038 4655 l,
2072 4590 2127 4644 4.
2202 4592 2249 4623 ⁷⁸
2288 4588 2420 4643 Luc.
2478 4603 2566 4641 xv.
2643 4585 2688 4618 ⁷⁸
2713 4584 2779 4639 Ill
2819 4582 2952 4651 Reg.
2986 4594 3105 4644 vnl,
3132 4576 3225 4632 46.

325 4660 515 4708 cxxrx,
549 4645 602 4700 5.

1995 3240 2098 3281 nos
2136 3232 2423 3281 conservet
2460 3230 2877 3293 perseverantes
2908 3223 2962 3276 in
2996 3218 3332 3291 plenitudine
3371 3220 3472 3287 pia:
3506 3234 3573 3273 ac

1995 3321 2266 3391 religiosa:
2287 3317 2529 3373 virtutis.
2551 3314 2659 3370 Pro
2681 3322 2872 3370 sancta
2894 3312 3165 3367 catholica
3196 3319 3249 3364 et
3270 3310 3570 3380 apostolica

1996 3414 2267 3477 Ecclesia,
2295 3428 2325 3465 a
2356 3410 2557 3465 ﬁnibus
2581 3424 2757 3478 usque
2785 3407 2851 3461 ad
2880 3406 3014 3461 ﬁnes
3048 3412 3292 3466 extensa,
3317 3418 3566 3469 oremus;

1996 3512 2057 3559 ut
2086 3504 2349 3560 Dominus
2377 3518 2497 3557 eam
2527 3502 2912 3555 inconcussam
2947 3506 3002 3553 et
3035 3497 3293 3552 ﬂuctibus
3317 3512 3424 3549 non
3455 3497 3570 3566 agi—

1998 3604 2165 3652 tatam
2196 3602 2484 3650 conservet
2520 3601 2684 3663 atque
2723 3600 2964 3656 tueatur,
3006 3606 3179 3659 usque
3209 3588 3276 3644 ad
3312 3604 3570 3643 consum-

1997 3689 2290 3743 mationem
2323 3686 2511 3743 saeculi
2534 3728 2548 3750 ,
2580 3685 2865 3740 fundatam
2899 3697 3064 3753 super
3094 3688 3321 3751 petram.
3361 3680 3426 3733 Et
3470 3694 3570 3748 pro

1999 3788 2191 3835 sancta
2214 3780 2314 3834 hac
2334 3780 2568 3851 parcecia
2600 3793 2822 3833 oremus
2837 3815 2854 3842 ,
2876 3783 2937 3829 ut
2960 3782 3281 3830 cunctorum
3306 3773 3571 3827 Dominus

1998 3873 2160 3929 nobis
2206 3872 2374 3927 donet
2415 3871 2722 3926 consectari
2761 3872 2881 3925 sine
2921 3868 3243 3923 remissione
3287 3866 3568 3920 cmlestem

1998 3966 2173 4036 ipsius
2204 3981 2354 4036 spem
2381 4005 2396 4029 ,
2427 3975 2480 4020 et
2511 3964 2737 4019 reddere
2775 3963 2878 4032 ipsi
2911 3960 3195 4016 assiduum
3236 3957 3568 4029 precationis

1997 4059 2260 4115 debitum.
2293 4058 2402 4112 Pro
2431 4058 2687 4113 universo
2722 4057 2826 4111 sub
2861 4053 3018 4109 cmlis
3050 4052 3319 4107 existente
3357 4050 3570 4125 episco-

1999 4163 2127 4221 patu
2157 4167 2370 4215 eorum,
2401 4151 2495 4221 qui
2531 4157 2679 4204 recte
2706 4147 3036 4217 dispertiunt
3064 4145 3291 4201 verbum
3322 4141 3567 4197 veritatis

1997 4252 2126 4309 tuaa,
2171 4259 2392 4298 oremus
2425 4262 2437 4297 :
2471 4250 2525 4296 et
2567 4257 2667 4312 pro
2714 4241 2971 4309 episcopo
3021 4245 3210 4291 nostro
3255 4233 3459 4288 Jacobo
3502 4248 3567 4287 ac

1997 4337 2252 4409 parmciis
2296 4336 2415 4405 ejus
2455 4349 2675 4388 oremus
2720 4350 2733 4386 :
2779 4346 2876 4400 pro
2914 4329 3172 4399 episcopo
3211 4334 3402 4380 nostro
3444 4324 3565 4378 Cle-

1998 4436 2179 4485 mente
2199 4443 2261 4482 ac
2282 4427 2540 4498 parmciis
2558 4424 2677 4494 ejus
2698 4436 2918 4478 oremus
2941 4437 2952 4470 :
2970 4434 3069 4490 pro
3090 4419 3346 4487 episcopo
3378 4424 3567 4471 nostro

3325 4576 3372 4607 ’⁷⁸
3411 4573 3557 4633 Psal.

1650 4806 2012 4866 VARIORUM
2046 4808 2279 4864 NOTAE.

395 4968 506 5039 (2'5)
542 4967 636 5035 Μή
665 4986 753 5035 τις
781 4968 899 5022 τῶν
921 4969 1007 5039 μὴ
1043 4969 1389 5040 δυναμένων
1411 4971 1759 5039 προελθέτω.
1802 4970 1891 5026 ln-
1921 4975 1966 5030 D

324 5050 537 5110 terpres
560 5040 759 5094 Bovius
782 5040 985 5112 legisse
1013 5041 1227 5112 videtur
1265 5043 1627 5112 προσελθέτω.
1666 5040 1886 5107 Nullus,

327 5109 524 5181 inquit,
564 5125 628 5164 ea:
674 5109 953 5181 prohibitis
983 5111 1217 5181 accedat.
1246 5109 1378 5178 Quae
1407 5113 1633 5181 scriptio
1680 5129 1887 5181 nequa-

680 5180 978 5250 pernanda.
1014 5180 1127 5234 Lib.
1152 5197 1215 5244 ιι,
1239 5198 1359 5251 cap.
1385 5184 1454 5237 57
1477 5202 1490 5238 :
1524 5180 1890 5251 φυλαττέσθω-

327 5250 593 5333 σανρὲ-αί
621 5250 802 5333 θύραι,
837 5251 908 5327 μή
938 5268 1021 5333 τις
1041 5252 1263 5333 ἄπιστος
1280 5250 1597 5333 εἰσέλθοι,-ἢ
1623 5251 1885 5333 (iugum-0;;

324 5328 381 5375 et
414 5321 487 5374 lib
512 5321 615 5389 hoc
648 5321 772 5382 ult.,
796 5324 921 5389 cap.
952 5321 1013 5374 H
1047 5336 1060 5371 :
1095 5322 1159 5373 υί
1191 5321 1246 5374 δὲ
1276 5322 1509 5375 διάκονοι
1547 5321 1888 5375 ἱστάσθώσαν

325 5394 407 5473 είς
431 5391 529 5472 τὰς
554 5388 663 5443 τῶν
695 5388 1154 5473 ἀνδρὶιῖὶνηθόρας3
1189 5392 1280 5444 καὶ
1312 5391 1757 5473 ,οξηρποδιάκονοι
1807 5394 1888 5455 εἰς

325 5462 426 5523 τὰς
451 5460 564 5532 τῶν
588 5460 877 5529 γυναικῶν*
912 5460 1059 5532 ὅπως
1089 5462 1161 5532 μή
1194 5479 1280 5525 τις
1308 5462 1530 5528 ἐξέλθοι.
1576 5460 1717 5532 Lege
1760 5476 1881 5516 can.

329 5478 426 5523 τας
451 5478 560 5513 των
588 5478 877 5529 γυναικων·
912 5478 1059 5524 οπως
1130 5478 1161 5529 η
1194 5479 1280 5525 τις
1308 5478 1333 5514 ε

329 5538 502 5601 apost.
540 5531 595 5593 9,
624 5538 678 5585 et
706 5545 870 5600 supra
899 5530 967 5601 ad
989 5478 1170 5601 ιιι-ξιξ.
1202 5533 1338 5601 cor.

391 5601 504 5671 (ει)
537 5602 714 5655 Ὅσοι
754 5595 983 5671 πιστοί.
1031 5595 1148 5671 Non
1197 5599 1372 5671 solum
1418 5599 1633 5653 diaconi
1672 5613 1727 5655 et
1765 5603 1893 5657 sub-

326 5198 490 5251 quam
510 5188 595 5235 est
616 5194 677 5251 as

2067 4972 2180 5042 (25)
2224 4971 2402 5040 Ὑπὲρ
2430 4971 2535 5026 τοῦ
2564 4970 2899 5042 ἐπισκόπου
2930 4969 3430 5042 ἡμῶνρακώᾷου,
3455 4979 3561 5026 etc.

1995 5038 2098 5098 Per
2129 5038 2471 5097 occasionem
2505 5044 2722 5110 corrigo
2762 5038 3073 5110 Simeonem
3108 5038 3561 5093 Thessalonicen-

1997 5130 2109 5167 sem
2142 5129 2262 5182 cap.
2290 5113 2323 5167 6
2366 5112 2489 5166 libri
2525 5111 2600 5165 De
2629 5109 3240 5182 sderisprdinqtioﬁbua;
3274 5129 3291 5161 :
3323 5110 3429 5182 Καὶ
3454 5110 3561 5182 τῶν

1997 5178 2257 5266 βασιλέων
2290 5182 2562 5266 μνησθεὶς,
2587 5182 2663 5266 ti);
2691 5179 2919 5266 ἐκδίκων
2950 5180 3051 5248 τῆς
3088 5178 3433 5266 ξΕκκλησ-ίας,
3465 5181 3562 5266 καὶ

1992 5247 2089 5305 τοῦ
2118 5247 2564 5324 ἀρχιεπισκόπου,
2590 5251 2666 5324 ᾡς
2692 5247 3068 5324 ποιμαίνοντος
3085 5250 3141 5301 ἑν
3163 5247 3401 5324 Χριστῷ,
3430 5257 3558 5324 etc.,

1995 5324 2087 5377 ubi
2118 5317 2468 5377 doctissimus
2507 5321 2749 5376 Morinus
2777 5317 2967 5381 edidit,
3012 5319 3087 5381 ὡς
3116 5317 3289 5387 πηνὴν
3320 5317 3469 5380 ὄντος
3501 5319 3561 5370 ἐν

1993 5392 2249 5464 Χριστῷι
2288 5394 2591 5464 vertitque,
2641 5390 3019 5464 imperamruni
3050 5404 3249 5464 quoque
3289 5389 3557 5464 augmina,

1994 5447 2057 5515 ut.
2072 5447 2321 5519 Ecclesia
2341 5447 2768 5531 defensorumfet
2791 5447 3185 5531 archiepiscopi,
3208 5466 3263 5531 ut
3280 5460 3331 5531 in
3348 5456 3561 5512 Christo

1992 5534 2269 5602 pauperis,
2296 5527 2525 5603 legendo
2556 5532 2801 5603 πένητος.
2838 5530 2993 5594 Quod
3027 5536 3206 5603 autem
3241 5527 3331 5580 hic
3369 5534 3560 5603 oratur

1992 5598 2107 5674 pro
2138 5598 2416 5658 senectute
2478 5598 2770 5674 episcopi,_
2795 5614 3018 5674 cernere
3065 5598 3226 5651 etiam
3257 5605 3359 5674 _est
3412 5598 3556 5674 apud

320 5667 535 5752 diaconi
570 5672 645 5752 ita
681 5670 949 5752 edicunt":
986 5669 1131 5752 quod
1162 5669 1511 5752 observatum
1547 5671 1891 5752 multis_;_sed
1987 5667 2436 5752 Chrysostomum
2452 5667 2644 5729 homil.
2668 5667 2703 5725 Ξ
2732 5669 2806 5725 De
2825 5668 3193 5738 prophetarum
3216 5667 3563 5737 obscuritate,

321 5743 483 5818 etiam
510 5742 763 5818 lectores,
796 5741 848 5793 in
872 5739 1214 5818 _Eu_cholegio
1258 5738 1737 5818 Attatianohapud
1772 5741 1920 5817 Mo-p
1986 5738 2117 5799 tom:
2154 5743 2240 5799 lll.
2276 5743 2351 5807 In.

322 5814 503 5877 riuum
540 5812 613 5867 De
650 5809 1069 5875 ordinationibus
1095 5809 1416 5872 (hircorum,
1442 5826 1493 5877 ι).
1531 5810 1647 5872 106.
1671 5814 1746 5881 In.
