3886 6190
388 307 533 369 1087

1260 303 1319 361 S.
1360 303 1752 361 CLEMENTIS
1788 304 1809 359 l
1847 300 2015 358 ROM.
2057 300 2259 360 PONT.
2298 294 2531 361 OPERA
2557 303 2785 362 DUBIA.

3481 308 3635 365 £088

383 421 590 480 Evodio
634 426 688 478 et
734 417 990 490 parteciis
1039 418 1160 490 ejus
1206 434 1428 475 oremus
1469 439 1481 474 :
1522 426 1580 473 ut
1638 421 1954 476 misericors

2058 420 2198 493 ὑπὲρ
2229 420 2321 474 τοῦ
2353 422 2650 477 ἐπισκόπου
2679 426 2712 496 ἡ
2722 422 2837 494 μῶν
2855 421 3169 495 Κλήμεντος
3188 422 3283 477 καὶ
3302 421 3411 477 τῶν
3434 439 3646 495 παροι-

382 514 527 572 Deus
558 515 681 570 illos
711 511 975 568 Ecclesiis
1000 512 1207 568 sanctis
1237 514 1353 568 suis
1376 520 1597 582 praestet
1620 514 1951 582 incolumes,

381 606 711 674 honoratos,
754 605 1058 675 longaevos,
1104 612 1159 661 et
1206 606 1443 675 prazbeat
1494 607 1576 661 eis
1631 607 1952 664 honoratam

380 704 718 755 senectutem
750 697 803 751 in
842 699 1043 768 pietate
1076 712 1139 753 ac
1165 698 1401 768 iustitia.
1459 698 1635 753 Etiam
1683 716 1782 770 pro
1830 717 1955 779 pre-

379 791 616 861 sbyteris
645 791 848 846 nostris
880 806 1102 846 oremus
1127 829 1143 855 ,
1191 798 1251 846 ut
1303 791 1567 847 Dominus
1598 793 1793 848 liberet
1826 794 1950 851 illos

377 885 447 939 ab
478 885 625 938 oumi
655 885 799 954 turpi
845 898 911 939 ac
952 898 1120 953 prava
1154 898 1242 951 re,
1276 893 1329 939 et
1364 885 1628 939 concedat
1658 885 1767 941 ιιιίε
1805 886 1948 941 inte-

376 992 533 1048 grum
586 985 641 1033 et
693 982 1021 1039 honoratum
1072 979 1496 1050 presbyterium.
1546 978 1653 1041 Pro
1694 980 1952 1037 universo

374 1072 582 1126 Christi
618 1071 871 1127 diaeonio
930 1088 995 1127 ac
1042 1073 1352 1129 ministerio
1404 1089 1665 1140 oremus,
1730 1080 1790 1127 ut
1847 1072 1953 1130 Do-

375 1164 559 1219 minus
597 1164 933 1235 inculpatam
971 1166 1105 1237 ipsis
1152 1168 1419 1238 largiatur
1462 1166 1946 1222 ministrationem.

372 1253 482 1309 Pro
547 1256 886 1322 lectoribus,
945 1260 1305 1323 cantoribus,
1362 1259 1710 1330 virginibus,
1771 1259 1950 1316 viduis

372 1356 427 1404 et
454 1349 672 1419 pupillis
704 1365 926 1406 oremus
971 1367 985 1404 :
1026 1367 1125 1421 pro
1154 1352 1221 1414 iis
1250 1352 1343 1422 qui
1392 1353 1447 1407 in
1497 1351 1848 1407 matrimonio
1896 1361 1949 1408 et

373 1441 672 1500 liberorum
714 1443 1096 1515 procreatione
1124 1444 1336 1511 vivunt,
1363 1459 1608 1509 oremus,
1659 1451 1720 1501 ut
1760 1443 1947 1499 Domi-

372 1555 478 1594 nus
508 1540 833 1595 misereatur
879 1555 1068 1595 eorum
1123 1537 1387 1598 omnium.
1443 1535 1552 1591 Pro
1580 1537 1849 1593 eunuchis
1892 1537 1948 1594 in

370 1634 658 1688 sanctitate
689 1633 1092 1693 ambulantibus
1145 1646 1386 1686 oremus.
1438 1627 1547 1687 Pro
1581 1629 1649 1686 iis
1691 1629 1785 1700 qui
1814 1644 1918 1685 con

368 1723 635 1779 tinentem
664 1731 719 1780 et
747 1724 1059 1795 religiosam
1107 1732 1274 1793 agunt
1313 1723 1501 1793 vitam,
1538 1738 1780 1779 oremus.
1839 1720 1947 1777 Pro

367 1814 438 1869 iis
462 1814 555 1885 qui
602 1814 657 1868 in
706 1825 895 1869 sancta
950 1811 1195 1871 Ecclesia
1231 1814 1536 1869 oblationes
1592 1814 1823 1879 faciunt,
1879 1827 1944 1868 ac

366 1907 743 1977 eleemosynas
772 1906 1104 1977 pauperibus
1133 1906 1286 1971 dant,
1328 1921 1589 1963 oremus:
1653 1915 1708 1962 et
1740 1921 1841 1978 pro
1875 1906 1943 1964 iis

366 1998 461 2069 qui
509 1996 739 2051 Domino
764 1996 873 2053 Deo
900 2008 1088 2053 nostro
1126 1998 1340 2053 hostias
1379 2006 1434 2055 et
1490 1999 1759 2070 primitias
1807 1998 1943 2057 olfe-

366 2096 515 2155 runt,
548 2103 768 2144 oremus
792 2128 809 2153 ,
864 2096 925 2143 ut
972 2088 1118 2144 Deus
1149 2089 1390 2161 optimus
1442 2097 1823 2154 remuneretur
1847 2106 1943 2148 eos

365 2182 682 2239 cmlestibus
714 2182 829 2237 suis
858 2182 1053 2252 gratiis
1076 2221 1092 2246 ,
1124 2180 1323 2253 detque
1354 2181 1423 2237 iis
1454 2180 1510 2236 in
1538 2183 1791 2254 praesenti
1817 2196 1945 2239 cen-

368 2274 605 2344 tuplum,
641 2284 696 2329 et
721 2274 774 2328 in
804 2272 988 2330 futuro
1014 2273 1182 2330 vitam
1226 2281 1529 2343 aeternam;
1574 2281 1739 2345 atque
1779 2273 1945 2330 donet

370 2364 509 2437 ipsis
540 2381 640 2437 pro
678 2366 1024 2437 temporariis
1056 2376 1289 2432 aeterna,
1338 2381 1439 2437 pro
1486 2368 1725 2431 terrenis,
1774 2368 1941 2424 coele-

367 2458 477 2514 stia
507 2459 578 2514 "".
611 2454 844 2514 Oremus
869 2474 968 2529 pro
994 2474 1189 2515 recens
1218 2459 1510 2530 baptizatis
1550 2460 1813 2516 fratribus
1844 2475 1942 2515 no-

362 2551 497 2613 stris
516 2594 530 2618 ,
556 2558 617 2604 ut
644 2549 906 2607 DominUs
928 2566 1025 2607 eos
1054 2550 1296 2607 stabiliat
1315 2566 1381 2606 ac
1402 2550 1600 2606 ﬁrmet.
1624 2550 1731 2607 Pro
1758 2551 1941 2607 fratri-

366 2641 472 2697 bus
495 2641 700 2696 nostris
718 2641 861 2695 mala
890 2641 1197 2697 valetudine
1218 2641 1432 2699 allictis
1460 2656 1715 2711 oremus;
1746 2650 1805 2698 ut
1835 2642 1939 2699 Do-

365 2733 548 2788 minus
577 2731 770 2787 liberet
799 2731 923 2787 illos
973 2731 1122 2786 omni
1153 2732 1345 2787 morbo
1390 2742 1443 2788 et
1474 2734 1622 2787 omni
1655 2734 1933 2805 languore,

363 2836 640 2892 sanosque
669 2821 924 2876 restituat
953 2830 1158 2878 sancta:
1182 2838 1296 2878 sua:
1335 2821 1613 2879 Ecclesiae.
1642 2823 1749 2881 Pro
1782 2824 1936 2880 navi-

359 2914 615 2996 gantibus
645 2929 709 2969 ac
737 2914 841 2968 iter
885 2913 1217 2971 habentibus
1246 2929 1486 2972 oremus.
1518 2914 1626 2971 Pro
1656 2917 1725 2973 iis
1754 2917 1847 2989 qui
1878 2918 1935 2974 in

359 3008 615 3071 metallis,
648 3006 883 3072 exsiliis,
916 3006 1186 3062 custodiis
1213 3014 1268 3063 et
1296 3008 1557 3074 vinculis,
1583 3018 1806 3081 propter
1834 3028 1934 3067 no-

2061 515 2194 570 κιῶν
2236 516 2401 569 αὐτοῦ
2453 516 2751 589 δεηθῶμεν·
2800 516 2941 587 ὑπὲρ
2988 515 3083 568 τοῦ
3126 514 3423 568 ἐπισκόπου
3468 511 3644 586 ἡμῶν

2059 608 2277 661 Εὐοδίου
2316 608 2427 679 (26)
2476 608 2569 661 καὶ
2612 608 2721 661 τῶν
2768 606 3068 678 παροικιῶν
3114 605 3277 662 αὐτοῦ
3323 605 3638 678 δεηθῶμεν·

2057 700 2205 765 ὅπως
2230 702 2258 754 6
2284 701 2580 771 οίκτίρμων
2607 699 2739 763 Θεὸς
2761 700 3053 771 χαρίσηται
3080 699 3275 762 αὐτοὺς
3292 700 3413 761 ταῖς
3444 699 3643 766 ἁγίαις

2056 791 2218 847 αὐτοῦ
2274 792 2622 865 Ἐκκλησίαις
2682 791 2890 857 σώους,
2950 791 3240 863 ἐντίμους,
3305 808 3637 863 μακροημε-

2058 883 2331 956 ρεύοντας·
2367 885 2460 937 καὶ
2498 885 2678 955 τίμιον
2727 885 2910 948 αὐτοῖς
2954 883 3015 937 τὸ
3056 883 3233 955 γῆρας
3271 883 3638 953 παράσχηται

2054 976 2113 1039 ἐν
2149 974 2398 1047 εὐσεϐείᾳ
2443 976 2536 1031 καὶ
2580 976 2910 1047 δικαιοσύνῃ·
2942 976 3036 1029 καὶ
3071 975 3211 1048 ὑπὲρ
3240 975 3350 1029 τῶν
3381 974 3635 1047 πρεσϐυ-

2052 1066 2226 1139 τέρων
2254 1067 2412 1139 ἡμῶν
2442 1067 2739 1140 δεηθῶμεν·
2773 1068 2921 1131 ὅπως
2944 1070 2973 1122 6
3002 1067 3204 1140 Κύριος
3244 1068 3474 1139 ρύσηται
3522 1067 3632 1120 αὐ-

2051 1159 2181 1221 τοὺς
2216 1158 2323 1212 ἀπὸ
2362 1159 2562 1224 παντὸς
2606 1159 2802 1214 ἀτόπου
2845 1159 2939 1213 καὶ
2978 1156 3215 1232 πονηροῦ
3257 1159 3586 1229 πράγματος
3610 1198 3629 1223 ν

2052 1251 2147 1304 καὶ
2178 1250 2314 1304 σῶον
2342 1252 2435 1307 καὶ
2480 1250 2695 1322 ἔντιμον
2741 1251 2801 1304 τὸ
2844 1250 3233 1323 πρεσϐυτέριον
3280 1251 3464 1314 αὐτοῖς
3511 1268 3627 1304 πα-

2054 1342 2263 1415 ράσχοι.
2306 1343 2475 1415 ’Υπὲρ
2521 1344 2701 1414 πάσης
2742 1344 2840 1415 τῆς,
2874 1345 2934 1398 ἐν
2963 1342 3183 1415 Χριστῷ
3217 1344 3493 1407 διακονίας
3522 1342 3629 1396 καὶ

2052 1435 2353 1506 ὑπηρεσίας
2382 1435 2681 1507 δεηθῶμεν·
2715 1435 2863 1499 ὅπως
2894 1437 2922 1489 6
2951 1435 3155 1507 Κύριος
3200 1435 3489 1506 ἄμεμπτον
3519 1435 3626 1507 τὴν

2049 1526 2323 1582 διακονίαν
2355 1528 2535 1593 αὐτοῖς
2568 1529 2935 1601 παράσχηται.
2995 1529 3166 1600 Ὑπὲρ
3210 1528 3579 1596 άναγνωστῶν
3606 1568 3623 1591 ,

2047 1619 2286 1689 ψαλτῶν,
2306 1621 2611 1692 παρθένων,
2645 1621 2829 1695 χηρῶν
2852 1638 2911 1674 τε
2928 1620 3022 1674 καὶ
3039 1620 3284 1693 ὀρφανῶν
3308 1620 3622 1691 δεηθῶμεν·

2050 1712 2191 1785 ὑπὲρ
2217 1712 2326 1767 τῶν
2354 1716 2413 1767 ἐν
2462 1713 2743 1785 συζυγίαις
2782 1714 2876 1767 καὶ
2898 1714 3261 1783 τεκνογονίαις
3296 1712 3581 1785 δεηθῶμεν
3605 1732 3623 1747 ο

2048 1807 2196 1871 ὅπως
2219 1807 2248 1859 6
2280 1808 2482 1879 Κύριος
2529 1808 2653 1869 τοὺς
2687 1806 2895 1869 πάντας
2941 1805 3136 1869 αὐτοὺς
3166 1804 3382 1876 ἐλεήσῃ.
3443 1804 3627 1883 ’Υπὲρ

2046 1901 2314 1972 εὐνούχων
2339 1901 2501 1965 ὁσίως
2555 1899 2931 1973 πορευομένων
2958 1897 3256 1969 δεηθῶμεν.
3301 1898 3475 1970 ’Υπὲρ
3508 1898 3627 1951 τῶν

2044 1992 2102 2045 ἐν
2129 1992 2452 2065 ἐγκρατείᾳ,
2483 1992 2579 2049 καὶ
2631 1989 2881 2062 εὐλαϐείᾳ
2930 1988 3230 2061 δεηθῶμεν.
3302 1990 3478 2061 Ὑπὲρ
3508 1990 3626 2044 τῶν

2043 2082 2531 2156 καρποφορούντων
2554 2084 2612 2139 ἐν
2656 2086 2721 2154 τῇ
2754 2081 2883 2153 ἁγίᾳ
2916 2080 3226 2152 Ἐκκλησία,
3260 2081 3355 2135 καὶ
3395 2080 3625 2135 mro-6v-

2040 2193 2150 2233 των
2185 2178 2300 2240 τοῖς
2348 2176 2543 2247 πένησι
2584 2173 2683 2238 τὰς
2728 2172 3092 2245 ἐλεημοσύνας
3142 2171 3421 2244 δεηθῶμεν
3444 2188 3462 2206 ·
3521 2174 3625 2227 καὶ

2042 2269 2185 2340 ὑπὲρ
2206 2268 2316 2322 τῶν
2347 2267 2445 2332 τὰς
2468 2267 2655 2330 θυσίας
2675 2266 2768 2319 καὶ
2799 2265 2898 2329 τὰς
2919 2264 3171 2337 ἀπαρχὰς
3198 2266 3623 2343 προσφερόντων

2041 2360 2230 2431 Κυρίῳ
2256 2358 2334 2431 τῷ
2366 2358 2486 2429 Θεῷ
2516 2358 2670 2430 ἡμῶν
2697 2356 2976 2428 δεηθῶμεν
2998 2373 3014 2389 ·
3068 2357 3214 2420 ὅταυς
3244 2356 3273 2409 6
3299 2356 3622 2426 πανάγαθος

2038 2448 2174 2516 Θεὸς
2200 2452 2505 2524 ἀμείψηται
2537 2451 2735 2516 αὐτοὺς
2777 2452 2897 2515 ταῖς
2940 2448 3283 2521 ἐπουρανίαις
3310 2448 3479 2507 αὐτοῦ
3508 2449 3619 2503 δω-

2040 2548 2212 2615 ρεαῖς,
2246 2545 2341 2600 καὶ
2391 2545 2467 2617 δῷ
2522 2544 2706 2611 αὐτοῖς
2741 2544 2799 2600 ἐν
2843 2541 2923 2619 τῷ
2958 2543 3181 2615 παρόντι
3216 2543 3620 2600 ἑκατονταπλα-

2039 2636 2211 2703 σίονα,
2240 2639 2333 2693 καὶ
2363 2639 2419 2693 ἐν
2436 2620 2515 2709 τῷ
2544 2637 2791 2709 μέλλοντι
2820 2635 2965 2706 ζωὴν
2992 2634 3229 2705 αἰώνιον,
3256 2636 3353 2703 καὶ
3382 2635 3618 2708 χαρίση-

2034 2746 2125 2784 ται
2159 2731 2343 2796 αὐτοτς
2388 2730 2510 2785 ἀντὶ
2566 2728 2673 2783 τῶν
2724 2726 3071 2803 προσκαίρων
3118 2726 3187 2781 τά
3239 2720 3457 2791 αἰώνια,
3492 2729 3617 2783 ἀντὶ

2032 2822 2143 2876 τῶν
2174 2822 2429 2892 ἐπιγείων
2452 2820 2521 2875 τὰ
2538 2820 2854 2892 ἐπουράνια.
2895 2806 3066 2891 Ὑπὲρ
3094 2818 3205 2872 τῶν
3233 2820 3616 2889 νεοφιιγτίστων

2032 2913 2277 2984 ἀδελφῶν
2306 2912 2461 2985 ἡμῶν
2507 2912 2824 2985 δεηθῶμεν·
2869 2911 3017 2975 ὅπως
3067 2911 3097 2964 6
3141 2910 3349 2981 Κύριος
3376 2913 3613 2984 στηρίξῃ

2034 3006 2232 3071 αὐτοὺς
2288 3006 2383 3060 καὶ
2446 2988 2743 3077 βεϐαἶώσῃ.
2812 3002 2987 3074 ’Υπὲρ
3041 3001 3150 3056 τῶν
3206 3003 3266 3056 ἐν
3321 3003 3614 3076 ἀρρωστίᾳ

358 3113 486 3152 men
520 3095 758 3159 Domini,
788 3107 1101 3160 versantur,
1128 3109 1367 3151 oremus.
1427 3093 1535 3150 Pro
1566 3097 1761 3152 acerba
1812 3108 1929 3153 ser-‘

2039 3096 2430 3170 ἐξεταζομένων
2477 3096 2719 3166 ἀδελφῶν
2748 3094 2903 3167 ἡμῶν
2920 3093 3225 3181 δεηϐῶμενο
3257 3095 3408 3159 ὅπως
3438 3097 3469 3148 6
3492 3097 3611 3149 Κύ-

357 3185 532 3241 vitute
568 3183 848 3254 oppressis
872 3198 1115 3240 oremus.
1175 3181 1283 3238 Pro
1318 3184 1555 3239 inimicis
1585 3193 1640 3241 et
1678 3186 1805 3241 odlo
1833 3187 1933 3241 ha-

356 3277 612 3335 bentibus
658 3291 780 3344 nos,
829 3288 1048 3331 oremus
1103 3293 1117 3331 :
1178 3289 1278 3346 pro
1333 3278 1789 3348 persequentibus
1829 3294 1933 3335 nos

355 3375 577 3447 propter
609 3381 807 3422 nomen
830 3365 1068 3432 Domini,
1099 3380 1319 3423 oremus
1345 3388 1358 3423 :
1387 3375 1449 3423 ut
1487 3368 1771 3439 Dominus,
1824 3373 1929 3428 mi-

359 3463 527 3533 tigato
556 3476 743 3516 eorum
798 3458 1002 3525 furore,
1054 3459 1283 3532 dissipet
1330 3462 1468 3518 iram
1525 3464 1791 3521 adversus
1826 3480 1930 3521 nos

354 3556 707 3609 concitatam.
739 3550 847 3607 Pro
900 3552 969 3608 iis
1018 3553 1113 3623 qui
1142 3552 1278 3610 foris
1308 3562 1457 3620 sunt,
1493 3570 1556 3610 ac
1584 3570 1775 3613 errore
1825 3557 1930 3612 du-

354 3658 573 3710 cuntur,
607 3661 855 3713 oremus;
887 3654 946 3699 ut
969 3644 1234 3701 Dominus
1258 3648 1381 3704 illos
1404 3658 1707 3707 convertat.
1742 3649 1927 3706 Infan—

353 3742 487 3794 tiutn
512 3738 770 3792 Ecclesiae
828 3735 1210 3805 recordemur;
1263 3738 1342 3793 uti
1398 3738 1683 3805 Dominus,
1716 3756 1813 3798 eos
1869 3743 1925 3797 in

351 3832 547 3884 timore
573 3842 675 3882 suo
699 3826 891 3881 reddat
921 3825 1213 3896 perfectos,
1236 3834 1292 3882 et
1321 3826 1389 3881 ad
1428 3843 1742 3884 mensuram
1793 3836 1926 3884 aeta-

356 3918 426 3973 tis
457 3920 737 3990 perducat.
774 3917 879 3973 Pro
913 3918 1074 3975 nobis
1098 3918 1330 3973 invicem
1359 3935 1612 3988 oremus;
1647 3932 1708 3977 ut
1734 3920 1923 3978 Domi-

354 4026 461 4065 nus
498 4011 673 4081 gratia
717 4025 815 4065 sua
846 4020 1026 4067 servet
1073 4026 1173 4067 nos
1211 4027 1277 4068 ac
1323 4013 1595 4069 custodiat
1635 4029 1809 4085 usque
1851 4015 1917 4070 ad

352 4100 538 4163 finem,
575 4111 629 4155 et
664 4100 855 4155 liberet
905 4116 1006 4157 nos
1035 4117 1066 4157 a
1107 4104 1269 4169 malo,
1298 4113 1351 4159 et
1378 4105 1447 4159 ab
1477 4107 1733 4161 omnibus
1760 4122 1920 4161 scan-

353 4190 491 4245 dalis
517 4194 861 4261 operantium
905 4194 1249 4265 iniquitatem
1284 4198 1353 4261 7',
1383 4206 1438 4251 et
1469 4199 1648 4253 salvos
1684 4213 1786 4255 nos
1819 4200 1924 4255 du-

354 4288 443 4333 cat
485 4281 538 4334 in
603 4298 828 4353 regnum
886 4299 1046 4339 suum
1100 4287 1339 4342 caeleste.
1381 4288 1487 4343 Pro
1535 4289 1685 4343 omni
1738 4289 1919 4345 anima

352 4369 662 4427 Christiana
693 4386 933 4429 oremus.
981 4375 1142 4431 Salva
1174 4387 1227 4431 et
1256 4378 1404 4448 erige
1447 4394 1569 4442 nos,
1614 4379 1778 4446 Deus,
1816 4383 1922 4437 mi-

2038 3204 2154 3262 ριος
2184 3189 2414 3262 ρύσηται
2440 3188 2637 3252 αὐτοὺς
2666 3186 2848 3258 πάσης
2904 3186 3059 3241 νόσου
3092 3186 3184 3240 καὶ
3220 3187 3401 3258 πάσης
3437 3188 3612 3259 μαλα-

2032 3279 2178 3346 κίας,
2229 3281 2324 3333 καὶ
2376 3278 2550 3343 σώους
2602 3278 3027 3349 ἀποκαταστήσῃ
3054 3278 3120 3349 τῇ
3152 3277 3281 3349 ἀγίᾳ
3312 3276 3610 3332 αὐτοῦἘπ-

2031 3371 2250 3445 κλησίᾳ.
2299 3372 2473 3443 Ὑπὲρ
2504 3370 2779 3425 πλεόντων
2820 3370 2918 3424 καὶ
2948 3369 3373 3441 ὁδοιπορούντων
3402 3370 3611 3443 δεηθῶ-

2033 3481 2131 3535 μεν
2153 3481 2169 3496 ο
2206 3464 2348 3535 ὑπὲρ
2377 3464 2485 3517 τῶν
2516 3465 2573 3517 ἐν
2605 3461 2885 3534 μετάλλοις
2914 3461 3010 3515 καὶ
3043 3461 3279 3534 ἐξορίαις
3308 3463 3404 3516 καὶ
3435 3462 3612 3531 φυλα-

2029 3558 2153 3619 καῖς
2182 3556 2277 3609 καὶ
2331 3554 2552 3625 δεσμοῖς
2591 3554 2758 3607 ὅντων
2788 3552 2878 3606 διὰ
2920 3552 2983 3606 τὺ
3026 3553 3196 3623 ὄνομα
3228 3552 3323 3606 τοῦ
3370 3554 3605 3626 Κυρίου,

2026 3646 2304 3719 δεηθῶμεν
2326 3663 2341 3679 ο
2397 3646 2539 3718 ὑπὲρ
2582 3645 2690 3698 τῶν
2722 3646 2781 3698 ἐν
2809 3645 2984 3717 πικρᾷ
3018 3644 3231 3717 δουλείᾳ
3263 3662 3608 3699 καταπονου-

2031 3738 2206 3809 μένων
2234 3738 2513 3811 δεηθῶμεν
2537 3755 2553 3771 ο
2584 3737 2725 3809 ὑπὲρ
2754 3736 2964 3808 ἐχθρῶν
3000 3736 3097 3790 καὶ
3130 3736 3427 3804 μισούντων
3456 3740 3608 3810 ἡμᾶς

2025 3830 2303 3902 δεηθῶμεν
2326 3848 2340 3862 ’
2376 3831 2518 3902 ὑπὲρ
2544 3829 2657 3883 τῶν
2712 3828 3019 3883 διωκόντων
3050 3828 3197 3899 ἡμᾶς
3226 3828 3315 3882 διά
3341 3829 3405 3882 τὸ
3430 3830 3607 3903 ὄνομα

2025 3921 2118 3975 τοῦ
2150 3922 2374 3994 Κυρίου,
2417 3920 2696 3993 δεηθῶμεν
2719 3936 2735 3952 ο
2768 3920 2915 3983 ὅπως
2941 3921 2971 3972 6
3002 3920 3204 3991 Κύριος
3234 3921 3484 3992 πραΰνας
3509 3923 3606 3975 τὸν

2024 4012 2191 4084 Θυμδν
2214 4013 2391 4066 αὐτῶν
2437 4011 2760 4082 διασκεδάσῃ
2781 4010 2881 4081 τὴν
2912 4010 3032 4064 καθ’
3054 4010 3212 4082 ἡμῶν
3238 4011 3411 4083 ὀργήν
3444 4013 3563 4083 (27)
3584 4032 3599 4045 -

2022 4103 2164 4175 ὑπὲρ
2193 4103 2303 4157 τῶν
2348 4103 2454 4171 ἔξω
2492 4103 2661 4157 ὄντων
2697 4103 2792 4156 καὶ
2824 4102 3252 4174 πεπλανημένων
3276 4103 3559 4176 δεηθῶμεν
3580 4124 3601 4139 ο

2020 4194 2170 4258 ὅπως
2196 4196 2227 4247 6
2256 4195 2461 4267 Κύριος
2492 4195 2693 4258 αὐτοὺς
2741 4194 3065 4266 ἐπιστρέψῃ.
3096 4194 3218 4249 Τῶν
3264 4197 3473 4266 νηπίων
3499 4199 3602 4269 τῆς

2032 4286 2355 4359 Ἑκκλησίας
2416 4285 2916 4359 μνηιμονεύσωμεψ
2975 4286 3125 4350 ὅπως
3181 4288 3212 4340 6
3252 4287 3459 4359 Κύριος
3506 4307 3600 4342 τε-

2022 4378 2251 4444 λειώσας
2282 4379 2423 4433 αὐτὰ
2451 4381 2509 4432 ἐν
2541 4379 2620 4451 τῷ
2640 4377 2790 4450 φόϐῳ
2815 4377 3011 4441 αὐτοῦ,
3042 4379 3124 4443 είς
3157 4379 3355 4450 μέτρον
3380 4380 3601 4451 ἡλικίας

348 4462 645 4518 sericordia
698 4472 811 4519 tua.
870 4463 1193 4536 Surgamus.
1247 4465 1477 4523 Orantes
1544 4469 1769 4537 intente,
1817 4465 1954 4528 nos]

2039 4471 2256 4542 ιγάγῃο⁶
2286 4470 2428 4542 ὑπὲρ
2475 4470 2714 4541 ἀλλήλων
2749 4469 3057 4541 δεηθῶμενε
3113 4470 3263 4534 ὅπως
3306 4472 3337 4523 6
3391 4472 3601 4545 Κύριος

349 4551 498 4623 ipsos
551 4562 715 4624 atque
776 4564 990 4624 mutuo,
1039 4557 1243 4619 viventi
1296 4558 1428 4623 Deo,
1483 4574 1582 4629 per
1634 4560 1917 4617 Christum

344 4644 469 4711 ejus
522 4646 989 4705 commendemus.
1042 4648 1302 4707 Precetur
1337 4659 1519 4705 autem
1570 4651 1920 4721 pontiiex,et

341 4734 487 4789 dicat
515 4752 530 4789 :

2014 4564 2226 4640 τηρήσῃ
2256 4561 2369 4632 (28)
2397 4562 2544 4633 ἡμᾶς
2597 4563 2693 4625 καὶ
2748 4561 2960 4637 φυλάξῃ
2992 4564 3060 4634 τῇ
3085 4561 3250 4617 αὑτοῦ
3290 4563 3481 4634 χάριτι
3515 4568 3599 4631 εἰς

2012 4654 2183 4717 τέλος,
2211 4654 2305 4706 καὶ
2346 4654 2576 4725 ρύσηται
2634 4655 2783 4725 ἡμᾶς
2829 4654 2923 4707 τοῦ
2976 4653 3213 4727 πονηροῦ
3245 4655 3341 4707 καὶ
3374 4656 3598 4711 πάντων

2014 4744 2123 4798 τῶν
2158 4744 2465 4799 σκανδάλων
2518 4745 2626 4799 τῶν
2658 4745 3039 4817 ἐργαζομένων
3083 4746 3183 4817 τὴν
3215 4746 3466 4818 ἀνομίαν,
3497 4749 3597 4804 καὶ

344 4822 491 4895 σώσῃ
520 4825 599 4888 εἰς
627 4825 726 4897 τὴν
758 4826 1031 4897 βασιλείαν
1075 4828 1242 4881 αὐτοῦ
1262 4829 1361 4900 τὴν
1393 4831 1733 4903 ἐπουράνιον.
1792 4838 1969 4912 ’Υπὲρ
2013 4839 2194 4909 πάσης
2229 4838 2407 4911 ψυχῆς
2436 4841 2753 4911 χριστιανῆς
2783 4838 3082 4910 δεηθῶμεν.
3123 4838 3303 4891 Σῶσον
3335 4840 3428 4891 καὶ
3457 4841 3593 4894 ἀνά-

344 4932 536 4987 στησον
585 4920 730 4989 ἡμᾶς
778 4920 808 4972 6
859 4921 991 4985 Θεὸς
1018 4920 1099 4992 τῷ
1157 4921 1298 4976 ἐλέει
1347 4940 1461 4977 σου.
1528 4926 1914 5002 Ἑγειρὼμεθα.
1964 4932 2259 5005 Δεηθέντες
2288 4932 2521 4997 ἐκτενῶς
2569 4934 2796 4995 ἐαυτοὺς
2842 4933 2938 4985 καὶ
2986 4931 3247 5004 ἀλλήλους
3289 4932 3371 4986 τῶ
3423 4933 3597 4998 ζῶντι

340 5004 457 5078 Θεῴ
474 5007 561 5062 διὰ
586 5010 680 5063 τοῦ
708 5011 944 5081 Χριστοῦ
963 5011 1126 5065 αὐτοῦ
1153 5013 1543 5085 παραθώμεθα.
1581 5018 1926 5093 Ἐπευχέσθω
1954 5023 2011 5078 δὲ
2043 5004 2155 5095 (29)
2186 5026 2215 5079 6
2237 5024 2550 5102 ἀρχιερεὺς,
2584 5024 2680 5077 καὶ
2711 5023 2937 5092 λεγέτωο

928 5126 1158 5182 CAPUT
1202 5126 1292 5183 XI.

784 5215 1053 5273 Invocatio
1071 5234 1166 5288 pro
1189 5218 1451 5288 ﬁdelibus.

409 5304 635 5363 Domine
660 5309 1026 5379 omnipotens,
1066 5311 1391 5378 celsissime,
1427 5315 1519 5384 qui
1552 5314 1608 5371 in
1639 5318 1767 5376 altis
1804 5319 1901 5377 ha-

407 5421 451 5453 "
490 5420 681 5477 Matth.
711 5438 827 5490 nx,
859 5425 950 5480 29.
1024 5424 1072 5458 "
1110 5423 1259 5483 Psal.
1290 5442 1415 5496 cn,
1448 5428 1505 5485 9.

2531 5138 2929 5192 ΚΕΦΑΛΑΙΟΝ
2961 5138 3065 5191 IA'.

2409 5232 2761 5298 Ἑπίκλησις
2794 5229 2914 5284 τῶν
2942 5227 3192 5285 πιστῶν.

2075 5323 2246 5397 Κύριε
2303 5323 2701 5393 παντόκρατορ,
2735 5321 2961 5393 ὕψιστε,
3003 5321 3033 5375 6
3079 5321 3140 5376 ἐν
3187 5319 3413 5394 ὑψηλοῖς
3451 5339 3590 5393 κατ’.

1650 5563 2013 5625 VARIORUM
2039 5565 2273 5624 NOTAE.

403 5686 523 5835 £26)
563 5693 834 5748 Εὐοδίου.
867 5695 967 5752 Ms.
994 5697 1153 5754 Vind.
1200 5701 1488 5757 Ἀννιανοῦ.
1519 5704 1687 5760 Cum.

425 5757 516 5825 2⁷)
566 5761 791 5835 Ὀρῖήνκ
825 5766 985 5825 Addit
1013 5770 1137 5827 cod.
1173 5769 1333 5829 Vind.
1358 5774 1650 5835 δεηθῶμεν.
1686 5796 1687 5831 1

425 5757 516 5835 ετ)
566 5761 791 5835 Ὀρῖήν.
825 5766 985 5825 Addit
1013 5770 1137 5827 cod.
1173 5769 1333 5829 Vind.
1358 5757 1758 5847 δεηθῶμέξρῗιυ.

2077 5709 2188 5853 ξὲὃζ
2232 5708 2489 5778 Τηρήσῃ.
2524 5710 2858 5792 Διατηρήσῃ.
2885 5710 3021 5794 God.
3052 5711 3214 5771 Vind.
3245 5712 3325 5773 In.

2098 5780 2165 5835 29
2222 5780 2312 5837 Δέ.
2345 5777 2449 5835 Οὗν
2477 5780 2598 5836 cod.
2636 5779 2796 5838 Vind.
2834 5790 3057 5843 rectius.
3079 5781 3145 5839 In.

2098 5777 2187 5843 29)
2222 5780 2312 5837 Δέ.
2345 5777 2449 5835 Οὗν
2477 5780 2598 5836 cod.
2636 5777 3057 5843 Vindfrectius.
3079 5781 3145 5839 In.
