3886 6190
304 282 443 341 1089

1173 285 1771 346 CONSTITUTIONES
1808 286 2483 343 APOSTOLICAS.-—LIB.
2523 287 2655 346 VIII.

3401 293 3543 350 £090

295 399 484 468 οικῶν,
502 399 624 471 ἀγιε
653 402 713 456 ἐν
742 401 919 471 ἀγίοις
945 402 1582 475 ἀναπαυόμενε,ᾶναρχε,
1607 402 1840 474 μόναρχε
1856 419 1869 431 ·

1977 399 2141 464 bitas,
2174 406 2395 465 sancte,
2427 402 2518 469 qui
2580 401 2635 455 in
2683 402 2891 457 sanctis
2941 402 3260 473 requiescis,
3315 406 3546 478 originis

293 505 327 548 ο
376 492 467 547 διά
512 494 751 566 Χριστοῦ
812 496 1074 567 κήρυγμα
1142 494 1396 564 γνώσεως
1435 495 1558 559 δοὺς
1611 496 1741 565 ἡμῖν
1793 495 1873 557 είς

294 586 594 655 ἐπίγνωσιν
618 588 719 660 τῆς
747 587 849 659 σῆς
888 587 1047 660 δόξης
1080 589 1178 642 καὶ
1219 586 1313 641 τοῦ
1356 587 1617 659 ὀνόματός
1662 604 1777 651 σου,
1810 580 1871 639 οὗ

294 678 644 750 ἐφανέρωσεν
701 683 835 753 ἡμῖν
896 682 979 745 είς
1035 680 1339 753 κατάληψιν
1365 697 1377 712 ·
1443 679 1605 743 αὐτὸς
1636 681 1728 733 καὶ
1778 680 1872 733 νῦν

292 769 446 825 ἔπιδε
476 771 544 825 δι’
575 771 740 825 αὐτοῦ
790 773 884 828 ἐπὶ
910 774 971 827 τὸ
1015 773 1265 845 ποίμνιόν
1307 789 1400 825 σου
1432 771 1619 825 τοῦτο’
1658 772 1750 825 καὶ
1774 771 1870 824 λύ-

289 879 501 935 τρωσαι
535 864 668 918 αύτὸ
702 864 881 936 πάσης
906 866 1150 935 ἀγνοίας,
1189 865 1284 919 καὶ
1313 865 1555 936 πονηρᾶς
1581 861 1831 935 πράξεως
1853 881 1867 895 ’

290 958 388 1010 καὶ
414 955 503 1017 δὺς
533 956 684 1028 φόϐῳ
712 957 994 1027 φοϐεῖσθαί
1022 974 1103 1024 σε,
1136 958 1231 1012 καὶ
1280 956 1468 1028 ἀγάπῃ
1500 956 1719 1026 ἀγαπᾷν
1777 972 1869 1021 σε,

290 1048 389 1100 καὶ
419 1046 736 1102 στέλλεσθαι
781 1050 890 1103 ἀπὸ
920 1048 1211 1122 προσώπου
1256 1048 1413 1120 δόξης
1445 1064 1537 1100 σου
1560 1064 1577 1080 ·
1634 1046 1871 1117 εὐμενὴς

288 1139 477 1204 αὐτοῖς
505 1139 689 1210 γενοῦ,
719 1143 817 1196 καὶ
848 1142 1025 1210 ἵλεως,
1058 1142 1157 1196 καὶ
1183 1142 1415 1214 ἐπήκοος
1461 1141 1519 1195 ἐν
1548 1140 1668 1204 ταῖς
1698 1156 1868 1212 προσ-

286 1234 481 1301 ευχαῖς
534 1232 714 1287 αὐτῶν
737 1250 754 1266 ο
812 1235 907 1289 καὶ
972 1233 1206 1304 φύλαξον
1279 1233 1475 1295 αὐτοὺς
1526 1232 1866 1304 ἀτρέπτους,

286 1322 644 1395 ἀμέμπτους,
698 1326 1066 1400 ἀνεγκλήτους
1090 1345 1103 1358 υ
1150 1327 1239 1381 ἵνα
1278 1319 1410 1379 ὦσιν
1466 1323 1609 1394 ἅγιοι
1657 1323 1868 1395 σώματι

288 1415 389 1469 xal
420 1416 586 1490 ψυχῇ,
639 1418 714 1491 μὴ
754 1418 971 1490 ἔχοντες
1031 1418 1218 1473 σπῖλον
1270 1418 1304 1490 ἢ
1354 1416 1541 1490 ῥυτίδα
1586 1417 1621 1488 ἦ
1664 1433 1716 1468 τι
1759 1414 1868 1470 τῶν

284 1506 547 1563 τοιούτων
572 1527 585 1541 ο
610 1509 726 1563 ἀλλ’
757 1511 843 1565 ἵνα
876 1506 1008 1565 ὦσιν
1039 1511 1237 1583 ἄρτιοι,
1268 1511 1362 1563 καὶ
1385 1509 1571 1581 μηδεὶς
1597 1509 1656 1560 ἐν
1688 1506 1869 1571 αὐτοῖς

284 1596 325 1675 ᾖ
362 1600 581 1665 κολὸϐὸς
599 1601 633 1673 ἢ
652 1603 865 1676 ἀτελής.
892 1603 1117 1677 ’Δρωγὲ,
1139 1602 1351 1666 δυνατὲ,
1372 1599 1865 1673 ἀπροσωπόληπτε,

283 1693 449 1762 γενοῦ
480 1694 826 1769 ἀντιλήπτωρ
853 1695 950 1750 τοῦ
979 1696 1107 1750 λαοῦ
1149 1713 1242 1749 σου
1272 1694 1484 1759 τούτου,
1515 1694 1573 1747 ὃν
1606 1692 1867 1764 ἐξηγόρα-

282 1801 389 1849 σας
411 1784 524 1858 (50)
549 1786 627 1859 τῷ
656 1787 824 1860 τιμίῳ
849 1788 944 1843 τοῦ
964 1783 1200 1860 Χριστοῦ
1235 1805 1327 1841 σου
1370 1788 1581 1858 αἵματι.
1616 1784 1862 1858 Προστα-

280 1894 406 1951 της,
437 1879 746 1954 ἐπίκουρος,
769 1881 991 1953 ταμίας,
1031 1881 1226 1952 φύλαξ,
1279 1884 1457 1952 τεῖχος
1482 1880 1863 1953 ἐρυμνότατον,

280 1972 569 2044 φραγμὺς,
627 1972 897 2043 ἀσφάλεια
949 1973 1102 2045 (51),
1154 1974 1236 2026 ὅτι
1286 1973 1351 2026 ὲκ
1390 1972 1488 2042 τῆς
1534 1971 1636 2041 σῆς
1684 1970 1866 2042 χειρὸς

278 2066 460 2129 οὐδεὶς
494 2065 741 2137 ἁρπάσαι
790 2065 1011 2121 δύναται
1033 2082 1048 2098 ·
1094 2064 1215 2119 οὐδὲ
1243 2065 1351 2137 γάρ
1378 2066 1493 2118 ἐστι
1518 2064 1649 2129 Θεὸς
1676 2064 1867 2138 ὥσπερ

283 2159 354 2213 σὺ
383 2159 572 2231 ἕτερος
595 2177 611 2190 ο
641 2159 725 2212 ὅτι
754 2159 813 2213 ἐν
848 2159 934 2213 σοὶ
986 2161 1021 2230 ή
1053 2158 1299 2231 ὑπομονὴ
1330 2157 1507 2229 ἡμῶν.
1544 2176 1562 2209 ι
1612 2156 1863 2227 Ἀγίασον

280 2251 483 2315 αὐτοὺς
510 2252 569 2305 ἐν
600 2254 668 2323 τῇ
701 2250 925 2323 ἀληθείᾳ
956 2268 1073 2315 σου,
1105 2251 1238 2303 ὅτιὸ
1269 2250 1424 2318 λόγος
1450 2252 1479 2303 6
1511 2249 1603 2313 σὸς
1639 2249 1866 2321 ἀλήθειά

278 2344 485 2397 ἐστιν.»
537 2344 989 2418 Ἀπροσχάριστε,
1009 2343 1411 2415 ἀπαραλόγιστε
1432 2359 1447 2375 ο
1482 2342 1639 2414 ῥῦσαι
1668 2342 1865 2408 αὐτοὺς

279 2436 467 2507 πάσης
495 2436 653 2490 νόσου
687 2437 781 2491 καὶ
809 2436 990 2508 πάσης
1022 2436 1312 2508 μαλακίας,
1334 2435 1533 2500 παντὸς
1564 2436 1865 2509 παραπτώ-

279 2545 478 2599 ματος,
542 2529 726 2601 πάσης
786 2529 1052 2601 ἐπηρείας
1106 2530 1198 2583 καὶ
1259 2528 1494 2601 ἀπάτης,
1545 2530 1654 2584 ἀπὸ
1698 2530 1861 2599 φόϐου

279 2620 503 2693 ἐχθροῦ,
529 2620 640 2675 ἀπὸ
670 2620 858 2692 βέλους
888 2621 1185 2693 πετομένου
1211 2620 1444 2693 ἡμέρας,
1476 2620 1585 2675 ἀπὸ
1606 2621 1867 2693 πράγμα-

277 2730 375 2777 τος
432 2714 490 2768 ἐν
556 2701 740 2768 σκότει
795 2714 1253 2785 διαπορευομένου
1298 2732 1311 2746 ·
1384 2716 1478 2768 καὶ
1528 2714 1863 2781 καταξίωσον

277 2806 481 2870 αὐτοὺς
509 2807 610 2879 τῆς
650 2806 871 2861 αίωνίου
902 2807 1066 2877 ζωῆς,
1104 2807 1205 2877 τῆς
1261 2809 1319 2860 ἐν
1365 2807 1585 2879 Χριστῷ
1637 2807 1716 2879 τῷ
1747 2807 1864 2879 Υἱῷ

280 2914 379 2952 σου
410 2897 490 2969 τῷ
526 2900 822 2969 μονογενεῆ
864 2897 943 2970 τῷ
974 2897 1092 2969 Θεῷ
1123 2896 1216 2952 καὶ
1246 2899 1456 2970 Σωτῆρι
1483 2898 1638 2970 ἡμῶν
1658 2916 1673 2931 ο
1707 2899 1772 2953 δι’
1800 2894 1863 2953 οῦ

280 3004 367 3045 σοι
392 2990 520 3058 δόξα
550 2991 644 3045 καὶ
680 2992 864 3057 σέϐας,
898 2992 956 3045 ἐν
988 2991 1129 3062 ἁγίῳ
1159 2991 1459 3063 Πνεύματι,
1488 2991 1601 3057 νῦν,
1632 2993 1726 3045 καὶ
1751 2993 1859 3058 ἀεὶ,

1971 508 2189 563 expers.
2222 494 2552 556 monarcha;
2583 494 2675 564 qui
2710 510 2805 564 per
2827 493 3105 550 Christum
3132 497 3330 551 dedisti
3383 499 3546 555 nobis

1971 584 2305 655 cognitionis
2351 584 2793 656 praedicationem
2852 588 2908 642 in
2968 588 3297 659 agnitionem
3358 591 3546 660 gloria!

1971 682 2078 731 tua:
2119 692 2183 731 ac
2230 677 2470 734 nominis
2526 678 2629 744 tui,
2679 679 2826 749 quod
2880 681 3249 736 manifestavit
3278 681 3436 737 nobis
3476 682 3545 738 ad

1970 769 2514 840 comprehensionem
2561 790 2575 825 :
2618 770 2734 841 ipse
2764 787 2911 825 nunc
2947 788 3165 843 quoque
3198 775 3410 843 respice
3450 789 3547 844 per

1970 861 2151 932 ipsum
2175 863 2228 915 in
2251 862 2355 916 hoc
2376 864 2519 918 ovile
2553 870 2818 931 tuum;et
2850 865 3021 919 libera
3054 865 3187 919 illud
3218 867 3361 920 omni
3396 853 3547 937 igno;

1968 955 2169 1017 rantia,
2196 964 2250 1011 et
2287 971 2453 1025 prava
2494 958 2735 1022 actione;
2761 965 2816 1012 et
2838 957 2907 1012 da
2940 966 2997 1012 ut
3026 968 3079 1013 te
3109 959 3302 1015 timore
3332 962 3544 1025 timeat,

1969 1063 2034 1103 ac
2065 1048 2359 1103 dilectione
2382 1056 2436 1103 te
2465 1048 2677 1120 diligat,
2704 1059 2758 1104 et
2778 1051 3168 1107 contremiscat
3202 1067 3231 1105 a
3261 1051 3400 1107 facie
3429 1052 3547 1123 glo-

1969 1141 2067 1196 riae
2094 1148 2241 1196 tuae:
2279 1142 2357 1197 sis
2388 1142 2468 1198 eis
2500 1142 2762 1209 clemens,
2819 1144 3113 1214 propitius,
3150 1160 3214 1198 ac
3258 1146 3547 1202 exauditor

1970 1232 2026 1286 in
2061 1233 2320 1303 precibus
2344 1250 2533 1289 eorum
2561 1250 2574 1301 ;
2624 1242 2678 1289 et
2711 1236 2925 1291 custodi
2978 1236 3101 1292 illos
3151 1236 3544 1302 immutabiles,

1969 1324 2405 1397 irreprehensos,
2436 1327 2784 1396 inculpatos:
2842 1336 2902 1382 ut
2940 1329 3051 1383 sint
3084 1331 3261 1385 sancti
3313 1346 3547 1401 corpore

1969 1430 2129 1490 atque
2164 1421 2364 1483 anima,
2397 1435 2505 1474 non
2540 1421 2803 1476 habentes
2834 1422 3125 1486 maculam,
3178 1432 3272 1476 aut
3329 1440 3542 1494 rugam,

1966 1525 2059 1568 aut
2088 1512 2291 1583 aliquid
2321 1512 2666 1582 hujusmodi;
2694 1514 2789 1570 sed
2817 1521 2875 1568 ut
2923 1516 3032 1571 sint
3074 1516 3292 1586 integri,
3332 1518 3544 1573 nullus-

1967 1621 2073 1676 que
2100 1605 2243 1660 inter
2271 1620 2365 1659 eos
2402 1615 2472 1660 snt
2504 1607 2731 1661 mutilus
2751 1646 2767 1672 ,
2797 1607 2882 1661 vel
2928 1607 3303 1679 imperfectus.
3347 1608 3544 1664 Defen-

1969 1714 2080 1763 sor,
2110 1705 2325 1767 potens,
2359 1711 2716 1766 personarum
2749 1713 2857 1753 non
2888 1710 3171 1769 acceptor;
3202 1701 3279 1755 sis
3312 1701 3545 1758 auxilia—

1970 1798 2058 1844 tor
2087 1791 2275 1860 populi
2306 1791 2384 1847 tui
2419 1792 2603 1861 hujus,
2630 1807 2791 1861 quem
2813 1791 3093 1846 redemisti
3124 1794 3369 1863 pretioso
3384 1792 3547 1848 Chri-

1966 1882 2037 1941 sti
2062 1883 2141 1935 tui
2171 1884 2478 1953 sanguine:
2535 1891 2822 1954 patronus,
2865 1883 3117 1953 adjutor,
3148 1891 3542 1955 propugnator,

1966 1982 2178 2040 custos,
2211 1990 2404 2030 murus
2434 1976 2767 2040 tutissimus,
2814 1975 3039 2038 vallum,
3100 1974 3312 2028 [irinum
3355 1975 3546 2045 prtesi-

1964 2065 2137 2131 dium,
2165 2068 2419 2138 quoniam
2442 2082 2508 2122 ex
2538 2082 2698 2121 manu
2730 2074 2822 2120 tua
2852 2076 3014 2121 nemo
3040 2076 3219 2136 potest
3244 2082 3436 2137 rapere
3458 2067 3540 2122 "’:

1968 2172 2077 2215 non
2105 2161 2252 2216 enim
2282 2170 2369 2218 est
2419 2161 2561 2217 alius
2607 2159 2753 2215 Deus
2802 2161 2947 2214 sicut
2977 2168 3056 2226 tu,
3082 2160 3211 2230 quia
3251 2160 3307 2215 in
3359 2168 3412 2215 te
3458 2168 3544 2215 est

1968 2261 2157 2310 nostra
2179 2256 2539 2325 exspectatio.
2572 2271 2591 2303 ‹
2624 2250 2916 2307 Sanctiﬁca
2937 2268 3032 2308 eos
3059 2253 3115 2306 in
3155 2253 3381 2307 veritate
3409 2260 3541 2320 tua;

1966 2348 2225 2418 quoniam
2259 2362 2440 2402 sermo
2488 2353 2620 2401 tuus
2668 2346 2873 2401 veritas
2930 2352 3015 2399 est
3043 2344 3144 2399 ⁸⁸.»
3196 2343 3299 2409 Qui
3353 2344 3544 2416 gratia

1966 2462 2133 2503 causa
2176 2446 2312 2501 nihil
2360 2446 2498 2517 agis,
2539 2444 2631 2515 qui
2662 2444 2840 2514 decipi
2868 2459 2977 2497 non
3006 2449 3199 2511 potes;
3251 2440 3420 2495 libera
3444 2456 3543 2496 eos

1965 2540 2115 2594 omni
2143 2540 2335 2594 morbo
2357 2547 2411 2595 et
2427 2539 2575 2593 onmi
2603 2537 2944 2600 inﬁrmitate,
2964 2533 3112 2589 onmi
3137 2534 3359 2596 delicto,
3392 2532 3540 2593 omni

1966 2632 2167 2701 injuria
2226 2638 2281 2686 et
2339 2632 2555 2696 fraude,
2609 2645 2641 2684 a
2679 2630 2877 2683 timore
2926 2626 3135 2681 inimici
3178 2625 3247 2691 ⁸¹,
3280 2638 3311 2677 a
3343 2625 3541 2695 sagitta

1964 2726 2184 2781 volante
2210 2741 2307 2796 per
2336 2725 2500 2789 diem,
2530 2740 2560 2777 a
2590 2723 2811 2794 negotio
2858 2723 2915 2776 in
2961 2721 3202 2776 tenebris
3249 2719 3541 2790 perambub

1966 2813 2115 2868 lante
2143 2813 2224 2879 ⁸²;
2256 2820 2313 2868 et
2341 2813 2569 2883 dignare
2604 2813 2727 2867 illos
2752 2822 2953 2867 :eterna
2986 2813 3115 2875 vita,
3146 2826 3268 2881 quae
3299 2810 3355 2864 in
3380 2809 3543 2864 Chri-

1966 2914 2052 2962 sto
2079 2905 2219 2961 Filio
2247 2913 2342 2961 tuo
2394 2907 2697 2976 unigenito,
2728 2904 2839 2960 Deo
2889 2919 2953 2959 ac
3004 2904 3287 2959 Salvatore
3316 2912 3540 2972 nostro;

1965 3016 2063 3071 per
2083 3015 2245 3070 quem
2276 2999 2372 3053 tibi
2406 2999 2583 3070 gloria
2636 3007 2691 3053 et
2721 2998 2927 3060 cultus,
2966 2996 3021 3050 in
3076 3004 3269 3051 sancto
3308 2994 3538 3066 Spiritu,

281 3084 377 3137 καὶ
403 3084 483 3147 είς
513 3084 642 3148 τοὺς
670 3083 875 3147 αίῶνας
894 3083 1002 3137 τῶν
1044 3083 1273 3137 αἰώνων.
1339 3084 1528 3155 Ἀμήν.
1566 3085 1677 3139 Καὶ
1723 3084 1861 3157 μετὰ

1966 3105 2133 3154 nunc,
2159 3100 2213 3146 et
2241 3104 2480 3160 semper,
2513 3100 2568 3144 et
2611 3094 2669 3144 in
2701 3089 2900 3144 saecula
2950 3089 3297 3142 saeculorum.
3343 3087 3538 3142 Amen.

277 3176 441 3229 τοῦτο
466 3176 672 3247 λεγέτω
701 3179 731 3230 6
760 3176 1005 3240 διάκονος
1029 3194 1043 3207 ·
1098 3176 1450 3248 Πρόσχωμεν.
1513 3178 1623 3231 Kal
1677 3178 1858 3233 ἀσπα-

279 3269 457 3335 ζέσθω
484 3272 514 3323 ὁ
546 3270 843 3336 ἐπίσκοπος
896 3270 995 3341 τὴν
1029 3269 1345 3341 ἐκκλησίαν,
1386 3271 1481 3325 καὶ
1508 3269 1712 3340 λεγέτω
1733 3290 1747 3303 ο
1795 3274 1861 3328 Ἡ

278 3362 473 3433 είρήνη
501 3363 598 3416 τοῦ
653 3363 789 3417 Θεοῦ
849 3364 986 3434 μετά
1040 3362 1256 3416 πάντων
1308 3362 1461 3434 ὑμῶν
1487 3381 1499 3394 ’
1536 3364 1630 3417 καὶ
1659 3366 1688 3419 6
1733 3366 1861 3433 λαὸς

274 3453 698 3526 ἀποκρινάσθω·
754 3457 865 3510 Kal
898 3457 1036 3529 μετά
1062 3457 1156 3511 τοῦ
1210 3455 1517 3530 πνεύματός
1547 3476 1660 3512 σου.
1695 3460 1806 3512 Kal
1831 3462 1862 3515 6

267 3546 527 3617 ,διάκονος
580 3548 790 3604 είπάτω
845 3552 1041 3603 πᾶσιν·
1112 3548 1475 3605 ’Δσπάσασθε
1509 3551 1769 3622 ἀλλήλους
1802 3553 1860 3605 ἐν

278 3636 546 3709 φιλήματι
604 3640 764 3710 ἁγίῳ.
813 3641 923 3694 Kal
975 3641 1403 3706 ἀσπαζέσθωσαν
1448 3643 1497 3696 oi
1523 3643 1617 3697 τοῦ
1658 3644 1859 3717 κλήρου

275 3728 372 3781 τὸν
400 3730 701 3786 ἐπίσκοπον
729 3731 863 3804 (52),
892 3733 942 3785 oi
993 3731 1171 3786 )ta'ixo‘t
1222 3733 1413 3806 ἄνδρες
1460 3735 1586 3798 τοὺς
1616 3735 1857 3801 λαῖκοὺς,

278 3823 340 3875 αἱ
375 3826 633 3890 γυναῖκες
658 3824 758 3888 τάς
785 3826 1067 3894 γυναῖκας.
1115 3824 1195 3878 Τὰ
1224 3826 1407 3881 παιδία
1432 3826 1489 3879 δὲ
1514 3828 1860 3899 στηκέτωσαν

279 3914 419 3985 πρὸς
446 3915 526 3986 τῷ
555 3916 777 3988 βήματι,
845 3918 938 3970 καὶ
988 3916 1229 3981 διάκονος
1261 3919 1445 3983 αὐτοῖς
1486 3920 1672 3991 ἕτερος
1720 3919 1861 3975 ἔστω

275 4006 543 4075 ἐφεστὼς,
566 4009 716 4071 ὅπως
745 4008 819 4080 μὴ
847 4009 1143 4063 ἀτακτῶσι.
1175 4011 1286 4065 Kal
1309 4010 1458 4065 ἄλλοι
1488 4012 1725 4067 διάκονοι
1759 4032 1860 4066 πε-

280 4099 704 4170 ριπατείτωσαν,
726 4102 820 4155 καὶ
847 4101 1218 4155 σκοπείτωσαν
1265 4104 1392 4166 τοὺς
1418 4104 1613 4176 ἄνδρας
1638 4106 1730 4159 καὶ
1761 4105 1861 4169 τὰς

275 4193 565 4258 γυναῖκας,
594 4191 743 4255 ὅπως
778 4192 853 4264 μὴ
912 4192 1139 4264 θόρυϐός
1194 4211 1281 4258 τις
1339 4197 1453 4269 (55)
1486 4198 1729 4268 γένηται,
1764 4200 1859 4254 καὶ

279 4282 358 4353 μή
378 4296 463 4345 τις
493 4282 679 4354 νεύσῃ,
705 4282 741 4355 ἦ
773 4282 1052 4355 ψιθυρίσῃ,
1086 4282 1119 4356 ἢ
1157 4286 1414 4359 νυστάξῃ.
1450 4290 1513 4341 Οί
1535 4289 1592 4342 δὲ
1623 4290 1858 4346 διάκονοι

1964 3181 2162 3239 Postea
2214 3182 2481 3237 diaconus
2530 3180 2678 3235 dicat
2722 3178 3153 3235 :Attendamus.
3219 3176 3285 3230 Et
3340 3177 3541 3233 salutet

1961 3278 2256 3346 episcopus
2287 3273 2579 3329 ecclesiam
2604 3312 2620 3337 ,
2646 3288 2711 3327 ac
2740 3272 2922 3328 dicat:
2986 3272 3092 3325 Pax
3122 3270 3239 3334 Dei,
3264 3286 3388 3324 cum
3420 3284 3541 3323 om-

1958 3371 2126 3425 nibus
2170 3368 2345 3423 vobis.
2389 3366 2455 3419 Et
2508 3367 2743 3437 populus
2777 3366 3142 3436 respondeat:
3176 3363 3243 3417 Et
3272 3378 3397 3419 cum
3425 3363 3541 3433 spi-

1965 3460 2073 3514 ritu
2102 3467 2218 3514 tuo.
2253 3456 2529 3512 Diaconus
2563 3471 2693 3510 vero
2751 3456 2898 3511 dicat
2949 3454 3251 3509 omnibus:
3292 3451 3540 3506 Salutate

1963 3568 2063 3608 vos
2091 3552 2325 3606 invicem
2352 3550 2407 3603 in
2437 3548 2630 3603 osculo
2654 3554 2847 3603 sancto
2874 3567 2887 3603 :
2918 3553 2973 3603 et
3002 3547 3186 3601 clerici
3219 3544 3540 3599 osculentur

1963 3646 2301 3716 epiSCOpum,
2334 3644 2457 3698 laici
2492 3641 2594 3697 viri
2623 3642 2817 3707 laicos,
2857 3639 3069 3694 femina:
3100 3638 3350 3693 feminas.
3375 3635 3538 3692 Pueri

1964 3745 2147 3791 autem
2180 3744 2327 3791 stent
2364 3734 2432 3789 ad
2461 3743 2797 3804 suggestum.
2824 3732 2901 3786 Ac
2933 3731 3198 3784 diaconus
3223 3730 3364 3783 alius
3402 3728 3537 3797 ipsis

1962 3828 2169 3898 praesit,
2200 3842 2269 3881 ne
2293 3825 2603 3880 inordinate
2628 3838 2687 3878 se
2729 3831 2937 3893 gerant.
2964 3821 3032 3873 At
3063 3820 3153 3873 alii
3188 3819 3404 3874 diaconi
3442 3819 3535 3873 de-

1962 3918 2675 3989 ambulent,inspiciantque
2688 3917 2834 3970 viros
2858 3929 2923 3969 ac
2948 3914 3225 3977 mulieres,
3244 3928 3310 3968 ne
3338 3914 3537 3982 strepi-

1963 4023 2053 4069 tus
2090 4013 2290 4083 aliquis
2319 4013 2550 4077 oriatur,
2603 4017 2657 4062 ct
2701 4024 2771 4061 ne
2816 4006 2940 4076 quis
2995 4015 3190 4059 nutum
3235 4004 3421 4068 faciat,
3452 4005 3538 4060 vel

1963 4110 2237 4168 snsurret,
2268 4103 2352 4157 vel
2376 4101 2652 4155 dormitet.
2685 4097 2911 4152 Diaconi
2932 4112 3061 4151 vero
3084 4104 3227 4152 stent
3249 4096 3316 4149 ad
3338 4096 3537 4165 januas

1961 4198 2226 4255 virorum,
2261 4202 2317 4250 et
2376 4191 2697 4249 subdiaconi
2730 4189 2799 4243 ad
2851 4190 3052 4257 januas
3096 4187 3424 4253 mulierum;
3476 4194 3537 4240 ut

1962 4303 2123 4343 nemo
2175 4285 2509 4356 egrediatur,
2559 4296 2694 4337 neve
2748 4279 3021 4351 aperiatur
3067 4278 3236 4348 janua
3294 4287 3537 4347 tempore

278 4374 622 4429 ίστάσθωσαν
670 4377 751 4440 είς
801 4376 898 4440 τὰς
929 4376 1039 4431 τῶν
1087 4378 1296 4450 ἀνδρῶν
1328 4377 1515 4453 θύρας,
1539 4384 1633 4436 καὶ
1659 4385 1710 4436 οἱ
1736 4385 1860 4439 ὑπο-

1966 4379 2278 4442 oblationis,
2312 4378 2440 4431 licet
2493 4373 2748 4428 adveniat
2797 4371 3069 4441 quispiam
3121 4368 3317 4423 ﬁdelis.
3380 4366 3536 4423 Unus

274 4467 517 4523 διάκονοι
548 4469 625 4533 είς
659 4468 757 4533 τὰς
780 4468 890 4524 τῶν
919 4448 1211 4539 γυναικῶν·
1248 4448 1409 4536 ὅπως⁷
1427 4475 1589 4545 μήτις
1630 4475 1855 4543 ἐξέλθοι,

1966 4482 2143 4528 autem
2176 4468 2546 4525 subdiaconus
2577 4464 2667 4519 det
2694 4462 3072 4519 sacerdotibus
3104 4474 3322 4529 aquam,
3356 4457 3424 4512 ad
3458 4458 3535 4510 la-

279 4560 421 4631 μήτε
466 4561 688 4632 ἀνοιχθῇ
717 4563 752 4632 ή
781 4561 941 4633 θύρα,
971 4562 1075 4616 κᾶν
1122 4565 1312 4627 πιστός
1342 4582 1427 4629 τις
1468 4564 1525 4640 ᾖ,
1580 4568 1724 4622 κατά
1764 4570 1857 4625 τὸν

275 4651 469 4722 καιρὸν
519 4652 619 4723 τῆς
676 4653 974 4725 ἀναφορᾶς.
1019 4650 1113 4717 Εἷς
1172 4654 1229 4708 δὲ
1288 4656 1636 4722 ὑποδιάκονος
1672 4660 1858 4715 διδότω

1965 4566 2203 4621 vandum
2226 4576 2422 4617 manus
2446 4577 2460 4626 ;
2498 4573 2619 4628 quae
2661 4572 2751 4612 res
2776 4558 2994 4626 signum
3017 4561 3102 4608 est
3130 4551 3386 4622 puritatis
3410 4550 3532 4604 ani-

1966 4671 2179 4713 marum
2211 4654 2322 4707 Deo
2356 4658 2820 4706 consecratarum.
2846 4652 2847 4655 “

274 4746 535 4816 ἀπόνιψιν
576 4747 775 4819 Χειρῶν
813 4751 926 4811 τοῖς
975 4747 1180 4819 ἱερεῦσι
1219 4749 1353 4821 (54),
1394 4750 1661 4823 σύμϐολον
1693 4754 2058 4828 καθαρότητος
2090 4747 2278 4821 ψυχῶν
2304 4746 2423 4816 Θεῷ
2453 4741 2842 4813 ἀνακειμένων.

355 4910 402 4942 τ’
440 4910 600 4966 Joan.
633 4927 690 4976 χ,
719 4911 810 4966 29.

913 4911 957 4944 ⁸⁰
997 4910 1161 4967 Joan.
1196 4930 1331 4978 xvu,
1364 4912 1449 4969 I7.
1527 4916 1570 4947 ⁸⁸
1609 4914 1754 4973 Psal.
1789 4935 1944 4979 mu,
1976 4917 2032 4971 2.
2107 4916 2151 4945 ⁸³
2190 4912 2335 4967 Psal.
2375 4925 2461 4972 xc,
2491 4908 2544 4962 5.

1591 5077 1955 5136 VARIORUM
1994 5074 2231 5133 NOTAE.

351 5213 464 5285 (30)
514 5213 935 5285 Ἐξηγόρασας.
968 5211 1128 5269 Vind.
1180 5214 1437 5270 codices:
1503 5215 1598 5268 Ὃν
1626 5215 1851 5283 ἐξελέξω

276 5285 344 5338 ἐκ
364 5285 668 5355 (μυριάδων.
704 5285 870 5355 Cncn.

372 5303 668 5409 guptaowv.
704 5303 870 5338 um.

350 5354 369 5437 '(
410 5356 463 5425 1)
505 5353 792 5437 Φραγμός,
826 5352 1142 5437 ᾀσράνζεια.
1175 5352 1321 5410 Idem
1354 5375 1365 5410 :
1402 5357 1655 5427 φραγμὸς
1677 5360 1853 5430 ἀσφα-

274 5422 453 5488 λείας,
467 5422 641 5493 paries
662 5422 986 5478 securitatis.
1016 5424 1087 5478 In.

353 5492 475 5566 (32),
519 5493 1025 5566 Ἀᾳπιιζέσθῳσιινν
1063 5497 1117 5547 οἱ
1164 5495 1268 5548 τοῦ
1315 5494 1541 5566 κλήρου
1588 5492 1697 5566 τὸν
1723 5493 1851 5566 ἐπί-
1948 5532 1949 5535 η

275 5562 530 5619 σκοπὸν.
585 5564 811 5635 Canone
864 5562 1174 5619 Laodiceno
1228 5566 1343 5620 I9:
1395 5564 1494 5620 εἷθ’
1539 5563 1849 5635 οὕτωςᾷτὴν

273 5637 501 5716 εἰρήνην
527 5634 783 5716 δίδοσθαι,
816 5635 1078 5716 καὶιμετὰ
1128 5636 1190 5692 τὸ
1219 5636 1631 5716 ,πρεσϐυτέρους
1661 5633 1847 5716 δοῦναι

276 5704 356 5774 τῷ
389 5704 671 5776 ἐπισκόπῳ
730 5705 828 5776 τὴν
884 5704 1125 5776 εἰρήνην,
1174 5704 1293 5757 τότε
1325 5707 1451 5769 τοὺς
1502 5704 1721 5767 λαῖκοὺς
1747 5704 1846 5775 τὴν

279 5722 356 5774 τῳ
389 5722 671 5775 επισκοπῳ
730 5722 828 5776 την
884 5722 930 5757 ει
970 5722 1125 5776 ηνην,
1174 5722 1293 5757 τοτε
1325 5722 1451 5769 τους
1503 5722 1721 5767 Λαικους
1747 5722 1845 5775 την

279 5776 503 5845 είρήν-ην
533 5774 750 5835 διδόναι,
806 5722 967 5844 ψιοὶ
997 5786 1334 5845 postremum
1395 5776 1845 5845 Zonarasgintcr-

281 5844 528 5914 pretatur
556 5845 629 5900 De
660 5847 979 5901 salutatione
1002 5844 1353 5901 sacerdotum
1386 5865 1415 5899 a
1449 5848 1623 5915 laicis,
1648 5844 1843 5915 DiOny-

1961 5217 2078 5273 sius
2141 5214 2383 5283 Exiguus
2448 5209 2523 5265 De
2564 5208 3199 5283 sgalutationeglaicorum
3254 5208 3389 5261 inter
3436 5222 3526 5271 se;

1961 5278 2267 5355 utrumque
2319 5288 2499 5337 autem
2576 5280 2780 5335 factum
2848 5280 3017 5335 fuisse
3085 5278 3219 5334 satis
3288 5286 3524 5333 constat.

1957 5357 2094 5412 Cor.

2031 5426 2140 5501 (.35)
2182 5423 2491 5501 EcuDeest
2522 5422 2575 5501 i_n
2598 5420 2733 5501 .cod.
2763 5418 2923 5501 Vind.
2954 5419 3121 5501 (ξμειι.

2031 5428 2120 5501 (55
2186 5426 2300 5488 Τίς.
2332 5426 2491 5479 Deest
2522 5426 2575 5474 in
2608 5426 2733 5476 cod.
2764 5426 2923 5475 Vind.
2954 5426 3121 5475 ULER.
3168 5489 3180 5501 _

2027 5426 2140 5568 (Et)
2157 5496 2278 5568 ,Εἷς
2301 5492 2368 5546 δὲ
2396 5491 2830 5568 ᾑποριάκρνος,
2841 5498 2949 5568 etc.
2980 5488 3144 5568 Rem,
3167 5488 3527 5568 Idemquerei

1958 5559 2263 5637 symbolum
2300 5564 2471 5637 tradit
2498 5563 2738 5637 Cyrillus
2790 5559 3341 5637 Hier_osolymitanus_
3368 5559 3529 5614 initio

1956 5629 2160 5690 ultimae
2212 5629 2575 5689 Catecheseos
2632 5629 3053 5702 Mystagogicae;
3093 5629 3526 5702 sed_ministrum

1955 5706 2084 5760 facit
2114 5708 2426 5760 diaconum.
2457 5702 2523 5755 Ut
2572 5699 2777 5765 autem,
2818 5702 2892 5753 ait
2921 5707 3117 5759 auctor
3161 5699 3527 5765 Quwuionum

1964 5777 2158 5851 Veteris
2183 5784 2233 5829 et
2260 5774 2310 5827 Ν
2316 5776 2396 5851 ovi
2427 5774 2763 5851 Testmnenti,
2790 5779 2921 5825 tom.
2955 5769 3016 5851 IV
3061 5767 3309 5851 Operum.
3329 5768 3386 5824 S.
3413 5768 3526 5851 .Au‘

1956 5848 2179 5916 gustini,
2206 5844 2502 5915 quaestione
2531 5843 2620 5898 IOl
2647 5883 2660 5908 ,
2697 5860 2796 5897 non
2829 5842 3005 5895 omnia
3049 5838 3343 5896 ministeria
3374 5838 3525 5895 obu-
