3886 6190
387 305 531 367 108⁸1

1258 303 1317 361 S.
1358 303 1749 362 CLEMENTIS
1786 306 1805 361 l
1844 302 2012 360 ROM.
2054 302 2256 363 PONT.
2295 294 2529 363 OPERA
2555 306 2783 364 DUBIA.

3482 312 3636 370 £088

381 419 588 478 Evodio
632 425 687 476 et
733 417 987 488 parmciis
1037 417 1157 490 ejus
1204 434 1425 475 oremus
1466 440 1479 475 ε
1520 427 1578 474 ut
1636 422 1951 478 misericors

2055 422 2195 494 ὑπὲρ
2226 422 2318 476 τοῦ
2350 425 2649 479 ἐπισκόπου
2678 425 2836 498 ήμῶν
2854 424 3167 498 Κλήμεντος
3187 425 3282 480 καὶ
3302 425 3413 481 τῶν
3436 443 3644 499 παροι-

380 512 526 569 Deus
556 513 680 569 illos
709 509 973 567 Ecclesiis
998 512 1205 568 sanctis
1234 513 1351 567 suis
1374 521 1595 583 praestet
1618 515 1948 583 incolumes,

380 603 709 673 honoratos,
753 604 1056 674 longaevos,
1102 612 1157 660 et
1204 606 1440 675 praebeat
1491 607 1573 662 eis
1628 608 1949 665 honoratam

378 703 716 752 senectutem
748 696 801 749 in
840 698 1041 767 pietate
1073 712 1136 752 ac
1162 697 1398 767 justitia.
1456 698 1633 753 Etiam
1680 717 1779 770 pro
1827 718 1952 779 pre-

377 789 614 859 sbyteris
643 789 846 844 nostris
878 804 1099 846 oremus
1124 828 1141 855 ,
1188 798 1248 845 ut
1300 791 1564 847 Dominus
1595 794 1790 849 liberet
1823 795 1947 852 illos

374 884 445 938 ab
476 883 623 937 omni
653 884 797 953 turpi
843 898 909 938 ac
949 898 1117 953 prava
1152 898 1239 951 re,
1273 893 1327 939 et
1361 885 1625 940 concedat
1656 886 1765 942 illis
1802 886 1945 943 inte-

373 991 531 1047 grum
583 984 639 1032 et
690 981 1018 1037 honoratum
1070 980 1493 1050 presbyterium.
1542 979 1650 1042 Pro
1691 981 1949 1045 universo

372 1071 579 1125 Christi
616 1070 869 1127 diacouio
927 1088 992 1127 ac
1038 1073 1349 1129 ministerio
1401 1090 1661 1141 oremus,
1726 1081 1787 1128 ut
1843 1073 1949 1131 Do-

372 1163 556 1219 minus
594 1163 930 1234 inculpatam
967 1166 1102 1236 ipsis
1148 1168 1415 1238 largiatur
1458 1166 1942 1223 ministrationem.

369 1252 478 1308 Pro
545 1256 883 1322 lectoribus,
941 1260 1301 1323 cantoribus,
1360 1260 1706 1331 virginibus,
1767 1260 1947 1317 viduis

368 1354 423 1403 et
450 1348 669 1417 pupillis
701 1364 922 1406 oremus
968 1366 981 1403 :
1023 1366 1122 1421 pro
1151 1352 1217 1414 iis
1246 1353 1339 1422 qui
1388 1354 1443 1408 in
1493 1352 1844 1408 matrimonio
1892 1362 1945 1409 et

369 1440 669 1499 liberorum
711 1442 1092 1514 procreatione
1120 1444 1332 1511 vivunt,
1359 1459 1603 1509 oremus,
1655 1452 1715 1503 ut
1756 1444 1943 1500 Domi-

368 1553 474 1593 nus
504 1538 829 1594 misereatur
875 1554 1065 1594 eorum
1119 1537 1383 1597 cautium.
1438 1535 1547 1592 Pro
1575 1538 1844 1593 eunuchis
1888 1538 1943 1595 in

366 1632 654 1687 sanctitate
685 1632 1087 1691 ambulantibus
1141 1646 1381 1686 oremus.
1433 1627 1542 1686 Pro
1576 1629 1644 1686 iis
1686 1630 1781 1701 qui
1810 1644 1913 1686 con

362 1722 631 1777 tinentem
661 1730 715 1779 et
744 1723 1055 1795 religiosam
1102 1732 1269 1792 agunt
1308 1723 1496 1793 vitam,
1532 1738 1775 1779 oremus.
1834 1721 1942 1778 Pro

362 1812 433 1868 iis
457 1813 550 1883 qui
597 1813 653 1867 in
702 1824 891 1868 sancta
945 1810 1191 1867 Ecclesia
1227 1813 1531 1869 oblationes
1587 1814 1817 1879 faciunt,
1874 1828 1939 1870 ac

360 1905 738 1977 eleemosynas
768 1904 1099 1975 pauperibus
1128 1905 1281 1971 dant,
1323 1921 1583 1963 oremus:
1648 1915 1702 1963 et
1735 1922 1835 1979 pro
1870 1907 1938 1965 iis

360 1997 456 2067 qui
504 1994 734 2050 Domino
760 1995 868 2053 Deo
895 2007 1084 2053 nostro
1121 1997 1335 2053 hostias
1374 2006 1429 2054 et
1484 1999 1754 2070 primitias
1801 1999 1937 2058 offe-

361 2095 510 2153 runt,
543 2102 763 2143 oremus
787 2126 803 2152 ,
860 2095 920 2143 ut
967 2087 1113 2143 Deus
1143 2089 1385 2160 optimus
1436 2098 1817 2155 remuneretur
1841 2107 1937 2150 eos

360 2181 677 2236 cmlestibus
708 2180 824 2236 suis
852 2181 1047 2251 gratiis
1071 2220 1087 2246 ,
1119 2179 1318 2253 detque
1348 2181 1417 2237 iis
1448 2181 1504 2236 in
1533 2183 1785 2254 praesenti
1811 2198 1938 2239 cen-

363 2272 599 2342 tuplum,
635 2282 690 2327 et
715 2272 768 2327 in
799 2270 983 2329 futuro
1009 2273 1176 2329 vitam
1220 2281 1523 2343 aeternam;L
1569 2281 1733 2345 atque
1772 2273 1938 2331 donet

364 2363 503 2435 ipsis
533 2379 634 2435 pro
672 2366 1019 2435 temporariis
1050 2376 1284 2431 aeterna,
1333 2381 1434 2437 pro
1480 2368 1717 2427 terrenis
1767 2368 1934 2425 cmle-

361 2457 471 2512 stia
500 2458 572 2513 ⁷⁷.
605 2452 837 2513 Oremus
863 2472 962 2527 pro
989 2472 1183 2514 recens
1212 2458 1504 2529 baptizatis
1544 2459 1807 2516 fratribus
1836 2474 1935 2515 no-

356 2549 491 2609 stris
509 2592 524 2615 ,
550 2556 611 2602 ut
637 2547 900 2605 Dominhs
923 2564 1019 2605 eos
1048 2549 1290 2606 stabiliat
1309 2565 1374 2605 ac
1396 2550 1594 2606 ﬁrmet.
1618 2549 1725 2606 Pro
1751 2551 1934 2607 fratri-

358 2639 465 2695 bus
489 2639 693 2694 nostris
712 2639 854 2693 mala
883 2640 1191 2695 valetudine
1212 2640 1426 2697 allictis
1454 2656 1708 2711 oremus;
1740 2650 1798 2697 ut
1828 2642 1933 2699 Do-

358 2731 540 2785 minus
570 2729 763 2785 liberet
792 2729 917 2785 illos
967 2729 1115 2785 omni
1146 2731 1339 2787 morbo
1384 2742 1437 2787 et
1468 2734 1616 2787 omni
1648 2734 1926 2805 languore,

356 2834 633 2890 sanusque
662 2820 917 2874 restituat
946 2828 1152 2877 sanctae
1176 2837 1290 2877 sua:
1328 2820 1607 2879 Ecclesiae.
1636 2823 1743 2881 Pro
1775 2826 1928 2880 navi-

2058 517 2191 572 κιῶν
2234 518 2398 571 αὐτοῦ
2450 517 2750 590 δεηθῶμεν·
2799 518 2941 590 ὑπὲρ
2988 518 3082 571 τοῦ
3126 518 3424 572 ἐπισκόπου
3469 515 3643 590 ἡμῶν

2055 609 2274 663 Εὐοδίου
2312 610 2425 682 (26)
2473 611 2566 664 ml.
2610 610 2719 663 τῶν
2766 609 3067 681 παροικιῶν
3113 609 3275 664 αὐτοῦ
3322 609 3637 682 δεηθῶμεν*

2054 702 2202 765 ὅπως
2227 704 2255 756 6
2280 703 2577 773 οἰκτίρμων
2605 701 2736 766 Θεὸς
2758 703 3052 775 χαρίσηται
3079 702 3274 767 αὐτοὺς
3292 704 3413 765 ταῖς
3443 703 3641 771 ἁγίαις

2052 793 2215 848 αὐτοῦ
2270 794 2619 867 Ἐκκλησίαις
2679 794 2889 859 σώους,
2948 794 3239 866 ἐντίμους,
3304 811 3636 866 μακροημε-

2054 885 2327 957 ρεύοντας·
2364 886 2457 939 ml.
2495 887 2675 957 τίμιον
2724 888 2909 951 αὐτοῖς
2952 886 3013 940 τὸ
3054 886 3231 958 γῆρας
3268 887 3635 957 παράσχηται

2051 977 2109 1041 ἐν
2146 976 2394 1049 εὐσεϐείᾳ
2440 978 2533 1033 ml.
2577 978 2908 1050 δικαιοσύνῃ·
2940 979 3034 1032 ml
3068 978 3210 1052 ὑπὲρ
3238 978 3347 1032 τῶν
3378 979 3631 1051 πρεσϐυ-

2048 1068 2222 1140 τέρων
2250 1069 2408 1140 ήμῶν
2439 1069 2736 1142 δεηθῶμεψ
2770 1071 2918 1135 ὅπως
2943 1073 2971 1125 6
3000 1071 3202 1143 Κύριος
3242 1072 3473 1143 ρύσηται
3519 1071 3628 1124 αύ-

2048 1160 2178 1223 τοὺς
2212 1160 2319 1213 ἀπὸ
2359 1162 2559 1226 παντὸς
2602 1162 2799 1216 ἀτόπου
2842 1162 2937 1215 καὶ
2975 1159 3213 1235 πονηροῦ
3254 1162 3586 1233 πράγματος
3609 1202 3626 1226 ,

2048 1252 2143 1305 καὶ
2173 1252 2310 1305 σῶον
2338 1254 2431 1309 καὶ
2477 1252 2692 1324 ἔντιμον
2737 1253 2798 1307 τὸ
2842 1253 3231 1326 πρεσϐυτέριον
3277 1255 3462 1318 αὐτοῖς
3508 1272 3623 1307 πα-

2050 1344 2259 1417 ράσχοι.
2302 1345 2471 1417 Ὑπὲρ
2517 1346 2698 1417 πάσης
2738 1346 2837 1418 τῆς
2872 1348 2930 1401 ἐν
2960 1346 3180 1419 Χριστῷ
3214 1347 3491 1411 διακονίας
3519 1347 3624 1400 καὶ

2048 1436 2349 1507 ὑπηρεσίας
2378 1436 2677 1510 δεηθῶμεν·
2711 1438 2860 1502 ὅπως
2890 1440 2919 1492 6
2947 1438 3152 1509 Κύριος
3198 1439 3485 1510 ἄμεμπτον
3516 1439 3622 1511 τὴν

2044 1528 2319 1583 διακονίαν
2351 1530 2532 1596 αὐτοῖς
2565 1531 2931 1604 παράσχηται.
2991 1532 3163 1603 Ὑπὲρ
3208 1532 3578 1600 ἀναγνωστῶν
3603 1571 3619 1595 ,

2043 1621 2281 1691 ψαλτῶν,
2302 1623 2607 1695 παρθένων,
2641 1624 2825 1697 χηρῶν
2848 1641 2907 1677 τε
2925 1624 3018 1677 ml.
3035 1624 3281 1697 ὀρφανῶν
3307 1624 3484 1695 δεηθῶ
3491 1642 3618 1695 μεν·

2045 1714 2186 1786 ὑπὲρ
2212 1714 2321 1769 τῶν
2350 1718 2409 1769 ἐν
2458 1716 2739 1787 συζυγίαις
2778 1717 2872 1771 καὶ
2894 1717 3258 1786 τεκνογονίαις
3293 1716 3578 1789 δεηθῶμεν
3602 1736 3620 1751 ·

2043 1808 2192 1873 ὅπως
2214 1809 2243 1861 6
2275 1810 2477 1881 Κύριος
2525 1811 2649 1872 τοὺς
2683 1808 2891 1873 πάντας
2937 1808 3133 1872 αὐτοὺς
3162 1808 3379 1879 ἐλεήσῃ.
3440 1808 3621 1887 Ὑήρ

2041 1903 2309 1974 εὐνούχων
2334 1903 2496 1967 ὁσίως
2551 1902 2927 1975 πορευομένων
2954 1901 3252 1973 δεηθῶμεν.
3298 1902 3472 1974 Ὑπὲρ
3503 1903 3621 1955 τῶν

2038 1994 2097 2047 ἐν
2124 1993 2446 2066 ἐγκρατείᾳ,
2478 1994 2573 2050 ml.
2626 1992 2876 2064 εὐλαϐείᾳ
2926 1991 3226 2064 δεηθῶμεν.
3300 1994 3475 2065 Ὑήρ
3504 1995 3620 2049 τῶν

2038 2084 2526 2157 καρποφορούντων
2549 2085 2607 2139 ἐν
2650 2087 2716 2155 τῇ
2748 2084 2878 2156 ἀγίᾳ
2911 2083 3222 2156 Ἐκκλησίᾳ,
3256 2085 3351 2138 καὶ
3392 2085 3620 2139 ποιούνο

2034 2194 2144 2235 των
2179 2179 2294 2241 τοῖς
2342 2177 2537 2249 πένησι
2578 2175 2678 2239 τὰς
2722 2175 3087 2247 ἐλεημοσύνας
3137 2174 3417 2248 δεηθῶμεν
3440 2193 3459 2210 σ
3516 2179 3619 2231 καὶ

2036 2270 2179 2341 ὑπὲρ
2200 2268 2310 2323 τῶν
2341 2268 2440 2333 τὰς
2462 2268 2649 2332 Θυσίας
2670 2268 2762 2321 ml.
2794 2267 2893 2331 τὰς
2914 2267 3167 2340 ἀπαρχὰς
3194 2270 3617 2348 προσφερόντων

2034 2361 2224 2432 Κυρίῳ
2250 2359 2328 2432 τῷ
2360 2359 2480 2431 Θεῷ
2510 2359 2664 2432 ήμιῖιν
2691 2358 2970 2431 δεηθῶμεν
2993 2376 3009 2392 ·
3062 2360 3210 2423 ὅπως
3240 2360 3269 2413 6
3295 2361 3617 2430 πανάγαθος

2032 2449 2168 2517 Θεὸς
2194 2453 2499 2525 ἀμείψηται
2531 2454 2728 2517 αὐτοὺς
2771 2454 2892 2518 ταῖς
2934 2452 3278 2523 ἐπουρανίαις
3306 2453 3474 2510 αὐτοῦ
3502 2454 3614 2507 δω-

2033 2549 2205 2615 ρεαῖς,
2240 2546 2335 2601 καὶ
2384 2546 2462 2618 δῷ
2516 2546 2700 2613 αὐτοῖς
2735 2546 2793 2603 ἐν
2837 2544 2917 2622 τῷ
2954 2546 3177 2619 παρόντι
3211 2547 3615 2605 ἑκατονταπλα-

2032 2637 2204 2704 σίονα,
2234 2640 2326 2695 καὶ
2356 2621 2509 2711 ἐντῷ
2537 2639 2785 2711 μέλλοντι
2814 2621 2959 2709 ζωήν
2986 2637 3223 2709 αἰώνιον,
3251 2640 3348 2708 ml.
3376 2640 3612 2712 χαρίση-

2027 2747 2118 2785 ται
2152 2733 2336 2798 αὐτοτς
2382 2733 2503 2787 ἀντὶ
2559 2730 2667 2785 τῶν
2717 2730 3066 2815 προσκαίρων
3112 2730 3181 2785 τὰ
3234 2720 3452 2797 αἰώνια,
3487 2734 3611 2788 ἀντὶ

2025 2824 2136 2878 τῶν
2167 2823 2422 2894 ἐπιγείων
2445 2822 2515 2877 τὰ
2531 2822 2848 2895 ἐπουράνια.
2889 2822 3061 2895 ’Υπὲρ
3089 2822 3200 2876 τῶν
3227 2824 3610 2892 νεοφωτίστων

352 2912 608 2993 gantibus
638 2927 702 2967 ac
730 2912 834 2967 iter
878 2911 1210 2970 habentibus
1240 2928 1480 2972 oremus.
1512 2914 1619 2971 Pro
1648 2918 1718 2973 iis
1746 2918 1841 2989 qui
1870 2919 1927 2975 in

2033 2914 2270 2986 ἀδελφῶν
2298 2914 2453 2987 ἡμῶν
2500 2914 2818 2993 δεηθῶμενο
2862 2914 3012 2979 ὅπως
3061 2915 3092 2969 ὁ
3136 2913 3343 2986 Κύριος
3370 2918 3607 2989 στηρίξῃ

352 2991 608 3069 metallis,
641 3004 876 3070 exsiliis,
909 3005 1179 3061 custodiis
1207 3013 1262 3062 et
1289 3007 1550 3074 vinculis,
1576 3018 1799 3081 propter
1826 3028 1927 3068 no-

2033 3007 2225 3073 αὐτοὺς
2280 3007 2376 3062 καὶ
2439 2991 2736 3079 βεϐαἷώσῃ.
2806 3006 2981 3077 Ὑπὲρ
3036 3006 3145 3061 τῶν
3200 3007 3260 3060 ἐν
3315 3008 3607 3081 ἀρρωστίᾳ

350 3110 479 3149 men
513 3093 751 3158 Domini,
781 3105 1094 3158 versantur,
1121 3108 1361 3150 oremus.
1421 3093 1528 3150 Pro
1559 3098 1755 3152 acerba
1805 3113 1921 3153 ser-
1947 3124 1953 3160 4

2033 3097 2423 3173 ἐξεταζομένων
2470 3099 2713 3169 ἀδελφῶν
2741 3097 2896 3170 ήμῶν
2914 3098 3219 3170 δεηθῶμεν·
3251 3100 3401 3164 ὅπως
3431 3102 3462 3152 6
3487 3102 3605 3154 Κύ-

350 3182 525 3239 vitute
561 3181 840 3252 oppressis
864 3197 1107 3239 oremus.
1168 3180 1275 3237 Pro
1311 3183 1548 3239 inimicis
1578 3193 1633 3240 et
1671 3186 1798 3242 odio
1825 3188 1926 3242 ha-

2033 3205 2145 3263 ριος
2176 3191 2406 3264 ῥύσηται
2433 3190 2630 3255 αὐτοὺς
2660 3190 2841 3262 πάσης
2897 3180 3053 3245 νόσου
3086 3191 3178 3245 καὶ
3214 3190 3394 3263 πάσης
3430 3194 3605 3263 μαλα-

348 3273 604 3333 bentibus
650 3289 772 3343 nos,
821 3286 1040 3331 oremus
1095 3292 1110 3330 :
1171 3288 1272 3345 pro
1326 3278 1782 3347 persequentibus
1822 3295 1925 3336 nos

2033 3281 2170 3347 ιιίας,
2222 3283 2317 3337 ml.
2369 3281 2542 3346 σώους
2595 3282 3020 3354 ἀποκαταστήσῃ
3048 3283 3115 3353 τῇ
3146 3282 3274 3353 ἁγίᾳ
3304 3280 3603 3337 αὐτοῦἙκ-

347 3373 570 3445 propter
600 3380 799 3421 nomen
822 3363 1060 3430 Domini,
1091 3380 1312 3422 oremus
1338 3387 1350 3423 :
1380 3375 1442 3423 ut
1480 3367 1763 3439 Dominus,
1815 3374 1921 3429 mi-

2033 3372 2242 3447 κλησίᾳ.
2291 3374 2465 3447 Ὑπὲρ
2496 3373 2772 3429 πλεόντων
2813 3374 2911 3428 καὶ
2942 3374 3365 3446 ὁδοιπορούντων
3396 3375 3603 3448 δεηθῶ-

351 3460 519 3530 tigato
548 3475 734 3514 eorum
790 3457 994 3524 furore,
1046 3458 1276 3531 dissipet
1323 3461 1461 3518 iram
1518 3464 1783 3521 adversus
1818 3480 1922 3523 nos

2033 3483 2124 3537 μεν
2145 3484 2161 3499 ’
2198 3466 2340 3538 ὑπὲρ
2370 3467 2477 3520 τῶν
2508 3468 2566 3520 ἐν
2597 3465 2878 3538 μετάλλοις
2908 3465 3004 3519 καὶ
3036 3465 3272 3538 ἐξορίαις
3301 3469 3396 3521 καὶ
3429 3468 3604 3537 φύλα-

346 3553 700 3607 concitatam.
732 3548 839 3606 Pro
892 3551 961 3607 iis
1010 3552 1104 3622 qui
1134 3552 1271 3610 foris
1300 3562 1449 3620 sunt,
1485 3570 1549 3610 ac
1577 3571 1767 3613 errore
1817 3557 1923 3613 du-

2033 3559 2144 3621 ιιαῖς
2174 3559 2269 3612 καὶ
2324 3557 2545 3628 δεσμοῖς
2583 3558 2752 3611 ὄντων
2781 3555 2870 3610 διά
2913 3556 2977 3611 τὸ
3019 3557 3189 3628 ὄνομα
3220 3557 3316 3611 τοῦ
3362 3560 3598 3631 Κυρίου,

346 3656 565 3709 cuntur,
599 3659 847 3711 oremus;
878 3653 938 3698 ut
961 3643 1227 3701 Dominus
1250 3648 1374 3704 illos
1397 3658 1699 3707 convertat.
1734 3650 1919 3707 Infan-

2033 3648 2296 3721 ςεηθῶμεν
2318 3666 2334 3682 ο
2388 3649 2531 3721 ὑπὲρ
2575 3649 2683 3703 τῶν
2714 3650 2774 3703 ἐν
2802 3649 2977 3721 πικρᾷ
3011 3649 3224 3722 δουλείᾳ
3255 3666 3599 3705 καταπονου-

344 3740 478 3792 tium
504 3736 761 3791 Ecclesiae
818 3734 1203 3805 recordemur;
1255 3739 1334 3792 uti
1390 3738 1675 3805 Dominus,
1708 3757 1804 3798 eos
1861 3743 1918 3799 in

342 3830 538 3882 timore
564 3841 667 3881 suo
690 3824 883 3880 reddat
912 3824 1205 3896 perfectos,
1228 3834 1283 3882 et
1312 3826 1381 3882 ad
1420 3843 1734 3885 mensuram
1784 3837 1917 3885 aela-

347 3916 417 3971 tis
448 3919 729 3987 perducat.
766 3916 871 3973 Pro
905 3918 1065 3974 nobis
1090 3918 1321 3973 invicem
1351 3935 1604 3989 oremus;
1639 3933 1700 3979 ut
1726 3922 1915 3979 Domi-

346 4024 453 4063 nus
490 4009 665 4079 gratia
708 4024 806 4064 sua
837 4019 1017 4067 servet
1064 4026 1165 4067 nos
1203 4027 1268 4068 ac
1314 4013 1586 4069 custodiat
1626 4030 1800 4086 usque
1842 4017 1909 4072 ad

344 4098 529 4162 ﬁnem,
567 4110 620 4153 et
653 4098 847 4154 liberet
896 4117 997 4158 nos
1026 4117 1057 4156 a
1098 4104 1261 4169 malo,
1290 4113 1343 4160 et
1370 4106 1438 4160 ab
1469 4108 1725 4163 omnibus
1752 4124 1912 4163 scan-

344 4187 482 4244 dalis
508 4194 851 4259 operantium
896 4194 1241 4265 iniquitatem
1276 4198 1344 4261 7',
1374 4206 1429 4253 et
1460 4200 1639 4255 salvos
1676 4215 1777 4257 nos
1810 4202 1915 4256 du-

345 4287 434 4332 cat
476 4279 529 4333 in
593 4297 818 4352 regnum
877 4299 1036 4339 suum
1091 4288 1329 4342 caeleste.
1372 4288 1478 4344 Pro
1527 4290 1676 4345 omni
1729 4290 1910 4346 anima

343 4367 653 4426 Christiana
683 4386 923 4429 oremus.
971 4375 1132 4431 Salva
1164 4387 1217 4432 et
1247 4379 1395 4449 erige
1438 4396 1561 4445 nos,
1606 4381 1769 4448 Deus,
1807 4385 1912 4438 mi-

2023 3741 2197 3811 μένων
2225 3741 2505 3814 δεηθιῖῳεν
2529 3758 2545 3774 ο
2576 3740 2717 3813 ὑπὲρ
2746 3740 2957 3812 ἐχθρῶν
2993 3740 3090 3794 καὶ
3123 3741 3419 3809 μισούντων
3449 3745 3599 3815 ἡμᾶς

2017 3832 2294 3905 δεηθῶμεν
2318 3851 2333 3865 θ
2368 3834 2510 3905 ὑπὲρ
2535 3832 2649 3887 τῶν
2704 3832 3011 3887 διωκόντων
3042 3834 3189 3904 ήμᾶς
3218 3833 3307 3887 διά
3332 3835 3396 3887 τὸ
3423 3836 3597 3908 ϐνομα

2017 3924 2110 3977 τοῦ
2142 3924 2366 3997 Κυρίου,
2408 3924 2687 3997 δεηθῶμεν
2710 3940 2726 3956 ο
2760 3924 2907 3987 ὅπως
2933 3924 2962 3976 6
2994 3924 3196 3995 Κύριος
3225 3925 3475 3997 πραΰνας
3501 3929 3597 3981 τὸν

2016 4014 2182 4086 θυμὸν
2206 4016 2383 4069 αὐτῶν
2428 4015 2752 4085 διασκεδάσῃ
2772 4015 2871 4085 τὴν
2903 4014 3023 4068 καθ’
3046 4018 3078 4085 ή
3089 4015 3203 4086 μῶν
3230 4015 3402 4087 ὀργήν
3436 4018 3554 4091 (27)
3575 4037 3590 4050 ·

2014 4105 2155 4178 ὑπὲρ
2184 4106 2294 4159 τῶν
2339 4106 2445 4175 ἐξω
2484 4106 2652 4161 ὄντων
2689 4107 2783 4159 καὶ
2816 4106 3242 4178 πεπλανημένων
3267 4107 3591 4181 δεηθῶμεν·

2012 4196 2161 4261 ὅπως
2188 4198 2218 4250 6
2247 4198 2452 4271 Κύριος
2483 4199 2683 4261 αὐτοὺς
2732 4198 3055 4270 ἐπιστρέψῃ.
3087 4198 3209 4253 Τῶν
3252 4202 3466 4270 νηπίων
3490 4203 3593 4274 τῆς

2023 4288 2347 4361 Ἐκκλησίας
2407 4289 2907 4362 μνημονεύσωμεν⁸
2965 4290 3116 4354 ὃπως
3172 4292 3201 4344 6
3243 4292 3451 4363 Κύριος
3498 4312 3589 4347 τε-

2014 4381 2242 4447 λειώσας
2273 4382 2413 4436 αὐτὰ
2442 4384 2499 4437 ἐν
2531 4382 2610 4454 τῷ
2630 4380 2780 4453 φόϐῳ
2806 4381 3001 4445 αὐτοῦ,
3033 4383 3114 4447 εἰς
3147 4383 3345 4454 μέτρον
3371 4384 3591 4456 ήλικίας

339 4461 635 4517 sericordia
689 4472 801 4519 tua.
860 4463 1183 4537 Surgamus.
1237 4466 1468 4525 Orantes
1535 4471 1760 4538 intente,
1808 4465 1953 4530 nos]

2033 4473 2247 4545 ιγάγῃ·¹
2277 4473 2419 4545 ὑπὲρ
2465 4472 2704 4544 ἀλλήλων
2740 4473 3046 4545 δεηθῶμενε
3102 4475 3253 4538 ὅπως
3294 4476 3326 4528 6
3381 4477 3590 4549 Κύριος

340 4550 489 4622 ipsos
541 4561 705 4624 atque
766 4564 980 4625 mutuo,
1030 4558 1233 4619 viventi
1286 4559 1418 4623 Deo,
1473 4576 1572 4631 per
1624 4562 1908 4620 Christum

335 4643 459 4711 ejus
512 4647 979 4705 commendemus.
1032 4649 1292 4707 Precetur
1327 4660 1509 4707 autem
1561 4652 1828 4723 pontiiex,
1855 4665 1910 4713 et

331 4734 477 4789 dicat
505 4753 521 4789 :

334 4822 481 4895 σώσῃ
510 4826 588 4889 είς
616 4826 715 4898 τὴν
748 4826 1021 4897 βασιλείαν
1065 4829 1231 4883 αὐτοῦ
1252 4831 1351 4903 τὴν
1382 4833 1724 4905 ἐπουράνιον.
1782 4840 1959 4914 Ὑπὲρ

2004 4567 2217 4643 τηρήσῃ
2247 4564 2359 4635 (28)
2388 4566 2534 4635 ἡμᾶς
2586 4566 2683 4630 καὶ
2739 4566 2950 4641 φυλάξῃ
2981 4568 3050 4638 τῇ
3074 4565 3238 4621 αὐτοῦ
3279 4566 3472 4638 χάριτι
3504 4573 3588 4636 είς

2003 4656 2173 4719 τέλος,
2201 4657 2295 4709 ml.
2336 4657 2567 4728 ρύσηται
2624 4658 2772 4728 ἡμᾶς
2818 4658 2913 4711 τοῦ
2966 4658 3202 4731 πονηροῦ
3234 4659 3330 4711 ml
3364 4661 3587 4715 πάντων

2004 4746 2113 4801 τῶν
2148 4746 2455 4802 σκανδάλων
2508 4748 2616 4802 τῶν
2648 4748 3028 4821 ἐργαζομένων
3072 4750 3173 4821 τὴν
3204 4751 3455 4822 ἀνομίαν,
3488 4753 3586 4809 καὶ

2003 4842 2183 4912 πάσης
2219 4842 2396 4914 ψυχῆς
2425 4844 2741 4914 χριστιανῆς
2772 4842 3070 4913 δεηθῶμεν.
3111 4842 3292 4895 Σῶσον
3322 4845 3417 4897 καὶ
3445 4846 3581 4899 ἀνά-

333 4932 526 5009 στησον
574 4921 720 4990 ἡμᾶς
768 4921 797 4973 6
849 4922 981 4985 Θεὸς
1007 4921 1088 4993 τῷ
1146 4923 1287 4977 ἐλέει
1337 4942 1450 4980 σου.
1517 4929 1903 5005 Ἑγειρώμεθα.
1953 4935 2248 5009 Δεηθέντες
2278 4935 2510 5000 ἐκτενῶς
2558 4938 2785 5000 ἑαυτοὺς
2831 4937 2927 4990 ml.
2974 4936 3236 5008 ἀλλήλους
3277 4936 3358 4991 τῶ
3411 4937 3583 5003 ζῶντι

329 5006 446 5079 Θεῷ
464 5008 551 5063 διὰ
575 5011 670 5064 τοῦ
698 5012 933 5082 Χριστοῦ
952 5013 1115 5066 αὐτοῦ
1142 5014 1532 5087 παραθώμεθα.
1571 5021 1915 5095 Ἐπευχέσθω
1943 5026 2000 5081 δὲ
2033 5006 2144 5099 ('29)
2175 5029 2204 5081 6
2226 5027 2539 5105 ἀρχιερεὺς,
2574 5027 2669 5080 ml.
2701 5026 2925 5095 λεγέτω·

917 5127 1147 5184 CAPUT
1190 5128 1281 5185 XI.

773 5217 1041 5274 Invocatio
1060 5235 1155 5289 pro
1178 5221 1441 5290 ﬁdelibus.

398 5305 624 5365 Domine
649 5311 1015 5381 omnipotens.
1055 5312 1381 5381 celsissime,
1416 5317 1508 5387 qui
1540 5317 1597 5375 in
1627 5321 1755 5379 altis
1792 5322 1890 5380 ha-

395 5424 439 5455 "
478 5423 669 5480 Matth.
698 5440 815 5493 xix,
847 5427 938 5482 ‘29.
1012 5426 1061 5460 ⁷⁸
1098 5426 1247 5485 Psal.
1279 5445 1404 5499 CXL,
1436 5431 1494 5488 9.

2521 5141 2917 5199 ΚΕΦΑΛΑΙΟΝ
2950 5142 3052 5195 ῙΑ’.

2398 5234 2749 5301 Ἐπικλησις
2783 5232 2902 5287 τῶν
2930 5231 3179 5288 πιστῶν.

2064 5326 2236 5400 Κύριε
2292 5326 2689 5397 παντὸκρατορ,
2724 5325 2949 5397 ὖψιστε,
2991 5325 3022 5379 6
3067 5325 3127 5380 ἐν
3174 5324 3399 5399 ὑψηλοῖς
3437 5344 3576 5397 κατ-

1638 5566 2001 5629 VARIORUM
2027 5568 2261 5627 ΝΟΤίΕ.

390 5690 509 5841 ξὲΰ)
550 5696 821 5753 Εὑοδίου.
854 5698 954 5755 Ms.
982 5700 1141 5757 Vind.
1188 5704 1477 5761 ’Λννιανοῦ.
1507 5708 1676 5764 Cum.

412 5762 503 5831 27)
553 5765 778 5837 Ὀργήν.
812 5770 972 5829 Addit
1000 5774 1125 5831 cod.
1161 5773 1321 5834 Vind.
1346 5777 1638 5841 δεηθῶμεν.
1674 5784 1676 5835 l

412 5762 503 5841 εγ)
553 5765 778 5837 Ὀργήν.
812 5770 972 5829 Addit
1000 5774 1125 5831 cod.
1161 5773 1321 5834 Vind.
1346 5762 1746 5851 δεηοῶμενξιυ.

2086 5713 2175 5789 ἓξ)
2220 5712 2477 5789 Τηρήςη-
2511 5714 2845 5789 Αξαῖηρήρῃο
2872 5714 3007 5789 Cod-
3038 5715 3200 5789 Yiud-
3230 5716 3309 5777 ιυ-

2086 5713 2155 5767 28
2220 5713 2477 5782 Τηρήσῃ.
2511 5714 2845 5789 Διατηρήσῃ.
2872 5714 3007 5771 Cod.
3038 5715 3130 5772 Vit

2065 5713 2175 5857 €29;
2210 5783 2300 5841 Δέ.
2333 5782 2437 5839 Οὗν
2465 5784 2585 5840 cod.
2624 5783 2783 5842 Vind.
2820 5786 3130 5847 κραίνειν.
