3886 6190
300 284 439 344 1089

1169 287 1767 347 CONSTlTUTlONES
1805 286 2479 344 APOSTOLICIE.~LIB.
2520 288 2652 346 Vill.

3398 292 3540 350 1090

292 402 481 470 οικῶν,
499 401 621 473 ἅγιε
649 403 709 459 ἐν
739 402 915 473 ἁγίοις
941 404 1579 476 άναπαυόμενε,άναρχε,
1604 403 1837 475 μόναρχε
1853 420 1865 432 ·

1974 400 2137 465 bitas,
2170 407 2391 466 sancte,
2424 402 2514 470 qui
2576 402 2631 455 in
2679 402 2887 457 sanctis
2937 403 3257 474 requiescis,
3312 405 3543 479 originis

290 508 324 551 ο
373 494 463 550 διὰ
510 496 748 569 Χριστοῦ
808 498 1070 568 κήρυγμα
1138 496 1391 566 γνώσεως
1431 496 1555 560 δοὺς
1607 497 1738 567 ἡμῖν
1789 496 1869 558 είς

291 589 591 658 ἐπίγνωσιν
615 590 715 662 τῆς
744 588 846 661 σῆς
884 589 1043 662 δόξης
1076 590 1175 644 καὶ
1216 587 1310 643 τοῦ
1352 588 1614 661 ὀνόματός
1659 605 1773 651 σου,
1806 581 1867 640 οὗ

291 681 641 752 ἐφανέρωσεν
698 685 832 755 ήμίν
893 684 976 747 είς
1032 682 1335 755 κατάληψιν
1361 698 1374 714 ο
1440 681 1602 745 αὐτὸς
1632 681 1724 734 καὶ
1775 680 1869 734 νῦν

289 772 443 827 ἔπιδε
473 773 540 827 δι’
572 773 736 827 αὑτοῦ
786 774 881 829 ἐπὶ
907 776 968 829 τὸ
1012 775 1262 847 ποίμνιόν
1304 790 1397 827 σου
1428 772 1615 826 τοῦτο·
1654 773 1747 827 καὶ
1771 772 1867 825 λύ-

287 881 499 938 τρωσαι
532 866 665 920 αὐτὸ
698 866 878 938 πάσης
903 867 1147 936 ἀγνοίας,
1186 866 1281 921 καὶ
1309 867 1552 937 πονηρᾶς
1578 862 1827 937 πράξεως
1850 882 1864 895 ο

287 960 385 1012 καὶ
411 957 501 1020 δὸς
530 958 681 1030 φόϐῳ
709 958 991 1028 φοϐεῖσθαί
1019 976 1100 1025 σε,
1133 959 1227 1013 καὶ
1277 957 1465 1029 ἀγάπη
1496 957 1716 1027 ἀγαπᾷν
1774 973 1865 1021 σε,

288 1051 386 1103 καὶ
417 1049 733 1104 στέλλεσθαι
778 1051 887 1104 ἀπὸ
916 1049 1208 1123 προσώπου
1253 1049 1410 1121 δόξης
1442 1065 1534 1102 σου
1556 1065 1573 1081 ο
1631 1048 1867 1119 εὐμενὴς

286 1142 474 1206 αὐτοῖς
502 1140 686 1212 γενοῦ,
716 1145 814 1198 καὶ
844 1144 1022 1211 ἵλεως,
1055 1144 1153 1198 καὶ
1180 1144 1413 1215 ἐπήκοος
1458 1142 1516 1195 ὲν
1545 1142 1665 1205 ταῖς
1695 1158 1865 1213 προσ-

284 1236 479 1304 ευχαῖς
531 1234 711 1290 αὐτῶν
735 1252 751 1268 ο
809 1237 904 1290 καὶ
968 1235 1203 1306 φύλαξον
1276 1234 1473 1297 αὐτοὺς
1523 1233 1863 1305 ἀτρέπτους,

284 1325 641 1397 ἀμέμπτους,
695 1328 1063 1401 ἀνεγκλήτους
1088 1346 1100 1359 θ
1147 1329 1236 1382 ἵνα
1275 1321 1408 1380 ὦσιν
1462 1324 1606 1395 ἆγιοι
1654 1324 1865 1396 σώματι

285 1418 387 1471 καὶ
417 1418 584 1491 ψυχῇ,
636 1420 712 1493 μὴ
752 1420 969 1492 ἔχοντες
1028 1420 1215 1475 σπῖλον
1267 1419 1301 1491 ἢ
1351 1418 1538 1491 ῥυτίδα
1584 1418 1618 1488 ή
1661 1434 1714 1470 τι
1756 1416 1866 1469 τῶν

282 1509 544 1565 τοιούτων
569 1530 582 1543 ⁶
608 1511 723 1565 ἀλλ’
755 1512 841 1567 ἵνα
873 1508 1006 1567 ὦσιν
1036 1513 1235 1584 ἄρτιοι,
1266 1511 1359 1565 καὶ
1382 1510 1569 1582 μηδεὶς
1594 1510 1653 1561 ἐν
1686 1507 1866 1571 αὐτοῖς

282 1598 323 1677 ᾖ
360 1602 579 1667 κολοϐὸς
597 1603 630 1675 ἢ
649 1605 862 1677 ἀτελής.
890 1605 1115 1678 Ἀρωγὲ,
1136 1603 1348 1667 δυνατὲ,
1370 1600 1862 1675 ἀπροσωπόληπτε,

281 1695 447 1764 γενοῦ
477 1696 824 1771 ἀντιλήπτωρ
851 1697 947 1751 τοῦ
976 1698 1104 1751 λαοῦ
1147 1714 1239 1751 σου
1269 1696 1482 1760 τούτου,
1512 1695 1571 1748 ὃν
1604 1693 1865 1765 ἐξηγόρα-

281 1803 387 1851 σας
410 1787 521 1861 (50)
547 1788 624 1861 τῷ
654 1789 822 1862 τιμίῳ
846 1789 941 1845 τοῦ
962 1785 1197 1863 Χριστοῦ
1232 1806 1325 1842 σου
1368 1788 1579 1860 αἵματι.
1613 1785 1859 1859 Προστά-

279 1897 405 1953 της,
436 1882 743 1956 ἐπίκουρος,
767 1883 988 1955 ταμίας,
1029 1882 1223 1954 φύλαξ,
1277 1885 1454 1953 τεῖχος
1479 1880 1861 1954 ἐρυμνότατον,

278 1974 568 2046 φραγμὸς,
626 1974 894 2046 ἀσφάλεια
947 1975 1099 2047 (51),
1152 1975 1233 2028 ὅτι
1283 1974 1349 2027 ἐκ
1387 1974 1485 2043 τῆς
1532 1972 1633 2042 σῆς
1682 1971 1863 2043 χειρὸς

277 2068 459 2131 οὐδεὶς
492 2067 739 2139 ἁρπάσαι
788 2067 1046 2122 δύναται·
1092 2066 1213 2121 οὐδὲ
1240 2066 1348 2139 γάρ
1376 2068 1491 2120 ἐστι
1516 2065 1647 2130 Θεὸς
1674 2065 1864 2139 ὥσπερ

282 2161 353 2214 σὺ
381 2161 570 2233 ἕτερος
593 2178 608 2192 °
640 2161 723 2214 ὅτι
752 2161 811 2214 ἐν
846 2160 931 2214 σοὶ
984 2162 1018 2231 ή
1051 2160 1296 2232 ὑπομονὴ
1328 2159 1504 2231 ἡμῶν.
1541 2178 1559 2210 ι
1610 2157 1861 2227 Ἀγίασον

279 2254 481 2317 αὐτοὺς
508 2254 567 2307 ἐν
598 2256 666 2325 τῇ
699 2252 923 2325 ἀληθείᾳ
954 2269 1070 2317 σου,
1103 2252 1236 2305 ὃτιὸ
1266 2251 1421 2320 λόγος
1448 2253 1476 2305 6
1509 2250 1600 2314 σὸς
1636 2250 1863 2322 ἀλήθειά

277 2346 485 2399 ἐστιν.»
535 2346 987 2419 ’Δπροσχάριστε,
1007 2344 1409 2417 ἀπαραλόγιστε
1430 2360 1445 2376 ·
1480 2343 1637 2415 ῥῦσαι
1666 2343 1862 2409 αὐτοὺς

278 2438 466 2508 πάσης
494 2438 651 2492 νόσου
685 2438 780 2492 καὶ
807 2437 988 2510 πάσης
1019 2437 1309 2509 μαλακίας,
1332 2437 1531 2501 παντὸς
1562 2437 1863 2509 παραπτώ-

279 2547 476 2601 ματος,
541 2531 724 2603 πάσης
784 2531 1049 2603 ἐπηρείας
1103 2532 1195 2584 καὶ
1256 2530 1491 2602 ἀπάτης,
1543 2531 1652 2584 ἀπὸ
1695 2530 1859 2600 φόϐου

279 2622 501 2695 ἐχθροῦ,
528 2622 638 2677 ἀπὸ
668 2622 856 2694 βέλους
885 2622 1183 2694 πετομένου
1209 2622 1441 2694 ἡμέρας,
1473 2622 1583 2675 ἀπὸ
1604 2623 1865 2694 πράγμα-

277 2732 375 2779 τος
432 2716 489 2770 ἐν
555 2703 739 2769 σκότει
793 2716 1250 2787 διαπορευομένου
1296 2733 1309 2747 ο
1382 2716 1476 2769 καὶ
1526 2715 1861 2782 καταξίωσον

278 2808 481 2872 αὐτοὺς
508 2809 609 2880 τῆς
649 2807 869 2863 αἰωνίου
900 2808 1064 2879 ζωῆς,
1101 2809 1202 2879 τῆς
1259 2810 1317 2861 ἐν
1363 2808 1582 2880 Χριστῷ
1635 2808 1714 2879 τῷ
1745 2808 1862 2880 Υἱῷ

279 2916 379 2954 σου
410 2900 489 2971 τῷ
524 2903 821 2971 μονογενεῖ,
862 2899 941 2971 τῷ
971 2899 1090 2970 Θεῷ
1120 2898 1214 2953 καὶ
1243 2900 1454 2972 Σωτῆρι
1481 2898 1637 2971 ἡμῶν
1656 2916 1671 2931 ο
1705 2900 1770 2953 δι’
1798 2895 1862 2953 οὗ

280 3006 366 3048 σοι
392 2993 519 3060 δόξα
548 2993 643 3047 καὶ
679 2993 862 3059 σέϐας,
896 2994 954 3046 ἐν
986 2993 1126 3064 ἁγίῳ
1157 2992 1457 3064 Πνεύματι,
1486 2992 1600 3058 νῦν,
1630 2993 1725 3046 καὶ
1749 2993 1857 3058 ἀεὶ,

281 3086 377 3139 καὶ
403 3086 483 3149 είς
512 3086 640 3150 τοὺς
669 3085 873 3149 αίῶνας
892 3084 1000 3138 τῶν
1042 3084 1271 3139 αἰώνων.
1336 3084 1527 3156 Ἀμήν.
1564 3086 1675 3139 Καὶ
1721 3084 1860 3157 μετά

276 3178 441 3232 τοῦτο
465 3178 670 3248 λεγέτω
700 3180 729 3232 6
758 3178 1003 3242 διάκονος
1026 3195 1041 3209 ’
1096 3178 1448 3249 Πρόσχωμεν.
1511 3179 1621 3232 Καὶ
1676 3178 1856 3233 ἀσπα-

279 3271 457 3337 ζέσθω
484 3274 513 3325 6
545 3272 841 3337 ἐπίσκοπος
894 3272 994 3343 τὴν
1026 3270 1343 3341 ἐκκλησίαν,
1384 3272 1479 3325 καὶ
1506 3270 1710 3340 λεγέτω
1731 3290 1745 3304 ⁸
1793 3274 1859 3329 Ἡ

278 3365 471 3435 εἰρήνη
499 3365 596 3419 τοῦ
652 3364 787 3419 Θεοῦ
847 3366 984 3436 μετά
1038 3364 1253 3418 πάντων
1306 3363 1459 3435 ὑμῶν
1485 3381 1498 3395 ο
1534 3364 1628 3418 καὶ
1658 3367 1687 3420 6
1732 3366 1860 3433 λαὸς

275 3455 697 3529 ἀποκρινάσθωο
752 3459 863 3512 Kai.
897 3458 1035 3531 μετά
1060 3458 1154 3513 τοῦ
1208 3455 1515 3531 πνεύματός
1545 3477 1658 3513 σου.
1694 3460 1805 3513 Καὶ
1829 3463 1860 3516 6

268 3548 525 3619 ,διάκονος
578 3551 789 3606 είπάτω
843 3553 1040 3605 πᾶσιν·
1110 3550 1473 3605 ’Δσπάσασθε
1508 3551 1767 3623 ἀλλήλους
1801 3553 1859 3606 ἐν

279 3639 545 3711 φιλήματι
602 3642 763 3712 ἁγίῳ.
812 3643 921 3696 Καὶ
973 3642 1401 3707 ἀσπαζέσθωσαν
1446 3644 1496 3697 οἱ
1522 3644 1616 3697 τοῦ
1656 3645 1857 3717 κλήρου

276 3730 373 3783 τὸν
401 3731 699 3787 ἐπίσκοπον
727 3732 861 3806 (52),
891 3735 941 3787 oi
992 3733 1169 3787 λαῖκοὶ
1222 3734 1412 3807 ἄνδρες
1458 3736 1585 3799 τοὺς
1615 3736 1856 3802 λαῖκοὺς,

278 3825 340 3877 αί
376 3828 632 3892 γυναῖκες
656 3826 756 3890 τάς
784 3828 1066 3896 γυναῖκας.
1114 3826 1194 3880 Τά
1224 3827 1406 3882 παιδία
1431 3827 1488 3881 δὲ
1512 3829 1858 3900 στηκέτωσαν

280 3916 420 3987 πρὸς
446 3918 525 3988 τῷ
555 3918 776 3990 βήματι,
843 3920 937 3972 καὶ
986 3918 1228 3983 διάκονος
1260 3919 1443 3984 αὐτοῖς
1485 3921 1670 3992 ’ἐτερος
1719 3920 1860 3976 ἔστω

276 4008 543 4077 ἐφεστὼς,
566 4011 714 4074 ὅπως
744 4010 818 4082 μὴ
846 4011 1142 4065 ἀτακτῶσι.
1174 4012 1285 4065 Καὶ
1308 4012 1457 4066 ἄλλοι
1487 4013 1723 4068 διάκονοι
1758 4032 1858 4067 πε-

281 4101 703 4172 ριπατείτωσαν,
725 4104 819 4156 καὶ
846 4103 1217 4157 σκοπείτωσαν
1264 4106 1391 4168 τοὺς
1416 4106 1612 4176 ἄνδρας
1637 4106 1729 4159 καὶ
1760 4106 1859 4170 τὰς

277 4195 564 4260 γυναῖκας,
594 4193 742 4258 ὅπως
778 4195 852 4266 μὴ
911 4194 1138 4265 θόρυϐός
1193 4212 1280 4260 τις
1338 4198 1451 4271 (55)
1485 4199 1728 4269 γένηται,
1763 4201 1859 4255 κα)⁸

281 4285 359 4355 μή
378 4299 462 4347 τις
493 4284 678 4356 νεύσῃ,
703 4284 740 4356 ἦ
772 4284 1051 4357 ψιθυρίσῃ,
1085 4284 1118 4357 ἢ
1156 4287 1413 4360 νυστάξῃ.
1450 4291 1513 4343 Οἱ
1534 4291 1591 4343 δὲ
1622 4291 1857 4346 διάκονοι

279 4376 621 4431 ίστάσθωσαν
669 4379 751 4442 είς
800 4378 897 4442 τὰς
928 4378 1038 4432 τῶν
1086 4379 1295 4451 ἀνδρῶν
1327 4378 1515 4454 θύρας,
1539 4385 1632 4437 καὶ
1659 4386 1709 4437 οἱ
1735 4386 1860 4439 ὐπο-

1967 509 2186 563 expers,
2218 494 2548 557 monarcba;
2579 494 2672 565 qui
2707 509 2801 564 per
2823 494 3102 551 Christum
3129 497 3327 552 dedisti
3380 499 3543 555 nobis

1967 584 2301 655 cognitionis
2347 586 2790 657 praedicationem
2849 588 2904 642 in
2964 588 3294 659 agnitionem
3355 591 3543 660 gloria:

1966 683 2075 731 tuae
2115 692 2179 732 ac
2227 678 2467 734 nominis
2523 678 2626 744 tui,
2676 680 2824 750 quod
2878 681 3245 736 manifestavit
3275 682 3432 737 nobis
3472 682 3542 738 ad

1967 770 2511 840 comprehensionem
2558 790 2571 825 :
2615 771 2731 841 ipse
2760 787 2907 826 nunc
2943 788 3162 843 quoque
3194 775 3407 843 respice
3446 789 3544 843 per

1966 862 2147 932 ipsum
2172 863 2225 916 in
2248 864 2351 917 hoc
2372 864 2515 918 ovile
2550 871 2815 931 tuum;et
2847 865 3018 919 libera
3052 865 3183 919 illud
3215 867 3358 919 omni
3392 852 3543 936 ignoi-

1966 956 2166 1018 rantia,
2192 964 2247 1011 et
2283 972 2450 1026 prava
2490 958 2733 1023 actione;
2758 965 2813 1013 et
2835 958 2903 1012 da
2936 966 2994 1012 ut
3023 968 3075 1013 te
3106 959 3299 1015 timore
3330 961 3541 1025 timeat,

1966 1064 2031 1103 ac
2062 1049 2356 1104 dilectione
2379 1056 2432 1104 te
2462 1049 2674 1121 diligat,
2701 1059 2755 1105 et
2774 1051 3165 1106 contremiscat
3199 1067 3227 1105 a
3258 1050 3396 1107 facie
3426 1052 3544 1122 gloo

1966 1141 2063 1196 ria:
2092 1150 2238 1197 tuae:
2276 1143 2353 1197 sis
2385 1142 2465 1198 eis
2497 1143 2760 1209 clemens,
2816 1144 3110 1214 propitius,
3147 1159 3210 1198 ac
3255 1145 3544 1201 exauditor

1967 1233 2023 1287 in
2058 1234 2317 1304 precibus
2341 1250 2572 1301 eorum;
2622 1242 2675 1289 et
2709 1236 2922 1291 custodi
2975 1236 3098 1292 illos
3149 1236 3541 1302 immutabiles,

1966 1325 2402 1397 irreprebensos,
2432 1327 2781 1397 inculpatos:
2838 1337 2899 1382 ut
2937 1330 3049 1383 sint
3081 1331 3258 1384 sancti
3310 1345 3544 1400 corpore

1966 1431 2125 1491 atque
2160 1422 2361 1484 anima,
2393 1436 2503 1474 non
2537 1421 2801 1476 habentes
2830 1423 3122 1487 maculam,
3176 1431 3270 1476 aut
3326 1439 3539 1493 rugam,

1964 1526 2056 1568 aut
2084 1513 2287 1583 aliquid
2318 1512 2663 1582 hujusmodi;
2691 1514 2786 1570 sed
2814 1522 2873 1568 ut
2920 1516 3029 1571 sint
3071 1516 3289 1586 integri,
3329 1518 3541 1572 nullus-

1964 1622 2070 1677 que
2097 1606 2240 1661 inter
2268 1620 2362 1660 eos
2400 1616 2470 1661 sn
2502 1607 2728 1662 mutilus
2748 1646 2764 1673 ,
2794 1607 2880 1662 vel
2925 1607 3300 1679 imperfectus.
3344 1608 3541 1664 Defen-

1966 1714 2077 1763 sor,
2107 1706 2323 1768 potens,
2356 1712 2713 1767 personarum
2747 1713 2854 1753 non
2885 1710 3169 1769 acceptor;
3200 1701 3276 1755 sis
3310 1701 3542 1759 auxilia-

1967 1798 2055 1845 tor
2084 1791 2272 1861 populi
2304 1792 2381 1847 tui
2416 1792 2601 1861 hujus,
2627 1807 2788 1862 quem
2810 1791 3090 1846 redemisti
3122 1793 3367 1863 pretioso
3381 1791 3544 1847 Chri-

1964 1882 2035 1941 sti
2059 1884 2138 1936 tui
2169 1884 2474 1954 sanguine:
2532 1891 2820 1955 patronus,
2863 1883 3115 1952 adjutor,
3146 1891 3539 1955 propugnator,

1964 1982 2175 2040 custos,
2208 1990 2401 2030 murus
2432 1976 2765 2040 tutissimus,
2812 1974 3036 2037 vallum,
3098 1974 3310 2028 firmum
3353 1975 3544 2045 presi-

1962 2066 2135 2131 dium,
2162 2069 2417 2138 quoniam
2439 2083 2506 2122 ex
2535 2082 2696 2121 manu
2727 2074 2820 2120 tua
2850 2076 3011 2121 nemo
3038 2075 3216 2135 potest
3242 2082 3433 2137 rapere
3456 2060 3537 2121 ⁷⁹ε

1965 2172 2075 2216 non
2103 2162 2249 2217 enim
2280 2170 2366 2218 est
2416 2162 2558 2217 alius
2605 2159 2750 2215 Deus
2800 2160 2944 2215 sicut
2974 2169 3054 2226 tu,
3080 2160 3209 2229 quia
3249 2160 3305 2214 in
3356 2168 3409 2215 te
3455 2167 3542 2215 est

1965 2261 2155 2310 nostra
2176 2256 2536 2326 exspectatio.
2569 2271 2589 2303 ι
2622 2251 2914 2307 Sanctifica
2935 2268 3030 2307 eos
3057 2253 3113 2306 in
3153 2253 3378 2307 veritate
3406 2259 3538 2319 tua;

1964 2349 2223 2418 quoniam
2256 2362 2437 2403 sermo
2486 2353 2618 2402 tuus
2666 2346 2870 2401 veritas
2928 2352 3012 2399 est
3041 2344 3142 2399 “.2
3194 2342 3296 2409 Qui
3351 2343 3542 2415 gratia

1963 2462 2131 2503 causa
2173 2447 2309 2501 nihil
2358 2447 2496 2517 agis,
2537 2444 2629 2515 qui
2660 2444 2838 2513 decipi
2866 2458 2975 2497 non
3004 2449 3197 2511 potes;
3249 2440 3418 2495 libera
3442 2456 3541 2496 eos

1963 2540 2113 2595 omni
2141 2540 2333 2594 morbo
2355 2547 2409 2595 et
2425 2539 2572 2593 omni
2601 2537 2941 2599 inﬁrmitate,
2962 2534 3109 2589 omni
3135 2533 3357 2596 delicto,
3390 2532 3537 2593 omni

1964 2633 2165 2702 injuria
2224 2639 2279 2687 et
2338 2632 2552 2696 fraude,
2607 2646 2638 2683 a
2677 2630 2874 2683 timore
2924 2626 3132 2681 inimici
3177 2625 3245 2691 ⁸⁸,
3278 2638 3308 2677 a
3341 2624 3538 2694 sagitta

1962 2727 2182 2782 volante
2207 2742 2305 2797 per
2334 2726 2498 2789 diem,
2528 2740 2558 2778 a
2588 2723 2810 2794 negotio
2856 2722 2913 2776 in
2959 2720 3200 2775 tenebris
3247 2719 3539 2789 perambua

1963 2814 2113 2868 laute
2141 2813 2221 2879 ⁸²;
2254 2820 2311 2868 et
2339 2813 2566 2884 dignare
2603 2813 2725 2868 illos
2750 2822 2951 2867 :eterna
2983 2812 3114 2874 vita,
3144 2826 3266 2881 qua:
3297 2810 3352 2864 in
3378 2808 3541 2863 Chri-

1964 2915 2050 2962 sto
2077 2905 2217 2961 Filio
2245 2914 2340 2961 tuo
2392 2907 2695 2976 unigenito,
2726 2904 2837 2960 Deo
2888 2918 2951 2958 ac
3002 2903 3284 2958 Salvatore
3314 2912 3538 2971 nostro;

1962 3016 2061 3071 per
2081 3015 2243 3070 quem
2274 2999 2371 3053 tibi
2405 2999 2581 3069 gloria
2635 3007 2689 3054 et
2719 2998 2925 3060 cultus,
2964 2996 3019 3049 in
3075 3003 3267 3051 sancto
3306 2994 3536 3065 Spiritu,

1883 3114 1930 3174 ε
1964 3105 2132 3155 nunc,
2157 3100 2212 3146 et
2239 3104 2478 3160 semper,
2511 3100 2567 3145 et
2610 3095 2669 3144 in
2699 3088 2898 3144 saecula
2948 3089 3294 3142 saeculorum.
3340 3087 3535 3141 Amen.

1961 3182 2160 3239 Postea
2212 3182 2480 3237 diaconus
2528 3180 2676 3235 dicat
2721 3179 3151 3235 :Attendamus.
3218 3176 3284 3230 Et
3338 3177 3539 3232 salutet

1960 3279 2253 3347 episcopus
2286 3274 2577 3329 ecclesiam
2602 3312 2618 3337 ,
2644 3288 2710 3327 ac
2738 3272 2920 3327 dicat:
2984 3272 3091 3324 Pax
3120 3270 3237 3333 Dei,
3263 3285 3386 3323 cum
3419 3284 3539 3323 om-

1957 3371 2124 3426 nibus
2168 3368 2343 3424 vobis.
2388 3366 2453 3419 Et
2507 3366 2741 3437 populus
2775 3365 3140 3435 respondeat:
3176 3362 3241 3417 Et
3270 3377 3395 3418 cum
3423 3362 3539 3432 spi-

1963 3461 2071 3515 ritu
2100 3468 2217 3515 tuo.
2251 3457 2528 3513 Diaconus
2562 3471 2691 3511 vero
2750 3456 2896 3511 dicat
2948 3453 3249 3509 omnibus:
3290 3450 3538 3505 Salutate

1962 3568 2061 3608 vos
2090 3553 2323 3606 invicem
2350 3550 2406 3603 in
2436 3548 2628 3603 osculo
2652 3554 2846 3603 sancto
2872 3566 2886 3602 :
2917 3553 2971 3602 et
3000 3545 3184 3600 clerici
3217 3543 3538 3598 oscuientur

1962 3646 2299 3717 episcopum,
2332 3644 2456 3698 laici
2490 3641 2592 3697 viri
2621 3642 2815 3706 laicos,
2855 3639 3067 3694 femina:
3099 3638 3348 3692 feminas.
3372 3634 3537 3691 Pueri

1963 3746 2147 3791 autem
2178 3744 2326 3791 stent
2363 3735 2430 3789 ad
2460 3743 2795 3804 suggestum.
2822 3732 2899 3785 Ac
2932 3730 3197 3784 diaconus
3222 3729 3362 3782 alius
3400 3727 3536 3796 ipsis

1960 3828 2167 3898 prmsit,
2199 3842 2267 3881 ne
2291 3825 2601 3880 inordinate
2627 3838 2686 3877 se
2728 3831 2935 3892 gerant.
2963 3820 3030 3873 At
3061 3819 3151 3873 alii
3187 3818 3402 3873 diaconi
3441 3818 3535 3872 tle-

1962 3917 2674 3988 ambulent,inspiciantque
2687 3917 2833 3969 viros
2857 3929 2921 3968 ac
2946 3913 3224 3976 mulieres,
3242 3927 3309 3967 ne
3336 3913 3536 3981 strepi-

1962 4024 2052 4070 tus
2088 4013 2289 4083 aliquis
2317 4013 2548 4077 oriatur,
2602 4016 2655 4062 et
2700 4023 2769 4061 ne
2814 4005 2939 4075 quis
2994 4014 3188 4058 nutum
3233 4003 3419 4067 faciat,
3450 4004 3536 4059 vel

1962 4111 2236 4168 susurret,
2267 4103 2351 4158 vel
2375 4100 2651 4155 dormitet.
2684 4096 2909 4151 Diaconi
2931 4111 3060 4151 vero
3082 4103 3225 4151 stent
3248 4095 3314 4148 ad
3336 4095 3535 4164 januas

1959 4199 2225 4255 virorum,
2260 4202 2315 4250 et
2375 4190 2697 4248 subdiaconi
2729 4188 2798 4242 ad
2850 4190 3051 4257 januas
3095 4186 3423 4253 mulierum;
3474 4193 3535 4239 ut

1960 4303 2123 4343 nemo
2174 4285 2508 4357 egrediatur,
2558 4296 2693 4336 neve
2747 4278 3020 4350 aperiatur
3066 4277 3235 4347 janua
3293 4286 3536 4346 tempore

1961 4380 2277 4443 oblationis,
2311 4378 2439 4431 licet
2492 4373 2748 4428 adveniat
2796 4370 3067 4441 quispiam
3120 4367 3315 4422 ﬁdelis.
3379 4366 3535 4422 Unus

276 4470 517 4525 διάκονοι
548 4471 625 4535 είς,
659 4470 756 4535 τάς
780 4470 890 4525 τῶν
918 4448 1209 4542 γυναικῶν·
1247 4448 1408 4538 ὅπως·
1427 4476 1588 4547 μήτις
1630 4476 1854 4544 ἐξέλθοι,

1964 4482 2143 4528 autem
2175 4468 2545 4525 subdiaconus
2576 4464 2667 4519 det
2693 4462 3071 4519 sacerdotibus
3103 4474 3321 4529 aquam,
3356 4456 3422 4511 ad
3458 4457 3534 4509 la-

280 4562 421 4634 μήτε
466 4563 687 4634 ἀνοιχθῇ
718 4565 751 4634 ἡ
780 4562 940 4636 θύρα,
971 4564 1074 4617 κᾶν
1122 4566 1311 4629 πιστός
1342 4583 1427 4630 τις
1468 4565 1524 4641 ᾖ,
1580 4569 1723 4623 κατά
1763 4571 1856 4626 τὸν

277 4654 470 4724 καιρὸν
519 4654 618 4725 τῆς
676 4655 973 4727 ἀναφορᾶς.
1019 4652 1113 4719 Εἷς
1171 4657 1229 4710 δὲ
1286 4657 1635 4723 ύποδιάκονος
1671 4661 1857 4717 διδότω

1964 4566 2202 4621 vandum
2225 4577 2421 4617 manus
2445 4577 2459 4627 ;
2497 4573 2618 4628 quae
2659 4572 2750 4612 res
2776 4557 2993 4626 signum
3016 4561 3101 4608 est
3129 4550 3385 4621 puritatis
3409 4549 3531 4604 ani-

1966 4671 2177 4713 marum
2210 4654 2321 4707 Deo
2355 4657 2819 4706 consecratarum.

276 4748 535 4818 ἀπόνιψιν
576 4749 776 4822 χειρῶν
812 4753 925 4814 τοῖς
975 4749 1179 4821 ἱερεῦσι
1218 4751 1353 4822 (54),
1394 4748 1660 4824 σύμϐολον
1692 4756 2057 4828 καθαρότητος
2089 4747 2277 4821 ψυχῶν
2304 4746 2423 4816 Θεῷ
2452 4741 2841 4812 ἀνακειμένωνσ

356 4913 403 4944 ’θ
440 4912 600 4969 Joan.
634 4929 690 4977 ι,
719 4913 809 4968 29.

913 4914 957 4946 ⁸ο
997 4912 1161 4969 Joan.
1195 4932 1330 4979 xv",
1364 4914 1448 4970 17.
1526 4917 1570 4948 ⁸¹
1609 4916 1754 4973 Psal.
1788 4936 1943 4979 um,
1975 4918 2032 4971 ‘2.
2106 4916 2150 4945 ⁸²
2190 4912 2335 4967 Psal.
2374 4926 2461 4973 XC»
2491 4908 2543 4963 5-

1590 5078 1956 5137 νΑῐιιοῑιυΜ
1994 5075 2231 5133 NOTAE.

351 5216 465 5288 (50)
514 5216 935 5288 Ἐξητόρασας.
969 5213 1129 5271 Vind.
1180 5215 1437 5271 codices:
1502 5216 1599 5270 Ὃν
1626 5216 1851 5283 ἐξελέξω

276 5287 344 5341 ἐκ
362 5283 673 5358 μυριάδωνζ
704 5283 870 5358 Cum.

373 5305 668 5411 guptaowv.
704 5305 870 5341 hLER.

351 5357 370 5431 (
412 5358 463 5428 1)
506 5356 793 5431 Φραγμός,
826 5354 1141 5431 ἀσφάλεια.
1175 5354 1321 5412 Idem
1354 5376 1366 5412 :
1402 5358 1655 5429 φραγμὺς
1677 5361 1853 5431 ἀσφα-

276 5425 452 5491 λείας,
468 5425 641 5496 paries
663 5425 985 5481 securitatis.
1016 5426 1087 5481 ID.

354 5494 476 5568 (52)
519 5496 1015 5568 Ἀσπαζὲσθῳσαν
1063 5499 1117 5550 οὶ
1163 5497 1268 5551 τοῦ
1315 5496 1541 5568 κλήρου
1576 5494 1697 5568 τὸν
1724 5494 1852 5568 ἐπί-

276 5564 531 5621 σκοπον.
586 5567 811 5622 Canone
865 5565 1175 5622 Laodiceno
1227 5568 1344 5622 19:
1396 5566 1494 5621 εἶθ’
1539 5564 1849 5635 οὕτωςίτὴν

274 5640 502 5719 εἰρήνην
528 5638 783 5719 δίδοσθαι,
817 5638 1079 5719 καὶ-μετὰ
1129 5638 1190 5694 τὸ
1219 5637 1632 5719 ,πρεσϐυτέρους
1661 5634 1847 5719 δοῦναι

276 5705 357 5779 τῷ
389 5705 671 5779 ἐπἰσκόπῳ
730 5708 828 5779 τὴν
884 5705 1125 5779 εἰρήνην,
1174 5705 1294 5759 τότε
1325 5709 1451 5779 τοίὲς
1502 5705 1721 5779 λαῖκοῦς
1748 5705 1846 5776 τὴν

280 5726 357 5778 τῳ
390 5726 671 5778 επισκοπῳ
730 5726 828 5779 την
884 5726 930 5760 ει
971 5726 1125 5779 ηνην,
1174 5726 1294 5759 τοτε
1325 5726 1451 5771 τους
1504 5726 1721 5767 Λαικους
1748 5726 1846 5776 την

280 5778 504 5849 είρήνην
534 5778 751 5838 διδόναι,
806 5726 967 5847 qumf
999 5788 1334 5849 postremum
1396 5776 1846 5849 Zonaras‘inter-

282 5844 528 5917 pretatur
556 5849 630 5903 De
660 5844 979 5903 salutatione
1000 5844 1353 5902 sacerdotum
1387 5865 1417 5901 a
1450 5848 1623 5915 laicts,
1648 5844 1843 5915 DiOny-

1961 5218 2078 5273 sius
2141 5214 2383 5284 Exiguus
2446 5210 2523 5266 De
2565 5209 3198 5284 salutationelalcorunt
3254 5208 3389 5261 inter
3436 5222 3527 5271 se;

1961 5278 2269 5356 utrumque
2320 5289 2500 5337 autem
2576 5280 2780 5335 factum
2848 5280 3017 5335 fuisse
3086 5278 3219 5335 satis
3288 5286 3525 5333 constat.

1958 5358 2093 5413 Cor.

2053 5427 2141 5490 55)
2187 5427 2301 5490 Τίς.
2333 5424 2491 5479 Deest
2522 5423 2576 5476 in
2609 5421 2733 5477 cod.
2764 5419 2923 5477 Vind.
2955 5419 3121 5490 Qun.

2053 5429 2120 5480 55
2187 5427 2301 5490 Τίς.
2333 5427 2491 5479 Deest
2522 5427 2576 5476 in
2609 5427 2733 5477 cod.
2764 5427 2923 5477 Vind.
2955 5427 3121 5475 CLER.

2051 5427 2141 5569 54;
2174 5497 2278 5561 Εἷς
2302 5494 2369 5547 δὲ
2396 5493 2949 5569 ᾑποδιάρςρνοςλειο.
2980 5488 3144 5569 Rem,
3162 5488 3529 5569 idemquefei

1958 5559 2265 5638 symbolum
2301 5566 2472 5638 tradit
2498 5564 2739 5638 Cyrillus
2791 5559 3342 5638 ilicriosolymitanus;
3368 5560 3529 5613 initio

1957 5629 2161 5692 ultima:
2213 5629 2576 5690 Cateeheseos
2633 5629 3054 5703 Mystagogicac:
3093 5629 3526 5703 sedministrum

1955 5707 2085 5761 facit
2115 5709 2427 5761 diaconum.
2459 5703 2524 5756 Ut
2573 5699 2778 5765 autém,
2818 5703 2892 5753 ait
2921 5708 3117 5760 auctor
3162 5699 3527 5766 Quaestionum

1965 5778 2158 5851 Veteris
2184 5786 2233 5830 et
2260 5775 2397 5851 Novi
2428 5775 2763 5851 Testamenti,
2790 5779 2921 5825 tom.
2956 5769 3016 5851 iV
3062 5768 3310 5851 Operum.
3329 5768 3386 5824 S.
3414 5769 3527 5851 .Au‘

1956 5849 2180 5917 gustini,
2208 5845 2503 5916 quaestione
2532 5845 2622 5899 101
2648 5884 2662 5909 ,
2698 5860 2797 5898 non
2830 5842 3005 5896 omnia
3050 5838 3344 5897 ministeria
3375 5838 3526 5895 obu-
