3886 6190
215 291 353 345 1007
1056 272 1652 339 (ΣΟΝΒΤΙΤΒΤΙΟΝΕΒ
1699 271 1729 325 9
1743 268 1805 323 Ρ(

1907 266 2171 325 ΤΟΙᾹΕᾸΞ.
2207 299 2278 311 -—
2309 264 2435 325 LIB.
2474 266 2608 325 Vill.
3319 260 3456 315 1098

210 404 340 457 ποτὲ
370 400 428 456 δὲ
458 396 779 474 στρωννύων
818 396 988 470 αὐτὴν
1016 399 1096 462 εἰς
1128 395 1241 468 (51)
1270 394 1468 457 πεδίον,
1526 392 1621 445 καὶ
1660 386 1789 441 ποτὲ

1907 400 2015 439 mm
2045 385 2375 441 facientibus
2402 386 2475 441 sit
2500 385 2569 440 ad
2600 380 2999 453 navigationem
3023 350 3247 438 facilis,‘
3274 377 3327 429 in
3380 376 3457 429 ιε-

217 500 319 571 μέν
353 473 625 568 ἐκμαίνων
655 493 904 566 χειμῶνι,
939 491 1069 545 ποτὲ
1090 491 1147 543 δὲ
1174 489 1431 560 πραΰνων
1463 485 1690 557 γαλήνῃ,
1718 486 1795 545 ὡς

1907 479 2113 534 ιίιιιιειιι
2143 478 2457 535 serenitatis
2486 476 2643 533 ducis
2673 494 2686 531 :
2716 476 2808 545 qui
2845 473 3108 529 mundum
3155 476 3397 526 creatum
3430 480 3461 519 a

215 590 564 660 ναυσιπόροις
601 586 914 656 πλωτῆρσιν
953 582 1173 636 εὔκολον
1205 576 1343 633 εἶναι
1377 576 1513 649 πρὸς
1546 574 1791 647 πορείαν·

213 683 244 735 ὁ
283 683 547 752 ποταμοῖς
586 676 851 743 διαζώσας
888 675 980 729 τὸν
1028 674 1137 728 ἀπὸ
1176 671 1268 725 σοῦ
1306 670 1393 724 διὰ
1432 666 1665 739 Χριστοῦ
1704 682 1795 733 γε-

213 775 439 845 νόμενον
488 772 733 843 κόσμον,
789 770 882 822 καὶ
936 767 1256 839 χειμάρροις
1310 760 1643 823 ἐπικλύσας,
1700 758 1795 812 καὶ

216 865 423 934 πηγαῖς
452 860 696 922 ἀεννάοις
730 859 987 931 μεθύσας,
1014 858 1164 929 ὄρεσι
1209 855 1267 908 δέ
1322 851 1684 925 περισφίγξας
1712 853 1792 913 εἰς

215 958 379 1028 ἕδραν
412 956 622 1028 άτρεμῆ
678 954 782 1025 γῆς
811 952 1244 1024 ἀσφαλεστάτην.
1287 950 1639 1020 Ἑπλήρωσας
1684 948 1793 1019 γάρ

218 1070 314 1106 σου
349 1053 440 1106 τὸν
471 1052 697 1123 κόσμον,
732 1050 825 1104 καὶ
851 1049 1218 1122 διεκόσμησας
1244 1047 1405 1102 αὐτὸν
1436 1045 1686 1117 βοτάναις
1714 1042 1795 1095 εύ·

216 1147 408 1218 όσμοις
439 1148 531 1200 καὶ
560 1148 814 1217 ίασίμοις·
875 1144 1031 1210 ζώοις
1078 1144 1291 1208 πολλοῖς
1347 1142 1441 1196 καὶ
1495 1138 1792 1210 διαφόροις,

218 1242 474 1311 ἀλκίμοις
503 1237 598 1294 καὶ
614 1240 1043 1311 ἀσθενεστέροις,
1093 1238 1377 1309 ἐδωδίμοις
1405 1237 1500 1289 καὶ
1528 1232 1791 1305 ἐνεργοῖς,

214 1335 447 1406 ἡμέροις
475 1336 569 1389 καὶ
596 1334 925 1397 ἀτιθάσσοις·
958 1334 1200 1406 ἑρπετῶν
1238 1332 1542 1403 συριγμοῖς,
1577 1325 1796 1398 πτηνῶν

215 1430 479 1483 ποικίλων
508 1428 791 1497 κλαγγαῖς·
850 1426 1112 1480 ἐνιαυτῶν
1168 1424 1406 1486 κύκλοις,
1473 1420 1655 1493 μηνῶν
1703 1418 1797 1473 καὶ

214 1522 443 1597 ἡμερῶν
472 1522 744 1594 ἀριθμοῖς,
775 1520 992 1593 τροπῶν
1036 1519 1242 1584 τάξεσι·
1301 1515 1479 1586 νεφῶν
1534 1510 1797 1586 ὀμϐροτὸ-

216 1637 332 1672 κων
359 1617 694 1688 διαδρομαῖς,
726 1618 807 1680 εἰς
834 1614 1060 1685 καρπῶν
1114 1610 1295 1681 γονὰς,
1356 1608 1451 1663 καὶ
1494 1605 1646 1672 ζώων
1703 1603 1798 1657 σύ-

220 1730 454 1775 στασιν,
510 1709 748 1781 σταθμὸν
805 1708 1022 1778 ἀνέμων
1073 1702 1576 1761 διαπνεόντωνηὸτε
1624 1714 1797 1770 προσ·
1829 1725 1874 1780 Β

214 1806 463 1878 ταχθῶσι
493 1804 644 1877 παρὰ
678 1802 792 1865 σοῦ,
823 1801 931 1855 τῶν
962 1798 1144 1870 φυτῶν
1174 1796 1266 1852 καὶ
1302 1796 1411 1849 τῶν
1445 1791 1682 1865 βοτανῶν
1736 1788 1798 1843 τὸ

220 1899 447 1970 πλῆθος.
502 1899 613 1951 Καὶ
641 1896 701 1950 ού
743 1896 902 1967 μόνον
955 1892 1047 1946 τὸν
1087 1892 1289 1961 κόσμον
1338 1885 1795 1958 ἐδημιούργησας·

219 1992 360 2046 ἀλλά
388 1991 484 2045 καὶ
527 1988 618 2043 τὸν
674 1986 1071 2058 κοσμοπολίτην
1122 1981 1407 2053 ἄνθρωπον
1461 1980 1518 2031 ἐν
1568 1976 1718 2046 αύτῷ
1746 1976 1802 2029 ἐ-

222 2085 479 2155 ποίησας,
509 2082 713 2153 κόσμου
742 2078 945 2149 κόσμον
977 2075 1136 2130 αὑτὸν
1168 2073 1278 2147 (52)
1300 2070 1601 2138 ἀναδείξας.
1621 2063 1801 2132 Εἶπας

219 2177 334 2248 γάρ
363 2179 429 2247 τῇ
460 2178 526 2245 σῇ
555 2172 743 2244 Σοφία·
775 2191 792 2223 ι
831 2172 1153 2241 Ποιήσωμεν
1184 2167 1470 2239 ἄνθρωπον
1509 2164 1627 2217 κατ’
1659 2159 1803 2214 εἰκό-

225 2288 296 2323 να
339 2268 637 2338 ἡμετέραν,
678 2263 773 2319 καὶ
827 2263 948 2317 καθ’
1004 2260 1280 2333 ὁμοίωσιν·
1338 2256 1432 2310 καὶ
1486 2254 1803 2326 ἀρχέτωσαν

222 2363 335 2416 τῶν
367 2360 565 2431 ἰχθύων
595 2361 695 2431 τῆς
747 2356 1042 2425 θαλάσσης,
1091 2353 1184 2408 καὶ
1232 2350 1339 2404 τῶν
1396 2345 1656 2401 πετεινῶν
1708 2342 1802 2396 τοῦ

224 2453 479 2526 ούρανοῦ.
512 2473 530 2503 ι
565 2451 654 2504 Διὸ
682 2452 775 2504 καὶ
804 2448 1112 2519 πεποίηκας
1141 2444 1302 2499 αὐτὸν
1330 2443 1395 2495 ἐκ
1440 2438 1617 2510 ψυχῆς
1671 2434 1805 2490 ἀθα-

226 2549 390 2602 νάτου
448 2547 543 2599 καὶ
586 2544 835 2615 σώματος
893 2537 1205 2595 σκεδαστοῦ·
1239 2536 1337 2607 τῆς
1386 2533 1483 2605 μὲν
1512 2535 1575 2584 ἐκ
1601 2528 1696 2583 τοῦ
1729 2529 1805 2600 μὴ

226 2642 402 2704 ὄντος,
435 2638 528 2693 τοῦ
557 2638 613 2691 δέ
643 2638 706 2689 ἐκ
733 2635 841 2688 τῶν
895 2632 1174 2703 τεσσάρων
1231 2625 1527 2698 στοιχείων·
1574 2624 1669 2678 καὶ
1722 2621 1807 2675 δέ-

228 2733 412 2795 δωκας
462 2729 612 2796 αύτῷ
635 2768 649 2791 ,
707 2726 847 2780 κατά
906 2725 1003 2796 μὲν
1051 2724 1150 2793 τὴν
1206 2720 1385 2791 ψυχὴν
1408 2758 1424 2783 ,
1498 2717 1596 2789 τὴν
1658 2714 1806 2782 λογιο

230 2826 335 2897 κὴν
364 2823 693 2892 διάγνωσιν,
740 2818 1019 2880 εὐσεϐείας
1063 2813 1158 2869 καὶ
1209 2811 1461 2874 ἀσεϐείας
1512 2809 1804 2879 διάκρισιν,

230 2918 440 2972 δικαίου
471 2916 565 2970 καὶ
592 2915 775 2969 ἀδίκου
829 2910 1237 2983 παρατήρησιν·
1283 2905 1425 2959 κατά
1450 2903 1506 2956 δὲ
1540 2901 1603 2954 τὸ
1650 2898 1809 2969 σῶμα

230 3013 334 3084 τὴν
389 3008 681 3063 πένταθλον
738 3003 978 3075 ἐχαρίσω
1019 2999 1287 3068 αἴσθησιν,
1342 2994 1434 3049 καὶ
1488 2993 1588 3065 τὴν
1645 3008 1810 3062 μετα-

232 3103 466 3175 ϐατικὴν
525 3100 757 3170 κίνησιν.
810 3094 883 3149 Σὺ
930 3094 1067 3165 γὰρ,
1117 3091 1217 3145 Θεέ
1267 3086 1674 3158 παντόκρατορ,

234 3192 473 3271 Χριστοῦ
508 3192 830 3264 παράδεισον
859 3189 916 3241 ἐν
950 3187 1107 3257 Ἐδέμ
1138 3184 1275 3238 κατὰ
1304 3180 1563 3243 ἀνατολὰς
1593 3176 1809 3247 ἐφύτευ-

236 3266 359 3354 σας,
403 3285 669 3341 παντοίων
712 3280 984 3352 ἐδωδίμων
1032 3278 1244 3348 κόσμῳ,
1287 3275 1382 3329 καὶ
1435 3274 1492 3326 ἐν
1540 3269 1689 3342 αύτῷ
1732 3266 1812 3331 ὡς

235 3384 302 3439 ἂν
349 3385 409 3435 ἐν
458 3379 611 3450 ἑστία
666 3374 944 3429 πολυτελεῖ
998 3372 1289 3442 εἰσήγαγες
1334 3365 1513 3420 αὐτόν·
1570 3364 1676 3421 κάν
1732 3359 1811 3432 τῷ

233 3476 410 3529 ποιεῖν
438 3473 602 3544 νόμον
638 3469 875 3530 δέδωκας
914 3463 1063 3535 αὐτῷ
1109 3462 1368 3533 ἔμφυτον,
1406 3458 1554 3519 ὅπως
1602 3452 1810 3508 οἴκοθεν

232 3569 329 3622 καὶ
358 3567 487 3636 παρ’
518 3561 709 3617 ἐαυτοῦ
745 3560 856 3631 ἔχοι
883 3558 952 3612 τὰ
995 3556 1288 3627 σπέρματα
1330 3552 1429 3623 τῆς
1463 3545 1807 3618 θεογνωσίας.

233 3655 557 3727 Εἰσαγαγὼν
587 3655 643 3708 δὲ
672 3656 751 3717 εἰς
785 3654 877 3705 τὸν
906 3651 1005 3722 τῆς
1042 3648 1251 3718 τρυφῆς
1287 3643 1639 3716 παράδεισον,
1670 3637 1811 3691 πάν-

230 3768 341 3804 των
384 3752 481 3821 μὲν
525 3748 732 3820 ἀνῆκας
769 3743 917 3815 αὐτῷ
960 3741 1060 3814 τὴν
1099 3737 1342 3804 ἐξουσίαν
1384 3734 1523 3807 πρὸς
1574 3730 1810 3804 μετάλη-

231 3842 349 3912 ψιν,
384 3841 503 3902 ἐνὸς
537 3841 595 3893 δὲ
634 3839 794 3911 μόνου
831 3837 932 3907 τὴν
980 3831 1169 3902 γεῦσιν
1209 3831 1448 3891 ἀπεῖπας
1498 3826 1585 3878 ἐπ’
1639 3821 1813 3876 ἐλπίδι

234 3934 599 4007 κρειττόνων,
643 3931 752 3994 ἵνα,
778 3929 873 3982 ἐὰν
926 3925 1133 3996 φυλάξῃ
1178 3923 1278 3994 τὴν
1321 3919 1571 3989 ἐντολὴν,
1619 3914 1813 3986 μισθὸν

234 4004 442 4095 ταύτης
490 4025 589 4097 τὴν
630 4020 924 4076 ἀθανασίαν
973 4017 1283 4089 κομίσηται.
1339 4011 1709 4083 Ἀμελήσαντα
1758 4004 1814 4057 δὲ

234 4120 337 4189 τῆς
371 4095 611 4188 ἐντολῆς,
636 4113 730 4168 καὶ
759 4111 1090 4182 γευσάμενον
1120 4103 1564 4179 ἀπηγορευμένου
1597 4095 1812 4172 καρποῦ

232 4212 423 4282 ἀπάτῃ
469 4210 644 4279 δφεως
675 4208 768 4261 καὶ
799 4203 1097 4277 συμϐουλία
1140 4199 1416 4272 γυναικὸς,
1449 4196 1543 4250 τοῦ
1583 4197 1679 4267 μὲν
1710 4212 1815 4247 πα-

237 4304 485 4377 ραδείσου
510 4301 732 4363 δικαίως
759 4298 964 4364 ἔξωσας
993 4296 1175 4359 αὑτὸν,
1214 4291 1509 4362 άγαθὸτητι
1544 4288 1601 4342 δὲ
1647 4288 1727 4350 είς
1752 4286 1815 4339 τὸ

233 4373 494 4459 ⁴ιταντελιές
521 4392 889 4463 ἀπολλύμενον
916 4389 1014 4460 οὐχ
1043 4387 1338 4460 ὑπερεῖδες·
1376 4384 1464 4438 σὸν
1492 4382 1599 4455 γὰρ
1626 4377 1693 4453 ῆν
1720 4380 1812 4451 δη-
1841 4408 1889 4464 D
1916 4373 2003 4427 eni

239 4488 574 4561 μιούργημα·
620 4485 755 4540 ἀλλά
793 4480 1169 4546 καθυποτάξας
1192 4476 1339 4548 αὐτῷ
1372 4476 1472 4549 τὴν
1501 4475 1695 4537 κτίσιν,
1729 4472 1812 4525 δέ-

233 4582 414 4645 δωκας
443 4581 589 4652 αὐτῷ
617 4578 834 4640 οἰκείοις
870 4576 1054 4648 ἱδρῶσι
1084 4574 1179 4628 καὶ
1205 4572 1387 4633 πόνοις
1413 4567 1655 4640 πορίζειν
1685 4568 1813 4619 ἐαυ-

229 4674 315 4746 τῷ
358 4674 459 4746 τὴν
502 4672 729 4745 τροφὴν,
770 4668 863 4723 σοῦ
909 4667 1086 4721 πάντα
1141 4664 1364 4735 φύοντος
1418 4663 1510 4715 καὶ
1560 4659 1814 4725 αὔξοντος

233 4766 333 4823 καὶ
375 4766 745 4828 πεπαίνοντος·
778 4762 955 4833 χρόνῳ
992 4760 1050 4814 δέ
1088 4759 1227 4830 πρὸς
1264 4756 1441 4825 ὀλίγον
1487 4752 1650 4807 αὐτὸν
1700 4766 1815 4803 κοι-

237 4859 422 4930 μίσας,
455 4858 603 4929 ὅρκῳ
651 4858 731 4919 εἰς
766 4851 1183 4923 παλιγγενεσίαν
1226 4848 1507 4909 ἐκάλεσας·
1549 4845 1674 4915 ὅρον
1713 4842 1809 4895 θα-

232 4952 395 5005 νάτου
438 4950 626 5013 λύσας,
666 4947 811 5019 ζωὴν
838 4946 899 5011 ἐξ
940 4944 1286 5006 ἀναστάσεως
1336 4937 1671 5011 ὲπηγγείλω·
1723 4934 1815 4988 καὶ

231 5046 297 5097 ού
325 5044 485 5096 τοῦτο
518 5043 697 5114 μόνον,
728 5041 863 5095 ἀλλά
893 5040 989 5093 καί⁵
1020 5039 1146 5100 τοὺς
1184 5034 1244 5099 ἐξ
1278 5030 1442 5086 αὑτοῦ
1487 5032 1568 5092 εἰς
1614 5026 1816 5098 πλῆθος

230 5136 537 5209 ἀνάριθμον
587 5135 699 5207 (55)
745 5134 903 5205 χέας,
944 5132 1071 5194 τοὺς
1109 5122 1470 5198 ἐμμείναντάς
1518 5137 1598 5173 σοι
1637 5117 1817 5183 ἐδόξα-

306 5276 353 5308 "
390 5273 491 5331 Job
539 5288 731 5338 xxvm,
784 5270 875 5325 εδ.
976 5269 1023 5301 ⁸³
1060 5266 1256 5327 Gen.l,
1286 5261 1377 5316 26.

230 5346 277 5379 ’⁷
322 5344 489 5402 Hebr.
529 5361 601 5399 γι.

1504 5259 1552 5292 ⁹¹⁵
1589 5255 1996 5329 pseudo-lgnat.
2030 5239 2052 5318 ,’
2100 5251 2169 5306 ad
2232 5248 2435 5303 Heron.
2464 5244 2515 5299 4.

1893 578 1946 626 te
1968 585 2065 642 per
2090 567 2394 633 Christum,
2427 566 2607 623 fluviis
2644 564 2891 629 cinxisti,
2942 561 3282 617 torrentibus
3331 572 3460 626 pro-

1892 662 2065 727 lulsti,
2095 662 2428 734 perennibus
2461 658 2703 714 fontibus
2732 654 3046 728 perfodisti,
3072 659 3147 715 et,
3191 648 3259 703 ad
3301 655 3463 701 terra;

1892 754 2277 809 inconcussam
2303 768 2367 806 ac
2398 750 2766 805 ﬁrmissimam
2796 746 3001 809 sedem,
3035 741 3311 796 montibus
3327 751 3462 791 conn

1893 843 2506 914 strinxistiJmplevisti
2547 841 2811 896 mundum
2865 845 3017 891 tuum
3070 849 3133 887 ac
3185 823 3464 886 esornasti

1895 936 2082 991 herbis
2103 934 2353 990 odoratis
2381 942 2435 989 et
2469 931 2810 995 salubribus;
2836 928 3021 981 multis
3046 922 3322 991 variisque
3345 918 3465 972 ani-

1893 1028 2194 1090 mantibus,
2228 1025 2474 1082 robustis
2512 1040 2576 1079 ac
2620 1020 3039 1083 infirmioribus,
3072 1011 3371 1072 esculentis
3403 1024 3470 1063 ac

1894 1123 2183 1195 operariis,
2210 1121 2485 1176 cicuribus
2519 1134 2583 1173 ac
2608 1116 2767 1183 feris;
2798 1124 2850 1169 et
2892 1115 3209 1181 serpentum
3266 1104 3467 1167 sibilis,

1895 1227 2059 1290 atque
2084 1218 2421 1273 diversarum
2447 1215 2729 1269 volucrum
2778 1205 3159 1277 clangoribus;
3198 1211 3470 1255 annorum

1896 1310 2142 1373 circulis,
2187 1306 2457 1363 mensium
2496 1320 2560 1359 ac
2598 1302 2811 1357 dierum
2854 1295 3121 1357 numeris,
3170 1293 3468 1359 tempesta—

1896 1412 2013 1457 tum
2070 1400 2245 1467 serie;
2292 1398 2519 1453 nubium
2601 1394 2804 1449 imbres
2858 1384 3264 1461 procreantium
3295 1378 3473 1434 cursi-

1899 1496 2024 1560 bus,
2061 1494 2129 1549 ad
2162 1492 2438 1547 fructuum
2481 1488 2626 1543 fetus
2652 1527 2667 1551 ,
2712 1484 2779 1538 ad
2821 1480 3139 1536 animalium
3174 1486 3471 1529 conserva-

1898 1588 2125 1651 tionem,
2151 1586 2536 1640 libramentum
2570 1586 2859 1635 ventorum
2887 1572 3130 1626 flantium
3173 1582 3297 1621 cum
3340 1578 3371 1617 a
3416 1568 3474 1617 te

1896 1682 2160 1751 jubentur
2195 1680 2264 1743 θ’,
2292 1673 2698 1730 multitudinem
2744 1668 2995 1739 stirpium
3044 1678 3109 1717 ac
3153 1658 3471 1714 herbarum.

1900 1772 2086 1843 Neque
2116 1769 2294 1825 solum
2324 1763 2620 1822 condidisti
2648 1759 2935 1822 mundum,
2963 1754 3059 1813 sed
3108 1764 3162 1807 et
3219 1750 3276 1803 in
3332 1747 3474 1817 ipso,

1899 1864 2088 1919 mundi
2127 1862 2302 1917 civem
2357 1856 2635 1912 hominem
2690 1850 2939 1915 effecisti,
2997 1861 3062 1901 ac
3112 1858 3237 1899 eum
3286 1836 3478 1895 mundi

1900 1956 2188 2019 mundum,
2242 1968 2340 2008 seu
2386 1957 2616 2006 ornatus
2659 1951 2913 2000 ornatum
2980 1932 3340 1994 constituisti.
3385 1928 3481 1983 Di-

1900 2048 2027 2103 xisti
2060 2045 2204 2101 enim
2230 2042 2522 2113 Sapientia:
2552 2048 2659 2092 tuae
2699 2056 2713 2091 :
2742 2055 2759 2087 ι
2792 2033 3082 2087 Faciamus
3113 2026 3387 2082 hominem
3413 2017 3482 2073 ad

1901 2135 2192 2206 imaginem
2215 2108 2484 2194 nostram,
2520 2136 2575 2184 et
2616 2126 2685 2181 ad
2720 2120 3133 2180 similitudinem
3170 2135 3183 2170 ε
3223 2122 3278 2169 et
3308 2108 3482 2167 domi—

1902 2239 2104 2285 nentur
2121 2227 2365 2298 piscibus
2380 2222 2573 2287 maris,
2592 2229 2646 2276 et
2660 2217 2976 2273 volatilibus
2991 2211 3117 2267 θα)ιὶ
3134 2209 3205 2262 ’³.
3235 2227 3252 2258 ι
3274 2208 3320 2237 ’³
3335 2203 3485 2257 Ideo-

1908 2339 2015 2393 que
2038 2320 2213 2377 fecisti
2247 2334 2371 2375 eum
2402 2332 2468 2373 ex
2505 2315 2686 2370 anima
2714 2307 3011 2366 immortali
3040 2312 3095 2360 et
3126 2314 3354 2371 corpore
3378 2296 3486 2352 dis-

1904 2414 2142 2487 sipabili;
2177 2412 2269 2466 illa
2299 2410 2517 2482 quidem
2560 2422 2627 2461 ex
2659 2403 2831 2459 nihilo
2861 2400 3075 2462 effecta,
3106 2396 3210 2450 hoc
3251 2407 3382 2448 vero
3409 2406 3479 2446 ex

1904 2515 2139 2581 quatuor
2166 2503 2474 2565 elementis,
2510 2507 2565 2556 et
2590 2496 2789 2553 dedisti
2821 2495 2892 2559 ei,
2924 2492 2978 2546 in
3025 2489 3209 2543 anima
3263 2478 3489 2556 quidem

1906 2575 2227 2656 rationalem
2288 2592 2757 2665 dijudicationem,
2808 2583 3029 2657 pietatis
3073 2596 3135 2635 ac
3186 2575 3486 2648 impietatis

1906 2691 2316 2752 discretionem,
2344 2684 2479 2756 justi
2504 2699 2567 2738 ac
2598 2680 2789 2750 injusti
2824 2672 3380 2736 animadversionem;
3426 2666 3485 2720 in

1906 2798 2138 2855 corpore
2164 2788 2348 2836 autem
2376 2774 2592 2833 donasti
2637 2770 3047 2845 quinquertium
3083 2778 3344 2821 sensuum
3405 2770 3492 2814 at-

1906 2892 2013 2948 que
2048 2884 2253 2930 motum
2289 2869 2721 2943 progressivum.
2760 2864 2843 2919 Tu
2885 2875 3142 2930 namque,
3189 2856 3332 2910 Deus
3372 2869 3492 2908 om-

1909 2970 2200 3038 nipotens,
2255 2979 2352 3036 per
2401 2961 2720 3023 Christum,
2760 2956 2817 3011 in
2879 2954 3062 3009 Edene
3105 2949 3170 3004 ad
3222 2950 3489 3003 orientem

1720 3080 1809 3135 διὰ
1835 3073 1876 3130 c
1909 3060 2167 3132 plantasti
2203 3056 2519 3129 paradisum
2540 3051 2608 3118 “,
2640 3052 2790 3106 omni
2839 3062 3036 3119 genere
3079 3043 3489 3100 esculentarum

1911 3156 2223 3225 plantarum
2268 3157 2554 3212 ornatum,
2593 3152 2648 3201 et
2680 3146 2735 3200 in
2763 3158 2889 3199 eum
2916 3149 3177 3209 tanquam
3213 3137 3269 3189 in
3299 3134 3492 3203 opipa-

1910 3264 2030 3302 ram
2072 3247 2293 3302 domum
2328 3238 2593 3298 induxisti
2628 3236 2930 3302 hominem;
2975 3246 3165 3304 quem,
3198 3244 3323 3283 cum
3372 3225 3491 3280 elli-

1912 3357 2088 3405 ceres,
2132 3341 2252 3410 lege
2306 3334 2547 3391 naturali
2578 3347 2643 3387 ac
2688 3329 2852 3386 insita
2900 3324 3142 3389 donasti,
3186 3336 3294 3393 quo
3340 3319 3490 3374 intus

1912 3451 1977 3492 ac
2002 3451 2069 3491 ex
2102 3450 2161 3491 se
2205 3433 2430 3488 haberet
2458 3424 2790 3499 cognitionis
2820 3421 2915 3477 Dei
2960 3419 3193 3476 semina.
3222 3413 3489 3470 Introdu-

1912 3546 2042 3587 cens
2075 3535 2255 3584 autem
2285 3542 2410 3582 eum
2438 3525 2495 3579 in
2525 3518 2843 3594 paradisum
2867 3515 3213 3577 deliciarum,
3246 3516 3492 3582 potesta-

1913 4008 2023 4056 tem
2057 3996 2375 4053 mandatum
2404 3989 2665 4062 neglexit,
2709 3993 2766 4042 et
2803 3981 3000 4038 fraude
3030 3976 3323 4047 serpentis,
3368 3988 3492 4027 mu-

1914 4093 2175 4162 lierisque
2205 4086 2459 4151 consilio,
2488 4080 2731 4154 gustavit
2760 4073 3096 4148 prohibitum
3124 4068 3390 4132 fructum;
3424 4078 3493 4117 ex

1915 4158 2170 4259 paradiso
2197 4180 2422 4252 quidem
2462 4177 2613 4246 juste
2664 4172 2819 4227 illum
2849 4162 3109 4237 expulisti
3133 4161 3203 4225 ⁹⁶,
3246 4158 3494 4213 bonitate

1913 4250 2044 4334 vero
2070 4283 2185 4336 tua,
2215 4250 2473 4328 funditus
2504 4270 2823 4338 pereuntem
2853 4274 2964 4314 non
3006 4250 3344 4323 despexisti:
3376 4255 3495 4303 erat

2011 4385 2061 4423 m
2087 4364 2367 4438 opificium
2394 4370 2583 4425 tuum;
2609 4355 2704 4412 sed
2734 4352 2826 4424 qui
2857 4351 2908 4407 ei
2936 4349 3251 4418 subjeceras
3275 4348 3494 4397 creatu-

1916 4478 2064 4526 ram,
2107 4432 2306 4514 dedisti
2355 4463 2414 4508 ut
2461 4450 2578 4507 suis
2632 4444 2928 4503 sudoribus
2962 4454 3026 4494 ac
3073 4435 3354 4492 laboribus
3385 4432 3491 4487 sibi

1915 4560 2133 4627 pararet
2159 4550 2395 4613 victum,
2440 4552 2495 4601 te
2540 4541 2723 4598 omnia
2755 4535 3113 4609 producente,
3164 4534 3396 4598 augente
3428 4539 3493 4578 ac

1916 4650 2263 4703 maturante:
2296 4649 2457 4710 atque
2499 4649 2621 4691 eum
2666 4630 2818 4686 brevi
2852 4641 3046 4684 somno
3080 4620 3356 4684 affectum,
3393 4632 3497 4688 per

1911 4735 2297 4812 jusjurandum
2338 4732 2403 4786 ad
2448 4723 2916 4799 regenerationem
2967 4714 3214 4781 vocasti;
3271 4712 3493 4766 decreto

1918 4832 2113 4890 mortis
2143 4828 2347 4889 soluto,
2374 4824 2540 4878 vitam
2564 4835 2632 4874 ex
2666 4812 3068 4872 resurrectione
3098 4804 3400 4879 promisisti
3421 4803 3490 4858 "’.

1918 4927 2106 4996 Neque
2133 4924 2237 4977 hoc
2264 4920 2473 4984 solum;
2507 4927 2699 4970 verum
2730 4909 2894 4964 etiam
2924 4921 2989 4962 ex
3026 4902 3261 4976 posteris
3294 4898 3434 4969 ejus,
3460 4910 3492 4949 a

1917 5029 1971 5076 te
1998 5018 2054 5075 in
2089 5012 2491 5071 multitudinem
2519 5001 2975 5062 innumerabilem
3022 4995 3233 5058 effusis,
3261 5008 3357 5048 eos
3396 4989 3489 5060 qui

1918 5114 2019 5169 tibi
2050 5111 2417 5170 adhaeserunt,
2449 5099 2790 5175 glorificasti,
2821 5110 2918 5150 eos
2946 5106 3077 5148 vero
3106 5090 3198 5161 qui
3243 5102 3272 5141 a
3310 5093 3366 5140 te
3394 5083 3493 5137 de-

2646 5240 2692 5273 ”
2729 5237 2863 5293 Gen.
2920 5250 2982 5291 ιι.
3130 5228 3175 5261 ⁸⁸
3215 5222 3350 5280 Gen.
3403 5236 3485 5275 ιιι.

1540 5476 1905 5536 VARIORUM
1945 5474 2177 5532 NOTAE.

313 5656 426 5729 (51)
459 5658 583 5724 Εἰς.
616 5656 879 5723 Quamvis
908 5654 1131 5710 minime
1160 5651 1344 5729 inepta
1373 5646 1445 5702 sit
1478 5641 1809 5729 hmcvlectio,

240 5713 480 5784 attamen
528 5713 871 5797 nequaquam
919 5723 1225 5797 spernenda
1255 5713 1371 5797 '_cst
1420 5715 1542 5772 cod.
1574 5713 1812 5770 Vindob.

241 5797 411 5855 lectio
440 5798 535 5862 ὡς,
570 5792 805 5853 sternens
836 5805 894 5849 ut
923 5792 1218 5867 planitiem.
1254 5792 1422 5848 CLER.

437 5894 708 5954 ΡΑτιιοι..
754 5890 868 5951 Gn.
906 5890 953 5952 1.

1913 5634 2351 5766 ἰηὸἰέἓὲεῇίῇόν.
2383 5628 2665 5687 Omittitur
2685 5627 2741 5682 in
2789 5622 2911 5682 cod.
2944 5616 3203 5678 Vindob.,
3235 5610 3329 5681 sed
3369 5615 3492 5744 Per:
3536 5706 3547 5715 .

1988 5702 2521 5848 ἒὲὅῗδξᾉῌέίριθμον.
2556 5768 2718 5826 Vind.
2743 5765 2865 5822 cod.
2890 5757 3276 5831 ἀναρίθμητον.
3309 5754 3388 5811 ιο.

3065 5851 3142 5911 35
3202 5942 3216 5951 .
