3886 6190
419 275 557 335 1099
650 335 659 343 .

1250 264 1305 319 S.
1348 255 1741 319 CLEMENTIS
1778 255 1799 310 l
1837 252 2003 311 ROM.
2045 249 2245 307 PONT.
2290 246 2516 305 OPERA
2557 244 2781 303 DUBIA.

3528 244 3674 299 “00

414 393 689 452 fecerunt,
727 383 1020 457 punivisti;
1067 380 1307 437 admisso
1334 378 1553 449 quidem
1588 375 1773 429 Abelis
1815 372 1987 427 sacri-

2094 384 2211 430 σας,
2243 356 2368 427 τοῦς
2396 362 2450 416 δὲ
2492 362 2831 422 ἀποστάντας
2879 376 2969 411 σου
3008 357 3283 419 ὲκόλασαςο
3319 354 3413 408 καὶ⁵
3440 354 3535 406 τοῦ
3574 357 3678 424 μὲν

414 486 559 548 ficio,
595 491 654 537 ut
684 479 994 535 innocentis
1016 478 1093 543 '3;
1128 472 1423 529 fratricida:
1462 477 1642 524 autem
1678 467 1833 523 Caini
1866 480 1986 519 mu-

412 595 565 641 nere,
611 585 670 631 ut
714 571 1044 634 detestandi,
1079 566 1343 623 fastidito.
1385 563 1452 617 Et
1500 562 1568 616 ad
1613 562 1727 615 haec
1758 559 1984 615 Sethum

412 688 477 727 ac
522 671 761 725 Enosum
795 664 1116 735 suscepisti,
1164 668 1329 729 atque
1379 655 1697 711 Henochum
1742 662 1988 708 transtu-

413 765 526 820 listi
553 763 621 818 ".
654 760 735 815 Tu
771 760 915 815 enim
945 772 1006 812 es
1037 752 1216 824 Opifex
1252 749 1556 812 hominum,
1580 748 1704 802 vitae
1737 747 1984 815 largitor,

412 855 727 925 indigentia:
764 851 1038 921 expletor;
1085 847 1263 915 legum
1308 842 1485 904 dator,
1529 855 1731 911 easque
1762 854 1988 894 servan-

412 950 549 1002 tium
601 950 1002 1006 remunerator,
1052 939 1570 1009 transgredientium
1626 934 1846 989 vindex.
1881 932 1985 999 Qui

411 1041 678 1095 diluvium
727 1039 918 1108 ingens
962 1033 1167 1089 mundo
1230 1039 1449 1103 propter
1488 1030 1652 1099 impie
1687 1026 1986 1081 viventium

413 1132 817 1187 multitudinem
836 1126 1089 1190 intulisti,
1112 1133 1242 1180 eteo
1264 1140 1329 1179 ex
1344 1122 1549 1177 diluvio
1574 1121 1628 1176 in
1646 1134 1770 1174 arca
1792 1118 1989 1188 eripui-

411 1226 479 1280 sti
511 1238 619 1277 una
666 1236 790 1277 cum
817 1227 942 1275 octo
965 1217 1252 1272 animabus
1277 1216 1487 1286 justum
1511 1213 1681 1267 Noam
1710 1212 1798 1277 '°°,
1824 1210 1985 1265 finem

410 1316 628 1388 quidem
686 1328 877 1369 eorum
928 1313 1021 1382 qui
1071 1310 1480 1381 praeterieram,
1534 1306 1801 1376 originem
1857 1319 1987 1359 vero

410 1420 884 1463 suceessurorum.
931 1404 1036 1471 Qui
1081 1401 1416 1457 horrendum
1480 1400 1661 1470 ignem
1722 1396 1986 1451 adversus

411 1498 823 1554 Sodomitanam
875 1495 1207 1565 pentapolim
1276 1492 1633 1557 concitasti‘,
1676 1500 1731 1546 et
1783 1498 1986 1547 terram

410 1590 730 1661 frugiferam
759 1588 814 1642 in
838 1587 1169 1657 salsuginem
1195 1587 1237 1649 ’,
1266 1593 1488 1655 propter
1518 1583 1815 1654 nequitiam
1839 1582 1986 1637 illius

409 1684 737 1743 incolarum,
794 1679 1072 1751 redegisti,
1119 1693 1184 1732 ac
1234 1685 1483 1732 sanctum
1537 1675 1732 1730 Lotum
1780 1691 1848 1731 ex
1901 1675 1987 1729 in-

407 1774 606 1830 eendio
648 1773 841 1828 eruisti
867 1772 905 1826 '.
939 1770 1022 1825 Tu
1068 1787 1128 1826 es
1172 1772 1265 1840 qui
1321 1769 1693 1823 Abrahamum
1742 1768 1983 1822 liberasti

408 1866 553 1920 avita
605 1865 901 1935 impietate,
943 1873 998 1919 et
1048 1863 1238 1918 mundi
1290 1861 1561 1917 haeredem
1612 1860 1981 1924 constituisti,

408 1959 627 2029 ipsique
655 1957 937 2013 Christum
970 1966 1125 2011 tuum
1176 1970 1439 2027 apparere
1469 1954 1671 2010 fecisti.
1703 1952 1806 2020 Qui
1854 1952 1987 2007 Melo

406 2052 754 2107 chisedecum
788 2050 1093 2121 pontificem
1117 2050 1287 2105 divini
1316 2049 1498 2104 cultus
1523 2046 1847 2119 designasti.
1880 2045 1984 2112 Qui

405 2144 578 2197 multa
634 2159 856 2214 passum
923 2143 1183 2198 famulum
1233 2150 1386 2197 tuum
1446 2141 1673 2207 Jobum,
1720 2142 1982 2195 victorem

406 2239 704 2308 serpentis,
738 2238 968 2309 originis
998 2237 1287 2299 malorum,
1316 2234 1610 2290 declarasti
1635 2234 1676 2287 δ.
1709 2230 1813 2297 Qui
1845 2229 1987 2285 Isaa-

406 2345 533 2384 cum
585 2329 817 2385 eﬂ'ecisti
880 2329 1049 2383 lilium
1104 2327 1511 2399 promissionis.
1565 2325 1670 2391 Qui
1719 2322 1983 2379 Jacobum

406 2421 695 2476 duodecim
744 2421 978 2476 ﬁliorum
1022 2429 1253 2491 patrem,
1301 2419 1531 2489 ejusque
1567 2425 1876 2487 postremos
1928 2413 1985 2467 in

406 2514 814 2568 multitudinem
850 2513 1182 2584 propagasti,
1234 2519 1289 2566 et
1332 2510 1399 2565 ad
1452 2508 1746 2581 Egyptum
1794 2509 1850 2562 in
1899 2522 1987 2562 se-

406 2606 691 2676 ptuaginta
736 2607 976 2675 quinque
1031 2604 1319 2659 animabus
1383 2602 1799 2657 introduxisti'.
1865 2599 1982 2664 Tu,

407 2697 667 2763 Domine,
716 2714 823 2753 non
866 2698 1165 2768 despexisti
1217 2696 1545 2767 Josephum;
1594 2694 1689 2752 sed
1730 2694 1841 2757 illi,
1886 2710 1985 2763 pro

408 2791 662 2847 mercede
714 2792 986 2847 castitatis
1028 2800 1119 2844 tua
1160 2804 1326 2843 causa
1380 2796 1636 2851 servatae,
1684 2785 1881 2840 dedisti
1927 2792 1985 2839 ut

410 2883 683 2956 Egyptiis
711 2892 987 2953 praeesset.
1013 2882 1117 2950 Tu,
1150 2880 1398 2945 Domine,
1430 2879 1685 2935 Hebraeos
1719 2879 1787 2932 ab
1816 2876 1985 2947 Egy-

408 2976 541 3045 ptiis
572 2990 887 3045 oppressos,
912 2975 982 3029 ob
1014 2974 1285 3044 promissa
1314 2974 1561 3043 patribus
1597 2988 1786 3028 eorum
1818 2971 1981 3036 facta,

410 3083 519 3121 non
551 3067 869 3138 neglexisti;
901 3082 1110 3130 verum,
1138 3064 1405 3137 IEgyptiis
1429 3065 1661 3135 punitis,
1690 3065 1980 3119 liberasti‘.
2012 3067 2053 3125 C

409 3179 656 3250 Cumque
684 3180 930 3235 homines
966 3180 1137 3251 legem
1169 3180 1475 3233 naturalem
1506 3179 1904 3249 corrupissent,
1933 3189 1987 3235 et

408 3281 747 3335 creaturam,
778 3272 939 3327 modo
978 3273 1199 3343 quidem
1225 3272 1506 3327 fortuitam
1558 3272 1982 3339 arbitrarentur,

409 3362 576 3418 modo
604 3373 785 3417 autem
829 3365 1115 3435 plusquam
1146 3371 1361 3435 oportet
1392 3364 1748 3429 honorarent,
1780 3380 1842 3419 ac
1886 3366 1984 3419 tibi

404 3457 654 3509 omnium
688 3453 797 3510 Deo
828 3463 1234 3525 compararent;
1264 3471 1373 3510 non
1401 3456 1577 3511 sivisti
1606 3472 1794 3512 errore
1822 3456 1980 3524 duci;

409 3549 542 3616 quin
580 3549 760 3617 potius
806 3548 955 3603 edito
998 3557 1189 3604 sancto
1242 3548 1447 3603 famulo
1492 3558 1585 3603 tuo
1637 3549 1841 3620 Moyse,
1890 3565 1985 3618 per

409 3655 536 3693 eum
581 3640 751 3711 legem
783 3641 1042 3710 scriptam
1088 3642 1142 3694 in
1194 3642 1461 3698 naturalis
1518 3642 1849 3711 adjutorium
1886 3642 1984 3695 tri-

410 3732 660 3799 buisti';
699 3740 753 3787 et
797 3741 1080 3788 creaturas
1127 3733 1416 3789 ostendisti
1459 3748 1598 3803 Opus
1647 3740 1801 3786 tuum
1838 3748 1982 3795 esse,

402 3838 655 3903 errorem
684 3838 811 3879 vero
838 3824 907 3878 de
938 3824 1285 3879 multitudine
1315 3825 1562 3891 deorum,
1586 3824 1982 3879 exterminasti.

412 3916 689 3970 Aaronem
731 3924 785 3971 et
834 3924 1085 3986 posteros
1121 3916 1243 3985 ejus
1271 3916 1481 3971 honore
1520 3916 1845 3970 sacerdotali
1888 3916 1987 3970 de-

412 4022 616 4075 corasti
644 4040 656 4075 :
692 4019 969 4085 Hebraeos,
996 4036 1121 4075 cum
1144 4028 1434 4089 peccarent
1455 4060 1469 4083 ,
1497 4020 1815 4090 castigasti;
1858 4034 1984 4073 cum

410 4122 838 4177 reverterentur,
881 4114 1209 4183 suscepisti:
1260 4112 1546 4185 IEgyptios
1576 4112 1763 4167 decem
1813 4112 1986 4183 plagis

413 4207 562 4261 ultus
596 4222 656 4261 es
695 4226 707 4260 :
742 4208 878 4261 mari
922 4206 1099 4261 diviso
1148 4206 1415 4275 trajecisti
1468 4203 1745 4260 lsraelitas
1788 4224 1799 4258 :
1835 4206 1984 4261 inse-

413 4308 573 4354 cutos
603 4298 889 4371 Egyptios
919 4299 1164 4356 delevisti
1198 4299 1578 4355 submersione
1606 4318 1619 4352 :
1655 4299 1804 4368 ligno
1844 4314 1987 4352 ama-

412 4407 531 4445 ram
590 4408 789 4463 aquam
840 4394 1158 4449 dulcescere
1216 4393 1391 4449 fecisti

413 4498 608 4553 aquam
639 4483 929 4554 profudisti
959 4505 970 4539 :
1000 4501 1031 4540 e
1053 4486 1192 4540 cmlo
1231 4499 1487 4538 mannam
1523 4483 1779 4553 depluisti
1806 4504 1817 4537 :
1850 4500 1989 4553 prae-

412 4576 582 4631 buisti
631 4592 698 4631 ex
741 4592 865 4631 aere
893 4592 1096 4644 escam,
1144 4582 1608 4647 ortygometram:
1650 4576 1987 4631 constituisti

413 4677 575 4724 nocte
602 4671 912 4724 columnam
946 4670 1088 4741 ignis
1117 4668 1186 4722 ad
1217 4669 1660 4731 illustrationem,
1688 4675 1743 4723 et
1771 4668 1861 4723 die
1892 4684 1987 4723 co-

413 4759 656 4814 lumnam
690 4762 851 4816 nubis
880 4763 947 4816 ad
976 4761 1354 4816 umbraculum
1388 4760 1443 4813 in
1469 4766 1626 4814 aestu.
1665 4758 1769 4814 Per
1798 4758 1985 4815 Jesum

414 4850 609 4905 ducem
663 4854 936 4908 exercitus
963 4869 993 4908 a
1036 4861 1091 4907 te
1132 4852 1489 4916 declaratum,
1540 4859 1748 4921 septem
1798 4860 1987 4921 gentes

411 4942 846 4999 Chananaeorum
877 4944 1164 5013 evertisti',
1184 4941 1475 4997 Jordanem
1507 4942 1788 5012 dirupisti,
1879 4943 1977 4998 flu-

2102 456 2275 519 Ἀϐὲλ,
2308 456 2382 518 ὡς
2430 454 2575 508 ὁσίου
2615 452 3041 525 προσδεξάμενος
3081 450 3180 519 τὴν
3226 448 3434 507 Θυσίαν,
3480 445 3578 498 τοῦ
3618 446 3678 499 δὲ

2086 548 2471 617 ἀδελφοκτόνου
2514 546 2654 599 Κάῖν
2700 542 3065 614 ἀποστραφεὶς
3102 541 3163 593 τὸ
3198 539 3387 611 δῶρον,
3426 538 3500 601 ὡς
3543 540 3676 590 ἐνα-

2086 640 2235 710 γοῦς.
2267 640 2375 693 Καὶ
2406 638 2541 709 πρὸς
2565 636 2772 699 τούτοις
2792 635 2882 688 τὸν
2913 632 3154 705 ΣὴΘΛκαὶ
3182 632 3271 683 τὸν
3311 628 3473 692 Ἐνὼς
3498 646 3680 700 προσ-

2085 732 2277 786 ελάϐου
2301 771 2314 795 ,
2358 730 2453 784 καὶ
2495 730 2587 782 τὸν
2629 727 2804 797 Ἑνὼχ
2852 724 3255 797 μετατέθεικας.
3292 723 3363 775 ΣΞ)
3406 721 3516 792 γὰρ
3556 717 3607 772 εἴ
3644 724 3680 773 ὁ

2086 823 2415 894 δημιουργὸς
2457 821 2566 873 τῶν
2604 819 2938 891 ἀνθρώπων,
2978 817 3070 870 καὶ
3106 817 3206 885 τῆς
3238 812 3379 883 ζωῆς
3408 812 3675 883 χορηγὸς,

2088 914 2179 967 καὶ
2216 916 2315 986 τῆς
2358 913 2563 975 ἐνδείας
2603 911 2915 981 πληρωτὴς·
2958 909 3050 962 καὶ
3093 907 3202 959 τῶν
3256 906 3435 976 νόμων
3480 904 3676 975 δοτὴρ,

2087 1006 2180 1059 καὶ
2210 1006 2318 1058 τῶν
2349 1002 2951 1074 φυλαττόντωνάὐτοὺς
2986 997 3397 1071 μισθαποδότης,
3436 995 3531 1047 καὶ
3559 995 3680 1047 τῶν

2087 1097 2533 1169 παραϐαινόντων
2577 1096 2773 1158 αὐτοὺς
2806 1093 3033 1155 ἔκδικος.
3080 1093 3137 1144 '0
3171 1091 3258 1143 τὸν
3299 1089 3467 1160 μέγαν
3497 1104 3681 1138 κατα-

2088 1189 2325 1260 κλυσμὸν
2378 1185 2670 1256 ἐπαγαγὼν
2709 1184 2787 1256 τῷ
2836 1184 3024 1255 κόσμῳ
3068 1182 3153 1235 διά
3197 1181 3258 1233 τὸ
3310 1178 3511 1248 πλῆθος
3559 1177 3679 1229 τῶν

2086 1280 2488 1352 ἀσεϐησάντων,
2520 1278 2614 1332 καὶ
2640 1278 2736 1332 τὸν
2762 1278 2968 1330 δίκαιον
2998 1274 3119 1327 Νῶε
3158 1272 3457 1343 ῥυσάμενος
3480 1270 3547 1321 ἐκ
3572 1267 3676 1320 τοῦ

2088 1370 2470 1443 κατακλυσμοῦ
2503 1372 2558 1423 ὲν
2585 1369 2811 1440 λάρνακι
2839 1369 2933 1421 σὺν
2969 1363 3110 1419 ὀκτὼ
3138 1364 3352 1433 ψυχαῖς,
3384 1360 3536 1422 τέλος
3573 1360 3677 1429 μὲν

2086 1464 2194 1516 τῶν
2239 1462 2667 1535 παρῳχηκότων,
2701 1460 2874 1532 ἀρχὴν
2903 1458 2959 1511 δὲ
3005 1458 3111 1509 τῶν
3147 1455 3441 1527 μελλόντων
3486 1452 3680 1518 ἐπιγί-

2088 1552 2292 1607 νεσθαι.
2335 1554 2392 1606 Ὀ
2422 1553 2482 1606 τὸ
2510 1552 2738 1623 φοϐερὸν
2771 1550 2882 1621 πῦρ
2911 1548 3050 1602 κατὰ
3079 1549 3174 1619 τῆς
3203 1546 3509 1617 Σοδομηνῆς
3547 1562 3680 1597 πεν-

2087 1646 2363 1709 ταπόλεως
2410 1644 2639 1714 ἐξάψας,
2680 1644 2774 1696 καὶ
2818 1643 2920 1713 γῆν
2974 1641 3315 1712 καρποφόρον
3365 1641 3444 1700 εἰς
3489 1637 3679 1707 ἅλμην

2017 1734 2059 1789 Β
2088 1739 2313 1809 θέμενος
2352 1738 2460 1791 ἀπὸ
2488 1736 2685 1800 κακίας
2712 1737 2819 1788 τῶν
2868 1734 3259 1788 κατοικούντων
3297 1735 3351 1784 ὲν
3382 1733 3546 1801 αὐτῇ,
3581 1730 3681 1782 καὶ

2082 1830 2173 1883 τὸν
2203 1831 2347 1883 ὅσιον
2384 1828 2507 1881 Λὼτ
2542 1826 2852 1899 ἐξαρπάσας
2896 1824 2987 1878 τοῦ
3040 1822 3386 1896 ἐμπρησμοῦ.
3429 1823 3500 1875 Σὺ
3548 1817 3601 1873 εἷ
3647 1823 3682 1873 δ

2082 1922 2173 1974 τὸν
2229 1919 2479 1992 Ἀϐραάμ
2532 1920 2831 1990 ῥυσάμενος
2880 1918 3208 1989 προγονικῆς
3260 1914 3538 1975 ἀσεϐείας,
3580 1913 3681 1965 καί⁸

2084 2013 2414 2084 κληρονόμον
2442 2010 2535 2064 τοῦ
2570 2011 2772 2081 κόσμου
2803 2010 3173 2079 καταστήσας,
3225 2008 3315 2062 καὶ
3364 2004 3680 2075 ἐμφανίσας

2084 2105 2231 2175 αὐτῷ
2260 2105 2347 2157 τὸν
2390 2103 2620 2175 Χριστόν
2653 2120 2764 2155 σου.
2804 2100 2867 2153 '0
2896 2101 2985 2153 τὸν
3030 2097 3380 2169 Μελχισεδὲκ,
3411 2097 3681 2167 ἀρχιερέα

2083 2198 2181 2267 τῆς
2219 2196 2473 2267 λατρείας
2496 2193 2999 2266 προχειρισάμενος.
3017 2188 3075 2245 Ὀ
3097 2192 3187 2244 τὸν
3220 2189 3557 2243 πολύτλαντα
3588 2188 3679 2240 02-

2088 2289 2329 2361 ράποντά
2357 2305 2449 2341 σου
2489 2286 2610 2340 Ἰὼϐ
2637 2286 2862 2357 νικητὴν
2884 2282 2978 2336 τοῦ
3008 2281 3314 2353 ἀρχεκάκου
3343 2280 3521 2347 ὄφεως
3550 2279 3680 2331 dva—

2084 2381 2277 2446 δείξας.
2323 2382 2381 2433 ὐ
2417 2380 2507 2432 τὸν
2553 2377 2737 2431 Ἰσαὰκ
2778 2376 3105 2444 ἐπαγγελίας
3136 2375 3249 2427 υἱὸν
3279 2372 3672 2442 ποιησάμενος·

2083 2476 2111 2526 ὁ
2136 2474 2228 2525 τὸν
2262 2471 2453 2525 Ἰακὼϐ
2486 2471 2696 2541 πατέρα
2728 2467 2934 2521 δώδεκα
2960 2467 3182 2528 παίδων,
3216 2466 3309 2519 καὶ
3338 2466 3466 2527 τοὺς
3493 2463 3556 2527 ὲξ
3586 2465 3680 2516 αὗ-

2082 2562 2177 2616 τοῦ
2207 2566 2285 2627 είς
2316 2562 2517 2634 πλῆθος
2546 2562 2697 2632 χέας,
2729 2561 2822 2613 καὶ
2851 2556 3157 2627 εἰσαγαγὼν
3190 2559 3267 2619 είς
3299 2556 3576 2623 Αἴγυπτον
3616 2555 3678 2606 ὲν

2087 2655 2451 2726 ἐϐδομήκοντα
2496 2653 2656 2705 πέντε
2697 2650 2912 2720 ψυχαῖς.
2953 2650 3024 2702 Σὺ
3060 2648 3253 2719 Κύριε,
3308 2646 3507 2717 Ἰωσὴφ
3558 2645 3676 2716 (54)

2084 2749 2182 2816 οὐχ
2213 2745 2509 2816 ὑπερεῖδες·
2544 2742 2677 2797 ἀλλά
2716 2742 2904 2813 μισθὸν
2935 2742 3033 2810 τῆς
3074 2738 3161 2791 διά
3211 2740 3268 2791 σὲ
3316 2737 3679 2808 σωφροσύνης

2085 2836 2288 2899 ἔδωκας
2329 2835 2476 2905 αὑτῷ
2512 2835 2573 2887 τὸ
2600 2834 2707 2886 τῶν
2746 2832 3055 2900 Αἰγυπτίων
3099 2831 3304 2901 ἄρχειν.
3347 2830 3419 2881 ΣΞ)
3470 2828 3672 2898 Κύριε,

2098 2928 2379 2999 Ἐϐραίους
2422 2927 2527 2979 ὑπὸ
2577 2924 2891 2993 Αἰγυπτίων
2930 2921 3427 2991 καταπονουμένους
3465 2920 3528 2972 οὐ
3571 2936 3675 2971 πε-

2090 3020 2310 3089 ριεῖδες,
2348 3017 2435 3071 διὰ
2462 3018 2561 3081 τάς
2601 3016 2737 3087 πρὸς
2774 3016 2900 3078 τοὺς
2941 3014 3181 3084 πατέρας
3216 3011 3392 3065 αὐτῶν
3431 3014 3678 3079 ἐπαγγε-

2088 3112 2221 3175 λίας·
2266 3111 2378 3164 ἀλλ’
2410 3109 2645 3182 ὲρῤύσω,
2691 3106 2925 3170 κολάσας
2976 3105 3318 3174 Αίγυπτίους.
3352 3103 3678 3174 Παραφθει-

2090 3204 2301 3277 ράντων
2339 3203 2395 3257 δὲ
2434 3201 2543 3254 τῶν
2587 3198 2889 3270 ἀνθρώπων
2930 3197 3020 3249 τὸν
3063 3195 3287 3264 φυσικὸν
3330 3193 3528 3263 νόμον,
3578 3194 3680 3247 καὶ

2086 3298 2186 3369 τὴν
2231 3295 2427 3357 κτίσιν,
2475 3293 2604 3345 ποτὲ
2656 3292 2751 3361 μὲν
2783 3288 3087 3359 αὐτόματον
3134 3284 3497 3357 νομισάντων,
3542 3284 3679 3338 ποτὲ

2086 3388 2141 3441 δὲ
2188 3386 2367 3441 πλεῖον
2403 3384 2436 3455 ἢ
2476 3383 2557 3435 δεῖ
2604 3381 2972 3452 τιμησάντων,
3004 3378 3098 3431 καὶ
3149 3377 3234 3429 σοὶ
3269 3376 3353 3445 τῷ
3559 3374 3679 3429 τῶν

2088 3478 2302 3533 πάντων
2335 3473 2750 3528 συνταττόντων·
2784 3472 2884 3524 οὐκ
2915 3470 3098 3530 εἴασας
3145 3466 3477 3531 πλανᾶσθαι¹,
3535 3466 3680 3519 ἀλλά

2087 3567 2364 3633 ἀναδείξας
2391 3566 2480 3619 τὸν
2512 3564 2777 3633 ἀγιόνσου
2802 3561 3105 3633 Θεράποντα
3134 3559 3389 3627 Μωῦσῆν,
3411 3557 3480 3610 δι’
3506 3556 3678 3609 αὺτοῦ

2088 3662 2225 3733 πρὸς
2259 3659 2508 3731 βοήθειαν
2536 3654 2630 3709 τοῦ
2662 3654 2891 3723 φυσικοῦ
2926 3654 3016 3706 τὸν
3049 3650 3290 3722 γραπτὸν
3319 3648 3483 3718 νόμον
3517 3648 3679 3701 δέδιμκ

2088 3772 2210 3819 κας,
2243 3754 2336 3807 καὶ
2367 3751 2464 3821 τὴν
2509 3749 2685 3802 κτίσιν
2726 3746 2929 3812 ἔδειξας
2973 3746 3062 3797 σὺν
3093 3744 3249 3815 ἔργον
3295 3735 3456 3805 εἶναι,
3482 3739 3586 3810 τὴν
3618 3739 3677 3791 δὲ

2089 3846 2346 3900 πολύθεον
2375 3842 2581 3911 πλάνην
2628 3838 2912 3910 ὲξώρισας.
2953 3836 3056 3889 Τὸν
3104 3831 3307 3904 Ἀαρὼν
3338 3832 3433 3884 καὶ
3457 3833 3588 3893 τοὺς
3617 3828 3681 3897 ἐξ

2088 3936 2252 3991 αὐτοῦ
2284 3935 2533 4007 ἱερατικῇ
2576 3934 2711 4001 τιμῇ
2754 3928 3031 3993 ὲδόξασαςο
3070 3925 3353 3995 Ἐϐραίους
3402 3923 3682 3992 ἁμαρτόνέ

2086 4047 2183 4093 τας
2226 4028 2518 4089 ὲκόλασας,
2566 4021 2990 4093 ἐπιστρέφοντας
3052 4017 3241 4082 ἐδέξω·
3294 4016 3419 4076 τοὺς
3459 4015 3677 4081 Αἰγυπ-

2086 4124 2233 4184 τίους
2263 4118 2589 4188 δεκαπλήγῳ
2626 4114 2973 4185 ὲτιμωρήσω*
3011 4110 3281 4164 θάλασσαν
3314 4105 3530 4171 διελὼν,
3579 4106 3685 4159 Ἰσ-

2092 4213 2346 4286 ραηλίτας
2388 4209 2717 4270 διεϐίϐασας·
2753 4204 3080 4275 Αἰγυπτίους
3120 4198 3508 4264 ἐπιδιώξαντας
3543 4200 3684 4251 ὑπο-

2088 4304 2341 4377 ϐρυχίους
2380 4301 2667 4362 ἀπώλεσας
2712 4298 2846 4369 (55)·
2893 4295 3031 4365 ξύλῳ
3092 4292 3283 4362 πικρὸν
3326 4290 3473 4359 ὕδωρ
3515 4290 3684 4357 ὲγλύ-

1448 4412 1459 4446 :
1512 4408 1576 4445 ex
1638 4400 1792 4461 petra
1847 4392 1983 4447 dura

2090 4413 2277 4458 κανας·
2318 4396 2382 4447 ὲκ
2417 4394 2621 4463 πέτρας
2660 4389 2964 4461 ἀκροτόμω
3010 4385 3155 4455 ὕδωρ
3191 4383 3439 4451 ἀνέχεας·
3482 4379 3683 4444 ἐξιοῦ-

2093 4486 2251 4559 ρανοῦ
2285 4486 2346 4537 τὸ
2393 4485 2566 4555 μάννα
2600 4478 2757 4544 ὕσας·
2798 4480 3004 4551 τροφὴν
3048 4477 3106 4542 ἐξ
3149 4475 3309 4546 ἀέρος
3361 4474 3683 4543 ὀρτυγομή-

2086 4596 2240 4651 τραν·
2279 4577 2467 4630 στῦλον
2511 4574 2682 4645 πυρὸς
2710 4573 2810 4643 τὴν
2841 4571 3012 4624 νύκτα
3061 4568 3199 4640 πρὸς
3242 4564 3548 4635 φωτισμὸν,
3586 4566 3683 4617 καὶ

2089 4671 2277 4724 στῦλον
2300 4669 2527 4739 νεφέλης
2556 4667 2769 4738 ἡμέραν
2794 4664 2931 4735 πρὸς
2972 4660 3239 4729 σκιασμὸν
3270 4658 3535 4720 Θάλπους.
3575 4657 3681 4709 Τὸν

2102 4762 2305 4832 Ἰησοῦν
2344 4759 2647 4831 στρατηγὸν
2688 4755 2989 4821 ἀναδείξας,
3022 4752 3159 4806 ἑπτὰ
3197 4750 3322 4821 ἔθνη
3350 4749 3682 4802 Χαναναίων

2088 4855 2151 4907 δι’
2182 4852 2346 4908 αὐτοῦ
2380 4852 2649 4915 καθεῖλες,
2695 4847 2963 4918 Ἰορδάνην
3006 4842 3313 4916 διέρρηξας,
3345 4843 3477 4905 τοὺς
3507 4857 3681 4893 ποτα-

2086 4948 2219 5018 μοὺς
2261 4944 2439 5015 Ἠθάμ
2478 4943 2773 5014 ὲξήρανας,
2820 4938 2978 5008 τείχη
3013 4935 3346 5007 κατέρῤιψας
3392 4932 3509 5003 (56)
3550 4933 3680 4986 ἄνευ

485 5080 532 5111 ’⁸
571 5080 705 5135 Gen.
738 5095 812 5133 IV.
889 5080 933 5112 θ’
973 5078 1140 5134 Eccli.
1166 5095 1315 5144 xux,
1347 5080 1435 5147 l9;
1459 5078 1594 5136 Gen.
1644 5097 1716 5143 IV,
1757 5098 1810 5135 v.
1884 5082 1951 5112 “’°
1990 5079 2125 5137 Gen.
2158 5098 2233 5144 vt,
2259 5096 2363 5145 vu;
2394 5077 2413 5130 Ι
2446 5076 2602 5147 ἰδίειν1
2632 5090 2745 5147 nt,_
2771 5073 2861 5147 20.
2909 5073 2958 5147 3
2987 5069 3122 5126 Gen.
3156 5085 3319 5147 xrxn;_
3346 5067 3487 5147 Sap._
3512 5066 3678 5147 ξίν-ϐ.

413 5151 435 5225 ξ
475 5148 624 5225 ιζειιιἶ
653 5166 761 5225 cvi,
785 5152 873 5205 54.
916 5149 1127 5225 _‘_G_en.
1161 5167 1260 5214 xu,
1294 5136 1434 5225 etc,
1469 5136 1779 5225 _‘_l.__lgnat_.
1807 5136 2060 5225 interpol.
2080 5154 2147 5207 ad
2180 5136 2444 5206 T'rall.'l0
2470 5148 2537 5201 ad
2572 5136 2766 5199 Sm.‘7.
2843 5145 2864 5174 '
2900 5141 3039 5197 Gen.
3075 5156 3221 5201 XLVI,
3248 5140 3319 5192 9.7
3341 5136 3492 5209 apud
3513 5136 3676 5191 LXX.

411 5219 435 5253 ⁸
478 5219 649 5273 Exod.
678 5222 714 5283 ι,
736 5229 842 5274 etc.
916 5221 934 5251 ⁷
966 5220 1000 5271 1.
1024 5220 1124 5274 lsa.
1156 5237 1252 5276 vui
1288 5221 1358 5274 20
1386 5223 1439 5275 in
1469 5219 1654 5274 LXXI
1703 5221 1857 5276 8.Ios.
1890 5219 1973 5285 nt,
1999 5224 2084 5277 10.

1712 5395 2079 5452 VARIORUM
2120 5394 2358 5452 NOTAE.

414 5533 604 5655 CLﬁt)
658 5532 896 5602 Ἰωσήφ.
928 5532 1119 5589 Melius
1160 5533 1252 5585 τὸν
1299 5533 1516 5602 Ἰωσήφ,
1559 5531 1612 5584 in
1670 5529 1792 5585 cod.
1825 5528 1986 5585 Vind.

495 5673 605 5736 (55)
657 5672 1018 5737 Ἀπώλεσας.
1075 5673 1387 5734 Ἐκόλασας,
1418 5670 1480 5726 C.
1509 5670 1575 5725 V.
1618 5672 1800 5725 minus
1832 5670 1990 5735 bene,

417 5754 549 5811 pum
572 5738 810 5813 Egyptii
840 5759 948 5797 non
979 5759 1167 5813 pennas
1197 5752 1408 5798 tantum
1438 5742 1707 5810 dederint,
1727 5741 1872 5813 quod
1902 5756 1994 5798 su-

2098 5528 2419 5600 perstitibus
2466 5524 2644 5595 potuit
2686 5521 3026 5589 contingere,
3068 5520 3163 5575 sed
3215 5517 3468 5575 funditus
3501 5519 3683 5591 perie—

2098 5598 2716 5739 Πἰξὲϋξῃίίιιτέρῤιεζοοιςἱ
2731 5660 2896 5715 Recte
2924 5659 3165 5739 quidem:
3190 5658 3283 5715 sed
3315 5674 3416 5714 nec
3450 5661 3596 5716 male
3625 5661 3683 5717 in

2101 5729 2223 5796 cod.
2252 5729 2408 5794 Vind.
2437 5729 2535 5790 κατ
2548 5729 2782 5808 ἐβρηξας
2806 5729 3111 5803 perrupistr'.
3140 5729 3215 5785 In.
