3886 6190
229 300 360 354 HO!

1078 297 1675 357 CONSTITUTIONES
1708 295 2256 352 ΑΡΟΞΤΟΙΛΟᾹΞ.-
2290 295 2417 351 LIB.
2459 295 2593 353 Vill.

3345 291 3478 350 1109.

227 412 634 486 μηχανημάτων
672 415 765 470 καὶ
796 414 973 487 χειρὸς
1010 416 1371 488 ἀνθρωπίνης.
1419 416 1587 485 ’Υπὲρ
1628 414 1800 468 ἀπάν-

1912 412 2023 465 vios
2048 411 2222 465 Etlian
2254 411 2530 476 siccasti’,
2559 426 2743 466 muros
2772 411 3116 483 prostravisti
3134 411 3339 482 absque
3371 426 3480 465 ma-

220 524 332 561 των
365 524 446 561 σοι
487 509 519 577 ἡ
561 507 706 573 δόξα,
749 510 990 562 Δέσποτα
1034 508 1429 580 παντόκρατορ.
1464 509 1551 568 Σὲ,
1572 525 1811 579 προσκυ-

220 599 407 661 νοῦσιν
450 600 741 671 ἀνάριθμοι
792 602 1043 672 στρατιαὶ
1093 600 1374 669 ἀγγέλων,
1430 600 1806 673 ἀρχαγγέλων,

222 691 459 763 θρόνων,
513 694 867 764 κυριοτήτων,
921 692 1126 764 ἀρχῶν,
1175 692 1453 758 ἐξουσιῶν,
1503 692 1806 762 δυνάμεων,

221 784 512 855 στρατιῶν,
544 783 775 837 αἰώνων·
806 784 875 837 τὰ
906 785 1193 856 χερουϐὶμ,
1226 786 1320 839 καὶ
1352 785 1421 838 τά
1466 783 1810 856 ὲξαπτέρυγα

223 876 488 947 σεραφὶμ,
516 879 634 939 ταῖς
676 877 771 946 μὲν
799 876 919 929 δυσὶ
948 876 1431 929 κατακαλύπτοντα
1458 877 1583 940 τοὺς
1620 875 1805 942 πόδας,

219 971 342 1030 ταῖς
368 968 425 1020 δὲ
450 967 569 1019 δυσὶ
600 967 697 1031 τὰς
726 967 984 1036 κεφαλὰς,
1006 972 1123 1031 ταῖς
1147 968 1203 1021 δὲ
1230 968 1350 1021 δυσί
1384 967 1679 1038 πετόμενα,
1714 968 1810 1021 καὶ

219 1057 469 1126 λέγοντα,
504 1058 620 1129 ἅμα
656 1059 853 1129 χιλίαις
895 1060 1130 1130 χιλιάσιν
1168 1059 1545 1131 ἀρχαγγέλων,
1590 1060 1684 1112 καὶ
1718 1076 1811 1129 μυ-

223 1152 369 1223 ρίαις
421 1152 676 1222 μυριάσιν
713 1150 980 1219 ἀγγέλων,
1010 1150 1449 1213 ἀκαταπαύστως
1481 1150 1574 1203 καὶ
1611 1150 1809 1221 ἀσιγή-

220 1262 334 1308 τως
368 1242 621 1314 βοώσαις·
654 1244 746 1296 καὶ
786 1245 894 1306 πᾶς
924 1246 953 1296 6
980 1244 1108 1306 λαὸς
1139 1243 1254 1315 ἀμα
1284 1243 1511 1296 εἰπάτωο
1548 1262 1566 1295 ι
1599 1243 1807 1312 Ἄγιος,

221 1336 397 1405 ἅγιος,
426 1336 602 1405 ἅγιος,
635 1335 839 1407 Κύριος
876 1335 1123 1389 Σαϐαὼθ*
1159 1336 1370 1409 πλήρης
1400 1338 1428 1389 6
1459 1335 1687 1407 οὐρανὸς
1716 1337 1810 1389 καὶ

221 1432 255 1499 ἡ
286 1430 357 1500 γῆ
392 1430 490 1500 τῆς
531 1427 691 1499 δόξης
726 1427 914 1481 αὐτοῦ·
958 1428 1249 1499 εὐλογητὸς
1290 1431 1370 1491 είς
1413 1429 1539 1491 τοὺς
1585 1428 1806 1492 αἰῶνας.

234 1521 428 1593 Ἀμήν.
453 1541 470 1573 ι
506 1522 618 1575 Καὶ
644 1524 672 1575 6
703 1522 989 1593 ἀρχιερεὺς
1019 1521 1145 1591 ἑξῆς
1170 1520 1392 1589 λεγέτωο
1423 1520 1609 1590 ’Ἄγιος
1628 1520 1736 1594 γὰρ
1762 1519 1811 1574 εἴ

218 1615 298 1677 ὡς
345 1612 593 1685 ἀληθῶς,
632 1615 724 1666 καὶ
768 1614 1058 1681 πανάγιος,
1105 1611 1325 1682 ὕψιστος
1366 1612 1459 1665 καὶ
1502 1612 1809 1684 ὐπερυψού-

223 1723 383 1776 μενος
414 1708 492 1769 εἰς
523 1706 649 1769 τοὺς
669 1705 885 1768 αἰῶνας.
913 1706 1097 1775 ’Ἄγιος
1128 1705 1183 1758 δὲ
1212 1706 1305 1758 καὶ
1332 1706 1359 1757 6
1393 1706 1683 1776 μονογενής
1717 1722 1807 1757 σου

211 1799 339 1863 Υίὸς
362 1802 390 1852 6
420 1799 621 1871 Κύριος
653 1799 811 1871 ήμῶν
851 1800 944 1852 καὶ
983 1800 1115 1863 Θεὸς
1156 1798 1363 1870 Ἰησοῦς
1394 1802 1422 1852 6
1454 1799 1707 1871 Χριστός·
1749 1799 1808 1863 ὃς
1841 1776 1881 1831 Β

220 1894 303 1956 εἰς
344 1892 519 1945 πάντα
573 1892 1057 1964 ὐπηρετησάμενός
1104 1910 1186 1945 σοι
1236 1892 1314 1962 τῷ
1367 1891 1486 1963 Θεῷ
1519 1892 1682 1945 αὐτοῦ
1713 1893 1808 1946 καὶ

219 1984 417 2054 Πατρὶ,
434 1984 584 2052 είςξτε
605 1984 962 2056 δημιουργίαν
990 1984 1263 2056 διάφορον,
1289 1985 1383 2038 καὶ
1409 1983 1660 2055 πρόνοιαν
1688 2002 1809 2037 κατ-

220 2075 475 2146 άλληλον,
504 2076 564 2128 οὐ
599 2077 832 2148 περιεῖδε
866 2077 929 2128 τὸ
953 2076 1109 2146 γένος
1152 2077 1259 2130 τῶν
1301 2077 1601 2149 ἀνθρώπων
1638 2078 1806 2132 ἀπολ-

217 2168 471 2240 λύμενον,
516 2167 650 2221 ἀλλά
703 2167 843 2239 μετά
890 2168 1118 2237 φυσικὸν
1160 2168 1352 2239 νόμον,
1388 2168 1526 2240 μετά
1576 2170 1807 2241 νομικὴν

218 2260 564 2332 παραίνεσιν,
612 2259 750 2330 μετά
808 2261 1179 2331 προφητικούς
1225 2260 1510 2333 ἐλέγχους,
1564 2264 1659 2315 καὶ
1708 2262 1808 2327 τὰς

216 2352 327 2406 τῶν
396 2352 642 2421 ἀγγέλων
702 2351 1038 2417 ἐπιστασίας,
1079 2352 1557 2424 παραφθειρόντων
1595 2356 1689 2408 σὺν
1730 2354 1806 2426 τῷ

218 2443 361 2516 θετῷ
407 2446 505 2497 καὶ
538 2443 627 2497 τὸν
660 2444 886 2512 φυσικὸν
928 2444 1121 2514 νόμον,
1167 2445 1261 2497 κεπιί¹
1300 2445 1402 2515 τῆς
1454 2446 1672 2517 μνήμης
1714 2448 1807 2499 ὲκ-

218 2537 526 2591 ϐαλλόντων
571 2536 663 2589 τὸν
716 2536 1117 2607 κατακλυσμὸν,
1156 2539 1257 2609 τὴν
1314 2538 1656 2609 ἐκπύρωσιν,
1707 2539 1806 2603 τάς

218 2632 341 2683 κατ’
367 2628 679 2697 Αἰγυπτίων
708 2628 940 2700 πληγάς,
970 2628 1068 2693 τὰς
1098 2630 1239 2684 κατά
1269 2629 1655 2702 Παλαιστηνῶν
1680 2650 1807 2701 σφα-

219 2721 355 2791 γάς,
388 2722 485 2774 καὶ
522 2719 820 2790 μελλόντων
868 2721 991 2774 ὅσον
1026 2722 1237 2775 οὐδέπω
1288 2722 1621 2776 ἀπόλλυσθαι
1668 2724 1804 2777 πάν-

219 2832 349 2878 των,
396 2813 683 2882 εὐδόκησεν
730 2813 890 2877 αὐτὸς
928 2812 1121 2885 γνώμῃ
1163 2817 1229 2886 σῇ
1266 2817 1294 2869 6
1331 2814 1664 2887 δημιουργὸς
1714 2818 1807 2870 ἀν-

221 2904 463 2977 θρώπου,
509 2904 791 2976 ἄνθρωπος
840 2906 1119 2973 γενέσθαι,
1156 2909 1184 2959 6
1224 2907 1522 2979 νομοθέτης
1566 2909 1671 2962 ὑπὸ
1718 2910 1804 2963 v6—

223 3013 380 3067 μους,
421 2999 451 3049 6
480 2997 769 3068 ἀρχιερεὺς
817 2998 1030 3068 ἱερεῖον,
1064 2999 1093 3050 6
1132 3000 1335 3069 ποιμὴν
1378 3000 1667 3070 πρόϐατον,
1711 3002 1807 3055 καὶ

1912 504 2093 559 chinis
2132 510 2185 557 et
2234 504 2440 573 absque
2486 519 2650 557 manu
2702 504 2937 557 humana
2964 505 3028 560 ¹⁰.
3063 502 3170 557 Pro
3220 506 3480 560 omnibus

1907 595 2007 649 tibi
2038 596 2231 665 gloria,
2262 594 2490 651 Domine
2522 596 2887 666 omnipotens.
2912 597 2951 628 “
2984 595 3062 652 Te
3114 597 3346 652 adorant
3394 598 3480 651 in~

1908 688 2272 743 numerabiles
2335 688 2504 757 copize
2575 689 2924 759 angelorum,
2982 689 3477 759 archangelorum,

1908 782 2266 844 thronorum,
2317 781 2782 847 dominationum,
2833 783 3269 852 principatuum,
3325 788 3483 850 pote‘

1911 880 2149 937 statum,
2198 873 2497 937 virtutum,
2553 873 2926 938 exercituum,
2993 874 3315 927 szeculorum
3386 884 3482 925 seu

1909 974 2273 1031 aeternorum;
2324 974 2378 1020 et
2427 965 2757 1033 cherubini;
2813 966 2941 1019 item
3004 966 3283 1035 scraphini
3335 964 3483 1020 senis

1911 1061 2013 1115 alis
2062 1057 2306 1129 praediti,
2356 1059 2501 1113 binis
2545 1060 2762 1128 quidem
2813 1060 3056 1114 velantes
3108 1058 3273 1128 pedes
3321 1072 3481 1122 suos,

1909 1153 2055 1207 binis
2091 1167 2220 1206 vero
2264 1152 2478 1221 capita,
2525 1159 2578 1205 et
2622 1151 2833 1205 duabus
2878 1152 3000 1204 aliis
3044 1152 3295 1206 volantes
3324 1151 3388 1215 η,
3422 1165 3486 1205 ac

1910 1244 2156 1299 dicentes
2187 1258 2292 1296 una
2324 1258 2448 1297 cum
2485 1244 2630 1297 mille
2664 1243 2905 1296 millibus
2951 1242 3400 1311 archangelorum
3433 1250 3487 1296 et

1910 1336 2068 1391 denis
2101 1337 2344 1390 millibus
2370 1336 2569 1390 denum
2608 1336 2839 1389 millium
2879 1336 3197 1406 angelorum
3228 1336 3290 1398 ",
3335 1335 3487 1389 inde-

1911 1430 2153 1485 sinenter
2191 1445 2255 1483 ac
2314 1430 2433 1483 sine
2470 1429 2623 1484 vocis
2674 1428 3080 1483 intermissione
3120 1428 3488 1482 clamantibus

1911 1524 1989 1592 (et
2017 1524 2195 1579 omnis
2224 1523 2456 1593 populus
2482 1521 2642 1577 simul
2666 1520 2833 1590 dicat)
2860 1540 2872 1574 :
2911 1541 2927 1570 ε
2957 1519 3213 1583 Sanctus,
3241 1530 3486 1583 sanctus,

1912 1624 2169 1680 sanctus,
2224 1614 2489 1667 Dominus
2546 1612 2834 1666 Sabaoth:
2882 1612 3023 1681 pleni
3077 1619 3207 1665 sunt
3255 1612 3381 1666 ρωιί
3434 1618 3489 1666 et

1914 1714 2059 1762 terra
2088 1707 2261 1778 gloria
2295 1707 2414 1775 ejus
2442 1723 2455 1759 :
2489 1704 2817 1759 Benedictus
2848 1703 2903 1756 in
2936 1704 3154 1758 saacula.
3181 1702 3351 1756 Amen
3376 1704 3440 1757 ¹δ.
3464 1723 3481 1755 ι

1912 1800 1977 1854 Et
2006 1798 2249 1870 pontifex
2277 1807 2467 1868 postea
2499 1798 2646 1853 dicat
2675 1816 2686 1851 :
2725 1795 2962 1851 Sanctus
2985 1797 3131 1851 enim
3156 1811 3283 1851 vere
3311 1811 3392 1861 es,
3425 1810 3491 1849 ac

1911 1894 2315 1956 sanctissimus,
2356 1891 2659 1947 altissimus
2703 1898 2756 1944 et
2792 1889 3231 1959 superexaltatus
3283 1888 3338 1941 in
3388 1901 3490 1940 sar-

1909 1988 2053 2042 cula.
2088 1985 2326 2041 Sanctus
2372 1999 2591 2055 quoque
2644 1982 2960 2052 unigenitus
2992 1988 3119 2035 tuus
3152 1980 3346 2044 Filius,
3383 1978 3491 2034 Do-

1909 2078 2091 2134 minus
2126 2087 2311 2134 noster
2338 2085 2392 2131 et
2422 2075 2586 2138 Deus,
2618 2074 2779 2129 Jesus
2818 2072 3114 2139 Christus;
3146 2072 3241 2142 qui
3275 2072 3342 2126 ad
3370 2086 3490 2127 om-

1908 2171 2002 2224 nia
2041 2170 2138 2225 tibi
2167 2169 2278 2225 Deo
2312 2184 2413 2224 suo
2443 2176 2497 2223 et
2533 2166 2720 2232 Patri,
2761 2173 2876 2219 tum
2921 2165 2978 2218 in
3007 2165 3160 2219 varia
3190 2163 3486 2229 creatione,

1907 2270 2024 2316 tum
2073 2262 2131 2315 in
2178 2260 2524 2331 providentia
2574 2257 2960 2320 convenienti,
3000 2256 3345 2318 ministrans,
3380 2270 3488 2309 non

1907 2354 2157 2425 despexit
2190 2368 2363 2425 genus
2405 2352 2706 2406 humanum
2747 2350 2891 2421 quod
2941 2348 3193 2419 peribat:
3229 2348 3326 2403 sed
3369 2355 3492 2417 post

1907 2448 2216 2503 naturalem
2246 2448 2441 2517 legem,
2470 2454 2593 2516 post
2617 2445 2844 2515 legalem
2878 2442 3331 2507 admonitionem,
3361 2448 3487 2510 post

1907 2540 2253 2611 propheticas
2308 2537 2795 2609 reprehensiones,
2834 2544 2889 2592 et
2935 2535 3251 2607 angelorum
3299 2532 3493 2604 praefe«

1909 2647 2129 2700 cturas;
2161 2648 2288 2687 cum
2319 2632 2490 2703 legem
2521 2631 2826 2687 naturalem
2862 2644 2969 2684 una
2996 2644 3122 2683 cum
3151 2628 3267 2697 lege
3289 2627 3493 2696 scripta

1908 2741 2005 2782 seu
2054 2728 2232 2798 posita
2280 2726 2586 2789 violarent,
2634 2731 2797 2793 atque
2827 2738 2858 2777 e
2887 2722 3150 2776 memoria
3187 2720 3489 2805 abjicerent

1908 2821 2209 2885 diluvium,
2257 2818 2739 2889 conﬂagrationem
2812 2813 3239 2875 Sodomiticam,
3302 2810 3493 2880 plagas

1908 2912 2198 2983 Egyptiis,
2242 2920 2296 2967 et
2325 2910 2502 2965 caedes
2535 2907 2839 2963 Palaastinis
2874 2907 3073 2969 illatas,
3130 2918 3367 2973 cumque
3417 2902 3485 2952 il-

1909 3006 2015 3060 lico
2065 3004 2293 3075 perituri
2326 3011 2509 3059 essent
2557 3016 2778 3068 omnes;
2825 3016 2889 3055 ex
2938 2998 3206 3054 sententia
3238 3003 3330 3048 tua
3379 2994 3496 3064 ipse

220 3088 604 3160 ὲξευμενίσατό
626 3105 684 3141 σε
714 3088 803 3141 τὸν
832 3089 1025 3142 ἑαυτοῦ
1053 3089 1183 3142 Θεὸν
1210 3091 1304 3143 καὶ
1330 3091 1571 3163 Πατέρα,
1604 3094 1698 3148 καὶ
1725 3093 1802 3165 τῷ

1912 3096 2089 3167 elegit,
2120 3104 2338 3149 creator
2369 3094 2634 3159 hominis,
2669 3093 2834 3148 homo
2862 3092 3011 3158 fieri;
3058 3090 3358 3161 legislator,
3391 3090 3494 3143 sub

222 3180 415 3251 κόσμῳ
456 3180 775 3253 κατήλλαξε,
824 3181 919 3235 καὶ
953 3182 1050 3254 τῆς
1090 3184 1441 3256 ἐπικειμένης
1478 3186 1646 3256 ὀργῆς
1682 3187 1807 3248 τοὺς

224 3274 436 3336 πάντας
471 3273 830 3346 ἠλευθέρωσε,
879 3276 1168 3346 γενόμενος
1213 3277 1278 3329 ὲκ
1312 3276 1611 3349 παρθένου,
1657 3278 1810 3347 γενό-

227 3383 389 3439 μενος
427 3368 484 3419 ὲν
529 3368 711 3438 σαρκὶ,
744 3369 773 3420 6
806 3368 937 3431 Θεὸς
969 3368 1157 3437 Λόγος,
1202 3372 1230 3423 6
1264 3370 1545 3440 ἀγαπητὸς
1585 3370 1733 3437 Υίὸς,
1781 3372 1810 3424 6

225 3457 571 3530 πρωτότοκος
617 3457 796 3529 πάσης
846 3458 1094 3523 κτίσεως,
1142 3460 1281 3513 κατὰ
1320 3460 1419 3525 τὰς
1465 3463 1594 3534 περὶ
1645 3463 1808 3516 αὐτοῦ

224 3549 318 3605 ὐπ’
360 3548 525 3603 αὐτοῦ
566 3550 967 3622 προῤῥηθείσας
1010 3552 1347 3623 προφητείας
1393 3554 1458 3607 ὲκ
1498 3555 1810 3625 σπέρματος

222 3642 407 3709 Δαϐὶδ,
436 3642 530 3695 καὶ
568 3641 838 3713 Ἀϐραὰμ,
887 3642 1057 3714 φυλῆς
1119 3644 1305 3698 Ὶούδα’
1358 3646 1452 3699 καὶ
1483 3647 1705 3716 γέγονεν
1752 3648 1810 3699 ἐν

228 3738 414 3807 μήτρᾳ,
453 3734 716 3806 παρθένου
758 3738 786 3788 6
827 3735 1171 3790 διαπλάσσων
1208 3738 1415 3802 πάντας
1453 3741 1579 3804 τοὺς
1608 3756 1807 3808 γεννω-

228 3827 445 3899 μένους,
470 3829 562 3881 κα“ι
587 3826 978 3899 ὲνεσαρκὼθηό
1000 3829 1261 3900 ἄσαρκος,
1288 3833 1317 3884 6
1347 3832 1593 3903 ἀχρόνως
1621 3850 1812 3905 γεννη-

226 3920 344 3983 θεὶς
380 3921 438 3972 ὲν
476 3919 651 3991 χρόνῳ
680 3919 989 3990 γεγένηται’
1036 3921 1488 3995 πολιτευσάμενος
1524 3925 1685 3990 ὁσίως
1718 3929 1811 3980 καὶ

228 4012 527 4075 παιδεύσας
570 4011 864 4083 ὲνθέσμως,
899 4015 1079 4067 πᾶσαν
1110 4015 1261 4069 νόσον
1305 4017 1399 4071 καὶ
1430 4019 1609 4072 πᾶσαν
1642 4018 1812 4089 μαλα-

228 4105 355 4159 κίαν
384 4104 445 4169 ἐξ
473 4104 772 4177 ἀνθρώπων
818 4106 1115 4174 ἀπελάσας,
1156 4110 1358 4180 σημεῖά
1389 4127 1447 4163 τε
1488 4111 1580 4164 καὶ
1611 4112 1814 4184 τέρατα

227 4200 288 4252 ὲν
315 4197 395 4268 τῷ
420 4198 534 4270 λαῷ
566 4200 815 4271 ποιήσας
850 4201 1055 4272 τροφῆς
1085 4202 1179 4254 καὶ
1208 4202 1372 4256 ποτοῦ
1405 4205 1497 4257 καὶ
1522 4202 1692 4258 ὕπνου
1726 4222 1815 4276 με·

226 4290 499 4357 ταλαϐὼν,
532 4294 561 4345 6
592 4292 808 4363 τρέφων
847 4293 1055 4358 πάντας
1093 4297 1220 4359 τοὺς
1248 4296 1548 4367 χρῄζοντας
1582 4300 1810 4371 τροφῆς,

229 4386 328 4437 καὶ
348 4384 687 4456 ὲμπιμπλῶν
717 4386 824 4439 πᾶν
870 4384 1009 4451 ζῶον
1053 4387 1317 4452 εὐδοκίας
1357 4390 1666 4462 ὲφανέρωσέ
1717 4408 1810 4445 σου

1910 3188 2157 3259 legibus;
2189 3186 2456 3257 pontifex,
2488 3187 2703 3252 hostia;
2736 3194 2943 3255 pastor,
2974 3184 3133 3249 ovis;
3165 3192 3219 3237 et
3246 3190 3302 3237 te
3333 3196 3493 3236 suum

1910 3280 2079 3335 Deum
2131 3294 2196 3334 ac
2242 3278 2461 3335 Patrem
2518 3278 2757 3350 placavit
2811 3285 2976 3347 atque
3009 3275 3214 3330 mundo
3247 3276 3496 3329 reconci—

1910 3373 2083 3439 liavit,
2115 3382 2455 3443 cunctosque
2490 3373 2558 3427 ab
2598 3372 2917 3426 imminente
2958 3371 3039 3425 ira
3090 3368 3365 3429 liberavit,
3414 3365 3495 3418 fa-

1910 3473 2032 3521 ctus
2081 3480 2147 3520 ex
2181 3464 2412 3536 virgine,
2462 3463 2639 3519 factus
2689 3463 2747 3517 in
2793 3477 2981 3528 carne,
3038 3460 3182 3518 Deus
3220 3458 3492 3519 Verbum,

1911 3558 2144 3614 dilectus
2193 3556 2403 3621 Filius,
2443 3557 2841 3629 primogenitus
2888 3554 3069 3609 omnis
3110 3559 3398 3611 creaturae,
3441 3556 3497 3603 et

1912 3652 2213 3707 secundum
2249 3650 2565 3721 prophetias
2608 3650 2676 3704 ab
2724 3649 2844 3719 ipso
2888 3648 2955 3701 de
2988 3662 3048 3702 se
3077 3643 3366 3717 praedictas
3405 3655 3496 3694 or-

1913 3751 2002 3797 tus
2045 3759 2109 3798 ex
2156 3742 2363 3797 semine
2415 3741 2634 3796 Davidis
2677 3748 2733 3795 et
2779 3738 3076 3794 Abrahami
3128 3753 3191 3792 ac
3237 3735 3305 3791 de
3348 3733 3497 3788 tribu

1912 3834 2103 3893 Iudae:
2137 3835 2179 3865 ¹⁸
2210 3843 2265 3890 et
2296 3834 2473 3889 factus
2512 3844 2597 3889 est
2642 3834 2697 3888 in
2740 3840 2898 3887 utero
2929 3830 3192 3899 Virginis,
3232 3829 3499 3883 formator

1913 3932 2157 3986 omnium
2197 3930 2291 4001 qui
2321 3928 2649 4001 gignuntur;
2680 3927 3000 3980 incarnatus
3027 3932 3132 3987 est,
3178 3923 3271 3992 qui
3314 3919 3499 3975 carnis

1912 4039 2139 4094 expers;
2194 4024 2288 4094 qui
2347 4023 2468 4079 sine
2525 4034 2769 4093 tempore
2830 4020 3083 4093 genitus,
3140 4017 3193 4069 in
3257 4025 3501 4083 tempore

1912 4124 2076 4171 natus
2099 4123 2185 4171 est
2210 4134 2224 4171 :
2254 4124 2443 4171 sancte
2476 4116 2633 4179 vixit,
2676 4124 2731 4169 et
2761 4114 2999 4185 legitime
3031 4109 3248 4178 docuit;
3280 4118 3498 4160 omnem

1913 4208 2164 4262 morbum
2225 4214 2281 4262 et
2347 4222 2564 4262 omnem
2624 4206 2998 4261 infirmitatem
3056 4205 3124 4259 ab
3181 4196 3501 4257 hominibus

1913 4301 2157 4370 expulit;
2226 4299 2383 4370 signa
2448 4307 2502 4355 et
2564 4299 2815 4369 prodigia
2881 4298 2939 4352 in
3006 4296 3207 4367 p0pulo
3272 4293 3493 4348 edidit:

1915 4392 2128 4458 cibum,
2184 4400 2401 4461 potum,
2456 4406 2711 4445 somnum
2786 4390 2932 4459 cepit
2984 4389 3063 4452 is,
3117 4387 3209 4457 qui
3265 4391 3498 4440 cunctos

228 4476 293 4529 τὸ
336 4475 508 4547 ὄνομα
549 4480 662 4540 τοῖς
703 4478 987 4546 ἀγνοοῦσιν
1017 4480 1169 4548 αὐτὸ,
1202 4482 1301 4559 τὴν
1343 4456 1564 4551 ἄγνοιαν
1611 4484 1815 4553 εφυγά-

1917 4486 2175 4540 alimento
2226 4484 2532 4555 indigentes
2582 4483 2790 4547 nutrit,
2831 4496 3103 4550 omneque
3150 4477 3353 4533 animal
3390 4475 3499 4529 im-

230 4569 408 4636 δευσε,
438 4570 538 4641 τὴν
578 4570 857 4625 εὐσέϐειαν
903 4572 1329 4647 ἀνεξωπύρωσε,
1362 4576 1424 4629 τὸ
1463 4576 1673 4648 θέλημά
1720 4594 1813 4631 σου

230 4662 541 4733 ἐπλήρωσε,
579 4663 642 4718 τὸ
672 4662 831 4734 ἔργον
862 4664 891 4717 ὃ
932 4664 1138 4730 ἔδωκας
1170 4667 1317 4738 αὐτῷ
1362 4669 1663 4723 ἐτελείωσε.
1704 4670 1815 4724 Καὶ

232 4753 407 4808 ταῦτα
435 4754 612 4809 πάντα
639 4756 1008 4828 κατορθώσας,
1054 4760 1242 4831 χερσὶν
1287 4761 1501 4831 ἀνόμων
1545 4778 1815 4832 κατασχε-

234 4846 373 4910 θεὶς,
425 4848 615 4919 ἱερέων
656 4851 750 4903 καὶ
789 4851 1093 4923 ἀρχιερέων
1128 4852 1496 4924 ψευδωνύμων
1541 4854 1636 4907 καὶ
1685 4853 1815 4907 λαοῦ

237 4937 579 5010 παρανόμου,
603 4940 863 5013 προδοσίᾳ
885 4941 981 4995 τοῦ
1012 4943 1111 5015 τὴν
1131 4943 1329 4998 κακίαν
1356 4946 1700 5017 νοσήσαντος,
1725 4948 1819 4999 καὶ

238 5032 414 5086 πολλά
448 5032 637 5086 παθὼν
672 5036 763 5087 ὐπ’
782 5034 979 5099 αὐτῶν,
1004 5036 1100 5090 καὶ
1128 5038 1307 5090 πᾶσαν
1339 5037 1559 5108 ἀτιμίαν
1583 5038 1821 5103 ὑποστὰς

241 5129 305 5198 τῇ
332 5128 697 5199 συγχωρήσει,
724 5127 1050 5198 παραδοθεὶς
1078 5128 1294 5200 Πιλάτῳ
1321 5128 1399 5200 τῷ
1441 5130 1698 5201 ἡγεμόνι,
1727 5132 1821 5184 καὶ

238 5220 449 5291 κριθεὶς
473 5222 500 5273 6
524 5222 738 5293 κριτής,
775 5224 869 5276 καὶ
903 5222 1256 5294 κατακριθεὶς
1279 5223 1308 5275 6
1340 5224 1563 5295 Σωτὴρ,
1604 5224 1822 5295 σταυρῷ

237 5312 565 5385 προσηλωθη
586 5316 614 5367 6
634 5314 868 5387 ἀπαθὴς,
893 5317 985 5369 καὶ
1009 5314 1275 5369 ἀπέθανεν
1302 5316 1331 5367 6
1360 5318 1425 5387 τῇ
1452 5316 1825 5386 φύσειάθάνα-

301 5571 323 5601 ’
354 5569 743 5635 Psalnuxm,
792 5573 878 5629 15.
993 5576 1037 5608 ⁸ο
1082 5575 1197 5633 Jos.
1246 5593 1320 5632 v1.

1436 5579 1478 5611 ιι
1515 5552 1686 5650 lgnat.
1732 5580 1986 5652 interpol.
2020 5584 2087 5639 ad
2117 5582 2283 5640 Trall.
2330 5584 2384 5639 5.

1919 4578 2030 4649 plet
2076 4577 2416 4643 beneplacito
2446 4576 2535 4629 “2
2578 4574 2947 4629 manifestavit
2985 4587 3183 4626 nomen
3227 4579 3378 4623 tuum
3429 4567 3499 4621 iis

1918 4670 2015 4740 qui
2066 4668 2201 4724 illud
2260 4669 2622 4738 ignorabant;
2680 4666 2891 4737 fugavit
2945 4664 3346 4735 ignorantiam;
3383 4658 3500 4729 pie-

1920 4770 2089 4819 tatem
2155 4762 2546 4828 exsuscitavit;
2604 4760 2941 4814 voluntatem
3006 4766 3152 4811 tuam
3215 4752 3498 4823 implevit;

1923 4872 2063 4928 Opus
2101 4857 2246 4927 quod
2286 4856 2335 4911 ei
2374 4854 2604 4918 dedisti,
2645 4851 3047 4909 consummavit
3085 4850 3125 4880 ¹⁷
3159 4869 3170 4904 :
3213 4856 3376 4917 atque
3413 4845 3500 4900 his

1924 4949 2184 5005 omnibus
2218 4948 2451 5003 feliciter
2479 4946 2672 5017 gestis,
2703 4954 2803 5015 per
2823 4943 3190 5015 proditionem
3237 4941 3385 4994 illius
3406 4937 3500 5006 qui

1926 5041 2150 5096 malitiae
2179 5040 2370 5095 morbo
2400 5039 2710 5110 languebat,
2740 5035 3169 5107 comprehensus
3211 5042 3294 5086 est
3326 5030 3500 5084 mani-

1927 5133 2031 5188 bus
2059 5132 2477 5203 ﬂagitiosorum,
2504 5145 2698 5200 nempe
2730 5128 2869 5184 falso
2900 5128 3122 5182 nomine
3148 5123 3497 5195 gaudentium

1928 5226 2275 5282 sacerdotum
2305 5240 2370 5279 ac
2398 5223 2739 5293 pontificum,
2768 5230 2822 5277 et
2849 5220 3038 5291 populi
3072 5217 3243 5287 iniqui
3270 5232 3288 5279 ;
3329 5230 3359 5267 a
3378 5214 3497 5281 qui-

1928 5318 2031 5375 bus
2053 5319 2223 5374 multa
2252 5333 2449 5389 passus
2484 5322 2588 5382 est,
2617 5322 2671 5371 et
2696 5330 2914 5371 omnem
2936 5314 2977 5346 ³⁸
3007 5310 3359 5385 ignominiam
3378 5322 3497 5362 sua"

2499 5584 2541 5617 ¹²
2574 5582 2673 5638 lsa
2716 5598 2793 5645 vt,
2834 5582 2890 5637 2.
3003 5581 3045 5613 “
3080 5579 3213 5634 Dan.
3244 5592 3353 5641 vn,
3403 5575 3495 5630 10.

234 5639 282 5741 ἶῖ
314 5641 1227 5741 iatn":Ef‘mulgﬂﬁ,infﬁrpm'
1263 5651 1329 5705 ad
1355 5639 1654 5720 Τιέὶηονίθὶ
1688 5653 1755 5709 ad
1793 5639 1968 5741 Sull-’1
1997 5671 2011 5722 ;
2040 5655 2105 5711 ad
2129 5639 2306 5728 Magn.
2333 5655 2420 5710 ll.
2501 5656 2543 5688 ¹⁶
2569 5654 2716 5711 Psal.
2739 5639 2916 5721 chiv,
2946 5653 3031 5709 16.
3111 5653 3150 5683 ³⁷
3180 5639 3495 5705 Ιυδηζκνιι.

237 5709 280 5741 ’⁸
316 5714 484 5783 lgnat.
517 5714 712 5783 interp.
744 5709 1005 5770 ad'Trall.
1035 5720 1117 5773 l0.
