3886 6190
410 300 549 355 H03

1244 296 1299 351 S.
1342 294 1788 352 CLEMENTISI
1826 296 1995 357 ROM.
2033 296 2232 354 PONT.
2275 296 2502 354 OPERA
2540 297 2765 355 DUBIA.

3521 303 3657 357 1104

400 415 589 479 tinuit,
622 413 895 481 permissu
954 423 1084 479 tuo;
1117 413 1353 471 traditus
1383 422 1468 470 est
1513 413 1690 470 Pilato
1717 415 1934 484 praesidi
1966 434 1981 483 ;

2087 433 2197 480 τος,
2226 416 2321 469 καὶ
2346 416 2517 487 ἐτάφη
2547 418 2575 468 ὁ
2614 414 2893 479 ζωοποιδς,
2927 415 3014 467 ἵνα
3043 413 3249 478 πάθους
3275 414 3407 487 λύσῃ
3437 418 3532 469 καὶ
3561 418 3659 469 θα-

395 506 677 573 judicatus
721 513 827 571 est,
866 506 1069 575 judcx;
1101 507 1498 561 condemnatus
1528 514 1633 573 est,
1680 507 1929 562 Salvator
1961 526 1976 573 ;

399 599 552 652 cruci
582 598 775 653 aflixus
795 606 903 664 est,
934 599 1027 668 qui
1060 600 1169 669 pati
1208 616 1317 654 non
1350 607 1561 670 potest;
1596 613 1843 654 mortuus
1874 608 1977 665 est,

400 696 606 743 natura
640 691 995 757 immortalis;
1041 692 1290 761 sepultus
1318 701 1425 757 est,
1468 693 1594 747 vitae
1624 692 1887 759 efl‘ector;
1920 701 1979 746 ut

401 781 527 835 illos
558 793 779 852 propter
818 798 960 853 quos
1012 783 1328 845 advenerat.
1361 800 1391 838 a
1433 786 1692 854 passione
1723 784 1978 850 solveret,

400 880 456 923 ct
478 883 507 923 a
535 880 708 926 morte
731 870 984 942 eriperet,
1015 882 1076 928 ut
1099 873 1301 930 diaboli
1335 874 1550 929 vincula
1582 885 1877 942 rumperet,
1908 873 1976 926 il-

402 961 617 1030 liusque
648 978 714 1016 ex
755 962 965 1019 fallacia
998 965 1253 1021 liberaret
1282 966 1531 1021 homines
1559 984 1571 1020 :
1620 965 1919 1020 resurrexit
1946 980 1979 1020 e

401 1056 633 1111 mortuis
657 1057 816 1111 tertia
846 1057 934 1113 die
966 1077 977 1112 :
1006 1058 1365 1129 quadraginta
1387 1059 1583 1115 diebus
1607 1069 1979 1115 commoratus

399 1163 524 1201 cum
547 1148 855 1218 discipulis,
878 1160 1193 1219 assumptus
1221 1161 1303 1205 est
1326 1152 1380 1205 in
1400 1152 1570 1207 caelos
1590 1170 1605 1218 ;
1628 1160 1682 1207 et
1709 1152 1776 1207 ad
1792 1152 1980 1208 dexte-

400 1256 519 1296 ram
552 1243 758 1297 assidet
783 1243 899 1308 tibi,
937 1241 1045 1297 Deo
1076 1258 1140 1297 ac
1186 1241 1333 1296 Patri
1363 1259 1483 1297 suo.
1512 1244 1552 1274 "
1580 1242 1847 1299 Memores
1878 1245 1979 1314 igi-

402 1342 492 1388 tur
522 1350 711 1390 eorum
747 1352 868 1405 quae
892 1344 1112 1405 propter
1142 1351 1241 1390 nos
1269 1336 1514 1405 pertulit,
1538 1338 1742 1407 gratias
1766 1339 1977 1405 agimus

400 1426 523 1491 tibi,
562 1424 705 1482 Deus
740 1427 1115 1496 omnipotens,
1148 1444 1256 1483 non
1308 1437 1574 1498 quantum
1606 1428 1888 1493 debemus,
1923 1438 1978 1484 at

398 1525 665 1588 quantum
694 1534 1023 1589 possumus;
1062 1527 1117 1575 et
1144 1522 1596 1576 constitutionem
1628 1521 1748 1591 ejus
1787 1522 1978 1592 imple-

399 1624 543 1665 mus.
571 1608 629 1663 In
653 1626 761 1680 qua
791 1612 937 1667 enim
962 1621 1127 1668 nocte
1152 1614 1490 1679 tradebatur,
1524 1630 1665 1685 pane
1685 1616 1892 1671 sanctis
1913 1630 1977 1670 ac

399 1700 767 1760 immaculatis
801 1705 1058 1761 manibus
1088 1706 1201 1761 suis
1225 1714 1471 1777 accepto,
1505 1715 1559 1762 et
1594 1707 1818 1763 elevatis
1844 1723 1976 1762 ocu-

2084 515 2244 565 νάτου
2276 511 2521 580 ἐξέληται
2550 510 2768 573 τούτους
2792 510 2917 572 τοὺς
2950 510 3062 579 (57)
3094 509 3159 563 δι’
3178 510 3269 572 οὓς
3296 512 3658 581 παρεγένετο,

2083 604 2178 657 καὶ
2206 602 2342 675 ρήξῃ
2370 604 2439 657 τά
2482 603 2657 673 δεσμά
2701 602 2794 655 τοῦ
2838 602 3104 664 διαϐόλου,
3148 604 3240 655 καὶ
3266 603 3497 673 ρύσηται
3532 606 3663 669 τοὺς

2082 695 2401 769 ἀνθρώπους
2444 698 2507 749 ὲκ
2551 696 2649 767 τῆς
2696 697 2911 767 ἀπάτης
2950 695 3151 749 αὐτοῦ·
3205 697 3298 748 καὶ
3346 696 3547 767 ἀνέστη
3598 700 3661 750 ἐκ

2082 790 2291 861 νεκρῶν
2326 793 2393 861 τῇ
2438 789 2595 861 τρίτῃ
2631 788 2814 859 ἡμέρᾳ
2836 805 2849 818 °
2885 788 2978 840 καὶ
3002 788 3403 858 τεσσαράκοντα
3442 789 3662 859 ἡμέρας

2082 881 2428 953 ὲνδιατρίψας
2469 881 2581 949 (58)
2609 884 2722 943 τοῖς
2762 879 3053 951 μαθηταῖς,
3086 877 3359 950 ἀνελήφθη
3406 882 3489 942 εἰς
3531 882 3661 943 τοὺς

2080 974 2361 1044 οὐρανοὺς,
2394 972 2488 1025 καὶ
2530 972 2797 1041 ὲκαθέσθη
2821 973 2884 1024 ὲκ
2928 970 3117 1035 δεξιῶν
3154 988 3243 1023 σου
3274 971 3367 1023 τοῦ
3396 970 3533 1023 Θεοῦ
3566 974 3661 1024 καὶ

2082 1064 2293 1136 Πατρδς
2313 1063 2496 1118 αὑτοῦ.
2522 1064 2874 1134 Μεμνημένοι
2894 1060 2986 1116 οὖν
3006 1056 3080 1115 ὧν
3100 1061 3164 1115 δι’
3182 1064 3329 1132 ἡμᾶς
3364 1062 3626 1133 ὑπέμεινε
3642 1104 3659 1126 ,

2081 1154 2506 1227 εὐχαριστοῦμέν
2538 1171 2639 1217 σοι,
2669 1154 2770 1207 Θεὲ
2805 1157 3203 1226 παντόκρατορ,
3232 1156 3330 1224 οὐχ
3357 1156 3479 1208 ὅσον
3508 1157 3661 1225 ὀφεί-

2079 1245 2263 1317 λομεν,
2308 1246 2422 1300 ἀλλ’
2444 1248 2568 1299 ὅσον
2613 1246 2909 1317 δυνάμεθα,
2955 1247 3049 1299 καὶ
3085 1247 3182 1317 τὴν
3219 1246 3459 1312 διάταξιν
3491 1248 3661 1301 αὑτοῦ

2079 1336 2407 1409 πληροῦμεν.
2453 1337 2538 1391 Ἐν
2629 1337 2737 1408 γάρ
2760 1340 2914 1390 νυκτὶ
2933 1337 3261 1409 παρεδίδοτο,
3290 1338 3471 1391 λαϐὼν
3493 1340 3660 1411 ἄρτον

2077 1432 2196 1492 ταῖς
2231 1430 2412 1497 ἁγίαις
2436 1431 2529 1483 καὶ
2550 1429 2801 1501 ἀμώμοις
2822 1428 2986 1482 αὑτοῦ
3009 1431 3183 1501 χερσὶ,
3224 1430 3317 1482 καὶ
3346 1430 3659 1500 ἀναϐλέῷας

2077 1520 2215 1591 πρὸς
2250 1520 2309 1573 σὲ
2342 1521 2433 1574 τὸν
2477 1521 2611 1574 Θεὸν
2654 1520 2819 1574 αὐτοῦ
2868 1523 2963 1575 καὶ
3008 1522 3246 1593 Πατέρα,
3291 1524 3384 1575 καὶ
3426 1523 3656 1587 κλάσας,

2078 1611 2245 1666 ἔδωκε
2282 1615 2395 1677 τοῖς
2430 1614 2698 1685 μαθηταῖς
2738 1612 2905 1667 εἰπών
2931 1632 2944 1643 ·
2979 1633 2998 1664 ι
3035 1613 3205 1666 Τοῦτο
3247 1614 3307 1667 τὸ
3356 1618 3658 1687 μυστήριον

2075 1704 2173 1775 τῆς
2184 1703 2387 1775 Καινῆς
2398 1705 2669 1777 Διαθήκης
2688 1723 2699 1735 ·
2723 1705 2913 1759 λάϐετε
2936 1704 2993 1771 ἐξ
3014 1705 3198 1768 αὐτοῦ,
3226 1706 3426 1775 φάγετε
3449 1724 3463 1736 ·
3496 1708 3661 1761 τοῦτό

399 1793 468 1849 lis
498 1795 565 1849 ad
589 1802 644 1850 te
669 1794 839 1852 Deum
872 1813 1033 1853 suum
1066 1812 1128 1853 ac
1154 1774 1395 1862 Patrem,
1431 1799 1611 1869 fregit,
1639 1810 1691 1855 et
1714 1800 1864 1855 dedit
1891 1800 1976 1855 di-

2076 1774 2191 1848 ὲστι
2220 1796 2281 1848 τὸ
2308 1774 2468 1867 σῶμά
2501 1774 2633 1867 μου,
2660 1798 2719 1851 τὸ
2747 1798 2874 1869 περὶ
2911 1797 3125 1851 πολλῶν
3167 1774 3540 1869 θρυπτόμενον
3579 1801 3661 1863 εἰς

400 1886 650 1955 scipulis,
674 1888 864 1944 dicens
889 1904 902 1942 :
936 1908 953 1939 ι
1005 1888 1119 1944 lloc
1147 1899 1232 1945 est
1265 1892 1587 1960 mysterium
1614 1892 1753 1946 Novi
1784 1890 1975 1948 Testa-

399 1978 595 2044 menti,
636 1981 868 2052 accipite
895 1998 961 2037 ex
986 1997 1073 2047 eo,
1124 1983 1455 2039 manducate
1484 2003 1497 2039 :
1527 1984 1631 2039 hoc
1653 1992 1737 2040 est
1773 2000 1975 2056 corpus

394 2086 603 2135 meum,
633 2072 778 2142 quod
818 2089 916 2143 pro
960 2075 1147 2131 multis
1189 2073 1481 2147 frangitur,
1508 2076 1564 2130 in
1596 2076 1976 2132 remissionem

396 2172 769 2231 peccatorum.
806 2165 1073 2222 Similiter
1108 2167 1337 2223 calicem
1371 2168 1593 2224 miscuit
1630 2183 1697 2224 ex
1744 2167 1873 2222 vino
1920 2176 1976 2223 et

392 2268 559 2323 aqua,
593 2257 980 2321 sanetilicavit,
1008 2274 1072 2312 ac
1096 2258 1246 2313 dedit
1280 2260 1497 2327 iisdem,
1540 2260 1769 2315 dicens:
1800 2259 1977 2315 Bibite

393 2360 460 2400 ex
488 2362 555 2402 eo
583 2363 776 2405 omnes
803 2369 814 2404 :
850 2350 940 2405 hic
970 2358 1054 2406 est
1087 2352 1312 2422 sanguis
1342 2368 1519 2417 meus,
1544 2340 1635 2424 qui
1664 2368 1763 2423 pro
1789 2353 1974 2409 multis

393 2439 693 2495 eﬂ‘unditur
712 2443 766 2495 in
788 2443 1169 2499 remissionem
1193 2452 1563 2514 peccatorum.
1592 2444 1707 2500 Hoc
1730 2444 1891 2499 facite
1919 2445 1974 2499 in

393 2548 572 2587 meam
644 2537 1242 2592 commemorationem.
1304 2537 1754 2608 Quotiescunque
1825 2538 1973 2593 enim

392 2628 800 2683 manducabitis
834 2643 1026 2699 panem
1056 2630 1223 2695 hunc,
1242 2638 1297 2684 et
1322 2630 1519 2686 bibetis
1546 2631 1693 2686 hunc
1719 2630 1970 2697 calicem,

392 2726 626 2774 mortem
658 2734 837 2775 meam
892 2722 1312 2787 annuntiabitis,
1364 2722 1539 2777 donec
1594 2723 1807 2777 veniam
1844 2724 1911 2777 ".
1948 2740 1967 2774 ι

392 2811 436 2840 ’⁸
468 2809 659 2881 Itaque
690 2827 961 2869 memores
1014 2815 1288 2884 passionis
1327 2816 1471 2884 ejus,
1516 2824 1572 2871 et
1612 2816 1826 2882 mortis,
1858 2822 1912 2871 et
1938 2831 1969 2869 a

390 2905 625 2959 mortuis
670 2906 1116 2971 resurrectionis,
1166 2916 1332 2977 atque
1366 2907 1423 2962 in
1454 2909 1656 2963 cretum
1705 2909 1967 2978 reditus;

393 3010 608 3051 necnon
636 2998 864 3052 secundi
895 2999 1184 3065 adventus,
1217 3016 1379 3071 quem
1407 3000 1550 3056 idem
1581 3001 1828 3057 facturus
1854 3009 1969 3064 est,

2074 1888 2267 1957 ἄφεσιν
2296 1888 2576 1959 ἁμαρτιῶν
2598 1906 2611 1920 ο
2644 1889 2904 1952 ὡσαύτως
2923 1890 3017 1942 καὶ
3036 1890 3096 1942 τὸ
3127 1891 3379 1961 ποτήριον
3412 1890 3662 1960 κεράσας

2075 1980 2133 2047 ἐξ
2157 1981 2301 2033 οἴνου
2341 1982 2435 2033 καὶ
2475 1980 2667 2045 ὓδατος
2710 1982 2842 2052 (59),
2883 1981 2977 2034 καὶ
3010 1982 3258 2049 ἁγιάσας,
3290 1981 3566 2033 ἐπέδωκεν
3588 1984 3657 2014 ’θ’

2074 2072 2277 2137 αὐτοῖς,
2309 2073 2510 2142 λέγων·
2530 2073 2689 2126 Πίετε
2716 2074 2773 2141 ἐξ
2802 2074 2966 2127 αὑτοῦ
2999 2075 3197 2137 πάντες
3221 2091 3233 2103 ·
3265 2073 3421 2126 τοῦτό
3449 2076 3569 2127 ἐστι
3596 2076 3658 2127 τὸ

2074 2158 2215 2235 αἷμά
2257 2182 2391 2236 μου,
2428 2165 2488 2219 τὸ
2523 2167 2651 2237 περὶ
2687 2166 2894 2219 πολλῶν
2932 2167 3287 2238 ὲκχυνόμενον
3334 2170 3414 2231 είς
3459 2169 3658 2238 ἄφεσιν

2076 2257 2377 2328 ἁμαρτιῶν.
2422 2257 2591 2310 Τοῦτο
2633 2260 2836 2311 ποιεῖτε
2879 2260 2959 2322 είς
2998 2259 3097 2328 τὴν
3148 2260 3286 2330 ἐμὴν
3320 2260 3655 2331 ἀνάμνησιν.

2086 2348 2305 2413 Ὁσάκις
2336 2349 2444 2421 γὰρ
2486 2349 2581 2402 ὲάν
2611 2349 2825 2421 ἐσθίητε
2864 2350 2955 2403 τὸν
2998 2352 3159 2421 ἄρτον
3178 2350 3392 2413 τοῦτον,
3434 2355 3532 2405 καὶ
3568 2354 3659 2405 πί-

2074 2458 2202 2513 νητε
2255 2442 2317 2495 τὸ
2374 2444 2630 2514 ποτήριον
2683 2442 2840 2495 τοῦτο
2863 2481 2877 2504 ,
2943 2442 3033 2495 τὸν
3077 2442 3306 2496 θάνατον
3360 2444 3456 2496 τὸν
3522 2445 3659 2515 ἐμὸν

2074 2533 2505 2602 καταγγέλλετε,
2555 2535 2712 2606 ἄχρις
2758 2533 2824 2587 ἂν
2871 2534 3028 2587 ἔλθω.
3066 2554 3085 2585 ι
3134 2536 3493 2605 Μεμνημένοι
3541 2537 3657 2589 τοί-

2074 2643 2168 2679 νυν
2204 2625 2299 2679 τοῦ
2348 2626 2554 2690 πάθους
2596 2627 2782 2691 αὑτοῦ,
2826 2626 3032 2681 καὶτοῦ
3063 2627 3313 2690 θανάτου,
3343 2629 3439 2681 καὶ
3460 2628 3565 2699 τῆς
3594 2633 3658 2683 ἐκ

2073 2717 2282 2789 νεκρῶν
2320 2719 2699 2783 ἀναστάσεως,
2742 2721 2835 2774 καὶ
2884 2721 2981 2791 τῆς
3025 2723 3104 2785 εἰς
3154 2722 3415 2793 οὐρανοὺς
3455 2725 3662 2777 ἐπανό-

2071 2808 2182 2873 δου,
2224 2810 2445 2881 καὶτῆς
2475 2810 2771 2882 μελλούσης
2808 2811 2971 2864 αὑτοῦ
3006 2813 3267 2884 δευτέρας
3309 2816 3655 2885 παρουσίας,

2074 2896 2184 2975 ἐ.νῇ
2215 2901 2433 2973 ἔρχεται
2471 2904 2609 2975 μετά
2635 2904 2791 2976 δόξης
2819 2905 3213 2976 καὶδυνάμεως
3236 2909 3416 2978 κρῖναι
3448 2908 3660 2974 ζῶντας

2074 2996 2166 3047 καὶ
2210 2996 2460 3066 νεκροὺς,
2513 2996 2607 3049 καὶ
2649 2996 2941 3050 ἀποδοῦναι
2976 2997 3190 3068 ἑκάστῳ
3233 2998 3373 3051 κατά
3410 2999 3483 3053 τά
3521 3001 3660 3071 ἔργα

392 3086 450 3141 in
468 3102 578 3159 quo
597 3105 722 3145 cum
744 3091 914 3161 gloria
946 3099 999 3147 et
1026 3100 1296 3164 potestate
1331 3094 1513 3147 veniet
1537 3093 1785 3161 judicare
1820 3092 1973 3147 vivos

2076 3087 2262 3150 αὑτοῦ,
2312 3089 2694 3161 προσφέρομέν
2726 3105 2805 3143 σοι
2837 3088 2915 3161 τῷ
2937 3088 3145 3160 βασιλεῖ
3192 3091 3283 3143 καὶ
3323 3090 3477 3162 Θεῷ,
3515 3092 3659 3145 κατά

393 3188 448 3234 et
480 3190 729 3239 mortuos
756 3184 823 3247 ",
855 3192 909 3239 et
955 3184 1183 3240 reddere
1215 3184 1448 3254 singulis
1471 3186 1630 3257 juxta
1674 3200 1843 3256 opera
1872 3200 1968 3239 eo-

392 3287 516 3326 rum
542 3273 624 3342 ”;
672 3275 772 3330 tibi
822 3276 938 3349 regi
970 3292 1034 3332 ac
1080 3276 1192 3333 Deo
1222 3293 1415 3348 panem
1449 3278 1595 3332 hunc
1649 3286 1703 3333 et
1743 3278 1969 3333 calicem

393 3364 541 3422 hunc
596 3368 905 3433 offerimus,
957 3370 1260 3426 secundum
1320 3370 1772 3425 constitutionem
1826 3369 1970 3440 ejus,

389 3462 598 3531 gratias
629 3464 725 3517 tibi
771 3478 869 3533 per
895 3478 1020 3518 eum
1066 3472 1313 3534 agentes,
1358 3464 1487 3534 quia
1519 3478 1620 3518 nos
1650 3462 1845 3533 dignos
1875 3465 1972 3514 ha-

392 3554 587 3618 buisti,
621 3555 717 3625 qui
754 3562 1031 3611 staremus
1059 3571 1245 3610 coram
1278 3564 1354 3623 te,
1393 3570 1457 3610 ac
1488 3554 1799 3611 sacerdotio
1846 3553 1973 3608 fun-

390 3662 645 3715 geremur
666 3648 763 3701 tibi
789 3665 804 3715 ;
826 3655 880 3703 et
905 3649 1183 3718 poscimus
1215 3656 1288 3711 te,
1317 3656 1375 3702 ut
1409 3662 1575 3717 super
1603 3647 1717 3702 inec
1748 3646 1892 3701 dona
1916 3646 1970 3700 in

390 3747 693 3810 conspectu
739 3749 834 3795 tuo
881 3742 1163 3811 proposita
1196 3741 1409 3810 placate
1438 3740 1728 3809 respicias,
1778 3745 1837 3792 tu
1876 3738 1971 3808 qui

388 3832 597 3887 nullius
630 3830 844 3903 indiges
881 3832 1047 3898 Deus,
1086 3840 1140 3887 et
1172 3832 1532 3902 beneplaceas
1566 3832 1623 3886 in
1668 3831 1750 3886 eis
1775 3829 1842 3884 ad
1872 3829 1973 3885 ho-

392 3937 582 3977 norem
618 3921 826 3978 Christi
877 3924 980 3988 tui,
1033 3932 1197 3994 atque
1246 3938 1413 3993 supra
1472 3923 1577 3977 hoc
1632 3921 1969 3977 sacrificium

394 4014 580 4069 mittas
624 4023 874 4069 sanctum
905 4023 1060 4071 tuum
1092 4015 1378 4085 Spiritum,
1426 4022 1619 4069 testem
1649 4014 1971 4083 passionum

391 4104 608 4161 Domini
637 4105 789 4170 Jesu,
829 4114 887 4162 ut
914 4108 1164 4163 exhibeat
1198 4123 1392 4177 panem
1424 4107 1569 4161 hunc
1592 4121 1793 4176 corpus
1813 4105 1972 4161 Chri-

394 4198 466 4252 sti
488 4198 588 4260 tui,
620 4205 675 4253 et
706 4198 935 4255 calicem
966 4199 1110 4255 hunc
1141 4200 1463 4269 sanguinem
1495 4196 1702 4253 Christi
1737 4197 1841 4261 tui,
1863 4211 1971 4267 quo

392 4292 692 4361 participes
723 4293 896 4357 illius,
931 4293 998 4348 ad
1043 4294 1298 4364 pietatem
1327 4290 1745 4353 confirmentur,
1772 4291 1968 4347 remis-

2074 3181 2173 3252 τὴν
2188 3180 2350 3234 αὑτοῦ
2377 3180 2638 3247 διάταξιν,
2664 3181 2947 3253 τὸν.ἀρτον
2966 3181 3175 3245 τοῦτον,
3196 3183 3290 3235 καὶ
3310 3182 3371 3236 τὸ
3395 3186 3661 3255 ποτήριον

2072 3273 2249 3337 τοῦτο,
2278 3272 2725 3343 εὐχαριστοῦντές
2752 3292 2833 3327 σοι
2854 3276 2920 3328 δι’
2944 3276 3128 3339 αὑτοῦ,
3164 3278 3247 3345 ἐφ’
3268 3272 3349 3340 οἷς
3375 3279 3659 3348 κατηξίω-

2075 3381 2174 3429 σας
2212 3367 2361 3435 ἡμᾶς
2401 3366 2620 3419 ἑστάναι
2650 3365 2880 3421 ἐνώπιόν
2909 3386 3024 3431 σου,
3058 3369 3152 3422 καὶ
3200 3369 3503 3441 ἱερατεύειν
3551 3390 3656 3437 σοι,

2073 3460 2167 3512 καὶ
2207 3458 2463 3530 ἀξιοῦμέν
2505 3475 2585 3522 σε,
2630 3460 2780 3524 ὅπως
2821 3461 3064 3531 εὐμενῶς
3112 3462 3410 3535 ὲπιϐλέψης
3457 3467 3554 3518 ἐπὶ
3590 3468 3659 3520 τὰ

2072 3550 2408 3622 προκείμενα
2441 3551 2589 3623 δῶρα
2615 3552 2786 3605 ταῦτα
2815 3551 3045 3606 ἐνώπιόν
3078 3572 3193 3618 σου,
3226 3556 3290 3609 σὺ
3328 3557 3357 3608 ὁ
3397 3557 3660 3629 ἀνενδεὴς

2070 3642 2223 3707 Θεὸς,
2254 3643 2349 3695 καὶ
2370 3642 2669 3715 εὐδοκήσῃς
2698 3645 2783 3696 ἐπ’
2803 3645 2985 3708 αὐτοῖς
3005 3647 3083 3709 είς
3112 3646 3276 3719 τιμὴν
3302 3646 3398 3700 τοῦ
3414 3649 3659 3719 Χριστοῦ

2073 3749 2187 3797 σου,
2236 3735 2331 3788 καὶ
2369 3734 2734 3807 καταπέμψῃς
2761 3736 2822 3789 τὸ
2848 3735 3002 3804 ἅγιόν
3034 3754 3126 3790 σου
3174 3737 3401 3809 Πνεῦμα
3432 3741 3528 3793 ἐπὶ
3558 3743 3660 3811 τὴν

2072 3825 2258 3880 θυσίαν
2287 3827 2508 3899 ταύτην,
2538 3828 2628 3881 τὸν
2652 3829 2905 3900 μάρτυρα
2929 3829 3038 3883 τῶν
3060 3830 3397 3901 παθημάτων
3423 3833 3520 3885 τοῦ
3547 3836 3661 3887 Κυ-

2072 3920 2189 3989 ρίου
2235 3918 2431 3991 Ἰησοῦ,
2453 3920 2599 3983 ὅπως
2617 3921 2866 3992 ἀποφήνῃ
2888 3921 2979 3974 τὸν
2994 3923 3155 3993 ἄρτον
3172 3922 3359 3976 τοῦτον
3386 3924 3547 3996 σῶμα
3563 3926 3660 3979 τοῦ

2071 4011 2307 4083 Χριστοῦ
2354 4029 2470 4072 σου,
2500 4012 2595 4064 καὶ
2622 4012 2684 4064 τὺ
2727 4014 2983 4085 ποτήριον
3028 4013 3187 4067 τοῦτο
3215 4009 3353 4087 αἷμα
3383 4016 3480 4069 τοῦ
3516 4019 3562 4069 Χ
3572 4035 3658 4088 ρι-

2073 4104 2197 4157 στοῦ
2252 4121 2368 4168 σου,
2417 4105 2502 4157 ἵνα
2545 4105 2595 4157 οἱ
2644 4104 3040 4175 μεταλαϐόντες
3089 4106 3275 4169 αὐτοῦ,
3311 4106 3659 4176 βεϐαιωθῶσι

2071 4198 2209 4269 πρὸς
2238 4196 2540 4260 εὐσέϐειαν,
2584 4198 2832 4265 ἀφέσεως
2858 4198 3273 4269 ἁμαρτημάτων
3298 4199 3530 4269 τύχωσι,
3562 4202 3661 4255 τοῦ

2069 4288 2315 4342 διαϐόλου
2354 4290 2447 4343 καὶ
2473 4289 2575 4359 τῆς
2604 4290 2812 4361 πλάνης
2839 4289 3004 4343 αὐτοῦ
3038 4290 3298 4362 ρυσθῶσι,
3333 4292 3661 4363 Πνεῦματος

394 4382 607 4437 sionem
652 4395 1003 4454 peccatorum
1034 4393 1470 4455 consequantur,
1501 4382 1717 4438 diabolo
1742 4383 1971 4453 ejusque

2075 4381 2230 4449 ἁγίου
2267 4381 2645 4453 πληρωθῶσιν,
2674 4382 2812 4448 ἄξιοι
2836 4382 2928 4435 τοῦ
2955 4383 3191 4454 Χριστοῦ
3217 4400 3311 4436 σου
3343 4386 3617 4452 γένωνται
3642 4426 3658 4448 ,

390 4490 581 4531 errore
631 4478 951 4544 liberentur,
984 4477 1189 4550 Spiritu
1226 4486 1417 4533 sancto
1449 4478 1783 4549 repleantur,
1818 4477 1968 4548 digni

2075 4474 2221 4544 ζωῆς
2273 4473 2488 4527 αἰωνίου
2540 4474 2766 4544 τύχωσι,
2826 4472 2919 4526 σοῦ
2966 4474 3397 4544 καταλλαγέντος
3451 4478 3657 4541 αὒτοζ,

387 4566 613 4624 Christo
636 4578 732 4624 tuo
756 4571 908 4635 fiant,
932 4571 1098 4625 vitam
1130 4571 1515 4641 sempiternam
1554 4569 1869 4640 impetrent,
1916 4578 1969 4625 te

2075 4566 2318 4619 Δέσποτα
2350 4566 2749 4638 παντόκρατορ.
2783 4566 2904 4619 Ἔτι
2929 4566 3163 4638 δεόμεθά
3191 4585 3307 4631 σου,
3328 4570 3530 4641 Κύριε,
3563 4572 3660 4625 καὶ

392 4662 503 4717 illis
531 4665 906 4730 reconciliato,
948 4664 1179 4719 Domine
1214 4663 1580 4734 omnipotens.
1614 4660 1807 4715 Adhuc
1842 4675 1969 4716 ora-

2075 4658 2214 4729 ὑπὲρ
2252 4657 2353 4727 τῆς
2389 4658 2547 4726 ἁγίας
2591 4675 2684 4711 σου
2742 4658 3067 4729 Ἑκκλησίας
3111 4660 3211 4730 τῆς
3247 4660 3356 4714 ἀπὸ
3397 4664 3660 4734 περάτων

467 4800 726 4884 ηνξηὶορξ.
759 4803 1110 4884 Methon._De
1131 4822 1346 4884 corpore
1375 4823 1423 4864 et
1455 4814 1708 4884 sanguine
1739 4811 1958 4884 Christi.
2035 4812 2081 4843 ’°
2121 4810 2436 4884 [7Cor._ixr;_
2459 4808 2648 4864 Matth.
2705 4824 2832 4884 XXXI
2861 4827 2926 4884 ;,_
2940 4806 3109 4884 31?":-
3165 4824 3276 4884 m3
3322 4809 3462 4884 Luc;
3491 4828 3656 4884 3‘“-

390 4872 623 4997 ::'6Nic.
660 4873 898 4931 Methon.
930 4879 1083 4947 ἡμῖν.
1223 4872 1269 4908 ³⁸
1311 4880 1481 4953 lguat.
1517 4872 1770 4954 invterpol.
1795 4884 1862 4937 ad
1896 4883 1989 4951 Mal

2103 4883 2190 4937 ll.
2304 4880 2349 4911 ”
2388 4872 2555 4934 Marc.
2590 4896 2709 4945 nu,
2759 4872 2929 4947 26;“
2961 4877 3100 4934 Tim.
3137 4894 3210 4943 iv,
3243 4872 3294 4935 Ι.
3404 4882 3451 4913 ’³
3490 4881 3655 4937 Rom.

1740 5066 2100 5125 VARIORUM
2132 5064 2361 5122 NOTAE.

466 5194 579 5264 (57)
623 5197 787 5263 Τούς.
817 5197 979 5255 Deest
1008 5201 1213 5257 rectius
1236 5202 1290 5256 in
1318 5202 1443 5257 cod.
1476 5203 1637 5260 Vind.
1657 5205 1826 5262 CLER.

396 5266 611 5390 Ἠξξόἳῇ
631 5268 1057 5389 Ἰῗζδιατρίψαᾳ
1102 5274 1493 5346 Συνδιατρίψας
1522 5276 1717 5332 melius
1747 5278 1803 5331 in
1843 5275 1966 5333 cod.

444 5351 631 5391 ιηαοτ).
655 5351 730 5391 ID.

421 5406 573 5490 ,(δβ)
619 5408 687 5490 Τὸ
719 5409 1002 5490 ποτήριον
1028 5413 1286 5490 κεράοςας
1307 5414 1375 5479 ἐξ
1409 5416 1576 5469 οἴνου
1607 5415 1705 5468 καὶ
1732 5416 1967 5490 ὓδατος.

394 5475 598 5556 Cpntra
625 5476 763 5532 duas
786 5475 1023 5556 haereses
1054 5475 1120 5556 ei
1152 5475 1385 5539 adverso
1416 5494 1755 5556 pugnantes;
1784 5475 1971 5541 Mono-

396 5546 743 5627 phys‘itarum
764 5556 829 5627 et
859 5550 1239 5627 Armeniorum
1294 5546 1655 5627 soln'vivnoin
1689 5546 1970 5627 mysteriis

400 5616 694 5697 utentium,
725 5626 887 5687 atque
918 5624 1274 5697 aquai-iurum
1324 5626 1461 5697 sive,
1488 5616 1970 5697 hydroparastata-

406 5686 875 5755 rum_sola_‘aqna.
918 5686 992 5746 De
1029 5693 1114 5745 his
1142 5695 1497 5751 observabilis
1528 5686 1586 5749 'et
1630 5686 1779 5750 varia
1810 5699 1969 5752 lectio

409 5752 479 5804 ad
510 5749 632 5823 Leg.
662 5749 866 5813 Νοιῖειι.
900 5758 1189 5820 Theodosii
1214 5766 1298 5818 tit.
1333 5765 1366 5819 ὅ
1392 5749 1465 5820 De
1491 5764 1717 5834 Juda‘is,
1755 5749 1967 5838 Hydra;

2070 5214 2397 5276 parastatgs,
2416 5214 2465 5258 et
2486 5203 2899 5276 Hydrophobos:
2919 5205 3093 5276 prima
3111 5205 3167 5259 in
3187 5202 3458 5276 Navalis;
3481 5207 3660 5261 altera

2072 5274 2279 5331 citante
2304 5274 2642 5361 Babano‘v‘el
2667 5277 2776 5361 alio
2802 5274 3040 5361 θερμᾷ,
3066 5276 3162 5357 lib.
3193 5285 3379 5361 contra
3395 5275 3622 5361 udnreos
3639 5293 3658 5331 :

2072 5363 2194 5417 quae
2222 5347 2483 5416 explicari
2514 5354 2697 5417 potest
2725 5360 2821 5417 per
2852 5346 3217 5417 Epiphanium
3266 5348 3359 5400 ubi
3394 5348 3466 5417 de
3491 5347 3663 5400 Ebio—

2072 5416 2206 5472 naeis
2230 5433 2242 5466 :
2269 5418 2427 5471 docet
2454 5418 2599 5471 enim
2622 5432 2717 5471 eos
2736 5416 3032 5471 haereticos
3055 5432 3251 5485 aquam
3288 5431 3388 5484 pro
3404 5416 3663 5472 Deo-ha—

2074 5488 2280 5546 buisse,
2309 5487 2566 5556 illamque
2596 5502 2801 5541 meram
2828 5489 2883 5540 in
2917 5496 3168 5543 sanctum
3209 5487 3441 5540 calicem
3469 5488 3661 5541 immi-

2073 5559 2235 5614 sisse.
2260 5557 2432 5610 Erunt
2460 5559 2642 5626 itaque
2665 5557 3034 5627 hydrophobas
3055 5558 3137 5611 vel
3166 5557 3539 5627 hydrophobi,
3564 5559 3659 5627 qui

2070 5642 2285 5699 aquamA
2299 5625 2636 5699 reverentur.
2664 5625 3050 5699 H’ydrotheitas
3079 5625 3245 5699 habes
3269 5625 3416 5697 apud
3448 5625 3662 5697 anony-

2070 5696 2217 5751 nium
2250 5697 2326 5751 De
2353 5696 2635 5750 hwresibus
2658 5698 2981 5766 scriptorem
3009 5713 3038 5751 a
3072 5696 3367 5753 Sirmondo
3394 5700 3453 5753 in
3477 5696 3659 5753 lucem

2068 5770 2354 5835 emissum,
2384 5768 2576 5824 haeresi
2611 5768 2693 5823 75.
2712 5767 2849 5823 Cor.
