3886 6190
293 347 430 403 Ηοό
1164 342 1760 405 εοΝ-δτιτῑτιοΝΕε
1791 343 2335 401 APOSTOLICzE.-
2357 346 2483 402 LIB.
2523 348 2657 404 VIII.
3406 356 3542 411 “06

283 464 393 528 ῑως
422 460 783 535 περάτων,ῆν
820 461 1190 533 περιεποιήσω
1235 460 1312 532 τῷ
1339 461 1506 532 τιμίῳ
1546 461 1737 532 αἵματι
1762 465 1832 514 toi

1934 476 2087 521 ,mus
2116 469 2187 527 te,
2222 459 2473 529 Domine,
2521 480 2623 535 pro
2674 475 2864 521 sancta
2908 465 3152 524 Ecclesia
3182 477 3298 533 tua,
3338 486 3459 540 qum
3514 489 3541 524 a

281 555 522 629 Χριστοῦ
556 572 673 619 σου,
720 555 869 618 ὅπως
908 554 1078 625 αὐτὴν
1114 553 1447 625 διαφυλάξῃς
1479 555 1727 609 ἄσειστον
1764 571 1832 608 κα

1962 551 2167 611 ﬁnibus
2190 554 2257 610 ad
2278 555 2412 611 ﬁnes
2434 557 2768 622 extenditur,
2793 574 2957 629 quam
2983 561 3269 630 acquisisti
3298 562 3542 631 pretioso

282 647 703 711 ἀκλυδώνιστον,
734 647 862 719 ἄχρι
886 647 988 717 τῆς
1034 646 1340 711 συντελείας
1371 645 1466 700 τοῦ
1504 647 1697 711 αίῶνος
1722 665 1734 679 ’
1764 666 1832 701 κα

1960 646 2228 716 sanguine
2257 646 2467 703 Christi
2513 650 2626 717 tui;
2658 657 2719 704 ut
2754 665 2876 705 eam
2916 650 3308 707 inconcussam
3342 668 3407 707 ac
3434 654 3541 707 mi—

282 743 424 814 ὑπὲρ
456 742 636 814 πάσης
674 739 976 809 ἐπισκοπῆς
1003 739 1103 809 τῆς
1149 738 1547 811 ὀρθοτομούσης
1581 738 1673 792 τὸν
1702 739 1832 808 λόγοε

1959 739 2105 794 nime
2154 738 2508 796 ﬂuctuantem
2553 756 2847 797 conserves
2876 758 3051 813 usque
3079 743 3133 798 in
3176 745 3360 799 saeculi
3408 760 3541 799 con-

278 839 378 908 τῆς
417 835 693 906 ἀληθείας.
744 834 863 886 Ἔτι
898 831 1319 904 παρακαλοῦμέν
1350 848 1409 884 σε
1456 832 1550 885 καὶ
1586 830 1725 902 ὑπὲρ
1754 831 1832 902 τῆ.

1958 832 2376 887 summationem
2411 833 2573 888 :item
2605 849 2705 904 pro
2732 834 2993 890 universo
3014 835 3358 907 episc0patu,
3393 849 3542 891 recte

278 929 419 1000 ἐμῆς
456 928 549 982 τοῦ
581 925 979 999 προσφέροντός
1002 942 1083 977 σοι
1108 922 1371 986 οὐδενίας,
1408 923 1501 977 καὶ
1544 923 1684 994 ὑπὲρ
1716 940 1854 977 παν-

275 1022 368 1086 τὸς
394 1020 487 1074 τοῦ
521 1018 934 1092 πρεσϐυτερίου,
966 1017 1106 1087 ὑπὲρ
1144 1016 1251 1069 τῶν
1289 1017 1549 1069 διακόνων
1580 1017 1673 1069 καὶ
1715 1033 1853 1069 παν-

273 1116 367 1178 τὸς
396 1112 489 1167 τοῦ
511 1112 734 1184 κλήρου,
765 1111 852 1164 ἵνα
864 1109 1069 1172 πάντας
1092 1109 1335 1178 σοφίσας,
1365 1109 1677 1179 Πνεύματος
1696 1109 1851 1177 ἁγίου

275 1204 591 1278 πληρώσῃς.
628 1205 746 1257 Ἔτι
775 1200 1199 1275 παρακαλοῦμέν
1241 1218 1327 1265 σε,
1352 1201 1545 1272 Κύριε,
1587 1201 1727 1272 ὑπὲρ
1754 1200 1850 1255 τοῦ

270 1298 557 1369 βασιλέως,
589 1297 681 1350 καί
714 1295 823 1349 τῶν
851 1297 908 1348 ὲν
934 1296 1173 1366 ὑπεροχῇ
1206 1294 1300 1347 καὶ
1340 1293 1541 1356 παντὸς
1562 1292 1656 1345 τοῦ
1683 1309 1847 1364 στρα-

269 1390 521 1453 τοπέδου,
555 1389 642 1441 ἵνα
674 1387 1060 1459 είρηνεύωνται
1088 1386 1156 1440 τά
1199 1387 1337 1457 πρὸς
1379 1389 1549 1458 ἡμᾶς,
1599 1388 1746 1450 ὅπως
1791 1390 1848 1441 ὲν

267 1483 474 1555 ἡσυχίᾳ
506 1482 600 1535 καὶ
629 1480 851 1553 ὁμονοίᾳ
877 1479 1152 1549 διάγοντες
1187 1479 1280 1532 τὸν
1324 1479 1501 1533 πάντα
1535 1480 1723 1551 χρόνον
1748 1480 1849 1551 τῆς

269 1576 419 1645 ζωῆς
456 1573 632 1645 ἡμῶν,
668 1571 977 1644 δοξάζωμέν
1020 1590 1078 1625 σε
1120 1572 1209 1626 διά
1255 1571 1428 1645 Ίησοῦ
1466 1573 1703 1646 Χριστοῦ
1747 1575 1847 1645 τῆς

267 1667 483 1729 ἐλπίδος
518 1665 697 1737 ⁴ἡμῶν.
733 1666 853 1718 Ἔτι
882 1665 1261 1737 προσφέρομέν
1297 1682 1379 1718 σοι
1408 1665 1502 1719 καὶ
1532 1667 1673 1738 ὑπὲρ
1707 1666 1844 1719 πάν-

264 1777 376 1814 των
404 1759 513 1813 τῶν
541 1761 635 1813 ἀπ’
660 1758 853 1822 αἰῶνος
879 1758 1365 1830 εὐαρεστησάντων
1394 1776 1475 1811 σοι
1514 1759 1705 1828 ἁγίων,
1740 1776 1846 1812 πα-

265 1853 562 1926 τριαρχῶν,
607 1851 931 1925 προφητῶν,
964 1851 1209 1917 δικαίων,
1245 1852 1585 1916 ἀποστόλων,
1640 1852 1846 1925 μαρτύ-

268 1964 401 2017 ρων,
432 1945 799 2016 όμολογητῶν,
840 1943 1182 2008 ἐπισκόπων,
1214 1944 1628 2017 πρεσϐυτέρων,
1661 1945 1845 1999 διακό-

264 2057 393 2109 νων,
422 2039 806 2101 ὐποδιακόνων,
846 2037 1227 2107 ἀναγνωστῶν,
1250 2037 1492 2109 ψαλτῶν,
1522 2037 1805 2109 παρθένιον
1826 2078 1843 2103 ,

264 2132 472 2201 χηρῶν,
502 2130 734 2194 λαῖκῶν,
771 2130 865 2183 καὶ
905 2129 1122 2184 πάντων
1150 2123 1225 2183 ὦν
1260 2129 1421 2194 αὐτὸς
1450 2130 1736 2183 ἐπίστασαι
1774 2130 1845 2184 τά

262 2223 520 2294 ὀνόματα.
546 2224 666 2276 Ἔτι
694 2222 1071 2294 προσφέρομεν
1093 2239 1173 2276 σοι
1204 2222 1345 2294 ὑπὲρ
1366 2222 1458 2277 τοῦ
1482 2223 1609 2277 λαοῦ
1629 2222 1838 2288 τούτου,

264 2316 353 2369 ἵνα
374 2315 653 2387 ἀναδείξης
683 2316 841 2370 αὐτὸν
860 2318 940 2378 εἰς
962 2315 1182 2369 ἔπαινον
1201 2314 1293 2368 τοῦ
1314 2315 1551 2387 Χριστοῦ
1569 2333 1662 2369 σου
1687 2315 1842 2385 βασί-

272 2405 417 2457 λειον
452 2405 770 2477 ἱεράτευμα,
802 2407 952 2472 ἔθνος
983 2407 1155 2477 ἅγιον·
1183 2410 1323 2481 ὑπὲρ
1354 2411 1464 2465 τῶν
1504 2413 1562 2467 ὲν
1585 2409 1851 2484 παρθενίᾳ

273 2496 371 2548 καὶ
402 2496 614 2568 ἁγνείᾳ,
643 2498 785 2570 ὑπὲρ
823 2498 933 2551 τῶν
962 2499 1146 2570 χηρῶν
1180 2502 1281 2572 τῆς
1328 2503 1675 2575 Ἐκκλησίας,
1707 2502 1848 2577 ὑπὲρ

270 2587 381 2640 τῶν
403 2590 461 2641 ἐν
486 2592 702 2660 σεμνοῖς
726 2592 920 2662 γάμοις
942 2594 1036 2646 καὶ
1059 2595 1449 2663 τεκνογονίαις,
1477 2597 1616 2668 ὑπὲρ
1635 2595 1742 2648 τῶν
1764 2611 1851 2666 νη-

269 2680 410 2734 πίων
426 2682 520 2734 τοῦ
541 2683 671 2736 λαοῦ
697 2702 811 2747 σου,
827 2685 973 2748 ὅπως
992 2687 1195 2757 μηδένα
1213 2687 1370 2758 ήμῶν
1386 2689 1688 2759 ἀπόϐλητον
1702 2704 1850 2759 ποιη-

270 2774 521 2844 σῃς.”Ετι
544 2774 799 2845 ἀξιοῦμέν
825 2793 883 2829 σε
910 2778 1004 2830 καὶ
1033 2777 1173 2849 ὑπὲρ
1197 2778 1292 2848 τῆς
1316 2778 1520 2842 πόλεως
1536 2778 1736 2848 ταύτης
1752 2778 1849 2830 καὶ

258 2866 369 2920 τῶν
392 2867 761 2929 ἐνοικούντων,
789 2866 930 2938 ὑπὲρ
956 2866 1065 2920 τῶν
1097 2870 1154 2920 ὲν
1172 2868 1524 2940 ἀρρωστίαις,
1548 2870 1689 2942 ὑπὲρ
1725 2871 1836 2926 τῶν

257 2960 316 3011 ἐν
349 2960 524 3030 πικρᾷ
547 2958 778 3029 δουλείᾳ,
809 2958 951 3030 ὑπὲρ
978 2958 1086 3012 τῶν
1114 2960 1169 3012 ὲν
1198 2959 1450 3032 έξορίαις,
1483 2961 1623 3033 ὑπὲρ
1648 2962 1755 3015 τῶν
1776 2965 1834 3017 ὲν

255 3052 540 3122 δημεύσει,
570 3051 709 3123 ὑπὲρ
750 3051 1016 3105 πλεόντων
1062 3054 1155 3106 καὶ
1194 3053 1615 3126 ὁδοιπορούντων
1638 3072 1651 3085 ο
1684 3056 1833 3121 ὅπως

1954 923 2183 978 verbum
2213 924 2462 980 veritatis
2493 934 2765 982 tractante
2804 942 2867 982 ac
2911 927 3301 983 distribuenle.
3345 928 3541 983 Adhuc

1954 1028 2211 1085 rogamus
2238 1022 2294 1071 te
2342 1030 2440 1085 pro
2467 1032 2552 1072 me
2575 1018 2781 1073 nullius
2812 1019 2976 1089 pretii
3024 1018 3269 1085 homine,
3305 1021 3403 1090 qui
3434 1022 3534 1076 tibi

1953 1106 2159 1175 oﬂ‘ero;
2203 1115 2259 1163 et
2288 1124 2389 1178 pro
2434 1110 2583 1164 omni
2608 1111 2970 1181 presbyterio,
2998 1127 3100 1183 pro
3141 1113 3416 1178 diaconis,
3470 1129 3535 1169 ac

1951 1198 2209 1255 universo
2253 1200 2438 1266 clero;
2486 1209 2546 1256 ut
2573 1217 2765 1259 omnes
2795 1204 3118 1273 sapientiam
3150 1220 3179 1259 a
3205 1212 3258 1260 te
3285 1206 3532 1274 edoctos,

1953 1291 2157 1363 Spiritu
2188 1301 2380 1347 sancto
2403 1294 2651 1363 impleas.
2676 1294 2870 1349 Adhuc
2890 1310 3149 1366 rogamus
3170 1303 3247 1362 te,
3280 1296 3531 1361 Domine,

1950 1399 2051 1454 pro
2092 1400 2238 1455 rege,
2272 1394 2327 1440 et
2355 1386 2422 1439 iis
2464 1386 2556 1455 qui
2607 1388 2661 1440 in
2711 1386 3052 1443 sublimitate
3082 1396 3211 1444 sunt
3247 1390 3313 1455 ’⁸,
3346 1398 3403 1445 et
3433 1406 3533 1460 pro

1948 1485 2148 1533 cuncto
2176 1479 2416 1534 exercitu
2441 1497 2454 1544 ;
2486 1487 2546 1533 ut
2575 1494 2664 1535 res
2700 1487 2905 1536 nostra:
2936 1481 2991 1537 in
3021 1496 3157 1551 pace
3188 1491 3480 1538 versentur
3512 1502 3530 1553 ;

1947 1586 2057 1641 quo
2088 1578 2263 1625 totum
2285 1573 2412 1627 vitae
2443 1581 2650 1627 nostrae
2682 1582 2897 1645 tempus
2928 1574 2980 1629 in
3010 1574 3195 1645 quiete
3223 1583 3278 1631 et
3306 1590 3536 1632 concor-

1948 1663 2037 1717 dia
2066 1662 2427 1733 trajicientes,
2469 1672 2523 1721 te
2550 1681 2645 1736 per
2674 1664 2861 1721 Iesum
2892 1666 3175 1723 Christum
3223 1683 3374 1739 spem
3425 1685 3531 1723 no-

1948 1762 2119 1809 stram
2148 1756 2321 1824 gloria
2352 1755 2673 1813 adiciamus.
2727 1756 2923 1813 Adhuc
2959 1758 3242 1815 offerimus
3290 1760 3393 1814 tibi
3429 1776 3531 1831 pro

1946 1849 2203 1905 omnibus
2233 1850 2465 1908 sanctis.
2499 1852 2593 1920 qui
2630 1865 2660 1903 a
2691 1851 2896 1906 saeculo
2924 1851 3252 1922 placuerunt
3280 1852 3404 1916 tibi,
3430 1867 3530 1923 pa-

1946 1942 2224 2006 triarchis,
2260 1943 2565 2013 prophetis,
2608 1942 2798 2012 justis,
2848 1943 3139 2013 apostolis,
3167 1944 3525 2017 martyribus,

1945 2035 2375 2101 confessoribus,
2428 2035 2727 2106 episcopis,
2794 2037 3177 2108 presbyteris,
3233 2037 3525 2102 diaconis,

1945 2128 2318 2192 snbdiaconis,
2352 2129 2669 2197 lectoribus,
2715 2130 3056 2195 cantoribus,
3082 2130 3411 2200 virginibus,
3444 2131 3529 2185 vi-

1944 2220 2089 2285 duis,
2137 2221 2294 2278 laicis
2322 2227 2378 2275 et
2422 2221 2681 2277 omnibus
2712 2236 2947 2291 quorum
2997 2229 3055 2275 tu
3107 2223 3249 2277 nosti
3277 2224 3522 2280 nomina.

1941 2313 2134 2370 Adhuc
2180 2314 2461 2370 offerimus
2499 2313 2599 2368 tibi
2650 2330 2750 2384 pro
2797 2314 3000 2385 populo
3031 2314 3173 2381 hoc;
3224 2323 3285 2369 ut
3313 2330 3439 2370 eum
3468 2316 3528 2372 in

1941 2406 2157 2462 laudem
2198 2406 2402 2463 Christi
2432 2406 2513 2460 tui
2565 2407 2825 2462 exhibeas
2877 2407 3061 2477 regale
3116 2407 3522 2475 sacerdotium,

1939 2507 2151 2571 gentem
2175 2507 2423 2555 sanctam
2458 2519 2471 2555 :
2504 2514 2605 2571 pro
2640 2499 2711 2554 iis
2741 2500 2835 2569 qui
2863 2501 2918 2554 in
2944 2500 3262 2570 virginitate
3281 2507 3335 2554 et
3356 2501 3528 2556 casti-

1939 2599 2051 2648 tate
2097 2593 2325 2659 vivunt;
2370 2607 2471 2663 pro
2514 2592 2697 2647 viduis
2747 2591 3038 2659 Ecclesiae;
3071 2604 3173 2662 pro
3204 2591 3272 2646 iis
3317 2592 3411 2662 qui
3465 2592 3522 2647 in

1937 2684 2145 2755 nuptiis
2183 2684 2452 2745 honestis.
2501 2699 2565 2738 ac
2614 2684 2669 2737 in
2717 2684 3173 2754 progeneratione
3222 2682 3523 2739 liberorum

1938 2775 2175 2847 degunt;
2209 2791 2309 2846 pro
2340 2775 2643 2830 infantibus
2673 2775 2850 2845 plebis
2883 2784 3008 2839 tuae,
3042 2775 3122 2829 uti
3147 2782 3397 2830 nostrum
3428 2791 3525 2830 ne-

1936 2871 2138 2923 minem
2169 2868 2524 2939 rejiciendum
2550 2867 2775 2922 habeas.
2803 2867 2996 2922 Adhuc
3026 2869 3308 2939 poscimus
3348 2875 3401 2924 te
3423 2884 3523 2938 pro

1936 2960 2071 3014 urbe
2115 2959 2238 3025 hac,
2272 2968 2326 3015 et
2370 2960 2747 3015 habitantibus
2774 2960 2831 3013 in
2869 2974 2969 3026 ea;
3014 2974 3114 3029 pro
3146 2960 3388 3030 aegrotis,
3420 2975 3522 3030 pro

1937 3050 2077 3106 dura
2098 3052 2362 3107 servitute
2386 3050 2635 3118 aillictis;
2662 3066 2762 3123 pro
2792 3052 3107 3118 exsulibus;
3140 3066 3242 3123 pro
3271 3053 3518 3123 proscri-

253 3144 546 3214 ἐπίκουρος
576 3144 685 3214 (60)
713 3145 843 3215 γένῃ
888 3144 1105 3197 πάντων
1133 3143 1324 3216 βοηθὸς
1346 3147 1437 3199 κοιλ¹
1458 3146 1827 3223 ἀντιλήπτωρ.

1937 3144 2081 3213 ptis;
2116 3158 2215 3213 pro
2241 3144 2648 3213 navigantibus,
2681 3151 2736 3199 et
2776 3144 2882 3199 iter
2924 3144 3295 3213 facientibus;
3345 3154 3406 3202 ut
3438 3148 3518 3204 sis

258 3236 381 3287 Ἔτι
410 3234 833 3305 παρακαλοῦμέν
864 3253 922 3288 σε
956 3236 1048 3289 καὶ
1068 3237 1207 3307 ὑπὲρ
1224 3237 1331 3290 τῶν
1366 3240 1662 3309 μισούντων
1685 3243 1834 3314 ἡμᾶς

252 3327 349 3379 καὶ
377 3326 676 3381 διωκόντων
709 3329 855 3398 ἡμᾶς
874 3328 962 3381 διὰ
989 3329 1049 3381 τὸ
1072 3328 1242 3401 ὄνομά
1276 3346 1391 3392 σου,
1422 3314 1562 3404 ὑπὲρ
1580 3333 1688 3386 τῶν
1728 3334 1832 3402 ἔξω

249 3417 422 3472 ὄντων
460 3421 555 3473 καὶ
590 3419 1045 3490 πεπλανημένων,
1082 3422 1229 3485 ὅπως
1271 3404 1603 3496 ὲπιᾶτρέψῃς
1638 3425 1833 3490 αὐτοὺς

250 3515 333 3575 είς
370 3512 592 3581 ἀγαθὸν,
629 3514 722 3566 καὶ
751 3513 841 3565 τὸν
864 3512 1033 3584 θυμὸν
1072 3514 1250 3566 αὐτῶν
1274 3514 1539 3586 πραΰνῃς.
1574 3516 1695 3570 Ἔτι
1723 3535 1830 3570 πα-

252 3605 595 3676 ρακαλοῦμέν
629 3623 686 3658 σε
709 3606 803 3658 καὶ
832 3605 972 3677 ὑπὲρ
1001 3604 1109 3659 τῶν
1136 3607 1553 3679 κατηχουμένων
1576 3609 1676 3679 τῆς
1717 3610 1832 3663 Ἐκ-

248 3697 499 3769 κλησίας,
541 3698 634 3751 καὶ
662 3698 804 3771 ὑπὲρ
834 3697 943 3751 τῶν
972 3698 1382 3771 χειμαζομένων
1411 3701 1514 3754 ὑπὸ
1546 3700 1641 3753 τοῦ
1671 3701 1826 3755 ἀλλο-

247 3792 401 3863 τρίου
429 3791 561 3863 (6i),
590 3792 683 3844 καὶ
706 3792 845 3863 ὑπὲρ
863 3791 971 3844 τῶν
1002 3793 1059 3844 ἐν
1091 3792 1347 3864 μετανοίᾳ
1367 3791 1611 3861 ἀδελφῶν
1638 3793 1826 3864 ἡμῶνο

246 3884 397 3945 ὅπως
418 3883 543 3947 τοὺς
575 3882 671 3954 μὲν
690 3882 980 3955 τελειώσῃς
1008 3883 1065 3936 ὲν
1089 3885 1156 3955 τῇ
1186 3884 1385 3948 πίστει,
1418 3885 1543 3947 τοὺς
1573 3883 1629 3937 δὲ
1660 3884 1829 3938 καθα-

251 3974 405 4045 ρίσῃς
442 3975 505 4027 ἐκ
524 3974 624 4045 τῆς
645 3975 925 4047 ἐνεργείας
956 3974 1049 4028 τοῦ
1074 3976 1334 4045 πονηροῦ,
1361 3975 1471 4028 τῶν
1501 3976 1559 4029 δὲ
1600 3977 1701 4048 τὴν
1725 3994 1823 4047 με·

242 4065 468 4118 τάνοιαν
495 4064 790 4138 προσ-δέξῃ,
848 4068 942 4120 καὶ
978 4070 1339 4139 συγχωρησῃς
1376 4068 1471 4121 καὶ
1511 4068 1693 4132 αὐτοῖς
1732 4071 1829 4122 καὶ

242 4159 378 4228 ἡμῖν
402 4156 471 4210 τὰ
501 4158 921 4230 παραπτώματα
956 4159 1134 4231 ήμῶν.
1181 4161 1301 4213 Ἔτι
1332 4160 1712 4232 προσφέρομὼ
1741 4179 1825 4215 σοι

245 4251 342 4303 καὶ
372 4249 511 4321 ὑπὲρ
539 4250 640 4321 τῆς
676 4252 969 4323 εὐκρασίας
996 4252 1089 4305 τοῦ
1121 4252 1285 4325 ἀέρος
1316 4252 1410 4305 καὶ
1438 4253 1537 4323 τῆς
1566 4253 1825 4325 εὐφορίας

242 4342 357 4394 τῶν
385 4342 612 4414 καρπῶν
634 4360 646 4372 υ
679 4343 826 4407 ὅπως
852 4343 1148 4408 ἁνελλιπῶς
1196 4344 1702 4416 μεταλαμϐάνοντες
1714 4344 1823 4399 τῶν

242 4434 394 4506 παρὰ
426 4434 518 4487 σοῦ
546 4435 783 4503 ἀγαθῶν,
809 4435 1045 4507 αίνῶμέν
1075 4453 1133 4488 σε
1164 4435 1471 4500 ἀπαύστως,
1496 4436 1587 4489 τὸν
1614 4436 1822 4490 διδόντα

240 4528 450 4599 τροφὴν
476 4528 623 4599 πάσῃ
653 4520 835 4600 σαρκί.
872 4530 991 4581 Ἔτι
1016 4528 1442 4601 παρακαλοῦμέν
1474 4546 1533 4582 σε
1564 4530 1655 4583 καὶ
1678 4529 1819 4601 ὑπὲρ

240 4622 353 4675 τῶν
382 4622 448 4675 δι’
468 4621 684 4691 εὔλογον
706 4623 883 4675 αἰτίαν
912 4622 1160 4675 ἀπόντων
1183 4638 1198 4653 ο
1228 4623 1375 4685 ὅπως
1405 4622 1651 4685 ἅπαντας
1672 4624 1822 4694 ἡμᾶς

238 4714 573 4787 διατηρήσας
610 4718 666 4769 ὲν
697 4718 763 4787 τῇ
795 4715 1066 4788 εὐσεϐείᾳ,
1099 4715 1507 4786 ὲπισυναγάγῃς
1534 4717 1590 4767 έν
1618 4717 1685 4786 τῇ
1720 4714 1818 4785 βα-

242 4807 421 4880 σιλείᾳ
448 4809 539 4861 τοῦ
568 4808 803 4879 Χριστοῦ
841 4826 966 4871 σου,
1010 4808 1105 4861 τοῦ
1150 4807 1285 4862 Θεοῦ
1330 4808 1513 4879 πάσης
1557 4808 1819 4879 αἰσθητῆς

240 4900 338 4953 καὶ
358 4902 554 4971 νοητῆς
583 4902 815 4971 φύσεως,
854 4900 947 4954 τοῦ
988 4901 1250 4971 βασιλέως
1270 4901 1449 4973 ἡμῶν,
1481 4903 1813 4973 ἀτρέπτους,

238 4991 584 5062 ἀμέμπτους,
631 4992 996 5062 ἀνεγκλήτους
1017 5010 1029 5025 ’
1064 4994 1145 5046 ὃτι
1180 5012 1260 5047 σοι
1300 4996 1447 5047 πᾶσα
1473 4994 1618 5060 δόξα,
1649 4994 1815 5059 σέϐας

242 5083 339 5135 καὶ
391 5082 707 5153 εὐχαριστία
728 5122 743 5147 ,
799 5082 932 5155 τιμὴ
958 5085 1050 5137 καὶ
1080 5085 1471 5156 προσκύνησις,
1502 5084 1581 5157 τῷ
1610 5085 1808 5158 Πατρὶ,

457 5241 503 5272 ⁸⁸
540 5241 560 5295 I
592 5239 733 5296 Tim.
764 5258 824 5307 ll,
856 5241 911 5296 2.

1935 3234 2246 3298 auxiliator,
2283 3236 2527 3289 omnium
2556 3236 2778 3305 adjutor
2803 3250 2867 3291 ac
2890 3236 3167 3292 defensor.
3197 3237 3392 3293 Adhuc
3423 3254 3518 3293 ro-

1932 3344 2126 3399 gamus
2146 3335 2199 3384 te
2229 3343 2328 3399 pro
2349 3328 2417 3384 iis
2463 3328 2555 3398 qui
2585 3329 2818 3384 oderunt
2840 3344 2964 3393 nos,
2987 3340 3041 3385 et
3068 3337 3291 3400 propter
3315 3345 3517 3387 nomen

1932 3429 2085 3475 tuum
2116 3436 2217 3476 nos
2240 3429 2676 3491 persequuntur;
2707 3436 2806 3491 pro
2841 3421 2910 3475 iis
2956 3421 3049 3492 qui
3096 3421 3231 3478 foris
3260 3431 3415 3489 sunt,
3449 3439 3516 3481 ac

1930 3520 2119 3568 errant
2145 3532 2157 3566 :
2183 3521 2241 3566 ut
2269 3512 2510 3568 adducas
2530 3529 2625 3569 eos
2649 3513 2716 3567 ad
2738 3514 2965 3577 bonum,
2989 3523 3043 3567 et
3060 3514 3297 3569 furorem
3321 3531 3515 3571 eorum

1932 3606 2167 3676 mitiges.
2199 3605 2397 3660 Iterum
2442 3621 2700 3676 rogamus
2731 3614 2784 3662 te
2824 3621 2924 3676 pro
2961 3604 3221 3662 Ecclesia;
3251 3607 3516 3663 catechu~

1930 3698 2105 3752 menis
2129 3715 2144 3764 ;
2172 3706 2227 3752 et
2255 3713 2356 3769 pro
2387 3698 2454 3753 iis
2500 3698 2593 3769 qui
2623 3698 2692 3753 ab
2746 3698 3064 3754 adversario
3107 3700 3420 3769 jactantur;
3457 3709 3515 3757 et

1930 3805 2032 3860 pro
2074 3791 2453 3861 paenitentiam
2491 3791 2776 3861 agentibus
2833 3790 3102 3847 fratribus
3156 3792 3365 3848 nostris
3403 3812 3414 3847 :
3453 3800 3512 3848 ut

1931 3882 2137 3952 primos
2164 3883 2384 3953 quidem
2410 3882 2661 3954 perﬁcias
2700 3882 2758 3938 in
2789 3882 2930 3949 ﬁde;
2963 3883 3165 3939 alteros
3196 3898 3327 3938 vero
3350 3900 3514 3939 mun-

1928 3974 2026 4029 des
2043 3990 2072 4028 a
2095 3975 2383 4031 vexatione
2410 3976 2574 4043 mali;
2607 3977 2894 4031 tertiorum
2918 3985 3100 4032 autem
3133 3977 3511 4047 paenitentiam

1928 4069 2222 4139 suscipias,
2249 4069 2635 4139 condOnesque
2662 4082 2786 4122 cum
2815 4068 2905 4131 iis,
2939 4077 3055 4122 tum
3086 4068 3246 4123 nobis
3266 4083 3387 4138 quae
3413 4068 3512 4124 de-

1928 4161 2209 4232 liquimus.
2234 4159 2526 4216 Oii'erimus
2556 4174 2773 4230 quoque
2801 4158 2901 4213 tibi
2942 4174 3043 4229 pro
3073 4159 3217 4215 aeris
3246 4167 3510 4229 tempera-

1926 4261 2073 4319 tura,
2106 4266 2157 4310 ει
2182 4254 2396 4325 frugum
2423 4254 2704 4319 ubertate;
2740 4259 2799 4307 ut
2823 4250 3194 4307 indesinenter
3226 4252 3369 4308 bona
3404 4267 3434 4305 a
3455 4259 3511 4309 te

1926 4347 2123 4401 collata
2145 4346 2532 4417 percipientes,
2563 4344 2785 4399 assidue
2815 4343 3101 4397 laudemus
3134 4352 3210 4406 te,
3256 4343 3350 4412 qui
3406 4343 3509 4399 das

1925 4454 2107 4493 escam
2132 4437 2278 4491 omni
2301 4437 2474 4490 carni.
2510 4435 2685 4488 Etiam
2709 4449 2964 4506 rogamus
2994 4443 3046 4489 te
3068 4449 3167 4503 pro
3196 4434 3283 4498 iis,
3321 4435 3414 4504 qui
3437 4436 3509 4490 ob

1925 4546 2147 4585 causam
2180 4529 2517 4599 probabilem
2548 4528 2804 4582 absentes
2832 4535 2961 4581 sunt
2986 4546 2998 4580 :
3026 4534 3086 4579 ut
3110 4540 3303 4581 omnes
3324 4542 3425 4581 nos
3450 4527 3508 4581 in

1920 4624 2122 4693 pietate
2150 4628 2503 4675 conservatos
2533 4635 2563 4673 a
2592 4626 2664 4683 te,
2683 4619 2738 4672 in
2769 4617 2974 4673 Christi
3001 4618 3101 4682 tui,
3124 4617 3218 4672 Dei
3238 4618 3507 4673 universa:

1921 4723 2131 4769 naturae
2154 4713 2257 4768 sub
2293 4728 2515 4768 sensum
2540 4723 2593 4766 et
2637 4711 3054 4781 intelligentiam
3107 4710 3378 4773 cadentis,
3412 4726 3504 4765 re-

1919 4810 2112 4879 gisque
2143 4807 2315 4862 nostri
2346 4821 2516 4876 regno
2546 4818 2871 4874 congreges,
2904 4801 3297 4865 immutabiles,
3333 4802 3506 4856 incul-

1918 4908 2100 4971 patos,
2130 4898 2545 4968 irreprehensos
2592 4912 2604 4947 :
2657 4895 2915 4965 quoniam
2948 4894 3046 4949 tibi
3085 4894 3265 4948 omnis
3295 4894 3502 4964 gloria,

1928 4994 2233 5056 veneratio,
2268 4991 2566 5063 gratiarum
2598 4988 2766 5051 actio,
2799 4987 2998 5051 honor,
3024 4984 3295 5046 adoratio,
3326 4983 3499 5048 Patri,

1921 5097 1975 5141 et
2007 5084 2166 5148 Filio,
2210 5092 2263 5137 ct
2298 5082 2524 5153 Spiritui
2556 5089 2773 5145 sancto,
2803 5094 2970 5143 nunc,
3013 5087 3067 5133 et
3090 5094 3327 5148 semper,
3358 5086 3411 5133 et
3443 5078 3501 5131 in

1578 5422 1935 5478 VARIORUM
1971 5423 2197 5480 ΝΟΤιΕ.

311 5588 421 5661 (60',
474 5590 1448 5663 Ἐπίκουρος-,Πάντωνἐπίκουρος,
1487 5593 1538 5645 in
1570 5590 1807 5646 Vindob.

238 5664 359 5715 eod.
392 5672 450 5715 ut
473 5663 525 5715 in
571 5664 822 5719 versione
852 5662 1061 5718 Latina.
1092 5662 1260 5718 CLER.

308 5731 419 5799 (61)
459 5732 890 5802 Χειμαζομένων
914 5734 1028 5787 ὑπὸ
1062 5735 1166 5786 τοῦ
1184 5733 1523 5800 ἀλλοτρίων.
1556 5729 1658 5797 Qui
1682 5747 1802 5801 cap.

235 5799 306 5855 35
333 5810 384 5856 et
410 5803 478 5855 57
508 5799 901 5873 Χειμαζόμενοι
934 5804 1257 5871 simpliciter
1305 5799 1590 5866 «linuntur,
1624 5808 1683 5873 ut
1713 5799 1803 5873 ra-

234 5886 380 5927 n~=nc
415 5871 704 5943 Anc-grano
735 5871 821 5939 Π,
855 5882 907 5928 ct
933 5890 961 5928 a
994 5873 1226 5931 Maximo
1250 5878 1316 5930 ad
1341 5884 1502 5946 caput
1532 5891 1581 5931 γι
1618 5871 1801 5926 Ecclc~

1919 5592 2153 5643 sinsticm
2173 5590 2503 5643 liierarcliiw.
2560 5588 2958 5659 Χειμαζόμενοι
3014 5584 3119 5640 ὑπὸ
3169 5584 3495 5708 πνευὲιάτων

1919 5661 2263 5708 ἀκαθάρτων.
2285 5669 2377 5708 aut
2407 5661 2510 5708 ὑπὸ
2526 5660 2831 5708 meditato:
2852 5657 3182 5708 ἀκαθάρτου.
3211 5658 3263 5708 in
3333 5656 3495 5708 ncho—

1917 5661 2263 5731 ἀκαθάρτων,
2285 5669 2377 5713 aut
2407 5661 2510 5714 ὐπὸ
2526 5656 2831 5729 πνεύματος
2852 5657 3182 5731 ἀκαθάρτου,
3211 5658 3263 5710 in
3288 5656 3497 5731 Euclio-

1916 5726 2116 5801 logiisf
2134 5731 2223 5784 Sic
2248 5733 2467 5785 eosdem
2501 5726 2899 5801 energumeims
2920 5726 3172 5801 invenies
3195 5726 3495 5801 appellatos

1911 5794 2127 5870 ἐνῦχλου
2136 5801 2328 5871 μένους
2349 5803 2402 5857 et
2424 5799 2527 5854 ὐπὸ
2555 5794 2876 5870 πνευμάτων
2906 5794 3495 5870 ἀκαθάρτωνὲνοχλου-

1911 5873 2123 5942 μένους.
2158 5871 2294 5926 αυτ.
