  <div class='ocr_page' id='page_1' title='image "/cluster/home/n/w/nwhite01/storage/ocr_20150623/1/nnc1.0022106693/607.png"; bbox 0 0 3886 6190; ppageno 0'>
   <div class='ocr_carea' id='block_1_1' title="bbox 166 6058 234 6100">
    <p class='ocr_par' dir='ltr' id='par_1_1' title="bbox 166 6058 234 6100">
     <span class='ocr_line' id='line_1_1' title="bbox 166 6058 234 6100; baseline 0 0"><span class='ocrx_word' id='word_1_1' title='bbox 166 6058 234 6100; x_wconf 65' lang='grc' dir='ltr'><strong><em>Δ</em></strong></span> 
     </span>
    </p>
   </div>
   <div class='ocr_carea' id='block_1_2' title="bbox 314 6074 349 6099">
    <p class='ocr_par' dir='ltr' id='par_1_2' title="bbox 314 6074 349 6099">
     <span class='ocr_line' id='line_1_2' title="bbox 314 6074 349 6099; baseline 0 0"><span class='ocrx_word' id='word_1_2' title='bbox 314 6074 349 6099; x_wconf 67' lang='grc' dir='ltr'>ι</span> 
     </span>
    </p>
   </div>
   <div class='ocr_carea' id='block_1_3' title="bbox 365 349 3639 419">
    <p class='ocr_par' dir='ltr' id='par_1_3' title="bbox 365 349 3639 419">
     <span class='ocr_line' id='line_1_3' title="bbox 365 349 3639 419; baseline -0.004 -2"><span class='ocrx_word' id='word_1_3' title='bbox 365 362 503 419; x_wconf 77' lang='lat' dir='ltr'><strong>H07</strong></span> <span class='ocrx_word' id='word_1_4' title='bbox 1250 358 1305 413; x_wconf 88' lang='lat' dir='ltr'><strong>S.</strong></span> <span class='ocrx_word' id='word_1_5' title='bbox 1343 355 1741 412; x_wconf 85' lang='lat' dir='ltr'><strong>CLEMENTIS</strong></span> <span class='ocrx_word' id='word_1_6' title='bbox 1774 356 1795 410; x_wconf 85' lang='grc' dir='ltr'><strong>Ι</strong></span> <span class='ocrx_word' id='word_1_7' title='bbox 1830 355 1997 413; x_wconf 79' lang='lat' dir='ltr'><strong>ROM.</strong></span> <span class='ocrx_word' id='word_1_8' title='bbox 2036 354 2242 414; x_wconf 81' lang='lat' dir='ltr'><strong>PONT.</strong></span> <span class='ocrx_word' id='word_1_9' title='bbox 2277 355 2506 413; x_wconf 80' lang='lat' dir='ltr'><strong>OPERA</strong></span> <span class='ocrx_word' id='word_1_10' title='bbox 2540 356 2769 413; x_wconf 82' lang='lat' dir='ltr'><strong>DUBIA.</strong></span> <span class='ocrx_word' id='word_1_11' title='bbox 3489 349 3639 405; x_wconf 74' lang='grc'><strong>1108</strong></span> 
     </span>
    </p>
   </div>
   <div class='ocr_carea' id='block_1_4' title="bbox 363 470 1951 546">
    <p class='ocr_par' dir='ltr' id='par_1_4' title="bbox 363 471 1951 545">
     <span class='ocr_line' id='line_1_4' title="bbox 363 471 1951 545; baseline -0.003 -13"><span class='ocrx_word' id='word_1_12' title='bbox 363 476 576 532; x_wconf 83' lang='lat' dir='ltr'><strong>inlinita</strong></span> <span class='ocrx_word' id='word_1_13' title='bbox 624 490 687 529; x_wconf 88' lang='lat' dir='ltr'><strong>ac</strong></span> <span class='ocrx_word' id='word_1_14' title='bbox 736 475 1070 545; x_wconf 88' lang='lat' dir='ltr'><strong>sempiterna</strong></span> <span class='ocrx_word' id='word_1_15' title='bbox 1118 475 1320 529; x_wconf 71' lang='lat' dir='ltr'><strong>saecula</strong></span> <span class='ocrx_word' id='word_1_16' title='bbox 1373 473 1727 529; x_wconf 63' lang='lat' dir='ltr'><strong>steculorum.</strong></span> <span class='ocrx_word' id='word_1_17' title='bbox 1780 471 1951 541; x_wconf 81' lang='lat' dir='ltr'><strong>Atque</strong></span> 
     </span>
    </p>
   </div>
   <div class='ocr_carea' id='block_1_5' title="bbox 2060 470 3642 546">
    <p class='ocr_par' dir='ltr' id='par_1_5' title="bbox 2079 470 3642 546">
     <span class='ocr_line' id='line_1_5' title="bbox 2079 470 3642 546; baseline -0.005 -20"><span class='ocrx_word' id='word_1_18' title='bbox 2079 473 2171 526; x_wconf 78' lang='grc' dir='ltr'>καὶ</span> <span class='ocrx_word' id='word_1_19' title='bbox 2190 472 2268 544; x_wconf 87' lang='grc' dir='ltr'><strong>τῷ</strong></span> <span class='ocrx_word' id='word_1_20' title='bbox 2291 473 2425 543; x_wconf 85' lang='grc' dir='ltr'>Υίῷ,</span> <span class='ocrx_word' id='word_1_21' title='bbox 2454 475 2546 527; x_wconf 77' lang='grc' dir='ltr'><strong>καὶ</strong></span> <span class='ocrx_word' id='word_1_22' title='bbox 2569 474 2645 546; x_wconf 85' lang='grc' dir='ltr'><strong>τῷ</strong></span> <span class='ocrx_word' id='word_1_23' title='bbox 2663 475 2804 544; x_wconf 85' lang='grc' dir='ltr'>ἁγίῳ</span> <span class='ocrx_word' id='word_1_24' title='bbox 2830 472 3123 545; x_wconf 79' lang='grc' dir='ltr'>Πνεὺματι,</span> <span class='ocrx_word' id='word_1_25' title='bbox 3150 470 3243 525; x_wconf 83' lang='grc' dir='ltr'><strong>καί</strong></span> <span class='ocrx_word' id='word_1_26' title='bbox 3264 470 3378 537; x_wconf 87' lang='grc' dir='ltr'>νῦν,</span> <span class='ocrx_word' id='word_1_27' title='bbox 3408 470 3505 524; x_wconf 68' lang='grc' dir='ltr'><strong>καὶ</strong></span> <span class='ocrx_word' id='word_1_28' title='bbox 3530 470 3642 531; x_wconf 80' lang='grc' dir='ltr'>ἀεὶ,</span> 
     </span>
    </p>
   </div>
   <div class='ocr_carea' id='block_1_6' title="bbox 363 560 1951 637">
    <p class='ocr_par' dir='ltr' id='par_1_6' title="bbox 363 564 1951 637">
     <span class='ocr_line' id='line_1_6' title="bbox 363 564 1951 637; baseline -0.001 -17"><span class='ocrx_word' id='word_1_29' title='bbox 363 568 545 622; x_wconf 82' lang='lat' dir='ltr'><strong>omnis</strong></span> <span class='ocrx_word' id='word_1_30' title='bbox 583 568 819 637; x_wconf 89' lang='lat' dir='ltr'><strong>populus</strong></span> <span class='ocrx_word' id='word_1_31' title='bbox 887 568 1057 621; x_wconf 78' lang='lat' dir='ltr'><strong>Amen</strong></span> <span class='ocrx_word' id='word_1_32' title='bbox 1090 566 1440 636; x_wconf 88' lang='lat' dir='ltr'><strong>respondeat.</strong></span> <span class='ocrx_word' id='word_1_33' title='bbox 1467 564 1533 619; x_wconf 85' lang='lat' dir='ltr'><strong>Et</strong></span> <span class='ocrx_word' id='word_1_34' title='bbox 1555 564 1705 619; x_wconf 88' lang='lat' dir='ltr'><strong>dicat</strong></span> <span class='ocrx_word' id='word_1_35' title='bbox 1739 564 1951 634; x_wconf 90' lang='lat' dir='ltr'><strong>episeo-</strong></span> 
     </span>
    </p>
   </div>
   <div class='ocr_carea' id='block_1_7' title="bbox 2060 560 3650 637">
    <p class='ocr_par' dir='ltr' id='par_1_7' title="bbox 2075 560 3650 635">
     <span class='ocr_line' id='line_1_7' title="bbox 2075 560 3650 635; baseline -0.002 -20"><span class='ocrx_word' id='word_1_36' title='bbox 2075 565 2168 616; x_wconf 73' lang='grc' dir='ltr'><strong>καὶ</strong></span> <span class='ocrx_word' id='word_1_37' title='bbox 2199 566 2279 627; x_wconf 84' lang='grc' dir='ltr'><strong>είς</strong></span> <span class='ocrx_word' id='word_1_38' title='bbox 2309 565 2435 628; x_wconf 82' lang='grc' dir='ltr'>τοὺς</span> <span class='ocrx_word' id='word_1_39' title='bbox 2457 566 2760 629; x_wconf 87' lang='grc' dir='ltr'>ἀνελλιπεῖς</span> <span class='ocrx_word' id='word_1_40' title='bbox 2783 565 2877 618; x_wconf 77' lang='grc' dir='ltr'>καὶ</span> <span class='ocrx_word' id='word_1_41' title='bbox 2894 565 3277 635; x_wconf 81' lang='grc' dir='ltr'>ἀτελευτήτους</span> <span class='ocrx_word' id='word_1_42' title='bbox 3299 562 3504 625; x_wconf 84' lang='grc' dir='ltr'>αίῶνας</span> <span class='ocrx_word' id='word_1_43' title='bbox 3538 560 3650 613; x_wconf 82' lang='grc' dir='ltr'>τῶν</span> 
     </span>
    </p>
   </div>
   <div class='ocr_carea' id='block_1_8' title="bbox 370 652 1951 730">
    <p class='ocr_par' dir='ltr' id='par_1_8' title="bbox 370 656 1951 730">
     <span class='ocr_line' id='line_1_8' title="bbox 370 656 1951 730; baseline -0.001 -17"><span class='ocrx_word' id='word_1_44' title='bbox 370 674 519 730; x_wconf 85' lang='lat' dir='ltr'><strong>pus:</strong></span> <span class='ocrx_word' id='word_1_45' title='bbox 555 658 666 712; x_wconf 82' lang='lat' dir='ltr'><strong>Pax</strong></span> <span class='ocrx_word' id='word_1_46' title='bbox 693 658 787 713; x_wconf 94' lang='lat' dir='ltr'><strong>Dei</strong></span> <span class='ocrx_word' id='word_1_47' title='bbox 814 660 886 713; x_wconf 86' lang='lat' dir='ltr'><strong>sit</strong></span> <span class='ocrx_word' id='word_1_48' title='bbox 926 674 1051 713; x_wconf 90' lang='lat' dir='ltr'><strong>cum</strong></span> <span class='ocrx_word' id='word_1_49' title='bbox 1090 659 1348 712; x_wconf 89' lang='lat' dir='ltr'><strong>omnibus</strong></span> <span class='ocrx_word' id='word_1_50' title='bbox 1384 657 1565 713; x_wconf 82' lang='lat' dir='ltr'><strong>vobis.</strong></span> <span class='ocrx_word' id='word_1_51' title='bbox 1598 656 1951 725; x_wconf 85' lang='lat' dir='ltr'><strong>Cunctusque</strong></span> 
     </span>
    </p>
   </div>
   <div class='ocr_carea' id='block_1_9' title="bbox 2060 652 3653 730">
    <p class='ocr_par' dir='ltr' id='par_1_9' title="bbox 2073 652 3653 726">
     <span class='ocr_line' id='line_1_9' title="bbox 2073 652 3653 726; baseline -0.003 -20"><span class='ocrx_word' id='word_1_52' title='bbox 2073 654 2299 709; x_wconf 74' lang='grc' dir='ltr'>αἰώνων.</span> <span class='ocrx_word' id='word_1_53' title='bbox 2342 657 2452 709; x_wconf 81' lang='grc' dir='ltr'><strong>Καὶ</strong></span> <span class='ocrx_word' id='word_1_54' title='bbox 2495 660 2602 720; x_wconf 78' lang='grc' dir='ltr'>πᾶς</span> <span class='ocrx_word' id='word_1_55' title='bbox 2628 659 2657 709; x_wconf 99' lang='lat'><strong>6</strong></span> <span class='ocrx_word' id='word_1_56' title='bbox 2688 657 2813 720; x_wconf 81' lang='grc' dir='ltr'>λαὸς</span> <span class='ocrx_word' id='word_1_57' title='bbox 2839 656 3060 725; x_wconf 81' lang='grc' dir='ltr'><strong>λεγέτω·</strong></span> <span class='ocrx_word' id='word_1_58' title='bbox 3111 657 3303 726; x_wconf 82' lang='grc' dir='ltr'>Ἀμήν.</span> <span class='ocrx_word' id='word_1_59' title='bbox 3330 654 3442 707; x_wconf 88' lang='lat' dir='ltr'><strong>Kal</strong></span> <span class='ocrx_word' id='word_1_60' title='bbox 3468 655 3499 706; x_wconf 90' lang='lat'><strong>6</strong></span> <span class='ocrx_word' id='word_1_61' title='bbox 3529 652 3653 704; x_wconf 79' lang='grc' dir='ltr'>ὲπί-</span> 
     </span>
    </p>
   </div>
   <div class='ocr_carea' id='block_1_10' title="bbox 368 750 1954 821">
    <p class='ocr_par' dir='ltr' id='par_1_10' title="bbox 368 750 1954 821">
     <span class='ocr_line' id='line_1_10' title="bbox 368 750 1954 821; baseline 0.003 -20"><span class='ocrx_word' id='word_1_62' title='bbox 368 751 605 821; x_wconf 84' lang='lat' dir='ltr'><strong>populus</strong></span> <span class='ocrx_word' id='word_1_63' title='bbox 657 750 1029 821; x_wconf 80' lang='lat' dir='ltr'><strong>respondeat:</strong></span> <span class='ocrx_word' id='word_1_64' title='bbox 1074 750 1139 805; x_wconf 79' lang='lat' dir='ltr'><strong>Et</strong></span> <span class='ocrx_word' id='word_1_65' title='bbox 1176 767 1299 806; x_wconf 90' lang='lat' dir='ltr'><strong>cum</strong></span> <span class='ocrx_word' id='word_1_66' title='bbox 1347 750 1540 821; x_wconf 86' lang='lat' dir='ltr'><strong>spiritu</strong></span> <span class='ocrx_word' id='word_1_67' title='bbox 1572 758 1688 806; x_wconf 93' lang='lat' dir='ltr'><strong>tuo.</strong></span> <span class='ocrx_word' id='word_1_68' title='bbox 1729 751 1805 805; x_wconf 81' lang='lat' dir='ltr'><strong>Ac</strong></span> <span class='ocrx_word' id='word_1_69' title='bbox 1832 750 1954 805; x_wconf 89' lang='lat' dir='ltr'><strong>dia-</strong></span> 
     </span>
    </p>
   </div>
   <div class='ocr_carea' id='block_1_11' title="bbox 365 844 1077 915">
    <p class='ocr_par' dir='ltr' id='par_1_11' title="bbox 365 844 1077 915">
     <span class='ocr_line' id='line_1_11' title="bbox 365 844 1077 915; baseline -0.001 -17"><span class='ocrx_word' id='word_1_70' title='bbox 365 858 540 899; x_wconf 84' lang='lat' dir='ltr'><strong>conus</strong></span> <span class='ocrx_word' id='word_1_71' title='bbox 560 844 755 898; x_wconf 92' lang='lat' dir='ltr'><strong>iterum</strong></span> <span class='ocrx_word' id='word_1_72' title='bbox 785 844 1041 915; x_wconf 73' lang='lat' dir='ltr'><strong>praedicet</strong></span> <span class='ocrx_word' id='word_1_73' title='bbox 1066 863 1077 897; x_wconf 91' lang='lat'>:</span> 
     </span>
    </p>
   </div>
   <div class='ocr_carea' id='block_1_12' title="bbox 2076 745 3651 821">
    <p class='ocr_par' dir='ltr' id='par_1_12' title="bbox 2076 745 3651 821">
     <span class='ocr_line' id='line_1_12' title="bbox 2076 745 3651 821; baseline -0.002 -22"><span class='ocrx_word' id='word_1_74' title='bbox 2076 763 2273 811; x_wconf 87' lang='grc' dir='ltr'>σκοπος</span> <span class='ocrx_word' id='word_1_75' title='bbox 2300 749 2527 802; x_wconf 80' lang='grc' dir='ltr'>εἰπάτω’</span> <span class='ocrx_word' id='word_1_76' title='bbox 2565 749 2629 802; x_wconf 82' lang='grc' dir='ltr'><strong>Ἦ</strong></span> <span class='ocrx_word' id='word_1_77' title='bbox 2654 750 2842 821; x_wconf 76' lang='grc' dir='ltr'>εἰρήνη</span> <span class='ocrx_word' id='word_1_78' title='bbox 2871 748 2965 801; x_wconf 87' lang='grc' dir='ltr'><strong>τοῦ</strong></span> <span class='ocrx_word' id='word_1_79' title='bbox 2988 747 3121 801; x_wconf 83' lang='grc' dir='ltr'><strong>Θεοῦ</strong></span> <span class='ocrx_word' id='word_1_80' title='bbox 3147 748 3231 816; x_wconf 84' lang='grc' dir='ltr'><strong>εῐη</strong></span> <span class='ocrx_word' id='word_1_81' title='bbox 3260 746 3397 817; x_wconf 88' lang='grc' dir='ltr'><strong>μετά</strong></span> <span class='ocrx_word' id='word_1_82' title='bbox 3426 745 3651 798; x_wconf 76' lang='grc' dir='ltr'>πάντων</span> 
     </span>
    </p>
   </div>
   <div class='ocr_carea' id='block_1_13' title="bbox 2072 835 3650 908">
    <p class='ocr_par' dir='ltr' id='par_1_13' title="bbox 2072 835 3650 908">
     <span class='ocr_line' id='line_1_13' title="bbox 2072 835 3650 908; baseline -0.001 -19"><span class='ocrx_word' id='word_1_83' title='bbox 2072 837 2247 907; x_wconf 81' lang='grc' dir='ltr'>ὑμῶν.</span> <span class='ocrx_word' id='word_1_84' title='bbox 2285 838 2395 891; x_wconf 92' lang='lat' dir='ltr'><strong>Kal</strong></span> <span class='ocrx_word' id='word_1_85' title='bbox 2429 840 2539 903; x_wconf 78' lang='grc' dir='ltr'>πᾶς</span> <span class='ocrx_word' id='word_1_86' title='bbox 2568 840 2597 892; x_wconf 94' lang='lat'><strong>6</strong></span> <span class='ocrx_word' id='word_1_87' title='bbox 2628 838 2756 901; x_wconf 76' lang='grc' dir='ltr'>λαὸς</span> <span class='ocrx_word' id='word_1_88' title='bbox 2782 839 3003 907; x_wconf 80' lang='grc' dir='ltr'><strong>λεγέτω·</strong></span> <span class='ocrx_word' id='word_1_89' title='bbox 3041 839 3151 891; x_wconf 84' lang='lat' dir='ltr'><strong>Kal</strong></span> <span class='ocrx_word' id='word_1_90' title='bbox 3194 838 3329 908; x_wconf 83' lang='grc' dir='ltr'><strong>μετά</strong></span> <span class='ocrx_word' id='word_1_91' title='bbox 3354 835 3451 889; x_wconf 87' lang='grc' dir='ltr'><strong>τοῦ</strong></span> <span class='ocrx_word' id='word_1_92' title='bbox 3479 835 3650 889; x_wconf 71' lang='grc' dir='ltr'>πνεύ-</span> 
     </span>
    </p>
   </div>
   <div class='ocr_carea' id='block_1_14' title="bbox 2074 929 3406 1002">
    <p class='ocr_par' dir='ltr' id='par_1_14' title="bbox 2074 929 3406 1002">
     <span class='ocr_line' id='line_1_14' title="bbox 2074 929 3406 1002; baseline -0.001 -19"><span class='ocrx_word' id='word_1_93' title='bbox 2074 930 2243 997; x_wconf 81' lang='grc' dir='ltr'>ματός</span> <span class='ocrx_word' id='word_1_94' title='bbox 2275 946 2389 983; x_wconf 88' lang='grc' dir='ltr'>σου.</span> <span class='ocrx_word' id='word_1_95' title='bbox 2424 931 2535 985; x_wconf 90' lang='lat' dir='ltr'><strong>Kal</strong></span> <span class='ocrx_word' id='word_1_96' title='bbox 2564 933 2592 985; x_wconf 92' lang='lat'><strong>6</strong></span> <span class='ocrx_word' id='word_1_97' title='bbox 2611 932 2855 994; x_wconf 84' lang='grc' dir='ltr'>διάκονος</span> <span class='ocrx_word' id='word_1_98' title='bbox 2877 929 3406 1002; x_wconf 79' lang='grc' dir='ltr'>κηρυσσέτω-πὰλιν·</span> 
     </span>
    </p>
   </div>
   <div class='ocr_carea' id='block_1_15' title="bbox 2582 1068 3108 1128">
    <p class='ocr_par' dir='ltr' id='par_1_15' title="bbox 2582 1068 3108 1128">
     <span class='ocr_line' id='line_1_15' title="bbox 2582 1068 3108 1128; baseline -0.011 0"><span class='ocrx_word' id='word_1_99' title='bbox 2582 1068 2980 1128; x_wconf 65' lang='grc' dir='ltr'><strong>ΚΕΦΛΛΑᾸΟΝ</strong></span> <span class='ocrx_word' id='word_1_100' title='bbox 3013 1068 3108 1123; x_wconf 72' lang='grc' dir='ltr'><strong>ΞΓ.</strong></span> 
     </span>
    </p>
   </div>
   <div class='ocr_carea' id='block_1_16' title="bbox 2054 1177 3649 1266">
    <p class='ocr_par' dir='ltr' id='par_1_16' title="bbox 2054 1177 3649 1266">
     <span class='ocr_line' id='line_1_16' title="bbox 2054 1177 3649 1266; baseline -0.003 -28"><span class='ocrx_word' id='word_1_101' title='bbox 2054 1183 2493 1253; x_wconf 60' lang='grc' dir='ltr'>Πωσφὼνησις</span> <span class='ocrx_word' id='word_1_102' title='bbox 2512 1181 2611 1235; x_wconf 78' lang='grc' dir='ltr'><strong>ἐπὶ</strong></span> <span class='ocrx_word' id='word_1_103' title='bbox 2638 1179 2757 1235; x_wconf 85' lang='grc' dir='ltr'><strong>τῶν</strong></span> <span class='ocrx_word' id='word_1_104' title='bbox 2772 1179 2999 1266; x_wconf 57' lang='grc' dir='ltr'>πιστῶν</span> <span class='ocrx_word' id='word_1_105' title='bbox 3012 1179 3162 1249; x_wconf 82' lang='grc' dir='ltr'>μετὰ</span> <span class='ocrx_word' id='word_1_106' title='bbox 3182 1177 3293 1247; x_wconf 80' lang='grc' dir='ltr'><strong>τὴν</strong></span> <span class='ocrx_word' id='word_1_107' title='bbox 3312 1178 3482 1233; x_wconf 76' lang='grc' dir='ltr'>θείαν</span> <span class='ocrx_word' id='word_1_108' title='bbox 3499 1179 3649 1233; x_wconf 77' lang='lat' dir='ltr'><strong>dra—</strong></span> 
     </span>
    </p>
   </div>
   <div class='ocr_carea' id='block_1_17' title="bbox 2742 1268 2953 1321">
    <p class='ocr_par' dir='ltr' id='par_1_17' title="bbox 2742 1268 2953 1321">
     <span class='ocr_line' id='line_1_17' title="bbox 2742 1268 2953 1321; baseline -0.005 -17"><span class='ocrx_word' id='word_1_109' title='bbox 2742 1268 2953 1321; x_wconf 71' lang='grc' dir='ltr'>φοραν.</span> 
     </span>
    </p>
   </div>
   <div class='ocr_carea' id='block_1_18' title="bbox 964 1071 1367 1128">
    <p class='ocr_par' dir='ltr' id='par_1_18' title="bbox 964 1071 1367 1128">
     <span class='ocr_line' id='line_1_18' title="bbox 964 1071 1367 1128; baseline -0.002 -1"><span class='ocrx_word' id='word_1_110' title='bbox 964 1072 1193 1128; x_wconf 81' lang='lat' dir='ltr'><strong>CAPUT</strong></span> <span class='ocrx_word' id='word_1_111' title='bbox 1234 1071 1367 1127; x_wconf 77' lang='lat' dir='ltr'>XIII.</span> 
     </span>
    </p>
   </div>
   <div class='ocr_carea' id='block_1_19' title="bbox 476 1187 1827 1257">
    <p class='ocr_par' dir='ltr' id='par_1_19' title="bbox 476 1187 1827 1257">
     <span class='ocr_line' id='line_1_19' title="bbox 476 1187 1827 1257; baseline -0.001 -12"><span class='ocrx_word' id='word_1_112' title='bbox 476 1189 662 1245; x_wconf 84' lang='lat' dir='ltr'><strong>Oratio</strong></span> <span class='ocrx_word' id='word_1_113' title='bbox 683 1204 777 1257; x_wconf 86' lang='lat' dir='ltr'><strong>pro</strong></span> <span class='ocrx_word' id='word_1_114' title='bbox 797 1187 1040 1257; x_wconf 79' lang='lat' dir='ltr'><strong>ﬁdelibus</strong></span> <span class='ocrx_word' id='word_1_115' title='bbox 1072 1197 1190 1257; x_wconf 71' lang='lat' dir='ltr'><strong>post</strong></span> <span class='ocrx_word' id='word_1_116' title='bbox 1217 1188 1451 1242; x_wconf 77' lang='lat' dir='ltr'><strong>divinam</strong></span> <span class='ocrx_word' id='word_1_117' title='bbox 1478 1187 1827 1243; x_wconf 81' lang='lat' dir='ltr'><strong>oblationem.</strong></span> 
     </span>
    </p>
   </div>
   <div class='ocr_carea' id='block_1_20' title="bbox 438 1343 1956 1416">
    <p class='ocr_par' dir='ltr' id='par_1_20' title="bbox 438 1343 1956 1416">
     <span class='ocr_line' id='line_1_20' title="bbox 438 1343 1956 1416; baseline -0.002 -15"><span class='ocrx_word' id='word_1_118' title='bbox 438 1348 632 1401; x_wconf 80' lang='lat' dir='ltr'><strong>Adhuc</strong></span> <span class='ocrx_word' id='word_1_119' title='bbox 683 1354 845 1416; x_wconf 90' lang='lat' dir='ltr'><strong>atque</strong></span> <span class='ocrx_word' id='word_1_120' title='bbox 903 1344 1082 1399; x_wconf 89' lang='lat' dir='ltr'><strong>adhuc</strong></span> <span class='ocrx_word' id='word_1_121' title='bbox 1133 1360 1357 1400; x_wconf 88' lang='lat' dir='ltr'><strong>oremus</strong></span> <span class='ocrx_word' id='word_1_122' title='bbox 1409 1343 1579 1401; x_wconf 90' lang='lat' dir='ltr'><strong>Deum</strong></span> <span class='ocrx_word' id='word_1_123' title='bbox 1642 1360 1739 1416; x_wconf 87' lang='lat' dir='ltr'><strong>per</strong></span> <span class='ocrx_word' id='word_1_124' title='bbox 1792 1344 1956 1399; x_wconf 88' lang='lat' dir='ltr'><strong>Chri-</strong></span> 
     </span>
    </p>
   </div>
   <div class='ocr_carea' id='block_1_21' title="bbox 367 1438 1953 1510">
    <p class='ocr_par' dir='ltr' id='par_1_21' title="bbox 367 1438 1953 1510">
     <span class='ocr_line' id='line_1_21' title="bbox 367 1438 1953 1510; baseline -0.002 -14"><span class='ocrx_word' id='word_1_125' title='bbox 367 1450 513 1496; x_wconf 85' lang='lat' dir='ltr'><strong>stum</strong></span> <span class='ocrx_word' id='word_1_126' title='bbox 560 1441 703 1510; x_wconf 86' lang='lat' dir='ltr'><strong>ejus,</strong></span> <span class='ocrx_word' id='word_1_127' title='bbox 752 1456 853 1510; x_wconf 89' lang='lat' dir='ltr'><strong>pro</strong></span> <span class='ocrx_word' id='word_1_128' title='bbox 887 1454 1131 1497; x_wconf 89' lang='lat' dir='ltr'><strong>munere.</strong></span> <span class='ocrx_word' id='word_1_129' title='bbox 1185 1440 1329 1508; x_wconf 88' lang='lat' dir='ltr'><strong>quod</strong></span> <span class='ocrx_word' id='word_1_130' title='bbox 1381 1438 1612 1494; x_wconf 90' lang='lat' dir='ltr'><strong>Domino</strong></span> <span class='ocrx_word' id='word_1_131' title='bbox 1645 1438 1754 1494; x_wconf 89' lang='lat' dir='ltr'><strong>Deo</strong></span> <span class='ocrx_word' id='word_1_132' title='bbox 1801 1440 1953 1494; x_wconf 88' lang='lat' dir='ltr'><strong>obla-</strong></span> 
     </span>
    </p>
   </div>
   <div class='ocr_carea' id='block_1_22' title="bbox 366 1530 1954 1601">
    <p class='ocr_par' dir='ltr' id='par_1_22' title="bbox 366 1530 1954 1601">
     <span class='ocr_line' id='line_1_22' title="bbox 366 1530 1954 1601; baseline -0.001 -15"><span class='ocrx_word' id='word_1_133' title='bbox 366 1542 481 1587; x_wconf 88' lang='lat' dir='ltr'><strong>tum</strong></span> <span class='ocrx_word' id='word_1_134' title='bbox 510 1542 594 1588; x_wconf 91' lang='lat' dir='ltr'><strong>est</strong></span> <span class='ocrx_word' id='word_1_135' title='bbox 625 1552 639 1599; x_wconf 85' lang='lat'><strong>;</strong></span> <span class='ocrx_word' id='word_1_136' title='bbox 675 1542 733 1585; x_wconf 92' lang='lat' dir='ltr'><strong>ut</strong></span> <span class='ocrx_word' id='word_1_137' title='bbox 766 1531 931 1596; x_wconf 83' lang='lat' dir='ltr'><strong>Deus,</strong></span> <span class='ocrx_word' id='word_1_138' title='bbox 984 1533 1077 1601; x_wconf 89' lang='lat' dir='ltr'><strong>qui</strong></span> <span class='ocrx_word' id='word_1_139' title='bbox 1130 1532 1308 1586; x_wconf 89' lang='lat' dir='ltr'><strong>bonus</strong></span> <span class='ocrx_word' id='word_1_140' title='bbox 1346 1540 1452 1596; x_wconf 92' lang='lat' dir='ltr'><strong>est,</strong></span> <span class='ocrx_word' id='word_1_141' title='bbox 1489 1531 1646 1597; x_wconf 90' lang='lat' dir='ltr'><strong>illud,</strong></span> <span class='ocrx_word' id='word_1_142' title='bbox 1681 1530 1954 1586; x_wconf 86' lang='lat' dir='ltr'><strong>mediante</strong></span> 
     </span>
    </p>
   </div>
   <div class='ocr_carea' id='block_1_23' title="bbox 366 1623 1953 1693">
    <p class='ocr_par' dir='ltr' id='par_1_23' title="bbox 366 1623 1953 1693">
     <span class='ocr_line' id='line_1_23' title="bbox 366 1623 1953 1693; baseline -0.003 -12"><span class='ocrx_word' id='word_1_143' title='bbox 366 1626 589 1681; x_wconf 87' lang='lat' dir='ltr'><strong>Christo</strong></span> <span class='ocrx_word' id='word_1_144' title='bbox 631 1640 753 1687; x_wconf 90' lang='lat' dir='ltr'><strong>suo,</strong></span> <span class='ocrx_word' id='word_1_145' title='bbox 800 1624 1034 1693; x_wconf 75' lang='lat' dir='ltr'><strong>recipiat</strong></span> <span class='ocrx_word' id='word_1_146' title='bbox 1092 1625 1146 1677; x_wconf 90' lang='lat' dir='ltr'><strong>in</strong></span> <span class='ocrx_word' id='word_1_147' title='bbox 1178 1625 1403 1679; x_wconf 76' lang='lat' dir='ltr'><strong>eceleste</strong></span> <span class='ocrx_word' id='word_1_148' title='bbox 1435 1640 1594 1679; x_wconf 91' lang='lat' dir='ltr'><strong>suum</strong></span> <span class='ocrx_word' id='word_1_149' title='bbox 1642 1624 1834 1686; x_wconf 89' lang='lat' dir='ltr'><strong>altare,</strong></span> <span class='ocrx_word' id='word_1_150' title='bbox 1884 1623 1953 1677; x_wconf 89' lang='lat' dir='ltr'><strong>ad</strong></span> 
     </span>
    </p>
   </div>
   <div class='ocr_carea' id='block_1_24' title="bbox 366 1714 1953 1786">
    <p class='ocr_par' dir='ltr' id='par_1_24' title="bbox 366 1714 1953 1786">
     <span class='ocr_line' id='line_1_24' title="bbox 366 1714 1953 1786; baseline -0.002 -15"><span class='ocrx_word' id='word_1_151' title='bbox 366 1718 589 1773; x_wconf 87' lang='lat' dir='ltr'><strong>odorem</strong></span> <span class='ocrx_word' id='word_1_152' title='bbox 643 1717 950 1771; x_wconf 81' lang='lat' dir='ltr'><strong>suavitatis.</strong></span> <span class='ocrx_word' id='word_1_153' title='bbox 1011 1715 1115 1770; x_wconf 86' lang='lat' dir='ltr'><strong>Pro</strong></span> <span class='ocrx_word' id='word_1_154' title='bbox 1164 1715 1409 1771; x_wconf 81' lang='lat' dir='ltr'><strong>Ecclesia</strong></span> <span class='ocrx_word' id='word_1_155' title='bbox 1461 1716 1585 1778; x_wconf 82' lang='lat' dir='ltr'><strong>hac,</strong></span> <span class='ocrx_word' id='word_1_156' title='bbox 1644 1723 1698 1770; x_wconf 91' lang='lat' dir='ltr'><strong>et</strong></span> <span class='ocrx_word' id='word_1_157' title='bbox 1752 1714 1953 1786; x_wconf 87' lang='lat' dir='ltr'><strong>pepulo</strong></span> 
     </span>
    </p>
   </div>
   <div class='ocr_carea' id='block_1_25' title="bbox 364 1808 1946 1879">
    <p class='ocr_par' dir='ltr' id='par_1_25' title="bbox 364 1808 1946 1879">
     <span class='ocr_line' id='line_1_25' title="bbox 364 1808 1946 1879; baseline -0.001 -14"><span class='ocrx_word' id='word_1_158' title='bbox 364 1826 625 1877; x_wconf 86' lang='lat' dir='ltr'><strong>oremus;</strong></span> <span class='ocrx_word' id='word_1_159' title='bbox 686 1825 785 1879; x_wconf 94' lang='lat' dir='ltr'><strong>pro</strong></span> <span class='ocrx_word' id='word_1_160' title='bbox 843 1810 1103 1864; x_wconf 83' lang='lat' dir='ltr'><strong>universo</strong></span> <span class='ocrx_word' id='word_1_161' title='bbox 1158 1810 1520 1879; x_wconf 69' lang='lat' dir='ltr'><strong>episcopatu,</strong></span> <span class='ocrx_word' id='word_1_162' title='bbox 1583 1808 1735 1863; x_wconf 91' lang='lat' dir='ltr'><strong>omni</strong></span> <span class='ocrx_word' id='word_1_163' title='bbox 1790 1823 1946 1877; x_wconf 83' lang='lat' dir='ltr'><strong>pres-</strong></span> 
     </span>
    </p>
   </div>
   <div class='ocr_carea' id='block_1_26' title="bbox 366 1898 1944 1975">
    <p class='ocr_par' dir='ltr' id='par_1_26' title="bbox 366 1898 1944 1975">
     <span class='ocr_line' id='line_1_26' title="bbox 366 1898 1944 1975; baseline -0.004 -16"><span class='ocrx_word' id='word_1_164' title='bbox 366 1904 603 1975; x_wconf 85' lang='lat' dir='ltr'><strong>byterio,</strong></span> <span class='ocrx_word' id='word_1_165' title='bbox 632 1910 833 1957; x_wconf 89' lang='lat' dir='ltr'><strong>cuncto</strong></span> <span class='ocrx_word' id='word_1_166' title='bbox 856 1902 1059 1957; x_wconf 83' lang='lat' dir='ltr'><strong>Christi</strong></span> <span class='ocrx_word' id='word_1_167' title='bbox 1090 1902 1341 1957; x_wconf 83' lang='lat' dir='ltr'><strong>diaconio</strong></span> <span class='ocrx_word' id='word_1_168' title='bbox 1355 1917 1417 1955; x_wconf 91' lang='lat' dir='ltr'><strong>ac</strong></span> <span class='ocrx_word' id='word_1_169' title='bbox 1443 1900 1768 1963; x_wconf 86' lang='lat' dir='ltr'><strong>ministerio,</strong></span> <span class='ocrx_word' id='word_1_170' title='bbox 1793 1898 1944 1954; x_wconf 88' lang='lat' dir='ltr'><strong>omni</strong></span> 
     </span>
    </p>
   </div>
   <div class='ocr_carea' id='block_1_27' title="bbox 2129 1341 3649 1417">
    <p class='ocr_par' dir='ltr' id='par_1_27' title="bbox 2129 1341 3649 1417">
     <span class='ocr_line' id='line_1_27' title="bbox 2129 1341 3649 1417; baseline -0.005 -15"><span class='ocrx_word' id='word_1_171' title='bbox 2129 1350 2249 1401; x_wconf 85' lang='grc' dir='ltr'>Ἔτι</span> <span class='ocrx_word' id='word_1_172' title='bbox 2291 1350 2384 1402; x_wconf 77' lang='grc' dir='ltr'>καὶ</span> <span class='ocrx_word' id='word_1_173' title='bbox 2412 1347 2492 1400; x_wconf 77' lang='grc' dir='ltr'>ἔτι</span> <span class='ocrx_word' id='word_1_174' title='bbox 2521 1345 2801 1417; x_wconf 77' lang='grc' dir='ltr'>δεηθῶμεν</span> <span class='ocrx_word' id='word_1_175' title='bbox 2842 1343 2933 1397; x_wconf 86' lang='grc' dir='ltr'><strong>τοῦ</strong></span> <span class='ocrx_word' id='word_1_176' title='bbox 2965 1342 3098 1395; x_wconf 90' lang='grc' dir='ltr'>Θεοῦ</span> <span class='ocrx_word' id='word_1_177' title='bbox 3136 1342 3225 1396; x_wconf 77' lang='grc' dir='ltr'>διὰ</span> <span class='ocrx_word' id='word_1_178' title='bbox 3275 1341 3368 1395; x_wconf 88' lang='grc' dir='ltr'><strong>τοῦ</strong></span> <span class='ocrx_word' id='word_1_179' title='bbox 3402 1341 3649 1413; x_wconf 73' lang='grc' dir='ltr'>Χριστοῦ</span> 
     </span>
    </p>
   </div>
   <div class='ocr_carea' id='block_1_28' title="bbox 2054 1435 3651 1512">
    <p class='ocr_par' dir='ltr' id='par_1_28' title="bbox 2054 1435 3651 1512">
     <span class='ocr_line' id='line_1_28' title="bbox 2054 1435 3651 1512; baseline -0.005 -18"><span class='ocrx_word' id='word_1_180' title='bbox 2054 1440 2240 1502; x_wconf 80' lang='grc' dir='ltr'>αὑτοῦ,</span> <span class='ocrx_word' id='word_1_181' title='bbox 2275 1441 2414 1512; x_wconf 81' lang='grc' dir='ltr'>ὑπὲρ</span> <span class='ocrx_word' id='word_1_182' title='bbox 2450 1439 2544 1493; x_wconf 87' lang='grc' dir='ltr'><strong>τοῦ</strong></span> <span class='ocrx_word' id='word_1_183' title='bbox 2585 1438 2757 1510; x_wconf 87' lang='grc' dir='ltr'>δώρου</span> <span class='ocrx_word' id='word_1_184' title='bbox 2784 1437 2876 1491; x_wconf 91' lang='grc' dir='ltr'><strong>τοῦ</strong></span> <span class='ocrx_word' id='word_1_185' title='bbox 2913 1435 3404 1508; x_wconf 84' lang='grc' dir='ltr'>προσκομισθέντος</span> <span class='ocrx_word' id='word_1_186' title='bbox 3453 1436 3651 1506; x_wconf 76' lang='grc' dir='ltr'>Κυρίῳ</span> 
     </span>
    </p>
   </div>
   <div class='ocr_carea' id='block_1_29' title="bbox 2052 1527 3653 1604">
    <p class='ocr_par' dir='ltr' id='par_1_29' title="bbox 2052 1527 3653 1604">
     <span class='ocr_line' id='line_1_29' title="bbox 2052 1527 3653 1604; baseline -0.002 -19"><span class='ocrx_word' id='word_1_187' title='bbox 2052 1534 2135 1604; x_wconf 87' lang='grc' dir='ltr'><strong>τῷ</strong></span> <span class='ocrx_word' id='word_1_188' title='bbox 2164 1532 2303 1603; x_wconf 91' lang='grc' dir='ltr'>Θεῷ,</span> <span class='ocrx_word' id='word_1_189' title='bbox 2338 1532 2484 1595; x_wconf 83' lang='grc' dir='ltr'>ὅπως</span> <span class='ocrx_word' id='word_1_190' title='bbox 2527 1532 2555 1583; x_wconf 89' lang='lat'><strong>6</strong></span> <span class='ocrx_word' id='word_1_191' title='bbox 2590 1530 2793 1599; x_wconf 82' lang='grc' dir='ltr'>ἀγαθὸς</span> <span class='ocrx_word' id='word_1_192' title='bbox 2831 1528 2963 1592; x_wconf 77' lang='grc' dir='ltr'>Θεὸς</span> <span class='ocrx_word' id='word_1_193' title='bbox 3001 1527 3362 1600; x_wconf 79' lang='grc' dir='ltr'><strong>προσδέξηται</strong></span> <span class='ocrx_word' id='word_1_194' title='bbox 3395 1527 3531 1581; x_wconf 75' lang='grc' dir='ltr'>αὑτὸ</span> <span class='ocrx_word' id='word_1_195' title='bbox 3560 1528 3653 1581; x_wconf 68' lang='grc' dir='ltr'>διὰ</span> 
     </span>
    </p>
   </div>
   <div class='ocr_carea' id='block_1_30' title="bbox 2051 1620 3651 1695">
    <p class='ocr_par' dir='ltr' id='par_1_30' title="bbox 2051 1620 3651 1695">
     <span class='ocr_line' id='line_1_30' title="bbox 2051 1620 3651 1695; baseline -0.003 -17"><span class='ocrx_word' id='word_1_196' title='bbox 2051 1625 2152 1694; x_wconf 80' lang='grc' dir='ltr'><strong>τῆς</strong></span> <span class='ocrx_word' id='word_1_197' title='bbox 2193 1625 2470 1695; x_wconf 88' lang='grc' dir='ltr'>μεσιτείας</span> <span class='ocrx_word' id='word_1_198' title='bbox 2498 1622 2591 1677; x_wconf 87' lang='grc' dir='ltr'><strong>τοῦ</strong></span> <span class='ocrx_word' id='word_1_199' title='bbox 2634 1622 2871 1695; x_wconf 76' lang='grc' dir='ltr'>Χριστοῦ</span> <span class='ocrx_word' id='word_1_200' title='bbox 2902 1621 3066 1674; x_wconf 81' lang='grc' dir='ltr'>αὑτοῦ</span> <span class='ocrx_word' id='word_1_201' title='bbox 3100 1623 3180 1684; x_wconf 88' lang='grc' dir='ltr'><strong>είς</strong></span> <span class='ocrx_word' id='word_1_202' title='bbox 3216 1620 3278 1673; x_wconf 76' lang='grc' dir='ltr'><strong>τὸ</strong></span> <span class='ocrx_word' id='word_1_203' title='bbox 3322 1622 3651 1691; x_wconf 79' lang='grc' dir='ltr'>ἐπουράνιον</span> 
     </span>
    </p>
   </div>
   <div class='ocr_carea' id='block_1_31' title="bbox 2054 1711 3654 1786">
    <p class='ocr_par' dir='ltr' id='par_1_31' title="bbox 2054 1711 3654 1786">
     <span class='ocr_line' id='line_1_31' title="bbox 2054 1711 3654 1786; baseline -0.004 -17"><span class='ocrx_word' id='word_1_204' title='bbox 2054 1716 2218 1769; x_wconf 85' lang='grc' dir='ltr'>αὑτοῦ</span> <span class='ocrx_word' id='word_1_205' title='bbox 2264 1715 2668 1786; x_wconf 72' lang='grc' dir='ltr'><strong>θυσιαστήριον,</strong></span> <span class='ocrx_word' id='word_1_206' title='bbox 2704 1715 2783 1777; x_wconf 84' lang='grc' dir='ltr'>εἰς</span> <span class='ocrx_word' id='word_1_207' title='bbox 2813 1713 2988 1784; x_wconf 81' lang='grc' dir='ltr'>ὀσμὴν</span> <span class='ocrx_word' id='word_1_208' title='bbox 3034 1711 3279 1774; x_wconf 73' lang='grc' dir='ltr'>εὐωδίας.</span> <span class='ocrx_word' id='word_1_209' title='bbox 3328 1712 3503 1781; x_wconf 71' lang='grc' dir='ltr'>’Υπὲρ</span> <span class='ocrx_word' id='word_1_210' title='bbox 3547 1711 3654 1781; x_wconf 77' lang='grc' dir='ltr'>τῆς</span> 
     </span>
    </p>
   </div>
   <div class='ocr_carea' id='block_1_32' title="bbox 2070 1804 3652 1880">
    <p class='ocr_par' dir='ltr' id='par_1_32' title="bbox 2070 1804 3652 1880">
     <span class='ocr_line' id='line_1_32' title="bbox 2070 1804 3652 1880; baseline -0.003 -17"><span class='ocrx_word' id='word_1_211' title='bbox 2070 1808 2394 1880; x_wconf 82' lang='grc' dir='ltr'>Ἐκκλησίας</span> <span class='ocrx_word' id='word_1_212' title='bbox 2414 1809 2616 1877; x_wconf 81' lang='grc' dir='ltr'><strong>ταύτης</strong></span> <span class='ocrx_word' id='word_1_213' title='bbox 2638 1805 2841 1861; x_wconf 73' lang='grc' dir='ltr'>καὶτοῦ</span> <span class='ocrx_word' id='word_1_214' title='bbox 2874 1805 3001 1858; x_wconf 90' lang='grc' dir='ltr'>λαοῦ</span> <span class='ocrx_word' id='word_1_215' title='bbox 3022 1804 3323 1875; x_wconf 81' lang='grc' dir='ltr'>δεηθῷμεν,</span> <span class='ocrx_word' id='word_1_216' title='bbox 3356 1804 3505 1875; x_wconf 77' lang='grc' dir='ltr'>ὑπὲρ</span> <span class='ocrx_word' id='word_1_217' title='bbox 3538 1804 3652 1859; x_wconf 76' lang='grc' dir='ltr'>πά·-</span> 
     </span>
    </p>
   </div>
   <div class='ocr_carea' id='block_1_33' title="bbox 2048 1897 3656 1973">
    <p class='ocr_par' dir='ltr' id='par_1_33' title="bbox 2048 1897 3656 1973">
     <span class='ocr_line' id='line_1_33' title="bbox 2048 1897 3656 1973; baseline -0.004 -18"><span class='ocrx_word' id='word_1_218' title='bbox 2048 1919 2147 1973; x_wconf 83' lang='grc' dir='ltr'><strong>σης</strong></span> <span class='ocrx_word' id='word_1_219' title='bbox 2176 1902 2515 1971; x_wconf 78' lang='grc' dir='ltr'>ἐπισκοπῆς,</span> <span class='ocrx_word' id='word_1_220' title='bbox 2538 1900 2738 1963; x_wconf 82' lang='grc' dir='ltr'>παντὸς</span> <span class='ocrx_word' id='word_1_221' title='bbox 2768 1897 3156 1970; x_wconf 80' lang='grc' dir='ltr'>πρεσϐυτερίου</span> <span class='ocrx_word' id='word_1_222' title='bbox 3177 1940 3192 1963; x_wconf 87' lang='grc'><strong>,</strong></span> <span class='ocrx_word' id='word_1_223' title='bbox 3233 1897 3416 1967; x_wconf 80' lang='grc' dir='ltr'>πάσης</span> <span class='ocrx_word' id='word_1_224' title='bbox 3446 1897 3551 1966; x_wconf 85' lang='grc' dir='ltr'>τῆς</span> <span class='ocrx_word' id='word_1_225' title='bbox 3593 1899 3656 1950; x_wconf 80' lang='grc' dir='ltr'>ὲν</span> 
     </span>
    </p>
   </div>
   <div class='ocr_carea' id='block_1_34' title="bbox 370 1988 1951 2068">
    <p class='ocr_par' dir='ltr' id='par_1_34' title="bbox 370 1994 1951 2059">
     <span class='ocr_line' id='line_1_34' title="bbox 370 1994 1951 2059; baseline -0.003 -8"><span class='ocrx_word' id='word_1_226' title='bbox 370 1996 633 2051; x_wconf 76' lang='lat' dir='ltr'><strong>Ecclesiae</strong></span> <span class='ocrx_word' id='word_1_227' title='bbox 663 2003 809 2049; x_wconf 70' lang='lat' dir='ltr'><strong>emta</strong></span> <span class='ocrx_word' id='word_1_228' title='bbox 834 2010 1091 2059; x_wconf 83' lang='lat' dir='ltr'><strong>oremus;</strong></span> <span class='ocrx_word' id='word_1_229' title='bbox 1126 2006 1185 2048; x_wconf 87' lang='lat' dir='ltr'><strong>ut</strong></span> <span class='ocrx_word' id='word_1_230' title='bbox 1214 1994 1476 2051; x_wconf 89' lang='lat' dir='ltr'><strong>Dominus</strong></span> <span class='ocrx_word' id='word_1_231' title='bbox 1501 1995 1790 2051; x_wconf 84' lang='lat' dir='ltr'><strong>universos</strong></span> <span class='ocrx_word' id='word_1_232' title='bbox 1818 2008 1951 2049; x_wconf 90' lang='lat' dir='ltr'><strong>con-</strong></span> 
     </span>
    </p>
   </div>
   <div class='ocr_carea' id='block_1_35' title="bbox 2060 1988 3653 2068">
    <p class='ocr_par' dir='ltr' id='par_1_35' title="bbox 2060 1988 3653 2068">
     <span class='ocr_line' id='line_1_35' title="bbox 2060 1988 3653 2068; baseline -0.004 -20"><span class='ocrx_word' id='word_1_233' title='bbox 2060 1994 2275 2068; x_wconf 82' lang='grc' dir='ltr'>Χριστῷ</span> <span class='ocrx_word' id='word_1_234' title='bbox 2319 1994 2591 2057; x_wconf 82' lang='grc' dir='ltr'>διακονίας</span> <span class='ocrx_word' id='word_1_235' title='bbox 2640 1993 2735 2045; x_wconf 77' lang='grc' dir='ltr'><strong>καὶ</strong></span> <span class='ocrx_word' id='word_1_236' title='bbox 2779 1991 3082 2061; x_wconf 81' lang='grc' dir='ltr'>ὑπηρεσίας</span> <span class='ocrx_word' id='word_1_237' title='bbox 3109 1988 3241 2060; x_wconf 72' lang='grc'>(62),</span> <span class='ocrx_word' id='word_1_238' title='bbox 3295 1989 3501 2052; x_wconf 80' lang='grc' dir='ltr'>παντὸς</span> <span class='ocrx_word' id='word_1_239' title='bbox 3551 1989 3653 2043; x_wconf 83' lang='grc' dir='ltr'><strong>τοῦ</strong></span> 
     </span>
    </p>
   </div>
   <div class='ocr_carea' id='block_1_36' title="bbox 368 2082 1951 2161">
    <p class='ocr_par' dir='ltr' id='par_1_36' title="bbox 368 2085 1950 2158">
     <span class='ocr_line' id='line_1_36' title="bbox 368 2085 1950 2158; baseline -0.002 -14"><span class='ocrx_word' id='word_1_240' title='bbox 368 2098 548 2144; x_wconf 86' lang='lat' dir='ltr'><strong>servet</strong></span> <span class='ocrx_word' id='word_1_241' title='bbox 578 2097 740 2158; x_wconf 89' lang='lat' dir='ltr'><strong>atque</strong></span> <span class='ocrx_word' id='word_1_242' title='bbox 768 2088 1064 2142; x_wconf 86' lang='lat' dir='ltr'><strong>custodiat.</strong></span> <span class='ocrx_word' id='word_1_243' title='bbox 1099 2085 1204 2142; x_wconf 86' lang='lat' dir='ltr'><strong>Pro</strong></span> <span class='ocrx_word' id='word_1_244' title='bbox 1237 2088 1459 2158; x_wconf 83' lang='lat' dir='ltr'><strong>regibus</strong></span> <span class='ocrx_word' id='word_1_245' title='bbox 1483 2128 1496 2147; x_wconf 89' lang='lat'><strong>.</strong></span> <span class='ocrx_word' id='word_1_246' title='bbox 1533 2094 1587 2142; x_wconf 89' lang='lat' dir='ltr'><strong>et</strong></span> <span class='ocrx_word' id='word_1_247' title='bbox 1627 2088 1681 2141; x_wconf 91' lang='lat' dir='ltr'><strong>in</strong></span> <span class='ocrx_word' id='word_1_248' title='bbox 1729 2087 1950 2144; x_wconf 89' lang='lat' dir='ltr'><strong>sublimi</strong></span> 
     </span>
    </p>
   </div>
   <div class='ocr_carea' id='block_1_37' title="bbox 2060 2082 3655 2161">
    <p class='ocr_par' dir='ltr' id='par_1_37' title="bbox 2060 2082 3655 2161">
     <span class='ocr_line' id='line_1_37' title="bbox 2060 2082 3655 2161; baseline -0.004 -19"><span class='ocrx_word' id='word_1_249' title='bbox 2060 2088 2417 2161; x_wconf 79' lang='grc' dir='ltr'>πληρώματος</span> <span class='ocrx_word' id='word_1_250' title='bbox 2444 2087 2545 2157; x_wconf 81' lang='grc' dir='ltr'><strong>τῆς</strong></span> <span class='ocrx_word' id='word_1_251' title='bbox 2586 2084 2911 2155; x_wconf 88' lang='grc' dir='ltr'>Ἐκκλησίας</span> <span class='ocrx_word' id='word_1_252' title='bbox 2932 2082 3213 2153; x_wconf 87' lang='grc' dir='ltr'>δεηθῷμεν</span> <span class='ocrx_word' id='word_1_253' title='bbox 3237 2100 3250 2111; x_wconf 91' lang='grc'><strong>·</strong></span> <span class='ocrx_word' id='word_1_254' title='bbox 3278 2083 3428 2145; x_wconf 78' lang='grc' dir='ltr'>ὅπως</span> <span class='ocrx_word' id='word_1_255' title='bbox 3463 2083 3494 2134; x_wconf 87' lang='grc' dir='ltr'>ὁ</span> <span class='ocrx_word' id='word_1_256' title='bbox 3538 2082 3655 2135; x_wconf 72' lang='grc' dir='ltr'><strong>Κύ-</strong></span> 
     </span>
    </p>
   </div>
   <div class='ocr_carea' id='block_1_38' title="bbox 370 2184 1939 2261">
    <p class='ocr_par' dir='ltr' id='par_1_38' title="bbox 370 2184 1939 2261">
     <span class='ocr_line' id='line_1_38' title="bbox 370 2184 1939 2261; baseline -0.004 -18"><span class='ocrx_word' id='word_1_257' title='bbox 370 2198 637 2261; x_wconf 87' lang='lat' dir='ltr'><strong>potestate</strong></span> <span class='ocrx_word' id='word_1_258' title='bbox 678 2189 993 2243; x_wconf 88' lang='lat' dir='ltr'><strong>constitutis</strong></span> <span class='ocrx_word' id='word_1_259' title='bbox 1034 2203 1289 2252; x_wconf 89' lang='lat' dir='ltr'><strong>oremus;</strong></span> <span class='ocrx_word' id='word_1_260' title='bbox 1331 2193 1389 2240; x_wconf 91' lang='lat' dir='ltr'><strong>ut</strong></span> <span class='ocrx_word' id='word_1_261' title='bbox 1432 2201 1517 2241; x_wconf 88' lang='lat' dir='ltr'><strong>res</strong></span> <span class='ocrx_word' id='word_1_262' title='bbox 1557 2194 1758 2241; x_wconf 73' lang='lat' dir='ltr'><strong>nostra:</strong></span> <span class='ocrx_word' id='word_1_263' title='bbox 1791 2184 1939 2255; x_wconf 89' lang='lat' dir='ltr'><strong>paci-</strong></span> 
     </span>
    </p>
   </div>
   <div class='ocr_carea' id='block_1_39' title="bbox 370 2276 1937 2350">
    <p class='ocr_par' dir='ltr' id='par_1_39' title="bbox 370 2276 1937 2350">
     <span class='ocr_line' id='line_1_39' title="bbox 370 2276 1937 2350; baseline -0.005 -14"><span class='ocrx_word' id='word_1_264' title='bbox 370 2284 484 2336; x_wconf 79' lang='lat' dir='ltr'><strong>tica:</strong></span> <span class='ocrx_word' id='word_1_265' title='bbox 514 2282 658 2345; x_wconf 88' lang='lat' dir='ltr'><strong>sint;</strong></span> <span class='ocrx_word' id='word_1_266' title='bbox 701 2295 811 2350; x_wconf 92' lang='lat' dir='ltr'><strong>quo</strong></span> <span class='ocrx_word' id='word_1_267' title='bbox 841 2280 1003 2335; x_wconf 79' lang='lat' dir='ltr'><strong>vitam</strong></span> <span class='ocrx_word' id='word_1_268' title='bbox 1036 2279 1272 2347; x_wconf 89' lang='lat' dir='ltr'><strong>quietam</strong></span> <span class='ocrx_word' id='word_1_269' title='bbox 1304 2286 1356 2331; x_wconf 90' lang='lat' dir='ltr'><strong>et</strong></span> <span class='ocrx_word' id='word_1_270' title='bbox 1393 2276 1737 2344; x_wconf 86' lang='lat' dir='ltr'><strong>tranquillam</strong></span> <span class='ocrx_word' id='word_1_271' title='bbox 1769 2280 1937 2341; x_wconf 88' lang='lat' dir='ltr'><strong>naetl,</strong></span> 
     </span>
    </p>
   </div>
   <div class='ocr_carea' id='block_1_40' title="bbox 371 2368 1933 2442">
    <p class='ocr_par' dir='ltr' id='par_1_40' title="bbox 371 2368 1933 2442">
     <span class='ocr_line' id='line_1_40' title="bbox 371 2368 1933 2442; baseline -0.003 -16"><span class='ocrx_word' id='word_1_272' title='bbox 371 2375 424 2434; x_wconf 87' lang='lat' dir='ltr'><strong>in</strong></span> <span class='ocrx_word' id='word_1_273' title='bbox 472 2375 619 2428; x_wconf 92' lang='lat' dir='ltr'><strong>omni</strong></span> <span class='ocrx_word' id='word_1_274' title='bbox 669 2374 865 2442; x_wconf 88' lang='lat' dir='ltr'><strong>pietate</strong></span> <span class='ocrx_word' id='word_1_275' title='bbox 916 2388 979 2425; x_wconf 89' lang='lat' dir='ltr'><strong>ac</strong></span> <span class='ocrx_word' id='word_1_276' title='bbox 1028 2386 1241 2423; x_wconf 90' lang='lat' dir='ltr'><strong>morum</strong></span> <span class='ocrx_word' id='word_1_277' title='bbox 1287 2368 1537 2422; x_wconf 85' lang='lat' dir='ltr'><strong>castitate</strong></span> <span class='ocrx_word' id='word_1_278' title='bbox 1578 2368 1837 2437; x_wconf 88' lang='lat' dir='ltr'><strong>degamus</strong></span> <span class='ocrx_word' id='word_1_279' title='bbox 1868 2368 1933 2421; x_wconf 81' lang='lat'><strong>&quot;.</strong></span> 
     </span>
    </p>
   </div>
   <div class='ocr_carea' id='block_1_41' title="bbox 372 2458 1940 2530">
    <p class='ocr_par' dir='ltr' id='par_1_41' title="bbox 372 2458 1940 2530">
     <span class='ocr_line' id='line_1_41' title="bbox 372 2458 1940 2530; baseline -0.004 -11"><span class='ocrx_word' id='word_1_280' title='bbox 372 2464 691 2519; x_wconf 81' lang='lat' dir='ltr'><strong>Sanctorum</strong></span> <span class='ocrx_word' id='word_1_281' title='bbox 725 2469 1023 2530; x_wconf 83' lang='lat' dir='ltr'><strong>martyrum</strong></span> <span class='ocrx_word' id='word_1_282' title='bbox 1056 2474 1325 2513; x_wconf 82' lang='lat' dir='ltr'><strong>memores</strong></span> <span class='ocrx_word' id='word_1_283' title='bbox 1350 2460 1555 2517; x_wconf 84' lang='lat' dir='ltr'><strong>simus,</strong></span> <span class='ocrx_word' id='word_1_284' title='bbox 1586 2467 1644 2510; x_wconf 93' lang='lat' dir='ltr'><strong>ut</strong></span> <span class='ocrx_word' id='word_1_285' title='bbox 1672 2458 1819 2525; x_wconf 81' lang='lat' dir='ltr'><strong>digni</strong></span> <span class='ocrx_word' id='word_1_286' title='bbox 1849 2458 1940 2512; x_wconf 89' lang='lat' dir='ltr'><strong>ha-</strong></span> 
     </span>
    </p>
   </div>
   <div class='ocr_carea' id='block_1_42' title="bbox 370 2549 1939 2623">
    <p class='ocr_par' dir='ltr' id='par_1_42' title="bbox 370 2549 1939 2623">
     <span class='ocr_line' id='line_1_42' title="bbox 370 2549 1939 2623; baseline -0.003 -14"><span class='ocrx_word' id='word_1_287' title='bbox 370 2556 598 2610; x_wconf 74' lang='lat' dir='ltr'><strong>beantur</strong></span> <span class='ocrx_word' id='word_1_288' title='bbox 639 2553 928 2623; x_wconf 85' lang='lat' dir='ltr'><strong>participes</strong></span> <span class='ocrx_word' id='word_1_289' title='bbox 971 2553 1086 2605; x_wconf 82' lang='lat' dir='ltr'><strong>ﬁeri</strong></span> <span class='ocrx_word' id='word_1_290' title='bbox 1134 2567 1323 2605; x_wconf 90' lang='lat' dir='ltr'><strong>eorum</strong></span> <span class='ocrx_word' id='word_1_291' title='bbox 1367 2550 1703 2604; x_wconf 75' lang='lat' dir='ltr'><strong>certaminis.</strong></span> <span class='ocrx_word' id='word_1_292' title='bbox 1734 2549 1839 2604; x_wconf 87' lang='lat' dir='ltr'><strong>Pro</strong></span> <span class='ocrx_word' id='word_1_293' title='bbox 1873 2550 1939 2607; x_wconf 88' lang='lat' dir='ltr'><strong>iis</strong></span> 
     </span>
    </p>
   </div>
   <div class='ocr_carea' id='block_1_43' title="bbox 369 2640 1940 2715">
    <p class='ocr_par' dir='ltr' id='par_1_43' title="bbox 369 2640 1940 2715">
     <span class='ocr_line' id='line_1_43' title="bbox 369 2640 1940 2715; baseline -0.003 -16"><span class='ocrx_word' id='word_1_294' title='bbox 369 2647 463 2715; x_wconf 91' lang='lat' dir='ltr'><strong>qui</strong></span> <span class='ocrx_word' id='word_1_295' title='bbox 500 2646 553 2699; x_wconf 93' lang='lat' dir='ltr'><strong>in</strong></span> <span class='ocrx_word' id='word_1_296' title='bbox 589 2647 690 2699; x_wconf 57' lang='lat' dir='ltr'><strong>title</strong></span> <span class='ocrx_word' id='word_1_297' title='bbox 736 2645 1117 2712; x_wconf 87' lang='lat' dir='ltr'><strong>requieverunt</strong></span> <span class='ocrx_word' id='word_1_298' title='bbox 1148 2657 1386 2715; x_wconf 82' lang='lat' dir='ltr'><strong>oremus.</strong></span> <span class='ocrx_word' id='word_1_299' title='bbox 1418 2640 1522 2695; x_wconf 85' lang='lat' dir='ltr'><strong>Pro</strong></span> <span class='ocrx_word' id='word_1_300' title='bbox 1564 2642 1686 2695; x_wconf 65' lang='lat' dir='ltr'><strong>eaali</strong></span> <span class='ocrx_word' id='word_1_301' title='bbox 1735 2649 1940 2711; x_wconf 86' lang='lat' dir='ltr'><strong>tempe-</strong></span> 
     </span>
    </p>
   </div>
   <div class='ocr_carea' id='block_1_44' title="bbox 370 2708 1940 2801">
    <p class='ocr_par' dir='ltr' id='par_1_44' title="bbox 370 2708 1940 2801">
     <span class='ocr_line' id='line_1_44' title="bbox 370 2708 1940 2801; baseline -0.001 -15"><span class='ocrx_word' id='word_1_302' title='bbox 370 2741 557 2786; x_wconf 88' lang='lat' dir='ltr'><strong>ratura</strong></span> <span class='ocrx_word' id='word_1_303' title='bbox 590 2742 643 2788; x_wconf 92' lang='lat' dir='ltr'><strong>et</strong></span> <span class='ocrx_word' id='word_1_304' title='bbox 674 2732 890 2801; x_wconf 77' lang='lat' dir='ltr'><strong>frugum</strong></span> <span class='ocrx_word' id='word_1_305' title='bbox 934 2708 1244 2785; x_wconf 73' lang='lat' dir='ltr'><strong>maturitate</strong></span> <span class='ocrx_word' id='word_1_306' title='bbox 1286 2746 1525 2784; x_wconf 85' lang='lat' dir='ltr'><strong>oremus.</strong></span> <span class='ocrx_word' id='word_1_307' title='bbox 1560 2730 1661 2783; x_wconf 89' lang='lat' dir='ltr'><strong>Pro</strong></span> <span class='ocrx_word' id='word_1_308' title='bbox 1693 2742 1940 2785; x_wconf 88' lang='lat' dir='ltr'><strong>recenter</strong></span> 
     </span>
    </p>
   </div>
   <div class='ocr_carea' id='block_1_45' title="bbox 370 2823 1937 2893">
    <p class='ocr_par' dir='ltr' id='par_1_45' title="bbox 370 2823 1937 2893">
     <span class='ocr_line' id='line_1_45' title="bbox 370 2823 1937 2893; baseline -0.001 -14"><span class='ocrx_word' id='word_1_309' title='bbox 370 2825 640 2893; x_wconf 84' lang='lat' dir='ltr'><strong>baptismo</strong></span> <span class='ocrx_word' id='word_1_310' title='bbox 663 2824 978 2878; x_wconf 90' lang='lat' dir='ltr'><strong>illuminatis</strong></span> <span class='ocrx_word' id='word_1_311' title='bbox 997 2839 1238 2885; x_wconf 88' lang='lat' dir='ltr'><strong>oremus,</strong></span> <span class='ocrx_word' id='word_1_312' title='bbox 1258 2823 1723 2877; x_wconf 81' lang='lat' dir='ltr'><strong>utconlirmentur</strong></span> <span class='ocrx_word' id='word_1_313' title='bbox 1739 2823 1791 2876; x_wconf 93' lang='lat' dir='ltr'><strong>in</strong></span> <span class='ocrx_word' id='word_1_314' title='bbox 1814 2823 1937 2889; x_wconf 87' lang='lat' dir='ltr'><strong>lide;</strong></span> 
     </span>
    </p>
   </div>
   <div class='ocr_carea' id='block_1_46' title="bbox 369 2911 1937 2979">
    <p class='ocr_par' dir='ltr' id='par_1_46' title="bbox 369 2911 1937 2979">
     <span class='ocr_line' id='line_1_46' title="bbox 369 2911 1937 2979; baseline -0.001 -10"><span class='ocrx_word' id='word_1_315' title='bbox 369 2930 583 2979; x_wconf 86' lang='lat' dir='ltr'><strong>omnes,</strong></span> <span class='ocrx_word' id='word_1_316' title='bbox 618 2914 710 2969; x_wconf 86' lang='lat' dir='ltr'><strong>alii</strong></span> <span class='ocrx_word' id='word_1_317' title='bbox 746 2914 813 2967; x_wconf 89' lang='lat' dir='ltr'><strong>ab</strong></span> <span class='ocrx_word' id='word_1_318' title='bbox 857 2913 980 2968; x_wconf 86' lang='lat' dir='ltr'><strong>aliis</strong></span> <span class='ocrx_word' id='word_1_319' title='bbox 1018 2913 1333 2967; x_wconf 90' lang='lat' dir='ltr'><strong>incitentur.</strong></span> <span class='ocrx_word' id='word_1_320' title='bbox 1364 2912 1577 2967; x_wconf 82' lang='lat' dir='ltr'><strong>Suscita</strong></span> <span class='ocrx_word' id='word_1_321' title='bbox 1609 2928 1739 2977; x_wconf 83' lang='lat' dir='ltr'><strong>nos,</strong></span> <span class='ocrx_word' id='word_1_322' title='bbox 1776 2911 1937 2977; x_wconf 83' lang='lat' dir='ltr'><strong>Deus,</strong></span> 
     </span>
    </p>
   </div>
   <div class='ocr_carea' id='block_1_47' title="bbox 370 3003 1945 3076">
    <p class='ocr_par' dir='ltr' id='par_1_47' title="bbox 370 3003 1945 3076">
     <span class='ocr_line' id='line_1_47' title="bbox 370 3003 1945 3076; baseline 0 -16"><span class='ocrx_word' id='word_1_323' title='bbox 370 3008 424 3061; x_wconf 89' lang='lat' dir='ltr'><strong>iu</strong></span> <span class='ocrx_word' id='word_1_324' title='bbox 450 3008 623 3076; x_wconf 88' lang='lat' dir='ltr'><strong>gratia</strong></span> <span class='ocrx_word' id='word_1_325' title='bbox 656 3014 770 3061; x_wconf 89' lang='lat' dir='ltr'><strong>tua.</strong></span> <span class='ocrx_word' id='word_1_326' title='bbox 802 3004 1088 3067; x_wconf 89' lang='lat' dir='ltr'><strong>Suscitati,</strong></span> <span class='ocrx_word' id='word_1_327' title='bbox 1117 3020 1218 3059; x_wconf 90' lang='lat' dir='ltr'><strong>nos</strong></span> <span class='ocrx_word' id='word_1_328' title='bbox 1246 3005 1394 3075; x_wconf 88' lang='lat' dir='ltr'><strong>ipsos</strong></span> <span class='ocrx_word' id='word_1_329' title='bbox 1417 3003 1526 3059; x_wconf 85' lang='lat' dir='ltr'><strong>Deo</strong></span> <span class='ocrx_word' id='word_1_330' title='bbox 1549 3020 1645 3074; x_wconf 89' lang='lat' dir='ltr'><strong>per</strong></span> <span class='ocrx_word' id='word_1_331' title='bbox 1662 3005 1945 3059; x_wconf 90' lang='lat' dir='ltr'><strong>Christum</strong></span> 
     </span>
    </p>
   </div>
   <div class='ocr_carea' id='block_1_48' title="bbox 369 3095 1945 3169">
    <p class='ocr_par' dir='ltr' id='par_1_48' title="bbox 369 3095 1945 3169">
     <span class='ocr_line' id='line_1_48' title="bbox 369 3095 1945 3169; baseline -0.001 -16"><span class='ocrx_word' id='word_1_332' title='bbox 369 3100 491 3167; x_wconf 84' lang='lat' dir='ltr'><strong>ejus</strong></span> <span class='ocrx_word' id='word_1_333' title='bbox 514 3099 981 3153; x_wconf 85' lang='lat' dir='ltr'><strong>commendemus.</strong></span> <span class='ocrx_word' id='word_1_334' title='bbox 1017 3098 1081 3150; x_wconf 82' lang='lat' dir='ltr'><strong>Et</strong></span> <span class='ocrx_word' id='word_1_335' title='bbox 1105 3098 1402 3167; x_wconf 89' lang='lat' dir='ltr'><strong>episcopus</strong></span> <span class='ocrx_word' id='word_1_336' title='bbox 1431 3097 1579 3150; x_wconf 90' lang='lat' dir='ltr'><strong>dicat</strong></span> <span class='ocrx_word' id='word_1_337' title='bbox 1607 3116 1618 3150; x_wconf 92' lang='lat'>:</span> <span class='ocrx_word' id='word_1_338' title='bbox 1654 3095 1819 3161; x_wconf 90' lang='lat' dir='ltr'><strong>Deus,</strong></span> <span class='ocrx_word' id='word_1_339' title='bbox 1852 3100 1945 3169; x_wconf 90' lang='lat' dir='ltr'><strong>qui</strong></span> 
     </span>
    </p>
   </div>
   <div class='ocr_carea' id='block_1_49' title="bbox 2058 2174 3652 2253">
    <p class='ocr_par' dir='ltr' id='par_1_49' title="bbox 2058 2174 3652 2253">
     <span class='ocr_line' id='line_1_49' title="bbox 2058 2174 3652 2253; baseline -0.006 -19"><span class='ocrx_word' id='word_1_340' title='bbox 2058 2198 2170 2253; x_wconf 88' lang='grc' dir='ltr'>ριος</span> <span class='ocrx_word' id='word_1_341' title='bbox 2201 2180 2409 2243; x_wconf 88' lang='grc' dir='ltr'>πάντας</span> <span class='ocrx_word' id='word_1_342' title='bbox 2451 2179 2752 2250; x_wconf 80' lang='grc' dir='ltr'>διατηρήσῃ</span> <span class='ocrx_word' id='word_1_343' title='bbox 2795 2177 2889 2230; x_wconf 76' lang='grc' dir='ltr'><strong>καὶ</strong></span> <span class='ocrx_word' id='word_1_344' title='bbox 2917 2174 3241 2245; x_wconf 77' lang='grc' dir='ltr'>διαφυλάξῃ.</span> <span class='ocrx_word' id='word_1_345' title='bbox 3282 2175 3457 2246; x_wconf 81' lang='grc' dir='ltr'>’Υπὲρ</span> <span class='ocrx_word' id='word_1_346' title='bbox 3491 2174 3652 2244; x_wconf 80' lang='grc' dir='ltr'>βασι-</span> 
     </span>
    </p>
   </div>
   <div class='ocr_carea' id='block_1_50' title="bbox 2054 2267 3655 2342">
    <p class='ocr_par' dir='ltr' id='par_1_50' title="bbox 2054 2267 3655 2342">
     <span class='ocr_line' id='line_1_50' title="bbox 2054 2267 3655 2342; baseline -0.004 -15"><span class='ocrx_word' id='word_1_347' title='bbox 2054 2274 2190 2327; x_wconf 83' lang='grc' dir='ltr'><strong>λέων</strong></span> <span class='ocrx_word' id='word_1_348' title='bbox 2221 2273 2316 2327; x_wconf 72' lang='grc' dir='ltr'>κα).</span> <span class='ocrx_word' id='word_1_349' title='bbox 2347 2272 2455 2325; x_wconf 84' lang='grc' dir='ltr'><strong>τῷν</strong></span> <span class='ocrx_word' id='word_1_350' title='bbox 2501 2274 2559 2324; x_wconf 79' lang='grc' dir='ltr'>ὲν</span> <span class='ocrx_word' id='word_1_351' title='bbox 2594 2272 2836 2342; x_wconf 73' lang='grc' dir='ltr'>ὑπεροχῇ</span> <span class='ocrx_word' id='word_1_352' title='bbox 2864 2267 3164 2339; x_wconf 86' lang='grc' dir='ltr'>δεηθῶμεν·</span> <span class='ocrx_word' id='word_1_353' title='bbox 3198 2268 3284 2321; x_wconf 85' lang='grc' dir='ltr'><strong>ῐνα</strong></span> <span class='ocrx_word' id='word_1_354' title='bbox 3315 2268 3655 2339; x_wconf 77' lang='grc' dir='ltr'>εἰρηνεύων-</span> 
     </span>
    </p>
   </div>
   <div class='ocr_carea' id='block_1_51' title="bbox 2053 2361 3656 2439">
    <p class='ocr_par' dir='ltr' id='par_1_51' title="bbox 2053 2361 3656 2439">
     <span class='ocr_line' id='line_1_51' title="bbox 2053 2361 3656 2439; baseline -0.003 -19"><span class='ocrx_word' id='word_1_355' title='bbox 2053 2384 2145 2421; x_wconf 86' lang='grc' dir='ltr'><strong>ται</strong></span> <span class='ocrx_word' id='word_1_356' title='bbox 2185 2367 2253 2420; x_wconf 75' lang='grc' dir='ltr'>τὰ</span> <span class='ocrx_word' id='word_1_357' title='bbox 2293 2366 2428 2439; x_wconf 72' lang='grc' dir='ltr'>πρὸς</span> <span class='ocrx_word' id='word_1_358' title='bbox 2458 2366 2629 2435; x_wconf 78' lang='grc' dir='ltr'>ἡμᾶς,</span> <span class='ocrx_word' id='word_1_359' title='bbox 2678 2365 2827 2426; x_wconf 81' lang='grc' dir='ltr'>ὅπως</span> <span class='ocrx_word' id='word_1_360' title='bbox 2875 2364 3086 2434; x_wconf 71' lang='grc' dir='ltr'>ἧρεμον</span> <span class='ocrx_word' id='word_1_361' title='bbox 3127 2362 3221 2414; x_wconf 79' lang='grc' dir='ltr'>καὶ</span> <span class='ocrx_word' id='word_1_362' title='bbox 3267 2361 3497 2431; x_wconf 75' lang='grc' dir='ltr'>ἡσύχιον</span> <span class='ocrx_word' id='word_1_363' title='bbox 3538 2361 3656 2431; x_wconf 70' lang='grc' dir='ltr'>βίον</span> 
     </span>
    </p>
   </div>
   <div class='ocr_carea' id='block_1_52' title="bbox 2056 2453 3649 2529">
    <p class='ocr_par' dir='ltr' id='par_1_52' title="bbox 2056 2453 3649 2529">
     <span class='ocr_line' id='line_1_52' title="bbox 2056 2453 3649 2529; baseline -0.004 -18"><span class='ocrx_word' id='word_1_364' title='bbox 2056 2460 2289 2529; x_wconf 74' lang='grc' dir='ltr'>ἔχοντες,</span> <span class='ocrx_word' id='word_1_365' title='bbox 2322 2458 2596 2528; x_wconf 83' lang='grc' dir='ltr'>διάγωμεν</span> <span class='ocrx_word' id='word_1_366' title='bbox 2623 2457 2682 2509; x_wconf 74' lang='grc' dir='ltr'>ἐν</span> <span class='ocrx_word' id='word_1_367' title='bbox 2728 2455 2876 2526; x_wconf 73' lang='grc' dir='ltr'>πάσῃ</span> <span class='ocrx_word' id='word_1_368' title='bbox 2910 2453 3161 2525; x_wconf 75' lang='grc' dir='ltr'>εὐσεϐείᾳ</span> <span class='ocrx_word' id='word_1_369' title='bbox 3209 2454 3302 2507; x_wconf 74' lang='grc' dir='ltr'><strong>καὶ</strong></span> <span class='ocrx_word' id='word_1_370' title='bbox 3331 2453 3649 2524; x_wconf 80' lang='grc' dir='ltr'>σεμνότητι.</span> 
     </span>
    </p>
   </div>
   <div class='ocr_carea' id='block_1_53' title="bbox 2056 2547 3656 2623">
    <p class='ocr_par' dir='ltr' id='par_1_53' title="bbox 2056 2547 3656 2623">
     <span class='ocr_line' id='line_1_53' title="bbox 2056 2547 3656 2623; baseline -0.004 -18"><span class='ocrx_word' id='word_1_371' title='bbox 2056 2553 2177 2606; x_wconf 82' lang='grc' dir='ltr'><strong>Τῶν</strong></span> <span class='ocrx_word' id='word_1_372' title='bbox 2200 2553 2369 2621; x_wconf 89' lang='grc' dir='ltr'>ἁγίων</span> <span class='ocrx_word' id='word_1_373' title='bbox 2402 2550 2695 2623; x_wconf 82' lang='grc' dir='ltr'>μαρτύρων</span> <span class='ocrx_word' id='word_1_374' title='bbox 2718 2547 3199 2620; x_wconf 82' lang='grc' dir='ltr'>μνημονεύσωμεν·</span> <span class='ocrx_word' id='word_1_375' title='bbox 3222 2550 3371 2609; x_wconf 86' lang='grc' dir='ltr'>ὅπως</span> <span class='ocrx_word' id='word_1_376' title='bbox 3401 2548 3656 2600; x_wconf 70' lang='grc' dir='ltr'>κοινωνοὶ</span> 
     </span>
    </p>
   </div>
   <div class='ocr_carea' id='block_1_54' title="bbox 2056 2638 3657 2714">
    <p class='ocr_par' dir='ltr' id='par_1_54' title="bbox 2056 2638 3657 2714">
     <span class='ocr_line' id='line_1_54' title="bbox 2056 2638 3657 2714; baseline -0.006 -16"><span class='ocrx_word' id='word_1_377' title='bbox 2056 2645 2311 2713; x_wconf 87' lang='grc' dir='ltr'>γενέσθαι</span> <span class='ocrx_word' id='word_1_378' title='bbox 2338 2644 2438 2713; x_wconf 79' lang='grc' dir='ltr'><strong>τῆς</strong></span> <span class='ocrx_word' id='word_1_379' title='bbox 2465 2643 2748 2714; x_wconf 78' lang='grc' dir='ltr'><strong>ἀθλήσεως</strong></span> <span class='ocrx_word' id='word_1_380' title='bbox 2778 2641 2959 2694; x_wconf 84' lang='grc' dir='ltr'>αὐτῶν</span> <span class='ocrx_word' id='word_1_381' title='bbox 2990 2638 3438 2709; x_wconf 79' lang='grc' dir='ltr'>καταξιωθῶμεν.</span> <span class='ocrx_word' id='word_1_382' title='bbox 3476 2640 3657 2710; x_wconf 81' lang='grc' dir='ltr'>’Υπὲρ</span> 
     </span>
    </p>
   </div>
   <div class='ocr_carea' id='block_1_55' title="bbox 2054 2731 3655 2805">
    <p class='ocr_par' dir='ltr' id='par_1_55' title="bbox 2054 2731 3655 2805">
     <span class='ocr_line' id='line_1_55' title="bbox 2054 2731 3655 2805; baseline -0.004 -15"><span class='ocrx_word' id='word_1_383' title='bbox 2054 2737 2165 2790; x_wconf 87' lang='grc' dir='ltr'><strong>τῷν</strong></span> <span class='ocrx_word' id='word_1_384' title='bbox 2192 2738 2249 2790; x_wconf 83' lang='grc' dir='ltr'>ὲν</span> <span class='ocrx_word' id='word_1_385' title='bbox 2285 2736 2464 2789; x_wconf 87' lang='grc' dir='ltr'>πίστει</span> <span class='ocrx_word' id='word_1_386' title='bbox 2495 2733 2967 2805; x_wconf 83' lang='grc' dir='ltr'>ἀναπαυσαμένων</span> <span class='ocrx_word' id='word_1_387' title='bbox 3003 2732 3303 2802; x_wconf 83' lang='grc' dir='ltr'>δεηθῷμεν.</span> <span class='ocrx_word' id='word_1_388' title='bbox 3341 2731 3521 2802; x_wconf 79' lang='grc' dir='ltr'>’Υπὲρ</span> <span class='ocrx_word' id='word_1_389' title='bbox 3551 2732 3655 2801; x_wconf 78' lang='grc' dir='ltr'>τῆς</span> 
     </span>
    </p>
   </div>
   <div class='ocr_carea' id='block_1_56' title="bbox 2055 2825 3654 2900">
    <p class='ocr_par' dir='ltr' id='par_1_56' title="bbox 2055 2825 3654 2900">
     <span class='ocr_line' id='line_1_56' title="bbox 2055 2825 3654 2900; baseline -0.001 -19"><span class='ocrx_word' id='word_1_390' title='bbox 2055 2829 2351 2900; x_wconf 81' lang='grc' dir='ltr'>εὐκρασίας</span> <span class='ocrx_word' id='word_1_391' title='bbox 2384 2828 2491 2881; x_wconf 85' lang='grc' dir='ltr'><strong>τῶν</strong></span> <span class='ocrx_word' id='word_1_392' title='bbox 2522 2828 2699 2898; x_wconf 80' lang='grc' dir='ltr'>ἀέρων</span> <span class='ocrx_word' id='word_1_393' title='bbox 2744 2829 2839 2880; x_wconf 76' lang='grc' dir='ltr'><strong>καὶ</strong></span> <span class='ocrx_word' id='word_1_394' title='bbox 2874 2826 3232 2897; x_wconf 82' lang='grc' dir='ltr'>τελεσφορίας</span> <span class='ocrx_word' id='word_1_395' title='bbox 3264 2825 3373 2878; x_wconf 84' lang='grc' dir='ltr'>τῶν</span> <span class='ocrx_word' id='word_1_396' title='bbox 3417 2827 3654 2896; x_wconf 74' lang='grc' dir='ltr'>καρπῶν</span> 
     </span>
    </p>
   </div>
   <div class='ocr_carea' id='block_1_57' title="bbox 2054 2917 3654 2992">
    <p class='ocr_par' dir='ltr' id='par_1_57' title="bbox 2054 2917 3654 2992">
     <span class='ocr_line' id='line_1_57' title="bbox 2054 2917 3654 2992; baseline -0.003 -19"><span class='ocrx_word' id='word_1_397' title='bbox 2054 2920 2352 2992; x_wconf 84' lang='grc' dir='ltr'>δεηθῶμεν.</span> <span class='ocrx_word' id='word_1_398' title='bbox 2396 2920 2568 2992; x_wconf 79' lang='grc' dir='ltr'>’Υπὲρ</span> <span class='ocrx_word' id='word_1_399' title='bbox 2603 2919 2712 2972; x_wconf 83' lang='grc' dir='ltr'><strong>τῶν</strong></span> <span class='ocrx_word' id='word_1_400' title='bbox 2758 2919 3133 2988; x_wconf 80' lang='grc' dir='ltr'>νεοφωτίστων</span> <span class='ocrx_word' id='word_1_401' title='bbox 3167 2917 3467 2989; x_wconf 78' lang='grc' dir='ltr'>δεηθῷμεν·</span> <span class='ocrx_word' id='word_1_402' title='bbox 3500 2918 3654 2981; x_wconf 79' lang='grc' dir='ltr'>ὅπως</span> 
     </span>
    </p>
   </div>
   <div class='ocr_carea' id='block_1_58' title="bbox 2057 3009 3651 3083">
    <p class='ocr_par' dir='ltr' id='par_1_58' title="bbox 2057 3009 3651 3083">
     <span class='ocr_line' id='line_1_58' title="bbox 2057 3009 3651 3083; baseline -0.003 -17"><span class='ocrx_word' id='word_1_403' title='bbox 2057 3011 2425 3083; x_wconf 78' lang='grc' dir='ltr'>βεϐαιωθῷσιν</span> <span class='ocrx_word' id='word_1_404' title='bbox 2455 3014 2513 3065; x_wconf 80' lang='grc' dir='ltr'>ὲν</span> <span class='ocrx_word' id='word_1_405' title='bbox 2539 3014 2606 3083; x_wconf 80' lang='grc' dir='ltr'>τῇ</span> <span class='ocrx_word' id='word_1_406' title='bbox 2639 3011 2853 3075; x_wconf 84' lang='grc' dir='ltr'>πίστει,</span> <span class='ocrx_word' id='word_1_407' title='bbox 2887 3010 3087 3073; x_wconf 73' lang='grc' dir='ltr'>πάντες</span> <span class='ocrx_word' id='word_1_408' title='bbox 3125 3010 3216 3062; x_wconf 77' lang='grc' dir='ltr'>ὑπ’</span> <span class='ocrx_word' id='word_1_409' title='bbox 3248 3009 3425 3063; x_wconf 84' lang='grc' dir='ltr'>ἀλλων</span> <span class='ocrx_word' id='word_1_410' title='bbox 3465 3026 3651 3079; x_wconf 82' lang='grc' dir='ltr'>παρα-</span> 
     </span>
    </p>
   </div>
   <div class='ocr_carea' id='block_1_59' title="bbox 2056 3102 3651 3177">
    <p class='ocr_par' dir='ltr' id='par_1_59' title="bbox 2056 3102 3651 3177">
     <span class='ocr_line' id='line_1_59' title="bbox 2056 3102 3651 3177; baseline -0.001 -18"><span class='ocrx_word' id='word_1_411' title='bbox 2056 3106 2404 3160; x_wconf 77' lang='grc' dir='ltr'>καλέσθωσαν</span> <span class='ocrx_word' id='word_1_412' title='bbox 2448 3106 2578 3177; x_wconf 79' lang='grc'>(65).</span> <span class='ocrx_word' id='word_1_413' title='bbox 2634 3104 2962 3175; x_wconf 87' lang='grc' dir='ltr'>Ἀνάστησον</span> <span class='ocrx_word' id='word_1_414' title='bbox 3016 3105 3166 3175; x_wconf 78' lang='grc' dir='ltr'>ἡμᾶς</span> <span class='ocrx_word' id='word_1_415' title='bbox 3210 3104 3237 3155; x_wconf 92' lang='lat'><strong>6</strong></span> <span class='ocrx_word' id='word_1_416' title='bbox 3288 3102 3425 3165; x_wconf 83' lang='grc' dir='ltr'>Θεὸς</span> <span class='ocrx_word' id='word_1_417' title='bbox 3466 3104 3529 3155; x_wconf 82' lang='grc' dir='ltr'><strong>ὲν</strong></span> <span class='ocrx_word' id='word_1_418' title='bbox 3582 3106 3651 3174; x_wconf 75' lang='grc' dir='ltr'>τῇ</span> 
     </span>
    </p>
   </div>
   <div class='ocr_carea' id='block_1_60' title="bbox 370 3190 1951 3288">
    <p class='ocr_par' dir='ltr' id='par_1_60' title="bbox 370 3190 1947 3260">
     <span class='ocr_line' id='line_1_60' title="bbox 370 3190 1947 3260; baseline 0.001 -17"><span class='ocrx_word' id='word_1_419' title='bbox 370 3206 603 3260; x_wconf 82' lang='lat' dir='ltr'><strong>magnus</strong></span> <span class='ocrx_word' id='word_1_420' title='bbox 641 3198 695 3244; x_wconf 90' lang='lat' dir='ltr'><strong>et</strong></span> <span class='ocrx_word' id='word_1_421' title='bbox 737 3191 919 3259; x_wconf 82' lang='lat' dir='ltr'><strong>magni</strong></span> <span class='ocrx_word' id='word_1_422' title='bbox 963 3190 1204 3244; x_wconf 89' lang='lat' dir='ltr'><strong>nominis</strong></span> <span class='ocrx_word' id='word_1_423' title='bbox 1234 3204 1317 3248; x_wconf 87' lang='lat' dir='ltr'><strong>es.</strong></span> <span class='ocrx_word' id='word_1_424' title='bbox 1364 3204 1591 3258; x_wconf 84' lang='lat' dir='ltr'><strong>magnus</strong></span> <span class='ocrx_word' id='word_1_425' title='bbox 1623 3192 1855 3246; x_wconf 89' lang='lat' dir='ltr'><strong>consilio</strong></span> <span class='ocrx_word' id='word_1_426' title='bbox 1880 3191 1947 3255; x_wconf 81' lang='lat'><strong>“,</strong></span> 
     </span>
    </p>
   </div>
   <div class='ocr_carea' id='block_1_61' title="bbox 2060 3190 3650 3288">
    <p class='ocr_par' dir='ltr' id='par_1_61' title="bbox 2060 3195 3650 3271">
     <span class='ocr_line' id='line_1_61' title="bbox 2060 3195 3650 3271; baseline -0.003 -18"><span class='ocrx_word' id='word_1_427' title='bbox 2060 3198 2237 3271; x_wconf 84' lang='grc' dir='ltr'>χάριτί</span> <span class='ocrx_word' id='word_1_428' title='bbox 2294 3216 2407 3253; x_wconf 75' lang='grc' dir='ltr'>σου“</span> <span class='ocrx_word' id='word_1_429' title='bbox 2459 3198 2796 3262; x_wconf 85' lang='grc' dir='ltr'>ἀναστάντες</span> <span class='ocrx_word' id='word_1_430' title='bbox 2847 3198 3073 3260; x_wconf 70' lang='grc' dir='ltr'>ἑαυτοὺς</span> <span class='ocrx_word' id='word_1_431' title='bbox 3120 3196 3201 3267; x_wconf 89' lang='grc' dir='ltr'><strong>τῷ</strong></span> <span class='ocrx_word' id='word_1_432' title='bbox 3241 3195 3359 3266; x_wconf 82' lang='grc' dir='ltr'><strong>Θεῷ</strong></span> <span class='ocrx_word' id='word_1_433' title='bbox 3418 3196 3511 3250; x_wconf 76' lang='grc' dir='ltr'>διὰ</span> <span class='ocrx_word' id='word_1_434' title='bbox 3555 3196 3650 3249; x_wconf 82' lang='grc' dir='ltr'><strong>τοῦ</strong></span> 
     </span>
    </p>
   </div>
   <div class='ocr_carea' id='block_1_62' title="bbox 369 3280 1952 3352">
    <p class='ocr_par' dir='ltr' id='par_1_62' title="bbox 369 3280 1952 3352">
     <span class='ocr_line' id='line_1_62' title="bbox 369 3280 1952 3352; baseline 0 -15"><span class='ocrx_word' id='word_1_435' title='bbox 369 3292 423 3337; x_wconf 81' lang='lat' dir='ltr'><strong>et</strong></span> <span class='ocrx_word' id='word_1_436' title='bbox 451 3291 645 3351; x_wconf 89' lang='lat' dir='ltr'><strong>potens</strong></span> <span class='ocrx_word' id='word_1_437' title='bbox 675 3283 979 3352; x_wconf 87' lang='lat' dir='ltr'><strong>operibus;</strong></span> <span class='ocrx_word' id='word_1_438' title='bbox 1034 3280 1179 3337; x_wconf 86' lang='lat' dir='ltr'><strong>Deus</strong></span> <span class='ocrx_word' id='word_1_439' title='bbox 1220 3289 1275 3335; x_wconf 90' lang='lat' dir='ltr'><strong>et</strong></span> <span class='ocrx_word' id='word_1_440' title='bbox 1316 3280 1478 3335; x_wconf 85' lang='lat' dir='ltr'><strong>Pater</strong></span> <span class='ocrx_word' id='word_1_441' title='bbox 1513 3283 1686 3336; x_wconf 85' lang='lat' dir='ltr'><strong>sancti</strong></span> <span class='ocrx_word' id='word_1_442' title='bbox 1721 3282 1840 3337; x_wconf 85' lang='lat' dir='ltr'><strong>Filii</strong></span> <span class='ocrx_word' id='word_1_443' title='bbox 1873 3284 1952 3337; x_wconf 93' lang='lat' dir='ltr'><strong>tui</strong></span> 
     </span>
    </p>
   </div>
   <div class='ocr_carea' id='block_1_63' title="bbox 370 3373 1955 3446">
    <p class='ocr_par' dir='ltr' id='par_1_63' title="bbox 370 3373 1955 3446">
     <span class='ocr_line' id='line_1_63' title="bbox 370 3373 1955 3446; baseline 0.001 -17"><span class='ocrx_word' id='word_1_444' title='bbox 370 3373 501 3431; x_wconf 81' lang='lat' dir='ltr'><strong>Jesu</strong></span> <span class='ocrx_word' id='word_1_445' title='bbox 537 3374 842 3429; x_wconf 81' lang='lat' dir='ltr'><strong>Salvatoris</strong></span> <span class='ocrx_word' id='word_1_446' title='bbox 876 3375 1087 3439; x_wconf 87' lang='lat' dir='ltr'><strong>nostri,</strong></span> <span class='ocrx_word' id='word_1_447' title='bbox 1123 3375 1337 3445; x_wconf 87' lang='lat' dir='ltr'><strong>respice</strong></span> <span class='ocrx_word' id='word_1_448' title='bbox 1367 3389 1534 3444; x_wconf 88' lang='lat' dir='ltr'><strong>super</strong></span> <span class='ocrx_word' id='word_1_449' title='bbox 1558 3391 1657 3429; x_wconf 90' lang='lat' dir='ltr'><strong>nos</strong></span> <span class='ocrx_word' id='word_1_450' title='bbox 1685 3390 1748 3427; x_wconf 90' lang='lat' dir='ltr'><strong>ac</strong></span> <span class='ocrx_word' id='word_1_451' title='bbox 1790 3392 1955 3446; x_wconf 90' lang='lat' dir='ltr'><strong>super</strong></span> 
     </span>
    </p>
   </div>
   <div class='ocr_carea' id='block_1_64' title="bbox 372 3467 1955 3539">
    <p class='ocr_par' dir='ltr' id='par_1_64' title="bbox 372 3467 1955 3539">
     <span class='ocr_line' id='line_1_64' title="bbox 372 3467 1955 3539; baseline 0.003 -17"><span class='ocrx_word' id='word_1_452' title='bbox 372 3485 588 3538; x_wconf 80' lang='lat' dir='ltr'><strong>gregem</strong></span> <span class='ocrx_word' id='word_1_453' title='bbox 629 3478 783 3523; x_wconf 91' lang='lat' dir='ltr'><strong>tuum</strong></span> <span class='ocrx_word' id='word_1_454' title='bbox 868 3468 1039 3530; x_wconf 91' lang='lat' dir='ltr'><strong>hunc,</strong></span> <span class='ocrx_word' id='word_1_455' title='bbox 1078 3484 1240 3537; x_wconf 83' lang='lat' dir='ltr'><strong>quem</strong></span> <span class='ocrx_word' id='word_1_456' title='bbox 1295 3483 1389 3536; x_wconf 87' lang='lat' dir='ltr'><strong>per</strong></span> <span class='ocrx_word' id='word_1_457' title='bbox 1427 3483 1553 3522; x_wconf 91' lang='lat' dir='ltr'><strong>eum</strong></span> <span class='ocrx_word' id='word_1_458' title='bbox 1603 3467 1853 3539; x_wconf 88' lang='lat' dir='ltr'><strong>delegisti</strong></span> <span class='ocrx_word' id='word_1_459' title='bbox 1885 3470 1955 3526; x_wconf 87' lang='lat' dir='ltr'><strong>ad</strong></span> 
     </span>
    </p>
   </div>
   <div class='ocr_carea' id='block_1_65' title="bbox 370 3560 1953 3631">
    <p class='ocr_par' dir='ltr' id='par_1_65' title="bbox 370 3560 1953 3631">
     <span class='ocr_line' id='line_1_65' title="bbox 370 3560 1953 3631; baseline 0 -16"><span class='ocrx_word' id='word_1_460' title='bbox 370 3562 613 3615; x_wconf 79' lang='lat' dir='ltr'><strong>nominis</strong></span> <span class='ocrx_word' id='word_1_461' title='bbox 633 3562 712 3614; x_wconf 90' lang='lat' dir='ltr'><strong>tui</strong></span> <span class='ocrx_word' id='word_1_462' title='bbox 731 3560 992 3631; x_wconf 88' lang='lat' dir='ltr'><strong>gloriam;</strong></span> <span class='ocrx_word' id='word_1_463' title='bbox 1019 3566 1073 3614; x_wconf 86' lang='lat' dir='ltr'><strong>et</strong></span> <span class='ocrx_word' id='word_1_464' title='bbox 1104 3560 1460 3613; x_wconf 80' lang='lat' dir='ltr'><strong>sanetilicans</strong></span> <span class='ocrx_word' id='word_1_465' title='bbox 1481 3574 1682 3629; x_wconf 89' lang='lat' dir='ltr'><strong>corpus</strong></span> <span class='ocrx_word' id='word_1_466' title='bbox 1705 3570 1953 3616; x_wconf 88' lang='lat' dir='ltr'><strong>nostrum</strong></span> 
     </span>
    </p>
   </div>
   <div class='ocr_carea' id='block_1_66' title="bbox 372 3650 1956 3722">
    <p class='ocr_par' dir='ltr' id='par_1_66' title="bbox 372 3650 1956 3722">
     <span class='ocr_line' id='line_1_66' title="bbox 372 3650 1956 3722; baseline 0.001 -14"><span class='ocrx_word' id='word_1_467' title='bbox 372 3662 428 3709; x_wconf 77' lang='lat' dir='ltr'><strong>et</strong></span> <span class='ocrx_word' id='word_1_468' title='bbox 462 3654 699 3706; x_wconf 89' lang='lat' dir='ltr'><strong>animam</strong></span> <span class='ocrx_word' id='word_1_469' title='bbox 733 3660 1022 3715; x_wconf 91' lang='lat' dir='ltr'><strong>nostram,</strong></span> <span class='ocrx_word' id='word_1_470' title='bbox 1068 3650 1311 3705; x_wconf 89' lang='lat' dir='ltr'><strong>concede</strong></span> <span class='ocrx_word' id='word_1_471' title='bbox 1333 3691 1347 3714; x_wconf 94' lang='lat'><strong>,</strong></span> <span class='ocrx_word' id='word_1_472' title='bbox 1398 3658 1457 3703; x_wconf 91' lang='lat' dir='ltr'><strong>ut</strong></span> <span class='ocrx_word' id='word_1_473' title='bbox 1486 3652 1665 3707; x_wconf 77' lang='lat' dir='ltr'><strong>eli&#39;ecti</strong></span> <span class='ocrx_word' id='word_1_474' title='bbox 1714 3655 1837 3722; x_wconf 88' lang='lat' dir='ltr'><strong>puri</strong></span> <span class='ocrx_word' id='word_1_475' title='bbox 1885 3652 1956 3709; x_wconf 87' lang='lat' dir='ltr'><strong>ab</strong></span> 
     </span>
    </p>
   </div>
   <div class='ocr_carea' id='block_1_67' title="bbox 372 3744 1956 3818">
    <p class='ocr_par' dir='ltr' id='par_1_67' title="bbox 372 3744 1956 3818">
     <span class='ocr_line' id='line_1_67' title="bbox 372 3744 1956 3818; baseline 0.002 -18"><span class='ocrx_word' id='word_1_476' title='bbox 372 3745 523 3800; x_wconf 82' lang='grc' dir='ltr'>οιιιιιὶ</span> <span class='ocrx_word' id='word_1_477' title='bbox 561 3744 975 3814; x_wconf 90' lang='lat' dir='ltr'><strong>inquinamento</strong></span> <span class='ocrx_word' id='word_1_478' title='bbox 1006 3745 1191 3797; x_wconf 88' lang='lat' dir='ltr'><strong>carnis</strong></span> <span class='ocrx_word' id='word_1_479' title='bbox 1223 3760 1286 3797; x_wconf 87' lang='lat' dir='ltr'><strong>ac</strong></span> <span class='ocrx_word' id='word_1_480' title='bbox 1319 3745 1550 3815; x_wconf 90' lang='lat' dir='ltr'><strong>spiritus</strong></span> <span class='ocrx_word' id='word_1_481' title='bbox 1573 3748 1640 3809; x_wconf 86' lang='lat'><strong>&quot;&#39;,</strong></span> <span class='ocrx_word' id='word_1_482' title='bbox 1676 3749 1956 3818; x_wconf 84' lang='lat' dir='ltr'><strong>proposita</strong></span> 
     </span>
    </p>
   </div>
   <div class='ocr_carea' id='block_1_68' title="bbox 368 3836 1954 3905">
    <p class='ocr_par' dir='ltr' id='par_1_68' title="bbox 368 3836 1954 3905">
     <span class='ocr_line' id='line_1_68' title="bbox 368 3836 1954 3905; baseline 0.003 -15"><span class='ocrx_word' id='word_1_483' title='bbox 368 3840 516 3890; x_wconf 80' lang='lat' dir='ltr'><strong>bona</strong></span> <span class='ocrx_word' id='word_1_484' title='bbox 568 3851 1013 3905; x_wconf 87' lang='lat' dir='ltr'><strong>consequamur;</strong></span> <span class='ocrx_word' id='word_1_485' title='bbox 1059 3836 1447 3905; x_wconf 87' lang='lat' dir='ltr'><strong>neminemque</strong></span> <span class='ocrx_word' id='word_1_486' title='bbox 1499 3846 1749 3893; x_wconf 90' lang='lat' dir='ltr'><strong>nostrum</strong></span> <span class='ocrx_word' id='word_1_487' title='bbox 1809 3841 1954 3895; x_wconf 90' lang='lat' dir='ltr'><strong>indi-</strong></span> 
     </span>
    </p>
   </div>
   <div class='ocr_carea' id='block_1_69' title="bbox 372 3929 1952 4001">
    <p class='ocr_par' dir='ltr' id='par_1_69' title="bbox 372 3929 1952 4001">
     <span class='ocr_line' id='line_1_69' title="bbox 372 3929 1952 4001; baseline 0.003 -19"><span class='ocrx_word' id='word_1_488' title='bbox 372 3944 538 3999; x_wconf 83' lang='lat' dir='ltr'><strong>gnum</strong></span> <span class='ocrx_word' id='word_1_489' title='bbox 560 3929 798 3997; x_wconf 84' lang='lat' dir='ltr'><strong>judices,</strong></span> <span class='ocrx_word' id='word_1_490' title='bbox 825 3943 1010 3981; x_wconf 76' lang='lat' dir='ltr'><strong>verum</strong></span> <span class='ocrx_word' id='word_1_491' title='bbox 1047 3929 1125 3983; x_wconf 87' lang='lat' dir='ltr'><strong>sis</strong></span> <span class='ocrx_word' id='word_1_492' title='bbox 1152 3936 1341 3981; x_wconf 79' lang='lat' dir='ltr'><strong>noster</strong></span> <span class='ocrx_word' id='word_1_493' title='bbox 1367 3930 1608 3998; x_wconf 85' lang='lat' dir='ltr'><strong>adjutor,</strong></span> <span class='ocrx_word' id='word_1_494' title='bbox 1636 3932 1952 4001; x_wconf 83' lang='lat' dir='ltr'><strong>opitulator,</strong></span> 
     </span>
    </p>
   </div>
   <div class='ocr_carea' id='block_1_70' title="bbox 374 4020 1956 4095">
    <p class='ocr_par' dir='ltr' id='par_1_70' title="bbox 374 4020 1956 4095">
     <span class='ocr_line' id='line_1_70' title="bbox 374 4020 1956 4095; baseline 0.004 -20"><span class='ocrx_word' id='word_1_495' title='bbox 374 4029 784 4091; x_wconf 83' lang='lat' dir='ltr'><strong>pmpugnator,</strong></span> <span class='ocrx_word' id='word_1_496' title='bbox 839 4036 934 4089; x_wconf 90' lang='lat' dir='ltr'><strong>per</strong></span> <span class='ocrx_word' id='word_1_497' title='bbox 968 4020 1249 4075; x_wconf 86' lang='lat' dir='ltr'><strong>Christum</strong></span> <span class='ocrx_word' id='word_1_498' title='bbox 1303 4032 1493 4089; x_wconf 89' lang='lat' dir='ltr'><strong>tuum;</strong></span> <span class='ocrx_word' id='word_1_499' title='bbox 1542 4040 1665 4078; x_wconf 90' lang='lat' dir='ltr'><strong>cum</strong></span> <span class='ocrx_word' id='word_1_500' title='bbox 1701 4041 1810 4095; x_wconf 85' lang='lat' dir='ltr'><strong>quo</strong></span> <span class='ocrx_word' id='word_1_501' title='bbox 1859 4025 1956 4081; x_wconf 87' lang='lat' dir='ltr'><strong>tibi</strong></span> 
     </span>
    </p>
   </div>
   <div class='ocr_carea' id='block_1_71' title="bbox 372 4112 1953 4184">
    <p class='ocr_par' dir='ltr' id='par_1_71' title="bbox 372 4112 1953 4184">
     <span class='ocr_line' id='line_1_71' title="bbox 372 4112 1953 4184; baseline 0.004 -19"><span class='ocrx_word' id='word_1_502' title='bbox 372 4113 575 4182; x_wconf 84' lang='lat' dir='ltr'><strong>gloria,</strong></span> <span class='ocrx_word' id='word_1_503' title='bbox 611 4112 818 4176; x_wconf 88' lang='lat' dir='ltr'><strong>honor,</strong></span> <span class='ocrx_word' id='word_1_504' title='bbox 860 4114 1012 4177; x_wconf 69' lang='lat' dir='ltr'><strong>laus,</strong></span> <span class='ocrx_word' id='word_1_505' title='bbox 1056 4112 1385 4182; x_wconf 83' lang='lat' dir='ltr'><strong>gloriﬁcatio</strong></span> <span class='ocrx_word' id='word_1_506' title='bbox 1410 4154 1424 4178; x_wconf 93' lang='lat'><strong>,</strong></span> <span class='ocrx_word' id='word_1_507' title='bbox 1457 4117 1754 4184; x_wconf 85' lang='lat' dir='ltr'><strong>gratiarum</strong></span> <span class='ocrx_word' id='word_1_508' title='bbox 1787 4117 1953 4183; x_wconf 91' lang='lat' dir='ltr'><strong>actio,</strong></span> 
     </span>
    </p>
   </div>
   <div class='ocr_carea' id='block_1_72' title="bbox 373 4204 1955 4279">
    <p class='ocr_par' dir='ltr' id='par_1_72' title="bbox 373 4204 1955 4279">
     <span class='ocr_line' id='line_1_72' title="bbox 373 4204 1955 4279; baseline 0.002 -19"><span class='ocrx_word' id='word_1_509' title='bbox 373 4213 427 4260; x_wconf 91' lang='lat' dir='ltr'><strong>et</strong></span> <span class='ocrx_word' id='word_1_510' title='bbox 456 4212 648 4260; x_wconf 88' lang='lat' dir='ltr'><strong>sancto</strong></span> <span class='ocrx_word' id='word_1_511' title='bbox 676 4204 939 4275; x_wconf 86' lang='lat' dir='ltr'><strong>Spiritui,</strong></span> <span class='ocrx_word' id='word_1_512' title='bbox 981 4206 1037 4259; x_wconf 90' lang='lat' dir='ltr'><strong>in</strong></span> <span class='ocrx_word' id='word_1_513' title='bbox 1075 4206 1294 4260; x_wconf 63' lang='lat' dir='ltr'><strong>saecula.</strong></span> <span class='ocrx_word' id='word_1_514' title='bbox 1327 4206 1513 4261; x_wconf 86' lang='lat' dir='ltr'><strong>Amen.</strong></span> <span class='ocrx_word' id='word_1_515' title='bbox 1549 4207 1613 4259; x_wconf 86' lang='lat' dir='ltr'><strong>Et</strong></span> <span class='ocrx_word' id='word_1_516' title='bbox 1665 4216 1955 4279; x_wconf 84' lang='lat' dir='ltr'><strong>postquam</strong></span> 
     </span>
    </p>
   </div>
   <div class='ocr_carea' id='block_1_73' title="bbox 375 4296 1957 4364">
    <p class='ocr_par' dir='ltr' id='par_1_73' title="bbox 375 4296 1957 4364">
     <span class='ocr_line' id='line_1_73' title="bbox 375 4296 1957 4364; baseline 0.001 -13"><span class='ocrx_word' id='word_1_517' title='bbox 375 4313 567 4359; x_wconf 85' lang='lat' dir='ltr'><strong>omnes</strong></span> <span class='ocrx_word' id='word_1_518' title='bbox 597 4297 869 4360; x_wconf 81' lang='lat' dir='ltr'><strong>dixerint,</strong></span> <span class='ocrx_word' id='word_1_519' title='bbox 907 4296 1113 4364; x_wconf 84' lang='lat' dir='ltr'><strong>Amen;</strong></span> <span class='ocrx_word' id='word_1_520' title='bbox 1166 4298 1435 4353; x_wconf 85' lang='lat' dir='ltr'><strong>diaconus</strong></span> <span class='ocrx_word' id='word_1_521' title='bbox 1478 4299 1662 4354; x_wconf 82' lang='lat' dir='ltr'><strong>dicat:</strong></span> <span class='ocrx_word' id='word_1_522' title='bbox 1696 4300 1957 4355; x_wconf 81' lang='lat' dir='ltr'><strong>Attenda—</strong></span> 
     </span>
    </p>
   </div>
   <div class='ocr_carea' id='block_1_74' title="bbox 374 4390 1953 4463">
    <p class='ocr_par' dir='ltr' id='par_1_74' title="bbox 374 4390 1953 4463">
     <span class='ocr_line' id='line_1_74' title="bbox 374 4390 1953 4463; baseline 0.001 -17"><span class='ocrx_word' id='word_1_523' title='bbox 374 4406 517 4446; x_wconf 80' lang='lat' dir='ltr'><strong>mus.</strong></span> <span class='ocrx_word' id='word_1_524' title='bbox 555 4390 634 4445; x_wconf 87' lang='lat' dir='ltr'><strong>Ac</strong></span> <span class='ocrx_word' id='word_1_525' title='bbox 665 4391 961 4461; x_wconf 83' lang='lat' dir='ltr'><strong>episc0pus</strong></span> <span class='ocrx_word' id='word_1_526' title='bbox 1002 4391 1077 4443; x_wconf 88' lang='lat' dir='ltr'><strong>ita</strong></span> <span class='ocrx_word' id='word_1_527' title='bbox 1126 4392 1194 4443; x_wconf 85' lang='lat' dir='ltr'><strong>ad</strong></span> <span class='ocrx_word' id='word_1_528' title='bbox 1245 4392 1504 4461; x_wconf 82' lang='lat' dir='ltr'><strong>populum</strong></span> <span class='ocrx_word' id='word_1_529' title='bbox 1552 4394 1953 4463; x_wconf 87' lang='lat' dir='ltr'><strong>proloquatur:</strong></span> 
     </span>
    </p>
   </div>
   <div class='ocr_carea' id='block_1_75' title="bbox 378 4481 1957 4553">
    <p class='ocr_par' dir='ltr' id='par_1_75' title="bbox 378 4481 1957 4553">
     <span class='ocr_line' id='line_1_75' title="bbox 378 4481 1957 4553; baseline 0.004 -18"><span class='ocrx_word' id='word_1_530' title='bbox 378 4481 577 4535; x_wconf 88' lang='lat' dir='ltr'><strong>Sancta</strong></span> <span class='ocrx_word' id='word_1_531' title='bbox 651 4485 882 4538; x_wconf 79' lang='lat' dir='ltr'><strong>sanctis.</strong></span> <span class='ocrx_word' id='word_1_532' title='bbox 949 4482 1307 4553; x_wconf 86' lang='lat' dir='ltr'><strong>Populusque</strong></span> <span class='ocrx_word' id='word_1_533' title='bbox 1357 4484 1686 4553; x_wconf 88' lang='lat' dir='ltr'><strong>respondeat</strong></span> <span class='ocrx_word' id='word_1_534' title='bbox 1737 4504 1748 4540; x_wconf 95' lang='lat'>:</span> <span class='ocrx_word' id='word_1_535' title='bbox 1806 4485 1957 4542; x_wconf 91' lang='lat' dir='ltr'><strong>Unus</strong></span> 
     </span>
    </p>
   </div>
   <div class='ocr_carea' id='block_1_76' title="bbox 2056 3287 3652 3363">
    <p class='ocr_par' dir='ltr' id='par_1_76' title="bbox 2056 3287 3652 3363">
     <span class='ocr_line' id='line_1_76' title="bbox 2056 3287 3652 3363; baseline -0.003 -19"><span class='ocrx_word' id='word_1_536' title='bbox 2056 3290 2292 3363; x_wconf 79' lang='grc' dir='ltr'>Χριστοῦ</span> <span class='ocrx_word' id='word_1_537' title='bbox 2324 3289 2490 3344; x_wconf 90' lang='grc' dir='ltr'>αὑτοῦ</span> <span class='ocrx_word' id='word_1_538' title='bbox 2521 3288 2915 3362; x_wconf 84' lang='grc' dir='ltr'>παραθώμεθα.</span> <span class='ocrx_word' id='word_1_539' title='bbox 2955 3289 3066 3343; x_wconf 76' lang='grc' dir='ltr'>Καὶ</span> <span class='ocrx_word' id='word_1_540' title='bbox 3094 3290 3122 3341; x_wconf 93' lang='lat'><strong>6</strong></span> <span class='ocrx_word' id='word_1_541' title='bbox 3161 3288 3458 3351; x_wconf 79' lang='grc' dir='ltr'>ἐπίσκοπος</span> <span class='ocrx_word' id='word_1_542' title='bbox 3496 3287 3652 3356; x_wconf 74' lang='grc' dir='ltr'>λεγέ-</span> 
     </span>
    </p>
   </div>
   <div class='ocr_carea' id='block_1_77' title="bbox 2055 3381 3651 3455">
    <p class='ocr_par' dir='ltr' id='par_1_77' title="bbox 2055 3381 3651 3455">
     <span class='ocr_line' id='line_1_77' title="bbox 2055 3381 3651 3455; baseline -0.004 -18"><span class='ocrx_word' id='word_1_543' title='bbox 2055 3402 2133 3437; x_wconf 90' lang='grc' dir='ltr'><strong>τω</strong></span> <span class='ocrx_word' id='word_1_544' title='bbox 2155 3401 2168 3413; x_wconf 80' lang='grc'><strong>’</strong></span> <span class='ocrx_word' id='word_1_545' title='bbox 2213 3385 2269 3437; x_wconf 86' lang='grc'><strong>’0</strong></span> <span class='ocrx_word' id='word_1_546' title='bbox 2299 3383 2427 3447; x_wconf 80' lang='grc' dir='ltr'>Θεὸς</span> <span class='ocrx_word' id='word_1_547' title='bbox 2455 3384 2483 3435; x_wconf 89' lang='grc' dir='ltr'>ὁ</span> <span class='ocrx_word' id='word_1_548' title='bbox 2515 3384 2689 3455; x_wconf 80' lang='grc' dir='ltr'>μέγας</span> <span class='ocrx_word' id='word_1_549' title='bbox 2718 3384 2812 3435; x_wconf 77' lang='grc' dir='ltr'><strong>καὶ</strong></span> <span class='ocrx_word' id='word_1_550' title='bbox 2842 3381 3250 3453; x_wconf 81' lang='grc' dir='ltr'>μεγαλώνυμος,</span> <span class='ocrx_word' id='word_1_551' title='bbox 3290 3381 3318 3432; x_wconf 91' lang='lat'><strong>6</strong></span> <span class='ocrx_word' id='word_1_552' title='bbox 3364 3381 3544 3451; x_wconf 81' lang='grc' dir='ltr'>μέγας</span> <span class='ocrx_word' id='word_1_553' title='bbox 3584 3383 3651 3451; x_wconf 82' lang='grc' dir='ltr'>τῇ</span> 
     </span>
    </p>
   </div>
   <div class='ocr_carea' id='block_1_78' title="bbox 2060 3473 3653 3548">
    <p class='ocr_par' dir='ltr' id='par_1_78' title="bbox 2060 3473 3653 3548">
     <span class='ocr_line' id='line_1_78' title="bbox 2060 3473 3653 3548; baseline -0.003 -18"><span class='ocrx_word' id='word_1_554' title='bbox 2060 3476 2245 3548; x_wconf 80' lang='grc' dir='ltr'>βουλῇ,</span> <span class='ocrx_word' id='word_1_555' title='bbox 2273 3477 2364 3530; x_wconf 74' lang='grc' dir='ltr'><strong>καὶ</strong></span> <span class='ocrx_word' id='word_1_556' title='bbox 2401 3476 2661 3547; x_wconf 85' lang='grc' dir='ltr'>κραταιὸς</span> <span class='ocrx_word' id='word_1_557' title='bbox 2704 3478 2819 3537; x_wconf 79' lang='grc' dir='ltr'>τοῖς</span> <span class='ocrx_word' id='word_1_558' title='bbox 2848 3474 3059 3545; x_wconf 78' lang='grc' dir='ltr'>ἔργοις,</span> <span class='ocrx_word' id='word_1_559' title='bbox 3093 3476 3121 3525; x_wconf 86' lang='grc' dir='ltr'><strong>ὁ</strong></span> <span class='ocrx_word' id='word_1_560' title='bbox 3150 3474 3284 3536; x_wconf 82' lang='grc' dir='ltr'>Θεὸς</span> <span class='ocrx_word' id='word_1_561' title='bbox 3313 3474 3410 3526; x_wconf 77' lang='grc' dir='ltr'><strong>καὶ</strong></span> <span class='ocrx_word' id='word_1_562' title='bbox 3457 3473 3653 3545; x_wconf 71' lang='grc' dir='ltr'>Πατὴρ</span> 
     </span>
    </p>
   </div>
   <div class='ocr_carea' id='block_1_79' title="bbox 2055 3565 3648 3637">
    <p class='ocr_par' dir='ltr' id='par_1_79' title="bbox 2055 3565 3648 3637">
     <span class='ocr_line' id='line_1_79' title="bbox 2055 3565 3648 3637; baseline -0.003 -16"><span class='ocrx_word' id='word_1_563' title='bbox 2055 3568 2150 3621; x_wconf 88' lang='grc' dir='ltr'><strong>τοῦ</strong></span> <span class='ocrx_word' id='word_1_564' title='bbox 2208 3570 2363 3637; x_wconf 86' lang='grc' dir='ltr'>ἁγίου</span> <span class='ocrx_word' id='word_1_565' title='bbox 2420 3568 2618 3630; x_wconf 86' lang='grc' dir='ltr'>Παιδός</span> <span class='ocrx_word' id='word_1_566' title='bbox 2652 3584 2745 3619; x_wconf 84' lang='grc' dir='ltr'><strong>σου</strong></span> <span class='ocrx_word' id='word_1_567' title='bbox 2800 3566 2975 3637; x_wconf 83' lang='grc' dir='ltr'>Ἰησοῦ</span> <span class='ocrx_word' id='word_1_568' title='bbox 3013 3565 3110 3618; x_wconf 88' lang='grc' dir='ltr'><strong>τοῦ</strong></span> <span class='ocrx_word' id='word_1_569' title='bbox 3155 3566 3409 3637; x_wconf 79' lang='grc' dir='ltr'>Σωτῆρος</span> <span class='ocrx_word' id='word_1_570' title='bbox 3463 3568 3648 3635; x_wconf 72' lang='grc' dir='ltr'>ἡμῶν,</span> 
     </span>
    </p>
   </div>
   <div class='ocr_carea' id='block_1_80' title="bbox 2057 3658 3648 3732">
    <p class='ocr_par' dir='ltr' id='par_1_80' title="bbox 2057 3658 3648 3732">
     <span class='ocr_line' id='line_1_80' title="bbox 2057 3658 3648 3732; baseline -0.001 -19"><span class='ocrx_word' id='word_1_571' title='bbox 2057 3660 2346 3731; x_wconf 76' lang='grc' dir='ltr'>ὲπίὸλεψον</span> <span class='ocrx_word' id='word_1_572' title='bbox 2376 3663 2460 3731; x_wconf 78' lang='grc' dir='ltr'><strong>ἐφ’</strong></span> <span class='ocrx_word' id='word_1_573' title='bbox 2490 3664 2522 3732; x_wconf 77' lang='grc' dir='ltr'>ἡ</span> <span class='ocrx_word' id='word_1_574' title='bbox 2534 3663 2640 3731; x_wconf 81' lang='grc' dir='ltr'><strong>μᾶς</strong></span> <span class='ocrx_word' id='word_1_575' title='bbox 2669 3661 2764 3713; x_wconf 69' lang='grc' dir='ltr'>καὶ</span> <span class='ocrx_word' id='word_1_576' title='bbox 2808 3661 2901 3712; x_wconf 72' lang='grc' dir='ltr'>ἐπὶ</span> <span class='ocrx_word' id='word_1_577' title='bbox 2931 3660 2991 3713; x_wconf 88' lang='grc' dir='ltr'>τὸ</span> <span class='ocrx_word' id='word_1_578' title='bbox 3037 3659 3289 3731; x_wconf 68' lang='grc' dir='ltr'>ποίμνιον</span> <span class='ocrx_word' id='word_1_579' title='bbox 3325 3676 3419 3709; x_wconf 83' lang='grc' dir='ltr'><strong>σου</strong></span> <span class='ocrx_word' id='word_1_580' title='bbox 3466 3658 3648 3715; x_wconf 81' lang='grc' dir='ltr'>τοῦτο.</span> 
     </span>
    </p>
   </div>
   <div class='ocr_carea' id='block_1_81' title="bbox 2057 3750 3651 3820">
    <p class='ocr_par' dir='ltr' id='par_1_81' title="bbox 2057 3750 3651 3820">
     <span class='ocr_line' id='line_1_81' title="bbox 2057 3750 3651 3820; baseline -0.004 -13"><span class='ocrx_word' id='word_1_581' title='bbox 2057 3754 2085 3807; x_wconf 84' lang='grc' dir='ltr'><strong>ὃ</strong></span> <span class='ocrx_word' id='word_1_582' title='bbox 2113 3754 2179 3807; x_wconf 77' lang='grc' dir='ltr'>δι’</span> <span class='ocrx_word' id='word_1_583' title='bbox 2209 3753 2377 3808; x_wconf 86' lang='grc' dir='ltr'>αὑτοῦ</span> <span class='ocrx_word' id='word_1_584' title='bbox 2408 3753 2635 3820; x_wconf 76' lang='grc' dir='ltr'>ἐξελέξω</span> <span class='ocrx_word' id='word_1_585' title='bbox 2680 3755 2761 3815; x_wconf 89' lang='grc' dir='ltr'><strong>είς</strong></span> <span class='ocrx_word' id='word_1_586' title='bbox 2788 3752 2947 3816; x_wconf 78' lang='grc' dir='ltr'>δόξαν</span> <span class='ocrx_word' id='word_1_587' title='bbox 2974 3751 3069 3804; x_wconf 83' lang='grc' dir='ltr'><strong>τοῦ</strong></span> <span class='ocrx_word' id='word_1_588' title='bbox 3099 3750 3359 3819; x_wconf 78' lang='grc' dir='ltr'>ὀνόματός</span> <span class='ocrx_word' id='word_1_589' title='bbox 3396 3766 3489 3801; x_wconf 88' lang='grc' dir='ltr'><strong>σου</strong></span> <span class='ocrx_word' id='word_1_590' title='bbox 3510 3793 3524 3815; x_wconf 90' lang='grc'><strong>,</strong></span> <span class='ocrx_word' id='word_1_591' title='bbox 3556 3752 3651 3803; x_wconf 68' lang='grc' dir='ltr'><strong>καὶ</strong></span> 
     </span>
    </p>
   </div>
   <div class='ocr_carea' id='block_1_82' title="bbox 2058 3842 3653 3916">
    <p class='ocr_par' dir='ltr' id='par_1_82' title="bbox 2058 3842 3653 3916">
     <span class='ocr_line' id='line_1_82' title="bbox 2058 3842 3653 3916; baseline -0.016 -1"><span class='ocrx_word' id='word_1_592' title='bbox 2058 3846 2291 3914; x_wconf 77' lang='grc' dir='ltr'>ἁγιάσας</span> <span class='ocrx_word' id='word_1_593' title='bbox 2320 3845 2479 3916; x_wconf 80' lang='grc' dir='ltr'>ἡμῶν</span> <span class='ocrx_word' id='word_1_594' title='bbox 2502 3845 2562 3897; x_wconf 85' lang='grc' dir='ltr'>τὸ</span> <span class='ocrx_word' id='word_1_595' title='bbox 2593 3844 2750 3915; x_wconf 83' lang='grc' dir='ltr'>σῶμα</span> <span class='ocrx_word' id='word_1_596' title='bbox 2773 3843 2881 3914; x_wconf 67' lang='grc'>(64)</span> <span class='ocrx_word' id='word_1_597' title='bbox 2921 3845 3013 3896; x_wconf 76' lang='grc' dir='ltr'><strong>καὶ</strong></span> <span class='ocrx_word' id='word_1_598' title='bbox 3040 3842 3139 3913; x_wconf 76' lang='grc' dir='ltr'><strong>τὴν</strong></span> <span class='ocrx_word' id='word_1_599' title='bbox 3166 3842 3343 3911; x_wconf 74' lang='grc' dir='ltr'>ψυχὴν</span> <span class='ocrx_word' id='word_1_600' title='bbox 3377 3842 3653 3905; x_wconf 82' lang='grc' dir='ltr'>καταξίω-</span> 
     </span>
    </p>
   </div>
   <div class='ocr_carea' id='block_1_83' title="bbox 2060 3934 3652 4009">
    <p class='ocr_par' dir='ltr' id='par_1_83' title="bbox 2060 3934 3652 4009">
     <span class='ocr_line' id='line_1_83' title="bbox 2060 3934 3652 4009; baseline -0.003 -18"><span class='ocrx_word' id='word_1_601' title='bbox 2060 3954 2150 3991; x_wconf 90' lang='grc' dir='ltr'><strong>σον</strong></span> <span class='ocrx_word' id='word_1_602' title='bbox 2180 3938 2456 4009; x_wconf 80' lang='grc' dir='ltr'>καθαροὺς</span> <span class='ocrx_word' id='word_1_603' title='bbox 2485 3938 2808 4007; x_wconf 88' lang='grc' dir='ltr'>γενομένους</span> <span class='ocrx_word' id='word_1_604' title='bbox 2832 3936 2941 3989; x_wconf 75' lang='grc' dir='ltr'><strong>ἀπὸ</strong></span> <span class='ocrx_word' id='word_1_605' title='bbox 2971 3935 3171 3997; x_wconf 83' lang='grc' dir='ltr'>παντὸς</span> <span class='ocrx_word' id='word_1_606' title='bbox 3200 3934 3481 4005; x_wconf 77' lang='grc' dir='ltr'>μολυσμοῦ</span> <span class='ocrx_word' id='word_1_607' title='bbox 3518 3952 3652 4006; x_wconf 83' lang='grc' dir='ltr'>σαρ-</span> 
     </span>
    </p>
   </div>
   <div class='ocr_carea' id='block_1_84' title="bbox 2058 4027 3650 4100">
    <p class='ocr_par' dir='ltr' id='par_1_84' title="bbox 2058 4027 3650 4100">
     <span class='ocr_line' id='line_1_84' title="bbox 2058 4027 3650 4100; baseline -0.003 -16"><span class='ocrx_word' id='word_1_608' title='bbox 2058 4032 2152 4094; x_wconf 84' lang='grc' dir='ltr'><strong>κὸς</strong></span> <span class='ocrx_word' id='word_1_609' title='bbox 2181 4032 2274 4085; x_wconf 74' lang='grc' dir='ltr'>καὶ</span> <span class='ocrx_word' id='word_1_610' title='bbox 2306 4030 2632 4100; x_wconf 82' lang='grc' dir='ltr'>πνεύματος,</span> <span class='ocrx_word' id='word_1_611' title='bbox 2662 4033 2844 4099; x_wconf 84' lang='grc' dir='ltr'>τυχεῖν</span> <span class='ocrx_word' id='word_1_612' title='bbox 2863 4029 2972 4081; x_wconf 82' lang='grc' dir='ltr'><strong>τῶν</strong></span> <span class='ocrx_word' id='word_1_613' title='bbox 2995 4027 3370 4099; x_wconf 84' lang='grc' dir='ltr'>προκειμένων</span> <span class='ocrx_word' id='word_1_614' title='bbox 3402 4027 3650 4093; x_wconf 79' lang='grc' dir='ltr'>ἀγαθῶν,</span> 
     </span>
    </p>
   </div>
   <div class='ocr_carea' id='block_1_85' title="bbox 2059 4118 3653 4195">
    <p class='ocr_par' dir='ltr' id='par_1_85' title="bbox 2059 4118 3653 4195">
     <span class='ocr_line' id='line_1_85' title="bbox 2059 4118 3653 4195; baseline -0.004 -19"><span class='ocrx_word' id='word_1_615' title='bbox 2059 4124 2155 4176; x_wconf 79' lang='grc' dir='ltr'><strong>καὶ</strong></span> <span class='ocrx_word' id='word_1_616' title='bbox 2186 4123 2389 4193; x_wconf 80' lang='grc' dir='ltr'>μηδένα</span> <span class='ocrx_word' id='word_1_617' title='bbox 2416 4122 2576 4193; x_wconf 81' lang='grc' dir='ltr'>ἡμῶν</span> <span class='ocrx_word' id='word_1_618' title='bbox 2604 4120 2820 4185; x_wconf 82' lang='grc' dir='ltr'>ἀνάξιον</span> <span class='ocrx_word' id='word_1_619' title='bbox 2858 4121 3069 4191; x_wconf 75' lang='grc' dir='ltr'>κρίνῃς,</span> <span class='ocrx_word' id='word_1_620' title='bbox 3088 4118 3233 4195; x_wconf 65' lang='grc' dir='ltr'>,ἀλλά</span> <span class='ocrx_word' id='word_1_621' title='bbox 3265 4118 3459 4187; x_wconf 82' lang='grc' dir='ltr'>βοηθὸς</span> <span class='ocrx_word' id='word_1_622' title='bbox 3488 4119 3653 4189; x_wconf 75' lang='grc' dir='ltr'>ἡμῶν</span> 
     </span>
    </p>
   </div>
   <div class='ocr_carea' id='block_1_86' title="bbox 2058 4210 3653 4286">
    <p class='ocr_par' dir='ltr' id='par_1_86' title="bbox 2058 4210 3653 4286">
     <span class='ocr_line' id='line_1_86' title="bbox 2058 4210 3653 4286; baseline -0.004 -17"><span class='ocrx_word' id='word_1_623' title='bbox 2058 4216 2247 4286; x_wconf 87' lang='grc' dir='ltr'>γενοῦ,</span> <span class='ocrx_word' id='word_1_624' title='bbox 2273 4215 2652 4286; x_wconf 80' lang='grc' dir='ltr'>ἀντιλήπτωρ,</span> <span class='ocrx_word' id='word_1_625' title='bbox 2685 4212 3119 4283; x_wconf 74' lang='grc' dir='ltr'>ὑπερασπιστὴς,</span> <span class='ocrx_word' id='word_1_626' title='bbox 3148 4210 3234 4263; x_wconf 79' lang='grc' dir='ltr'><strong>διὰ</strong></span> <span class='ocrx_word' id='word_1_627' title='bbox 3277 4210 3371 4262; x_wconf 78' lang='grc' dir='ltr'><strong>τοῦ</strong></span> <span class='ocrx_word' id='word_1_628' title='bbox 3408 4211 3653 4281; x_wconf 76' lang='grc' dir='ltr'>Χριστοῦ</span> 
     </span>
    </p>
   </div>
   <div class='ocr_carea' id='block_1_87' title="bbox 2061 4301 3655 4381">
    <p class='ocr_par' dir='ltr' id='par_1_87' title="bbox 2061 4301 3655 4381">
     <span class='ocr_line' id='line_1_87' title="bbox 2061 4301 3655 4381; baseline -0.005 -18"><span class='ocrx_word' id='word_1_629' title='bbox 2061 4322 2154 4363; x_wconf 85' lang='grc' dir='ltr'><strong>σου</strong></span> <span class='ocrx_word' id='word_1_630' title='bbox 2178 4327 2190 4340; x_wconf 66' lang='grc' dir='ltr'><strong>ε</strong></span> <span class='ocrx_word' id='word_1_631' title='bbox 2232 4309 2348 4381; x_wconf 87' lang='grc' dir='ltr'>μεθ’</span> <span class='ocrx_word' id='word_1_632' title='bbox 2383 4302 2443 4362; x_wconf 79' lang='grc' dir='ltr'><strong>οὗ</strong></span> <span class='ocrx_word' id='word_1_633' title='bbox 2481 4326 2562 4362; x_wconf 89' lang='grc' dir='ltr'><strong>σοι</strong></span> <span class='ocrx_word' id='word_1_634' title='bbox 2593 4308 2743 4373; x_wconf 78' lang='grc' dir='ltr'>δόξα,</span> <span class='ocrx_word' id='word_1_635' title='bbox 2774 4306 2929 4377; x_wconf 79' lang='grc' dir='ltr'>τιμὴ,</span> <span class='ocrx_word' id='word_1_636' title='bbox 2958 4301 3123 4368; x_wconf 74' lang='grc' dir='ltr'>αἶνος,</span> <span class='ocrx_word' id='word_1_637' title='bbox 3157 4303 3461 4371; x_wconf 78' lang='grc' dir='ltr'>δοξολογία,</span> <span class='ocrx_word' id='word_1_638' title='bbox 3487 4304 3655 4373; x_wconf 82' lang='grc' dir='ltr'>εὑχα-</span> 
     </span>
    </p>
   </div>
   <div class='ocr_carea' id='block_1_88' title="bbox 2062 4394 3650 4476">
    <p class='ocr_par' dir='ltr' id='par_1_88' title="bbox 2062 4394 3650 4476">
     <span class='ocr_line' id='line_1_88' title="bbox 2062 4394 3650 4476; baseline -0.007 -19"><span class='ocrx_word' id='word_1_639' title='bbox 2062 4403 2240 4476; x_wconf 89' lang='grc' dir='ltr'>ριστία</span> <span class='ocrx_word' id='word_1_640' title='bbox 2265 4446 2278 4468; x_wconf 91' lang='grc'><strong>,</strong></span> <span class='ocrx_word' id='word_1_641' title='bbox 2316 4402 2522 4473; x_wconf 76' lang='grc' dir='ltr'>καὶτῷ</span> <span class='ocrx_word' id='word_1_642' title='bbox 2573 4402 2715 4471; x_wconf 83' lang='grc' dir='ltr'>ἁγίῳ</span> <span class='ocrx_word' id='word_1_643' title='bbox 2754 4398 3063 4469; x_wconf 85' lang='grc' dir='ltr'>Πνεὺματι,</span> <span class='ocrx_word' id='word_1_644' title='bbox 3114 4398 3192 4458; x_wconf 87' lang='grc' dir='ltr'>εἰς</span> <span class='ocrx_word' id='word_1_645' title='bbox 3238 4397 3365 4457; x_wconf 68' lang='grc' dir='ltr'>τοὺς</span> <span class='ocrx_word' id='word_1_646' title='bbox 3424 4394 3650 4457; x_wconf 74' lang='grc' dir='ltr'>αἰῶνας.</span> 
     </span>
    </p>
   </div>
   <div class='ocr_carea' id='block_1_89' title="bbox 2074 4487 3654 4565">
    <p class='ocr_par' dir='ltr' id='par_1_89' title="bbox 2074 4487 3654 4565">
     <span class='ocr_line' id='line_1_89' title="bbox 2074 4487 3654 4565; baseline -0.004 -19"><span class='ocrx_word' id='word_1_647' title='bbox 2074 4496 2263 4565; x_wconf 82' lang='grc' dir='ltr'>Ἀμήν.</span> <span class='ocrx_word' id='word_1_648' title='bbox 2300 4496 2410 4548; x_wconf 86' lang='lat' dir='ltr'><strong>Kal</strong></span> <span class='ocrx_word' id='word_1_649' title='bbox 2446 4493 2583 4564; x_wconf 86' lang='grc' dir='ltr'><strong>μετά</strong></span> <span class='ocrx_word' id='word_1_650' title='bbox 2614 4494 2674 4545; x_wconf 74' lang='grc' dir='ltr'>τὸ</span> <span class='ocrx_word' id='word_1_651' title='bbox 2727 4492 2931 4554; x_wconf 85' lang='grc' dir='ltr'>πάντας</span> <span class='ocrx_word' id='word_1_652' title='bbox 2968 4491 3142 4543; x_wconf 81' lang='grc' dir='ltr'>εἰπεῖν</span> <span class='ocrx_word' id='word_1_653' title='bbox 3168 4528 3181 4552; x_wconf 92' lang='grc'><strong>,</strong></span> <span class='ocrx_word' id='word_1_654' title='bbox 3223 4488 3417 4557; x_wconf 72' lang='grc' dir='ltr'>Ἀμήνο</span> <span class='ocrx_word' id='word_1_655' title='bbox 3468 4487 3499 4537; x_wconf 92' lang='lat'><strong>6</strong></span> <span class='ocrx_word' id='word_1_656' title='bbox 3538 4487 3654 4540; x_wconf 83' lang='grc' dir='ltr'>διὰ-</span> 
     </span>
    </p>
   </div>
   <div class='ocr_carea' id='block_1_90' title="bbox 375 4574 1951 4657">
    <p class='ocr_par' dir='ltr' id='par_1_90' title="bbox 375 4574 1951 4641">
     <span class='ocr_line' id='line_1_90' title="bbox 375 4574 1951 4641; baseline 0.003 -12"><span class='ocrx_word' id='word_1_657' title='bbox 375 4582 640 4639; x_wconf 85' lang='lat' dir='ltr'><strong>sanctus,</strong></span> <span class='ocrx_word' id='word_1_658' title='bbox 675 4592 818 4630; x_wconf 90' lang='lat' dir='ltr'><strong>unus</strong></span> <span class='ocrx_word' id='word_1_659' title='bbox 855 4574 1122 4629; x_wconf 89' lang='lat' dir='ltr'><strong>Dominus</strong></span> <span class='ocrx_word' id='word_1_660' title='bbox 1145 4615 1159 4638; x_wconf 91' lang='lat'><strong>,</strong></span> <span class='ocrx_word' id='word_1_661' title='bbox 1194 4592 1337 4631; x_wconf 90' lang='lat' dir='ltr'><strong>unus</strong></span> <span class='ocrx_word' id='word_1_662' title='bbox 1367 4574 1529 4632; x_wconf 82' lang='lat' dir='ltr'><strong>Jesus</strong></span> <span class='ocrx_word' id='word_1_663' title='bbox 1560 4576 1817 4632; x_wconf 86' lang='lat' dir='ltr'><strong>Christus</strong></span> <span class='ocrx_word' id='word_1_664' title='bbox 1839 4618 1852 4641; x_wconf 90' lang='lat'><strong>,</strong></span> <span class='ocrx_word' id='word_1_665' title='bbox 1899 4578 1951 4635; x_wconf 90' lang='lat' dir='ltr'><strong>in</strong></span> 
     </span>
    </p>
   </div>
   <div class='ocr_carea' id='block_1_91' title="bbox 2060 4574 3654 4657">
    <p class='ocr_par' dir='ltr' id='par_1_91' title="bbox 2060 4581 3654 4657">
     <span class='ocr_line' id='line_1_91' title="bbox 2060 4581 3654 4657; baseline -0.007 -17"><span class='ocrx_word' id='word_1_666' title='bbox 2060 4604 2215 4649; x_wconf 89' lang='grc' dir='ltr'>κονος</span> <span class='ocrx_word' id='word_1_667' title='bbox 2263 4586 2484 4655; x_wconf 80' lang='grc' dir='ltr'>λεγέτω·</span> <span class='ocrx_word' id='word_1_668' title='bbox 2522 4586 2878 4657; x_wconf 83' lang='grc' dir='ltr'>Πρόσχωμεν.</span> <span class='ocrx_word' id='word_1_669' title='bbox 2933 4584 3045 4635; x_wconf 83' lang='lat' dir='ltr'><strong>Kal</strong></span> <span class='ocrx_word' id='word_1_670' title='bbox 3078 4583 3104 4633; x_wconf 84' lang='lat'><strong>6</strong></span> <span class='ocrx_word' id='word_1_671' title='bbox 3135 4581 3438 4641; x_wconf 72' lang='grc' dir='ltr'>ἐπίσκοπος</span> <span class='ocrx_word' id='word_1_672' title='bbox 3483 4596 3654 4650; x_wconf 86' lang='grc' dir='ltr'>προσ-</span> 
     </span>
    </p>
   </div>
   <div class='ocr_carea' id='block_1_92' title="bbox 374 4666 1953 4736">
    <p class='ocr_par' dir='ltr' id='par_1_92' title="bbox 374 4666 1953 4736">
     <span class='ocr_line' id='line_1_92' title="bbox 374 4666 1953 4736; baseline 0.004 -18"><span class='ocrx_word' id='word_1_673' title='bbox 374 4666 602 4736; x_wconf 87' lang='lat' dir='ltr'><strong>gloriam</strong></span> <span class='ocrx_word' id='word_1_674' title='bbox 637 4666 732 4722; x_wconf 90' lang='lat' dir='ltr'><strong>Dei</strong></span> <span class='ocrx_word' id='word_1_675' title='bbox 764 4666 978 4731; x_wconf 88' lang='lat' dir='ltr'><strong>Patris,</strong></span> <span class='ocrx_word' id='word_1_676' title='bbox 1024 4666 1349 4721; x_wconf 78' lang='lat' dir='ltr'><strong>benedictus</strong></span> <span class='ocrx_word' id='word_1_677' title='bbox 1402 4668 1455 4722; x_wconf 88' lang='lat' dir='ltr'><strong>in</strong></span> <span class='ocrx_word' id='word_1_678' title='bbox 1507 4670 1729 4723; x_wconf 58' lang='lat' dir='ltr'><strong>sateula.</strong></span> <span class='ocrx_word' id='word_1_679' title='bbox 1761 4668 1953 4726; x_wconf 86' lang='lat' dir='ltr'><strong>Amen.</strong></span> 
     </span>
    </p>
   </div>
   <div class='ocr_carea' id='block_1_93' title="bbox 381 4756 1951 4832">
    <p class='ocr_par' dir='ltr' id='par_1_93' title="bbox 381 4756 1951 4832">
     <span class='ocr_line' id='line_1_93' title="bbox 381 4756 1951 4832; baseline 0 -19"><span class='ocrx_word' id='word_1_680' title='bbox 381 4775 401 4813; x_wconf 78' lang='grc' dir='ltr'><strong>ι</strong></span> <span class='ocrx_word' id='word_1_681' title='bbox 440 4756 626 4812; x_wconf 84' lang='lat' dir='ltr'><strong>Gloria</strong></span> <span class='ocrx_word' id='word_1_682' title='bbox 658 4760 712 4814; x_wconf 88' lang='lat' dir='ltr'><strong>in</strong></span> <span class='ocrx_word' id='word_1_683' title='bbox 753 4760 1041 4815; x_wconf 86' lang='lat' dir='ltr'><strong>altissimis</strong></span> <span class='ocrx_word' id='word_1_684' title='bbox 1076 4759 1207 4822; x_wconf 89' lang='lat' dir='ltr'><strong>Deo,</strong></span> <span class='ocrx_word' id='word_1_685' title='bbox 1242 4772 1295 4814; x_wconf 90' lang='lat' dir='ltr'><strong>et</strong></span> <span class='ocrx_word' id='word_1_686' title='bbox 1326 4761 1378 4814; x_wconf 91' lang='lat' dir='ltr'><strong>in</strong></span> <span class='ocrx_word' id='word_1_687' title='bbox 1412 4769 1557 4817; x_wconf 87' lang='lat' dir='ltr'><strong>terra</strong></span> <span class='ocrx_word' id='word_1_688' title='bbox 1600 4778 1699 4832; x_wconf 82' lang='lat' dir='ltr'><strong>pax</strong></span> <span class='ocrx_word' id='word_1_689' title='bbox 1721 4803 1736 4826; x_wconf 93' lang='lat'><strong>,</strong></span> <span class='ocrx_word' id='word_1_690' title='bbox 1770 4763 1825 4818; x_wconf 91' lang='lat' dir='ltr'><strong>in</strong></span> <span class='ocrx_word' id='word_1_691' title='bbox 1859 4764 1951 4817; x_wconf 85' lang='lat' dir='ltr'><strong>ho-</strong></span> 
     </span>
    </p>
   </div>
   <div class='ocr_carea' id='block_1_94' title="bbox 448 4915 2003 4985">
    <p class='ocr_par' dir='ltr' id='par_1_94' title="bbox 448 4915 2003 4985">
     <span class='ocr_line' id='line_1_94' title="bbox 448 4915 2003 4985; baseline 0.006 -15"><span class='ocrx_word' id='word_1_692' title='bbox 448 4915 519 4969; x_wconf 74' lang='lat' dir='ltr'>&quot;I</span> <span class='ocrx_word' id='word_1_693' title='bbox 544 4916 753 4981; x_wconf 88' lang='lat' dir='ltr'><strong>Tim.u,</strong></span> <span class='ocrx_word' id='word_1_694' title='bbox 788 4919 842 4972; x_wconf 73' lang='lat'><strong>2.</strong></span> <span class='ocrx_word' id='word_1_695' title='bbox 922 4918 968 4951; x_wconf 78' lang='lat'><strong><em>”</em></strong></span> <span class='ocrx_word' id='word_1_696' title='bbox 988 4917 1101 4973; x_wconf 83' lang='lat' dir='ltr'><strong>Jer.</strong></span> <span class='ocrx_word' id='word_1_697' title='bbox 1136 4936 1308 4985; x_wconf 73' lang='lat' dir='ltr'><strong>xxxu,</strong></span> <span class='ocrx_word' id='word_1_698' title='bbox 1342 4920 1428 4975; x_wconf 82' lang='lat' dir='ltr'><strong>I9.</strong></span> <span class='ocrx_word' id='word_1_699' title='bbox 1509 4923 1551 4955; x_wconf 78' lang='grc'><strong>’⁷</strong></span> <span class='ocrx_word' id='word_1_700' title='bbox 1586 4921 1627 4976; x_wconf 92' lang='lat' dir='ltr'><strong>II</strong></span> <span class='ocrx_word' id='word_1_701' title='bbox 1660 4923 1788 4978; x_wconf 91' lang='lat' dir='ltr'><strong>Cor.</strong></span> <span class='ocrx_word' id='word_1_702' title='bbox 1820 4940 1916 4980; x_wconf 81' lang='lat' dir='ltr'><strong>vn.</strong></span> <span class='ocrx_word' id='word_1_703' title='bbox 1952 4926 2003 4980; x_wconf 87' lang='lat' dir='ltr'><strong>I.</strong></span> 
     </span>
    </p>
   </div>
   <div class='ocr_carea' id='block_1_95' title="bbox 2061 4673 3652 4748">
    <p class='ocr_par' dir='ltr' id='par_1_95' title="bbox 2061 4673 3652 4748">
     <span class='ocr_line' id='line_1_95' title="bbox 2061 4673 3652 4748; baseline -0.004 -18"><span class='ocrx_word' id='word_1_704' title='bbox 2061 4679 2367 4748; x_wconf 79' lang='grc' dir='ltr'>φωνησάτω</span> <span class='ocrx_word' id='word_1_705' title='bbox 2412 4677 2491 4748; x_wconf 87' lang='grc' dir='ltr'><strong>τῷ</strong></span> <span class='ocrx_word' id='word_1_706' title='bbox 2536 4678 2651 4748; x_wconf 89' lang='grc' dir='ltr'><strong>λαῷ</strong></span> <span class='ocrx_word' id='word_1_707' title='bbox 2678 4676 2840 4730; x_wconf 80' lang='grc' dir='ltr'>οῦτω’</span> <span class='ocrx_word' id='word_1_708' title='bbox 2880 4675 2960 4727; x_wconf 87' lang='grc' dir='ltr'><strong>Τά</strong></span> <span class='ocrx_word' id='word_1_709' title='bbox 2990 4675 3120 4744; x_wconf 79' lang='grc' dir='ltr'>ἀγια</span> <span class='ocrx_word' id='word_1_710' title='bbox 3159 4676 3272 4737; x_wconf 84' lang='grc' dir='ltr'>τοῖς</span> <span class='ocrx_word' id='word_1_711' title='bbox 3304 4674 3505 4740; x_wconf 83' lang='grc' dir='ltr'>ἁγίοις.</span> <span class='ocrx_word' id='word_1_712' title='bbox 3545 4673 3652 4723; x_wconf 81' lang='grc' dir='ltr'><strong>Καὶ</strong></span> 
     </span>
    </p>
   </div>
   <div class='ocr_carea' id='block_1_96' title="bbox 2059 4759 3651 4841">
    <p class='ocr_par' dir='ltr' id='par_1_96' title="bbox 2059 4759 3651 4841">
     <span class='ocr_line' id='line_1_96' title="bbox 2059 4759 3651 4841; baseline 0.004 -19"><span class='ocrx_word' id='word_1_713' title='bbox 2059 4770 2088 4822; x_wconf 95' lang='lat'><strong>6</strong></span> <span class='ocrx_word' id='word_1_714' title='bbox 2120 4770 2247 4835; x_wconf 80' lang='grc' dir='ltr'>λαὸς</span> <span class='ocrx_word' id='word_1_715' title='bbox 2294 4771 2630 4826; x_wconf 82' lang='grc' dir='ltr'>ὑπακουέτω·</span> <span class='ocrx_word' id='word_1_716' title='bbox 2682 4770 2793 4841; x_wconf 80' lang='grc'>(65)</span> <span class='ocrx_word' id='word_1_717' title='bbox 2826 4766 2921 4833; x_wconf 77' lang='grc' dir='ltr'><strong>Εἷς</strong></span> <span class='ocrx_word' id='word_1_718' title='bbox 2974 4767 3156 4839; x_wconf 72' lang='grc' dir='ltr'>ἅγιος,</span> <span class='ocrx_word' id='word_1_719' title='bbox 3189 4762 3269 4831; x_wconf 78' lang='grc' dir='ltr'>εἷς</span> <span class='ocrx_word' id='word_1_720' title='bbox 3301 4766 3540 4838; x_wconf 75' lang='grc' dir='ltr'>Κύριος,</span> <span class='ocrx_word' id='word_1_721' title='bbox 3575 4759 3651 4828; x_wconf 73' lang='grc' dir='ltr'><strong>εἷς</strong></span> 
     </span>
    </p>
   </div>
   <div class='ocr_carea' id='block_1_97' title="bbox 1712 5121 2334 5181">
    <p class='ocr_par' dir='ltr' id='par_1_97' title="bbox 1712 5121 2334 5181">
     <span class='ocr_line' id='line_1_97' title="bbox 1712 5121 2334 5181; baseline 0.008 -7"><span class='ocrx_word' id='word_1_722' title='bbox 1712 5121 2074 5179; x_wconf 77' lang='lat' dir='ltr'><strong>VARIORUM</strong></span> <span class='ocrx_word' id='word_1_723' title='bbox 2106 5124 2334 5181; x_wconf 63' lang='lat' dir='ltr'><strong>NOTAE.</strong></span> 
     </span>
    </p>
   </div>
   <div class='ocr_carea' id='block_1_98' title="bbox 449 5304 1963 5377">
    <p class='ocr_par' dir='ltr' id='par_1_98' title="bbox 449 5304 1963 5377">
     <span class='ocr_line' id='line_1_98' title="bbox 449 5304 1963 5377; baseline 0.002 -19"><span class='ocrx_word' id='word_1_724' title='bbox 449 5306 558 5377; x_wconf 59' lang='grc' dir='ltr'>(ϐξ)</span> <span class='ocrx_word' id='word_1_725' title='bbox 598 5304 709 5357; x_wconf 81' lang='grc' dir='ltr'><strong>Καὶ</strong></span> <span class='ocrx_word' id='word_1_726' title='bbox 756 5305 1108 5372; x_wconf 77' lang='grc' dir='ltr'>ὑπηρεσίας.</span> <span class='ocrx_word' id='word_1_727' title='bbox 1162 5304 1369 5377; x_wconf 79' lang='lat' dir='ltr'><strong>Desunt</strong></span> <span class='ocrx_word' id='word_1_728' title='bbox 1418 5306 1472 5359; x_wconf 93' lang='lat' dir='ltr'><strong>in</strong></span> <span class='ocrx_word' id='word_1_729' title='bbox 1520 5306 1644 5361; x_wconf 91' lang='lat' dir='ltr'><strong>cod.</strong></span> <span class='ocrx_word' id='word_1_730' title='bbox 1686 5305 1847 5363; x_wconf 82' lang='lat' dir='ltr'><strong>Vind.</strong></span> <span class='ocrx_word' id='word_1_731' title='bbox 1899 5324 1963 5361; x_wconf 88' lang='lat' dir='ltr'><strong>ac</strong></span> 
     </span>
    </p>
   </div>
   <div class='ocr_carea' id='block_1_99' title="bbox 380 5376 1364 5445">
    <p class='ocr_par' dir='ltr' id='par_1_99' title="bbox 380 5376 1364 5445">
     <span class='ocr_line' id='line_1_99' title="bbox 380 5376 1364 5445; baseline -0.006 -11"><span class='ocrx_word' id='word_1_732' title='bbox 380 5376 511 5434; x_wconf 82' lang='lat' dir='ltr'><strong>sane</strong></span> <span class='ocrx_word' id='word_1_733' title='bbox 541 5379 731 5429; x_wconf 81' lang='lat' dir='ltr'><strong>abesse</strong></span> <span class='ocrx_word' id='word_1_734' title='bbox 759 5376 886 5428; x_wconf 90' lang='lat' dir='ltr'><strong>hinc</strong></span> <span class='ocrx_word' id='word_1_735' title='bbox 909 5383 1160 5445; x_wconf 85' lang='lat' dir='ltr'><strong>possunt.</strong></span> <span class='ocrx_word' id='word_1_736' title='bbox 1192 5376 1364 5429; x_wconf 73' lang='lat' dir='ltr'><strong>Cum.</strong></span> 
     </span>
    </p>
   </div>
   <div class='ocr_carea' id='block_1_100' title="bbox 449 5445 1962 5515">
    <p class='ocr_par' dir='ltr' id='par_1_100' title="bbox 449 5445 1962 5515">
     <span class='ocr_line' id='line_1_100' title="bbox 449 5445 1962 5515; baseline 0.001 -16"><span class='ocrx_word' id='word_1_737' title='bbox 449 5447 559 5515; x_wconf 79' lang='grc'>(65)</span> <span class='ocrx_word' id='word_1_738' title='bbox 610 5446 739 5498; x_wconf 79' lang='grc' dir='ltr'><strong>’Υπ’</strong></span> <span class='ocrx_word' id='word_1_739' title='bbox 782 5445 988 5498; x_wconf 70' lang='grc' dir='ltr'><em>ἄλλων</em></span> <span class='ocrx_word' id='word_1_740' title='bbox 1029 5446 1604 5513; x_wconf 73' lang='grc' dir='ltr'>παρακαλέσθωσαν.</span> <span class='ocrx_word' id='word_1_741' title='bbox 1656 5446 1714 5499; x_wconf 84' lang='grc' dir='ltr'><strong>1η</strong></span> <span class='ocrx_word' id='word_1_742' title='bbox 1770 5446 1962 5501; x_wconf 87' lang='lat' dir='ltr'><strong>eodem</strong></span> 
     </span>
    </p>
   </div>
   <div class='ocr_carea' id='block_1_101' title="bbox 376 5516 1954 5587">
    <p class='ocr_par' dir='ltr' id='par_1_101' title="bbox 376 5516 1954 5587">
     <span class='ocr_line' id='line_1_101' title="bbox 376 5516 1954 5587; baseline 0.002 -18"><span class='ocrx_word' id='word_1_743' title='bbox 376 5517 566 5587; x_wconf 86' lang='lat' dir='ltr'><strong>codice</strong></span> <span class='ocrx_word' id='word_1_744' title='bbox 588 5517 729 5587; x_wconf 85' lang='grc' dir='ltr'>ὑπὲρ</span> <span class='ocrx_word' id='word_1_745' title='bbox 760 5516 1001 5587; x_wconf 82' lang='grc' dir='ltr'>ἀλλήλων</span> <span class='ocrx_word' id='word_1_746' title='bbox 1028 5516 1518 5587; x_wconf 83' lang='grc' dir='ltr'>παρακαλέσωμεν.</span> <span class='ocrx_word' id='word_1_747' title='bbox 1543 5516 1697 5582; x_wconf 89' lang='lat' dir='ltr'><strong>Quod</strong></span> <span class='ocrx_word' id='word_1_748' title='bbox 1727 5520 1954 5578; x_wconf 85' lang='lat' dir='ltr'><strong>rectius,</strong></span> 
     </span>
    </p>
   </div>
   <div class='ocr_carea' id='block_1_102' title="bbox 377 5586 1140 5656">
    <p class='ocr_par' dir='ltr' id='par_1_102' title="bbox 377 5586 1140 5656">
     <span class='ocr_line' id='line_1_102' title="bbox 377 5586 1140 5656; baseline 0.003 -17"><span class='ocrx_word' id='word_1_749' title='bbox 377 5586 425 5639; x_wconf 89' lang='lat' dir='ltr'><strong>si</strong></span> <span class='ocrx_word' id='word_1_750' title='bbox 453 5586 601 5656; x_wconf 76' lang='lat' dir='ltr'><strong>legas</strong></span> <span class='ocrx_word' id='word_1_751' title='bbox 639 5586 730 5639; x_wconf 81' lang='grc' dir='ltr'>ὑπ’</span> <span class='ocrx_word' id='word_1_752' title='bbox 764 5586 1028 5656; x_wconf 72' lang='grc' dir='ltr'>ἀλλήλων.</span> <span class='ocrx_word' id='word_1_753' title='bbox 1066 5586 1140 5641; x_wconf 84' lang='lat' dir='ltr'><strong>lo.</strong></span> 
     </span>
    </p>
   </div>
   <div class='ocr_carea' id='block_1_103' title="bbox 452 5653 1952 5775">
    <p class='ocr_par' dir='ltr' id='par_1_103' title="bbox 452 5653 1952 5775">
     <span class='ocr_line' id='line_1_103' title="bbox 452 5653 1952 5775; baseline 0.005 -67"><span class='ocrx_word' id='word_1_754' title='bbox 609 5656 684 5775; x_wconf 51' lang='grc' dir='ltr'><strong>Ἤ)</strong></span> <span class='ocrx_word' id='word_1_755' title='bbox 711 5653 899 5725; x_wconf 65' lang='grc' dir='ltr'>σῶμα.</span> <span class='ocrx_word' id='word_1_756' title='bbox 930 5657 1011 5709; x_wconf 90' lang='grc' dir='ltr'><strong>Τά</strong></span> <span class='ocrx_word' id='word_1_757' title='bbox 1041 5656 1267 5727; x_wconf 74' lang='grc' dir='ltr'>σώματα</span> <span class='ocrx_word' id='word_1_758' title='bbox 1303 5672 1357 5710; x_wconf 82' lang='grc' dir='ltr'>ιη</span> <span class='ocrx_word' id='word_1_759' title='bbox 1383 5659 1505 5713; x_wconf 88' lang='lat' dir='ltr'><strong>cod.</strong></span> <span class='ocrx_word' id='word_1_760' title='bbox 1543 5657 1952 5729; x_wconf 73' lang='lat' dir='ltr'><strong>Vindob.,quod</strong></span> 
     </span>
    </p>
   </div>
   <div class='ocr_carea' id='block_1_104' title="bbox 381 5738 684 5777">
    <p class='ocr_par' dir='ltr' id='par_1_104' title="bbox 381 5738 684 5777">
     <span class='ocr_line' id='line_1_104' title="bbox 381 5738 684 5777; baseline 0 -1"><span class='ocrx_word' id='word_1_761' title='bbox 381 5738 597 5776; x_wconf 70' lang='lat' dir='ltr'><strong>melius.</strong></span> <span class='ocrx_word' id='word_1_762' title='bbox 634 5738 684 5777; x_wconf 86' lang='lat' dir='ltr'><strong>ID</strong></span> 
     </span>
    </p>
   </div>
   <div class='ocr_carea' id='block_1_105' title="bbox 387 5790 1953 5869">
    <p class='ocr_par' dir='ltr' id='par_1_105' title="bbox 387 5790 1953 5869">
     <span class='ocr_line' id='line_1_105' title="bbox 387 5790 1953 5869; baseline 0.009 -29"><span class='ocrx_word' id='word_1_763' title='bbox 387 5856 420 5867; x_wconf 47' lang='grc' dir='ltr'>η</span> <span class='ocrx_word' id='word_1_764' title='bbox 452 5790 563 5867; x_wconf 73' lang='grc'>(65)</span> <span class='ocrx_word' id='word_1_765' title='bbox 605 5795 999 5869; x_wconf 63' lang='grc' dir='ltr'>Ὑπζικουέτω.</span> <span class='ocrx_word' id='word_1_766' title='bbox 1032 5796 1150 5869; x_wconf 75' lang='lat' dir='ltr'><strong>Dixi</strong></span> <span class='ocrx_word' id='word_1_767' title='bbox 1178 5798 1423 5869; x_wconf 83' lang='lat' dir='ltr'><strong>nonnihil</strong></span> <span class='ocrx_word' id='word_1_768' title='bbox 1461 5816 1646 5869; x_wconf 81' lang='lat' dir='ltr'><strong>supra.</strong></span> <span class='ocrx_word' id='word_1_769' title='bbox 1678 5799 1833 5855; x_wconf 85' lang='lat' dir='ltr'><strong>Nunc</strong></span> <span class='ocrx_word' id='word_1_770' title='bbox 1859 5802 1953 5854; x_wconf 73' lang='lat' dir='ltr'><strong>atl-</strong></span> 
     </span>
    </p>
   </div>
   <div class='ocr_carea' id='block_1_106' title="bbox 383 5865 1952 5938">
    <p class='ocr_par' dir='ltr' id='par_1_106' title="bbox 383 5865 1952 5938">
     <span class='ocr_line' id='line_1_106' title="bbox 383 5865 1952 5938; baseline 0.007 -24"><span class='ocrx_word' id='word_1_771' title='bbox 383 5865 513 5926; x_wconf 72' lang='lat' dir='ltr'><strong>jlcio</strong></span> <span class='ocrx_word' id='word_1_772' title='bbox 539 5865 973 5921; x_wconf 83' lang='lat' dir='ltr'><strong>emendationem</strong></span> <span class='ocrx_word' id='word_1_773' title='bbox 1023 5871 1075 5921; x_wconf 78' lang='lat' dir='ltr'><strong>in</strong></span> <span class='ocrx_word' id='word_1_774' title='bbox 1121 5867 1176 5921; x_wconf 85' lang='lat' dir='ltr'><strong>S.</strong></span> <span class='ocrx_word' id='word_1_775' title='bbox 1211 5865 1543 5929; x_wconf 42' lang='lat' dir='ltr'><strong>Athanasio;</strong></span> <span class='ocrx_word' id='word_1_776' title='bbox 1573 5871 1829 5938; x_wconf 64' lang='lat' dir='ltr'><strong>Apologia</strong></span> <span class='ocrx_word' id='word_1_777' title='bbox 1886 5872 1952 5925; x_wconf 80' lang='lat' dir='ltr'><strong>ad</strong></span> 
     </span>
    </p>
   </div>
   <div class='ocr_carea' id='block_1_107' title="bbox 2068 5307 3653 5382">
    <p class='ocr_par' dir='ltr' id='par_1_107' title="bbox 2068 5307 3653 5382">
     <span class='ocr_line' id='line_1_107' title="bbox 2068 5307 3653 5382; baseline 0.004 -22"><span class='ocrx_word' id='word_1_778' title='bbox 2068 5307 2733 5382; x_wconf 58' lang='lat' dir='ltr'><strong>Constanlirtntimperat._,</strong></span> <span class='ocrx_word' id='word_1_779' title='bbox 2774 5323 2838 5382; x_wconf 62' lang='grc' dir='ltr'><strong>Διι.</strong></span> <span class='ocrx_word' id='word_1_780' title='bbox 3052 5308 3163 5362; x_wconf 87' lang='grc' dir='ltr'>Ποῦ</span> <span class='ocrx_word' id='word_1_781' title='bbox 3202 5308 3414 5382; x_wconf 61' lang='grc' dir='ltr'>πρέπον</span> <span class='ocrx_word' id='word_1_782' title='bbox 3442 5308 3511 5382; x_wconf 72' lang='grc' dir='ltr'>ἦν</span> <span class='ocrx_word' id='word_1_783' title='bbox 3560 5314 3653 5366; x_wconf 65' lang='grc' dir='ltr'><strong>καὶ</strong></span> 
     </span>
    </p>
   </div>
   <div class='ocr_carea' id='block_1_108' title="bbox 2066 5377 3649 5451">
    <p class='ocr_par' dir='ltr' id='par_1_108' title="bbox 2066 5377 3649 5451">
     <span class='ocr_line' id='line_1_108' title="bbox 2066 5377 3649 5451; baseline 0.003 -19"><span class='ocrx_word' id='word_1_784' title='bbox 2066 5381 2211 5432; x_wconf 82' lang='grc' dir='ltr'>ὅσιον</span> <span class='ocrx_word' id='word_1_785' title='bbox 2241 5379 2549 5433; x_wconf 86' lang='grc' dir='ltr'>ὑπακοῦσαι</span> <span class='ocrx_word' id='word_1_786' title='bbox 2583 5380 2674 5432; x_wconf 79' lang='grc' dir='ltr'><strong>τὸν</strong></span> <span class='ocrx_word' id='word_1_787' title='bbox 2703 5379 2829 5451; x_wconf 84' lang='grc' dir='ltr'>λαὸν</span> <span class='ocrx_word' id='word_1_788' title='bbox 2868 5378 2931 5432; x_wconf 79' lang='grc' dir='ltr'><strong>τὸ</strong></span> <span class='ocrx_word' id='word_1_789' title='bbox 2956 5380 3159 5451; x_wconf 76' lang='grc' dir='ltr'>Ἀμήνς</span> <span class='ocrx_word' id='word_1_790' title='bbox 3198 5377 3299 5431; x_wconf 85' lang='lat' dir='ltr'><strong>Ubi</strong></span> <span class='ocrx_word' id='word_1_791' title='bbox 3336 5377 3649 5437; x_wconf 66' lang='lat' dir='ltr'><strong>conveniens</strong></span> 
     </span>
    </p>
   </div>
   <div class='ocr_carea' id='block_1_109' title="bbox 2066 5450 3650 5520">
    <p class='ocr_par' dir='ltr' id='par_1_109' title="bbox 2066 5450 3650 5520">
     <span class='ocr_line' id='line_1_109' title="bbox 2066 5450 3650 5520; baseline 0.002 -17"><span class='ocrx_word' id='word_1_792' title='bbox 2066 5460 2182 5503; x_wconf 87' lang='lat' dir='ltr'><strong>erat</strong></span> <span class='ocrx_word' id='word_1_793' title='bbox 2211 5460 2258 5503; x_wconf 80' lang='lat' dir='ltr'><strong>el</strong></span> <span class='ocrx_word' id='word_1_794' title='bbox 2290 5460 2549 5513; x_wconf 78' lang='lat' dir='ltr'><strong>sanctum,</strong></span> <span class='ocrx_word' id='word_1_795' title='bbox 2579 5460 2634 5502; x_wconf 86' lang='lat' dir='ltr'><strong>ut</strong></span> <span class='ocrx_word' id='word_1_796' title='bbox 2663 5450 2885 5519; x_wconf 68' lang='lat' dir='ltr'><strong>populus</strong></span> <span class='ocrx_word' id='word_1_797' title='bbox 2916 5450 3247 5520; x_wconf 75' lang='lat' dir='ltr'><strong>responderet</strong></span> <span class='ocrx_word' id='word_1_798' title='bbox 3311 5451 3479 5505; x_wconf 78' lang='lat' dir='ltr'><strong>Amen</strong></span> <span class='ocrx_word' id='word_1_799' title='bbox 3500 5457 3525 5507; x_wconf 87' lang='lat'><strong><em>?</em></strong></span> <span class='ocrx_word' id='word_1_800' title='bbox 3544 5471 3650 5506; x_wconf 88' lang='lat' dir='ltr'><strong>non</strong></span> 
     </span>
    </p>
   </div>
   <div class='ocr_carea' id='block_1_110' title="bbox 2064 5521 3653 5593">
    <p class='ocr_par' dir='ltr' id='par_1_110' title="bbox 2064 5521 3653 5593">
     <span class='ocr_line' id='line_1_110' title="bbox 2064 5521 3653 5593; baseline 0.002 -21"><span class='ocrx_word' id='word_1_801' title='bbox 2064 5521 2385 5593; x_wconf 79' lang='grc' dir='ltr'>ἐπακοῦσαι,</span> <span class='ocrx_word' id='word_1_802' title='bbox 2411 5530 2469 5573; x_wconf 80' lang='grc' dir='ltr'><strong>ιιι</strong></span> <span class='ocrx_word' id='word_1_803' title='bbox 2512 5522 2742 5593; x_wconf 80' lang='lat' dir='ltr'><strong>audiret.</strong></span> <span class='ocrx_word' id='word_1_804' title='bbox 2792 5522 2945 5577; x_wconf 89' lang='lat' dir='ltr'><strong>Patet</strong></span> <span class='ocrx_word' id='word_1_805' title='bbox 2988 5539 3054 5577; x_wconf 79' lang='lat' dir='ltr'><strong>ex</strong></span> <span class='ocrx_word' id='word_1_806' title='bbox 3101 5537 3169 5575; x_wconf 89' lang='lat' dir='ltr'><strong>eo</strong></span> <span class='ocrx_word' id='word_1_807' title='bbox 3210 5522 3357 5593; x_wconf 80' lang='lat' dir='ltr'><strong>quod</strong></span> <span class='ocrx_word' id='word_1_808' title='bbox 3400 5527 3653 5593; x_wconf 62' lang='lat' dir='ltr'><strong>sequitur</strong></span> 
     </span>
    </p>
   </div>
   <div class='ocr_carea' id='block_1_111' title="bbox 2063 5592 3647 5663">
    <p class='ocr_par' dir='ltr' id='par_1_111' title="bbox 2063 5592 3647 5663">
     <span class='ocr_line' id='line_1_111' title="bbox 2063 5592 3647 5663; baseline 0 -18"><span class='ocrx_word' id='word_1_809' title='bbox 2063 5592 2249 5663; x_wconf 84' lang='lat' dir='ltr'><strong>eadem</strong></span> <span class='ocrx_word' id='word_1_810' title='bbox 2302 5609 2460 5663; x_wconf 58' lang='lat' dir='ltr'><strong>pag:</strong></span> <span class='ocrx_word' id='word_1_811' title='bbox 2510 5592 2604 5663; x_wconf 76' lang='grc' dir='ltr'><strong>ἐὰν</strong></span> <span class='ocrx_word' id='word_1_812' title='bbox 2650 5593 2918 5646; x_wconf 72' lang='grc' dir='ltr'>τοσούτων</span> <span class='ocrx_word' id='word_1_813' title='bbox 2952 5593 3094 5645; x_wconf 80' lang='grc' dir='ltr'>λαῶν</span> <span class='ocrx_word' id='word_1_814' title='bbox 3140 5592 3505 5663; x_wconf 78' lang='grc' dir='ltr'>συνελθόντων</span> <span class='ocrx_word' id='word_1_815' title='bbox 3556 5594 3647 5663; x_wconf 83' lang='grc' dir='ltr'><strong>μία</strong></span> 
     </span>
    </p>
   </div>
   <div class='ocr_carea' id='block_1_112' title="bbox 2062 5662 3650 5734">
    <p class='ocr_par' dir='ltr' id='par_1_112' title="bbox 2062 5662 3650 5734">
     <span class='ocr_line' id='line_1_112' title="bbox 2062 5662 3650 5734; baseline 0.001 -20"><span class='ocrx_word' id='word_1_816' title='bbox 2062 5662 2285 5732; x_wconf 78' lang='grc' dir='ltr'>γένηται</span> <span class='ocrx_word' id='word_1_817' title='bbox 2303 5662 2484 5734; x_wconf 56' lang='grc' dir='ltr'>φωνὴ,</span> <span class='ocrx_word' id='word_1_818' title='bbox 2508 5662 2771 5732; x_wconf 80' lang='grc' dir='ltr'>λεγόντων</span> <span class='ocrx_word' id='word_1_819' title='bbox 2799 5663 2877 5732; x_wconf 84' lang='grc' dir='ltr'><strong>τῷ</strong></span> <span class='ocrx_word' id='word_1_820' title='bbox 2904 5663 3023 5733; x_wconf 88' lang='grc' dir='ltr'><strong>Θεῷ</strong></span> <span class='ocrx_word' id='word_1_821' title='bbox 3048 5663 3110 5715; x_wconf 77' lang='grc' dir='ltr'><strong>τὸ</strong></span> <span class='ocrx_word' id='word_1_822' title='bbox 3142 5662 3338 5733; x_wconf 79' lang='grc' dir='ltr'>Ἀμήν·</span> <span class='ocrx_word' id='word_1_823' title='bbox 3370 5665 3462 5716; x_wconf 76' lang='lat' dir='ltr'><strong>ubi</strong></span> <span class='ocrx_word' id='word_1_824' title='bbox 3487 5662 3650 5717; x_wconf 24' lang='grc' dir='ltr'>επίιοι</span> 
     </span>
    </p>
   </div>
   <div class='ocr_carea' id='block_1_113' title="bbox 2064 5734 3647 5803">
    <p class='ocr_par' dir='ltr' id='par_1_113' title="bbox 2064 5734 3647 5803">
     <span class='ocr_line' id='line_1_113' title="bbox 2064 5734 3647 5803; baseline 0.002 -19"><span class='ocrx_word' id='word_1_825' title='bbox 2064 5735 2327 5803; x_wconf 78' lang='lat' dir='ltr'><strong>tantisque</strong></span> <span class='ocrx_word' id='word_1_826' title='bbox 2374 5734 2582 5801; x_wconf 79' lang='lat' dir='ltr'><strong>populis</strong></span> <span class='ocrx_word' id='word_1_827' title='bbox 2632 5736 2683 5787; x_wconf 85' lang='lat' dir='ltr'><strong>in</strong></span> <span class='ocrx_word' id='word_1_828' title='bbox 2740 5750 2903 5787; x_wconf 83' lang='lat' dir='ltr'><strong>unum</strong></span> <span class='ocrx_word' id='word_1_829' title='bbox 2968 5735 3336 5803; x_wconf 79' lang='lat' dir='ltr'><strong>congregatis,</strong></span> <span class='ocrx_word' id='word_1_830' title='bbox 3394 5752 3503 5789; x_wconf 83' lang='lat' dir='ltr'><strong>una</strong></span> <span class='ocrx_word' id='word_1_831' title='bbox 3555 5750 3647 5788; x_wconf 54' lang='lat' dir='ltr'><strong>rex</strong></span> 
     </span>
    </p>
   </div>
   <div class='ocr_carea' id='block_1_114' title="bbox 2064 5804 3179 5870">
    <p class='ocr_par' dir='ltr' id='par_1_114' title="bbox 2064 5804 3179 5870">
     <span class='ocr_line' id='line_1_114' title="bbox 2064 5804 3179 5870; baseline 0.002 -13"><span class='ocrx_word' id='word_1_832' title='bbox 2064 5805 2291 5870; x_wconf 78' lang='lat' dir='ltr'><strong>oriatur,</strong></span> <span class='ocrx_word' id='word_1_833' title='bbox 2325 5804 2609 5858; x_wconf 77' lang='lat' dir='ltr'><strong>dicentium</strong></span> <span class='ocrx_word' id='word_1_834' title='bbox 2646 5806 2789 5859; x_wconf 78' lang='lat' dir='ltr'><strong>Deo:</strong></span> <span class='ocrx_word' id='word_1_835' title='bbox 2822 5806 3007 5861; x_wconf 72' lang='lat' dir='ltr'><strong>Amen.</strong></span> <span class='ocrx_word' id='word_1_836' title='bbox 3041 5806 3179 5860; x_wconf 79' lang='lat' dir='ltr'><strong>Cor.</strong></span> 
     </span>
    </p>
   </div>
  </div>
