3890 6192
435 318 567 380 Il“
1325 322 1381 377 Β.
1419 322 1811 380 CLEMENTIS
1844 324 1862 379 1
1898 325 1982 382 R0

2103 328 2305 384 ΡΟΝΤ.
2344 328 2572 385 OPERA
2606 326 2829 383 DUBIA.

430 438 531 500 ris,
558 437 612 491 in
653 433 962 491 custodiam
995 434 1214 505 pictatis
1237 474 1251 497 ,
1296 434 1351 489 in
1385 435 1766 491 remissionem
1812 452 1982 506 peccat

2109 439 2406 503 εὐσεϐείας,
2425 443 2504 505 εις
2519 442 2710 513 ἄφεσιν
2726 443 3026 514 ἁμαρτιῶν,
3042 446 3121 507 είς
3140 445 3282 517 ζωὴν
3295 445 3391 499 τοῦ
3406 447 3710 518 μέλλοντος

429 536 632 590 torum,
666 528 721 581 in
750 528 916 582 vitam
949 526 1116 582 futuri
1150 527 1334 581 saeculi
1358 528 1424 583 ³⁸.
1458 526 1778 599 Surgamus.
1804 528 1863 583 In
1885 546 1979 601 gra

2112 532 2322 594 αἰῶνος.
2368 533 2757 605 Ἑγειρώμεθα.
2794 536 2881 588 Ἐν
2899 537 3078 607 χάριτι
3099 538 3328 607 Χριστοῦ
3360 540 3597 604 ἑαυτοὺς
3626 543 3711 611 τῷ

428 624 502 676 tia
536 621 766 687 Christi,
831 636 934 676 nos
982 621 1131 690 ipsos
1166 619 1303 681 Deo.
1332 618 1434 675 soli
1483 622 1727 690 ingenito
1772 621 1879 677 Deo
1903 663 1918 686 ,
1953 641 1982 680 e

2108 624 2227 695 Θεῷ
2254 625 2385 696 (70),
2418 625 2496 697 τῷ
2543 627 2689 697 μόνῳ
2722 628 3001 699 ἀγεννήτῳ
3038 628 3184 699 Θεῷ,
3220 631 3311 683 καὶ
3349 630 3431 701 τῷ
3470 633 3709 705 Χριστῷ

3565 334 3709 393 HI!

427 714 653 769 Christo
698 714 819 782 ejus
851 712 1320 768 commendemus.
1352 712 1527 783 Atque
1563 714 1855 786 episcopus
1883 732 2007 787 gra-

427 806 627 859 tiarum
654 806 924 859 actionem
958 804 1199 874 proferat
1228 821 1242 858 :

1020 916 1251 973 CAPUT
1294 916 1408 972 XV.

744 1033 1015 1088 Invocatio
1074 1044 1191 1102 post
1240 1035 1683 1089 comnzunionem.

492 1147 721 1203 Domine
753 1148 897 1204 Deus
929 1148 1300 1217 omnipotens,
1332 1146 1497 1203 Pater
1526 1147 1732 1203 Christi
1767 1148 1869 1213 tui,
1902 1148 2001 1205 be-

420 1243 622 1297 nedicti
662 1241 821 1309 Filii;
872 1242 1161 1296 exauditur
1201 1257 1393 1295 eorum
1422 1243 1514 1312 qui
1552 1249 1700 1296 recte
1745 1241 2003 1296 invocant

420 1343 492 1397 te,
525 1336 776 1405 cognitor
806 1350 1031 1407 precum
1061 1335 1223 1389 etiam
1257 1350 1447 1388 eorum
1490 1335 1582 1403 qui
1624 1342 1841 1400 tacent;
1875 1350 2001 1405 gra-

417 1428 524 1483 tias
578 1427 789 1498 agimus
822 1427 957 1486 tibi.
1009 1426 1155 1496 quod
1195 1442 1297 1481 nos
1348 1426 1545 1495 dignos
1601 1426 1866 1483 censuisti
1905 1427 1999 1498 qui

416 1520 877 1591 participaremus
904 1528 1095 1574 sancta
1130 1528 1222 1573 tua
1252 1518 1535 1589 mysteria,
1569 1534 1689 1589 qua:
1719 1518 1998 1589 prazbuisti

415 1612 576 1667 nobis
631 1612 699 1665 ad
754 1611 972 1681 plenam
1032 1625 1223 1664 eorum
1280 1626 1403 1680 qua:
1456 1609 1594 1665 bene
1639 1612 1997 1680 cognovimus

416 1706 852 1774 persuasionem,
884 1703 950 1757 ad
985 1703 1289 1758 custodiam
1320 1703 1540 1773 pietatis
1561 1743 1574 1766 ,
1611 1702 1679 1757 ad
1712 1704 1994 1762 remissio—

2106 716 2271 771 αὐτοῦ
2303 717 2692 789 παραθώμεθα.
2728 721 2834 772 Καὶ
2866 722 2894 774 6
2924 720 3219 785 ἐπίσκοπος
3266 722 3705 793 εὐχαριστείτω.

2631 924 3023 976 ΚΕΦΑΛΔῘΟΝ
3049 925 3149 977 ΙΕ’.

2364 1034 2714 1105 Ἐπίκλησις
2751 1037 2902 1107 μετὰ
2936 1036 3049 1106 τὴν
3069 1038 3431 1109 μετάληψιν.

2173 1151 2416 1207 Δέσποτα
2446 1154 2475 1204 6
2506 1152 2635 1215 Θεὸς
2657 1154 2684 1205 6
2711 1152 3123 1223 παντοκράτωρ,
3153 1150 3182 1202 6
3205 1150 3397 1221 Πατὴρ
3420 1148 3520 1203 τοῦ
3544 1150 3691 1222 Χριο

2109 1242 2235 1296 στοῦ
2260 1260 2353 1298 σου
2375 1244 2467 1296 τοῦ
2492 1243 2781 1313 εὐλογητοῦ
2808 1243 3023 1307 Παιδὸς,
3047 1244 3075 1295 6
3098 1241 3204 1295 τῶν
3230 1243 3345 1312 μετ’
3381 1241 3692 1313 εὐθύτητος

2105 1333 2546 1405 ἐπικαλουμένων
2572 1351 2629 1388 σε
2650 1336 2904 1405 ἐπήκοος,
2927 1338 2954 1389 6
2973 1334 3194 1389 καὶτῶν
3217 1332 3551 1389 σιωπώντων
3570 1337 3694 1389 ἐπι-

2105 1423 2365 1495 στάμενος
2388 1426 2485 1489 τὰς
2512 1425 2797 1493 ἐντεύξεις·
2833 1425 3257 1496 εὐχαριστοῦμεν
3276 1441 3380 1487 σοι,
3409 1425 3495 1477 ὅτι
3519 1443 3692 1497 κατη-

2103 1514 2299 1583 ξίωσας
2329 1520 2474 1590 ἡμᾶς
2500 1519 2819 1590 μεταλαϐεῖν
2838 1520 2943 1572 τῶν
2966 1518 3133 1587 ἁγίων
3157 1534 3247 1570 σου
3274 1519 3625 1589 μυστηρίων,
3650 1520 3691 1574 ἃ.

2102 1610 2375 1682 παρέσχου
2402 1614 2552 1682 ἡμῖν,
2573 1612 2941 1682 πληροφορίαν
2960 1611 3065 1664 τῶν
3088 1610 3268 1673 καλῶς
3290 1612 3685 1684 ἐγνωσμένων,

2097 1708 2177 1769 είς
2204 1705 2449 1776 φυλακὴν
2477 1706 2575 1775 τῆς
2601 1705 2902 1768 εὐσεϐείας,
2932 1707 3013 1767 εἰς
3041 1705 3231 1774 ἄφεσιν
3264 1705 3689 1776 πλημμελημά-

413 1813 539 1851 nem
570 1797 895 1851 delictorum
923 1814 938 1864 ;
969 1796 1228 1866 quoniam
1261 1811 1460 1851 nomen
1493 1794 1698 1851 Christi
1732 1798 1809 1850 tui
1839 1798 1982 1851 invo-

2093 1814 2222 1850 των·
2256 1798 2336 1850 ὅτι
2380 1798 2441 1849 τὸ
2468 1796 2638 1868 ὄνομα
2669 1796 2765 1849 τοῦ
2802 1795 3039 1868 Χριστοῦ
3074 1813 3167 1849 σου
3202 1798 3571 1869 ἐπικέκληται
3598 1800 3689 1869 ἐφ’

413 1900 597 1944 catum
632 1896 718 1945 est
762 1904 927 1959 super
962 1904 1085 1951 nos,
1116 1896 1171 1943 et
1214 1889 1312 1942 tibi
1354 1888 1597 1957 adjuncti
1638 1904 1849 1945 sumus.
1887 1888 1992 1955 Qui

413 1982 713 2052 segregasti
758 1996 860 2035 nos
903 1980 970 2034 ab
1007 1979 1300 2050 impiorum
1339 1980 1764 2043 communione,
1814 1981 1993 2036 aduna

412 2090 536 2128 cum
568 2075 634 2128 iis
663 2074 757 2143 qui
790 2073 888 2128 tibi
923 2080 1052 2127 sunt
1085 2072 1415 2133 consecrati,
1450 2071 1603 2125 ﬁrma
1634 2086 1735 2127 nos
1761 2072 1817 2126 in
1850 2073 1994 2128 veri-

412 2175 523 2222 tate
556 2183 651 2236 per
685 2168 860 2223 sancti
894 2164 1137 2236 Spiritus
1169 2165 1490 2231 adventum,
1518 2182 1639 2237 qua:
1674 2165 1991 2237 ignoramus

411 2262 611 2323 revela,
644 2276 764 2330 qua:
796 2260 1060 2315 deﬁciunt
1095 2260 1308 2329 supple,
1341 2274 1462 2328 quae
1510 2258 1766 2314 novimus
1800 2274 1992 2315 corro-

410 2352 563 2407 bora.
603 2352 930 2408 Sacerdotes
963 2353 1273 2422 inculpatos
1299 2366 1561 2406 conserva
1594 2352 1649 2404 in
1679 2352 1828 2406 cultu
1855 2362 1985 2407 tuo:

407 2459 568 2515 reges
597 2454 751 2500 tuere
781 2446 834 2499 in
862 2461 995 2515 pace
1021 2462 1035 2509 ;
1071 2445 1428 2514 magistratus
1458 2444 1511 2497 in
1532 2444 1744 2512 justitia
1768 2462 1783 2511 ;
1808 2459 1988 2500 aerem

408 2534 464 2589 in
489 2536 784 2605 temperie;
817 2535 1004 2606 fruges
1038 2537 1090 2589 in
1125 2536 1410 2599 ubertate;
1444 2536 1705 2590 mundum
1730 2536 1786 2590 in
1810 2537 1989 2590 omni-

406 2636 629 2698 potente
654 2629 1019 2699 providentia.
1046 2626 1249 2683 Gentes
1282 2628 1574 2683 bellicosas
1600 2628 1727 2683 seda
1755 2649 1766 2683 :
1794 2644 1987 2684 erran-

406 2728 492 2776 tes
530 2729 827 2776 converte:
867 2722 1126 2791 populum
1177 2728 1333 2774 tuum
1381 2722 1666 2776 sanctiﬁca
1699 2742 1712 2777 :
1745 2724 1985 2794 virgines

404 2828 707 2867 conserva:
732 2815 994 2883 conjuges
1024 2813 1241 2867 custodi
1262 2812 1315 2866 in
1343 2813 1485 2867 ﬁde:
1521 2821 1709 2869 castos
1744 2816 1981 2874 robora:

404 2905 647 2961 infantes
672 2906 737 2960 ad
774 2914 1047 2960 maturam
1077 2914 1292 2959 aetatem
1324 2905 1529 2975 perduc
1556 2926 1567 2961 :
1601 2923 1776 2976 nuper
1800 2908 1983 2962 initia-

404 3005 491 3051 tos
538 2998 690 3051 ﬁrma
723 3017 735 3052 :
782 2998 1207 3053 catechumenos
1242 2998 1423 3062 erudi,
1460 3012 1523 3051 ac
1554 2997 1749 3069 dignos
1793 3001 1979 3054 initia-

406 3090 554 3143 tione
600 3088 807 3145 redde:
858 3105 1067 3159 nosque
1100 3104 1291 3143 omnes
1334 3104 1601 3160 congrega
1653 3091 1706 3143 in
1752 3107 1977 3162 regnum

404 3184 694 3247 cmlorum,
730 3185 784 3239 in
838 3183 1063 3240 Christo
1115 3182 1244 3239 .lesu
1282 3182 1513 3240 Domino
1572 3195 1800 3253 nostro;
1851 3201 1977 3243 cum

402 3295 514 3346 quo
538 3279 634 3331 tibi
679 3278 871 3348 gloria,
903 3278 1080 3331 honor
1117 3291 1180 3329 ac
1214 3278 1514 3339 veneratio,
1549 3285 1603 3331 et
1636 3285 1826 3332 sancto
1858 3276 1981 3348 Spi-

402 3372 556 3434 ritui,
586 3371 639 3425 in
665 3371 883 3426 saecula.
917 3370 1110 3424 Amen.
1140 3368 1203 3423 Et
1228 3370 1494 3425 diaconus
1528 3369 1674 3423 dicat
1700 3391 1713 3424 :
1752 3368 1861 3425 Deo
1886 3386 1983 3440 per

400 3463 681 3516 Christum
724 3462 846 3530 ejus
872 3462 1151 3522 inclinate,
1178 3469 1233 3515 et
1263 3461 1491 3531 accipite
1519 3461 1977 3517 benedictionem.

401 3551 540 3607 Tum
578 3554 867 3622 episcopus
923 3561 1195 3623 precetur,
1240 3552 1327 3606 his
1370 3552 1585 3606 verbis:
1620 3552 1764 3608 Deus
1803 3553 1981 3607 omni-

402 3652 628 3715 potens,
668 3661 834 3699 verax
877 3653 931 3699 et
978 3645 1457 3715 incomparabilis,
1495 3645 1589 3715 qui
1643 3646 1844 3715 ubique
1884 3662 1981 3702 ex-

401 3738 586 3801 sistis,
628 3754 691 3792 ac
729 3738 985 3792 omnibus
1030 3754 1270 3808 praesens
1303 3754 1394 3801 es,
1427 3746 1479 3791 et
1515 3738 1569 3792 in
1618 3737 1766 3791 nullo
1807 3739 1979 3792 instar

401 3846 592 3884 eorum
613 3845 733 3899 quae
754 3829 943 3882 insunt
973 3830 1301 3884 contineris:
1330 3830 1421 3899 qui
1452 3830 1584 3884 locis
1607 3844 1714 3883 non
1740 3829 1977 3883 circum-

402 3921 683 3986 scriberis,
716 3920 1053 3991 temporibus
1082 3936 1192 3974 non
1239 3920 1583 3985 vetustescis,
1621 3921 1836 3975 saeculis
1867 3936 1976 3976 non

401 4015 736 4077 terminaris,
771 4014 952 4068 verbis
988 4028 1097 4067 non
1127 4012 1442 4077 seduceris;
1474 4014 1566 4083 qui
1596 4014 1739 4066 ortui
1772 4029 1882 4067 non
1916 4028 1977 4069 es

402 4107 706 4176 subjectus,
730 4114 783 4161 et
812 4104 1061 4161 custodia
1092 4120 1202 4158 non
1235 4103 1469 4174 indiges,
1502 4112 1556 4158 et
1587 4119 1753 4173 supra
1787 4114 1972 4159 extra-

398 4216 505 4270 que
532 4200 811 4254 iuteritum
843 4216 923 4261 es,
948 4214 1011 4253 ac
1042 4199 1458 4253 conversionem
1483 4198 1727 4267 recipere
1755 4197 1973 4267 nequis,

400 4300 564 4362 atque
609 4299 805 4346 natura
849 4307 909 4345 es
959 4289 1359 4355 immutabilis;
1392 4289 1485 4358 qui
1530 4289 1706 4343 lucem
1762 4288 1977 4342 habitas

399 4384 738 4439 inaccessam
764 4384 829 4448 ³’,
860 4392 915 4438 et
967 4391 1165 4437 natura
1204 4381 1496 4435 invisibilis
1542 4396 1637 4446 es;
1670 4380 1762 4449 qui
1798 4380 1977 4434 omni-

2092 1892 2263 1960 ἡμίν
2290 1888 2387 1942 καὶ
2416 1886 2501 1941 σοι
2528 1886 3010 1960 προσῳκειώμεθαο
3045 1888 3102 1941 '0
3127 1889 3367 1959 χωρίσας
3396 1892 3553 1960 ἡμὴ
3586 1892 3689 1961 τῆς

2092 1981 2201 2035 τῶν
2229 1980 2437 2034 ἀσεϐῶν
2476 1979 2786 2043 κοινωνίας,
2812 1980 3015 2033 ἐνωσον
3055 1983 3203 2051 ἡμᾶς
3232 1982 3373 2052 μετά
3402 1984 3517 2036 τῶν
3548 1986 3685 2038 καθ-

2090 2072 2421 2143 ωσιωμένων
2469 2090 2588 2135 σοι,
2634 2072 2883 2144 στήριξον
2927 2074 3076 2142 ἡμᾶς
3123 2074 3183 2125 ἐν
3229 2076 3295 2144 τῇ
3332 2075 3569 2149 ἀληθεία
3618 2081 3685 2148 τῇ

2090 2164 2185 2217 τοῦ
2232 2166 2387 2233 ἁγίου
2434 2165 2749 2235 Πνεύματος
2796 2166 3175 2236 ἐπιφοιτήσει,
3214 2164 3285 2217 τὰ
3333 2167 3686 2240 ἀγνοούμενα

2090 2257 2460 2327 ἀποκάλυψον,
2496 2256 2563 2309 τὰ
2590 2257 2847 2310 λείποντα
2873 2257 2984 2327 (71)
3017 2257 3583 2329 προσαναπλήρωσον,
3614 2261 3686 2314 τὰ

2089 2349 2408 2419 ἐγνωσμένα
2434 2349 2722 2419 κράτυνον.
2754 2349 2894 2412 Τοὺς
2923 2350 3093 2420 ἱερεῖς
3123 2350 3390 2421 ἀμώμους
3416 2353 3685 2423 διαφύλα-

2090 2438 2180 2503 ξον
2227 2441 2284 2491 tv
2314 2444 2383 2510 τῇ
2417 2440 2639 2510 λατρεία
2675 2457 2790 2493 σου·
2820 2442 2949 2503 τοὺς
2980 2441 3219 2510 βασιλεῖς
3255 2442 3593 2516 διατήρησον
3622 2450 3683 2500 ἐν

2084 2534 2302 2603 εἰρήνῃ,
2332 2534 2459 2596 τοὺς
2486 2535 2751 2603 ἄρχοντας
2782 2535 2841 2587 ἐν
2879 2534 3215 2605 δικαιοσύνῃ,
3248 2536 3380 2598 τοὺς
3414 2538 3594 2609 ἀέρας
3622 2542 3683 2592 ἐν

2080 2625 2374 2697 εὐκρασία,
2408 2628 2537 2689 τοὺς
2583 2628 2832 2699 καρποὺς
2863 2629 2923 2679 tv
2954 2628 3204 2699 εὐερορίᾳ,
3237 2628 3328 2680 τὸν
3375 2630 3589 2700 κόσμον
3620 2634 3680 2685 ἐν

2084 2716 2347 2769 παναλκεῖ
2369 2718 2477 2787 (72)
2502 2718 2745 2790 προνοίᾳ.
2768 2718 2850 2771 Ta
2866 2718 2991 2789 ἔθνη
3013 2718 3082 2770 τά
3114 2718 3382 2789 πολεμικά
3406 2722 3676 2792 πράὖνοψ

2082 2808 2153 2861 τὰ
2186 2809 2574 2879 πεπλανημένα
2604 2810 2949 2881 ἐπίστρεψον·
2980 2811 3073 2863 τὸν
3101 2811 3227 2863 λαόν
3276 2828 3371 2865 σου
3421 2814 3677 2881 ἁγίασονο

2078 2903 2206 2964 τοὺς
2223 2905 2279 2954 ἐν
2292 2903 2555 2973 παρθενίᾳ
2565 2903 2904 2975 διατήρησοψ
2927 2904 3052 2966 τοὺς
3068 2904 3126 2955 ἐν
3147 2904 3309 2975 γάμῳ
3344 2904 3678 2974 διαφύλαξον

2081 2995 2139 3047 ἐν
2158 2995 2355 3047 πίστει’
2386 2995 2511 3057 τοὺς
2529 2996 2586 3047 ἐν
2606 2995 2794 3066 ἁγνεία
2814 2995 3202 3066 ἐνδυνάμωσοψ
3218 2996 3286 3049 τὰ
3314 2998 3488 3068 νήπια
3512 2998 3679 3071 ἅδρυ-

2081 3102 2187 3139 νον·
2208 3087 2333 3151 τοὺς
2353 3086 2611 3151 νεοτελεῖς
2640 3086 2953 3158 βεϐαίωσονσ
2979 3088 3103 3150 τοὺς
3129 3090 3186 3139 ἐν
3222 3092 3527 3161 κατηχήσει
3550 3091 3675 3144 ma.

2079 3181 2298 3243 δευσον,
2336 3182 2431 3234 κα)⁸
2458 3181 2556 3251 τῆς
2588 3181 2839 3249 μυήσεως
2866 3177 3048 3245 ἀξίους
3074 3178 3369 3243 ἀνάδειξον⁹
3398 3183 3495 3235 καὶ
3537 3185 3673 3237 πάν-

2079 3291 2177 3336 τας
2198 3276 2230 3343 ή
2242 3274 2347 3342 μᾶς
2374 3272 2741 3339 ἐπισυνάγαγε
2762 3274 2840 3335 εἰς
2856 3273 2956 3341 τὴν
2974 3272 3082 3324 τῶν
3098 3272 3340 3344 οὐρανῶν
3366 3273 3670 3343 βασιλείαν,

2079 3369 2137 3420 tv
2166 3365 2386 3437 Χριστῷ
2418 3364 2590 3436 Ἰησοῦ
2621 3364 2697 3435 τῷ
2731 3365 2917 3436 Κυρίῳ
2942 3364 3118 3435 ἡμῶν·
3154 3365 3270 3434 μεθ’
3302 3360 3365 3418 οὗ
3397 3384 3483 3420 σοι
3517 3369 3667 3434 δόξα,

2078 3460 2211 3531 τιμὴ
2233 3459 2329 3512 καὶ
2356 3458 2539 3522 σέϐας,
2563 3459 2657 3511 καὶ
2682 3456 2761 3527 τῷ
2789 3458 2927 3527 ἀγίῳ
2952 3457 3249 3527 Πνεύματι,
3277 3460 3357 3521 είς
3384 3461 3519 3522 τοὺς
3536 3461 3668 3514 αἰῶ-

2078 3571 2193 3616 νας.
2238 3554 2429 3624 Ἀμήν.
2468 3550 2886 3612 Καιόδιάκονος
2916 3550 3139 3618 λεγέτω·
3162 3550 3252 3620 Τῷ
3284 3550 3406 3621 Θεῷ
3439 3551 3531 3605 διὰ
3570 3553 3667 3605 τοῦ

2078 3646 2314 3719 Χριστοῦ
2359 3644 2519 3698 αὐτοῦ
2550 3644 2795 3707 κλίνατε,
2830 3645 2923 3697 καὶ
2968 3644 3294 3711 εὐλογεῖσθε.
3330 3645 3444 3696 Καὶ
3482 3648 3515 3698 6
3545 3647 3665 3699 ἐπί-

2081 3757 2279 3803 σκοπος
2308 3738 2641 3809 ἐπευχὲσθω,
2679 3737 2872 3806 λέγων’
2913 3737 2970 3790 Ὀ
2996 3737 3127 3799 Θεὸς
3152 3736 3262 3806 (75)
3292 3738 3319 3789 6
3354 3739 3666 3810 παντοκρά-

2077 3849 2211 3905 τωρ,
2245 3834 2275 3885 6
2305 3830 2556 3901 ἀληθινὸς
2584 3830 2678 3881 καὶ
2706 3828 3056 3900 ἀσύγκριτος,
3089 3830 3118 3881 6
3149 3826 3429 3897 πανταχοῦ
3459 3828 3540 3881 ὢν
3571 3831 3663 3883 καὶ

2076 3929 2191 3988 τοῖς
2219 3926 2349 3977 πᾶσι
2378 3920 2565 3993 παρὼν
2592 3922 2687 3975 καὶ
2712 3923 2769 3974 ἐν
2800 3921 2977 3975 οὐδενὶ
3004 3921 3081 3984 ὡς
3112 3921 3230 3973 ἐνόν
3242 3920 3602 3992 τιύπάρχων,
3635 3926 3663 3977 6

2077 4018 2263 4079 τόποις
2293 4016 2367 4086 μὴ
2400 4015 2895 4086 περιγραφόμενος,
2916 4016 2945 4067 6
2974 4014 3189 4085 χρόνοις
3218 4014 3294 4085 μὴ
3324 4014 3663 4086 παλαιούμε-

2078 4125 2195 4172 νος,
2230 4110 2258 4161 6
2284 4106 2444 4159 αἰῶσι
2480 4107 2553 4178 μὴ
2584 4106 3009 4176 περατούμενος,
3038 4107 3067 4159 ὁ
3097 4104 3276 4173 λόγοις
3307 4105 3382 4175 μὴ
3417 4108 3665 4176 παριιγό⁴

2082 4218 2259 4273 μενος,
2292 4201 2322 4253 6
2350 4200 2561 4268 γενέσει
2591 4200 2665 4270 μὴ
2701 4199 3079 4268 ὑποκείμενος,
3102 4198 3131 4250 6
3162 4196 3410 4266 φυλακῆς
3444 4198 3523 4267 μὴ
3552 4198 3665 4251 δεό-

2082 4310 2259 4363 μενος,
2290 4293 2319 4345 6
2366 4291 2569 4362 φθορᾶς
2597 4290 2868 4360 ἀνώτερος
2889 4329 2903 4353 ,
2932 4290 2961 4341 6
2991 4288 3199 4360 τροπῆς
3224 4288 3604 4352 ἀνεπίδεκτος,
3635 4291 3665 4341 6

2078 4385 2235 4454 φύσει
2257 4383 2631 4446 ἀναλλοίωτος,
2658 4385 2686 4436 6
2707 4382 2820 4451 φῶς
2847 4380 3010 4433 οἰκῶν
3030 4380 3343 4451 ἀπρόσιτον,
3366 4381 3396 4430 6
3414 4383 3483 4449 τῇ
3508 4380 3662 4447 φύσει

400 4476 505 4533 bus
536 4479 750 4530 naturis
782 4476 1144 4529 rationalibus
1178 4481 1232 4528 te
1268 4473 1529 4527 benevole
1570 4472 1974 4542 requirentibus

2087 4476 2324 4547 Ξόρατος,
2370 4477 2399 4527 6
2426 4474 2668 4542 γνωστὸς
2698 4474 2897 4536 πάσαις
2938 4474 3058 4536 ταῖς
3098 4474 3214 4543 μετ’
3240 4471 3458 4533 εὐνοίας
3496 4473 3662 4543 ἐκζη-

401 4577 566 4621 notus
613 4583 693 4629 es.
741 4574 795 4622 et
838 4566 1264 4637 deprehenderis
1301 4566 1369 4620 ab
1399 4565 1467 4620 iis
1509 4565 1604 4634 qui
1648 4566 1700 4618 in
1739 4565 1973 4620 benevo-

401 4660 564 4713 lentia
595 4661 868 4729 vestigant
897 4668 949 4713 te
977 4679 988 4712 :
1023 4658 1167 4715 Deus
1200 4656 1438 4721 lsraelis,
1470 4672 1597 4710 vere
1628 4656 1884 4720 videntis,
1917 4659 1972 4711 in

403 4748 679 4805 Christum
730 4750 1004 4805 credentis
1053 4750 1239 4820 populi
1289 4748 1367 4801 tui
1408 4767 1419 4801 :
1454 4746 1722 4817 propitius
1773 4746 1971 4815 factus,

544 4886 589 4918 “
622 4888 640 4941 l
670 4886 794 4941 Cor.
821 4903 897 4951 x1,
929 4886 1020 4942 29.
1099 4888 1141 4918 “
1180 4885 1198 4939 Ι
1230 4886 1371 4941 Tim.
1398 4901 1476 4951 vI,
1504 4888 1595 4940 16.

2076 4568 2294 4631 τούσαις
2336 4584 2396 4619 σε
2427 4566 2671 4634 λογικαῖς
2720 4565 2982 4634 φύσεσιν,
3024 4566 3056 4616 6
3109 4562 3662 4632 καταλαμϐανόμενος

2081 4660 2184 4711 ὑπὸ
2208 4658 2314 4711 τῶν
2344 4661 2401 4712 ἐν
2441 4658 2622 4728 εὐνοία
2652 4656 3050 4728 ἐπιζητούντων
3080 4670 3159 4707 σε’
3184 4656 3214 4707 6
3253 4653 3390 4716 Θεὸς
3422 4653 3660 4724 Ἰσραὴλ,

2080 4750 2174 4805 τοῦ
2206 4750 2471 4823 ἀληθινῶς
2504 4749 2758 4821 ὁρῶντος,
2780 4747 2875 4802 τοῦ
2902 4751 2980 4813 είς
3000 4748 3233 4819 Χριστὸν
3265 4747 3660 4810 πιστεύσαντος

1740 5075 2097 5134 VARIORUM
2130 5076 2357 5132 ΝΟΤᾹΞ.

473 5257 583 5328 (70)
629 5259 722 5329 Τῷ
744 5256 887 5329 Θεῷἴ
942 5254 1416 5329 RectiusAahsunt
1468 5253 1695 5329 in_cod.
1738 5251 1971 5310 Vindob.

408 5324 575 5385 verm
601 5327 675 5396 τῷ
690 5324 849 5397 ’μόνῳ
867 5327 1144 5396 ἀγεννήτῳ
1167 5324 1302 5393 Θεῷ.
1329 5324 1588 5388 Quamvis
1610 5340 1740 5397 cum
1755 5332 1973 5397 recepta

399 5394 665 5453 Sententia
706 5394 831 5451 non
866 5394 1127 5465 pugnent,
1164 5397 1349 5449 nescio
1392 5394 1668 5465 quomodo
1716 5394 1969 5465 Arianis—

399 5484 550 5520 nium
584 5468 868 5531 redolent;
895 5464 1141 5521 s0|ebant
1164 5467 1308 5519 enim
1333 5465 1519 5516 Ariani
1554 5464 1867 5532 frequenter
1891 5464 1969 5516 ita

399 5537 569 5606 loqui,
606 5547 664 5590 ut
694 5538 989 5591 discrimen
1032 5546 1351 5590 naturarum
1400 5535 1454 5588 in
1490 5536 1742 5603 personis
1768 5534 1968 5591 divinis

400 5607 708 5662 inhaerent.
739 5606 906 5660 Cum.

473 5675 580 5744 (7i)
619 5678 929 5728 Λείποντα.
998 5675 1133 5731 Cod.
1167 5675 1326 5731 Vind.
1382 5692 1490 5729 non
1536 5682 1747 5729 mutato
1797 5689 1960 5729 sensu

400 5744 466 5795 τὰ
496 5744 804 5812 λειπόμενα.
830 5746 996 5799 Cum.

478 5812 585 5872 (72)
624 5816 937 5869 “amissi.
976 5815 1065 5870 Est
1096 5816 1149 5869 in
1180 5816 1297 5871 coJ.
1334 5814 1492 5871 Vind.
1528 5818 1817 5885 παναρκεῖ,
1850 5832 1961 5871 om-

2078 5255 2231 5329 nibus
2277 5252 2580 5323 sufﬁciente.
2613 5253 2755 5329 Nihil
2799 5254 3060 5329 interest,
3112 5262 3295 5312 utrum
3326 5273 3653 5329 sequamur.

2079 5323 2378 5397 Utramque
2403 5340 2589 5397 vocem
2622 5326 2780 5397 habet
2825 5326 3045 5387 Suidas.
3087 5334 3141 5381 et
3185 5323 3551 5397 posteriorem
3589 5333 3656 5387 de

2076 5396 2191 5470 sole
2219 5395 2352 5470 dici_
2373 5396 2627 5470 observat
2650 5434 2687 5470 ,_
2708 5395 3205 5470 i_nlerpretattrrque
3248 5397 3405 5470 ἡλίου
3450 5418 3654 5470 παναρ-

2074 5466 2197 5527 κέος
2218 5504 2232 5525 ,
2262 5464 2356 5517 τοῦ
2389 5465 2632 5535 πανταχῆ
2674 5464 2990 5535 λάμποντος.
3045 5464 3213 5520 Recte
3244 5464 3473 5535 quidem
3494 5509 3509 5531 ,
3560 5464 3651 5525 séd

2073 5535 2181 5609 apti
2192 5551 2253 5588 us
2275 5536 2383 5589 vim
2409 5535 2560 5609 vo_eis
2580 5537 2941 5609 expressisset
2967 5536 3116 5608 πάσῃ
3145 5539 3211 5607 τῇ
3234 5540 3307 5609 γῇ
3329 5539 3649 5609 ἀρκοῦντος,

2075 5606 2171 5657 toti
2202 5614 2355 5657 terra:
2384 5606 2704 5673 sti/ﬁdentis.
2742 5603 2819 5659 In.

2142 5675 2253 5747 (75)
2291 5676 2356 5747 f0
2392 5676 2552 5747 Θεοῖς.
2577 5674 2798 5747 in_cod.
2832 5673 2994 5729 Vind.
3024 5677 3217 5747 incipit
3241 5677 3373 5731 hinc
3403 5694 3531 5747 cap.
3564 5678 3645 5741 lo,

2071 5746 2254 5820 addita
2290 5744 2818 5820 hacinscriptjone:
2868 5744 3186 5820 Ἐπίκλησῐς
3230 5744 3646 5818 κεφαλοκλισίας

2073 5833 2129 5868 πι
2142 5815 2275 5868 πῶν
2301 5815 2615 5883 ἀπολυτική.
2644 5816 2717 5871 ἱει.
