3890 6192
443 328 584 384 1115

1345 326 1400 382 ς.
1436 325 1826 381 CLEMENTIS
1858 326 1874 380 Ι
1911 324 2075 380 “OM.
2112 323 2311 380 PONT.
2348 320 2574 379 OPERA
2612 320 2833 377 DUBIA.

3559 321 3697 375 1116

443 444 549 496 ritu
582 438 769 509 gratim
795 444 848 493 et
880 436 1117 500 consilii,
1152 446 1211 492 ut
1254 439 1473 507 adjuvet
1516 454 1579 493 ac
1626 439 1894 509 gubernet
1926 453 2021 507 po-

2136 435 2405 507 ςϐυτέριον
2426 432 2764 495 ἐπιδοθέντα,
2786 432 2881 485 καὶ
2908 431 3182 502 ἔμπλησον
3196 429 3358 485 αὐτὸν
3380 431 3699 503 πνεύματος

442 534 629 603 pulum
663 542 815 584 tuum
857 531 913 584 in
951 531 1118 584 corde
1150 532 1354 585 mundo
1385 550 1397 584 :
1432 531 1889 598 quemadmodum
1923 546 2016 585 re-

445 624 672 695 spexisti
702 624 755 677 in
792 624 1050 693 populum
1082 624 1315 677 electum
1365 631 1540 685 tuum,
1572 630 1627 678 et
1657 625 1802 678 sicut
1842 622 2016 693 Moysi

445 718 753 787 pnecepisti
805 718 1006 785 eligere
1055 717 1324 782 seniores,
1370 732 1511 785 quos
1561 716 1854 785 implevisti
1905 717 2011 786 spi-

446 810 555 861 ritu
579 808 644 862 “.
680 807 746 860 Et
776 824 944 870 nunc,
981 806 1230 870 Domine,
1264 815 1483 877 praesta,
1518 824 1744 863 servans
1775 808 1827 861 in
1860 808 2018 862 nobis

448 900 702 969 spiritum
756 902 942 969 gratiaa
983 908 1089 954 tua:
1136 915 1244 953 non
1269 899 1613 953 deiicientem
1651 907 1751 953 :ut
1781 901 2020 969 repletus

447 992 859 1060 operationibus
891 992 996 1044 vim
1024 991 1253 1045 sanandi
1283 991 1635 1055 habentibus,
1661 1006 1726 1044 ac
1766 1007 2022 1046 sermone

448 1082 517 1136 ad
545 1083 847 1137 docendum
880 1092 1026 1151 apto,
1063 1082 1277 1138 erudiat
1306 1098 1430 1137 cum
1476 1083 1897 1137 mansuetudine
1924 1099 2021 1153 po-

450 1176 635 1245 pulum
677 1184 861 1241 tuum;
898 1176 1101 1229 serviat
1145 1176 1241 1230 tibi
1296 1177 1533 1241 sincere,
1576 1184 1758 1230 mente
1805 1193 1940 1246 pura
1969 1186 2023 1231 et

450 1268 630 1321 anima
670 1268 885 1322 volente
914 1276 1078 1338 atque
1106 1284 1263 1323 sacra
1297 1288 1311 1336 ;
1341 1285 1461 1339 qum
1492 1284 1589 1338 pro
1634 1269 1834 1339 populo
1877 1270 2023 1323 celo-

449 1359 702 1423 brantur,
742 1361 1019 1429 inculpate
1051 1362 1337 1431 perﬁciat;
1386 1378 1482 1433 per
1525 1363 1806 1417 Christum
1830 1370 2019 1426 tuum,

450 1468 573 1506 cum
600 1469 709 1523 quo
760 1454 860 1507 tibi
912 1454 1109 1522 gloria,
1142 1455 1337 1517 honor,
1379 1470 1443 1509 ac
1475 1455 1778 1519 veneratio,
1811 1460 1867 1508 et
1895 1468 2022 1508 san—

450 1554 538 1598 cto
571 1543 822 1614 Spiritui,
857 1545 914 1599 in
944 1546 1165 1599 saecula.
1192 1545 1386 1600 Amen.

1030 1680 1259 1737 CAPUT
1298 1680 1459 1736 XVII.

538 1770 615 1825 De
638 1771 969 1827 ordinatione
994 1773 1341 1826 diaconorum
1368 1772 1673 1827 constitutio
1699 1771 1947 1841 Philippi.

521 1905 597 1961 De
626 1908 975 1962 ordinatione
1004 1924 1134 1964 vero
1190 1909 1569 1971 diaconorum,
1597 1923 1698 1979 ego
1738 1906 2024 1977 Philippus

452 2003 748 2057 constituo.
787 2000 1088 2055 Diaconum
1138 2001 1360 2063 cﬂicies,
1423 2001 1699 2069 episcope,
1739 2000 2027 2069 imponens

450 2094 501 2148 ei
556 2109 772 2156 manus.
823 2101 1038 2147 astante
1101 2094 1198 2147 tibi
1254 2102 1453 2147 cuncto
1501 2092 1841 2163 presbyterio
1901 2106 2027 2146 cum

452 2185 738 2253 diaconis;
764 2195 817 2241 et
845 2201 1032 2246 orans,
1063 2186 1247 2241 dices:

1002 2341 1230 2397 CAPUT
1271 2341 1458 2397 XVIII.

784 2434 1055 2489 lnvocatio
1087 2434 1438 2489 ordinationis
1462 2434 1694 2490 diaconi.

522 2525 666 2583 Deus
694 2529 1046 2597 omnipotens
1068 2567 1082 2590 ,
1115 2543 1303 2591 verax,
1337 2536 1391 2583 et
1418 2544 1594 2597 neque
1625 2527 1820 2582 fallens
1848 2542 2028 2597 neque

455 2616 649 2681 falsus,
683 2617 837 2675 dives
869 2635 997 2689 erga
1029 2635 1219 2675 omnes
1242 2628 1295 2674 te
1340 2621 1396 2673 in
1425 2621 1653 2675 veritate
1684 2621 2023 2684 invocantes,

452 2711 720 2765 terribilis
761 2711 814 2765 in
849 2712 1126 2777 consiliis;
1185 2712 1406 2780 sapiens
1449 2711 1803 2781 cogitatione,
1866 2710 2027 2767 fortis

452 2809 508 2855 et
531 2816 760 2871 magnus
791 2822 802 2856 :
832 2802 1028 2857 exaudi
1061 2804 1364 2856 orationem
1391 2810 1656 2866 nostram,
1691 2801 1939 2865 Domine,
1971 2810 2027 2857 et

453 2892 679 2947 auribus
708 2894 924 2963 percipe
953 2892 1392 2962 deprecationem
1419 2902 1662 2949 nostram
1685 2912 1699 2961 ;
1720 2901 1774 2949 et
1798 2894 2027 2949 ostende

452 2983 647 3039 faciem
678 2992 825 3039 tuam
855 3001 1019 3056 super
1044 3002 1261 3040 servum
1293 2994 1445 3040 tuum
1478 2988 1644 3050 hunc,
1668 2987 1899 3041 electum
1928 2987 2025 3041 tibi

453 3075 509 3129 in
540 3076 863 3133 diaconatus
914 3078 1309 3145 ministerium;
1344 3086 1398 3133 et
1428 3080 1592 3150 imple
1635 3094 1760 3133 eum
1816 3077 2023 3149 Spiritu

2118 530 2339 601 χάριτος
2382 529 2476 581 καὶ
2523 524 2871 596 συμϐουλίας,
2905 524 2998 577 τοῦ
3049 523 3554 593 ἀντιλαμϐάνεσθαι
3602 526 3701 576 xui.

2119 623 2385 694 κυϐερνᾷν
2414 621 2505 673 τὸν
2540 619 2665 672 λαόν
2693 635 2785 671 σου
2818 618 2875 670 ἐν
2906 615 3123 687 καθαρᾷ
3148 616 3361 687 καρδίᾳ·
3397 614 3456 668 ὃν
3492 616 3700 686 τρόπον

2119 716 2299 778 ἐπίδες
2322 716 2415 767 ἐπὶ
2441 713 2567 765 λαὸν
2588 710 2818 780 ἐκλογῆς
2840 727 2957 773 σου,
2982 710 3074 761 καὶ
3108 707 3450 779 προσέταξας
3472 710 3702 761 Monstrat

2119 806 2389 879 αἱρεῖσθαι
2412 804 2831 877 πρεσϐυτέρους,
2862 801 2957 865 οὓς
2976 801 3215 870 ἐπλησας
3237 800 3567 871 πνεύματος.
3591 802 3702 853 Καὶ

2120 900 2236 964 νῦν,
2270 898 2461 971 Κύριε,
2511 896 2822 966 παράσχου,
2857 894 3140 956 ἀνελλιπὲς
3174 893 3357 963 τηρῶν
3386 894 3444 945 ἐν
3474 895 3612 962 ήμῖν
3644 894 3705 945 τὸ

2122 991 2337 1061 πνεῦμα
2366 990 2467 1059 τῆς
2506 988 2726 1061 χάριτός
2763 1003 2875 1039 σου·
2921 986 3067 1048 ὅπως
3101 984 3355 1054 πλησθεὶς
3383 986 3703 1055 ἐνεργημά-

2119 1101 2227 1136 των
2251 1081 2493 1143 ἱατικῶν,
2528 1081 2620 1133 xui.
2648 1079 2805 1147 λόγου
2824 1076 3154 1141 διδακτικοῦ,
3177 1077 3235 1129 ὲν
3268 1076 3541 1146 πραότητι
3575 1094 3706 1128 παι-

2120 1174 2249 1245 δεύη
2286 1190 2377 1226 σου
2422 1173 2511 1225 τὸν
2558 1171 2714 1234 λαὸν,
2749 1171 2844 1223 καὶ
2886 1168 3110 1238 δουλεύῃ
3152 1185 3233 1220 σοι
3278 1166 3596 1239 εἰλικρινῶς
3648 1168 3709 1221 ἐν

2125 1266 2343 1337 καθαρᾷ
2368 1264 2575 1335 διανοίᾳ
2611 1265 2704 1317 xui.
2738 1263 2881 1333 ψυχῇ
2905 1261 3152 1331 θελούσῃ,
3178 1261 3270 1313 xui.
3298 1258 3397 1323 τὰς
3429 1261 3578 1330 ὑπὲρ
3606 1259 3707 1312 τοῦ

2122 1357 2251 1411 λαοῦ
2286 1356 2589 1428 ἱερουργίας
2624 1354 2886 1427 ἀμώμους
2926 1352 3139 1424 ἐκτελῇ,
3197 1351 3285 1405 διὰ
3330 1350 3427 1403 τοῦ
3460 1351 3705 1422 Χριστοῦ

2125 1465 2236 1502 σου·
2277 1448 2392 1519 μεθ’
2421 1441 2483 1501 οὗ
2513 1464 2595 1500 σοι
2625 1447 2771 1512 δόξα,
2806 1446 2940 1517 τιμὴ
2972 1446 3065 1498 xui.
3110 1444 3291 1509 σέϐας,
3320 1443 3416 1497 καί
3448 1442 3533 1513 τῷ
3562 1443 3707 1512 ἁγίῳ

2122 1540 2419 1612 Πνεῦματι,
2448 1541 2528 1603 είς
2552 1540 2681 1601 τοὺς
2713 1537 2933 1601 αἰῶνας.
2973 1538 3167 1607 Ἀμήν.

2648 1631 3039 1685 ΚΕΦΑΛΑΙΟΝ
3082 1628 3153 1683 IZ'

2123 1723 2264 1793 Περὶ
2312 1724 2678 1794 χειροτονίας
2717 1723 3051 1862 διὲἒόνωέὀ)
3088 1722 3193 1776 τοῦ
3242 1722 3551 1776 Φιλίππου
3576 1718 3706 1773 διά-

2748 1812 2779 1847 τ
2863 1812 2916 1859 ις
2947 1845 2962 1862 γ
3061 1834 3074 1846 .

2748 1812 2916 1859 tacti;
2943 1812 3074 1863 ιδυ).

2200 1887 2335 1959 Περὶ
2366 1887 2423 1940 δὲ
2462 1887 2791 1958 χειροτονίας
2828 1886 3111 1949 διακόνων,
3145 1884 3257 1953 ἐγὼ
3297 1884 3567 1945 Φίλιππος
3593 1884 3713 1937 δια-

2127 1980 2417 2050 τάσσομαι.
2467 1980 2721 2032 Διάκονον
2769 1979 3152 2049 καταστήσεις,
3187 1972 3231 2030 ὦ
3261 1978 3555 2039 ἐπίσκοπε,
3585 1978 3711 2028 ἐπι-

2129 2070 2241 2134 θεὶς
2284 2069 2433 2141 αὐτῷ
2474 2070 2572 2134 τὰς
2605 2073 2813 2142 χεῖρας,
2853 2069 3201 2141 παρεστῶτός
3242 2085 3325 2121 σοι
3378 2068 3583 2129 παντὸς
3616 2068 3711 2121 τοῦ

2129 2162 2520 2235 πρεσϐυτερίου
2568 2164 2662 2216 xui.
2698 2162 2807 2216 τῶν
2854 2162 3136 2225 διακόνων,
3186 2163 3278 2215 καὶ
3329 2160 3709 2232 ἐπευξάμενος

2127 2257 2294 2327 ἐρεῖς·

2653 2347 3056 2400 ΚΕΦΑΛΛΙΟΝ
3095 2347 3205 2400 ΙΗ’.

2382 2438 2733 2506 Ἐπίκληο-ις
2760 2439 3127 2506 χειροτονίας
3152 2437 3455 2491 διακόνου.

2210 2530 2267 2583 '0
2300 2530 2452 2594 Θεὸς,
2474 2532 2502 2583 6
2534 2530 2949 2602 παντοκράτωρ,
2969 2532 2997 2583 6
3027 2530 3279 2601 ἀληθινὸς
3310 2530 3407 2582 καὶ
3437 2528 3707 2598 ἀψευδὴς,

2126 2622 2155 2674 6
2186 2622 2430 2675 πλουτῶν
2476 2625 2555 2685 εἰς
2590 2623 2801 2686 πάντας
2842 2625 2969 2686 τοὺς
3009 2622 3478 2693 ἐπικαλουμένους
3537 2638 3595 2674 σε
3653 2623 3715 2672 ἐν

2126 2712 2371 2785 ἀληθείᾳ,
2419 2714 2447 2765 6
2495 2714 2721 2784 φοϐερὸς
2756 2715 2812 2766 ἐν
2847 2714 3078 2785 βουλαῖς,
3120 2716 3149 2767 6
3205 2715 3368 2784 σοφὸς
3417 2714 3652 2786 διανοίᾳ,
3686 2718 3715 2768 6

2127 2807 2387 2879 κραταιὸς
2426 2805 2518 2860 καὶ
2576 2807 2767 2878 μέγας
2809 2806 3129 2860 εἰσάκουσον
3182 2806 3500 2877 προσευχῆς
3530 2808 3714 2877 ἡμῶν,

2126 2900 2319 2973 Κύριε,
2351 2901 2445 2953 xui.
2468 2898 2722 2954 ἐνώτισαι
2772 2901 2869 2971 τὴν
2899 2899 3082 2971 δέησιν
3113 2899 3291 2969 ήμῶν,
3322 2900 3417 2951 καὶ
3449 2899 3714 2967 ἐπίφανον

2127 2992 2189 3046 τὸ
2219 2991 2510 3064 πρόσωπόν
2554 3009 2646 3045 σου
2678 2992 2770 3045 ἐπὶ
2799 2991 2890 3045 τὸν
2919 2991 3103 3045 δοῦλόν
3134 3008 3226 3043 σου
3254 2990 3425 3053 τόνδε,
3458 2991 3553 3041 τὸν
3582 3007 3715 3061 προ-

2128 3083 2501 3155 χειριζόμενόν
2555 3100 2637 3136 σοι
2693 3086 2772 3146 είς
2818 3083 3113 3145 διακονίαν,
3148 3083 3243 3134 xui.
3290 3081 3503 3150 πλῆσον
3548 3080 3716 3136 αὐτὸν

454 3176 668 3231 sancto,
720 3177 773 3223 et
821 3170 1043 3229 virtute,
1093 3171 1237 3224 sicut
1289 3170 1586 3240 implevisti
1652 3169 2016 3239 Stephanum,

2136 3175 2437 3247 [Ινεύματος
2470 3176 2645 3245 ἁγίου,
2680 3176 2774 3228 xui.
2828 3175 3136 3246 δυνάμεως,
3186 3173 3263 3236 ὡς
3317 3172 3566 3242 ἐπλησας
3596 3174 3717 3227 Στέ-

453 3268 773 3331 martyrem,
801 3277 865 3315 ac
888 3262 1207 3331 passionum
1238 3262 1446 3317 Christi
1480 3261 1557 3315 tui
1588 3262 1918 3315 imitatorem
1947 3262 2022 3329 ³⁵;

452 3357 507 3405 et
536 3353 775 3406 concede
829 3354 903 3417 ei,
960 3362 1018 3407 ut
1046 3370 1169 3408 cum
1203 3354 1309 3410 sibi
1343 3354 1602 3409 traditum
1659 3355 2025 3410 ministerium

453 3442 645 3511 probe,
667 3452 1005 3509 constanter,
1039 3446 1292 3511 innocue,
1328 3462 1391 3501 ac
1421 3448 1823 3517 inculpabiliter
1852 3449 2029 3503 admi-

454 3535 796 3603 nistraverit,
849 3542 1056 3607 majore
1107 3540 1278 3609 gradu
1333 3540 1533 3609 dignus
1579 3540 1881 3607 habeatur;
1914 3557 2029 3596 me-

455 3626 669 3681 diatore
718 3630 998 3698 unigenito
1036 3628 1173 3685 Filio
1195 3639 1329 3698 tuo;
1363 3648 1487 3685 cum
1526 3648 1635 3701 quo
1686 3633 1783 3687 tibi
1831 3633 2025 3701 gloria,

454 3718 632 3771 honor
665 3733 729 3772 ac
772 3721 1074 3787 veneratio,
1109 3729 1163 3777 et
1187 3733 1379 3779 sancto
1422 3722 1672 3795 Spiritui,
1701 3725 1757 3779 in
1803 3726 2024 3781 sarcula.

456 3809 651 3865 Amen.

1040 3903 1270 3960 CAPUT
1305 3905 1448 3963 XIX.

632 3995 709 4049 De
738 3994 1045 4051 diaconissa
1081 4000 1390 4052 constitutio
1424 3999 1826 4058 Bartholomwi.

528 4086 604 4142 De
653 4087 965 4144 diaconissa
1022 4106 1172 4155 vero,
1242 4090 1676 4149 Bartholomaeus
1708 4096 2027 4151 constituo:

460 4178 747 4250 Episcope,
802 4182 1050 4251 impones
1079 4183 1128 4237 ei
1162 4198 1378 4248 manus,
1429 4192 1645 4239 astante
1694 4187 2031 4258 presbyterio

459 4287 567 4325 una
602 4287 726 4328 cum
767 4272 1018 4329 diaconis
1048 4289 1113 4327 ac
1144 4274 1508 4343 diaconissis;
1541 4283 1598 4331 et
1627 4276 1777 4333 dices
1810 4296 1825 4333 :

1049 4453 1278 4509 CAPUT
1319 4454 1436 4511 XX.

698 4548 968 4603 Invocatio
996 4551 1050 4602 in
1078 4550 1415 4604 ordinatione
1440 4551 1777 4609 diaconissa’.

540 4642 683 4697 Deus
704 4652 927 4707 aeterne,
966 4642 1126 4698 Pater
1172 4641 1383 4699 Domini
1407 4647 1581 4701 nostri
1616 4645 1747 4702 Jesu
1801 4645 2027 4714 Christi,

542 4840 587 4871 “
626 4839 796 4895 Exod.
835 4856 988 4905 xvm,
1022 4857 1170 4906 xxiv,
1202 4857 1394 4896 xxvut.
1486 4842 1532 4874 "
1567 4843 1689 4898 Aet.
1720 4862 1793 4910 Vl,
1821 4862 1919 4903 vn.

2127 3284 2291 3337 φανον
2314 3268 2405 3320 τὸν
2432 3268 2683 3339 μάρτυρα
2714 3268 2807 3320 xui.
2840 3266 3082 3338 μιμητὴν
3114 3265 3220 3318 τῶν
3250 3265 3597 3335 παθημάτων
3621 3266 3717 3320 τοῦ

2124 3358 2361 3432 Χριστοῦ
2408 3376 2524 3424 σου,
2560 3360 2653 3412 καὶ
2686 3359 3022 3426 καταξίωσον
3074 3357 3236 3411 αὐτὸν
3266 3359 3585 3429 εὐαρέστως
3614 3358 3718 3411 λεια

2124 3454 2502 3524 τουργήσαντα
2560 3452 2660 3522 τήν
2716 3451 3148 3522 ἐγχειρισθεῖσαν
3202 3450 3351 3519 αὐτῷ
3412 3450 3713 3513 διακονίαν,

2126 3544 2431 3616 ἀτρέπτως,
2464 3544 2787 3615 ἀμέμπτως,
2836 3543 3204 3614 ἀνεγκλήτως,
3258 3541 3507 3613 μείζονος
3550 3540 3716 3606 ἀξιω-

2128 3636 2285 3705 θῆναι
2318 3636 2551 3708 βαθμοῦ,
2582 3636 2671 3690 διὰ
2697 3636 2799 3706 τῆς
2825 3636 3105 3707 μεσιτείας
3136 3634 3229 3688 τοῦ
3268 3634 3595 3705 μονογενοῦς
3624 3653 3715 3687 σου

2130 3726 2281 3780 Υίοῦ·
2336 3728 2453 3798 μεθ’
2496 3722 2558 3782 οὗ
2604 3745 2686 3781 σοι
2733 3726 2883 3795 δόξα,
2934 3728 3068 3800 τιμὴ
3117 3728 3211 3781 xui.
3260 3728 3444 3791 σὲϐας,
3499 3730 3595 3782 καὶ
3640 3729 3717 3799 τῷ

2130 3819 2268 3890 ἁγίῳ
2300 3819 2597 3891 Πνεῦματι,
2629 3822 2709 3882 είς
2736 3822 2863 3883 τοὺς
2896 3820 3117 3883 αἰῶνας.
3162 3821 3355 3893 Ἀμήν.

2655 3911 3047 3967 ΚΕΦΑΛΑΙΟΝ
3089 3914 3187 3967 16'.

2233 4004 2373 4073 Περὶ
2392 4003 2809 4072 διακονίσσης,
2832 4006 3279 4075 Βαρθολομαὶου
3307 4004 3604 4072 διάταξις.

2201 4097 2337 4168 Περὶ
2360 4096 2417 4150 δέ
2447 4096 2811 4167 διακονίσσης,
2844 4097 3247 4169 Βαρθολομαῖος
3280 4098 3393 4169 (81)
3418 4100 3714 4153 διατάσσο-

2136 4207 2252 4261 μαι·
2283 4184 2327 4241 ὧ
2373 4190 2658 4253 ἐπίσκοπε,
2706 4189 2989 4260 ἐπιθήσεις
3038 4193 3176 4262 αὐτῇ
3209 4192 3307 4256 τὰς
3354 4195 3547 4263 χεῖρας
3579 4194 3715 4263 (82),

2134 4283 2483 4354 παρεστῶτος
2506 4282 2601 4335 τοῦ
2630 4283 3023 4354 πρεσϐυτερίου
3058 4283 3152 4337 xui.
3182 4282 3289 4335 τῶν
3319 4283 3595 4339 διακόνων
3622 4290 3715 4339 καὶ

2133 4376 2243 4431 τῶν
2274 4376 2647 4439 διακονισσῶν,
2680 4377 2773 4428 xui.
2803 4377 2965 4444 ἐρεῖς·

2664 4467 3060 4521 ΚΕΦΑΛΑΙΟΝ
3084 4468 3166 4520 K’.

2271 4560 2625 4628 Ἐπίκλησις
2649 4558 2749 4612 ἐπὶ
2780 4558 3145 4627 χειροτονίας
3167 4557 3589 4627 διακονίσσης.

2217 4652 2275 4705 '0
2329 4651 2460 4715 Θεὸς
2511 4653 2541 4704 6
2595 4649 2830 4714 αἰώνιος,
2873 4652 2901 4703 6
2951 4649 3140 4722 Πατὴρ
3181 4650 3276 4704 τοῦ
3306 4650 3518 4723 Κυρίου
3559 4652 3714 4724 ήμῶν

1791 5000 2153 5059 VARIORUM
2186 5004 2415 5061 ΝΟΤᾸΕ.

455 5134 765 5204 Augustini,
830 5143 1025 5204 quaest.
1086 5136 1211 5199 101,
1269 5134 1403 5189 dicit
1452 5136 1768 5191 testimonio
1808 5138 2027 5194 diaconi

458 5207 575 5260 lieri
608 5207 986 5275 presbyterum
1020 5222 1032 5256 :
1061 5222 1223 5275 quam
1251 5208 1710 5262 consuetudinem
1729 5210 1892 5264 unius
1934 5228 2027 5264 ur-

458 5277 543 5347 his
597 5275 791 5347 Bonum,
829 5291 951 5331 esse
981 5277 1247 5347 docemur
1268 5277 1338 5330 ab
1369 5276 1698 5347 Hieronymo
1728 5281 1890 5347 epist.
1932 5281 2022 5336 85.

461 5342 591 5399 Vide
624 5346 701 5417 si;
724 5346 869 5400 Iubet
898 5348 1191 5417 concilium
1221 5346 1474 5417 Carthag.
1503 5342 1590 5413 iv;
1608 5363 1735 5403 can.
1762 5342 1853 5404 92.
1887 5351 2023 5407 Cor.

530 5416 643 5489 (80)
676 5414 837 5489 Deest
894 5416 1009 5489 haec
1061 5418 1349 5486 inscriptio
1380 5414 1585 5489 in'cod.
1619 5417 1853 5473 Vindob.
1879 5422 2028 5489 ejus-

456 5502 563 5558 que
612 5488 754 5558 loco];
777 5486 917 5558 haec»
943 5488 1196 5558 leguntur
1229 5506 1243 5541 :
1277 5489 1411 5558 Περὶ
1444 5488 1499 5540 δὲ
1528 5488 1628 5557 τῆς
1674 5486 2027 5558 χειροτονίας,

456 5550 645 5633 καιτά
676 5550 824 5625 ἑξῆς,
857 5550 1179 5633 additam};
1215 5550 1481 5633 schol-ida
1503 5550 1774 5633 Φίλιππος’
1810 5550 2028 5633 Ἀσιανῇ

358 5620 403 5653 θ’
454 5620 714 5701 διοικήσει
744 5620 987 5701 κηρύξας
1016 5628 1106 5679 τὸν
1136 5627 1396 5701 ςιεζοποιὸν
1426 5628 1603 5701 λόγον,
1633 5630 1691 5680 ἐν
1719 5620 2029 5701 Ἱεραπόλεῖ

455 5693 831 5787 ἷῆςιφρυγίας
855 5697 1167 5787 féﬂuzrz‘uz,‘
1196 5697 1311 5766 ἃμα
1342 5703 1461 5778 ταῖς
1492 5693 1843 5787 θυγατράσιν,
1890 5720 2030 5787 μαρ-

457 5767 630 5832 τυρίῳ
664 5764 966 5830 τελειωθεὶς
1004 5767 1095 5820 ἐπὶ
1140 5764 1460 5839 Δομετιανοῦ
1512 5764 1807 5823 atii-texerit"
1823 5764 1930 5834 οος,
1971 5764 2028 5826 ⁸0

2132 5142 2231 5205 τὰς
2256 5141 2569 5213 θυγατέρας
2592 5143 2729 5213 ἔχων
2745 5143 3010 5206 Φίλιππος
3037 5143 3101 5196 ἐκ
3121 5143 3228 5197 τῶν
3247 5143 3293 5208 ζ’
3319 5144 3492 5198 ἐστίν.
3539 5148 3603 5202 '0
3628 5150 3716 5204 καὶ

2133 5214 2224 5284 τὸν
2250 5212 2519 5284 Εὐνοῦχον
2551 5212 2838 5284 βαπτίσας.
2874 5214 3045 5268 Cum.

2208 5281 2322 5351 (81)
2353 5281 2816 5353 Βαρθολομαῖος.
2835 5284 2891 5337 In
2912 5284 3039 5337 cod.
3072 5282 3236 5336 Vind.
3270 5284 3361 5338 hic
3392 5286 3601 5353 legitur
3620 5290 3716 5345 hoc

2135 5353 2382 5425 scliolion
2416 5354 2865 5425 .LBGPOOXOMIQC
2907 5354 3098 5425 Ἰνδοῖς
3131 5354 3193 5406 τὸ
3240 5355 3385 5408 κατὰ
3438 5359 3715 5413 Ματθαίον

2133 5424 2232 5493 ἐκή
2274 5422 2396 5487 υξεν
2426 5422 2558 5477 Εὑα
2577 5422 2774 5492 γέλιον,
2805 5424 2865 5487 ὃς
2892 5426 2987 5477 xui.
3016 5422 3281 5478 τέθαπται
3324 5426 3384 5477 ἐν
3430 5428 3609 5482 Ἰνδία.
3643 5430 3710 5483 lo.

2205 5441 2318 5547 (g2)
2357 5442 2697 5547 Ἐπιθίιῖσεις
2722 5493 2878 5547 αὐτῆ
2912 5495 3017 5547 τὰς
3050 5494 3268 5547 ursinae.
3306 5486 3710 5547 Freouen‘tissi-

2205 5494 2318 5562 (82)
2357 5494 2697 5559 Ἐπιθήσεις
2722 5494 2878 5562 αὐτῇ
2912 5495 3017 5559 τὰς
3050 5494 3268 5560 χεῖρας.
3306 5494 3715 5567 Ῡτθηυρῐιίἰεεί-

2133 5579 2219 5617 me
2250 5562 2446 5627 Graeci,
2480 5566 2766 5619 rarissime
2795 5562 2997 5618 Latini.
3031 5562 3238 5617 Praeter
3278 5564 3713 5623 Wormatienses

2134 5632 2326 5688 Patres
2374 5650 2441 5687 ex
2499 5635 2738 5689 concilio
2780 5635 3242 5695 Chalcedonensi,
3286 5635 3630 5694 Fortunatus
3666 5641 3712 5691 in

2146 5702 2265 5756 Vita
2292 5703 2650 5773 Radegundis.
2689 5704 2858 5757 Manu
2884 5706 3215 5772 superposita
3245 5711 3581 5762 consecravit
3611 5710 3708 5763 dio-

2134 5790 2319 5829 conam
2351 5774 2640 5832 Medardus
2666 5776 2978 5847 episcopus.
3012 5773 3145 5832 Vide
3172 5792 3359 5846 supra.
3386 5777 3527 5833 Cor.
