3890 6192
159 336 314 393 1117

1013 334 1612 394 CONSTITUTIONES
1641 335 2116 396 APOSTOLICAS.
2152 373 2222 382 —
2255 341 2385 400 LIB.
2428 341 2561 398 Vili.

3292 346 3435 402 1118

161 458 354 532 Ἰησοῦ
385 459 647 531 Χριστοῦ,
680 463 710 515 ό
738 461 934 535 ἀνδρὸς
963 464 1058 518 καὶ
1103 462 1364 533 γυναικὸς
1392 461 1744 534 δημιουργὸς,

1850 469 2069 518 creator
2128 463 2230 518 viri
2288 479 2353 519 ac
2405 464 2687 529 mulieris;
2722 464 2815 534 qui
2868 464 3079 535 Spiritu
3141 462 3436 535 implewstl

145 552 179 604 ὁ
215 550 518 624 πληρώσας
547 553 865 624 Πνεύματος
900 555 1136 628 Μαριὰμ
1171 557 1265 609 καὶ
1305 555 1580 627 Δεόόρῥαν
1609 553 1744 625 (85),

149 646 254 698 καὶ
291 647 512 707 Ἀνναν,
544 647 639 700 καὶ
674 647 881 711 Ὀλδὰν,
908 648 937 700 ὁ
969 648 1043 719 μὴ
1088 646 1410 714 ἀπαξιώσας
1451 647 1543 700 τὸν
1594 649 1750 718 μονοέ

146 753 217 806 γε
229 738 298 808 νῆ
335 755 430 791 σου
481 739 609 793 Υἱὸν
649 740 979 811 γεννηθῆναι
1012 742 1075 793 ὲκ
1099 739 1375 809 γυναικὸς,
1406 741 1435 792 ὁ
1467 740 1561 792 καὶ
1592 741 1651 791 ὲν
1679 741 1745 810 τῇ

147 833 337 902 σκηνῇ
366 829 461 885 τοῦ
499 833 803 903 μαρτυρίου
841 834 937 886 κα).
969 834 1027 886 ὲν
1070 833 1150 903 τῷ
1177 832 1292 902 ναῷ
1321 833 1749 904 προχειρισάμε-

149 937 254 985 νος
281 921 384 986 τὰς
412 925 686 995 φρουροὺς
729 924 840 977 τῶν
881 925 1050 993 ἁγίων
1086 943 1178 978 σου
1212 925 1412 979 πυλῶν·
1446 925 1610 988 αὐτὸς
1651 924 1749 978 καὶ

147 1015 253 1068 νῦν
283 1015 434 1069 ἔπιδε
461 1017 555 1069 ἐπὶ
579 1017 680 1088 τὴν
707 1015 902 1088 δούλην
932 1035 1027 1070 σου
1057 1017 1240 1090 τήνδε,
1275 1018 1374 1088 τὴν
1402 1018 1746 1090 προχειριζο-

153 1105 338 1178 μένην
373 1110 454 1171 εἰς
486 1108 784 1172 διακονίαν,
826 1110 922 1162 καὶ
969 1109 1060 1173 δὸς
1107 1109 1244 1181 αὐτῇ
1289 1109 1514 1181 Πνεῦμα
1563 1109 1745 1178 ἅγιον,

154 1198 258 1252 καὶ
293 1200 594 1270 καθάρισον
640 1201 809 1272 αὐτὴν
858 1202 968 1255 ἀπὸ
1001 1202 1201 1265 παντὸς
1239 1201 1512 1274 μολυσμοῦ
1542 1203 1746 1272 σαρκὸς

149 1290 254 1344 καὶ
282 1291 615 1362 πνεύματος,
651 1295 790 1365 πρὸς
819 1294 880 1347 τὸ
923 1293 1162 1358 ἐπαξίως
1190 1293 1454 1346 ἐπιτελεῖν
1485 1295 1657 1366 αὐτὴν
1685 1295 1747 1348 τὸ

150 1383 503 1454 ἐγχειρισθὲν
537 1386 674 1457 αὐτῇ
709 1385 890 1458 ἔργον,
921 1389 1001 1450 εἰς
1029 1385 1186 1452 δόξαν
1219 1388 1338 1458 σὴν,
1381 1389 1474 1440 καὶ
1527 1387 1747 1442 ἔπαινον

147 1475 248 1528 τοῦ
297 1477 535 1548 Χριστοῦ
589 1495 707 1530 σου·
751 1479 866 1550 μεθ’
904 1471 966 1532 οὗ
1025 1497 1106 1532 σοι
1151 1478 1278 1544 δόξα
1308 1480 1402 1532 καὶ
1440 1480 1749 1551 προσκύνη-

152 1585 264 1632 σις,
295 1571 392 1623 καὶ⁵
414 1570 492 1642 τῷ
525 1572 665 1642 ἁγίῳ
694 1573 993 1644 Πνεύματι,
1023 1575 1102 1636 εἰς
1131 1575 1260 1636 τοὺς
1292 1573 1511 1638 αἰῶνας.
1551 1575 1742 1645 Ἀμήν.

665 1665 1060 1718 ΚΕΦΑΛΑΙΟΝ
1097 1667 1227 1718 ΚΑ’.

258 1754 406 1823 Περὶ
427 1755 841 1812 ὑποδιακόνων
869 1756 1138 1823 διάταξις
1163 1756 1271 1810 τοῦ
1301 1755 1472 1825 Θωμίὶ
1505 1755 1638 1828 (84).

223 1847 366 1919 Περὶ
417 1848 474 1901 δὲ
521 1849 918 1914 ὑποδιακόνων,
967 1848 1077 1918 ἐγὼ
1133 1848 1334 1919 Θωμᾶς
1385 1848 1745 1919 διατάσσομαι

149 1940 284 2010 ὑμῖν
326 1943 440 2004 τοῖς
486 1942 820 2005 ἐπισκόποις.
892 1943 1274 1996 ’Υποδιάκονον
1319 1941 1659 2014 χειροτονῶν,
1702 1936 1747 1994 ὦ

151 2031 450 2097 ἐπίσκοπε,
481 2034 759 2106 ἐπιθήσεις
786 2036 872 2088 ἐπ’
900 2034 1048 2106 αὐτῷ
1070 2035 1167 2098 τὰς
1198 2039 1406 2106 χεῖρας,
1451 2037 1544 2089 καὶ
1578 2037 1743 2106 ἐρεῖς·

147 2125 402 2178 Δέσποτα
436 2125 547 2197 (85)
577 2126 696 2190 Θεὲ,
744 2127 976 2198 οὐρανοῦ
1009 2127 1104 2181 καὶ
1147 2127 1250 2199 γῆς
1301 2128 1602 2199 δημιουργὲ
1653 2128 1747 2182 καὶ

147 2217 377 2272 πάντων
404 2217 514 2271 τῶν
553 2220 611 2271 ἐν
643 2220 846 2283 αὐτοῖς,
882 2222 910 2273 ὁ
949 2222 1042 2274 καὶ
1075 2223 1131 2274 ἐν
1161 2223 1227 2293 τῇ
1268 2224 1441 2292 σκηνῇ
1477 2220 1572 2273 τοῦ
1607 2239 1748 2293 μαρ-

146 2311 344 2382 τυρίου
395 2311 521 2374 τοὺς
577 2312 880 2384 νεωκόρους
933 2312 1216 2379 ἀναδείξας
1264 2311 1373 2366 τῶν
1429 2312 1597 2382 ἁγίων
1652 2330 1744 2365 σου

151 2401 371 2457 σκευῶν
421 2404 686 2474 φύλακας·
731 2405 892 2468 αὐτὸς
938 2407 1030 2458 καὶ
1066 2405 1161 2458 νῦν
1205 2405 1493 2476 ὲπίόλεῲον
1531 2405 1624 2459 ἐπὶ
1655 2405 1747 2459 τὸν

147 2497 341 2551 δοῦλόν
379 2515 473 2550 σου
510 2499 678 2564 τόνδε,
711 2499 801 2552 τὸν
846 2499 1288 2570 προχειρισθέντα
1319 2499 1426 2570 (86)
1456 2499 1746 2552 ὐποδιάκο-

148 2607 265 2653 νον,
299 2590 395 2644 κα)⁵
432 2591 520 2654 δὸς
558 2590 706 2662 αὐτῷ
753 2591 979 2662 Πνεῦμα
1018 2592 1200 2660 ἆγιον,
1238 2592 1375 2663 πρὸς
1411 2592 1472 2644 τὸ
1510 2591 1747 2655 ἐπαξίως

147 2684 491 2752 ἐφάπτεσθαι
535 2682 643 2736 τῶν
677 2683 1062 2756 λειτουργικῶν
1095 2684 1203 2754 (87)
1249 2702 1340 2736 σου
1386 2683 1616 2747 σκευῶν,
1652 2684 1746 2736 καὶ

145 2778 328 2830 ποιεῖν
354 2775 416 2828 τὸ
434 2775 647 2846 θέλημὰ
667 2793 759 2829 σου
787 2777 1096 2839 διαπαντὸς,
1118 2776 1204 2829 διὰ
1228 2775 1322 2828 τοῦ
1352 2775 1587 2847 Χριστοῦ
1627 2791 1742 2828 σουο

150 2867 273 2939 μεθ’
303 2858 366 2920 οὗ
398 2884 482 2920 σοι
505 2867 654 2933 δόξα,
677 2871 808 2940 τιμὴ
833 2869 928 2923 κα).
960 2869 1140 2932 σέϐας,
1165 2870 1260 2921 καὶ
1299 2868 1375 2939 τῷ
1405 2869 1544 2939 ἁγίῳ
1574 2867 1744 2921 Πνεύ-

150 2977 311 3032 ματι,
344 2962 424 3025 εἰς
451 2962 578 3026 τοὺς
603 2961 828 3026 αἰῶνας.
874 2963 1066 3033 Ἀμήν.

687 3055 1084 3109 ΚΕΦΑΛΑΙΟΝ
1114 3055 1242 3106 ΚΒ’.

1851 553 2076 608 Mariam
2097 555 2161 619 ³⁸,
2181 555 2452 610 Deboram
2473 557 2540 619 ³⁷,
2559 557 2768 611 Annam
2783 557 2850 621 ⁸⁸,
2889 566 2943 612 et
2977 556 3206 612 l-loldam
3224 559 3272 589 '9
3299 577 3312 622 ;
3344 559 3438 627 qui

1850 660 1962 700 non
1993 646 2320 717 dedignatus
2363 664 2446 714 es,
2494 664 2560 704 ex
2610 650 2839 704 muliere
2899 649 3050 704 nasci
3095 650 3436 719 unigenitum

1851 735 2050 791 Filium
2084 748 2237 792 tuum
2269 739 2462 810 1⁸⁰;ιιιιι
2495 741 2550 795 in
2585 741 2942 796 tabernaculo
2970 741 3270 796 testimonii
3299 750 3354 796 et
3381 743 3438 796 in

1849 831 2057 900 templo
2091 830 2323 886 feminas
2345 833 2606 888 custodes
2641 841 2954 888 sanctarum
2989 834 3284 903 januarum
3313 843 3438 888 tua-

1848 936 1970 976 rum
2000 922 2291 978 instituisti
2327 943 2340 978 :
2373 925 2492 995 ipse
2527 940 2676 979 nunc
2722 941 2942 996 quoque
3001 927 3214 995 respice
3264 927 3317 980 in
3354 926 3437 980 fa-

1849 1015 2053 1068 mulam
2086 1024 2236 1070 tuam
2267 1017 2431 1082 banc,
2463 1019 2696 1073 electam
2727 1019 2795 1072 ad
2850 1019 3260 1081 ministerium;
3285 1029 3336 1074 et
3365 1019 3436 1074 da

1848 1105 1896 1160 ei
1928 1105 2193 1176 Spiritum
2227 1118 2478 1162 sanctum
2505 1128 2520 1177 ;
2553 1118 2608 1166 et
2649 1111 2850 1165 munda
2898 1126 3018 1166 eam
3069 1112 3140 1164 ab
3169 1111 3318 1164 omni
3349 1112 3436 1166 in-

1848 1199 2204 1267 quinamento
2220 1201 2406 1255 carnis
2425 1210 2474 1256 et
2496 1203 2724 1272 spiritus
2763 1203 2806 1234 “
2826 1190 2947 1269 ;'ut
2967 1218 3107 1273 opus
3139 1203 3246 1258 sibi
3276 1218 3430 1257 com-

1849 1289 2078 1344 missum
2117 1293 2364 1361 perﬁciat
2429 1295 2723 1364 condigne,
2781 1295 2834 1348 in
2883 1295 3112 1364 gloriam
3175 1303 3324 1348 tuam
3381 1303 3435 1350 et

1849 1384 2064 1438 laudem
2097 1386 2303 1440 Christi
2339 1387 2414 1440 tui
2443 1404 2458 1454 ;
2483 1401 2608 1441 cum
2634 1403 2744 1457 quo
2771 1387 2868 1440 tibi
2899 1387 3072 1456 gloria
3107 1395 3271 1457 atque
3300 1386 3434 1442 ado-

1849 1478 2011 1543 ratio,
2053 1486 2107 1534 et
2139 1487 2332 1534 sancto
2375 1480 2626 1550 Spiritui,
2664 1480 2720 1534 in
2751 1481 2970 1535 saecula.
3002 1477 3196 1533 Amen.

2360 1658 2590 1714 CAPUT
2630 1659 2771 1714 XXI.

2125 1748 2197 1803 De
2228 1750 2566 1806 subdiaconis
2590 1753 2896 1806 constitutio
2928 1752 3162 1828 Themin.

1780 1819 1819 1871 Β
1917 1841 1990 1898 De
2021 1845 2374 1899 subdiaconis
2406 1852 2611 1905 autem.
2646 1861 2747 1915 ego
2776 1845 3015 1899 Thomas
3038 1845 3192 1900 vobis
3218 1847 3434 1915 episeo-

1847 1937 1932 2004 pis
1963 1938 2258 1992 constituo.
2308 1937 2539 2004 Quando
2587 1939 2984 1993 subdiaconum
3032 1939 3277 2003 ordinas,
3312 1941 3433 2010 epi-

1848 2044 2032 2098 scope,
2068 2030 2314 2100 impones
2369 2043 2534 2102 super
2560 2047 2684 2087 eum
2724 2049 2940 2096 manus,
2993 2042 3047 2089 et
3100 2035 3292 2090 dices:
3327 2034 3434 2089 Do-

1847 2123 1991 2176 mine
2007 2122 2430 2186 Deus,conditor
2449 2125 2571 2178 εαξιί
2593 2134 2646 2179 et
2663 2133 2840 2190 terrai,
2857 2126 3211 2197 omniumque
3231 2144 3352 2196 qua:
3375 2128 3432 2182 in

1846 2217 1928 2271 eis
1946 2218 2314 2279 continentur,
2331 2217 2423 2287 qui
2440 2218 2495 2272 in
2509 2219 2865 2274 tabernaculo
2882 2220 3180 2274 testimonii
3201 2221 3433 2277 aidituos

1846 2307 2168 2378 designasti,
2187 2310 2445 2365 custodes
2470 2321 2784 2366 sanctorum
2813 2327 3067 2368 vasorum
3103 2324 3319 2368 tuorum
3343 2319 3388 2348 δ’
3416 2332 3430 2368 :

1847 2402 1962 2471 ipse
1995 2417 2141 2455 nunc
2169 2401 2333 2456 etiam
2364 2403 2548 2472 aspice
2578 2419 2742 2473 super
2771 2404 2916 2458 hunc
2948 2403 3212 2458 famulum
3253 2413 3430 2467 tuum,

1846 2495 1939 2563 qui
1987 2494 2358 2550 subdiaconus
2401 2505 2618 2550 creatus
2663 2506 2776 2562 est;
2813 2503 2867 2549 et
2923 2496 2990 2551 da
3045 2497 3120 2550 illi
3165 2496 3430 2566 Spiritum

1848 2597 2119 2650 sanctum,
2149 2597 2209 2642 ut
2236 2603 2366 2642 vasa
2398 2587 2702 2643 ministerio
2730 2596 2824 2641 tuo
2845 2587 3023 2643 dicata
3055 2597 3304 2645 attrectet
3333 2607 3434 2660 pro

1847 2678 2150 2748 dignitate,
2194 2695 2517 2748 semperque
2552 2681 2883 2740 voluntatem
2921 2688 3069 2734 tuam
3102 2682 3304 2748 faciat;
3338 2699 3436 2753 per

1846 2772 2127 2827 Christum
2181 2779 2372 2836 tuum,
2424 2788 2548 2826 cum
2591 2788 2701 2842 quo
2758 2774 2851 2826 tibi
2897 2774 3101 2844 gloria,
3148 2775 3320 2830 honor
3369 2791 3434 2830 ac

1847 2865 2149 2930 veneratio,
2186 2872 2240 2920 et
2270 2873 2460 2920 sancto
2495 2863 2742 2934 Spiritui,
2770 2865 2825 2919 in
2855 2867 3074 2922 saecula.
3096 2866 3289 2924 Amen.

2417 2956 2646 3011 CAPUT
2687 2956 2852 3013 XXII.

2129 3050 2206 3104 De
2237 3050 2515 3104 lectoribus
2540 3050 2845 3104 constitutio
2883 3048 3147 3106 Matt/tari.

146 3145 294 3214 Περὶ
350 3147 771 3218 ἀναπωστῶν,
816 3149 921 3202 τοῦ
970 3148 1271 3201 Ματθιιίου
1321 3145 1586 3214 διάταξις
1613 3147 1740 3218 (88).

1921 3141 1996 3197 De
2021 3142 2318 3197 lectoribus
2345 3157 2495 3206 vero,
2528 3157 2628 3211 ego
2665 3142 2970 3207 Matthaeus,
3012 3144 3105 3213 qui
3149 3153 3202 3200 et
3249 3143 3428 3212 Levis,

223 3239 361 3311 Περὶ
385 3240 443 3293 δὲ
469 3241 851 3310 ἀναγνωστῶν,
881 3239 989 3309 ἐγὼ
1019 3239 1312 3304 Ματθαῖος,
1361 3242 1388 3293 ὁ
1432 3241 1525 3293 καὶ
1581 3240 1741 3302 Λευὶς

148 3331 291 3401 (89),
349 3332 378 3384 ὃ
410 3348 541 3386 ποτε
596 3333 829 3406 τελώνης
855 3373 870 3396 ,
922 3333 1301 3403 διατάσσομαι.
1368 3331 1741 3402 Ἀναγνώστην

1852 3235 1979 3290 olim
2046 3235 2390 3305 publicanus,
2450 3235 2744 3289 constituo.
2788 3234 3070 3290 Lectorcm
3132 3253 3280 3303 crea,
3328 3239 3430 3292 im-

1849 3344 2059 3400 ponens
2106 3328 2155 3382 ei
2195 3341 2454 3393 manum;
2502 3334 2556 3381 et
2598 3325 2766 3381 Deum
2813 3343 3001 3393 orans,
3038 3327 3250 3384 dicito:
3287 3330 3430 3387 Deus

240 3512 301 3587 ’_‘_
325 3509 496 3587 Eadd.
524 3525 614 3571 xv,
639 3508 734 3587 2οε
791 3506 1052 3587 "Audio.
1084 3523 1158 3571 iv,
1187 3507 1252 3587 4ἱ
1283 3508 1357 3587 ξε
1389 3505 1519 3587 Luc.
1555 3522 1614 3570 ii,
1647 3505 1734 3560 56.

1912 3503 2040 3560 "IV
2066 3505 2199 3578 Reg.
2234 3521 2369 3570 χχιι,
2397 3507 2480 3562 14.
2556 3506 2604 3541 ⁸ο
2629 3507 3048 3581 pseudo-lgnat.
3077 3510 3145 3565 ad
3169 3510 3430 3587 Antioch.

146 3581 304 3638 12.“
346 3581 390 3636 ll
419 3582 548 3638 Cor.
588 3595 685 3645 vti,
714 3580 765 3634 1.
843 3579 887 3612 ⁸³
915 3578 1077 3635 Num.
1111 3595 1170 3634 Et]
1194 3579 1252 3645 ;I
1283 3577 1458 3631 Paral.
1488 3592 1564 3632 is.

1468 3736 1832 3793 VARIORUM
1886 3739 2115 3795 NOT/E.

251 3898 1410 3972 83)Aeé’dpparNarieetiferturbocnomen
1447 3870 1729 3972 ιΑΔεεξῴρα,
1836 3900 2160 3968 exemplaria
2209 3896 2493 3954 secundum
2520 3895 2767 3972 Marcum
2811 3895 3427 3972 Evangelii._Explican-

148 3967 418 4045 Δεόϐόρα,
467 3967 744 4045 Δέῐόϐῶρα,
800 3971 1078 4045 Δεϐϐωρα,
1115 3969 1396 4042 Δεϐόρρα,
1450 3967 1731 4040 Δεϐώρρα,

151 4041 456 4118 Δεὸϐόρρα,
490 4055 544 4099 et
572 4041 888 4118 Δεϐβὼρῤαἶ
923 4041 1057 4096 Cor.

226 4109 342 4187 (84)
368 4109 539 4171 "Deest
579 4109 811 4187 titulus,
842 4111 1572 4187 eiusqiie‘locoulegiturjn
1608 4109 1734 4166 cod.

226 4129 340 4187 (84)
379 4129 539 4171 Ucest
579 4129 802 4175 titulus,
842 4130 871 4167 e
899 4129 1071 4182 usque
1115 4129 1234 4166 loco
1283 4129 1478 4176 legitur
1518 4129 1572 4164 in
1608 4129 1734 4166 cou.

148 4187 391 4242 Vindob.
426 4205 439 4241 :
473 4186 672 4257 Θωμᾶς
701 4129 929 4257 ἐκήρυξε
960 4182 1212 4257 Παρθοίς,
1235 4182 1458 4257 Μήδοις,
1481 4182 1736 4257 Πέρσαις,

148 4260 457 4330 Γερμανοῖς
500 4253 620 4330 (pro
649 4253 984 4330 Καρμάνοις)
1025 4253 1328 4330 Ὑρκανοῖς,
1361 4253 1736 4330 Βακλτιριανοίξς,

148 4323 403 4399 Βαρσοῖς,
435 4323 626 4399 ὅςκαὶ
661 4323 1016 4396 μαρτυρήσας
1059 4327 1235 4376 κεῖται
1285 4325 1341 4376 ὲν
1404 4323 1592 4393 Ἐδέσᾳ.
1640 4323 1738 4393 τῆς

181 4397 513 4468 υσδροηνῆς.
544 4397 711 4450 Cum.

231 4416 292 4451 σο
331 4416 426 4468 οην
467 4416 513 4460 ς.
544 4416 711 4450 Cum.

225 4416 340 4540 (Βὲ)
397 4416 686 4521 Δτόσποτα.
719 4467 776 4520 1η
806 4467 926 4540 cod.
953 4464 1123 4540 Vind1
1165 4464 1542 4540 inscribuntur
1584 4461 1736 4540 huic):

1841 3973 1944 4026 dus
1968 3973 2180 4025 videtur
2203 3967 2758 4040 per_concessionein,
2791 3984 2854 4022 ac
2877 3970 2944 4023 de
2965 3967 3347 4040 iioiniiie,”hoc
3375 3971 3428 4024 in

1843 4057 2007 4096 sensu
2053 4061 2064 4096 :
2101 4038 2266 4096 Detiir
2301 4038 2464 4094 Levin
2508 4039 2858 4108 publicanum
2896 4040 3161 4095 asseclam
3200 4039 3426 4103 Christi,

1843 4113 2008 4165 alium
2035 4128 2158 4166 esse
2183 4128 2212 4164 a
2252 4109 2504 4162 Matthaao
2533 4109 2746 4178 pariter,
2763 4109 3052 4177 publicano
3100 4127 3112 4162 :
3147 4116 3202 4161 at
3230 4125 3424 4164 nomen

1842 4181 2004 4257 Levis
2042 4183 2096 4234 in
2123 4180 2400 4257 C‘atalo‘g‘is
2431 4180 2804 4257 apostolorum
2829 4194 2936 4232 non
2956 4185 3175 4257 'exstatl,‘
3194 4179 3242 4253 s_i
3278 4180 3423 4257 exci-

2306 4278 2318 4297 δ

1855 4248 2268 4316 pias'quosdam
2306 4241 3103 4316 Marcie\angelis_t:£_codices.
3133 4241 3242 4316 Qui
3262 4244 3415 4295 codi—

1852 4310 1962 4378 ces,
1999 4310 2050 4367 iii
2086 4315 2261 4378 fallor,
2297 4330 2416 4380 cap.
2455 4315 2506 4368 5.
2538 4310 2676 4366 vers.
2727 4312 2814 4374 18,
2846 4310 3010 4364 Levin
3042 4310 3268 4380 Alpbaei,
3305 4325 3414 4364 non

1851 4385 2109 4442 Jacobuni
2140 4385 2203 4436 Al
2247 4383 2344 4436 hiri
2367 4379 2723 4444 exhibebant,
2755 4389 2848 4434 aut
2895 4381 3073 4448 potius
3101 4379 3277 4448 Λεϐήν
3315 4395 3415 4448 pro

3249 4397 3277 4432 ν

1851 4385 2109 4442 Jacobiiin
2140 4385 2203 4436 Al
2247 4383 2344 4436 hiri
2376 4383 2723 4444 exhibebant,
2755 4389 2848 4434 aut
2895 4381 3073 4448 potius
3101 4381 3280 4502 A5611;
3315 4395 3414 4448 pro

1850 4455 2130 4508 A566aiov'
2162 4454 2615 4521 quemadmodum
2659 4451 2990 4521 in_editio_ne
3019 4447 3203 4521 Graaca
3256 4451 3414 4521 _heo-

165 4519 522 4606 Ἐἓξῖφέλῆάις
566 4519 932 4606 χειροτονίας
973 4535 1392 4591 ὺποδιακόνου.
1445 4536 1589 4616 ᾕεφ.
1638 4533 1735 4586 κδ’.

1852 4525 2010 4577 iloriti
2043 4519 2424 4586 l‘tutestionum.
2452 4530 2643 4589 quaest.
2679 4519 2766 4581 16.
2797 4521 2853 4572 in
2879 4519 3158 4579 Numeros,
3185 4519 3414 4574 habetur

1851 4595 2101 4616 ωηολε--
2144 4596 2161 4616 ι
2189 4594 2276 4616 --.Α
2320 4590 2438 4616 Α,ει
2487 4591 2573 4616 ..i.:
2603 4591 2652 4616 ζ..
2679 4589 2863 4616 Dm“-..
2901 4589 2917 4616 I
2945 4593 3088 4616 ...ἒν-Α
3135 4589 3386 4616 Ω-ὶέ-τ,.-

1445 4605 1521 4658 1ι›.

224 4677 875 4804 ΰἷῗιίρέεειρισθέντιι.
922 4677 980 4731 ln
1011 4692 1113 4731 ms.
1153 4675 1276 4730 cod.
1306 4673 1466 4730 Vind.
1498 4690 1736 4746 χειροτο-

152 4752 406 4806 νηθέντα.
437 4752 510 4802 li).

185 4771 406 4824 ηυεντα.
437 4771 510 4802 ID.

226 4821 341 4889 (8'1)
371 4817 813 4889 Λειτουρτικῶν.
843 4817 1042 4889 Ἱερῶν.
1074 4817 1278 4871 Ibidem
1305 4815 1522 4889 legitur.
1553 4815 1630 4868 lo.

249 4822 320 4876 87
371 4821 813 4886 Λειτουρτικῶν.
843 4821 1042 4889 Ἱερῶν.
1075 4821 1278 4871 Ibidem
1305 4821 1522 4885 legitur.
1554 4821 1630 4868 lo.

225 4821 341 4962 (88)
370 4889 531 4962 Περὶ,
559 4891 653 4941 καὶ
673 4889 744 4940 τὰ
764 4887 1091 4962 ἐξῆςηῡοθει
1112 4889 1302 4962 titulus
1325 4887 1379 4940 in
1401 4885 1589 4962 eodem
1611 4883 1735 4962 cod.

153 4956 384 5032 ejusque
427 4956 544 5016 luco
590 4969 718 5014 sunt
780 4956 1067 5013 duodecim
1108 4959 1284 5028 prima
1331 4957 1528 5025 capitis
1575 4956 1738 5025 hujus

155 5035 344 5089 verba.
371 5033 446 5086 In.
543 5045 546 5049 ‘

227 5103 342 5173 (89)
372 5098 686 5173 Ματθαῖος,
718 5102 750 5153 ό
781 5099 879 5153 καὶ
911 5098 1107 5173 Aegle.
1139 5098 1505 5173 Consentium
1529 5095 1736 5164 antiqui

153 5183 210 5229 et
232 5169 584 5232 recentiores,
631 5171 681 5224 id
725 5181 871 5225 recte
906 5186 972 5223 ex
1005 5169 1418 5238 Evangeliorum
1456 5182 1740 5238 compara-

155 5245 305 5298 tione
332 5242 668 5311 colligentes.
697 5240 869 5293 Etiam
892 5237 1178 5311 Origenes,
1199 5255 1324 5293 cuin
1347 5240 1468 5311 loco
1492 5239 1661 5311 relato
1684 5237 1738 5311 in

155 5314 359 5369 Catena
404 5307 669 5372 Matthwi,
720 5319 834 5364 tum
886 5307 1203 5380 praefatione
1241 5307 1640 5379 explanationis
1685 5307 1738 5380 in

159 5384 457 5452 Epistulam
499 5382 567 5435 ad
606 5377 1189 5452 Romanam—Quocirca
1227 5377 1347 5448 ejus
1375 5381 1529 5452 locus
1565 5377 1739 5431 tom.l

158 5448 216 5510 iii
250 5453 481 5515 Celsum,
513 5469 567 5522 p.
605 5453 696 5514 48,
723 5467 753 5504 a
795 5452 958 5506 docto
982 5448 1404 5522 “Scripturarum
1444 5450 1742 5522 interprete

161 5525 384 5595 Hiigone
405 5519 595 5595 Grotio
628 5523 874 5595 obiectus
901 5541 914 5576 :
940 5519 1136 5595 ῘΕστω
1165 5521 1345 5595 δὲκαὶ
1370 5522 1418 5595 ὀμ
1433 5519 1609 5589 Aetii];
1648 5534 1740 5595 τε;⁵

156 5587 334 5666 λώιῖης
372 5587 871 5666 κάκολουθήσαςητῷ
939 5591 1150 5666 dno-96;
1197 5591 1310 5666 ἀλλ’
1363 5589 1479 5666 οὔτι
1645 5587 1740 5640 τοῦ

155 5656 395 5735 ἀριθμοῦ
422 5665 530 5718 τῶν
566 5656 876 5735 ἀποστόλων
914 5656 1085 5735 αὑτοῦ
1119 5656 1208 5733 ἦν,
1243 5661 1412 5735 εξᾼμὴ
1443 5659 1586 5735 κατὰ
1618 5675 1737 5735 τινα

156 5719 268 5807 ειῶν
292 5719 648 5807 ’ἀντιγράφων
686 5732 780 5786 τοῦ
814 5733 954 5807 κατὰ
1002 5719 1228 5804 Μάρκον
1271 5719 1622 5799 Εὔαγγελίου.
1659 5727 1745 5782 Sit

155 5815 211 5863 ει
238 5805 355 5860 Levi
399 5801 729 5874 publicanus,
761 5805 848 5874 qui
869 5801 1052 5855 Iesum
1091 5801 1416 5874 secutusgest
1444 5815 1460 5852 :
1493 5816 1597 5853 non
1625 5809 1741 5874 erat

163 5887 334 5932 tamen
375 5869 440 5932 ea:
479 5869 840 5949 apostolorum
865 5888 1126 5942 (numero,
1179 5873 1280 5927 nisi
1297 5872 1459 5943 juxta
1500 5869 1743 5938 quadam

1851 4595 2121 4657 Θαδδαῖος,
2139 4596 2167 4646 ὁ
2189 4594 2282 4646 καὶ
2308 4590 2458 4653 Λεὸί,
2487 4591 2574 4644 ubi
2602 4591 2654 4644 in
2679 4589 3111 4652 Grarco-Latino,
3135 4589 3408 4654 Θαδδαῖος,

1849 4667 1878 4718 ὁ
1911 4665 2003 4718 καὶ
2031 4663 2310 4726 Λεϐϐαῖος.
2342 4661 2512 4716 Graeci
2566 4661 2891 4726 posteriores
2934 4660 3159 4712 Λευαῖον
3199 4659 3406 4714 dicunt.

1851 4733 2084 4803 Opponit
2117 4735 2294 4788 adhuc
2323 4732 2542 4803 Grotius
2568 4727 2946 4803 Heracleonem
2971 4727 3408 4803 Yalentinianum

1851 4798 2186 4866 haereticum,
2231 4803 2316 4856 cui
2350 4803 2402 4855 in
2439 4799 2734 4855 Clementis
2762 4798 3111 4853 Alexandrini
3148 4798 3406 4854 Stromat.

1853 4891 1926 4939 iv,
1956 4891 2007 4943 p.
2037 4874 2160 4935 502,
2187 4871 2462 4935 Ματθαὶος
2492 4880 2546 4952 et
2573 4869 2731 4950 Λευίς
2759 4869 2866 4922 duo
2895 4882 3038 4950 sunt.
3081 4867 3199 4951 Sed;
3224 4869 3408 4924 forsan

1851 4946 1920 4998 ab
1960 4945 2289 4998 Heracleone
2346 4958 2452 4996 non
2511 4941 2826 5010 intelligitur
2873 4938 2998 4992 Levi
3051 4939 3408 5010 publicanus,

1851 5013 2016 5069 Marc.
2051 5029 2109 5074 II,
2137 5014 2224 5073 14,
2251 5023 2305 5066 et
2337 5013 2468 5081 Luc.
2499 5029 2550 5078 ν,
2580 5011 2670 5072 27,
2694 5009 3060 5074 memoratus;
3092 5009 3410 5078 intelligitur

1850 5095 2030 5138 autem
2081 5083 2208 5137 Levi
2241 5083 2519 5145 Lebbzeus,
2552 5091 2610 5135 ut
2650 5081 2850 5134 dictum
2882 5089 2960 5133 est
3031 5081 3191 5133 Certe
3219 5089 3412 5135 auctor

1850 5153 2123 5208 Laterculi
2157 5154 2520 5221 apostolorum
2550 5166 2711 5220 supra
2737 5149 2893 5221 positi
2918 5151 2984 5203 ad
3005 5149 3126 5221 libri
3155 5150 3408 5221 ii__tine:n,

1851 5224 2015 5278 Levin
2048 5225 2140 5277 τὸν
2166 5217 2472 5293 καθήμενον
2499 5221 2590 5293 ἐπὶ
2617 5217 2678 5274 τὸ
2702 5217 2950 5293 τελῲνιον
2979 5218 3260 5293 confundit
3285 5235 3410 5275 cum

1851 5293 2099 5358 Lebbaeo,
2129 5295 2220 5362 qui
2265 5288 2325 5346 et
2366 5292 2666 5362 Thaddaeus
2694 5306 2758 5346 ac
2799 5289 2968 5362 Jii_i_las
2999 5288 3412 5362 Jacobi._Atque

1851 5364 1925 5417 ita
1951 5357 2166 5418 defendi
2206 5369 2438 5433 possunt
2482 5360 2742 5433 Origenes
2770 5368 2824 5415 et
2850 5359 3170 5433 ﬂerat-icon.
3207 5357 3409 5433 Ver-uin

1849 5427 2255 5488 excusationem
2291 5434 2490 5486 nullam
2521 5427 2755 5486 admittit
2779 5430 2924 5499 quod
2951 5431 3004 5483 in
3037 5430 3221 5483 codice
3250 5427 3410 5495 1048,

1852 5519 1961 5556 uno
1993 5519 2023 5557 e
2054 5503 2234 5557 multis
2265 5502 2446 5572 Regiis
2479 5501 3003 5556 Commentariorum
3033 5499 3269 5572 Victoris
3298 5500 3412 5553 An-

1852 5573 2088 5628 tiocheni
2123 5574 2175 5626 in
2205 5569 2371 5627 Marci
2409 5570 2778 5637 Evangelium,
2807 5579 2997 5624 nactus
3025 5585 3168 5631 sum,
3196 5569 3263 5623 ad
3295 5580 3413 5623 tex-

1852 5653 1964 5696 tum
1999 5643 2272 5697 laudatum
2308 5658 2365 5706 ii,
2397 5641 2460 5694 14
2487 5660 2500 5695 :
2529 5640 2752 5710 Μάκρος
2789 5640 2885 5710 μὲν
2919 5639 3014 5692 καὶ
3045 5639 3256 5710 Λουκᾶς
3283 5655 3408 5710 συγ-

1850 5712 2180 5766 καλύπτουσι
2211 5713 2271 5766 τὸ
2303 5713 2471 5780 ὄνομα
2505 5713 2570 5781 τῇ
2616 5708 2818 5781 ἀρχαία
2845 5708 3204 5781 προσηγορίᾳ.
3241 5709 3413 5781 Αὐτὸς

1847 5783 1902 5837 δὲ
1935 5783 2206 5846 Ματθαῖος
2249 5779 2725 5851 εὐαγγελιζόμενος
2759 5779 2827 5832 τὰ
2859 5779 2976 5851 καθ’
3012 5779 3201 5832 ἑαυτὸν
3233 5780 3413 5851 ᾁπαγ-

1850 5853 2048 5923 γὲλλων
2067 5853 2226 5923 λέγει·
2247 5848 2663 5909 Καιὲθεάσιιτο
2681 5850 2980 5908 Ματθαᾶιν
3005 5851 3108 5906 τὸν
3125 5848 3408 5921 τελώνην.
