  <div class='ocr_page' id='page_1' title='image "/cluster/home/n/w/nwhite01/storage/ocr_20150623/1/nnc1.0022106693/614.png"; bbox 0 0 3890 6192; ppageno 0'>
   <div class='ocr_carea' id='block_1_1' title="bbox 157 316 294 374">
    <p class='ocr_par' dir='ltr' id='par_1_1' title="bbox 157 316 294 374">
     <span class='ocr_line' id='line_1_1' title="bbox 157 316 294 374; baseline 0.015 -2"><span class='ocrx_word' id='word_1_1' title='bbox 157 316 294 374; x_wconf 61' lang='lat' dir='ltr'><strong>Hii</strong></span> 
     </span>
    </p>
   </div>
   <div class='ocr_carea' id='block_1_2' title="bbox 681 429 1235 485">
    <p class='ocr_par' dir='ltr' id='par_1_2' title="bbox 681 429 1235 485">
     <span class='ocr_line' id='line_1_2' title="bbox 681 429 1235 485; baseline -0.007 0"><span class='ocrx_word' id='word_1_2' title='bbox 681 429 1074 485; x_wconf 79' lang='grc' dir='ltr'><strong>ΚΕΦΑΛᾹΙΟΝ</strong></span> <span class='ocrx_word' id='word_1_3' title='bbox 1112 429 1235 482; x_wconf 85' lang='lat' dir='ltr'><strong>KA&#39;.</strong></span> 
     </span>
    </p>
   </div>
   <div class='ocr_carea' id='block_1_3' title="bbox 454 540 1435 615">
    <p class='ocr_par' dir='ltr' id='par_1_3' title="bbox 454 540 1435 615">
     <span class='ocr_line' id='line_1_3' title="bbox 454 540 1435 615; baseline -0.007 -15"><span class='ocrx_word' id='word_1_4' title='bbox 454 544 564 600; x_wconf 86' lang='grc' dir='ltr'><em>Τοῦ</em></span> <span class='ocrx_word' id='word_1_5' title='bbox 590 544 776 599; x_wconf 81' lang='grc' dir='ltr'>αὐτοῦ</span> <span class='ocrx_word' id='word_1_6' title='bbox 806 544 918 615; x_wconf 78' lang='grc'>(95)</span> <span class='ocrx_word' id='word_1_7' title='bbox 949 542 1082 612; x_wconf 80' lang='grc' dir='ltr'>περὶ</span> <span class='ocrx_word' id='word_1_8' title='bbox 1110 540 1435 611; x_wconf 76' lang='grc' dir='ltr'>παρθένων.</span> 
     </span>
    </p>
   </div>
   <div class='ocr_carea' id='block_1_4' title="bbox 234 652 1736 731">
    <p class='ocr_par' dir='ltr' id='par_1_4' title="bbox 234 652 1736 731">
     <span class='ocr_line' id='line_1_4' title="bbox 234 652 1736 731; baseline -0.007 -17"><span class='ocrx_word' id='word_1_9' title='bbox 234 660 294 713; x_wconf 83' lang='grc' dir='ltr'>ὐ</span> <span class='ocrx_word' id='word_1_10' title='bbox 318 659 501 723; x_wconf 79' lang='grc' dir='ltr'>αὐτὸς,</span> <span class='ocrx_word' id='word_1_11' title='bbox 530 660 656 731; x_wconf 79' lang='grc' dir='ltr'>περὶ</span> <span class='ocrx_word' id='word_1_12' title='bbox 679 658 961 731; x_wconf 88' lang='grc' dir='ltr'>παρθένων</span> <span class='ocrx_word' id='word_1_13' title='bbox 982 657 1339 727; x_wconf 82' lang='grc' dir='ltr'><strong>διατάσσομαι</strong></span> <span class='ocrx_word' id='word_1_14' title='bbox 1364 654 1495 725; x_wconf 72' lang='grc'>(94)’</span> <span class='ocrx_word' id='word_1_15' title='bbox 1525 652 1736 722; x_wconf 88' lang='grc' dir='ltr'>Παρθέ-</span> 
     </span>
    </p>
   </div>
   <div class='ocr_carea' id='block_1_5' title="bbox 143 746 1738 823">
    <p class='ocr_par' dir='ltr' id='par_1_5' title="bbox 143 746 1738 823">
     <span class='ocr_line' id='line_1_5' title="bbox 143 746 1738 823; baseline -0.006 -18"><span class='ocrx_word' id='word_1_16' title='bbox 143 770 240 815; x_wconf 86' lang='grc' dir='ltr'><strong>νος</strong></span> <span class='ocrx_word' id='word_1_17' title='bbox 267 752 329 805; x_wconf 84' lang='grc' dir='ltr'><strong>οὐ</strong></span> <span class='ocrx_word' id='word_1_18' title='bbox 367 754 768 823; x_wconf 87' lang='grc' dir='ltr'>χειροτονεῖται.</span> <span class='ocrx_word' id='word_1_19' title='bbox 806 752 1102 821; x_wconf 81' lang='grc' dir='ltr'>Ἐπιταγὴν</span> <span class='ocrx_word' id='word_1_20' title='bbox 1126 750 1232 820; x_wconf 86' lang='grc' dir='ltr'><strong>γάρ</strong></span> <span class='ocrx_word' id='word_1_21' title='bbox 1256 747 1463 820; x_wconf 73' lang='grc' dir='ltr'>Κυρίου</span> <span class='ocrx_word' id='word_1_22' title='bbox 1492 747 1589 799; x_wconf 79' lang='grc' dir='ltr'><strong>οὐκ</strong></span> <span class='ocrx_word' id='word_1_23' title='bbox 1620 746 1738 815; x_wconf 76' lang='grc' dir='ltr'>ἕχο-</span> 
     </span>
    </p>
   </div>
   <div class='ocr_carea' id='block_1_6' title="bbox 148 837 1735 915">
    <p class='ocr_par' dir='ltr' id='par_1_6' title="bbox 148 837 1735 915">
     <span class='ocr_line' id='line_1_6' title="bbox 148 837 1735 915; baseline 0.013 -43"><span class='ocrx_word' id='word_1_24' title='bbox 148 862 274 915; x_wconf 74' lang='grc' dir='ltr'>μεν.</span> <span class='ocrx_word' id='word_1_25' title='bbox 316 844 542 915; x_wconf 72' lang='grc' dir='ltr'><strong>γνώμης</strong></span> <span class='ocrx_word' id='word_1_26' title='bbox 578 844 687 915; x_wconf 85' lang='grc' dir='ltr'>γάρ</span> <span class='ocrx_word' id='word_1_27' title='bbox 713 846 829 897; x_wconf 77' lang='grc' dir='ltr'>ἐστι</span> <span class='ocrx_word' id='word_1_28' title='bbox 862 844 923 898; x_wconf 78' lang='grc' dir='ltr'>τὸ</span> <span class='ocrx_word' id='word_1_29' title='bbox 950 843 1199 896; x_wconf 65' lang='grc' dir='ltr'>ἐτακθλοψ</span> <span class='ocrx_word' id='word_1_30' title='bbox 1244 842 1343 894; x_wconf 82' lang='grc' dir='ltr'><strong>οὐκ</strong></span> <span class='ocrx_word' id='word_1_31' title='bbox 1381 840 1472 893; x_wconf 76' lang='grc' dir='ltr'>ἐπὶ</span> <span class='ocrx_word' id='word_1_32' title='bbox 1517 837 1735 909; x_wconf 85' lang='grc' dir='ltr'>διαϐολῇ</span> 
     </span>
    </p>
   </div>
   <div class='ocr_carea' id='block_1_7' title="bbox 142 934 1394 1008">
    <p class='ocr_par' dir='ltr' id='par_1_7' title="bbox 142 934 1394 1008">
     <span class='ocr_line' id='line_1_7' title="bbox 142 934 1394 1008; baseline -0.002 -18"><span class='ocrx_word' id='word_1_33' title='bbox 142 937 245 990; x_wconf 81' lang='grc' dir='ltr'>τοῦ</span> <span class='ocrx_word' id='word_1_34' title='bbox 277 937 480 1007; x_wconf 80' lang='grc' dir='ltr'><strong>γάμου,</strong></span> <span class='ocrx_word' id='word_1_35' title='bbox 510 936 622 990; x_wconf 83' lang='grc' dir='ltr'>ἀλλ’</span> <span class='ocrx_word' id='word_1_36' title='bbox 653 936 747 989; x_wconf 77' lang='grc' dir='ltr'>ἐπὶ</span> <span class='ocrx_word' id='word_1_37' title='bbox 777 935 939 1007; x_wconf 83' lang='grc' dir='ltr'><strong>σχολῇ</strong></span> <span class='ocrx_word' id='word_1_38' title='bbox 969 936 1068 1008; x_wconf 85' lang='grc' dir='ltr'>τῆς</span> <span class='ocrx_word' id='word_1_39' title='bbox 1093 934 1394 997; x_wconf 81' lang='grc' dir='ltr'>εὐσεϐείας.</span> 
     </span>
    </p>
   </div>
   <div class='ocr_carea' id='block_1_8' title="bbox 645 1119 1200 1173">
    <p class='ocr_par' dir='ltr' id='par_1_8' title="bbox 645 1119 1200 1173">
     <span class='ocr_line' id='line_1_8' title="bbox 645 1119 1200 1173; baseline 0 -1"><span class='ocrx_word' id='word_1_40' title='bbox 645 1119 1043 1173; x_wconf 79' lang='grc' dir='ltr'><strong>ΚΕΦΑΛΛῐυΝ</strong></span> <span class='ocrx_word' id='word_1_41' title='bbox 1072 1119 1200 1172; x_wconf 86' lang='lat' dir='ltr'><strong>KE&#39;.</strong></span> 
     </span>
    </p>
   </div>
   <div class='ocr_carea' id='block_1_9' title="bbox 143 1231 1739 1305">
    <p class='ocr_par' dir='ltr' id='par_1_9' title="bbox 143 1231 1739 1305">
     <span class='ocr_line' id='line_1_9' title="bbox 143 1231 1739 1305; baseline 0.001 -20"><span class='ocrx_word' id='word_1_42' title='bbox 143 1233 444 1288; x_wconf 75' lang='grc' dir='ltr'>Λεϐὄαίου</span> <span class='ocrx_word' id='word_1_43' title='bbox 488 1231 599 1305; x_wconf 82' lang='grc'>(95)</span> <span class='ocrx_word' id='word_1_44' title='bbox 646 1233 752 1288; x_wconf 85' lang='grc' dir='ltr'>τοῦ</span> <span class='ocrx_word' id='word_1_45' title='bbox 807 1234 1234 1305; x_wconf 63' lang='grc' dir='ltr'>ἐπικληθέντος</span> <span class='ocrx_word' id='word_1_46' title='bbox 1266 1233 1559 1288; x_wconf 81' lang='grc' dir='ltr'>Θαδδαίου</span> <span class='ocrx_word' id='word_1_47' title='bbox 1604 1235 1739 1304; x_wconf 80' lang='grc' dir='ltr'>περὶ</span> 
     </span>
    </p>
   </div>
   <div class='ocr_carea' id='block_1_10' title="bbox 681 1302 1207 1373">
    <p class='ocr_par' dir='ltr' id='par_1_10' title="bbox 681 1302 1207 1373">
     <span class='ocr_line' id='line_1_10' title="bbox 681 1302 1207 1373; baseline 0.002 -16"><span class='ocrx_word' id='word_1_48' title='bbox 681 1304 881 1373; x_wconf 82' lang='grc' dir='ltr'>χηρῶν</span> <span class='ocrx_word' id='word_1_49' title='bbox 925 1302 1207 1371; x_wconf 78' lang='grc' dir='ltr'><strong>διάταξις.</strong></span> 
     </span>
    </p>
   </div>
   <div class='ocr_carea' id='block_1_11' title="bbox 220 1394 1738 1471">
    <p class='ocr_par' dir='ltr' id='par_1_11' title="bbox 220 1394 1738 1471">
     <span class='ocr_line' id='line_1_11' title="bbox 220 1394 1738 1471; baseline 0.001 -22"><span class='ocrx_word' id='word_1_50' title='bbox 220 1394 398 1464; x_wconf 83' lang='grc' dir='ltr'><strong>Κάγὼ</strong></span> <span class='ocrx_word' id='word_1_51' title='bbox 426 1394 688 1459; x_wconf 81' lang='grc' dir='ltr'>Λεϐϐαῖος</span> <span class='ocrx_word' id='word_1_52' title='bbox 714 1399 743 1450; x_wconf 90' lang='lat'><strong>6</strong></span> <span class='ocrx_word' id='word_1_53' title='bbox 772 1396 1084 1468; x_wconf 75' lang='grc' dir='ltr'>ἐπικληθεὶς</span> <span class='ocrx_word' id='word_1_54' title='bbox 1127 1398 1403 1461; x_wconf 77' lang='grc' dir='ltr'>Θαδδαῖος,</span> <span class='ocrx_word' id='word_1_55' title='bbox 1446 1399 1570 1451; x_wconf 83' lang='grc' dir='ltr'>τάδε</span> <span class='ocrx_word' id='word_1_56' title='bbox 1611 1399 1738 1471; x_wconf 72' lang='grc' dir='ltr'>περὶ</span> 
     </span>
    </p>
   </div>
   <div class='ocr_carea' id='block_1_12' title="bbox 141 1487 1737 1562">
    <p class='ocr_par' dir='ltr' id='par_1_12' title="bbox 141 1487 1737 1562">
     <span class='ocr_line' id='line_1_12' title="bbox 141 1487 1737 1562; baseline 0.001 -22"><span class='ocrx_word' id='word_1_57' title='bbox 141 1487 340 1560; x_wconf 80' lang='grc' dir='ltr'>χηρῶν</span> <span class='ocrx_word' id='word_1_58' title='bbox 371 1487 481 1561; x_wconf 89' lang='grc'><strong>(96)</strong></span> <span class='ocrx_word' id='word_1_59' title='bbox 511 1489 888 1560; x_wconf 84' lang='grc' dir='ltr'>διατάσσομαι.</span> <span class='ocrx_word' id='word_1_60' title='bbox 923 1491 1080 1561; x_wconf 85' lang='grc' dir='ltr'><strong>Χήρα</strong></span> <span class='ocrx_word' id='word_1_61' title='bbox 1102 1491 1161 1543; x_wconf 86' lang='grc' dir='ltr'><strong>οὐ</strong></span> <span class='ocrx_word' id='word_1_62' title='bbox 1192 1494 1569 1562; x_wconf 84' lang='grc' dir='ltr'>χειροτονεῖται</span> <span class='ocrx_word' id='word_1_63' title='bbox 1588 1501 1603 1519; x_wconf 85' lang='grc'><strong><em>⁸</em></strong></span> <span class='ocrx_word' id='word_1_64' title='bbox 1626 1492 1737 1544; x_wconf 82' lang='grc' dir='ltr'>ἀλλ’</span> 
     </span>
    </p>
   </div>
   <div class='ocr_carea' id='block_1_13' title="bbox 143 1582 1739 1654">
    <p class='ocr_par' dir='ltr' id='par_1_13' title="bbox 143 1582 1739 1654">
     <span class='ocr_line' id='line_1_13' title="bbox 143 1582 1739 1654; baseline 0 -19"><span class='ocrx_word' id='word_1_65' title='bbox 143 1586 196 1636; x_wconf 82' lang='grc' dir='ltr'>εξ</span> <span class='ocrx_word' id='word_1_66' title='bbox 240 1583 341 1653; x_wconf 80' lang='grc' dir='ltr'><strong>μὲν</strong></span> <span class='ocrx_word' id='word_1_67' title='bbox 363 1584 429 1636; x_wconf 80' lang='grc' dir='ltr'>ὲκ</span> <span class='ocrx_word' id='word_1_68' title='bbox 458 1582 651 1636; x_wconf 81' lang='grc' dir='ltr'>πολλοῦ</span> <span class='ocrx_word' id='word_1_69' title='bbox 682 1582 920 1636; x_wconf 86' lang='grc' dir='ltr'>ἀπέϐαλε</span> <span class='ocrx_word' id='word_1_70' title='bbox 984 1583 1076 1635; x_wconf 79' lang='grc' dir='ltr'><strong>τὸν</strong></span> <span class='ocrx_word' id='word_1_71' title='bbox 1104 1583 1293 1654; x_wconf 87' lang='grc' dir='ltr'>ἄνδρα,</span> <span class='ocrx_word' id='word_1_72' title='bbox 1325 1584 1418 1637; x_wconf 76' lang='grc' dir='ltr'><strong>καὶ</strong></span> <span class='ocrx_word' id='word_1_73' title='bbox 1450 1582 1739 1654; x_wconf 81' lang='grc' dir='ltr'><strong>σωφρόνως</strong></span> 
     </span>
    </p>
   </div>
   <div class='ocr_carea' id='block_1_14' title="bbox 144 1672 1739 1746">
    <p class='ocr_par' dir='ltr' id='par_1_14' title="bbox 144 1672 1739 1746">
     <span class='ocr_line' id='line_1_14' title="bbox 144 1672 1739 1746; baseline 0.001 -18"><span class='ocrx_word' id='word_1_74' title='bbox 144 1676 250 1729; x_wconf 74' lang='grc' dir='ltr'><strong>καὶ</strong></span> <span class='ocrx_word' id='word_1_75' title='bbox 296 1674 730 1745; x_wconf 82' lang='grc' dir='ltr'>ἀκαταγνὼστως</span> <span class='ocrx_word' id='word_1_76' title='bbox 791 1672 972 1746; x_wconf 75' lang='grc' dir='ltr'>ἔζησε,</span> <span class='ocrx_word' id='word_1_77' title='bbox 1006 1676 1100 1728; x_wconf 77' lang='grc' dir='ltr'><strong>καὶ</strong></span> <span class='ocrx_word' id='word_1_78' title='bbox 1140 1675 1247 1728; x_wconf 79' lang='grc' dir='ltr'><strong>τῶν</strong></span> <span class='ocrx_word' id='word_1_79' title='bbox 1292 1676 1506 1728; x_wconf 78' lang='grc' dir='ltr'>οἰκείων</span> <span class='ocrx_word' id='word_1_80' title='bbox 1547 1676 1739 1746; x_wconf 82' lang='grc' dir='ltr'>ἄριστα</span> 
     </span>
    </p>
   </div>
   <div class='ocr_carea' id='block_1_15' title="bbox 142 1767 1737 1839">
    <p class='ocr_par' dir='ltr' id='par_1_15' title="bbox 142 1767 1737 1839">
     <span class='ocr_line' id='line_1_15' title="bbox 142 1767 1737 1839; baseline -0.001 -18"><span class='ocrx_word' id='word_1_81' title='bbox 142 1767 491 1839; x_wconf 71' lang='grc' dir='ltr'>ἐπεμελήθη,</span> <span class='ocrx_word' id='word_1_82' title='bbox 538 1768 614 1832; x_wconf 83' lang='grc' dir='ltr'>ὡς</span> <span class='ocrx_word' id='word_1_83' title='bbox 679 1767 864 1821; x_wconf 79' lang='grc' dir='ltr'>Ἰουδιθ</span> <span class='ocrx_word' id='word_1_84' title='bbox 910 1768 1005 1821; x_wconf 77' lang='grc' dir='ltr'><strong>καὶ</strong></span> <span class='ocrx_word' id='word_1_85' title='bbox 1062 1770 1247 1831; x_wconf 76' lang='grc' dir='ltr'><strong>ΙἌννα,</strong></span> <span class='ocrx_word' id='word_1_86' title='bbox 1295 1769 1351 1820; x_wconf 78' lang='grc' dir='ltr'><strong>αἱ</strong></span> <span class='ocrx_word' id='word_1_87' title='bbox 1395 1769 1737 1839; x_wconf 83' lang='grc' dir='ltr'>σεμνόταται,</span> 
     </span>
    </p>
   </div>
   <div class='ocr_carea' id='block_1_16' title="bbox 1003 299 2567 368">
    <p class='ocr_par' dir='ltr' id='par_1_16' title="bbox 1003 299 2567 368">
     <span class='ocr_line' id='line_1_16' title="bbox 1003 299 2567 368; baseline -0.008 0"><span class='ocrx_word' id='word_1_88' title='bbox 1003 306 1605 368; x_wconf 75' lang='lat' dir='ltr'><strong>CONSTITUTIONES</strong></span> <span class='ocrx_word' id='word_1_89' title='bbox 1646 302 2121 360; x_wconf 64' lang='lat' dir='ltr'><strong>APOSTOLleE.</strong></span> <span class='ocrx_word' id='word_1_90' title='bbox 2166 335 2227 344; x_wconf 92' lang='lat'><strong>-—</strong></span> <span class='ocrx_word' id='word_1_91' title='bbox 2260 301 2389 357; x_wconf 85' lang='lat' dir='ltr'><strong>LIB.</strong></span> <span class='ocrx_word' id='word_1_92' title='bbox 2431 299 2567 357; x_wconf 70' lang='lat' dir='ltr'><strong>VIII.</strong></span> 
     </span>
    </p>
   </div>
   <div class='ocr_carea' id='block_1_17' title="bbox 1769 435 1821 490">
    <p class='ocr_par' dir='ltr' id='par_1_17' title="bbox 1769 435 1821 490">
     <span class='ocr_line' id='line_1_17' title="bbox 1769 435 1821 490; baseline 0 0"><span class='ocrx_word' id='word_1_93' title='bbox 1769 435 1821 490; x_wconf 77' lang='grc' dir='ltr'><strong>Δ</strong></span> 
     </span>
    </p>
   </div>
   <div class='ocr_carea' id='block_1_18' title="bbox 3280 297 3417 354">
    <p class='ocr_par' dir='ltr' id='par_1_18' title="bbox 3280 297 3417 354">
     <span class='ocr_line' id='line_1_18' title="bbox 3280 297 3417 354; baseline -0.007 0"><span class='ocrx_word' id='word_1_94' title='bbox 3280 297 3417 354; x_wconf 69' lang='lat'><strong>“22</strong></span> 
     </span>
    </p>
   </div>
   <div class='ocr_carea' id='block_1_19' title="bbox 2406 413 2861 472">
    <p class='ocr_par' dir='ltr' id='par_1_19' title="bbox 2406 413 2861 472">
     <span class='ocr_line' id='line_1_19' title="bbox 2406 413 2861 472; baseline -0.007 0"><span class='ocrx_word' id='word_1_95' title='bbox 2406 413 2637 472; x_wconf 70' lang='lat' dir='ltr'>CAPUT</span> <span class='ocrx_word' id='word_1_96' title='bbox 2672 414 2861 469; x_wconf 73' lang='lat' dir='ltr'><strong>XXIV.</strong></span> 
     </span>
    </p>
   </div>
   <div class='ocr_carea' id='block_1_20' title="bbox 2293 514 3001 601">
    <p class='ocr_par' dir='ltr' id='par_1_20' title="bbox 2293 514 3001 601">
     <span class='ocr_line' id='line_1_20' title="bbox 2293 514 3001 601; baseline -0.004 -16"><span class='ocrx_word' id='word_1_97' title='bbox 2293 514 2547 601; x_wconf 79' lang='lat' dir='ltr'><strong>Ejusdem</strong></span> <span class='ocrx_word' id='word_1_98' title='bbox 2576 529 2641 583; x_wconf 89' lang='lat' dir='ltr'><strong>de</strong></span> <span class='ocrx_word' id='word_1_99' title='bbox 2674 527 2959 600; x_wconf 74' lang='lat' dir='ltr'><strong>virginibus</strong></span> <span class='ocrx_word' id='word_1_100' title='bbox 2987 569 3001 582; x_wconf 91' lang='lat'><strong>.</strong></span> 
     </span>
    </p>
   </div>
   <div class='ocr_carea' id='block_1_21' title="bbox 1908 643 3426 720">
    <p class='ocr_par' dir='ltr' id='par_1_21' title="bbox 1908 643 3426 720">
     <span class='ocr_line' id='line_1_21' title="bbox 1908 643 3426 720; baseline -0.003 -16"><span class='ocrx_word' id='word_1_101' title='bbox 1908 650 2030 720; x_wconf 91' lang='lat' dir='ltr'><strong>Ipse</strong></span> <span class='ocrx_word' id='word_1_102' title='bbox 2059 664 2160 718; x_wconf 85' lang='lat' dir='ltr'><strong>ego</strong></span> <span class='ocrx_word' id='word_1_103' title='bbox 2187 650 2464 703; x_wconf 82' lang='lat' dir='ltr'><strong>constituo</strong></span> <span class='ocrx_word' id='word_1_104' title='bbox 2492 648 2559 703; x_wconf 90' lang='lat' dir='ltr'><strong>de</strong></span> <span class='ocrx_word' id='word_1_105' title='bbox 2606 647 2935 717; x_wconf 80' lang='lat' dir='ltr'><strong>virginibus.</strong></span> <span class='ocrx_word' id='word_1_106' title='bbox 2974 643 3091 699; x_wconf 88' lang='lat' dir='ltr'><strong>Non</strong></span> <span class='ocrx_word' id='word_1_107' title='bbox 3144 644 3426 699; x_wconf 85' lang='lat' dir='ltr'><strong>ordinatur</strong></span> 
     </span>
    </p>
   </div>
   <div class='ocr_carea' id='block_1_22' title="bbox 1837 739 3421 814">
    <p class='ocr_par' dir='ltr' id='par_1_22' title="bbox 1837 739 3421 814">
     <span class='ocr_line' id='line_1_22' title="bbox 1837 739 3421 814; baseline -0.004 -16"><span class='ocrx_word' id='word_1_108' title='bbox 1837 745 2010 814; x_wconf 83' lang='lat' dir='ltr'><strong>virgo.</strong></span> <span class='ocrx_word' id='word_1_109' title='bbox 2056 742 2394 812; x_wconf 65' lang='lat' dir='ltr'><strong>Praeceptum</strong></span> <span class='ocrx_word' id='word_1_110' title='bbox 2436 743 2582 797; x_wconf 88' lang='lat' dir='ltr'><strong>enim</strong></span> <span class='ocrx_word' id='word_1_111' title='bbox 2633 740 2845 794; x_wconf 80' lang='lat' dir='ltr'><strong>Domini</strong></span> <span class='ocrx_word' id='word_1_112' title='bbox 2897 756 3008 794; x_wconf 91' lang='lat' dir='ltr'><strong>non</strong></span> <span class='ocrx_word' id='word_1_113' title='bbox 3059 739 3323 794; x_wconf 87' lang='lat' dir='ltr'><strong>habemus</strong></span> <span class='ocrx_word' id='word_1_114' title='bbox 3354 739 3421 792; x_wconf 76' lang='lat'><strong>“.</strong></span> 
     </span>
    </p>
   </div>
   <div class='ocr_carea' id='block_1_23' title="bbox 1840 833 3428 907">
    <p class='ocr_par' dir='ltr' id='par_1_23' title="bbox 1840 833 3428 907">
     <span class='ocr_line' id='line_1_23' title="bbox 1840 833 3428 907; baseline -0.004 -15"><span class='ocrx_word' id='word_1_115' title='bbox 1840 836 2118 907; x_wconf 86' lang='lat' dir='ltr'><strong>Siquidem</strong></span> <span class='ocrx_word' id='word_1_116' title='bbox 2142 837 2440 891; x_wconf 74' lang='lat' dir='ltr'><strong>voluntatis</strong></span> <span class='ocrx_word' id='word_1_117' title='bbox 2461 843 2547 890; x_wconf 92' lang='lat' dir='ltr'><strong>est</strong></span> <span class='ocrx_word' id='word_1_118' title='bbox 2586 836 2701 889; x_wconf 66' lang='lat' dir='ltr'><strong>haec</strong></span> <span class='ocrx_word' id='word_1_119' title='bbox 2733 834 3050 889; x_wconf 74' lang='lat' dir='ltr'><strong>certaminis</strong></span> <span class='ocrx_word' id='word_1_120' title='bbox 3078 833 3248 900; x_wconf 84' lang='lat' dir='ltr'><strong>gloria</strong></span> <span class='ocrx_word' id='word_1_121' title='bbox 3272 851 3287 898; x_wconf 88' lang='lat'><strong>;</strong></span> <span class='ocrx_word' id='word_1_122' title='bbox 3319 847 3428 886; x_wconf 89' lang='lat' dir='ltr'><strong>non</strong></span> 
     </span>
    </p>
   </div>
   <div class='ocr_carea' id='block_1_24' title="bbox 1837 926 3430 992">
    <p class='ocr_par' dir='ltr' id='par_1_24' title="bbox 1837 926 3430 992">
     <span class='ocr_line' id='line_1_24' title="bbox 1837 926 3430 992; baseline -0.004 -7"><span class='ocrx_word' id='word_1_123' title='bbox 1837 932 1906 986; x_wconf 87' lang='lat' dir='ltr'><strong>ad</strong></span> <span class='ocrx_word' id='word_1_124' title='bbox 1948 931 2357 986; x_wconf 90' lang='lat' dir='ltr'><strong>criminandum</strong></span> <span class='ocrx_word' id='word_1_125' title='bbox 2392 929 2826 992; x_wconf 84' lang='lat' dir='ltr'><strong>matrimonium,</strong></span> <span class='ocrx_word' id='word_1_126' title='bbox 2873 928 2969 983; x_wconf 89' lang='lat' dir='ltr'><strong>sed</strong></span> <span class='ocrx_word' id='word_1_127' title='bbox 3012 927 3081 981; x_wconf 89' lang='lat' dir='ltr'><strong>ad</strong></span> <span class='ocrx_word' id='word_1_128' title='bbox 3124 926 3430 981; x_wconf 86' lang='lat' dir='ltr'><strong>vacandum</strong></span> 
     </span>
    </p>
   </div>
   <div class='ocr_carea' id='block_1_25' title="bbox 1836 1024 2047 1096">
    <p class='ocr_par' dir='ltr' id='par_1_25' title="bbox 1836 1024 2047 1096">
     <span class='ocr_line' id='line_1_25' title="bbox 1836 1024 2047 1096; baseline 0 -17"><span class='ocrx_word' id='word_1_129' title='bbox 1836 1024 2047 1096; x_wconf 88' lang='lat' dir='ltr'><strong>pietati.</strong></span> 
     </span>
    </p>
   </div>
   <div class='ocr_carea' id='block_1_26' title="bbox 2412 1111 2851 1170">
    <p class='ocr_par' dir='ltr' id='par_1_26' title="bbox 2412 1111 2851 1170">
     <span class='ocr_line' id='line_1_26' title="bbox 2412 1111 2851 1170; baseline -0.002 -1"><span class='ocrx_word' id='word_1_130' title='bbox 2412 1112 2643 1170; x_wconf 76' lang='lat' dir='ltr'><strong>CAPUT</strong></span> <span class='ocrx_word' id='word_1_131' title='bbox 2684 1111 2851 1168; x_wconf 77' lang='lat' dir='ltr'><strong>XXV.</strong></span> 
     </span>
    </p>
   </div>
   <div class='ocr_carea' id='block_1_27' title="bbox 1872 1224 3392 1304">
    <p class='ocr_par' dir='ltr' id='par_1_27' title="bbox 1872 1224 3392 1304">
     <span class='ocr_line' id='line_1_27' title="bbox 1872 1224 3392 1304; baseline -0.005 -17"><span class='ocrx_word' id='word_1_132' title='bbox 1872 1230 2083 1289; x_wconf 79' lang='lat' dir='ltr'><strong>Lebbtei</strong></span> <span class='ocrx_word' id='word_1_133' title='bbox 2112 1239 2449 1304; x_wconf 88' lang='lat' dir='ltr'><strong>cognomento</strong></span> <span class='ocrx_word' id='word_1_134' title='bbox 2483 1229 2739 1284; x_wconf 79' lang='lat' dir='ltr'><strong>Tltaddwi</strong></span> <span class='ocrx_word' id='word_1_135' title='bbox 2769 1226 3073 1282; x_wconf 79' lang='lat' dir='ltr'><strong>constitutio</strong></span> <span class='ocrx_word' id='word_1_136' title='bbox 3104 1224 3167 1279; x_wconf 86' lang='lat' dir='ltr'><strong>de</strong></span> <span class='ocrx_word' id='word_1_137' title='bbox 3202 1224 3392 1280; x_wconf 81' lang='lat' dir='ltr'><strong>viduis.</strong></span> 
     </span>
    </p>
   </div>
   <div class='ocr_carea' id='block_1_28' title="bbox 1910 1406 3429 1481">
    <p class='ocr_par' dir='ltr' id='par_1_28' title="bbox 1910 1406 3429 1481">
     <span class='ocr_line' id='line_1_28' title="bbox 1910 1406 3429 1481; baseline -0.003 -17"><span class='ocrx_word' id='word_1_138' title='bbox 1910 1410 1975 1465; x_wconf 88' lang='lat' dir='ltr'><strong>Et</strong></span> <span class='ocrx_word' id='word_1_139' title='bbox 2018 1426 2118 1481; x_wconf 85' lang='lat' dir='ltr'><strong>ego</strong></span> <span class='ocrx_word' id='word_1_140' title='bbox 2164 1409 2450 1474; x_wconf 64' lang='lat' dir='ltr'><strong>Lebbazus,</strong></span> <span class='ocrx_word' id='word_1_141' title='bbox 2497 1408 2917 1479; x_wconf 87' lang='lat' dir='ltr'><strong>cognominatus</strong></span> <span class='ocrx_word' id='word_1_142' title='bbox 2952 1406 3280 1467; x_wconf 84' lang='lat' dir='ltr'><strong>Thaddaeus,</strong></span> <span class='ocrx_word' id='word_1_143' title='bbox 3313 1406 3429 1460; x_wconf 72' lang='lat' dir='ltr'><strong>hrec</strong></span> 
     </span>
    </p>
   </div>
   <div class='ocr_carea' id='block_1_29' title="bbox 1838 1500 3429 1561">
    <p class='ocr_par' dir='ltr' id='par_1_29' title="bbox 1838 1500 3429 1561">
     <span class='ocr_line' id='line_1_29' title="bbox 1838 1500 3429 1561; baseline -0.003 -3"><span class='ocrx_word' id='word_1_144' title='bbox 1838 1503 1906 1559; x_wconf 89' lang='lat' dir='ltr'><strong>de</strong></span> <span class='ocrx_word' id='word_1_145' title='bbox 1946 1504 2127 1561; x_wconf 86' lang='lat' dir='ltr'><strong>viduis</strong></span> <span class='ocrx_word' id='word_1_146' title='bbox 2177 1505 2477 1559; x_wconf 90' lang='lat' dir='ltr'><strong>constituo.</strong></span> <span class='ocrx_word' id='word_1_147' title='bbox 2508 1502 2683 1558; x_wconf 80' lang='lat' dir='ltr'><strong>Vidua</strong></span> <span class='ocrx_word' id='word_1_148' title='bbox 2734 1519 2842 1557; x_wconf 90' lang='lat' dir='ltr'><strong>non</strong></span> <span class='ocrx_word' id='word_1_149' title='bbox 2886 1501 3172 1555; x_wconf 89' lang='lat' dir='ltr'><strong>ordinatur</strong></span> <span class='ocrx_word' id='word_1_150' title='bbox 3201 1520 3212 1554; x_wconf 92' lang='lat'><strong>:</strong></span> <span class='ocrx_word' id='word_1_151' title='bbox 3241 1500 3335 1554; x_wconf 87' lang='lat' dir='ltr'><strong>sed</strong></span> <span class='ocrx_word' id='word_1_152' title='bbox 3382 1500 3429 1554; x_wconf 89' lang='lat' dir='ltr'><strong>si</strong></span> 
     </span>
    </p>
   </div>
   <div class='ocr_carea' id='block_1_30' title="bbox 1839 1591 3425 1662">
    <p class='ocr_par' dir='ltr' id='par_1_30' title="bbox 1839 1591 3425 1662">
     <span class='ocr_line' id='line_1_30' title="bbox 1839 1591 3425 1662; baseline -0.003 -13"><span class='ocrx_word' id='word_1_153' title='bbox 1839 1598 2010 1650; x_wconf 88' lang='lat' dir='ltr'><strong>multo</strong></span> <span class='ocrx_word' id='word_1_154' title='bbox 2034 1604 2159 1651; x_wconf 85' lang='lat' dir='ltr'><strong>ante</strong></span> <span class='ocrx_word' id='word_1_155' title='bbox 2198 1597 2381 1651; x_wconf 88' lang='lat' dir='ltr'><strong>amisit</strong></span> <span class='ocrx_word' id='word_1_156' title='bbox 2406 1596 2607 1659; x_wconf 87' lang='lat' dir='ltr'><strong>virum,</strong></span> <span class='ocrx_word' id='word_1_157' title='bbox 2648 1603 2702 1649; x_wconf 89' lang='lat' dir='ltr'><strong>et</strong></span> <span class='ocrx_word' id='word_1_158' title='bbox 2733 1600 2881 1649; x_wconf 87' lang='lat' dir='ltr'><strong>caste</strong></span> <span class='ocrx_word' id='word_1_159' title='bbox 2924 1608 2987 1646; x_wconf 89' lang='lat' dir='ltr'><strong>ac</strong></span> <span class='ocrx_word' id='word_1_160' title='bbox 3024 1591 3425 1662; x_wconf 84' lang='lat' dir='ltr'><strong>inculpabiliter</strong></span> 
     </span>
    </p>
   </div>
   <div class='ocr_carea' id='block_1_31' title="bbox 1838 1682 3424 1757">
    <p class='ocr_par' dir='ltr' id='par_1_31' title="bbox 1838 1682 3424 1757">
     <span class='ocr_line' id='line_1_31' title="bbox 1838 1682 3424 1757; baseline -0.004 -15"><span class='ocrx_word' id='word_1_161' title='bbox 1838 1688 1997 1753; x_wconf 85' lang='lat' dir='ltr'><strong>vixit,</strong></span> <span class='ocrx_word' id='word_1_162' title='bbox 2027 1703 2091 1743; x_wconf 87' lang='lat' dir='ltr'><strong>ac</strong></span> <span class='ocrx_word' id='word_1_163' title='bbox 2120 1688 2547 1743; x_wconf 90' lang='lat' dir='ltr'><strong>domesticorum</strong></span> <span class='ocrx_word' id='word_1_164' title='bbox 2576 1688 2779 1757; x_wconf 83' lang='lat' dir='ltr'><strong>Optime</strong></span> <span class='ocrx_word' id='word_1_165' title='bbox 2809 1701 2995 1739; x_wconf 87' lang='lat' dir='ltr'><strong>curam</strong></span> <span class='ocrx_word' id='word_1_166' title='bbox 3019 1684 3207 1754; x_wconf 83' lang='lat' dir='ltr'><strong>gessit,</strong></span> <span class='ocrx_word' id='word_1_167' title='bbox 3243 1690 3300 1736; x_wconf 91' lang='lat' dir='ltr'><strong>ut</strong></span> <span class='ocrx_word' id='word_1_168' title='bbox 3329 1682 3424 1737; x_wconf 87' lang='lat' dir='ltr'><strong>Ju-</strong></span> 
     </span>
    </p>
   </div>
   <div class='ocr_carea' id='block_1_32' title="bbox 1840 1777 3428 1846">
    <p class='ocr_par' dir='ltr' id='par_1_32' title="bbox 1840 1777 3428 1846">
     <span class='ocr_line' id='line_1_32' title="bbox 1840 1777 3428 1846; baseline -0.002 -13"><span class='ocrx_word' id='word_1_169' title='bbox 1840 1779 1990 1834; x_wconf 89' lang='lat' dir='ltr'><strong>ditha</strong></span> <span class='ocrx_word' id='word_1_170' title='bbox 2014 1782 2057 1819; x_wconf 67' lang='grc' dir='ltr'>ι’</span> <span class='ocrx_word' id='word_1_171' title='bbox 2081 1789 2136 1835; x_wconf 83' lang='grc' dir='ltr'><strong>οι</strong></span> <span class='ocrx_word' id='word_1_172' title='bbox 2172 1780 2327 1833; x_wconf 87' lang='lat' dir='ltr'><strong>Anna</strong></span> <span class='ocrx_word' id='word_1_173' title='bbox 2358 1779 2424 1842; x_wconf 66' lang='grc'><strong>⁸⁸,</strong></span> <span class='ocrx_word' id='word_1_174' title='bbox 2454 1780 2816 1835; x_wconf 70' lang='lat' dir='ltr'><strong>sanctissimae</strong></span> <span class='ocrx_word' id='word_1_175' title='bbox 2868 1777 3100 1841; x_wconf 67' lang='lat' dir='ltr'><strong>feminae,</strong></span> <span class='ocrx_word' id='word_1_176' title='bbox 3143 1782 3428 1846; x_wconf 89' lang='lat' dir='ltr'><strong>coeptetur</strong></span> 
     </span>
    </p>
   </div>
   <div class='ocr_carea' id='block_1_33' title="bbox 144 1860 1757 1943">
    <p class='ocr_par' dir='ltr' id='par_1_33' title="bbox 144 1860 1735 1933">
     <span class='ocr_line' id='line_1_33' title="bbox 144 1860 1735 1933; baseline -0.001 -19"><span class='ocrx_word' id='word_1_177' title='bbox 144 1860 579 1914; x_wconf 82' lang='grc' dir='ltr'>κατατασσέσθω</span> <span class='ocrx_word' id='word_1_178' title='bbox 603 1862 683 1925; x_wconf 76' lang='grc' dir='ltr'><strong>εἰς</strong></span> <span class='ocrx_word' id='word_1_179' title='bbox 708 1860 771 1913; x_wconf 81' lang='grc' dir='ltr'>τὸ</span> <span class='ocrx_word' id='word_1_180' title='bbox 798 1860 1043 1933; x_wconf 81' lang='grc' dir='ltr'>χηρικόν.</span> <span class='ocrx_word' id='word_1_181' title='bbox 1086 1863 1148 1914; x_wconf 85' lang='grc' dir='ltr'><strong>Εἰ</strong></span> <span class='ocrx_word' id='word_1_182' title='bbox 1193 1860 1249 1913; x_wconf 85' lang='grc' dir='ltr'>δὲ</span> <span class='ocrx_word' id='word_1_183' title='bbox 1285 1862 1477 1915; x_wconf 75' lang='grc' dir='ltr'>νεωστὶ</span> <span class='ocrx_word' id='word_1_184' title='bbox 1499 1861 1735 1914; x_wconf 85' lang='grc' dir='ltr'>ἀπέϐαλε</span> 
     </span>
    </p>
   </div>
   <div class='ocr_carea' id='block_1_34' title="bbox 1851 1860 3429 1943">
    <p class='ocr_par' dir='ltr' id='par_1_34' title="bbox 1851 1869 3429 1943">
     <span class='ocr_line' id='line_1_34' title="bbox 1851 1869 3429 1943; baseline -0.003 -17"><span class='ocrx_word' id='word_1_185' title='bbox 1851 1874 1894 1926; x_wconf 86' lang='lat' dir='ltr'><strong>in</strong></span> <span class='ocrx_word' id='word_1_186' title='bbox 1925 1873 2151 1943; x_wconf 88' lang='lat' dir='ltr'><strong>gradum</strong></span> <span class='ocrx_word' id='word_1_187' title='bbox 2183 1873 2475 1928; x_wconf 86' lang='lat' dir='ltr'><strong>vidualem.</strong></span> <span class='ocrx_word' id='word_1_188' title='bbox 2510 1871 2665 1938; x_wconf 86' lang='lat' dir='ltr'><strong>Quod</strong></span> <span class='ocrx_word' id='word_1_189' title='bbox 2708 1872 2753 1926; x_wconf 90' lang='lat' dir='ltr'><strong>si</strong></span> <span class='ocrx_word' id='word_1_190' title='bbox 2802 1886 2976 1940; x_wconf 88' lang='lat' dir='ltr'><strong>nuper</strong></span> <span class='ocrx_word' id='word_1_191' title='bbox 3020 1870 3204 1924; x_wconf 84' lang='lat' dir='ltr'><strong>amisit</strong></span> <span class='ocrx_word' id='word_1_192' title='bbox 3234 1869 3429 1936; x_wconf 85' lang='lat' dir='ltr'><strong>conju-</strong></span> 
     </span>
    </p>
   </div>
   <div class='ocr_carea' id='block_1_35' title="bbox 142 1950 1736 2026">
    <p class='ocr_par' dir='ltr' id='par_1_35' title="bbox 142 1950 1736 2026">
     <span class='ocr_line' id='line_1_35' title="bbox 142 1950 1736 2026; baseline 0.002 -21"><span class='ocrx_word' id='word_1_193' title='bbox 142 1954 243 2006; x_wconf 80' lang='grc' dir='ltr'><strong>τὸν</strong></span> <span class='ocrx_word' id='word_1_194' title='bbox 270 1950 539 2024; x_wconf 64' lang='grc' dir='ltr'>ὁμόζυγω</span> <span class='ocrx_word' id='word_1_195' title='bbox 574 1993 588 2017; x_wconf 88' lang='grc'><strong>,</strong></span> <span class='ocrx_word' id='word_1_196' title='bbox 624 1954 698 2025; x_wconf 79' lang='grc' dir='ltr'>μὴ</span> <span class='ocrx_word' id='word_1_197' title='bbox 740 1955 1097 2018; x_wconf 83' lang='grc' dir='ltr'>πιστευέσθω,</span> <span class='ocrx_word' id='word_1_198' title='bbox 1144 1954 1279 2007; x_wconf 87' lang='grc' dir='ltr'><strong>ἀλλά</strong></span> <span class='ocrx_word' id='word_1_199' title='bbox 1325 1955 1499 2026; x_wconf 76' lang='grc' dir='ltr'>χρόνῳ</span> <span class='ocrx_word' id='word_1_200' title='bbox 1549 1956 1736 2026; x_wconf 81' lang='grc' dir='ltr'><strong>νεότης</strong></span> 
     </span>
    </p>
   </div>
   <div class='ocr_carea' id='block_1_36' title="bbox 142 2046 1735 2121">
    <p class='ocr_par' dir='ltr' id='par_1_36' title="bbox 142 2046 1735 2121">
     <span class='ocr_line' id='line_1_36' title="bbox 142 2046 1735 2121; baseline 0.002 -22"><span class='ocrx_word' id='word_1_201' title='bbox 142 2046 444 2118; x_wconf 79' lang='grc' dir='ltr'>κρινέσθω.</span> <span class='ocrx_word' id='word_1_202' title='bbox 475 2047 554 2101; x_wconf 85' lang='grc' dir='ltr'><strong>Τά</strong></span> <span class='ocrx_word' id='word_1_203' title='bbox 583 2047 689 2120; x_wconf 86' lang='grc' dir='ltr'><strong>γὰρ</strong></span> <span class='ocrx_word' id='word_1_204' title='bbox 717 2047 863 2119; x_wconf 81' lang='grc' dir='ltr'>πάθη</span> <span class='ocrx_word' id='word_1_205' title='bbox 897 2048 1005 2101; x_wconf 74' lang='grc' dir='ltr'>ἔσθ’</span> <span class='ocrx_word' id='word_1_206' title='bbox 1052 2049 1139 2101; x_wconf 84' lang='grc' dir='ltr'>ὅτε</span> <span class='ocrx_word' id='word_1_207' title='bbox 1187 2050 1280 2102; x_wconf 76' lang='grc' dir='ltr'><strong>καὶ</strong></span> <span class='ocrx_word' id='word_1_208' title='bbox 1328 2051 1581 2121; x_wconf 75' lang='grc' dir='ltr'>συγγηρᾷ</span> <span class='ocrx_word' id='word_1_209' title='bbox 1627 2050 1735 2120; x_wconf 82' lang='lat'><strong>(97)</strong></span> 
     </span>
    </p>
   </div>
   <div class='ocr_carea' id='block_1_37' title="bbox 143 2138 1736 2213">
    <p class='ocr_par' dir='ltr' id='par_1_37' title="bbox 143 2138 1736 2213">
     <span class='ocr_line' id='line_1_37' title="bbox 143 2138 1736 2213; baseline 0.002 -20"><span class='ocrx_word' id='word_1_210' title='bbox 143 2138 483 2212; x_wconf 86' lang='grc' dir='ltr'>ἀνθρώποις,</span> <span class='ocrx_word' id='word_1_211' title='bbox 515 2142 563 2193; x_wconf 79' lang='grc' dir='ltr'>εἰ</span> <span class='ocrx_word' id='word_1_212' title='bbox 617 2140 693 2213; x_wconf 78' lang='grc' dir='ltr'>μὴ</span> <span class='ocrx_word' id='word_1_213' title='bbox 720 2140 765 2172; x_wconf 63' lang='grc' dir='ltr'>δ’</span> <span class='ocrx_word' id='word_1_214' title='bbox 795 2141 899 2194; x_wconf 86' lang='grc' dir='ltr'><strong>ὑπὸ</strong></span> <span class='ocrx_word' id='word_1_215' title='bbox 944 2141 1253 2213; x_wconf 79' lang='grc' dir='ltr'>κρείττονος</span> <span class='ocrx_word' id='word_1_216' title='bbox 1296 2143 1512 2213; x_wconf 82' lang='grc' dir='ltr'>χαλινοῦ</span> <span class='ocrx_word' id='word_1_217' title='bbox 1555 2144 1736 2212; x_wconf 82' lang='grc' dir='ltr'>εἰργό-</span> 
     </span>
    </p>
   </div>
   <div class='ocr_carea' id='block_1_38' title="bbox 146 2230 390 2301">
    <p class='ocr_par' dir='ltr' id='par_1_38' title="bbox 146 2230 390 2301">
     <span class='ocr_line' id='line_1_38' title="bbox 146 2230 390 2301; baseline -0.004 -16"><span class='ocrx_word' id='word_1_218' title='bbox 146 2232 298 2301; x_wconf 85' lang='grc' dir='ltr'>μεθα</span> <span class='ocrx_word' id='word_1_219' title='bbox 327 2230 390 2284; x_wconf 79' lang='grc'><strong>⁸⁸.</strong></span> 
     </span>
    </p>
   </div>
   <div class='ocr_carea' id='block_1_39' title="bbox 672 2325 1249 2394">
    <p class='ocr_par' dir='ltr' id='par_1_39' title="bbox 672 2325 1249 2394">
     <span class='ocr_line' id='line_1_39' title="bbox 672 2325 1249 2394; baseline 0.003 -17"><span class='ocrx_word' id='word_1_220' title='bbox 672 2325 1068 2379; x_wconf 79' lang='grc' dir='ltr'><strong>ΚΕΦΛΛΑῙΟΝ</strong></span> <span class='ocrx_word' id='word_1_221' title='bbox 1102 2328 1249 2394; x_wconf 71' lang='lat' dir='ltr'><strong>Kcr.</strong></span> 
     </span>
    </p>
   </div>
   <div class='ocr_carea' id='block_1_40' title="bbox 530 2416 1385 2486">
    <p class='ocr_par' dir='ltr' id='par_1_40' title="bbox 530 2416 1385 2486">
     <span class='ocr_line' id='line_1_40' title="bbox 530 2416 1385 2486; baseline 0.005 -17"><span class='ocrx_word' id='word_1_222' title='bbox 530 2416 593 2469; x_wconf 93' lang='lat'><strong>&#39;0</strong></span> <span class='ocrx_word' id='word_1_223' title='bbox 622 2417 805 2482; x_wconf 81' lang='grc' dir='ltr'>αὐτὸς</span> <span class='ocrx_word' id='word_1_224' title='bbox 834 2418 967 2485; x_wconf 78' lang='grc' dir='ltr'>περὶ</span> <span class='ocrx_word' id='word_1_225' title='bbox 999 2418 1385 2486; x_wconf 74' lang='grc' dir='ltr'>ἐπορκιστοῦ.</span> 
     </span>
    </p>
   </div>
   <div class='ocr_carea' id='block_1_41' title="bbox 236 2506 1737 2585">
    <p class='ocr_par' dir='ltr' id='par_1_41' title="bbox 236 2506 1737 2585">
     <span class='ocr_line' id='line_1_41' title="bbox 236 2506 1737 2585; baseline 0.003 -24"><span class='ocrx_word' id='word_1_226' title='bbox 236 2506 294 2561; x_wconf 87' lang='grc' dir='ltr'>Ὀ</span> <span class='ocrx_word' id='word_1_227' title='bbox 315 2506 476 2571; x_wconf 84' lang='grc' dir='ltr'>αὐτὸς</span> <span class='ocrx_word' id='word_1_228' title='bbox 504 2507 636 2581; x_wconf 87' lang='grc'>(98),</span> <span class='ocrx_word' id='word_1_229' title='bbox 662 2510 791 2581; x_wconf 75' lang='grc' dir='ltr'>περὶ</span> <span class='ocrx_word' id='word_1_230' title='bbox 814 2510 1137 2580; x_wconf 80' lang='grc' dir='ltr'>έπορκιστοῦ</span> <span class='ocrx_word' id='word_1_231' title='bbox 1160 2508 1737 2585; x_wconf 82' lang='grc' dir='ltr'>διατάσσομαι.Ἒπορ-</span> 
     </span>
    </p>
   </div>
   <div class='ocr_carea' id='block_1_42' title="bbox 144 2600 1735 2676">
    <p class='ocr_par' dir='ltr' id='par_1_42' title="bbox 144 2600 1735 2676">
     <span class='ocr_line' id='line_1_42' title="bbox 144 2600 1735 2676; baseline 0.004 -23"><span class='ocrx_word' id='word_1_232' title='bbox 144 2602 350 2671; x_wconf 78' lang='grc' dir='ltr'>κιστὴς</span> <span class='ocrx_word' id='word_1_233' title='bbox 534 2602 596 2655; x_wconf 75' lang='grc' dir='ltr'>οὗ</span> <span class='ocrx_word' id='word_1_234' title='bbox 623 2605 1027 2674; x_wconf 83' lang='grc' dir='ltr'>χειροτονεῖται.</span> <span class='ocrx_word' id='word_1_235' title='bbox 1074 2605 1299 2669; x_wconf 76' lang='grc' dir='ltr'>Εΰνοίας</span> <span class='ocrx_word' id='word_1_236' title='bbox 1342 2606 1451 2676; x_wconf 85' lang='grc' dir='ltr'><strong>γὰρ</strong></span> <span class='ocrx_word' id='word_1_237' title='bbox 1487 2608 1735 2659; x_wconf 77' lang='grc' dir='ltr'>ἑκουσίου</span> 
     </span>
    </p>
   </div>
   <div class='ocr_carea' id='block_1_43' title="bbox 142 2692 1736 2768">
    <p class='ocr_par' dir='ltr' id='par_1_43' title="bbox 142 2692 1736 2768">
     <span class='ocr_line' id='line_1_43' title="bbox 142 2692 1736 2768; baseline 0.004 -24"><span class='ocrx_word' id='word_1_238' title='bbox 142 2692 216 2745; x_wconf 80' lang='grc' dir='ltr'><strong>τὸ</strong></span> <span class='ocrx_word' id='word_1_239' title='bbox 243 2692 501 2759; x_wconf 75' lang='grc' dir='ltr'>ἔπαθλον,</span> <span class='ocrx_word' id='word_1_240' title='bbox 534 2694 629 2747; x_wconf 77' lang='grc' dir='ltr'>καὶ</span> <span class='ocrx_word' id='word_1_241' title='bbox 661 2695 880 2767; x_wconf 84' lang='grc' dir='ltr'>χάριτος</span> <span class='ocrx_word' id='word_1_242' title='bbox 919 2696 1053 2749; x_wconf 76' lang='grc' dir='ltr'>Θεοῦ</span> <span class='ocrx_word' id='word_1_243' title='bbox 1094 2697 1179 2749; x_wconf 76' lang='grc' dir='ltr'>διὰ</span> <span class='ocrx_word' id='word_1_244' title='bbox 1213 2697 1480 2768; x_wconf 78' lang='grc' dir='ltr'>Χριστοῦ,</span> <span class='ocrx_word' id='word_1_245' title='bbox 1522 2700 1736 2768; x_wconf 72' lang='grc' dir='ltr'>ἐπιφοι-</span> 
     </span>
    </p>
   </div>
   <div class='ocr_carea' id='block_1_44' title="bbox 143 2784 1738 2863">
    <p class='ocr_par' dir='ltr' id='par_1_44' title="bbox 143 2784 1738 2863">
     <span class='ocr_line' id='line_1_44' title="bbox 143 2784 1738 2863; baseline 0.006 -28"><span class='ocrx_word' id='word_1_246' title='bbox 143 2786 314 2854; x_wconf 85' lang='grc' dir='ltr'>τήσει</span> <span class='ocrx_word' id='word_1_247' title='bbox 357 2784 452 2837; x_wconf 77' lang='grc' dir='ltr'>τοῦ</span> <span class='ocrx_word' id='word_1_248' title='bbox 500 2786 652 2853; x_wconf 84' lang='grc' dir='ltr'>ἁγίου</span> <span class='ocrx_word' id='word_1_249' title='bbox 698 2786 1032 2858; x_wconf 76' lang='grc' dir='ltr'>Πνεύματοςο</span> <span class='ocrx_word' id='word_1_250' title='bbox 1071 2790 1099 2841; x_wconf 95' lang='lat'><strong>6</strong></span> <span class='ocrx_word' id='word_1_251' title='bbox 1132 2788 1240 2860; x_wconf 81' lang='grc' dir='ltr'><strong>γὰρ</strong></span> <span class='ocrx_word' id='word_1_252' title='bbox 1276 2788 1456 2842; x_wconf 83' lang='grc' dir='ltr'>λαϐὼν</span> <span class='ocrx_word' id='word_1_253' title='bbox 1495 2791 1738 2863; x_wconf 71' lang='grc' dir='ltr'>χάρισμα</span> 
     </span>
    </p>
   </div>
   <div class='ocr_carea' id='block_1_45' title="bbox 151 2876 1735 2951">
    <p class='ocr_par' dir='ltr' id='par_1_45' title="bbox 151 2876 1735 2951">
     <span class='ocr_line' id='line_1_45' title="bbox 151 2876 1735 2951; baseline 0.006 -23"><span class='ocrx_word' id='word_1_254' title='bbox 151 2876 439 2946; x_wconf 69' lang='grc' dir='ltr'>ἰαμάτων,</span> <span class='ocrx_word' id='word_1_255' title='bbox 479 2876 547 2930; x_wconf 83' lang='grc' dir='ltr'>δι’</span> <span class='ocrx_word' id='word_1_256' title='bbox 589 2878 981 2948; x_wconf 73' lang='grc' dir='ltr'>ἀποκαλύψεως</span> <span class='ocrx_word' id='word_1_257' title='bbox 1023 2880 1128 2933; x_wconf 84' lang='grc' dir='ltr'><strong>ὑπὸ</strong></span> <span class='ocrx_word' id='word_1_258' title='bbox 1155 2880 1291 2934; x_wconf 77' lang='grc' dir='ltr'>Θεοῦ</span> <span class='ocrx_word' id='word_1_259' title='bbox 1334 2881 1735 2951; x_wconf 83' lang='grc' dir='ltr'>ἀναδείκνυται,</span> 
     </span>
    </p>
   </div>
   <div class='ocr_carea' id='block_1_46' title="bbox 149 2967 1737 3044">
    <p class='ocr_par' dir='ltr' id='par_1_46' title="bbox 149 2967 1737 3044">
     <span class='ocr_line' id='line_1_46' title="bbox 149 2967 1737 3044; baseline 0.005 -23"><span class='ocrx_word' id='word_1_260' title='bbox 149 2970 402 3039; x_wconf 83' lang='grc' dir='ltr'>φανερᾶς</span> <span class='ocrx_word' id='word_1_261' title='bbox 438 2967 602 3041; x_wconf 79' lang='grc' dir='ltr'>οὔσης</span> <span class='ocrx_word' id='word_1_262' title='bbox 644 2972 778 3023; x_wconf 83' lang='grc' dir='ltr'>πᾶσι</span> <span class='ocrx_word' id='word_1_263' title='bbox 824 2972 923 3042; x_wconf 81' lang='grc' dir='ltr'>τῆς</span> <span class='ocrx_word' id='word_1_264' title='bbox 961 2974 1019 3024; x_wconf 79' lang='grc' dir='ltr'>ὲν</span> <span class='ocrx_word' id='word_1_265' title='bbox 1052 2971 1201 3044; x_wconf 75' lang='grc' dir='ltr'><strong>αὐτῷ</strong></span> <span class='ocrx_word' id='word_1_266' title='bbox 1237 2972 1475 3044; x_wconf 83' lang='grc' dir='ltr'>χάριτος.</span> <span class='ocrx_word' id='word_1_267' title='bbox 1526 2976 1650 3029; x_wconf 79' lang='grc' dir='ltr'><strong>Ἐὰν</strong></span> <span class='ocrx_word' id='word_1_268' title='bbox 1682 2977 1737 3029; x_wconf 79' lang='grc' dir='ltr'>δὲ</span> 
     </span>
    </p>
   </div>
   <div class='ocr_carea' id='block_1_47' title="bbox 148 3061 1736 3139">
    <p class='ocr_par' dir='ltr' id='par_1_47' title="bbox 148 3061 1736 3139">
     <span class='ocr_line' id='line_1_47' title="bbox 148 3061 1736 3139; baseline 0.005 -26"><span class='ocrx_word' id='word_1_269' title='bbox 148 3062 319 3133; x_wconf 84' lang='grc' dir='ltr'>χρεία</span> <span class='ocrx_word' id='word_1_270' title='bbox 350 3061 516 3115; x_wconf 81' lang='grc' dir='ltr'>αὐτοῦ</span> <span class='ocrx_word' id='word_1_271' title='bbox 550 3062 772 3134; x_wconf 85' lang='grc' dir='ltr'>γένηται</span> <span class='ocrx_word' id='word_1_272' title='bbox 812 3066 893 3127; x_wconf 84' lang='grc' dir='ltr'><strong>εἰς</strong></span> <span class='ocrx_word' id='word_1_273' title='bbox 923 3065 1241 3129; x_wconf 80' lang='grc' dir='ltr'>ἐπίσκοπον,</span> <span class='ocrx_word' id='word_1_274' title='bbox 1271 3066 1305 3137; x_wconf 79' lang='grc' dir='ltr'>ἢ</span> <span class='ocrx_word' id='word_1_275' title='bbox 1347 3066 1736 3139; x_wconf 82' lang='grc' dir='ltr'>πρεσϐύτερον,</span> 
     </span>
    </p>
   </div>
   <div class='ocr_carea' id='block_1_48' title="bbox 146 3155 920 3228">
    <p class='ocr_par' dir='ltr' id='par_1_48' title="bbox 146 3155 920 3228">
     <span class='ocr_line' id='line_1_48' title="bbox 146 3155 920 3228; baseline 0.003 -21"><span class='ocrx_word' id='word_1_276' title='bbox 146 3156 186 3226; x_wconf 85' lang='grc' dir='ltr'>ἢ</span> <span class='ocrx_word' id='word_1_277' title='bbox 222 3155 488 3223; x_wconf 77' lang='grc' dir='ltr'>διάκονον,</span> <span class='ocrx_word' id='word_1_278' title='bbox 519 3159 920 3228; x_wconf 84' lang='grc' dir='ltr'>χειροτονεῖται.</span> 
     </span>
    </p>
   </div>
   <div class='ocr_carea' id='block_1_49' title="bbox 688 3248 1242 3303">
    <p class='ocr_par' dir='ltr' id='par_1_49' title="bbox 688 3248 1242 3303">
     <span class='ocr_line' id='line_1_49' title="bbox 688 3248 1242 3303; baseline 0.002 -2"><span class='ocrx_word' id='word_1_279' title='bbox 688 3248 1080 3301; x_wconf 82' lang='grc' dir='ltr'><strong>ΚΕΦΑΛΑΙΟΝ</strong></span> <span class='ocrx_word' id='word_1_280' title='bbox 1113 3249 1242 3303; x_wconf 85' lang='lat' dir='ltr'><strong>KZ&#39;.</strong></span> 
     </span>
    </p>
   </div>
   <div class='ocr_carea' id='block_1_50' title="bbox 148 3339 1738 3411">
    <p class='ocr_par' dir='ltr' id='par_1_50' title="bbox 148 3339 1738 3411">
     <span class='ocr_line' id='line_1_50' title="bbox 148 3339 1738 3411; baseline 0.005 -19"><span class='ocrx_word' id='word_1_281' title='bbox 148 3339 358 3409; x_wconf 62' lang='grc' dir='ltr'>Σᾲιων</span> <span class='ocrx_word' id='word_1_282' title='bbox 389 3340 535 3411; x_wconf 76' lang='grc'>(100)</span> <span class='ocrx_word' id='word_1_283' title='bbox 566 3343 599 3395; x_wconf 84' lang='grc' dir='ltr'><em>ὁ</em></span> <span class='ocrx_word' id='word_1_284' title='bbox 639 3341 1004 3408; x_wconf 79' lang='grc' dir='ltr'>Κανανίτης,</span> <span class='ocrx_word' id='word_1_285' title='bbox 1052 3343 1187 3410; x_wconf 79' lang='grc' dir='ltr'>περὶ</span> <span class='ocrx_word' id='word_1_286' title='bbox 1230 3342 1335 3397; x_wconf 86' lang='grc' dir='ltr'>τοῦ</span> <span class='ocrx_word' id='word_1_287' title='bbox 1380 3345 1497 3397; x_wconf 77' lang='grc' dir='ltr'><strong>ὑπὸ</strong></span> <span class='ocrx_word' id='word_1_288' title='bbox 1532 3347 1738 3401; x_wconf 77' lang='grc' dir='ltr'>πόσων</span> 
     </span>
    </p>
   </div>
   <div class='ocr_carea' id='block_1_51' title="bbox 369 3412 1531 3481">
    <p class='ocr_par' dir='ltr' id='par_1_51' title="bbox 369 3412 1531 3481">
     <span class='ocr_line' id='line_1_51' title="bbox 369 3412 1531 3481; baseline 0.005 -18"><span class='ocrx_word' id='word_1_289' title='bbox 369 3412 593 3480; x_wconf 72' lang='grc' dir='ltr'>ὀφείλει</span> <span class='ocrx_word' id='word_1_290' title='bbox 626 3412 1086 3480; x_wconf 74' lang='grc' dir='ltr'>χειροτονεῖσθαι</span> <span class='ocrx_word' id='word_1_291' title='bbox 1118 3416 1151 3466; x_wconf 84' lang='grc' dir='ltr'>ό</span> <span class='ocrx_word' id='word_1_292' title='bbox 1180 3412 1531 3481; x_wconf 77' lang='grc' dir='ltr'>ἐπίσκοπος.</span> 
     </span>
    </p>
   </div>
   <div class='ocr_carea' id='block_1_52' title="bbox 229 3501 1739 3577">
    <p class='ocr_par' dir='ltr' id='par_1_52' title="bbox 229 3501 1739 3577">
     <span class='ocr_line' id='line_1_52' title="bbox 229 3501 1739 3577; baseline 0.007 -23"><span class='ocrx_word' id='word_1_293' title='bbox 229 3501 414 3573; x_wconf 78' lang='grc' dir='ltr'>Σίμων</span> <span class='ocrx_word' id='word_1_294' title='bbox 445 3504 501 3558; x_wconf 83' lang='grc' dir='ltr'>δὲ</span> <span class='ocrx_word' id='word_1_295' title='bbox 528 3506 556 3558; x_wconf 93' lang='lat'><strong>6</strong></span> <span class='ocrx_word' id='word_1_296' title='bbox 583 3504 910 3575; x_wconf 80' lang='grc' dir='ltr'>Κανανίτης,</span> <span class='ocrx_word' id='word_1_297' title='bbox 945 3504 1100 3573; x_wconf 84' lang='grc' dir='ltr'><strong>κάγὼ</strong></span> <span class='ocrx_word' id='word_1_298' title='bbox 1124 3504 1473 3577; x_wconf 82' lang='grc' dir='ltr'>διατάσσομαι</span> <span class='ocrx_word' id='word_1_299' title='bbox 1509 3510 1612 3562; x_wconf 73' lang='grc' dir='ltr'>ὑπὸ</span> <span class='ocrx_word' id='word_1_300' title='bbox 1642 3511 1739 3564; x_wconf 80' lang='grc' dir='ltr'><strong>πό-</strong></span> 
     </span>
    </p>
   </div>
   <div class='ocr_carea' id='block_1_53' title="bbox 1840 1960 3431 2035">
    <p class='ocr_par' dir='ltr' id='par_1_53' title="bbox 1840 1960 3431 2035">
     <span class='ocr_line' id='line_1_53' title="bbox 1840 1960 3431 2035; baseline -0.005 -16"><span class='ocrx_word' id='word_1_301' title='bbox 1840 1981 1980 2035; x_wconf 91' lang='lat' dir='ltr'><strong>gem,</strong></span> <span class='ocrx_word' id='word_1_302' title='bbox 2012 1982 2080 2020; x_wconf 89' lang='lat' dir='ltr'><strong>ne</strong></span> <span class='ocrx_word' id='word_1_303' title='bbox 2110 1966 2184 2019; x_wconf 89' lang='lat' dir='ltr'><strong>illi</strong></span> <span class='ocrx_word' id='word_1_304' title='bbox 2212 1966 2487 2028; x_wconf 84' lang='lat' dir='ltr'><strong>credatur.</strong></span> <span class='ocrx_word' id='word_1_305' title='bbox 2529 1965 2621 2019; x_wconf 89' lang='lat' dir='ltr'><strong>sed</strong></span> <span class='ocrx_word' id='word_1_306' title='bbox 2664 1972 2907 2033; x_wconf 87' lang='lat' dir='ltr'><strong>tempore</strong></span> <span class='ocrx_word' id='word_1_307' title='bbox 2950 1961 3314 2015; x_wconf 89' lang='lat' dir='ltr'><strong>adolescentia</strong></span> <span class='ocrx_word' id='word_1_308' title='bbox 3344 1960 3431 2012; x_wconf 79' lang='lat' dir='ltr'><strong>di-</strong></span> 
     </span>
    </p>
   </div>
   <div class='ocr_carea' id='block_1_54' title="bbox 1834 2051 3433 2127">
    <p class='ocr_par' dir='ltr' id='par_1_54' title="bbox 1834 2051 3433 2127">
     <span class='ocr_line' id='line_1_54' title="bbox 1834 2051 3433 2127; baseline -0.003 -16"><span class='ocrx_word' id='word_1_309' title='bbox 1834 2057 2129 2127; x_wconf 89' lang='lat' dir='ltr'><strong>judicetur.</strong></span> <span class='ocrx_word' id='word_1_310' title='bbox 2181 2058 2630 2113; x_wconf 88' lang='lat' dir='ltr'><strong>Perturbationes</strong></span> <span class='ocrx_word' id='word_1_311' title='bbox 2670 2057 2813 2110; x_wconf 88' lang='lat' dir='ltr'><strong>enim</strong></span> <span class='ocrx_word' id='word_1_312' title='bbox 2855 2054 3129 2109; x_wconf 87' lang='lat' dir='ltr'><strong>interdum</strong></span> <span class='ocrx_word' id='word_1_313' title='bbox 3176 2068 3299 2107; x_wconf 92' lang='lat' dir='ltr'><strong>cum</strong></span> <span class='ocrx_word' id='word_1_314' title='bbox 3331 2051 3433 2106; x_wconf 82' lang='lat' dir='ltr'><strong>ho-</strong></span> 
     </span>
    </p>
   </div>
   <div class='ocr_carea' id='block_1_55' title="bbox 1839 2146 3430 2219">
    <p class='ocr_par' dir='ltr' id='par_1_55' title="bbox 1839 2146 3430 2219">
     <span class='ocr_line' id='line_1_55' title="bbox 1839 2146 3430 2219; baseline -0.004 -14"><span class='ocrx_word' id='word_1_315' title='bbox 1839 2150 2079 2207; x_wconf 89' lang='lat' dir='ltr'><strong>minibus</strong></span> <span class='ocrx_word' id='word_1_316' title='bbox 2109 2158 2534 2215; x_wconf 89' lang='lat' dir='ltr'><strong>consenescunt,</strong></span> <span class='ocrx_word' id='word_1_317' title='bbox 2580 2149 2686 2205; x_wconf 89' lang='lat' dir='ltr'><strong>nisi</strong></span> <span class='ocrx_word' id='word_1_318' title='bbox 2734 2148 2935 2219; x_wconf 82' lang='lat' dir='ltr'><strong>potiori</strong></span> <span class='ocrx_word' id='word_1_319' title='bbox 2973 2146 3129 2201; x_wconf 77' lang='lat' dir='ltr'><strong>freno</strong></span> <span class='ocrx_word' id='word_1_320' title='bbox 3176 2159 3430 2201; x_wconf 86' lang='lat' dir='ltr'><strong>coercea-</strong></span> 
     </span>
    </p>
   </div>
   <div class='ocr_carea' id='block_1_56' title="bbox 1838 2259 1979 2298">
    <p class='ocr_par' dir='ltr' id='par_1_56' title="bbox 1838 2259 1979 2298">
     <span class='ocr_line' id='line_1_56' title="bbox 1838 2259 1979 2298; baseline 0.007 -1"><span class='ocrx_word' id='word_1_321' title='bbox 1838 2259 1979 2298; x_wconf 74' lang='lat' dir='ltr'><strong>IIIUI‘.</strong></span> 
     </span>
    </p>
   </div>
   <div class='ocr_carea' id='block_1_57' title="bbox 2395 2330 2858 2389">
    <p class='ocr_par' dir='ltr' id='par_1_57' title="bbox 2395 2330 2858 2389">
     <span class='ocr_line' id='line_1_57' title="bbox 2395 2330 2858 2389; baseline -0.009 0"><span class='ocrx_word' id='word_1_322' title='bbox 2395 2332 2626 2389; x_wconf 77' lang='lat' dir='ltr'><strong>CAPUT</strong></span> <span class='ocrx_word' id='word_1_323' title='bbox 2669 2330 2858 2387; x_wconf 78' lang='lat' dir='ltr'><strong>XXVI.</strong></span> 
     </span>
    </p>
   </div>
   <div class='ocr_carea' id='block_1_58' title="bbox 2334 2423 2932 2481">
    <p class='ocr_par' dir='ltr' id='par_1_58' title="bbox 2334 2423 2932 2481">
     <span class='ocr_line' id='line_1_58' title="bbox 2334 2423 2932 2481; baseline 0.002 -3"><span class='ocrx_word' id='word_1_324' title='bbox 2334 2423 2363 2478; x_wconf 94' lang='grc'><strong><em>1</em></strong></span> <span class='ocrx_word' id='word_1_325' title='bbox 2368 2425 2488 2481; x_wconf 97' lang='lat' dir='ltr'><strong>dem</strong></span> <span class='ocrx_word' id='word_1_326' title='bbox 2536 2426 2601 2481; x_wconf 88' lang='lat' dir='ltr'><strong>de</strong></span> <span class='ocrx_word' id='word_1_327' title='bbox 2642 2427 2932 2480; x_wconf 74' lang='lat' dir='ltr'><strong>exorcista.</strong></span> 
     </span>
    </p>
   </div>
   <div class='ocr_carea' id='block_1_59' title="bbox 1909 2515 3429 2592">
    <p class='ocr_par' dir='ltr' id='par_1_59' title="bbox 1909 2515 3429 2592">
     <span class='ocr_line' id='line_1_59' title="bbox 1909 2515 3429 2592; baseline -0.003 -19"><span class='ocrx_word' id='word_1_328' title='bbox 1909 2523 1953 2554; x_wconf 81' lang='grc'>⁸¹</span> <span class='ocrx_word' id='word_1_329' title='bbox 1974 2520 2092 2592; x_wconf 88' lang='lat' dir='ltr'><strong>Ipse</strong></span> <span class='ocrx_word' id='word_1_330' title='bbox 2118 2528 2359 2592; x_wconf 80' lang='lat' dir='ltr'><strong>egomet,</strong></span> <span class='ocrx_word' id='word_1_331' title='bbox 2408 2521 2476 2576; x_wconf 90' lang='lat' dir='ltr'><strong>de</strong></span> <span class='ocrx_word' id='word_1_332' title='bbox 2505 2522 2781 2576; x_wconf 77' lang='lat' dir='ltr'><strong>exoreista</strong></span> <span class='ocrx_word' id='word_1_333' title='bbox 2809 2518 3108 2572; x_wconf 89' lang='lat' dir='ltr'><strong>constituo.</strong></span> <span class='ocrx_word' id='word_1_334' title='bbox 3145 2515 3429 2570; x_wconf 84' lang='lat' dir='ltr'><strong>Exoreista</strong></span> 
     </span>
    </p>
   </div>
   <div class='ocr_carea' id='block_1_60' title="bbox 1838 2609 3429 2679">
    <p class='ocr_par' dir='ltr' id='par_1_60' title="bbox 1838 2609 3429 2679">
     <span class='ocr_line' id='line_1_60' title="bbox 1838 2609 3429 2679; baseline -0.004 -10"><span class='ocrx_word' id='word_1_335' title='bbox 1838 2631 1947 2669; x_wconf 90' lang='lat' dir='ltr'><strong>non</strong></span> <span class='ocrx_word' id='word_1_336' title='bbox 1973 2615 2284 2669; x_wconf 88' lang='lat' dir='ltr'><strong>ordinatur.</strong></span> <span class='ocrx_word' id='word_1_337' title='bbox 2321 2612 2447 2667; x_wconf 63' lang='lat' dir='ltr'><strong>Haec</strong></span> <span class='ocrx_word' id='word_1_338' title='bbox 2478 2615 2625 2667; x_wconf 86' lang='lat' dir='ltr'><strong>enim</strong></span> <span class='ocrx_word' id='word_1_339' title='bbox 2658 2611 2978 2667; x_wconf 87' lang='lat' dir='ltr'><strong>certaminis</strong></span> <span class='ocrx_word' id='word_1_340' title='bbox 3012 2612 3131 2665; x_wconf 89' lang='lat' dir='ltr'><strong>laus</strong></span> <span class='ocrx_word' id='word_1_341' title='bbox 3162 2609 3363 2679; x_wconf 87' lang='lat' dir='ltr'><strong>pendet</strong></span> <span class='ocrx_word' id='word_1_342' title='bbox 3397 2624 3429 2662; x_wconf 87' lang='lat' dir='ltr'><strong>a</strong></span> 
     </span>
    </p>
   </div>
   <div class='ocr_carea' id='block_1_61' title="bbox 1840 2700 3432 2773">
    <p class='ocr_par' dir='ltr' id='par_1_61' title="bbox 1840 2700 3432 2773">
     <span class='ocr_line' id='line_1_61' title="bbox 1840 2700 3432 2773; baseline -0.004 -12"><span class='ocrx_word' id='word_1_343' title='bbox 1840 2709 2008 2763; x_wconf 88' lang='lat' dir='ltr'><strong>libera</strong></span> <span class='ocrx_word' id='word_1_344' title='bbox 2036 2716 2089 2763; x_wconf 85' lang='lat' dir='ltr'><strong>et</strong></span> <span class='ocrx_word' id='word_1_345' title='bbox 2130 2706 2273 2762; x_wconf 89' lang='lat' dir='ltr'><strong>bona</strong></span> <span class='ocrx_word' id='word_1_346' title='bbox 2322 2707 2623 2764; x_wconf 83' lang='lat' dir='ltr'><strong>voluntate.</strong></span> <span class='ocrx_word' id='word_1_347' title='bbox 2656 2712 2711 2758; x_wconf 86' lang='lat' dir='ltr'><strong>et</strong></span> <span class='ocrx_word' id='word_1_348' title='bbox 2744 2719 2773 2757; x_wconf 91' lang='lat' dir='ltr'><strong>a</strong></span> <span class='ocrx_word' id='word_1_349' title='bbox 2808 2704 2984 2773; x_wconf 88' lang='lat' dir='ltr'><strong>gratia</strong></span> <span class='ocrx_word' id='word_1_350' title='bbox 3020 2702 3113 2755; x_wconf 88' lang='lat' dir='ltr'><strong>Dei</strong></span> <span class='ocrx_word' id='word_1_351' title='bbox 3146 2718 3241 2771; x_wconf 91' lang='lat' dir='ltr'><strong>per</strong></span> <span class='ocrx_word' id='word_1_352' title='bbox 3268 2700 3432 2755; x_wconf 73' lang='lat' dir='ltr'><strong>Chri-</strong></span> 
     </span>
    </p>
   </div>
   <div class='ocr_carea' id='block_1_62' title="bbox 1840 2792 3430 2867">
    <p class='ocr_par' dir='ltr' id='par_1_62' title="bbox 1840 2792 3430 2867">
     <span class='ocr_line' id='line_1_62' title="bbox 1840 2792 3430 2867; baseline -0.004 -14"><span class='ocrx_word' id='word_1_353' title='bbox 1840 2807 2008 2862; x_wconf 85' lang='lat' dir='ltr'><strong>stum,</strong></span> <span class='ocrx_word' id='word_1_354' title='bbox 2060 2799 2294 2853; x_wconf 86' lang='lat' dir='ltr'><strong>adventu</strong></span> <span class='ocrx_word' id='word_1_355' title='bbox 2351 2797 2589 2867; x_wconf 89' lang='lat' dir='ltr'><strong>Spiritus</strong></span> <span class='ocrx_word' id='word_1_356' title='bbox 2640 2796 2837 2851; x_wconf 87' lang='lat' dir='ltr'><strong>sancti.</strong></span> <span class='ocrx_word' id='word_1_357' title='bbox 2886 2794 2991 2860; x_wconf 91' lang='lat' dir='ltr'><strong>Qui</strong></span> <span class='ocrx_word' id='word_1_358' title='bbox 3036 2794 3181 2849; x_wconf 90' lang='lat' dir='ltr'><strong>enim</strong></span> <span class='ocrx_word' id='word_1_359' title='bbox 3217 2792 3430 2862; x_wconf 85' lang='lat' dir='ltr'><strong>accepit</strong></span> 
     </span>
    </p>
   </div>
   <div class='ocr_carea' id='block_1_63' title="bbox 1839 2885 3427 2957">
    <p class='ocr_par' dir='ltr' id='par_1_63' title="bbox 1839 2885 3427 2957">
     <span class='ocr_line' id='line_1_63' title="bbox 1839 2885 3427 2957; baseline -0.006 -12"><span class='ocrx_word' id='word_1_360' title='bbox 1839 2894 2133 2955; x_wconf 82' lang='lat' dir='ltr'><strong>charisma,</strong></span> <span class='ocrx_word' id='word_1_361' title='bbox 2160 2907 2255 2945; x_wconf 87' lang='lat' dir='ltr'><strong>seu</strong></span> <span class='ocrx_word' id='word_1_362' title='bbox 2284 2890 2487 2943; x_wconf 91' lang='lat' dir='ltr'><strong>donum</strong></span> <span class='ocrx_word' id='word_1_363' title='bbox 2514 2888 2885 2951; x_wconf 89' lang='lat' dir='ltr'><strong>sanationum,</strong></span> <span class='ocrx_word' id='word_1_364' title='bbox 2912 2903 3008 2957; x_wconf 88' lang='lat' dir='ltr'><strong>per</strong></span> <span class='ocrx_word' id='word_1_365' title='bbox 3036 2885 3427 2940; x_wconf 82' lang='lat' dir='ltr'><strong>revelationem</strong></span> 
     </span>
    </p>
   </div>
   <div class='ocr_carea' id='block_1_64' title="bbox 1839 2977 3419 3050">
    <p class='ocr_par' dir='ltr' id='par_1_64' title="bbox 1839 2977 3419 3050">
     <span class='ocr_line' id='line_1_64' title="bbox 1839 2977 3419 3050; baseline -0.006 -12"><span class='ocrx_word' id='word_1_366' title='bbox 1839 3000 1869 3038; x_wconf 89' lang='lat' dir='ltr'><strong>a</strong></span> <span class='ocrx_word' id='word_1_367' title='bbox 1917 2983 2029 3039; x_wconf 86' lang='lat' dir='ltr'><strong>Deo</strong></span> <span class='ocrx_word' id='word_1_368' title='bbox 2075 2984 2409 3045; x_wconf 84' lang='lat' dir='ltr'><strong>declaratur,</strong></span> <span class='ocrx_word' id='word_1_369' title='bbox 2440 2982 2768 3050; x_wconf 84' lang='lat' dir='ltr'><strong>cunctisque</strong></span> <span class='ocrx_word' id='word_1_370' title='bbox 2801 2978 3091 3033; x_wconf 80' lang='lat' dir='ltr'><strong>manifesta</strong></span> <span class='ocrx_word' id='word_1_371' title='bbox 3128 2984 3213 3033; x_wconf 89' lang='lat' dir='ltr'><strong>est</strong></span> <span class='ocrx_word' id='word_1_372' title='bbox 3241 2977 3419 3047; x_wconf 85' lang='lat' dir='ltr'><strong>gratia</strong></span> 
     </span>
    </p>
   </div>
   <div class='ocr_carea' id='block_1_65' title="bbox 1840 3070 3430 3148">
    <p class='ocr_par' dir='ltr' id='par_1_65' title="bbox 1840 3070 3430 3148">
     <span class='ocr_line' id='line_1_65' title="bbox 1840 3070 3430 3148; baseline -0.004 -17"><span class='ocrx_word' id='word_1_373' title='bbox 1840 3093 1961 3147; x_wconf 73' lang='lat' dir='ltr'><strong>qua:</strong></span> <span class='ocrx_word' id='word_1_374' title='bbox 1980 3084 2062 3131; x_wconf 91' lang='lat' dir='ltr'><strong>est</strong></span> <span class='ocrx_word' id='word_1_375' title='bbox 2084 3078 2137 3129; x_wconf 92' lang='lat' dir='ltr'><strong>in</strong></span> <span class='ocrx_word' id='word_1_376' title='bbox 2160 3078 2301 3148; x_wconf 88' lang='lat' dir='ltr'><strong>ipso.</strong></span> <span class='ocrx_word' id='word_1_377' title='bbox 2338 3074 2396 3128; x_wconf 89' lang='lat' dir='ltr'><strong>Si</strong></span> <span class='ocrx_word' id='word_1_378' title='bbox 2428 3082 2608 3128; x_wconf 86' lang='lat' dir='ltr'><strong>autem</strong></span> <span class='ocrx_word' id='word_1_379' title='bbox 2638 3090 2776 3142; x_wconf 90' lang='lat' dir='ltr'><strong>opus</strong></span> <span class='ocrx_word' id='word_1_380' title='bbox 2805 3088 2871 3126; x_wconf 91' lang='lat' dir='ltr'><strong>eo</strong></span> <span class='ocrx_word' id='word_1_381' title='bbox 2904 3071 3089 3145; x_wconf 81' lang='lat' dir='ltr'><strong>fuerit,</strong></span> <span class='ocrx_word' id='word_1_382' title='bbox 3122 3070 3177 3125; x_wconf 89' lang='lat' dir='ltr'><strong>in</strong></span> <span class='ocrx_word' id='word_1_383' title='bbox 3210 3070 3430 3140; x_wconf 88' lang='lat' dir='ltr'><strong>episco-</strong></span> 
     </span>
    </p>
   </div>
   <div class='ocr_carea' id='block_1_66' title="bbox 1764 3163 3323 3279">
    <p class='ocr_par' dir='ltr' id='par_1_66' title="bbox 1764 3163 3323 3279">
     <span class='ocr_line' id='line_1_66' title="bbox 1841 3163 3323 3241; baseline -0.005 -16"><span class='ocrx_word' id='word_1_384' title='bbox 1841 3186 1992 3241; x_wconf 91' lang='lat' dir='ltr'><strong>pum,</strong></span> <span class='ocrx_word' id='word_1_385' title='bbox 2026 3171 2109 3223; x_wconf 85' lang='lat' dir='ltr'><strong>vel</strong></span> <span class='ocrx_word' id='word_1_386' title='bbox 2150 3168 2548 3239; x_wconf 86' lang='lat' dir='ltr'><strong>presbyterum,</strong></span> <span class='ocrx_word' id='word_1_387' title='bbox 2582 3167 2664 3219; x_wconf 85' lang='lat' dir='ltr'><strong>vel</strong></span> <span class='ocrx_word' id='word_1_388' title='bbox 2692 3166 2987 3218; x_wconf 87' lang='lat' dir='ltr'><strong>diaconum</strong></span> <span class='ocrx_word' id='word_1_389' title='bbox 3015 3163 3323 3219; x_wconf 87' lang='lat' dir='ltr'><strong>ordinatur.</strong></span> 
     </span>
     <span class='ocr_line' id='line_1_67' title="bbox 1764 3223 2852 3279; baseline 0 0"><span class='ocrx_word' id='word_1_390' title='bbox 1764 3223 1806 3279; x_wconf 84' lang='lat' dir='ltr'>c</span> <span class='ocrx_word' id='word_1_391' title='bbox 2392 3256 2621 3279; x_wconf 61' lang='grc' dir='ltr'><strong>[πλη-γη*</strong></span> <span class='ocrx_word' id='word_1_392' title='bbox 2662 3256 2852 3279; x_wconf 77' lang='grc' dir='ltr'>ννυιι</span> 
     </span>
    </p>
   </div>
   <div class='ocr_carea' id='block_1_67' title="bbox 2391 3256 2875 3314">
    <p class='ocr_par' dir='ltr' id='par_1_67' title="bbox 2391 3256 2875 3314">
     <span class='ocr_line' id='line_1_68' title="bbox 2391 3256 2875 3314; baseline -0.006 0"><span class='ocrx_word' id='word_1_393' title='bbox 2391 3256 2621 3314; x_wconf 85' lang='lat' dir='ltr'><strong>CAPUT</strong></span> <span class='ocrx_word' id='word_1_394' title='bbox 2662 3256 2875 3311; x_wconf 74' lang='lat' dir='ltr'><strong>XXVII.</strong></span> 
     </span>
    </p>
   </div>
   <div class='ocr_carea' id='block_1_68' title="bbox 1848 3347 3425 3421">
    <p class='ocr_par' dir='ltr' id='par_1_68' title="bbox 1848 3347 3425 3421">
     <span class='ocr_line' id='line_1_69' title="bbox 1848 3347 3425 3421; baseline -0.005 -11"><span class='ocrx_word' id='word_1_395' title='bbox 1848 3354 2031 3411; x_wconf 87' lang='lat' dir='ltr'><strong>Simon</strong></span> <span class='ocrx_word' id='word_1_396' title='bbox 2066 3352 2332 3409; x_wconf 87' lang='lat' dir='ltr'><strong>Cananita</strong></span> <span class='ocrx_word' id='word_1_397' title='bbox 2354 3351 2418 3407; x_wconf 89' lang='lat' dir='ltr'><strong>de</strong></span> <span class='ocrx_word' id='word_1_398' title='bbox 2439 3352 2697 3421; x_wconf 82' lang='lat' dir='ltr'><strong>episcopo,</strong></span> <span class='ocrx_word' id='word_1_399' title='bbox 2732 3367 2765 3403; x_wconf 91' lang='lat' dir='ltr'><strong>a</strong></span> <span class='ocrx_word' id='word_1_400' title='bbox 2794 3358 2919 3420; x_wconf 88' lang='lat' dir='ltr'><strong>quot</strong></span> <span class='ocrx_word' id='word_1_401' title='bbox 2947 3348 3132 3402; x_wconf 83' lang='lat' dir='ltr'><strong>debeat</strong></span> <span class='ocrx_word' id='word_1_402' title='bbox 3163 3347 3425 3403; x_wconf 84' lang='lat' dir='ltr'><strong>ordinari.</strong></span> 
     </span>
    </p>
   </div>
   <div class='ocr_carea' id='block_1_69' title="bbox 1916 3507 3429 3582">
    <p class='ocr_par' dir='ltr' id='par_1_69' title="bbox 1916 3507 3429 3582">
     <span class='ocr_line' id='line_1_70' title="bbox 1916 3507 3429 3582; baseline -0.005 -15"><span class='ocrx_word' id='word_1_403' title='bbox 1916 3512 1984 3567; x_wconf 86' lang='lat' dir='ltr'><strong>Et</strong></span> <span class='ocrx_word' id='word_1_404' title='bbox 2014 3527 2143 3567; x_wconf 88' lang='lat' dir='ltr'><strong>vero</strong></span> <span class='ocrx_word' id='word_1_405' title='bbox 2174 3526 2273 3582; x_wconf 84' lang='lat' dir='ltr'><strong>ego</strong></span> <span class='ocrx_word' id='word_1_406' title='bbox 2306 3507 2497 3564; x_wconf 91' lang='lat' dir='ltr'><strong>Simon</strong></span> <span class='ocrx_word' id='word_1_407' title='bbox 2537 3508 2843 3563; x_wconf 68' lang='lat' dir='ltr'><strong>Cananmus</strong></span> <span class='ocrx_word' id='word_1_408' title='bbox 2880 3507 3181 3569; x_wconf 87' lang='lat' dir='ltr'><strong>constituo,</strong></span> <span class='ocrx_word' id='word_1_409' title='bbox 3229 3521 3258 3560; x_wconf 89' lang='lat' dir='ltr'><strong>a</strong></span> <span class='ocrx_word' id='word_1_410' title='bbox 3294 3513 3429 3577; x_wconf 86' lang='lat' dir='ltr'><strong>quot</strong></span> 
     </span>
    </p>
   </div>
   <div class='ocr_carea' id='block_1_70' title="bbox 230 3658 1757 3745">
    <p class='ocr_par' dir='ltr' id='par_1_70' title="bbox 230 3658 1686 3745">
     <span class='ocr_line' id='line_1_71' title="bbox 230 3658 1686 3745; baseline 0.014 -39"><span class='ocrx_word' id='word_1_411' title='bbox 230 3658 277 3739; x_wconf 50' lang='grc' dir='ltr'><strong>ξε</strong></span> <span class='ocrx_word' id='word_1_412' title='bbox 298 3658 338 3745; x_wconf 82' lang='grc' dir='ltr'><strong>¹Ι</strong></span> <span class='ocrx_word' id='word_1_413' title='bbox 372 3658 500 3745; x_wconf 73' lang='lat' dir='ltr'><strong>Cor.</strong></span> <span class='ocrx_word' id='word_1_414' title='bbox 558 3678 656 3745; x_wconf 61' lang='lat' dir='ltr'><strong>vit,</strong></span> <span class='ocrx_word' id='word_1_415' title='bbox 683 3661 771 3717; x_wconf 70' lang='lat'><strong>25.</strong></span> <span class='ocrx_word' id='word_1_416' title='bbox 800 3732 817 3745; x_wconf 81' lang='lat'><em>_</em></span> <span class='ocrx_word' id='word_1_417' title='bbox 848 3660 906 3745; x_wconf 51' lang='lat'><strong>&quot;-</strong></span> <span class='ocrx_word' id='word_1_418' title='bbox 931 3660 1303 3745; x_wconf 72' lang='lat' dir='ltr'><strong>Juditb._vm._</strong></span> <span class='ocrx_word' id='word_1_419' title='bbox 1370 3667 1415 3745; x_wconf 61' lang='grc' dir='ltr'>ξ⁸</span> <span class='ocrx_word' id='word_1_420' title='bbox 1453 3666 1584 3745; x_wconf 64' lang='lat' dir='ltr'><strong>bne.</strong></span> <span class='ocrx_word' id='word_1_421' title='bbox 1625 3686 1686 3726; x_wconf 91' lang='lat' dir='ltr'><strong>ll.</strong></span> 
     </span>
    </p>
   </div>
   <div class='ocr_carea' id='block_1_71' title="bbox 1851 3658 3432 3745">
    <p class='ocr_par' dir='ltr' id='par_1_71' title="bbox 1851 3664 3432 3745">
     <span class='ocr_line' id='line_1_72' title="bbox 1851 3664 3432 3745; baseline -0.004 -17"><span class='ocrx_word' id='word_1_422' title='bbox 1851 3674 1918 3728; x_wconf 85' lang='lat' dir='ltr'><strong>al.</strong></span> <span class='ocrx_word' id='word_1_423' title='bbox 1954 3675 2239 3745; x_wconf 82' lang='grc' dir='ltr'>συνηγορεί</span> <span class='ocrx_word' id='word_1_424' title='bbox 2269 3669 2576 3741; x_wconf 85' lang='grc' dir='ltr'>ἀνθρώποις</span> <span class='ocrx_word' id='word_1_425' title='bbox 2614 3668 2711 3741; x_wconf 42' lang='grc' dir='ltr'>μσή.</span> <span class='ocrx_word' id='word_1_426' title='bbox 2787 3667 2836 3701; x_wconf 80' lang='grc'><strong><em>⁸⁵</em></strong></span> <span class='ocrx_word' id='word_1_427' title='bbox 2874 3666 2947 3722; x_wconf 88' lang='lat' dir='ltr'><strong>al.</strong></span> <span class='ocrx_word' id='word_1_428' title='bbox 2979 3666 3293 3739; x_wconf 69' lang='grc' dir='ltr'>εἰργόμενοι.</span> <span class='ocrx_word' id='word_1_429' title='bbox 3330 3664 3432 3725; x_wconf 89' lang='lat' dir='ltr'><strong>Sic</strong></span> 
     </span>
    </p>
   </div>
   <div class='ocr_carea' id='block_1_72' title="bbox 159 3725 1549 3806">
    <p class='ocr_par' dir='ltr' id='par_1_72' title="bbox 159 3725 1549 3806">
     <span class='ocr_line' id='line_1_73' title="bbox 159 3725 1549 3806; baseline 0.008 -24"><span class='ocrx_word' id='word_1_430' title='bbox 159 3725 337 3785; x_wconf 66' lang='lat' dir='ltr'><strong>Vind.</strong></span> <span class='ocrx_word' id='word_1_431' title='bbox 366 3733 487 3787; x_wconf 90' lang='lat' dir='ltr'><strong>cod.</strong></span> <span class='ocrx_word' id='word_1_432' title='bbox 562 3733 604 3764; x_wconf 84' lang='grc'><strong>⁸¹</strong></span> <span class='ocrx_word' id='word_1_433' title='bbox 644 3732 1059 3806; x_wconf 86' lang='lat' dir='ltr'><strong>pseudo-Ignat.</strong></span> <span class='ocrx_word' id='word_1_434' title='bbox 1090 3735 1159 3789; x_wconf 88' lang='lat' dir='ltr'><strong>ad</strong></span> <span class='ocrx_word' id='word_1_435' title='bbox 1180 3735 1436 3793; x_wconf 84' lang='lat' dir='ltr'><strong>Antioch.</strong></span> <span class='ocrx_word' id='word_1_436' title='bbox 1464 3740 1549 3793; x_wconf 70' lang='lat'><strong>12.</strong></span> 
     </span>
    </p>
   </div>
   <div class='ocr_carea' id='block_1_73' title="bbox 1441 3892 2088 3952">
    <p class='ocr_par' dir='ltr' id='par_1_73' title="bbox 1441 3892 2088 3952">
     <span class='ocr_line' id='line_1_74' title="bbox 1441 3892 2088 3952; baseline 0.006 -5"><span class='ocrx_word' id='word_1_437' title='bbox 1441 3892 1804 3949; x_wconf 78' lang='lat' dir='ltr'><strong>VARIORUM</strong></span> <span class='ocrx_word' id='word_1_438' title='bbox 1856 3893 2088 3952; x_wconf 75' lang='grc' dir='ltr'><strong>ΝΟΤᾸΞ.</strong></span> 
     </span>
    </p>
   </div>
   <div class='ocr_carea' id='block_1_74' title="bbox 230 4052 1597 4129">
    <p class='ocr_par' dir='ltr' id='par_1_74' title="bbox 230 4052 1597 4129">
     <span class='ocr_line' id='line_1_75' title="bbox 230 4052 1597 4129; baseline -0.001 -18"><span class='ocrx_word' id='word_1_439' title='bbox 230 4056 346 4129; x_wconf 73' lang='grc'>(95)</span> <span class='ocrx_word' id='word_1_440' title='bbox 384 4056 493 4111; x_wconf 87' lang='grc' dir='ltr'><strong>Τοῦ</strong></span> <span class='ocrx_word' id='word_1_441' title='bbox 519 4056 723 4129; x_wconf 76' lang='grc' dir='ltr'>αὑτοῦ.</span> <span class='ocrx_word' id='word_1_442' title='bbox 754 4052 962 4129; x_wconf 73' lang='lat' dir='ltr'><strong>Desunt</strong></span> <span class='ocrx_word' id='word_1_443' title='bbox 991 4056 1045 4129; x_wconf 83' lang='lat' dir='ltr'><strong>in</strong></span> <span class='ocrx_word' id='word_1_444' title='bbox 1080 4054 1209 4129; x_wconf 87' lang='lat' dir='ltr'><strong>cod._</strong></span> <span class='ocrx_word' id='word_1_445' title='bbox 1235 4054 1399 4129; x_wconf 83' lang='lat' dir='ltr'><strong>Vind.</strong></span> <span class='ocrx_word' id='word_1_446' title='bbox 1428 4054 1597 4111; x_wconf 69' lang='lat' dir='ltr'><strong>Cum.</strong></span> 
     </span>
    </p>
   </div>
   <div class='ocr_carea' id='block_1_75' title="bbox 231 4126 1433 4197">
    <p class='ocr_par' dir='ltr' id='par_1_75' title="bbox 231 4126 1433 4197">
     <span class='ocr_line' id='line_1_76' title="bbox 231 4126 1433 4197; baseline 0.006 -20"><span class='ocrx_word' id='word_1_447' title='bbox 231 4126 348 4197; x_wconf 80' lang='grc'>(94)</span> <span class='ocrx_word' id='word_1_448' title='bbox 384 4128 802 4197; x_wconf 72' lang='grc' dir='ltr'>Διατάσσομᾳι.</span> <span class='ocrx_word' id='word_1_449' title='bbox 842 4126 1000 4181; x_wconf 88' lang='lat' dir='ltr'><strong>Deest</strong></span> <span class='ocrx_word' id='word_1_450' title='bbox 1030 4127 1082 4180; x_wconf 91' lang='lat' dir='ltr'><strong>in</strong></span> <span class='ocrx_word' id='word_1_451' title='bbox 1112 4126 1323 4197; x_wconf 82' lang='lat' dir='ltr'><strong>eodem.</strong></span> <span class='ocrx_word' id='word_1_452' title='bbox 1356 4126 1433 4184; x_wconf 86' lang='lat' dir='ltr'><strong>ID.</strong></span> 
     </span>
    </p>
   </div>
   <div class='ocr_carea' id='block_1_76' title="bbox 232 4195 1745 4270">
    <p class='ocr_par' dir='ltr' id='par_1_76' title="bbox 232 4195 1745 4270">
     <span class='ocr_line' id='line_1_77' title="bbox 232 4195 1745 4270; baseline 0 -18"><span class='ocrx_word' id='word_1_453' title='bbox 232 4195 347 4270; x_wconf 80' lang='lat'><strong>(95)</strong></span> <span class='ocrx_word' id='word_1_454' title='bbox 377 4195 686 4270; x_wconf 57' lang='grc' dir='ltr'>Λεϐϐαῖον.</span> <span class='ocrx_word' id='word_1_455' title='bbox 714 4195 873 4252; x_wconf 86' lang='lat' dir='ltr'><strong>Deest</strong></span> <span class='ocrx_word' id='word_1_456' title='bbox 904 4197 1187 4270; x_wconf 76' lang='lat' dir='ltr'><strong>inscriptio</strong></span> <span class='ocrx_word' id='word_1_457' title='bbox 1213 4196 1653 4270; x_wconf 12' lang='lat' dir='ltr'><strong>rh:ecincod_em.</strong></span> <span class='ocrx_word' id='word_1_458' title='bbox 1688 4196 1745 4252; x_wconf 92' lang='lat' dir='ltr'><strong>In</strong></span> 
     </span>
    </p>
   </div>
   <div class='ocr_carea' id='block_1_77' title="bbox 149 4266 1746 4337">
    <p class='ocr_par' dir='ltr' id='par_1_77' title="bbox 149 4266 1746 4337">
     <span class='ocr_line' id='line_1_78' title="bbox 149 4266 1746 4337; baseline -0.003 -14"><span class='ocrx_word' id='word_1_459' title='bbox 149 4266 397 4337; x_wconf 76' lang='lat' dir='ltr'><strong>utrothe</strong></span> <span class='ocrx_word' id='word_1_460' title='bbox 428 4268 541 4322; x_wconf 64' lang='lat' dir='ltr'><strong>haec</strong></span> <span class='ocrx_word' id='word_1_461' title='bbox 573 4266 883 4337; x_wconf 77' lang='lat' dir='ltr'><strong>adduntur;</strong></span> <span class='ocrx_word' id='word_1_462' title='bbox 918 4266 1229 4337; x_wconf 76' lang='grc' dir='ltr'>Θαδδαῖοςο</span> <span class='ocrx_word' id='word_1_463' title='bbox 1269 4269 1363 4319; x_wconf 71' lang='grc' dir='ltr'><strong>καὶ</strong></span> <span class='ocrx_word' id='word_1_464' title='bbox 1407 4268 1685 4331; x_wconf 79' lang='grc' dir='ltr'>Λεϐϐαῖος,</span> <span class='ocrx_word' id='word_1_465' title='bbox 1718 4270 1746 4319; x_wconf 87' lang='lat'><strong>6</strong></span> 
     </span>
    </p>
   </div>
   <div class='ocr_carea' id='block_1_78' title="bbox 151 4336 1677 4418">
    <p class='ocr_par' dir='ltr' id='par_1_78' title="bbox 151 4336 1677 4418">
     <span class='ocr_line' id='line_1_79' title="bbox 151 4336 1677 4418; baseline -0.003 -25"><span class='ocrx_word' id='word_1_466' title='bbox 151 4336 421 4418; x_wconf 59' lang='grc' dir='ltr'>ἐπικαλού</span> <span class='ocrx_word' id='word_1_467' title='bbox 430 4355 587 4418; x_wconf 70' lang='grc' dir='ltr'>μενος</span> <span class='ocrx_word' id='word_1_468' title='bbox 630 4336 925 4418; x_wconf 38' lang='grc' dir='ltr'>’[οιξδαςῇη</span> <span class='ocrx_word' id='word_1_469' title='bbox 932 4336 1343 4418; x_wconf 42' lang='grc' dir='ltr'>λιῦτης”Ἐδαισή</span> <span class='ocrx_word' id='word_1_470' title='bbox 1350 4354 1427 4418; x_wconf 63' lang='lat' dir='ltr'><strong>vat</strong></span> <span class='ocrx_word' id='word_1_471' title='bbox 1436 4355 1463 4400; x_wconf 86' lang='grc' dir='ltr'><strong>ς</strong></span> <span class='ocrx_word' id='word_1_472' title='bbox 1480 4408 1491 4418; x_wconf 73' lang='lat'><strong><em>_</em></strong></span> <span class='ocrx_word' id='word_1_473' title='bbox 1506 4356 1574 4418; x_wconf 62' lang='grc' dir='ltr'><strong>κῃ</strong></span> <span class='ocrx_word' id='word_1_474' title='bbox 1584 4339 1677 4418; x_wconf 60' lang='grc' dir='ltr'><strong>ρυξ</strong></span> 
     </span>
    </p>
   </div>
   <div class='ocr_carea' id='block_1_79' title="bbox 149 4355 1748 4531">
    <p class='ocr_par' dir='ltr' id='par_1_79' title="bbox 149 4355 1748 4531">
     <span class='ocr_line' id='line_1_80' title="bbox 151 4355 1748 4455; baseline -0.001 -63"><span class='ocrx_word' id='word_1_475' title='bbox 151 4355 587 4409; x_wconf 77' lang='grc' dir='ltr'>επικαλουμενος</span> <span class='ocrx_word' id='word_1_476' title='bbox 648 4355 829 4400; x_wconf 88' lang='grc' dir='ltr'>ιουοας</span> <span class='ocrx_word' id='word_1_477' title='bbox 861 4355 1106 4407; x_wconf 65' lang='grc' dir='ltr'>ςηλωτης</span> <span class='ocrx_word' id='word_1_478' title='bbox 1148 4355 1463 4408; x_wconf 69' lang='grc' dir='ltr'>ωαισηνοις</span> <span class='ocrx_word' id='word_1_479' title='bbox 1506 4355 1748 4455; x_wconf 53' lang='grc' dir='ltr'>κρρυςας</span> 
     </span>
     <span class='ocr_line' id='line_1_81' title="bbox 149 4406 1745 4478; baseline -0.003 -13"><span class='ocrx_word' id='word_1_480' title='bbox 149 4412 253 4465; x_wconf 69' lang='grc' dir='ltr'><strong>τὴν</strong></span> <span class='ocrx_word' id='word_1_481' title='bbox 284 4410 441 4478; x_wconf 79' lang='grc' dir='ltr'>λόγον</span> <span class='ocrx_word' id='word_1_482' title='bbox 468 4408 561 4461; x_wconf 75' lang='grc' dir='ltr'><strong>καὶ</strong></span> <span class='ocrx_word' id='word_1_483' title='bbox 588 4407 682 4461; x_wconf 78' lang='grc' dir='ltr'><strong>τοῦ</strong></span> <span class='ocrx_word' id='word_1_484' title='bbox 714 4408 770 4460; x_wconf 85' lang='grc' dir='ltr'>ὲν</span> <span class='ocrx_word' id='word_1_485' title='bbox 796 4409 861 4478; x_wconf 76' lang='grc' dir='ltr'>τῇ</span> <span class='ocrx_word' id='word_1_486' title='bbox 896 4407 1033 4477; x_wconf 83' lang='grc' dir='ltr'>μέσῃ</span> <span class='ocrx_word' id='word_1_487' title='bbox 1060 4406 1167 4459; x_wconf 81' lang='grc' dir='ltr'>τῶν</span> <span class='ocrx_word' id='word_1_488' title='bbox 1200 4408 1454 4477; x_wconf 80' lang='grc' dir='ltr'>ποταμῶν</span> <span class='ocrx_word' id='word_1_489' title='bbox 1480 4408 1533 4460; x_wconf 80' lang='grc' dir='ltr'><strong>’Δ</strong></span> <span class='ocrx_word' id='word_1_490' title='bbox 1550 4410 1646 4477; x_wconf 65' lang='grc' dir='ltr'>λγά</span> <span class='ocrx_word' id='word_1_491' title='bbox 1684 4427 1745 4461; x_wconf 91' lang='grc' dir='ltr'><strong>ου</strong></span> 
     </span>
     <span class='ocr_line' id='line_1_82' title="bbox 172 4427 1748 4531; baseline 0 0"><span class='ocrx_word' id='word_1_492' title='bbox 172 4482 402 4531; x_wconf 70' lang='grc' dir='ltr'>Ἐδέσηε</span> <span class='ocrx_word' id='word_1_493' title='bbox 426 4478 845 4531; x_wconf 78' lang='grc' dir='ltr'>τοπαογοῦντος.</span> <span class='ocrx_word' id='word_1_494' title='bbox 868 4477 1128 4530; x_wconf 83' lang='grc' dir='ltr'>τέθαπται</span> <span class='ocrx_word' id='word_1_495' title='bbox 1156 4479 1213 4530; x_wconf 78' lang='grc' dir='ltr'>ὲν</span> <span class='ocrx_word' id='word_1_496' title='bbox 1250 4477 1476 4531; x_wconf 66' lang='grc' dir='ltr'>Βηρύτω</span> <span class='ocrx_word' id='word_1_497' title='bbox 1504 4481 1603 4531; x_wconf 75' lang='grc' dir='ltr'>τῆς</span> <span class='ocrx_word' id='word_1_498' title='bbox 1629 4427 1748 4531; x_wconf 56' lang='grc' dir='ltr'>«ξυι-</span> 
     </span>
    </p>
   </div>
   <div class='ocr_carea' id='block_1_80' title="bbox 1705 4497 1748 4530">
    <p class='ocr_par' dir='ltr' id='par_1_80' title="bbox 1705 4497 1748 4530">
     <span class='ocr_line' id='line_1_83' title="bbox 1705 4497 1748 4530; baseline 0 -11"><span class='ocrx_word' id='word_1_499' title='bbox 1705 4497 1748 4530; x_wconf 76' lang='grc' dir='ltr'><strong>ι-</strong></span> 
     </span>
    </p>
   </div>
   <div class='ocr_carea' id='block_1_81' title="bbox 1781 4535 1825 4593">
    <p class='ocr_par' dir='ltr' id='par_1_81' title="bbox 1781 4535 1825 4593">
     <span class='ocr_line' id='line_1_84' title="bbox 1781 4535 1825 4593; baseline 0 0"><span class='ocrx_word' id='word_1_500' title='bbox 1781 4535 1825 4593; x_wconf 94' lang='lat' dir='ltr'><strong>D</strong></span> 
     </span>
    </p>
   </div>
   <div class='ocr_carea' id='block_1_82' title="bbox 172 4477 1603 4551">
    <p class='ocr_par' dir='ltr' id='par_1_82' title="bbox 172 4477 1603 4551">
     <span class='ocr_line' id='line_1_85' title="bbox 172 4477 1603 4551; baseline -0.001 -18"><span class='ocrx_word' id='word_1_501' title='bbox 172 4477 402 4551; x_wconf 68' lang='grc' dir='ltr'>Ἐδέσης</span> <span class='ocrx_word' id='word_1_502' title='bbox 426 4478 845 4550; x_wconf 79' lang='grc' dir='ltr'>τοπαρχοῦντος,</span> <span class='ocrx_word' id='word_1_503' title='bbox 868 4477 1128 4530; x_wconf 82' lang='grc' dir='ltr'>τέθαπται</span> <span class='ocrx_word' id='word_1_504' title='bbox 1156 4479 1213 4530; x_wconf 80' lang='grc' dir='ltr'><strong>έν</strong></span> <span class='ocrx_word' id='word_1_505' title='bbox 1250 4477 1476 4549; x_wconf 77' lang='grc' dir='ltr'>Βηρύτῳ</span> <span class='ocrx_word' id='word_1_506' title='bbox 1504 4481 1603 4550; x_wconf 83' lang='grc' dir='ltr'><strong>τῆς</strong></span> 
     </span>
    </p>
   </div>
   <div class='ocr_carea' id='block_1_83' title="bbox 152 4552 451 4613">
    <p class='ocr_par' dir='ltr' id='par_1_83' title="bbox 152 4552 451 4613">
     <span class='ocr_line' id='line_1_86' title="bbox 152 4552 451 4613; baseline 0 -8"><span class='ocrx_word' id='word_1_507' title='bbox 152 4553 340 4613; x_wconf 77' lang='grc' dir='ltr'>νίκης.</span> <span class='ocrx_word' id='word_1_508' title='bbox 376 4552 451 4605; x_wconf 85' lang='lat' dir='ltr'><strong>ID.</strong></span> 
     </span>
    </p>
   </div>
   <div class='ocr_carea' id='block_1_84' title="bbox 234 4586 1752 4693">
    <p class='ocr_par' dir='ltr' id='par_1_84' title="bbox 234 4586 1752 4693">
     <span class='ocr_line' id='line_1_87' title="bbox 234 4586 1752 4693; baseline -0.002 -19"><span class='ocrx_word' id='word_1_509' title='bbox 376 4586 520 4687; x_wconf 62' lang='grc' dir='ltr'><strong>Ἡὲρὶ</strong></span> <span class='ocrx_word' id='word_1_510' title='bbox 544 4618 762 4693; x_wconf 72' lang='grc' dir='ltr'>χηρῶν.</span> <span class='ocrx_word' id='word_1_511' title='bbox 812 4618 959 4672; x_wconf 89' lang='lat' dir='ltr'><strong>Inter</strong></span> <span class='ocrx_word' id='word_1_512' title='bbox 1004 4618 1174 4672; x_wconf 88' lang='lat' dir='ltr'><strong>multa</strong></span> <span class='ocrx_word' id='word_1_513' title='bbox 1210 4617 1535 4693; x_wconf 51' lang='lat' dir='ltr'><strong>decretaad</strong></span> <span class='ocrx_word' id='word_1_514' title='bbox 1584 4617 1752 4693; x_wconf 79' lang='lat' dir='ltr'><strong>hasce</strong></span> 
     </span>
    </p>
   </div>
   <div class='ocr_carea' id='block_1_85' title="bbox 149 4688 1751 4761">
    <p class='ocr_par' dir='ltr' id='par_1_85' title="bbox 149 4688 1751 4761">
     <span class='ocr_line' id='line_1_88' title="bbox 149 4688 1751 4761; baseline -0.002 -16"><span class='ocrx_word' id='word_1_515' title='bbox 149 4688 358 4745; x_wconf 84' lang='lat' dir='ltr'><strong>viduas</strong></span> <span class='ocrx_word' id='word_1_516' title='bbox 406 4691 761 4761; x_wconf 75' lang='lat' dir='ltr'><strong>pertinentia,</strong></span> <span class='ocrx_word' id='word_1_517' title='bbox 798 4699 881 4744; x_wconf 86' lang='lat' dir='ltr'><strong>est</strong></span> <span class='ocrx_word' id='word_1_518' title='bbox 913 4704 1148 4761; x_wconf 85' lang='lat' dir='ltr'><strong>_quoque</strong></span> <span class='ocrx_word' id='word_1_519' title='bbox 1196 4704 1371 4761; x_wconf 78' lang='lat' dir='ltr'><strong>canon</strong></span> <span class='ocrx_word' id='word_1_520' title='bbox 1417 4688 1751 4761; x_wconf 24' lang='lat' dir='ltr'><strong>27Acouci|ii</strong></span> 
     </span>
    </p>
   </div>
   <div class='ocr_carea' id='block_1_86' title="bbox 151 4759 1747 4822">
    <p class='ocr_par' dir='ltr' id='par_1_86' title="bbox 151 4759 1747 4822">
     <span class='ocr_line' id='line_1_89' title="bbox 151 4759 1747 4822; baseline -0.001 -6"><span class='ocrx_word' id='word_1_521' title='bbox 151 4759 485 4816; x_wconf 78' lang='lat' dir='ltr'><strong>Amusicani</strong></span> <span class='ocrx_word' id='word_1_522' title='bbox 510 4776 549 4822; x_wconf 86' lang='grc' dir='ltr'><strong>ι,</strong></span> <span class='ocrx_word' id='word_1_523' title='bbox 575 4761 649 4814; x_wconf 87' lang='lat' dir='ltr'><strong>ita</strong></span> <span class='ocrx_word' id='word_1_524' title='bbox 677 4759 885 4813; x_wconf 88' lang='lat' dir='ltr'><strong>habens</strong></span> <span class='ocrx_word' id='word_1_525' title='bbox 912 4759 966 4812; x_wconf 93' lang='lat' dir='ltr'><strong>in</strong></span> <span class='ocrx_word' id='word_1_526' title='bbox 999 4760 1239 4814; x_wconf 86' lang='lat' dir='ltr'><strong>editione</strong></span> <span class='ocrx_word' id='word_1_527' title='bbox 1268 4759 1747 4814; x_wconf 85' lang='lat' dir='ltr'><strong>Sirmondana.....</strong></span> 
     </span>
    </p>
   </div>
   <div class='ocr_carea' id='block_1_87' title="bbox 152 4830 1747 4901">
    <p class='ocr_par' dir='ltr' id='par_1_87' title="bbox 152 4830 1747 4901">
     <span class='ocr_line' id='line_1_90' title="bbox 152 4830 1747 4901; baseline -0.002 -13"><span class='ocrx_word' id='word_1_528' title='bbox 152 4833 241 4888; x_wconf 86' lang='lat' dir='ltr'><strong>De</strong></span> <span class='ocrx_word' id='word_1_529' title='bbox 274 4830 444 4885; x_wconf 80' lang='lat' dir='ltr'><strong>viduis</strong></span> <span class='ocrx_word' id='word_1_530' title='bbox 473 4831 745 4901; x_wconf 73' lang='lat' dir='ltr'><strong>professis,</strong></span> <span class='ocrx_word' id='word_1_531' title='bbox 778 4831 823 4884; x_wconf 87' lang='lat' dir='ltr'><strong>si</strong></span> <span class='ocrx_word' id='word_1_532' title='bbox 850 4831 1117 4901; x_wconf 87' lang='lat' dir='ltr'><strong>nupserint</strong></span> <span class='ocrx_word' id='word_1_533' title='bbox 1149 4838 1241 4882; x_wconf 88' lang='lat' dir='ltr'><strong>aut</strong></span> <span class='ocrx_word' id='word_1_534' title='bbox 1268 4839 1433 4897; x_wconf 75' lang='lat' dir='ltr'><strong>rapta:</strong></span> <span class='ocrx_word' id='word_1_535' title='bbox 1462 4831 1747 4899; x_wconf 83' lang='lat' dir='ltr'><strong>fuerint....</strong></span> 
     </span>
    </p>
   </div>
   <div class='ocr_carea' id='block_1_88' title="bbox 168 4899 1749 4970">
    <p class='ocr_par' dir='ltr' id='par_1_88' title="bbox 168 4899 1749 4970">
     <span class='ocr_line' id='line_1_91' title="bbox 168 4899 1749 4970; baseline -0.003 -14"><span class='ocrx_word' id='word_1_536' title='bbox 168 4899 765 4956; x_wconf 27' lang='lat' dir='ltr'><strong>Viduitatis’servanda:</strong></span> <span class='ocrx_word' id='word_1_537' title='bbox 787 4900 1185 4969; x_wconf 72' lang='lat' dir='ltr'><strong>professionem,</strong></span> <span class='ocrx_word' id='word_1_538' title='bbox 1220 4917 1399 4954; x_wconf 88' lang='lat' dir='ltr'><strong>coram</strong></span> <span class='ocrx_word' id='word_1_539' title='bbox 1426 4902 1665 4970; x_wconf 72' lang='lat' dir='ltr'><strong>episcopo</strong></span> <span class='ocrx_word' id='word_1_540' title='bbox 1698 4903 1749 4953; x_wconf 89' lang='lat' dir='ltr'><strong>in</strong></span> 
     </span>
    </p>
   </div>
   <div class='ocr_carea' id='block_1_89' title="bbox 153 4970 1748 5040">
    <p class='ocr_par' dir='ltr' id='par_1_89' title="bbox 153 4970 1748 5040">
     <span class='ocr_line' id='line_1_92' title="bbox 153 4970 1748 5040; baseline -0.003 -13"><span class='ocrx_word' id='word_1_541' title='bbox 153 4974 448 5027; x_wconf 80' lang='lat' dir='ltr'><strong>secretario</strong></span> <span class='ocrx_word' id='word_1_542' title='bbox 477 4970 732 5033; x_wconf 81' lang='lat' dir='ltr'><strong>habitam,</strong></span> <span class='ocrx_word' id='word_1_543' title='bbox 763 4972 1010 5040; x_wconf 88' lang='lat' dir='ltr'><strong>imposita</strong></span> <span class='ocrx_word' id='word_1_544' title='bbox 1041 4970 1107 5023; x_wconf 87' lang='lat' dir='ltr'><strong>ab</strong></span> <span class='ocrx_word' id='word_1_545' title='bbox 1129 4972 1367 5040; x_wconf 83' lang='lat' dir='ltr'><strong>episcopo</strong></span> <span class='ocrx_word' id='word_1_546' title='bbox 1395 4980 1528 5025; x_wconf 80' lang='lat' dir='ltr'><strong>veste</strong></span> <span class='ocrx_word' id='word_1_547' title='bbox 1550 4971 1748 5025; x_wconf 87' lang='lat' dir='ltr'><strong>viduali</strong></span> 
     </span>
    </p>
   </div>
   <div class='ocr_carea' id='block_1_90' title="bbox 151 5041 1749 5111">
    <p class='ocr_par' dir='ltr' id='par_1_90' title="bbox 151 5041 1749 5111">
     <span class='ocr_line' id='line_1_93' title="bbox 151 5041 1749 5111; baseline -0.003 -14"><span class='ocrx_word' id='word_1_548' title='bbox 151 5042 528 5097; x_wconf 84' lang='lat' dir='ltr'><strong>indicandam.</strong></span> <span class='ocrx_word' id='word_1_549' title='bbox 574 5041 826 5107; x_wconf 78' lang='lat' dir='ltr'><strong>Raptor-es</strong></span> <span class='ocrx_word' id='word_1_550' title='bbox 868 5057 988 5095; x_wconf 89' lang='lat' dir='ltr'><strong>vero</strong></span> <span class='ocrx_word' id='word_1_551' title='bbox 1022 5041 1235 5107; x_wconf 89' lang='lat' dir='ltr'><strong>talium,</strong></span> <span class='ocrx_word' id='word_1_552' title='bbox 1276 5042 1353 5095; x_wconf 88' lang='lat' dir='ltr'><strong>vel</strong></span> <span class='ocrx_word' id='word_1_553' title='bbox 1401 5042 1573 5111; x_wconf 85' lang='lat' dir='ltr'><strong>ipsam</strong></span> <span class='ocrx_word' id='word_1_554' title='bbox 1624 5041 1749 5095; x_wconf 88' lang='lat' dir='ltr'><strong>talis</strong></span> 
     </span>
    </p>
   </div>
   <div class='ocr_carea' id='block_1_91' title="bbox 151 5112 1638 5185">
    <p class='ocr_par' dir='ltr' id='par_1_91' title="bbox 151 5112 1638 5185">
     <span class='ocr_line' id='line_1_94' title="bbox 151 5112 1638 5185; baseline 0.001 -20"><span class='ocrx_word' id='word_1_555' title='bbox 151 5114 505 5185; x_wconf 67' lang='lat' dir='ltr'><strong>professionis</strong></span> <span class='ocrx_word' id='word_1_556' title='bbox 532 5113 887 5185; x_wconf 86' lang='lat' dir='ltr'><strong>desertricem,</strong></span> <span class='ocrx_word' id='word_1_557' title='bbox 915 5113 1233 5185; x_wconf 77' lang='lat' dir='ltr'><strong>meritoesse</strong></span> <span class='ocrx_word' id='word_1_558' title='bbox 1258 5112 1638 5166; x_wconf 85' lang='lat' dir='ltr'><strong>damnandam.</strong></span> 
     </span>
    </p>
   </div>
   <div class='ocr_carea' id='block_1_92' title="bbox 236 5182 1747 5253">
    <p class='ocr_par' dir='ltr' id='par_1_92' title="bbox 236 5182 1747 5253">
     <span class='ocr_line' id='line_1_95' title="bbox 236 5182 1747 5253; baseline -0.001 -15"><span class='ocrx_word' id='word_1_559' title='bbox 236 5182 340 5238; x_wconf 87' lang='lat' dir='ltr'><strong>Ubi</strong></span> <span class='ocrx_word' id='word_1_560' title='bbox 389 5183 733 5237; x_wconf 85' lang='lat' dir='ltr'><strong>indicandam</strong></span> <span class='ocrx_word' id='word_1_561' title='bbox 778 5191 1012 5253; x_wconf 77' lang='lat' dir='ltr'><strong>exponet</strong></span> <span class='ocrx_word' id='word_1_562' title='bbox 1058 5183 1230 5237; x_wconf 88' lang='lat' dir='ltr'><strong>alius:</strong></span> <span class='ocrx_word' id='word_1_563' title='bbox 1265 5198 1365 5253; x_wconf 84' lang='lat' dir='ltr'><strong>ego</strong></span> <span class='ocrx_word' id='word_1_564' title='bbox 1412 5191 1590 5236; x_wconf 88' lang='lat' dir='ltr'><strong>autem</strong></span> <span class='ocrx_word' id='word_1_565' title='bbox 1622 5198 1747 5236; x_wconf 87' lang='lat' dir='ltr'><strong>mu-</strong></span> 
     </span>
    </p>
   </div>
   <div class='ocr_carea' id='block_1_93' title="bbox 153 5253 1744 5323">
    <p class='ocr_par' dir='ltr' id='par_1_93' title="bbox 153 5253 1744 5323">
     <span class='ocr_line' id='line_1_96' title="bbox 153 5253 1744 5323; baseline -0.001 -14"><span class='ocrx_word' id='word_1_566' title='bbox 153 5256 293 5309; x_wconf 86' lang='lat' dir='ltr'><strong>tabo</strong></span> <span class='ocrx_word' id='word_1_567' title='bbox 327 5256 382 5309; x_wconf 88' lang='lat' dir='ltr'><strong>in</strong></span> <span class='ocrx_word' id='word_1_568' title='bbox 410 5254 805 5315; x_wconf 82' lang='lat' dir='ltr'><strong>vindicandam,</strong></span> <span class='ocrx_word' id='word_1_569' title='bbox 852 5253 1012 5323; x_wconf 88' lang='lat' dir='ltr'><strong>cujus</strong></span> <span class='ocrx_word' id='word_1_570' title='bbox 1054 5254 1175 5308; x_wconf 87' lang='lat' dir='ltr'><strong>loco</strong></span> <span class='ocrx_word' id='word_1_571' title='bbox 1210 5262 1418 5308; x_wconf 65' lang='lat' dir='ltr'><strong>cazterze</strong></span> <span class='ocrx_word' id='word_1_572' title='bbox 1455 5254 1744 5315; x_wconf 83' lang='lat' dir='ltr'><strong>editiones,</strong></span> 
     </span>
    </p>
   </div>
   <div class='ocr_carea' id='block_1_94' title="bbox 154 5324 1745 5393">
    <p class='ocr_par' dir='ltr' id='par_1_94' title="bbox 154 5324 1745 5393">
     <span class='ocr_line' id='line_1_97' title="bbox 154 5324 1745 5393; baseline -0.001 -12"><span class='ocrx_word' id='word_1_573' title='bbox 154 5342 267 5382; x_wconf 80' lang='lat' dir='ltr'><strong>non</strong></span> <span class='ocrx_word' id='word_1_574' title='bbox 299 5340 410 5379; x_wconf 85' lang='lat' dir='ltr'><strong>esse</strong></span> <span class='ocrx_word' id='word_1_575' title='bbox 446 5324 783 5386; x_wconf 85' lang='lat' dir='ltr'><strong>violandam;</strong></span> <span class='ocrx_word' id='word_1_576' title='bbox 817 5324 1116 5393; x_wconf 72' lang='lat' dir='ltr'><strong>legumque,</strong></span> <span class='ocrx_word' id='word_1_577' title='bbox 1144 5325 1390 5393; x_wconf 86' lang='lat' dir='ltr'><strong>imposita</strong></span> <span class='ocrx_word' id='word_1_578' title='bbox 1419 5324 1483 5378; x_wconf 90' lang='lat' dir='ltr'><strong>ab</strong></span> <span class='ocrx_word' id='word_1_579' title='bbox 1508 5326 1745 5393; x_wconf 87' lang='lat' dir='ltr'><strong>episcopo</strong></span> 
     </span>
    </p>
   </div>
   <div class='ocr_carea' id='block_1_95' title="bbox 154 5394 1147 5459">
    <p class='ocr_par' dir='ltr' id='par_1_95' title="bbox 154 5394 1147 5459">
     <span class='ocr_line' id='line_1_98' title="bbox 154 5394 1147 5459; baseline -0.002 -8"><span class='ocrx_word' id='word_1_580' title='bbox 154 5404 302 5451; x_wconf 83' lang='lat' dir='ltr'><strong>veste</strong></span> <span class='ocrx_word' id='word_1_581' title='bbox 328 5395 548 5459; x_wconf 83' lang='lat' dir='ltr'><strong>viduali,</strong></span> <span class='ocrx_word' id='word_1_582' title='bbox 585 5394 976 5449; x_wconf 87' lang='lat' dir='ltr'><strong>vindicandam.</strong></span> <span class='ocrx_word' id='word_1_583' title='bbox 1009 5394 1147 5449; x_wconf 69' lang='lat' dir='ltr'><strong>Cor.</strong></span> 
     </span>
    </p>
   </div>
   <div class='ocr_carea' id='block_1_96' title="bbox 236 5465 1743 5539">
    <p class='ocr_par' dir='ltr' id='par_1_96' title="bbox 236 5465 1743 5539">
     <span class='ocr_line' id='line_1_99' title="bbox 236 5465 1743 5539; baseline 0.002 -20"><span class='ocrx_word' id='word_1_584' title='bbox 236 5465 350 5534; x_wconf 83' lang='lat'><strong>(97)</strong></span> <span class='ocrx_word' id='word_1_585' title='bbox 378 5465 875 5539; x_wconf 64' lang='lat' dir='ltr'><strong>ZvWé._Lectio</strong></span> <span class='ocrx_word' id='word_1_586' title='bbox 901 5465 1137 5529; x_wconf 87' lang='lat' dir='ltr'><strong>diversa,</strong></span> <span class='ocrx_word' id='word_1_587' title='bbox 1171 5469 1474 5538; x_wconf 85' lang='grc' dir='ltr'>συνηγορεῖ,</span> <span class='ocrx_word' id='word_1_588' title='bbox 1489 5479 1743 5539; x_wconf 86' lang='lat' dir='ltr'><strong>corrupta</strong></span> 
     </span>
    </p>
   </div>
   <div class='ocr_carea' id='block_1_97' title="bbox 152 5535 743 5607">
    <p class='ocr_par' dir='ltr' id='par_1_97' title="bbox 152 5535 743 5607">
     <span class='ocr_line' id='line_1_100' title="bbox 152 5535 743 5607; baseline -0.003 -14"><span class='ocrx_word' id='word_1_589' title='bbox 152 5544 246 5593; x_wconf 87' lang='lat' dir='ltr'><strong>est</strong></span> <span class='ocrx_word' id='word_1_590' title='bbox 268 5552 334 5607; x_wconf 78' lang='lat' dir='ltr'><strong>ex</strong></span> <span class='ocrx_word' id='word_1_591' title='bbox 364 5538 642 5607; x_wconf 69' lang='grc' dir='ltr'>συγγηρεῖ.</span> <span class='ocrx_word' id='word_1_592' title='bbox 666 5535 743 5607; x_wconf 79' lang='lat' dir='ltr'><strong>Iv.</strong></span> 
     </span>
    </p>
   </div>
   <div class='ocr_carea' id='block_1_98' title="bbox 236 5605 1743 5676">
    <p class='ocr_par' dir='ltr' id='par_1_98' title="bbox 236 5605 1743 5676">
     <span class='ocr_line' id='line_1_101' title="bbox 236 5605 1743 5676; baseline 0.001 -17"><span class='ocrx_word' id='word_1_593' title='bbox 236 5605 348 5676; x_wconf 89' lang='lat'><strong>(98)</strong></span> <span class='ocrx_word' id='word_1_594' title='bbox 394 5606 447 5676; x_wconf 82' lang='grc' dir='ltr'><em>Ὀ</em></span> <span class='ocrx_word' id='word_1_595' title='bbox 476 5605 675 5672; x_wconf 76' lang='grc' dir='ltr'>αὐτός.</span> <span class='ocrx_word' id='word_1_596' title='bbox 713 5606 804 5660; x_wconf 74' lang='lat' dir='ltr'><strong>Han</strong></span> <span class='ocrx_word' id='word_1_597' title='bbox 827 5613 881 5661; x_wconf 88' lang='lat' dir='ltr'><strong>et</strong></span> <span class='ocrx_word' id='word_1_598' title='bbox 904 5614 1017 5661; x_wconf 89' lang='lat' dir='ltr'><strong>tres</strong></span> <span class='ocrx_word' id='word_1_599' title='bbox 1044 5612 1333 5676; x_wconf 87' lang='lat' dir='ltr'><strong>sequentes</strong></span> <span class='ocrx_word' id='word_1_600' title='bbox 1356 5621 1517 5663; x_wconf 87' lang='lat' dir='ltr'><strong>voces</strong></span> <span class='ocrx_word' id='word_1_601' title='bbox 1539 5608 1743 5662; x_wconf 84' lang='lat' dir='ltr'><strong>abSunt</strong></span> 
     </span>
    </p>
   </div>
   <div class='ocr_carea' id='block_1_99' title="bbox 158 5675 772 5733">
    <p class='ocr_par' dir='ltr' id='par_1_99' title="bbox 158 5675 772 5733">
     <span class='ocr_line' id='line_1_102' title="bbox 158 5675 772 5733; baseline -0.003 0"><span class='ocrx_word' id='word_1_602' title='bbox 158 5678 219 5733; x_wconf 91' lang='lat' dir='ltr'><strong>in</strong></span> <span class='ocrx_word' id='word_1_603' title='bbox 249 5678 375 5733; x_wconf 82' lang='lat' dir='ltr'><strong>cod.</strong></span> <span class='ocrx_word' id='word_1_604' title='bbox 410 5675 571 5731; x_wconf 80' lang='lat' dir='ltr'><strong>Vind.</strong></span> <span class='ocrx_word' id='word_1_605' title='bbox 601 5676 772 5731; x_wconf 79' lang='lat' dir='ltr'><strong>CLER.</strong></span> 
     </span>
    </p>
   </div>
   <div class='ocr_carea' id='block_1_100' title="bbox 235 5745 1741 5819">
    <p class='ocr_par' dir='ltr' id='par_1_100' title="bbox 235 5745 1741 5819">
     <span class='ocr_line' id='line_1_103' title="bbox 235 5745 1741 5819; baseline 0.002 -19"><span class='ocrx_word' id='word_1_606' title='bbox 235 5747 347 5816; x_wconf 88' lang='lat'><strong>(99)</strong></span> <span class='ocrx_word' id='word_1_607' title='bbox 388 5746 792 5819; x_wconf 41' lang='lat' dir='ltr'><strong>&#39;Efrtopmo&#39;rriq.</strong></span> <span class='ocrx_word' id='word_1_608' title='bbox 821 5745 977 5819; x_wconf 83' lang='lat' dir='ltr'><strong>lni_tio</strong></span> <span class='ocrx_word' id='word_1_609' title='bbox 1000 5746 1365 5819; x_wconf 74' lang='lat' dir='ltr'><strong>fungebantur</strong></span> <span class='ocrx_word' id='word_1_610' title='bbox 1389 5748 1492 5802; x_wconf 85' lang='lat' dir='ltr'><strong>hoc</strong></span> <span class='ocrx_word' id='word_1_611' title='bbox 1516 5763 1741 5803; x_wconf 87' lang='lat' dir='ltr'><strong>munere</strong></span> 
     </span>
    </p>
   </div>
   <div class='ocr_carea' id='block_1_101' title="bbox 159 5816 1734 5886">
    <p class='ocr_par' dir='ltr' id='par_1_101' title="bbox 159 5816 1734 5886">
     <span class='ocr_line' id='line_1_104' title="bbox 159 5816 1734 5886; baseline 0.001 -13"><span class='ocrx_word' id='word_1_612' title='bbox 159 5832 361 5874; x_wconf 84' lang='lat' dir='ltr'><strong>omnes</strong></span> <span class='ocrx_word' id='word_1_613' title='bbox 407 5817 724 5875; x_wconf 77' lang='lat' dir='ltr'><strong>Christiani.</strong></span> <span class='ocrx_word' id='word_1_614' title='bbox 771 5817 831 5871; x_wconf 90' lang='lat' dir='ltr'><strong>In</strong></span> <span class='ocrx_word' id='word_1_615' title='bbox 876 5816 1211 5874; x_wconf 75' lang='lat' dir='ltr'><strong>Tertulliano</strong></span> <span class='ocrx_word' id='word_1_616' title='bbox 1254 5818 1331 5873; x_wconf 87' lang='lat' dir='ltr'><strong>De</strong></span> <span class='ocrx_word' id='word_1_617' title='bbox 1392 5819 1734 5886; x_wconf 77' lang='lat' dir='ltr'><strong>idololatria,</strong></span> 
     </span>
    </p>
   </div>
   <div class='ocr_carea' id='block_1_102' title="bbox 1853 4055 3428 4129">
    <p class='ocr_par' dir='ltr' id='par_1_102' title="bbox 1853 4055 3428 4129">
     <span class='ocr_line' id='line_1_105' title="bbox 1853 4055 3428 4129; baseline 0.003 -20"><span class='ocrx_word' id='word_1_618' title='bbox 1853 4071 1976 4124; x_wconf 86' lang='lat' dir='ltr'><strong>cap.</strong></span> <span class='ocrx_word' id='word_1_619' title='bbox 2001 4056 2059 4129; x_wconf 71' lang='grc' dir='ltr'>Η</span> <span class='ocrx_word' id='word_1_620' title='bbox 2084 4076 2097 4111; x_wconf 89' lang='lat'><strong>:</strong></span> <span class='ocrx_word' id='word_1_621' title='bbox 2118 4055 2234 4129; x_wconf 84' lang='lat' dir='ltr'><strong>Quo</strong></span> <span class='ocrx_word' id='word_1_622' title='bbox 2251 4074 2340 4113; x_wconf 89' lang='lat' dir='ltr'><strong>ore</strong></span> <span class='ocrx_word' id='word_1_623' title='bbox 2359 4056 2698 4111; x_wconf 81' lang='lat' dir='ltr'><strong>Christianus</strong></span> <span class='ocrx_word' id='word_1_624' title='bbox 2724 4056 3021 4116; x_wconf 83' lang='lat' dir='ltr'><strong>thurarius,</strong></span> <span class='ocrx_word' id='word_1_625' title='bbox 3048 4057 3096 4109; x_wconf 89' lang='lat' dir='ltr'><strong>si</strong></span> <span class='ocrx_word' id='word_1_626' title='bbox 3115 4072 3207 4123; x_wconf 86' lang='lat' dir='ltr'><strong>per</strong></span> <span class='ocrx_word' id='word_1_627' title='bbox 3232 4059 3428 4129; x_wconf 84' lang='lat' dir='ltr'><strong>templa</strong></span> 
     </span>
    </p>
   </div>
   <div class='ocr_carea' id='block_1_103' title="bbox 1852 4127 3423 4197">
    <p class='ocr_par' dir='ltr' id='par_1_103' title="bbox 1852 4127 3423 4197">
     <span class='ocr_line' id='line_1_106' title="bbox 1852 4127 3423 4197; baseline 0.002 -18"><span class='ocrx_word' id='word_1_628' title='bbox 1852 4127 2125 4191; x_wconf 83' lang='lat' dir='ltr'><strong>transibit,</strong></span> <span class='ocrx_word' id='word_1_629' title='bbox 2159 4128 2423 4196; x_wconf 82' lang='lat' dir='ltr'><strong>fumantes</strong></span> <span class='ocrx_word' id='word_1_630' title='bbox 2456 4146 2583 4181; x_wconf 89' lang='lat' dir='ltr'><strong>aras</strong></span> <span class='ocrx_word' id='word_1_631' title='bbox 2614 4128 2844 4196; x_wconf 75' lang='lat' dir='ltr'><strong>despuat,</strong></span> <span class='ocrx_word' id='word_1_632' title='bbox 2878 4138 2926 4180; x_wconf 89' lang='lat' dir='ltr'><strong>et</strong></span> <span class='ocrx_word' id='word_1_633' title='bbox 2954 4129 3267 4197; x_wconf 70' lang='lat' dir='ltr'><strong>crsu/flabit.</strong></span> <span class='ocrx_word' id='word_1_634' title='bbox 3306 4127 3423 4197; x_wconf 86' lang='lat' dir='ltr'><strong>qui-</strong></span> 
     </span>
    </p>
   </div>
   <div class='ocr_carea' id='block_1_104' title="bbox 1852 4198 3425 4268">
    <p class='ocr_par' dir='ltr' id='par_1_104' title="bbox 1852 4198 3425 4268">
     <span class='ocr_line' id='line_1_107' title="bbox 1852 4198 3425 4268; baseline 0.001 -19"><span class='ocrx_word' id='word_1_635' title='bbox 1852 4204 1947 4250; x_wconf 88' lang='lat' dir='ltr'><strong>bus</strong></span> <span class='ocrx_word' id='word_1_636' title='bbox 1978 4199 2085 4266; x_wconf 84' lang='lat' dir='ltr'><strong>ipse</strong></span> <span class='ocrx_word' id='word_1_637' title='bbox 2114 4201 2422 4266; x_wconf 69' lang='lat' dir='ltr'><strong>prospexit?</strong></span> <span class='ocrx_word' id='word_1_638' title='bbox 2450 4216 2554 4268; x_wconf 87' lang='lat' dir='ltr'><strong>qua</strong></span> <span class='ocrx_word' id='word_1_639' title='bbox 2583 4199 2884 4251; x_wconf 79' lang='lat' dir='ltr'><strong>constantia</strong></span> <span class='ocrx_word' id='word_1_640' title='bbox 2905 4198 3225 4251; x_wconf 73' lang='lat' dir='ltr'><strong>exorcizabit</strong></span> <span class='ocrx_word' id='word_1_641' title='bbox 3246 4200 3425 4252; x_wconf 85' lang='lat' dir='ltr'><strong>alum-</strong></span> 
     </span>
    </p>
   </div>
   <div class='ocr_carea' id='block_1_105' title="bbox 1852 4268 3428 4338">
    <p class='ocr_par' dir='ltr' id='par_1_105' title="bbox 1852 4268 3428 4338">
     <span class='ocr_line' id='line_1_108' title="bbox 1852 4268 3428 4338; baseline 0.003 -18"><span class='ocrx_word' id='word_1_642' title='bbox 1852 4284 1946 4338; x_wconf 77' lang='lat' dir='ltr'><strong>nos</strong></span> <span class='ocrx_word' id='word_1_643' title='bbox 1991 4284 2146 4332; x_wconf 90' lang='lat' dir='ltr'><strong>suos,</strong></span> <span class='ocrx_word' id='word_1_644' title='bbox 2188 4270 2375 4338; x_wconf 86' lang='lat' dir='ltr'><strong>quibus</strong></span> <span class='ocrx_word' id='word_1_645' title='bbox 2420 4270 2631 4321; x_wconf 89' lang='lat' dir='ltr'><strong>domum</strong></span> <span class='ocrx_word' id='word_1_646' title='bbox 2665 4284 2814 4319; x_wconf 83' lang='lat' dir='ltr'><strong>suam</strong></span> <span class='ocrx_word' id='word_1_647' title='bbox 2858 4268 3131 4320; x_wconf 82' lang='lat' dir='ltr'><strong>cellarium</strong></span> <span class='ocrx_word' id='word_1_648' title='bbox 3160 4280 3376 4335; x_wconf 79' lang='lat' dir='ltr'><strong>prwstat</strong></span> <span class='ocrx_word' id='word_1_649' title='bbox 3401 4274 3428 4325; x_wconf 67' lang='lat'><strong>.9</strong></span> 
     </span>
    </p>
   </div>
   <div class='ocr_carea' id='block_1_106' title="bbox 1855 4336 3426 4407">
    <p class='ocr_par' dir='ltr' id='par_1_106' title="bbox 1855 4336 3426 4407">
     <span class='ocr_line' id='line_1_109' title="bbox 1855 4336 3426 4407; baseline 0.003 -17"><span class='ocrx_word' id='word_1_650' title='bbox 1855 4336 1957 4390; x_wconf 84' lang='lat' dir='ltr'><strong>Ille</strong></span> <span class='ocrx_word' id='word_1_651' title='bbox 1986 4336 2268 4407; x_wconf 31' lang='lat' dir='ltr'><strong>quidem-si</strong></span> <span class='ocrx_word' id='word_1_652' title='bbox 2291 4340 2573 4392; x_wconf 75' lang='lat' dir='ltr'><strong>excluserit</strong></span> <span class='ocrx_word' id='word_1_653' title='bbox 2602 4339 2943 4395; x_wconf 78' lang='lat' dir='ltr'><strong>dwmonium,</strong></span> <span class='ocrx_word' id='word_1_654' title='bbox 2970 4355 3072 4389; x_wconf 87' lang='lat' dir='ltr'><strong>mm</strong></span> <span class='ocrx_word' id='word_1_655' title='bbox 3097 4338 3197 4391; x_wconf 88' lang='lat' dir='ltr'><strong>sibi</strong></span> <span class='ocrx_word' id='word_1_656' title='bbox 3220 4341 3426 4407; x_wconf 79' lang='lat' dir='ltr'><strong>placeat</strong></span> 
     </span>
    </p>
   </div>
   <div class='ocr_carea' id='block_1_107' title="bbox 1852 4408 3426 4477">
    <p class='ocr_par' dir='ltr' id='par_1_107' title="bbox 1852 4408 3426 4477">
     <span class='ocr_line' id='line_1_110' title="bbox 1852 4408 3426 4477; baseline 0.002 -17"><span class='ocrx_word' id='word_1_657' title='bbox 1852 4409 1915 4462; x_wconf 87' lang='lat' dir='ltr'><strong>de</strong></span> <span class='ocrx_word' id='word_1_658' title='bbox 1946 4408 2069 4477; x_wconf 87' lang='lat' dir='ltr'><strong>ﬁde,</strong></span> <span class='ocrx_word' id='word_1_659' title='bbox 2104 4425 2263 4477; x_wconf 87' lang='lat' dir='ltr'><strong>neque</strong></span> <span class='ocrx_word' id='word_1_660' title='bbox 2288 4411 2427 4462; x_wconf 87' lang='lat' dir='ltr'><strong>enim</strong></span> <span class='ocrx_word' id='word_1_661' title='bbox 2458 4410 2727 4461; x_wconf 84' lang='lat' dir='ltr'><strong>inimicum</strong></span> <span class='ocrx_word' id='word_1_662' title='bbox 2759 4408 3021 4467; x_wconf 67' lang='lat' dir='ltr'><strong>exclusit:</strong></span> <span class='ocrx_word' id='word_1_663' title='bbox 3058 4408 3215 4475; x_wconf 80' lang='lat' dir='ltr'><strong>facile</strong></span> <span class='ocrx_word' id='word_1_664' title='bbox 3246 4410 3426 4463; x_wconf 89' lang='lat' dir='ltr'><strong>debuit</strong></span> 
     </span>
    </p>
   </div>
   <div class='ocr_carea' id='block_1_108' title="bbox 1852 4477 3425 4549">
    <p class='ocr_par' dir='ltr' id='par_1_108' title="bbox 1852 4477 3425 4549">
     <span class='ocr_line' id='line_1_111' title="bbox 1852 4477 3425 4549; baseline 0.003 -19"><span class='ocrx_word' id='word_1_665' title='bbox 1852 4480 1916 4532; x_wconf 81' lang='lat' dir='ltr'><strong>de</strong></span> <span class='ocrx_word' id='word_1_666' title='bbox 1941 4495 1999 4532; x_wconf 87' lang='lat' dir='ltr'><strong>eo</strong></span> <span class='ocrx_word' id='word_1_667' title='bbox 2029 4480 2307 4547; x_wconf 86' lang='lat' dir='ltr'><strong>impetrare</strong></span> <span class='ocrx_word' id='word_1_668' title='bbox 2336 4496 2485 4549; x_wconf 82' lang='lat' dir='ltr'><strong>quem</strong></span> <span class='ocrx_word' id='word_1_669' title='bbox 2508 4478 2735 4549; x_wconf 85' lang='lat' dir='ltr'><strong>quotidie</strong></span> <span class='ocrx_word' id='word_1_670' title='bbox 2765 4481 2953 4546; x_wconf 84' lang='lat' dir='ltr'><strong>pascit.</strong></span> <span class='ocrx_word' id='word_1_671' title='bbox 2986 4477 3155 4549; x_wconf 83' lang='lat' dir='ltr'><strong>Quem</strong></span> <span class='ocrx_word' id='word_1_672' title='bbox 3191 4480 3365 4533; x_wconf 91' lang='lat' dir='ltr'><strong>locum</strong></span> <span class='ocrx_word' id='word_1_673' title='bbox 3393 4497 3425 4535; x_wconf 95' lang='lat' dir='ltr'><strong>e</strong></span> 
     </span>
    </p>
   </div>
   <div class='ocr_carea' id='block_1_109' title="bbox 1853 4548 3423 4619">
    <p class='ocr_par' dir='ltr' id='par_1_109' title="bbox 1853 4548 3423 4619">
     <span class='ocr_line' id='line_1_112' title="bbox 1853 4548 3423 4619; baseline 0.001 -17"><span class='ocrx_word' id='word_1_674' title='bbox 1853 4550 2040 4603; x_wconf 91' lang='lat' dir='ltr'><strong>multis</strong></span> <span class='ocrx_word' id='word_1_675' title='bbox 2089 4565 2255 4603; x_wconf 89' lang='lat' dir='ltr'><strong>unutn</strong></span> <span class='ocrx_word' id='word_1_676' title='bbox 2306 4548 2492 4619; x_wconf 78' lang='lat' dir='ltr'><strong>selegi,</strong></span> <span class='ocrx_word' id='word_1_677' title='bbox 2545 4558 2603 4602; x_wconf 84' lang='lat' dir='ltr'><strong>ut</strong></span> <span class='ocrx_word' id='word_1_678' title='bbox 2649 4549 2957 4619; x_wconf 60' lang='lat' dir='ltr'><strong>indicarem</strong></span> <span class='ocrx_word' id='word_1_679' title='bbox 2996 4548 3279 4616; x_wconf 87' lang='lat' dir='ltr'><strong>cujusdam</strong></span> <span class='ocrx_word' id='word_1_680' title='bbox 3321 4550 3423 4604; x_wconf 90' lang='lat' dir='ltr'><strong>viri</strong></span> 
     </span>
    </p>
   </div>
   <div class='ocr_carea' id='block_1_110' title="bbox 1855 4615 3425 4688">
    <p class='ocr_par' dir='ltr' id='par_1_110' title="bbox 1855 4615 3425 4688">
     <span class='ocr_line' id='line_1_113' title="bbox 1855 4615 3425 4688; baseline 0 -15"><span class='ocrx_word' id='word_1_681' title='bbox 1855 4620 2003 4674; x_wconf 86' lang='lat' dir='ltr'><strong>docti</strong></span> <span class='ocrx_word' id='word_1_682' title='bbox 2029 4621 2331 4688; x_wconf 87' lang='lat' dir='ltr'><strong>jocularem</strong></span> <span class='ocrx_word' id='word_1_683' title='bbox 2378 4615 2618 4675; x_wconf 72' lang='lat' dir='ltr'><strong>errorem</strong></span> <span class='ocrx_word' id='word_1_684' title='bbox 2663 4638 2675 4673; x_wconf 88' lang='lat'>:</span> <span class='ocrx_word' id='word_1_685' title='bbox 2724 4618 2867 4688; x_wconf 88' lang='lat' dir='ltr'><strong>quod</strong></span> <span class='ocrx_word' id='word_1_686' title='bbox 2915 4615 3281 4675; x_wconf 81' lang='lat' dir='ltr'><strong>Tertullianus</strong></span> <span class='ocrx_word' id='word_1_687' title='bbox 3314 4621 3425 4673; x_wconf 88' lang='lat' dir='ltr'><strong>illic</strong></span> 
     </span>
    </p>
   </div>
   <div class='ocr_carea' id='block_1_111' title="bbox 1854 4689 3424 4771">
    <p class='ocr_par' dir='ltr' id='par_1_111' title="bbox 1854 4689 3424 4771">
     <span class='ocr_line' id='line_1_114' title="bbox 1854 4689 3424 4771; baseline 0.002 -27"><span class='ocrx_word' id='word_1_688' title='bbox 1854 4689 2087 4771; x_wconf 68' lang='lat' dir='ltr'><strong>doceat,</strong></span> <span class='ocrx_word' id='word_1_689' title='bbox 2138 4691 2330 4771; x_wconf 79' lang='lat' dir='ltr'><strong>solitos</strong></span> <span class='ocrx_word' id='word_1_690' title='bbox 2379 4689 2759 4771; x_wconf 40' lang='lat' dir='ltr'><strong>a‘parentibuns</strong></span> <span class='ocrx_word' id='word_1_691' title='bbox 2809 4689 3106 4771; x_wconf 72' lang='lat' dir='ltr'><strong>exorcizarj</strong></span> <span class='ocrx_word' id='word_1_692' title='bbox 3169 4691 3424 4771; x_wconf 68' lang='lat' dir='ltr'><strong>proprios</strong></span> 
     </span>
    </p>
   </div>
   <div class='ocr_carea' id='block_1_112' title="bbox 1856 4758 3416 4830">
    <p class='ocr_par' dir='ltr' id='par_1_112' title="bbox 1856 4758 3416 4830">
     <span class='ocr_line' id='line_1_115' title="bbox 1856 4758 3416 4830; baseline 0 -17"><span class='ocrx_word' id='word_1_693' title='bbox 1856 4760 1996 4817; x_wconf 82' lang='lat' dir='ltr'><strong>ﬁlios</strong></span> <span class='ocrx_word' id='word_1_694' title='bbox 2031 4780 2042 4815; x_wconf 93' lang='lat'>:</span> <span class='ocrx_word' id='word_1_695' title='bbox 2077 4762 2233 4830; x_wconf 86' lang='lat' dir='ltr'><strong>quasi</strong></span> <span class='ocrx_word' id='word_1_696' title='bbox 2261 4775 2355 4829; x_wconf 91' lang='lat' dir='ltr'><strong>per</strong></span> <span class='ocrx_word' id='word_1_697' title='bbox 2383 4758 2646 4821; x_wconf 81' lang='lat' dir='ltr'><strong>alumnos,</strong></span> <span class='ocrx_word' id='word_1_698' title='bbox 2682 4758 3310 4830; x_wconf 75' lang='lat' dir='ltr'><strong>Afrorumdoctissimus</strong></span> <span class='ocrx_word' id='word_1_699' title='bbox 3341 4762 3416 4830; x_wconf 51' lang='lat' dir='ltr'><strong>ins</strong></span> 
     </span>
    </p>
   </div>
   <div class='ocr_carea' id='block_1_113' title="bbox 1854 4829 3425 4901">
    <p class='ocr_par' dir='ltr' id='par_1_113' title="bbox 1854 4829 3425 4901">
     <span class='ocr_line' id='line_1_116' title="bbox 1854 4829 3425 4901; baseline -0.001 -17"><span class='ocrx_word' id='word_1_700' title='bbox 1854 4829 2122 4901; x_wconf 80' lang='lat' dir='ltr'><strong>telligeret</strong></span> <span class='ocrx_word' id='word_1_701' title='bbox 2169 4833 2401 4897; x_wconf 84' lang='lat' dir='ltr'><strong>liberos;</strong></span> <span class='ocrx_word' id='word_1_702' title='bbox 2450 4848 2572 4884; x_wconf 89' lang='lat' dir='ltr'><strong>cum</strong></span> <span class='ocrx_word' id='word_1_703' title='bbox 2610 4832 2681 4883; x_wconf 86' lang='lat' dir='ltr'><strong>ita</strong></span> <span class='ocrx_word' id='word_1_704' title='bbox 2721 4840 2889 4901; x_wconf 80' lang='lat' dir='ltr'><strong>vocet</strong></span> <span class='ocrx_word' id='word_1_705' title='bbox 2924 4829 3228 4901; x_wconf 64' lang='lat' dir='ltr'><strong>daemones,</strong></span> <span class='ocrx_word' id='word_1_706' title='bbox 3279 4829 3425 4901; x_wconf 87' lang='lat' dir='ltr'><strong>quod</strong></span> 
     </span>
    </p>
   </div>
   <div class='ocr_carea' id='block_1_114' title="bbox 1852 4899 3423 4971">
    <p class='ocr_par' dir='ltr' id='par_1_114' title="bbox 1852 4899 3423 4971">
     <span class='ocr_line' id='line_1_117' title="bbox 1852 4899 3423 4971; baseline -0.002 -14"><span class='ocrx_word' id='word_1_707' title='bbox 1852 4899 2129 4957; x_wconf 71' lang='lat' dir='ltr'><strong>mercibus</strong></span> <span class='ocrx_word' id='word_1_708' title='bbox 2162 4903 2389 4957; x_wconf 85' lang='lat' dir='ltr'><strong>thurarii</strong></span> <span class='ocrx_word' id='word_1_709' title='bbox 2423 4910 2796 4971; x_wconf 87' lang='lat' dir='ltr'><strong>pascerentur.</strong></span> <span class='ocrx_word' id='word_1_710' title='bbox 2841 4900 2987 4952; x_wconf 84' lang='lat' dir='ltr'><strong>Idem</strong></span> <span class='ocrx_word' id='word_1_711' title='bbox 3019 4899 3315 4969; x_wconf 85' lang='lat' dir='ltr'><strong>Septimius</strong></span> <span class='ocrx_word' id='word_1_712' title='bbox 3347 4900 3423 4954; x_wconf 89' lang='lat' dir='ltr'><strong>De</strong></span> 
     </span>
    </p>
   </div>
   <div class='ocr_carea' id='block_1_115' title="bbox 1849 4971 3419 5043">
    <p class='ocr_par' dir='ltr' id='par_1_115' title="bbox 1849 4971 3419 5043">
     <span class='ocr_line' id='line_1_118' title="bbox 1849 4971 3419 5043; baseline -0.001 -18"><span class='ocrx_word' id='word_1_713' title='bbox 1849 4976 2245 5043; x_wconf 77' lang='lat' dir='ltr'><strong>prtescriptione</strong></span> <span class='ocrx_word' id='word_1_714' title='bbox 2289 4973 2684 5033; x_wconf 78' lang='lat' dir='ltr'><strong>htereticorum,</strong></span> <span class='ocrx_word' id='word_1_715' title='bbox 2731 4987 2852 5041; x_wconf 86' lang='lat' dir='ltr'><strong>cap.</strong></span> <span class='ocrx_word' id='word_1_716' title='bbox 2899 4971 2987 5034; x_wconf 73' lang='grc'><strong>41,</strong></span> <span class='ocrx_word' id='word_1_717' title='bbox 3034 4971 3419 5043; x_wconf 83' lang='lat' dir='ltr'><strong>procacitatem</strong></span> 
     </span>
    </p>
   </div>
   <div class='ocr_carea' id='block_1_116' title="bbox 1852 5042 3421 5110">
    <p class='ocr_par' dir='ltr' id='par_1_116' title="bbox 1852 5042 3421 5110">
     <span class='ocr_line' id='line_1_119' title="bbox 1852 5042 3421 5110; baseline 0.001 -15"><span class='ocrx_word' id='word_1_718' title='bbox 1852 5042 2140 5099; x_wconf 85' lang='lat' dir='ltr'><strong>mulierum</strong></span> <span class='ocrx_word' id='word_1_719' title='bbox 2170 5045 2547 5097; x_wconf 67' lang='lat' dir='ltr'><strong>haereticarum</strong></span> <span class='ocrx_word' id='word_1_720' title='bbox 2578 5044 2898 5105; x_wconf 82' lang='lat' dir='ltr'><strong>insectatur,</strong></span> <span class='ocrx_word' id='word_1_721' title='bbox 2932 5057 3052 5110; x_wconf 74' lang='lat' dir='ltr'><strong>qua:</strong></span> <span class='ocrx_word' id='word_1_722' title='bbox 3081 5042 3421 5096; x_wconf 81' lang='lat' dir='ltr'><strong>exorcismos</strong></span> 
     </span>
    </p>
   </div>
   <div class='ocr_carea' id='block_1_117' title="bbox 1852 5112 3421 5183">
    <p class='ocr_par' dir='ltr' id='par_1_117' title="bbox 1852 5112 3421 5183">
     <span class='ocr_line' id='line_1_120' title="bbox 1852 5112 3421 5183; baseline -0.002 -18"><span class='ocrx_word' id='word_1_723' title='bbox 1852 5128 2013 5183; x_wconf 79' lang='lat' dir='ltr'><strong>agere</strong></span> <span class='ocrx_word' id='word_1_724' title='bbox 2044 5116 2334 5169; x_wconf 86' lang='lat' dir='ltr'><strong>audebant.</strong></span> <span class='ocrx_word' id='word_1_725' title='bbox 2366 5113 2559 5168; x_wconf 89' lang='lat' dir='ltr'><strong>Postea</strong></span> <span class='ocrx_word' id='word_1_726' title='bbox 2585 5113 2855 5167; x_wconf 87' lang='lat' dir='ltr'><strong>charisma</strong></span> <span class='ocrx_word' id='word_1_727' title='bbox 2886 5112 3189 5181; x_wconf 82' lang='lat' dir='ltr'><strong>expellendi</strong></span> <span class='ocrx_word' id='word_1_728' title='bbox 3217 5112 3421 5165; x_wconf 70' lang='lat' dir='ltr'><strong>damno-</strong></span> 
     </span>
    </p>
   </div>
   <div class='ocr_carea' id='block_1_118' title="bbox 1850 5182 3418 5256">
    <p class='ocr_par' dir='ltr' id='par_1_118' title="bbox 1850 5182 3418 5256">
     <span class='ocr_line' id='line_1_121' title="bbox 1850 5182 3418 5256; baseline -0.001 -20"><span class='ocrx_word' id='word_1_729' title='bbox 1850 5182 1948 5239; x_wconf 84' lang='lat' dir='ltr'><strong>nes</strong></span> <span class='ocrx_word' id='word_1_730' title='bbox 1981 5186 2332 5256; x_wconf 89' lang='lat' dir='ltr'><strong>paucioribus</strong></span> <span class='ocrx_word' id='word_1_731' title='bbox 2355 5200 2383 5256; x_wconf 83' lang='lat' dir='ltr'><strong>a</strong></span> <span class='ocrx_word' id='word_1_732' title='bbox 2407 5184 2515 5239; x_wconf 90' lang='lat' dir='ltr'><strong>Deo</strong></span> <span class='ocrx_word' id='word_1_733' title='bbox 2538 5198 2860 5256; x_wconf 78' lang='lat' dir='ltr'><strong>concessum</strong></span> <span class='ocrx_word' id='word_1_734' title='bbox 2890 5191 2994 5247; x_wconf 90' lang='lat' dir='ltr'><strong>est,</strong></span> <span class='ocrx_word' id='word_1_735' title='bbox 3019 5183 3134 5236; x_wconf 86' lang='lat' dir='ltr'><strong>sive</strong></span> <span class='ocrx_word' id='word_1_736' title='bbox 3158 5198 3222 5256; x_wconf 63' lang='lat' dir='ltr'><strong>ei:</strong></span> <span class='ocrx_word' id='word_1_737' title='bbox 3247 5182 3418 5256; x_wconf 83' lang='lat' dir='ltr'><strong>clero,</strong></span> 
     </span>
    </p>
   </div>
   <div class='ocr_carea' id='block_1_119' title="bbox 1850 5253 3419 5326">
    <p class='ocr_par' dir='ltr' id='par_1_119' title="bbox 1850 5253 3419 5326">
     <span class='ocr_line' id='line_1_122' title="bbox 1850 5253 3419 5326; baseline -0.003 -17"><span class='ocrx_word' id='word_1_738' title='bbox 1850 5256 1965 5310; x_wconf 84' lang='lat' dir='ltr'><strong>sive</strong></span> <span class='ocrx_word' id='word_1_739' title='bbox 1982 5253 2059 5310; x_wconf 55' lang='lat' dir='ltr'><strong>&#39;de</strong></span> <span class='ocrx_word' id='word_1_740' title='bbox 2092 5257 2247 5325; x_wconf 88' lang='lat' dir='ltr'><strong>plebe</strong></span> <span class='ocrx_word' id='word_1_741' title='bbox 2291 5275 2302 5309; x_wconf 89' lang='lat'>:</span> <span class='ocrx_word' id='word_1_742' title='bbox 2343 5254 2607 5326; x_wconf 87' lang='lat' dir='ltr'><strong>Origenes</strong></span> <span class='ocrx_word' id='word_1_743' title='bbox 2629 5293 2643 5313; x_wconf 90' lang='lat'><strong>,</strong></span> <span class='ocrx_word' id='word_1_744' title='bbox 2679 5255 2771 5326; x_wconf 69' lang='lat' dir='ltr'><strong>lib,</strong></span> <span class='ocrx_word' id='word_1_745' title='bbox 2812 5270 2920 5315; x_wconf 84' lang='lat' dir='ltr'><strong>vn,</strong></span> <span class='ocrx_word' id='word_1_746' title='bbox 2954 5262 3136 5326; x_wconf 85' lang='lat' dir='ltr'><strong>contra</strong></span> <span class='ocrx_word' id='word_1_747' title='bbox 3166 5253 3375 5326; x_wconf 77' lang='lat' dir='ltr'><strong>Celsum</strong></span> <span class='ocrx_word' id='word_1_748' title='bbox 3401 5293 3419 5315; x_wconf 87' lang='lat'><strong>,</strong></span> 
     </span>
    </p>
   </div>
   <div class='ocr_carea' id='block_1_120' title="bbox 1849 5324 3419 5395">
    <p class='ocr_par' dir='ltr' id='par_1_120' title="bbox 1849 5324 3419 5395">
     <span class='ocr_line' id='line_1_123' title="bbox 1849 5324 3419 5395; baseline -0.001 -17"><span class='ocrx_word' id='word_1_749' title='bbox 1849 5327 2011 5393; x_wconf 87' lang='lat' dir='ltr'><strong>paulo</strong></span> <span class='ocrx_word' id='word_1_750' title='bbox 2060 5324 2182 5395; x_wconf 84' lang='lat' dir='ltr'><strong>post</strong></span> <span class='ocrx_word' id='word_1_751' title='bbox 2229 5324 2465 5380; x_wconf 71' lang='lat' dir='ltr'><strong>initium.</strong></span> <span class='ocrx_word' id='word_1_752' title='bbox 2539 5326 2713 5392; x_wconf 84' lang='lat' dir='ltr'><strong>Atque</strong></span> <span class='ocrx_word' id='word_1_753' title='bbox 2759 5325 2858 5378; x_wconf 90' lang='lat' dir='ltr'><strong>hos</strong></span> <span class='ocrx_word' id='word_1_754' title='bbox 2906 5325 3052 5378; x_wconf 90' lang='lat' dir='ltr'><strong>solos</strong></span> <span class='ocrx_word' id='word_1_755' title='bbox 3113 5324 3419 5377; x_wconf 82' lang='lat' dir='ltr'><strong>exorcistas</strong></span> 
     </span>
    </p>
   </div>
   <div class='ocr_carea' id='block_1_121' title="bbox 1848 5394 3418 5465">
    <p class='ocr_par' dir='ltr' id='par_1_121' title="bbox 1848 5394 3418 5465">
     <span class='ocr_line' id='line_1_124' title="bbox 1848 5394 3418 5465; baseline -0.003 -17"><span class='ocrx_word' id='word_1_756' title='bbox 1848 5394 2177 5465; x_wconf 80' lang='lat' dir='ltr'><strong>agnoscebat</strong></span> <span class='ocrx_word' id='word_1_757' title='bbox 2218 5396 2459 5449; x_wconf 85' lang='lat' dir='ltr'><strong>Ecclesia</strong></span> <span class='ocrx_word' id='word_1_758' title='bbox 2502 5395 3033 5464; x_wconf 78' lang='lat' dir='ltr'><strong>pseudo-Clementis</strong></span> <span class='ocrx_word' id='word_1_759' title='bbox 3074 5394 3284 5457; x_wconf 92' lang='lat' dir='ltr'><strong>nostri,</strong></span> <span class='ocrx_word' id='word_1_760' title='bbox 3322 5407 3418 5465; x_wconf 87' lang='lat' dir='ltr'><strong>ea-</strong></span> 
     </span>
    </p>
   </div>
   <div class='ocr_carea' id='block_1_122' title="bbox 1846 5463 3417 5537">
    <p class='ocr_par' dir='ltr' id='par_1_122' title="bbox 1846 5463 3417 5537">
     <span class='ocr_line' id='line_1_125' title="bbox 1846 5463 3417 5537; baseline 0 -20"><span class='ocrx_word' id='word_1_761' title='bbox 1846 5463 1995 5528; x_wconf 79' lang='lat' dir='ltr'><strong>réns.</strong></span> <span class='ocrx_word' id='word_1_762' title='bbox 2021 5469 2194 5522; x_wconf 86' lang='lat' dir='ltr'><strong>instar</strong></span> <span class='ocrx_word' id='word_1_763' title='bbox 2211 5463 2592 5537; x_wconf 86' lang='lat' dir='ltr'><strong>plurimarum,</strong></span> <span class='ocrx_word' id='word_1_764' title='bbox 2611 5465 2900 5521; x_wconf 81' lang='lat' dir='ltr'><strong>exorcistis</strong></span> <span class='ocrx_word' id='word_1_765' title='bbox 2924 5472 3070 5519; x_wconf 89' lang='lat' dir='ltr'><strong>certo</strong></span> <span class='ocrx_word' id='word_1_766' title='bbox 3090 5479 3288 5527; x_wconf 82' lang='lat' dir='ltr'><strong>genere</strong></span> <span class='ocrx_word' id='word_1_767' title='bbox 3308 5463 3417 5517; x_wconf 82' lang='lat' dir='ltr'><strong>cle-</strong></span> 
     </span>
    </p>
   </div>
   <div class='ocr_carea' id='block_1_123' title="bbox 1845 5537 2271 5592">
    <p class='ocr_par' dir='ltr' id='par_1_123' title="bbox 1845 5537 2271 5592">
     <span class='ocr_line' id='line_1_126' title="bbox 1845 5537 2271 5592; baseline 0.005 -2"><span class='ocrx_word' id='word_1_768' title='bbox 1845 5537 2102 5592; x_wconf 90' lang='lat' dir='ltr'><strong>rieorum.</strong></span> <span class='ocrx_word' id='word_1_769' title='bbox 2136 5539 2271 5592; x_wconf 81' lang='lat' dir='ltr'><strong>Cor.</strong></span> 
     </span>
    </p>
   </div>
   <div class='ocr_carea' id='block_1_124' title="bbox 1918 5600 3417 5679">
    <p class='ocr_par' dir='ltr' id='par_1_124' title="bbox 1918 5600 3417 5679">
     <span class='ocr_line' id='line_1_127' title="bbox 1918 5600 3417 5679; baseline -0.002 -19"><span class='ocrx_word' id='word_1_770' title='bbox 1918 5608 2064 5679; x_wconf 84' lang='grc' dir='ltr'>(ΙΟΟ)</span> <span class='ocrx_word' id='word_1_771' title='bbox 2104 5609 2320 5676; x_wconf 70' lang='grc' dir='ltr'>Σίμων,</span> <span class='ocrx_word' id='word_1_772' title='bbox 2352 5617 2465 5679; x_wconf 72' lang='lat' dir='ltr'><strong>etc.</strong></span> <span class='ocrx_word' id='word_1_773' title='bbox 2489 5606 2645 5662; x_wconf 81' lang='lat' dir='ltr'><strong>Deest</strong></span> <span class='ocrx_word' id='word_1_774' title='bbox 2673 5605 2763 5661; x_wconf 83' lang='lat' dir='ltr'><strong>hic</strong></span> <span class='ocrx_word' id='word_1_775' title='bbox 2791 5603 2980 5679; x_wconf 86' lang='lat' dir='ltr'><strong>titulus</strong></span> <span class='ocrx_word' id='word_1_776' title='bbox 3012 5603 3075 5679; x_wconf 88' lang='lat' dir='ltr'><strong>in_</strong></span> <span class='ocrx_word' id='word_1_777' title='bbox 3096 5602 3219 5679; x_wconf 77' lang='lat' dir='ltr'><strong>eod.</strong></span> <span class='ocrx_word' id='word_1_778' title='bbox 3252 5600 3417 5679; x_wconf 52' lang='lat' dir='ltr'><strong>VZituI.</strong></span> 
     </span>
    </p>
   </div>
   <div class='ocr_carea' id='block_1_125' title="bbox 1849 5672 3409 5748">
    <p class='ocr_par' dir='ltr' id='par_1_125' title="bbox 1849 5672 3409 5748">
     <span class='ocr_line' id='line_1_128' title="bbox 1849 5672 3409 5748; baseline -0.004 -17"><span class='ocrx_word' id='word_1_779' title='bbox 1849 5672 1953 5733; x_wconf 86' lang='lat' dir='ltr'><strong>Sed</strong></span> <span class='ocrx_word' id='word_1_780' title='bbox 1986 5672 2107 5731; x_wconf 79' lang='lat' dir='ltr'><strong>loco</strong></span> <span class='ocrx_word' id='word_1_781' title='bbox 2134 5672 2277 5731; x_wconf 72' lang='lat' dir='ltr'><strong>tituli</strong></span> <span class='ocrx_word' id='word_1_782' title='bbox 2302 5685 2386 5733; x_wconf 90' lang='lat' dir='ltr'><strong>est</strong></span> <span class='ocrx_word' id='word_1_783' title='bbox 2410 5678 2589 5748; x_wconf 77' lang='grc' dir='ltr'>Σίμων</span> <span class='ocrx_word' id='word_1_784' title='bbox 2609 5681 2636 5731; x_wconf 95' lang='lat'><strong>6</strong></span> <span class='ocrx_word' id='word_1_785' title='bbox 2660 5676 2986 5748; x_wconf 70' lang='grc' dir='ltr'>Κανανίτης,</span> <span class='ocrx_word' id='word_1_786' title='bbox 3004 5672 3195 5748; x_wconf 22' lang='grc' dir='ltr'><strong>Δκήρᾼυξ</strong></span> <span class='ocrx_word' id='word_1_787' title='bbox 3215 5672 3309 5748; x_wconf 76' lang='grc' dir='ltr'><strong>τοῦ</strong></span> <span class='ocrx_word' id='word_1_788' title='bbox 3334 5672 3409 5725; x_wconf 89' lang='grc' dir='ltr'>λό-</span> 
     </span>
    </p>
   </div>
   <div class='ocr_carea' id='block_1_126' title="bbox 1843 5743 3419 5874">
    <p class='ocr_par' dir='ltr' id='par_1_126' title="bbox 1843 5743 3419 5874">
     <span class='ocr_line' id='line_1_129' title="bbox 1843 5743 3419 5874; baseline -0.002 -75"><span class='ocrx_word' id='word_1_789' title='bbox 1843 5766 1964 5816; x_wconf 72' lang='grc' dir='ltr'>γου,</span> <span class='ocrx_word' id='word_1_790' title='bbox 1996 5748 2217 5874; x_wconf 59' lang='grc' dir='ltr'>στοὲυᾳρ</span> <span class='ocrx_word' id='word_1_791' title='bbox 2253 5743 2578 5815; x_wconf 71' lang='grc' dir='ltr'>τελειοῦται,</span> <span class='ocrx_word' id='word_1_792' title='bbox 2618 5750 2676 5802; x_wconf 83' lang='grc' dir='ltr'><strong>έν</strong></span> <span class='ocrx_word' id='word_1_793' title='bbox 2716 5748 2779 5817; x_wconf 83' lang='grc' dir='ltr'>τῇ</span> <span class='ocrx_word' id='word_1_794' title='bbox 2829 5743 3073 5816; x_wconf 78' lang='grc' dir='ltr'>Ἰουδαίᾳ,</span> <span class='ocrx_word' id='word_1_795' title='bbox 3115 5743 3209 5796; x_wconf 74' lang='grc' dir='ltr'><strong>ἐπὶ</strong></span> <span class='ocrx_word' id='word_1_796' title='bbox 3248 5746 3419 5815; x_wconf 81' lang='grc' dir='ltr'>Δομε-</span> 
     </span>
     <span class='ocr_line' id='line_1_130' title="bbox 1843 5834 2242 5874; baseline 0.008 -3"><span class='ocrx_word' id='word_1_797' title='bbox 1843 5836 2043 5873; x_wconf 85' lang='grc' dir='ltr'>τιανου.</span> <span class='ocrx_word' id='word_1_798' title='bbox 2122 5834 2242 5874; x_wconf 72' lang='lat' dir='ltr'><strong>LER.</strong></span> 
     </span>
    </p>
   </div>
   <div class='ocr_carea' id='block_1_127' title="bbox 1842 5834 2242 5875">
    <p class='ocr_par' dir='ltr' id='par_1_127' title="bbox 1842 5834 2242 5875">
     <span class='ocr_line' id='line_1_131' title="bbox 1842 5834 2242 5875; baseline 0.008 -4"><span class='ocrx_word' id='word_1_799' title='bbox 1842 5836 2022 5873; x_wconf 83' lang='grc' dir='ltr'>τιανου</span> <span class='ocrx_word' id='word_1_800' title='bbox 2033 5860 2043 5871; x_wconf 91' lang='grc'><strong>.</strong></span> <span class='ocrx_word' id='word_1_801' title='bbox 2076 5834 2242 5875; x_wconf 60' lang='grc' dir='ltr'>ιιεκ.</span> 
     </span>
    </p>
   </div>
  </div>
