3890 6192
184 228 324 285 ΗΞΐί

1039 228 1641 286 CONSTITUTIONES
1674 227 2146 285 APOSTOLICAS.
2180 258 2253 269 ——-
2285 227 2412 281 LIB.
2449 226 2583 281 Vlll.

3303 226 3447 286 “9.6

182 343 617 416 ὑποϐεϐηκάτας,
630 344 721 399 ἐάν
736 338 866 399 ὦσιν
895 345 1264 418 ὑπεύθυνοιτῇ
1281 345 1503 417 τοιαύτῃ
1512 362 1564 398 τι
1572 345 1772 416 μωρίᾳ.

1895 361 1988 399 ton
2017 345 2260 415 deponit,
2292 349 2539 413 segregat
2567 348 2745 395 autem
2781 354 2844 393 ac
2882 341 3318 396 excommunicat
3360 344 3448 399 in-

174 439 438 500 Διάκονος
457 438 557 491 οὐκ
577 438 807 508 εὐλογεῖ,
830 440 892 491 οὐ
912 439 1126 493 δίδωσιν
1146 439 1416 508 εὐλογίαν,
1431 437 1695 509 λαμϐάνει
1714 437 1771 489 δὲ

175 528 334 601 παρά
365 529 665 582 ἐπισκόπου
699 530 794 583 καὶ⁵
828 530 1220 602 πρεσϐυτέρου·
1280 531 1342 583 οὐ
1382 528 1631 600 βαπτίζει

171 622 243 675 οὐ
276 620 597 692 προσφέρει,
651 621 747 674 τοῦ
800 621 863 674 δὲ
911 622 1210 675 ἐπισκόπου
1252 619 1772 693 προσενεγκόντοςῆ

173 712 277 767 τοῦ
331 712 725 784 πρεσϐυτέρου,
760 713 922 776 αὐτὸς
966 712 1243 765 ἐπιδίδωσι
1278 712 1357 783 τῷ
1391 711 1525 781 λαῷ,
1570 711 1667 780 οὐχ
1697 710 1775 774 ὡς

177 805 387 873 ἱεροὺς,
416 803 529 857 ἀλλ’
559 804 633 867 ὡς
665 804 1078 875 διακονούμενος
1114 802 1340 875 ἱερεῦσι.
1373 804 1491 857 Τῶν
1521 804 1576 855 δὲ
1602 803 1774 857 ἄλλων

180 894 468 966 κληρικῶν
496 896 557 948 τὸ
583 896 677 948 τοῦ
711 895 957 949 διακόνου
991 895 1151 969 ἔργον
1181 897 1404 967 ποιῆσαι
1433 897 1607 950 οὐδενὶ
1633 897 1771 962 ἐξόν.

176 987 513 1039 Διακόνισσα
540 988 639 1040 οὐκ
670 987 898 1057 εὐλογεῖ’
950 988 1064 1041 ἀλλ’
1098 988 1218 1041 οὐδέ
1251 1006 1303 1042 τι
1331 983 1407 1042 ὧν
1446 988 1689 1042 ποιοῦσιν
1725 991 1775 1041 οἱ

176 1079 573 1152 πρεσϐύτεροι,
612 1079 646 1151 ἢ
674 1081 724 1132 oi
752 1079 1014 1145 διάκονοι,
1050 1081 1307 1145 ἐπιτελεῖ,
1341 1081 1453 1134 ἀλλ’
1483 1080 1515 1152 ἢ
1548 1081 1641 1134 τοῦ
1674 1098 1777 1150 φυ-

175 1172 401 1225 λάττειν
448 1173 549 1237 τάς
585 1171 792 1243 θύρας,
846 1174 941 1227 καὶ¹
985 1173 1438 1245 ἐξυπηρετεῖσθαι
1481 1176 1595 1238 τοῖς
1641 1190 1777 1244 πρε-

178 1264 476 1336 σϐυτέροις
526 1267 584 1319 ἐν
626 1266 705 1337 τῷ
749 1264 1105 1337 βαπτίζεσθαι
1155 1267 1253 1330 τάς
1284 1270 1573 1335 γυναῖκας,
1604 1266 1691 1320 διά
1719 1266 1781 1318 τὸ

176 1356 487 1429 εὐπρεπές.
530 1359 785 1421 Διάκονος
828 1358 1077 1429 ἀφορίζει
1127 1359 1501 1425 ὐποδιάκονον,
1535 1356 1779 1427 ἀναγνώ-

179 1448 961 1521 πην,ψάλτην,διακόνισσαν,
998 1451 1093 1503 ἐὰν
1184 1468 1237 1504 τι
1266 1451 1506 1505 τοιοῦτον
1538 1453 1611 1523 μὴ
1642 1469 1782 1523 παρ-

176 1544 348 1606 όντος
388 1543 783 1614 πρεσϐυτέρου.
835 1542 1200 1613 Ὑποδιακόνῳ
1226 1542 1325 1596 οὐκ
1354 1542 1561 1607 ἔξεστιν
1594 1542 1783 1611 ἀφορί-

178 1650 303 1697 σαι,
343 1632 467 1686 οὗτε
515 1634 619 1705 μὴν
662 1632 738 1705 (8)
787 1634 1159 1706 ἀναγνώστην,
1208 1633 1333 1687 οὔτε
1383 1633 1614 1704 ψάλτην,
1658 1632 1783 1685 οὐτε

1876 436 2102 491 feriores
2126 477 2141 501 ,
2184 436 2229 492 si
2262 450 2379 490 eam
2421 448 2637 503 poenam
2668 442 2997 487 mereantur.
3034 432 3305 491 Diaconus
3340 454 3450 492 non

1875 529 2178 592 benedicit,
2222 543 2327 581 non
2371 526 2465 579 dat
2496 525 2929 580 benedictionem
2953 565 2968 589 ,
3000 527 3199 596 accipit
3226 544 3355 583 vero
3384 531 3453 586 ab

1874 623 2135 692 episcopo
2164 630 2218 676 et
2247 621 2591 691 presbytero;
2645 634 2753 672 non
2785 619 3023 685 baptizat
3054 637 3069 686 ;
3114 635 3222 674 non
3255 622 3409 677 oll‘ert
3435 641 3452 689 ;

1876 715 1995 785 ipse
2025 730 2177 779 vero,
2208 729 2335 767 cum
2367 713 2660 783 episcopus
2690 718 2782 765 aut
2812 712 3094 781 presbyter
3117 712 3333 776 obtulit,
3361 714 3456 768 dat

1876 808 2108 878 populo,
2152 823 2261 861 non
2304 815 2561 874 tanquam
2606 805 2897 867 sacerdos,
2935 805 3028 859 sed
3064 814 3320 875 tanquam
3353 807 3457 859 mi-

1878 900 2121 954 nistraus
2152 897 2554 954 sacerdotibus.
2590 896 2736 950 Nulli
2774 905 2953 951 autem
2987 913 3052 951 ex
3083 897 3310 966 reliquis
3347 897 3458 951 cle—

1876 992 2008 1047 ricis
2042 992 2167 1046 licet
2207 1006 2345 1060 opus
2392 989 2608 1043 diaconi
2653 988 2919 1044 Iacere”.
2974 988 3296 1043 Diaconissa
3349 1004 3459 1042 non

1878 1084 2189 1149 benedicit;
2244 1084 2337 1140 sed
2369 1100 2471 1139 nec
2526 1085 2736 1153 peragit
2767 1082 3065 1152 quidquam
3100 1098 3289 1136 eorum
3340 1098 3460 1151 quae

1879 1178 2184 1247 presbyteri
2234 1184 2327 1230 aut
2377 1177 2593 1231 diaconi
2648 1175 2890 1242 faciunt;
2948 1176 3211 1230 duntaxat
3258 1175 3461 1244 januas

1881 1268 2159 1335 custodit;
2210 1276 2265 1322 et
2313 1268 2670 1340 presbyteris,
2709 1268 2928 1338 quando
2962 1267 3309 1336 baptizantur
3340 1282 3461 1319 mu-

1882 1358 2063 1426 lieres,
2114 1360 2420 1424 ministrat,
2466 1368 2690 1432 propter
2722 1360 3006 1414 decorum.
3038 1358 3314 1412 Diaconus
3364 1373 3462 1411 ex-

1882 1453 2252 1507 communicat
2300 1453 2697 1510 subdiaconum
2725 1493 2740 1517 ,
2789 1453 3048 1506 lectorem
3073 1490 3088 1513 ,
3135 1458 3415 1503 cautorem
3444 1490 3459 1515 ,

1883 1545 2285 1612 diaconissam;
2327 1547 2372 1601 si
2401 1547 2625 1601 absente
2659 1545 2974 1615 presbytero
3003 1558 3090 1597 res
3119 1542 3172 1596 id
3200 1542 3459 1611 postulet.

1887 1637 2237 1693 Subdiacono
2272 1654 2382 1692 non
2433 1638 2561 1692 licet
2599 1652 2917 1707 segregare,
2964 1651 3141 1704 neque
3180 1634 3460 1697 lectorem,

176 1726 531 1780 διακόνισσαν
560 1726 658 1797 (9),
698 1727 760 1779 οὐ
798 1726 1077 1799 κληρικὸν,
1127 1727 1188 1779 οὐ
1229 1726 1435 1781 λαῖκόν.
1478 1726 1776 1798 ’Υπηρέται

1895 1746 2056 1801 meque
2078 1740 2379 1796 cautorem,
2405 1744 2582 1800 neque
2605 1729 3006 1794 diaconissam;
3043 1743 3151 1781 non
3178 1727 3461 1790 clericum,

179 1817 301 1889 γάρ
335 1819 438 1870 εἰσι
472 1817 754 1871 διακόνων.

714 1911 1011 1963 ΚΕΦΑΛΑΙ
1019 1911 1109 1964 ΟΝ
1142 1911 1271 1965 ΚΘ¹.

297 2002 439 2068 Περὶ
467 2003 745 2073 εὐλογίας
780 2004 891 2072 (10)
920 2004 1137 2069 ὕδατος
1170 2004 1534 2066 καὶ·ἐλαίου,
1567 2004 1670 2058 τοῦ

653 2074 958 2127 Ματθαίου
1014 2073 1301 2140 διάταξις.

262 2164 401 2235 Περὶ
426 2163 482 2217 δέ
510 2163 703 2229 ὓδατος
737 2165 833 2219 καὶ
863 2164 1042 2219 ἐλαίου
1059 2206 1074 2231 ,
1114 2166 1225 2236 ἐγὼ
1254 2168 1533 2233 Ματθαῖος
1560 2162 1781 2223 διατάσ-

183 2272 381 2326 σομαι.
413 2256 716 2327 Εὐλογείτω
746 2259 775 2312 ὁ
803 2257 1100 2323 ἐπίσκοπος
1130 2260 1191 2313 τὸ
1223 2259 1387 2333 ὕδωρ,
1417 2261 1450 2333 ἢ
1479 2262 1540 2315 τὸ
1584 2262 1779 2316 έλαιον·

181 2348 290 2401 ὲάν
338 2347 393 2401 δέ
445 2349 519 2420 μὴ
570 2351 741 2421 παρῇ,
790 2350 1081 2419 εὐλογείτω
1127 2355 1156 2406 ό
1195 2354 1582 2426 πρεσϐύτερος,
1612 2373 1786 2427 παρε-

184 2439 401 2503 στῶτος
442 2440 537 2493 τοῦ
568 2440 835 2495 διακόνου.
878 2442 1045 2496 Ἐπάν
1084 2443 1140 2496 δέ
1184 2446 1212 2497 ὁ
1260 2445 1560 2510 ἐπίσκοπος
1603 2449 1784 2519 παρῇ,

184 2531 553 2603 παριπάσθω
584 2535 613 2586 ὁ
648 2533 1016 2606 πρεσϐύτερος
1062 2536 1156 2589 καὶ
1193 2538 1221 2589 ό
1266 2536 1531 2601 διάκονος
1582 2538 1787 2607 λεγέτω

185 2623 250 2676 δὲ
293 2621 485 2686 οὕτως·
558 2623 730 2695 Κύριε
781 2625 1032 2691 Σαϐαὼθ,
1083 2629 1112 2680 ὁ
1157 2627 1288 2691 Θεὸς
1332 2628 1440 2683 τῶν
1481 2629 1785 2701 δυνάμεων,

185 2714 390 2767 κτίστα
420 2716 529 2767 τῶν
558 2714 763 2769 ὑδάτων
791 2719 885 2771 καὶ
913 2722 1115 2790 χορηγέ
1147 2720 1240 2773 τοῦ
1272 2721 1474 2784 ἐλαίου,
1504 2726 1786 2796 οἴκτιρμον

186 2809 291 2861 καὶ
327 2807 697 2878 φιλάνθρωπε,
728 2811 756 2862 ό
786 2809 911 2873 δοὺς
940 2811 1001 2863 τὸ
1032 2811 1177 2883 ὕδωρ
1206 2814 1343 2883 πρὸς
1374 2815 1531 2868 πόσιν
1562 2817 1656 2869 καὶ
1686 2817 1787 2870 κά-

186 2898 413 2969 θαρσιν,
448 2900 542 2950 καὶ
576 2899 753 2953 ἔλαιον
782 2900 878 2954 τοῦ
915 2902 1162 2975 ἱλαρῦναι
1196 2906 1486 2976 πρόσωπον
1512 2908 1592 2969 είς
1618 2908 1787 2976 ἀγαλ-

186 2990 370 3061 λίαμα
407 2991 763 3065 εὐφροσύνης
815 2994 976 3058 αὐτὸς
1028 2997 1121 3049 καὶ
1151 2997 1245 3050 νῦν
1275 2998 1362 3051 διὰ
1398 2999 1633 3069 Χριστοῦ
1663 3000 1787 3069 ἁγί-

186 3100 334 3136 ασον
382 3083 444 3136 τὸ
498 3083 642 3157 ὕδωρ
691 3086 849 3140 τοῦτο
894 3090 987 3141 καὶ
1040 3088 1237 3157 ἔλαιον,
1282 3092 1369 3144 ἐπ’
1418 3068 1640 3162 ὀνόματι
1694 3068 1788 3146 τοῦ
1816 3068 1858 3124 C

192 3176 694 3247 προσκομίσαντος,
725 3179 759 3249 ἢ
788 3180 886 3250 τῆς
911 3183 1378 3253 προσκομισάσης,
1410 3185 1503 3237 καὶ
1525 3186 1611 3248 δὸς
1637 3185 1793 3239 δύνα-

198 3284 300 3337 μιν
343 3267 552 3335 ὑγιείας
572 3269 960 3343 ἐμποιητικὴν,
991 3274 1160 3326 νόσων
1189 3274 1579 3347 ἀπελαστικὴν,
1607 3277 1793 3347 δαιμό-

195 3376 311 3411 νων
351 3360 773 3433 φυγαδευτικὴν,
812 3363 996 3434 πάσης
1026 3365 1319 3436 ἐπιϐουλῆς
1357 3367 1670 3438 διωκτικὴν,
1705 3368 1793 3422 διὰ

194 3451 465 3521 Χριστοῦ,
517 3453 614 3524 τῆς
656 3454 867 3518 ἐλπίδος
894 3456 1076 3527 ἡμῶν*
1122 3458 1239 3528 μεθ’
1267 3452 1327 3511 οὗ
1366 3476 1449 3512 σοι
1478 3460 1623 3524 δόξα,
1658 3462 1791 3533 τιμὴ

192 3544 296 3597 καὶ
334 3544 518 3608 σέϐας,
550 3547 643 3599 καὶ
670 3546 747 3618 τῷ
776 3548 915 3619 ἁγίῳ
946 3549 1244 3621 Πνεύματι,
1292 3554 1370 3616 είς
1408 3554 1536 3616 τοὺς
1567 3553 1788 3616 αἰῶνας.

205 3636 406 3707 Ἀμήν.

748 3733 1146 3787 ΚΕΦΑΛΑῙΟΝ
1179 3737 1257 3788 A'.

369 3821 480 3875 Τοῦ
507 3822 692 3877 αὐτοῦ
727 3824 864 3893 περὶ
892 3825 1180 3894 ἀπαρχῶν
1210 3826 1309 3880 καὶ
1338 3826 1621 3883 δεκατῶν.

270 3917 389 3986 (Η)
435 3918 494 3970 Ὃ
532 3919 719 3983 αὐτὸς,
759 3920 887 3991 περὶ
926 3922 1188 3993 ἀπαρχῶν
1224 3927 1317 3979 καὶ
1361 3927 1616 3981 δεκατῶν.
1656 3928 1778 3982 Ἔτι

191 4008 549 4078 προστάσσω,
576 4012 755 4063 πᾶσαν
786 4012 1036 4083 ἀπαρχὴν
1069 4013 1529 4085 προσκομίζεσθαι
1560 4016 1637 4089 τῷ
1662 4020 1775 4073 ἐπι-

196 4093 398 4164 σκόπῳ
428 4097 522 4149 καὶ
551 4100 664 4160 τοῖς
691 4098 1085 4171 πρεσϐυτέροις
1114 4103 1207 4155 καὶ
1238 4105 1350 4165 τοῖς
1379 4102 1674 4171 διακόνοις,
1717 4107 1797 4170 είς

191 4185 499 4258 διατροφὴν
532 4187 729 4242 αὐτῶνθ
790 4193 970 4246 πᾶσαν
1007 4193 1062 4245 δὲ
1094 4194 1326 4266 δεκάτην
1357 4198 1792 4269 προσφέρεσθαι,

195 4280 287 4340 εἰς
313 4277 609 4351 διατροφὴν
637 4280 744 4334 τῶν
772 4282 975 4336 λοιπῶν
1004 4284 1300 4357 κληρικῶν,
1332 4289 1426 4340 καὶ
1453 4288 1560 4341 τῶν
1592 4288 1796 4361 παρθέ-

195 4386 336 4435 νων,
369 4371 464 4422 καὶ
489 4370 598 4423 τῶν
626 4373 829 4443 χηρῶν,
856 4377 949 4428 καὶ
976 4376 1085 4429 τῶν
1108 4379 1164 4430 ἐν
1186 4379 1347 4449 πενίᾳ
1370 4378 1791 4451 ἐξεταζομένων.

1878 1839 1989 1879 non
2014 1824 2217 1879 laicum
2252 1842 2265 1877 :
2304 1823 2542 1878 ministri
2571 1822 2718 1877 enim
2752 1828 2882 1875 sunt
2909 1820 3291 1876 diaconorum.

2432 1914 2666 1971 CAPUT
2710 1912 2899 1968 XXIX.

1914 2006 1990 2063 De
2025 2007 2378 2063 benedictione
2413 2025 2564 2079 aqua:
2594 2016 2642 2061 et
2670 2007 2790 2071 olei,
2824 2004 3068 2059 Matt/mei
3098 2003 3427 2058 constitutio-

1956 2186 2031 2242 De
2066 2203 2207 2257 aqua
2235 2194 2415 2242 autem
2447 2194 2501 2241 et
2531 2186 2683 2249 oleo,
2720 2183 2998 2239 constituo
3026 2197 3126 2254 ego
3157 2180 3464 2235 Matthaeus.

1884 2278 2177 2334 Benedicat
2210 2281 2500 2350 episcopus
2532 2294 2729 2348 aquam
2756 2285 2810 2332 et
2837 2278 3039 2331 oleum.
3076 2274 3173 2329 Sin
3199 2289 3329 2329 vero
3359 2288 3468 2327 non

1887 2371 2062 2434 adsit,
2144 2371 2431 2426 benedicat
2496 2373 2822 2442 presbyter,
2885 2376 3153 2440 praesente
3212 2366 3467 2420 diacono.

1888 2463 2117 2529 Quando
2133 2473 2314 2519 autem
2334 2466 2507 2519 aderit
2528 2465 2820 2534 episcopus
2835 2503 2848 2526 ,
2878 2462 3140 2517 assistant
3163 2460 3468 2530 presbyter,

1888 2564 1941 2611 et
1972 2557 2270 2624 diaconus;
2319 2556 2468 2611 hunc
2512 2571 2641 2611 vero
2670 2557 2725 2609 in
2763 2555 2983 2609 modum
3017 2554 3163 2607 dicat
3195 2569 3210 2607 :
3244 2550 3472 2605 Domine

1891 2648 2155 2712 Sabaoth,
2184 2649 2329 2705 Deus
2359 2651 2662 2714 virtutum;
2697 2654 2914 2701 creator
2949 2658 3242 2715 aquarum,
3278 2649 3333 2696 et
3363 2642 3473 2694 lar-

1890 2744 2032 2813 gitor
2060 2744 2197 2809 olei;
2230 2743 2546 2797 misericors
2570 2780 2584 2806 ,
2637 2751 2689 2795 et
2724 2740 3004 2793 hominum
3051 2735 3334 2800 studiose;
3377 2733 3473 2803 qui

1891 2833 2091 2889 dedisti
2116 2848 2313 2903 aquam
2340 2833 2406 2887 ad
2428 2842 2614 2903 potum
2637 2847 2699 2885 ac
2720 2832 3189 2901 expurgationem,
3216 2836 3268 2884 et
3292 2828 3472 2882 oleum

1891 2926 1957 2980 ad
1989 2926 2402 2980 exhilarandum
2437 2926 2646 2979 vultum
2678 2926 2731 2977 in
2763 2923 3187 2977 exsultationem
3232 2919 3431 2973 laetitiae
3457 2938 3470 2973 :

1894 3020 2010 3087 ipse
2047 3026 2101 3072 et
2140 3033 2287 3071 nunc
2319 3031 2415 3086 per
2443 3015 2719 3069 Christum
2768 3014 3053 3067 sanctiﬁca
3095 3013 3235 3065 hanc
3276 3025 3474 3081 aquam

1893 3121 2053 3181 atque
2099 3110 2203 3165 hoc
2250 3109 2451 3173 oleum,
2501 3108 2723 3161 nomine
2775 3106 2923 3160 illius
2965 3104 3056 3175 qui
3108 3103 3333 3166 obtulit,
3379 3107 3475 3154 aut

1892 3204 2039 3258 illius
2070 3219 2191 3273 quae
2223 3202 2453 3268 obtulit;
2498 3208 2552 3255 et
2588 3201 2656 3253 da
2687 3200 2795 3252 vim
2828 3198 3157 3253 effectricem
3194 3193 3471 3257 sanitatis,

1893 3296 2207 3349 morborum
2238 3294 2620 3363 expultricem,
2650 3292 2956 3346 daemonum
2989 3289 3326 3359 fugatricem,
3356 3303 3477 3342 om-

1893 3386 2043 3441 nium
2077 3386 2397 3442 insidiarum
2422 3384 2865 3455 proﬂigatricem.
2900 3398 2997 3453 per
3018 3381 3296 3436 Christum
3321 3395 3477 3450 spem

1894 3489 2173 3547 nostram;
2206 3496 2329 3534 cum
2353 3496 2464 3549 quo
2488 3480 2584 3532 tibi
2612 3479 2806 3548 gloria,
2850 3478 3048 3539 honor,
3083 3490 3147 3530 ac
3169 3476 3473 3537 veneratio,

1892 3582 1946 3627 et
1978 3581 2169 3628 sancto
2199 3571 2449 3642 Spiritui,
2481 3572 2537 3626 in
2569 3571 2790 3625 saecula.
2818 3569 3011 3623 Amen.

2459 3728 2690 3785 CAPUT
2737 3728 2906 3785 XXX.

2180 3821 2466 3893 Ejusdem,
2499 3822 2562 3876 de
2589 3822 2842 3891 primitiis
2877 3830 2927 3875 et
2958 3819 3197 3874 decimis.

1968 3917 2137 3983 Idem,
2171 3918 2238 3972 de
2265 3917 2527 3987 primitiis
2558 3925 2611 3970 et
2643 3915 2894 3970 decimis.
2926 3914 3117 3966 Adhuc
3148 3911 3393 3981 injungo,
3422 3917 3480 3965 ut

1895 4024 2088 4063 omnes
2119 4009 2369 4079 primitiae
2392 4008 2695 4061 all'erautur
2734 4006 3014 4074 episcopo,
3042 4012 3095 4058 et
3122 4003 3479 4073 presbyteris,

1897 4108 1951 4155 et
1996 4101 2285 4167 diaconis,
2341 4099 2408 4153 ad
2445 4115 2634 4154 eorum
2686 4098 3038 4162 alimentum;
3079 4105 3246 4164 utque
3289 4110 3481 4149 omnes

1896 4194 2122 4249 decima:
2150 4193 2473 4256 oll'erantur,
2512 4191 2578 4243 ad
2615 4189 2840 4244 alendos
2879 4188 3119 4256 reliquos
3148 4186 3399 4247 clericos,
3427 4194 3483 4238 et

1896 4287 2158 4357 virgines,
2198 4300 2259 4338 ac
2280 4284 2496 4346 viduas,
2522 4291 2577 4336 et
2608 4288 2926 4351 paupertate
2952 4280 3200 4334 alllictos.
3219 4277 3482 4332 Primitite

1899 4380 2079 4442 enim,
2130 4377 2476 4432 sacerdotum
2532 4382 2681 4438 sunt,
2730 4381 2892 4443 atque
2939 4372 3006 4427 iis
3051 4370 3480 4427 ministrantium

195 4462 274 4514 Δί
321 4460 432 4533 γάρ
477 4464 724 4536 ἀπαρχαὶ
762 4466 870 4519 τῶν
912 4468 1101 4539 ἱερέων
1146 4472 1268 4532 εἰσὶ,
1316 4472 1409 4525 καὶ
1451 4472 1561 4526 τῶν
1611 4473 1795 4536 αὐτοῖς

1901 4471 2279 4528 diaconorum.

198 4549 381 4625 ἐξυπη
390 4572 547 4625 ρετου
555 4557 728 4627 μένων
754 4557 1034 4612 διακόνων.

270 4706 319 4738 ³³
350 4709 499 4766 Citat
541 4707 1002 4779 Harmenopulus,
1040 4708 1098 4765 in
1136 4706 1281 4778 Epit.
1312 4723 1434 4763 can.
1465 4719 1598 4765 sect.
1627 4710 1681 4773 2,
1715 4712 1798 4765 tit.
1824 4709 1898 4775 4;
1928 4706 1966 4762 1.
1995 4707 2405 4779 pseudo-lguat.
2442 4708 2509 4763 ad
2536 4707 2788 4761 Arnim-li.
2824 4702 2909 4756 l2.

1514 4844 1880 4902 VARiORUM
1938 4846 2171 4902 NOTAE.

280 4996 359 5066 ('7)
386 4995 787 5069 VWAﬁaﬂitlfst,
807 5009 941 5065 etc.,
966 5015 1141 5069 usque
1171 4999 1237 5053 ad
1267 4998 1467 5052 οὐδενὶ
1496 4998 1657 5061 ἐξόν.
1698 4998 1790 5054 Ci-

197 5077 359 5121 tatur
382 5068 437 5119 in
466 5066 573 5121 line
608 5066 1283 5124 Resnonsionum'hiceta:
1314 5070 1687 5123 Heracleensis
1719 5071 1786 5124 ad

1889 5001 2068 5072 ψάλτῃ
2086 5041 2099 5062 ,
2131 5000 2163 5072 ἢ

2042 5017 2099 5072 ῃ,
2131 5000 2163 5072 ἢ
2194 5000 2528 5073 διακονίσσῃ.
2562 4999 2699 5054 σοι.

1962 5066 2072 5141 (lli)
2101 5066 2551 5141 Περὶεὺλογίάζι,
2589 5089 2645 5123 κ.
2671 5069 2791 5123 τ.λ.
2823 5068 2969 5141 Tota
2988 5067 3287 5141 inscriptio
3302 5066 3478 5141 deest,

199 5138 673 5207 lnterrogationes
699 5137 1043 5193 Constantini
1071 5141 1258 5210 episco
1303 5142 1338 5202 i,
1378 5150 1538 5208 prout
1566 5148 1787 5193 exstant

199 5211 264 5262 in
301 5209 637 5263 mss.tribus
669 5209 735 5263 ad
766 5212 969 5263 calcem
988 5210 1224 5263 Mattbaai
1259 5158 1541 5263 glastaris.
1572 5211 1788 5263 duobus

1895 5137 2117 5211 ejusque
2146 5137 2266 5196 loco
2297 5137 2493 5211 legitur
2523 5161 2534 5195 :
2570 5141 2847 5204 Ματθαῖος
2871 5142 2927 5191 ἐν
2962 5139 3189 5209 Ἰουδαίᾳ
3216 5137 3483 5189 διδάσκων

1895 5213 1980 5263 τὸν
1994 5211 2228 5263 Χριστοῦ
2243 5213 2421 5263 λόγον.
2439 5212 2546 5263 τῶν
2559 5212 2757 5263 ἑϐδομή
2767 5227 2927 5263 κοντα
2948 5209 3185 5263 γεγονὼς
3206 5206 3480 5263 μαθητῶν.

1322 5227 1351 5263 a

199 5211 264 5262 in
301 5209 637 5263 mss.tribus
669 5209 735 5263 ad
766 5212 969 5265 calcem
988 5210 1224 5265 Mattbaai

200 5278 419 5347 Regiis,
447 5279 609 5333 tertio
638 5278 874 5334 Juliano.
903 5283 1038 5337 Cor.

1356 5206 1541 5274 staris,
1572 5211 1788 5265 duobus

1895 5206 1980 5265 τὸν
1994 5206 2228 5283 Χριστοῦ
2243 5206 2421 5280 λόγον,
2439 5212 2546 5264 τῶν
2559 5212 2679 5283 ὲϐδο
2688 5213 2758 5282 μή
2767 5227 2927 5263 κοντα
2948 5206 3185 5283 γεγονὼς
3206 5206 3480 5283 μαθητῶν,

1886 5283 1915 5359 ό
1942 5275 2079 5359 μετά
2098 5285 2203 5359 ’τὴν
2235 5275 2470 5359 Χριστοῦ
2503 5275 2698 5359 ἄνοδ-ονξ
2711 5275 3216 5359 συγκαντηήρίθμητο
3236 5275 3346 5339 τοῖς
3375 5275 3481 5359 δῶ-

292 5345 371 5416 (8)
402 5348 549 5419 Οὔτε
574 5348 739 5419 μὴν,
765 5349 859 5401 καὶ
888 5347 957 5401 τὰ
1005 5348 1151 5418 ἐξῆς.
1195 5349 1331 5405 Cod.
1359 5347 1594 5403 Vindoh.
1631 5348 1792 5403 habet

1895 5345 2021 5405 δέκα
2067 5345 2409 5416 Ἀτὲοστόλοις
2440 5354 2561 5406 ἀντὶ⁹
2602 5351 2771 5404 ’ἰούδα
2798 5345 2910 5403 τοῦ
2950 5345 3241 5419 γενομένου
3291 5345 3482 5419 προδό-

213 5420 276 5474 in
309 5418 492 5494 dativo
542 5418 855 5494 ἀναγνώστῃ
879 5459 903 5494 ,Α
936 5416 1111 5494 ψάλτῃ
1144 5428 1199 5474 et
1237 5420 1573 5494 διακονίσσῃ,
1612 5429 1672 5473 ut
1707 5435 1791 5474 res

1896 5440 2012 5475 του*
2048 5427 2223 5477 κεῖται
2258 5426 2320 5494 ,ἐν
2362 5422 2732 5494 Ἰερουσαλήμ.
2768 5421 2870 5476 Sed
2895 5416 2996 5494 pro
3021 5416 3275 5494 MAtztthazo
3301 5416 3482 5486 legen-

216 5497 431 5544 vetetur
462 5477 667 5551 lectori,
696 5477 905 5543 σξηιιὸτί
941 5477 995 5543 et
1025 5477 1365 5544 diiicomssae.
1400 5477 1567 5542 cmi;

292 5558 371 5627 (9)
424 5558 863 5625 Ἀνατνώστην,
906 5559 1045 5612 οὔτε
1097 5558 1370 5627 ψάλτην,
1410 5559 1548 5612 οὔτε
1596 5558 1790 5612 διακό-

214 5642 470 5699 νισσαν.
494 5626 728 5699 ίδίίεηιίο
761 5628 862 5699 tegi
891 5644 995 5681 non
1021 5626 1179 5683 debet
1214 5631 1359 5683 varia
1397 5630 1561 5699 lectio
1586 5630 1791 5682 codicis

216 5698 375 5768 Regii
413 5698 508 5767 qui
556 5706 773 5765 notatur
822 5698 1053 5754 numero
1088 5698 1228 5754 2592
1273 5722 1284 5755 ;
1338 5698 1711 5773 Ἀναγνώστῃ,
1756 5700 1788 5771 ἢ

1900 5493 2030 5547 dum
2062 5503 2178 5547 erat
2210 5488 2515 5547 Matt/iia'm.
2544 5488 2816 5547 Vide'Act.
2852 5488 3019 5553 1,793.
3052 5488 3222 5542 Cum.

1974 5564 2083 5633 (11)
2136 5566 2197 5617 '0
2224 5565 2428 5629 αὐτός,
2462 5572 2567 5618 etc.
2603 5564 2763 5618 Deest
2802 5559 3123 5630 inscriptio,
3167 5556 3328 5627 cujus
3356 5554 3475 5613 loco

1903 5645 2031 5689 sunt
2070 5652 2161 5690 sex
2194 5635 2360 5690 verba
2393 5635 2701 5704 sequentia.
