  <div class='ocr_page' id='page_1' title='image "/cluster/home/n/w/nwhite01/storage/ocr_20150623/1/nnc1.0022106693/625.png"; bbox 0 0 3890 6192; ppageno 0'>
   <div class='ocr_carea' id='block_1_1' title="bbox 382 281 519 337">
    <p class='ocr_par' dir='ltr' id='par_1_1' title="bbox 382 281 519 337">
     <span class='ocr_line' id='line_1_1' title="bbox 382 281 519 337; baseline 0 0"><span class='ocrx_word' id='word_1_1' title='bbox 382 281 519 337; x_wconf 71' lang='lat'><strong>“39</strong></span> 
     </span>
    </p>
   </div>
   <div class='ocr_carea' id='block_1_2' title="bbox 911 384 1444 447">
    <p class='ocr_par' dir='ltr' id='par_1_2' title="bbox 911 384 1444 447">
     <span class='ocr_line' id='line_1_2' title="bbox 911 384 1444 447; baseline -0.011 0"><span class='ocrx_word' id='word_1_2' title='bbox 911 387 1139 447; x_wconf 82' lang='lat' dir='ltr'><strong>CAPUT</strong></span> <span class='ocrx_word' id='word_1_3' title='bbox 1179 384 1444 443; x_wconf 73' lang='lat' dir='ltr'><strong>XXXVII.</strong></span> 
     </span>
    </p>
   </div>
   <div class='ocr_carea' id='block_1_3' title="bbox 762 499 1575 565">
    <p class='ocr_par' dir='ltr' id='par_1_3' title="bbox 762 499 1575 565">
     <span class='ocr_line' id='line_1_3' title="bbox 762 499 1575 565; baseline -0.014 0"><span class='ocrx_word' id='word_1_4' title='bbox 762 504 1069 565; x_wconf 75' lang='lat' dir='ltr'><strong>Gratiarum</strong></span> <span class='ocrx_word' id='word_1_5' title='bbox 1097 502 1239 559; x_wconf 83' lang='lat' dir='ltr'><strong>actia</strong></span> <span class='ocrx_word' id='word_1_6' title='bbox 1268 499 1575 557; x_wconf 78' lang='lat' dir='ltr'><strong>tuccrnaiis.</strong></span> 
     </span>
    </p>
   </div>
   <div class='ocr_carea' id='block_1_4' title="bbox 456 604 1964 689">
    <p class='ocr_par' dir='ltr' id='par_1_4' title="bbox 456 604 1964 689">
     <span class='ocr_line' id='line_1_4' title="bbox 456 604 1964 689; baseline -0.013 -13"><span class='ocrx_word' id='word_1_7' title='bbox 456 619 622 683; x_wconf 89' lang='lat' dir='ltr'><strong>Dens,</strong></span> <span class='ocrx_word' id='word_1_8' title='bbox 659 616 915 689; x_wconf 76' lang='lat' dir='ltr'><strong>principii</strong></span> <span class='ocrx_word' id='word_1_9' title='bbox 964 628 1163 687; x_wconf 83' lang='lat' dir='ltr'><strong>expers</strong></span> <span class='ocrx_word' id='word_1_10' title='bbox 1200 626 1276 671; x_wconf 87' lang='lat' dir='ltr'><strong>ac</strong></span> <span class='ocrx_word' id='word_1_11' title='bbox 1322 612 1431 667; x_wconf 85' lang='lat' dir='ltr'><strong>line</strong></span> <span class='ocrx_word' id='word_1_12' title='bbox 1464 622 1678 671; x_wconf 81' lang='lat' dir='ltr'><strong>carens,</strong></span> <span class='ocrx_word' id='word_1_13' title='bbox 1720 604 1964 660; x_wconf 91' lang='lat' dir='ltr'><strong>omnium</strong></span> 
     </span>
    </p>
   </div>
   <div class='ocr_carea' id='block_1_5' title="bbox 382 705 1965 783">
    <p class='ocr_par' dir='ltr' id='par_1_5' title="bbox 382 705 1965 783">
     <span class='ocr_line' id='line_1_5' title="bbox 382 705 1965 783; baseline -0.01 -14"><span class='ocrx_word' id='word_1_14' title='bbox 382 729 480 783; x_wconf 86' lang='lat' dir='ltr'><strong>per</strong></span> <span class='ocrx_word' id='word_1_15' title='bbox 504 712 791 768; x_wconf 78' lang='lat' dir='ltr'><strong>Christum</strong></span> <span class='ocrx_word' id='word_1_16' title='bbox 823 707 1011 780; x_wconf 80' lang='lat' dir='ltr'><strong>Opifex</strong></span> <span class='ocrx_word' id='word_1_17' title='bbox 1054 713 1111 764; x_wconf 88' lang='lat' dir='ltr'><strong>et</strong></span> <span class='ocrx_word' id='word_1_18' title='bbox 1156 712 1359 768; x_wconf 86' lang='lat' dir='ltr'><strong>rector,</strong></span> <span class='ocrx_word' id='word_1_19' title='bbox 1407 709 1535 757; x_wconf 90' lang='lat' dir='ltr'><strong>ante</strong></span> <span class='ocrx_word' id='word_1_20' title='bbox 1583 705 1785 755; x_wconf 89' lang='lat' dir='ltr'><strong>cuncta</strong></span> <span class='ocrx_word' id='word_1_21' title='bbox 1834 709 1965 753; x_wconf 87' lang='lat' dir='ltr'><strong>vero</strong></span> 
     </span>
    </p>
   </div>
   <div class='ocr_carea' id='block_1_6' title="bbox 384 793 1964 869">
    <p class='ocr_par' dir='ltr' id='par_1_6' title="bbox 384 793 1964 869">
     <span class='ocr_line' id='line_1_6' title="bbox 384 793 1964 869; baseline -0.015 -7"><span class='ocrx_word' id='word_1_22' title='bbox 384 807 532 861; x_wconf 85' lang='lat' dir='ltr'><strong>illius</strong></span> <span class='ocrx_word' id='word_1_23' title='bbox 562 804 707 860; x_wconf 83' lang='lat' dir='ltr'><strong>Deus</strong></span> <span class='ocrx_word' id='word_1_24' title='bbox 736 817 802 857; x_wconf 79' lang='lat' dir='ltr'><strong>ac</strong></span> <span class='ocrx_word' id='word_1_25' title='bbox 837 800 1021 864; x_wconf 85' lang='lat' dir='ltr'><strong>Pater,</strong></span> <span class='ocrx_word' id='word_1_26' title='bbox 1064 798 1306 869; x_wconf 86' lang='lat' dir='ltr'><strong>Spiritus</strong></span> <span class='ocrx_word' id='word_1_27' title='bbox 1348 793 1633 859; x_wconf 78' lang='lat' dir='ltr'><strong>Dominus,</strong></span> <span class='ocrx_word' id='word_1_28' title='bbox 1680 797 1735 845; x_wconf 91' lang='lat' dir='ltr'><strong>et</strong></span> <span class='ocrx_word' id='word_1_29' title='bbox 1773 801 1964 845; x_wconf 90' lang='lat' dir='ltr'><strong>eorum</strong></span> 
     </span>
    </p>
   </div>
   <div class='ocr_carea' id='block_1_7' title="bbox 380 878 1964 968">
    <p class='ocr_par' dir='ltr' id='par_1_7' title="bbox 380 878 1964 968">
     <span class='ocr_line' id='line_1_7' title="bbox 380 878 1964 968; baseline -0.012 -17"><span class='ocrx_word' id='word_1_30' title='bbox 380 913 507 968; x_wconf 71' lang='lat' dir='ltr'><strong>qua:</strong></span> <span class='ocrx_word' id='word_1_31' title='bbox 526 894 756 966; x_wconf 71' lang='lat' dir='ltr'><strong>intelligi</strong></span> <span class='ocrx_word' id='word_1_32' title='bbox 779 907 844 948; x_wconf 88' lang='lat' dir='ltr'><strong>ac</strong></span> <span class='ocrx_word' id='word_1_33' title='bbox 866 891 1057 948; x_wconf 85' lang='lat' dir='ltr'><strong>sentiri</strong></span> <span class='ocrx_word' id='word_1_34' title='bbox 1080 899 1312 960; x_wconf 83' lang='lat' dir='ltr'><strong>possunt</strong></span> <span class='ocrx_word' id='word_1_35' title='bbox 1337 902 1463 951; x_wconf 87' lang='lat' dir='ltr'><strong>rex;</strong></span> <span class='ocrx_word' id='word_1_36' title='bbox 1494 883 1587 954; x_wconf 89' lang='lat' dir='ltr'><strong>qui</strong></span> <span class='ocrx_word' id='word_1_37' title='bbox 1617 880 1792 938; x_wconf 86' lang='lat' dir='ltr'><strong>fecisti</strong></span> <span class='ocrx_word' id='word_1_38' title='bbox 1820 878 1964 934; x_wconf 90' lang='lat' dir='ltr'><strong>diem</strong></span> 
     </span>
    </p>
   </div>
   <div class='ocr_carea' id='block_1_8' title="bbox 384 972 1980 1059">
    <p class='ocr_par' dir='ltr' id='par_1_8' title="bbox 384 972 1980 1059">
     <span class='ocr_line' id='line_1_8' title="bbox 384 972 1980 1059; baseline -0.014 -15"><span class='ocrx_word' id='word_1_39' title='bbox 384 990 454 1044; x_wconf 84' lang='lat' dir='ltr'><strong>ad</strong></span> <span class='ocrx_word' id='word_1_40' title='bbox 477 1003 642 1059; x_wconf 84' lang='lat' dir='ltr'><strong>opera</strong></span> <span class='ocrx_word' id='word_1_41' title='bbox 673 986 837 1050; x_wconf 89' lang='lat' dir='ltr'><strong>lucis,</strong></span> <span class='ocrx_word' id='word_1_42' title='bbox 869 991 929 1041; x_wconf 88' lang='lat' dir='ltr'><strong>et</strong></span> <span class='ocrx_word' id='word_1_43' title='bbox 978 992 1194 1039; x_wconf 88' lang='lat' dir='ltr'><strong>noctem</strong></span> <span class='ocrx_word' id='word_1_44' title='bbox 1243 980 1311 1035; x_wconf 88' lang='lat' dir='ltr'><strong>ad</strong></span> <span class='ocrx_word' id='word_1_45' title='bbox 1346 976 1591 1049; x_wconf 86' lang='lat' dir='ltr'><strong>requiem</strong></span> <span class='ocrx_word' id='word_1_46' title='bbox 1628 972 1980 1040; x_wconf 53' lang='lat' dir='ltr'><strong>inﬁrmitatis</strong></span> 
     </span>
    </p>
   </div>
   <div class='ocr_carea' id='block_1_9' title="bbox 384 1067 1965 1137">
    <p class='ocr_par' dir='ltr' id='par_1_9' title="bbox 384 1067 1965 1137">
     <span class='ocr_line' id='line_1_9' title="bbox 384 1067 1965 1137; baseline -0.015 1"><span class='ocrx_word' id='word_1_47' title='bbox 384 1086 587 1137; x_wconf 67' lang='lat' dir='ltr'><strong>nostra:</strong></span> <span class='ocrx_word' id='word_1_48' title='bbox 618 1098 633 1133; x_wconf 90' lang='lat'><strong>:</strong></span> <span class='ocrx_word' id='word_1_49' title='bbox 668 1098 688 1130; x_wconf 73' lang='grc' dir='ltr'><strong>ε</strong></span> <span class='ocrx_word' id='word_1_50' title='bbox 735 1077 887 1132; x_wconf 86' lang='lat' dir='ltr'><strong>Tuus</strong></span> <span class='ocrx_word' id='word_1_51' title='bbox 920 1075 1069 1133; x_wconf 79' lang='lat' dir='ltr'><strong>enim</strong></span> <span class='ocrx_word' id='word_1_52' title='bbox 1094 1081 1180 1129; x_wconf 87' lang='lat' dir='ltr'><strong>est</strong></span> <span class='ocrx_word' id='word_1_53' title='bbox 1216 1071 1355 1134; x_wconf 83' lang='lat' dir='ltr'><strong>dies,</strong></span> <span class='ocrx_word' id='word_1_54' title='bbox 1388 1076 1443 1125; x_wconf 90' lang='lat' dir='ltr'><strong>et</strong></span> <span class='ocrx_word' id='word_1_55' title='bbox 1475 1077 1567 1123; x_wconf 90' lang='lat' dir='ltr'><strong>tua</strong></span> <span class='ocrx_word' id='word_1_56' title='bbox 1597 1071 1680 1121; x_wconf 89' lang='lat' dir='ltr'><strong>est</strong></span> <span class='ocrx_word' id='word_1_57' title='bbox 1720 1078 1862 1128; x_wconf 85' lang='lat' dir='ltr'><strong>nox;</strong></span> <span class='ocrx_word' id='word_1_58' title='bbox 1907 1067 1965 1115; x_wconf 93' lang='lat' dir='ltr'><strong>tu</strong></span> 
     </span>
    </p>
   </div>
   <div class='ocr_carea' id='block_1_10' title="bbox 384 1153 1963 1243">
    <p class='ocr_par' dir='ltr' id='par_1_10' title="bbox 384 1153 1963 1243">
     <span class='ocr_line' id='line_1_10' title="bbox 384 1153 1963 1243; baseline -0.013 -16"><span class='ocrx_word' id='word_1_59' title='bbox 384 1170 585 1243; x_wconf 87' lang='lat' dir='ltr'><strong>aptasti</strong></span> <span class='ocrx_word' id='word_1_60' title='bbox 623 1170 798 1226; x_wconf 85' lang='lat' dir='ltr'><strong>lucem</strong></span> <span class='ocrx_word' id='word_1_61' title='bbox 826 1177 881 1225; x_wconf 87' lang='lat' dir='ltr'><strong>et</strong></span> <span class='ocrx_word' id='word_1_62' title='bbox 902 1168 1075 1225; x_wconf 88' lang='lat' dir='ltr'><strong>solem</strong></span> <span class='ocrx_word' id='word_1_63' title='bbox 1105 1166 1183 1232; x_wconf 83' lang='grc'><strong>⁸⁸;</strong></span> <span class='ocrx_word' id='word_1_64' title='bbox 1227 1182 1248 1216; x_wconf 73' lang='grc' dir='ltr'><strong>ι</strong></span> <span class='ocrx_word' id='word_1_65' title='bbox 1286 1164 1404 1235; x_wconf 88' lang='lat' dir='ltr'><strong>ipse</strong></span> <span class='ocrx_word' id='word_1_66' title='bbox 1425 1168 1480 1217; x_wconf 92' lang='lat' dir='ltr'><strong>et</strong></span> <span class='ocrx_word' id='word_1_67' title='bbox 1511 1172 1680 1221; x_wconf 89' lang='lat' dir='ltr'><strong>nunc,</strong></span> <span class='ocrx_word' id='word_1_68' title='bbox 1714 1153 1963 1214; x_wconf 86' lang='lat' dir='ltr'><strong>Domine.</strong></span> 
     </span>
    </p>
   </div>
   <div class='ocr_carea' id='block_1_11' title="bbox 385 1249 1966 1329">
    <p class='ocr_par' dir='ltr' id='par_1_11' title="bbox 385 1249 1966 1329">
     <span class='ocr_line' id='line_1_11' title="bbox 385 1249 1966 1329; baseline -0.014 -9"><span class='ocrx_word' id='word_1_69' title='bbox 385 1264 671 1321; x_wconf 75' lang='lat' dir='ltr'><strong>hominum</strong></span> <span class='ocrx_word' id='word_1_70' title='bbox 726 1268 969 1324; x_wconf 84' lang='lat' dir='ltr'><strong>amator,</strong></span> <span class='ocrx_word' id='word_1_71' title='bbox 1014 1273 1079 1315; x_wconf 89' lang='lat' dir='ltr'><strong>ac</strong></span> <span class='ocrx_word' id='word_1_72' title='bbox 1130 1257 1357 1329; x_wconf 86' lang='lat' dir='ltr'><strong>optime,</strong></span> <span class='ocrx_word' id='word_1_73' title='bbox 1406 1252 1626 1321; x_wconf 83' lang='lat' dir='ltr'><strong>suscipe</strong></span> <span class='ocrx_word' id='word_1_74' title='bbox 1672 1249 1966 1306; x_wconf 85' lang='lat' dir='ltr'><strong>clementer</strong></span> 
     </span>
    </p>
   </div>
   <div class='ocr_carea' id='block_1_12' title="bbox 387 1335 1963 1422">
    <p class='ocr_par' dir='ltr' id='par_1_12' title="bbox 387 1335 1963 1422">
     <span class='ocr_line' id='line_1_12' title="bbox 387 1335 1963 1422; baseline -0.016 -10"><span class='ocrx_word' id='word_1_75' title='bbox 387 1356 531 1412; x_wconf 86' lang='lat' dir='ltr'><strong>hanc</strong></span> <span class='ocrx_word' id='word_1_76' title='bbox 584 1363 832 1410; x_wconf 82' lang='lat' dir='ltr'><strong>nostram</strong></span> <span class='ocrx_word' id='word_1_77' title='bbox 879 1350 1181 1422; x_wconf 88' lang='lat' dir='ltr'><strong>gratiarum</strong></span> <span class='ocrx_word' id='word_1_78' title='bbox 1244 1346 1516 1403; x_wconf 86' lang='lat' dir='ltr'><strong>actionem</strong></span> <span class='ocrx_word' id='word_1_79' title='bbox 1575 1335 1963 1407; x_wconf 77' lang='lat' dir='ltr'><strong>vespertinam.</strong></span> 
     </span>
    </p>
   </div>
   <div class='ocr_carea' id='block_1_13' title="bbox 384 1425 1966 1517">
    <p class='ocr_par' dir='ltr' id='par_1_13' title="bbox 384 1425 1966 1517">
     <span class='ocr_line' id='line_1_13' title="bbox 384 1425 1966 1517; baseline -0.016 -14"><span class='ocrx_word' id='word_1_80' title='bbox 384 1449 491 1517; x_wconf 82' lang='lat' dir='ltr'><strong>Qui</strong></span> <span class='ocrx_word' id='word_1_81' title='bbox 518 1446 809 1505; x_wconf 74' lang='lat' dir='ltr'><strong>traduxisti</strong></span> <span class='ocrx_word' id='word_1_82' title='bbox 838 1460 941 1502; x_wconf 87' lang='lat' dir='ltr'><strong>nos</strong></span> <span class='ocrx_word' id='word_1_83' title='bbox 969 1459 1067 1515; x_wconf 86' lang='lat' dir='ltr'><strong>per</strong></span> <span class='ocrx_word' id='word_1_84' title='bbox 1101 1442 1211 1498; x_wconf 86' lang='lat' dir='ltr'><strong>diei</strong></span> <span class='ocrx_word' id='word_1_85' title='bbox 1238 1436 1657 1511; x_wconf 72' lang='lat' dir='ltr'><strong>longitudinem,</strong></span> <span class='ocrx_word' id='word_1_86' title='bbox 1682 1440 1737 1487; x_wconf 89' lang='lat' dir='ltr'><strong>et</strong></span> <span class='ocrx_word' id='word_1_87' title='bbox 1757 1425 1966 1483; x_wconf 79' lang='lat' dir='ltr'><strong>duxisti</strong></span> 
     </span>
    </p>
   </div>
   <div class='ocr_carea' id='block_1_14' title="bbox 386 1526 1963 1603">
    <p class='ocr_par' dir='ltr' id='par_1_14' title="bbox 386 1526 1963 1603">
     <span class='ocr_line' id='line_1_14' title="bbox 386 1526 1963 1603; baseline -0.008 -8"><span class='ocrx_word' id='word_1_88' title='bbox 386 1540 455 1595; x_wconf 86' lang='lat' dir='ltr'><strong>ad</strong></span> <span class='ocrx_word' id='word_1_89' title='bbox 478 1540 658 1594; x_wconf 86' lang='lat' dir='ltr'><strong>noctis</strong></span> <span class='ocrx_word' id='word_1_90' title='bbox 686 1538 877 1603; x_wconf 84' lang='lat' dir='ltr'><strong>initia;</strong></span> <span class='ocrx_word' id='word_1_91' title='bbox 913 1533 1133 1593; x_wconf 81' lang='lat' dir='ltr'><strong>custodi</strong></span> <span class='ocrx_word' id='word_1_92' title='bbox 1164 1548 1289 1599; x_wconf 85' lang='lat' dir='ltr'><strong>nos,</strong></span> <span class='ocrx_word' id='word_1_93' title='bbox 1320 1546 1417 1601; x_wconf 90' lang='lat' dir='ltr'><strong>per</strong></span> <span class='ocrx_word' id='word_1_94' title='bbox 1464 1526 1741 1581; x_wconf 82' lang='lat' dir='ltr'><strong>Christum</strong></span> <span class='ocrx_word' id='word_1_95' title='bbox 1784 1528 1963 1583; x_wconf 83' lang='lat' dir='ltr'><strong>tuum;</strong></span> 
     </span>
    </p>
   </div>
   <div class='ocr_carea' id='block_1_15' title="bbox 386 1606 1968 1696">
    <p class='ocr_par' dir='ltr' id='par_1_15' title="bbox 386 1606 1968 1696">
     <span class='ocr_line' id='line_1_15' title="bbox 386 1606 1968 1696; baseline -0.013 -16"><span class='ocrx_word' id='word_1_96' title='bbox 386 1624 734 1696; x_wconf 85' lang='lat' dir='ltr'><strong>tranquillam</strong></span> <span class='ocrx_word' id='word_1_97' title='bbox 771 1624 952 1694; x_wconf 68' lang='lat' dir='ltr'><strong>praebe</strong></span> <span class='ocrx_word' id='word_1_98' title='bbox 975 1636 1279 1693; x_wconf 83' lang='lat' dir='ltr'><strong>vesperam,</strong></span> <span class='ocrx_word' id='word_1_99' title='bbox 1306 1627 1361 1675; x_wconf 88' lang='lat' dir='ltr'><strong>et</strong></span> <span class='ocrx_word' id='word_1_100' title='bbox 1396 1624 1612 1673; x_wconf 90' lang='lat' dir='ltr'><strong>noctem</strong></span> <span class='ocrx_word' id='word_1_101' title='bbox 1652 1616 1877 1684; x_wconf 73' lang='lat' dir='ltr'><strong>peccato</strong></span> <span class='ocrx_word' id='word_1_102' title='bbox 1901 1606 1968 1661; x_wconf 91' lang='lat' dir='ltr'><strong>li-</strong></span> 
     </span>
    </p>
   </div>
   <div class='ocr_carea' id='block_1_16' title="bbox 1266 257 2787 327">
    <p class='ocr_par' dir='ltr' id='par_1_16' title="bbox 1266 257 2787 327">
     <span class='ocr_line' id='line_1_16' title="bbox 1266 257 2787 327; baseline -0.008 0"><span class='ocrx_word' id='word_1_103' title='bbox 1266 271 1326 327; x_wconf 91' lang='lat' dir='ltr'><strong>S.</strong></span> <span class='ocrx_word' id='word_1_104' title='bbox 1360 266 1752 327; x_wconf 74' lang='lat' dir='ltr'><strong>CLEMENTIS</strong></span> <span class='ocrx_word' id='word_1_105' title='bbox 1788 266 1808 323; x_wconf 84' lang='grc'><strong>1</strong></span> <span class='ocrx_word' id='word_1_106' title='bbox 1843 264 2009 322; x_wconf 78' lang='lat' dir='ltr'><strong>ROM.</strong></span> <span class='ocrx_word' id='word_1_107' title='bbox 2046 261 2247 320; x_wconf 78' lang='grc' dir='ltr'><strong>ΡΟΝΤ.</strong></span> <span class='ocrx_word' id='word_1_108' title='bbox 2290 259 2516 318; x_wconf 79' lang='lat' dir='ltr'><strong>OPERA</strong></span> <span class='ocrx_word' id='word_1_109' title='bbox 2557 257 2787 315; x_wconf 78' lang='lat' dir='ltr'><strong>DUDIA.</strong></span> 
     </span>
    </p>
   </div>
   <div class='ocr_carea' id='block_1_17' title="bbox 1996 391 2047 448">
    <p class='ocr_par' dir='ltr' id='par_1_17' title="bbox 1996 391 2047 448">
     <span class='ocr_line' id='line_1_17' title="bbox 1996 391 2047 448; baseline 0 0"><span class='ocrx_word' id='word_1_110' title='bbox 1996 391 2047 448; x_wconf 80' lang='grc' dir='ltr'><strong>Δ</strong></span> 
     </span>
    </p>
   </div>
   <div class='ocr_carea' id='block_1_18' title="bbox 3510 258 3662 314">
    <p class='ocr_par' dir='ltr' id='par_1_18' title="bbox 3510 258 3662 314">
     <span class='ocr_line' id='line_1_18' title="bbox 3510 258 3662 314; baseline 0.013 -2"><span class='ocrx_word' id='word_1_111' title='bbox 3510 258 3662 314; x_wconf 66' lang='grc'><strong>1140</strong></span> 
     </span>
    </p>
   </div>
   <div class='ocr_carea' id='block_1_19' title="bbox 2585 356 3138 429">
    <p class='ocr_par' dir='ltr' id='par_1_19' title="bbox 2585 356 3138 429">
     <span class='ocr_line' id='line_1_19' title="bbox 2585 356 3138 429; baseline -0.009 0"><span class='ocrx_word' id='word_1_112' title='bbox 2585 371 2980 429; x_wconf 67' lang='grc' dir='ltr'><strong>κΕφΑΑΑιοΝ</strong></span> <span class='ocrx_word' id='word_1_113' title='bbox 3012 356 3138 425; x_wconf 67' lang='grc' dir='ltr'><strong>λῖν.</strong></span> 
     </span>
    </p>
   </div>
   <div class='ocr_carea' id='block_1_20' title="bbox 2466 486 3236 559">
    <p class='ocr_par' dir='ltr' id='par_1_20' title="bbox 2466 486 3236 559">
     <span class='ocr_line' id='line_1_20' title="bbox 2466 486 3236 559; baseline -0.013 -12"><span class='ocrx_word' id='word_1_114' title='bbox 2466 487 2837 559; x_wconf 79' lang='grc' dir='ltr'>Εὑχαριστια</span> <span class='ocrx_word' id='word_1_115' title='bbox 2870 486 3236 553; x_wconf 69' lang='grc' dir='ltr'><strong>ἐπιλύχνιος.</strong></span> 
     </span>
    </p>
   </div>
   <div class='ocr_carea' id='block_1_21' title="bbox 2148 594 3667 677">
    <p class='ocr_par' dir='ltr' id='par_1_21' title="bbox 2148 594 3667 677">
     <span class='ocr_line' id='line_1_21' title="bbox 2148 594 3667 677; baseline -0.009 -13"><span class='ocrx_word' id='word_1_116' title='bbox 2148 607 2205 663; x_wconf 86' lang='grc'><strong>’0</strong></span> <span class='ocrx_word' id='word_1_117' title='bbox 2221 606 2455 677; x_wconf 75' lang='grc' dir='ltr'><strong>ἄναρχος</strong></span> <span class='ocrx_word' id='word_1_118' title='bbox 2483 602 2615 666; x_wconf 71' lang='grc' dir='ltr'>Θεὸς</span> <span class='ocrx_word' id='word_1_119' title='bbox 2636 602 2731 655; x_wconf 67' lang='lat' dir='ltr'><strong>atat</strong></span> <span class='ocrx_word' id='word_1_120' title='bbox 2757 599 3130 671; x_wconf 79' lang='grc' dir='ltr'>ἀτελεύτητος,</span> <span class='ocrx_word' id='word_1_121' title='bbox 3159 599 3188 652; x_wconf 82' lang='grc' dir='ltr'>ὁ</span> <span class='ocrx_word' id='word_1_122' title='bbox 3214 594 3322 649; x_wconf 84' lang='grc' dir='ltr'><strong>τῶν</strong></span> <span class='ocrx_word' id='word_1_123' title='bbox 3349 595 3489 651; x_wconf 81' lang='grc' dir='ltr'>ὅλων</span> <span class='ocrx_word' id='word_1_124' title='bbox 3504 614 3667 669; x_wconf 79' lang='grc' dir='ltr'>ποιη-</span> 
     </span>
    </p>
   </div>
   <div class='ocr_carea' id='block_1_22' title="bbox 2062 690 3665 769">
    <p class='ocr_par' dir='ltr' id='par_1_22' title="bbox 2062 690 3665 769">
     <span class='ocr_line' id='line_1_22' title="bbox 2062 690 3665 769; baseline -0.009 -14"><span class='ocrx_word' id='word_1_125' title='bbox 2062 699 2163 769; x_wconf 76' lang='grc' dir='ltr'>τὴς</span> <span class='ocrx_word' id='word_1_126' title='bbox 2199 698 2287 754; x_wconf 74' lang='grc' dir='ltr'><strong>διὰ</strong></span> <span class='ocrx_word' id='word_1_127' title='bbox 2334 692 2572 769; x_wconf 80' lang='grc' dir='ltr'>Χριστοῦ</span> <span class='ocrx_word' id='word_1_128' title='bbox 2604 693 2697 748; x_wconf 71' lang='grc' dir='ltr'><strong>καὶ</strong></span> <span class='ocrx_word' id='word_1_129' title='bbox 2727 690 3001 765; x_wconf 85' lang='grc' dir='ltr'>κηδεμὼν,</span> <span class='ocrx_word' id='word_1_130' title='bbox 3027 691 3136 762; x_wconf 78' lang='grc' dir='ltr'><strong>πρὸ</strong></span> <span class='ocrx_word' id='word_1_131' title='bbox 3171 690 3230 744; x_wconf 82' lang='grc' dir='ltr'><strong>δὲ</strong></span> <span class='ocrx_word' id='word_1_132' title='bbox 3274 690 3497 744; x_wconf 83' lang='grc' dir='ltr'>πάντων</span> <span class='ocrx_word' id='word_1_133' title='bbox 3535 692 3632 763; x_wconf 84' lang='lat'><strong>(51</strong></span> <span class='ocrx_word' id='word_1_134' title='bbox 3642 702 3665 765; x_wconf 78' lang='grc'><strong>)</strong></span> 
     </span>
    </p>
   </div>
   <div class='ocr_carea' id='block_1_23' title="bbox 2063 782 3662 857">
    <p class='ocr_par' dir='ltr' id='par_1_23' title="bbox 2063 782 3662 857">
     <span class='ocr_line' id='line_1_23' title="bbox 2063 782 3662 857; baseline -0.005 -13"><span class='ocrx_word' id='word_1_135' title='bbox 2063 788 2229 844; x_wconf 78' lang='grc' dir='ltr'>αὐτοῦ</span> <span class='ocrx_word' id='word_1_136' title='bbox 2277 788 2410 852; x_wconf 78' lang='grc' dir='ltr'>Θεὸς</span> <span class='ocrx_word' id='word_1_137' title='bbox 2451 787 2546 841; x_wconf 77' lang='grc' dir='ltr'><strong>καὶ</strong></span> <span class='ocrx_word' id='word_1_138' title='bbox 2584 784 2794 856; x_wconf 86' lang='grc' dir='ltr'>Πατὴρ,</span> <span class='ocrx_word' id='word_1_139' title='bbox 2830 786 2858 837; x_wconf 84' lang='grc' dir='ltr'><strong>ὁ</strong></span> <span class='ocrx_word' id='word_1_140' title='bbox 2892 782 2989 839; x_wconf 88' lang='grc' dir='ltr'><strong>τοῦ</strong></span> <span class='ocrx_word' id='word_1_141' title='bbox 3034 782 3351 854; x_wconf 75' lang='grc' dir='ltr'>Πνεῦματος</span> <span class='ocrx_word' id='word_1_142' title='bbox 3388 784 3503 857; x_wconf 76' lang='grc'><strong>(52)</strong></span> <span class='ocrx_word' id='word_1_143' title='bbox 3536 786 3662 840; x_wconf 73' lang='grc' dir='ltr'><strong>Κύ-</strong></span> 
     </span>
    </p>
   </div>
   <div class='ocr_carea' id='block_1_24' title="bbox 2064 874 3658 954">
    <p class='ocr_par' dir='ltr' id='par_1_24' title="bbox 2064 874 3658 954">
     <span class='ocr_line' id='line_1_24' title="bbox 2064 874 3658 954; baseline -0.004 -18"><span class='ocrx_word' id='word_1_144' title='bbox 2064 898 2179 954; x_wconf 84' lang='grc' dir='ltr'>ριος</span> <span class='ocrx_word' id='word_1_145' title='bbox 2214 880 2350 951; x_wconf 77' lang='grc'><strong>(55),</strong></span> <span class='ocrx_word' id='word_1_146' title='bbox 2401 880 2494 933; x_wconf 79' lang='grc' dir='ltr'><strong>καὶ</strong></span> <span class='ocrx_word' id='word_1_147' title='bbox 2532 878 2641 931; x_wconf 86' lang='grc' dir='ltr'><strong>τῶν</strong></span> <span class='ocrx_word' id='word_1_148' title='bbox 2684 875 2891 948; x_wconf 84' lang='grc' dir='ltr'><strong>νοητῶν</strong></span> <span class='ocrx_word' id='word_1_149' title='bbox 2923 877 3016 930; x_wconf 79' lang='grc' dir='ltr'><strong>καὶ</strong></span> <span class='ocrx_word' id='word_1_150' title='bbox 3058 875 3334 946; x_wconf 79' lang='grc' dir='ltr'><strong>αἰσθητῶν</strong></span> <span class='ocrx_word' id='word_1_151' title='bbox 3375 874 3658 945; x_wconf 78' lang='grc' dir='ltr'>βασιλεὺς,</span> 
     </span>
    </p>
   </div>
   <div class='ocr_carea' id='block_1_25' title="bbox 2066 968 3663 1044">
    <p class='ocr_par' dir='ltr' id='par_1_25' title="bbox 2066 968 3663 1044">
     <span class='ocr_line' id='line_1_25' title="bbox 2066 968 3663 1044; baseline -0.001 -19"><span class='ocrx_word' id='word_1_152' title='bbox 2066 974 2296 1044; x_wconf 74' lang='grc' dir='ltr'>ποιήσας</span> <span class='ocrx_word' id='word_1_153' title='bbox 2326 971 2536 1043; x_wconf 80' lang='grc' dir='ltr'>ἡμέραν</span> <span class='ocrx_word' id='word_1_154' title='bbox 2563 970 2697 1041; x_wconf 78' lang='grc' dir='ltr'>πρὸς</span> <span class='ocrx_word' id='word_1_155' title='bbox 2716 968 2852 1039; x_wconf 70' lang='grc' dir='ltr'><strong>ἔργα</strong></span> <span class='ocrx_word' id='word_1_156' title='bbox 2882 968 3078 1039; x_wconf 76' lang='grc' dir='ltr'>φωτὸς,</span> <span class='ocrx_word' id='word_1_157' title='bbox 3102 970 3196 1021; x_wconf 74' lang='grc' dir='ltr'><strong>καὶ</strong></span> <span class='ocrx_word' id='word_1_158' title='bbox 3227 968 3398 1022; x_wconf 80' lang='grc' dir='ltr'><strong>νύκτα</strong></span> <span class='ocrx_word' id='word_1_159' title='bbox 3416 972 3499 1033; x_wconf 78' lang='grc' dir='ltr'><strong>εις</strong></span> <span class='ocrx_word' id='word_1_160' title='bbox 3524 970 3663 1024; x_wconf 72' lang='grc' dir='ltr'><strong>ἀνά-</strong></span> 
     </span>
    </p>
   </div>
   <div class='ocr_carea' id='block_1_26' title="bbox 2064 1060 3659 1133">
    <p class='ocr_par' dir='ltr' id='par_1_26' title="bbox 2064 1060 3659 1133">
     <span class='ocr_line' id='line_1_26' title="bbox 2064 1060 3659 1133; baseline -0.001 -16"><span class='ocrx_word' id='word_1_161' title='bbox 2064 1080 2265 1117; x_wconf 81' lang='grc' dir='ltr'>παυσιν</span> <span class='ocrx_word' id='word_1_162' title='bbox 2296 1063 2395 1133; x_wconf 86' lang='grc' dir='ltr'>τῆς</span> <span class='ocrx_word' id='word_1_163' title='bbox 2426 1061 2708 1124; x_wconf 77' lang='grc' dir='ltr'><strong>ἀσθενείας</strong></span> <span class='ocrx_word' id='word_1_164' title='bbox 2744 1060 2923 1132; x_wconf 72' lang='grc' dir='ltr'>ἡμῶν·</span> <span class='ocrx_word' id='word_1_165' title='bbox 2985 1079 3003 1113; x_wconf 80' lang='grc' dir='ltr'><strong>ι</strong></span> <span class='ocrx_word' id='word_1_166' title='bbox 3044 1060 3117 1132; x_wconf 83' lang='grc' dir='ltr'><strong>Σὴ</strong></span> <span class='ocrx_word' id='word_1_167' title='bbox 3144 1060 3253 1131; x_wconf 84' lang='grc' dir='ltr'><strong>γάρ</strong></span> <span class='ocrx_word' id='word_1_168' title='bbox 3271 1061 3419 1115; x_wconf 75' lang='grc' dir='ltr'>ἐστιν</span> <span class='ocrx_word' id='word_1_169' title='bbox 3447 1062 3659 1133; x_wconf 77' lang='grc' dir='ltr'>ἡμέρα,</span> 
     </span>
    </p>
   </div>
   <div class='ocr_carea' id='block_1_27' title="bbox 2066 1151 3663 1227">
    <p class='ocr_par' dir='ltr' id='par_1_27' title="bbox 2066 1151 3663 1227">
     <span class='ocr_line' id='line_1_27' title="bbox 2066 1151 3663 1227; baseline -0.001 -18"><span class='ocrx_word' id='word_1_170' title='bbox 2066 1157 2161 1209; x_wconf 73' lang='grc' dir='ltr'><strong>καὶ</strong></span> <span class='ocrx_word' id='word_1_171' title='bbox 2209 1155 2273 1227; x_wconf 80' lang='grc' dir='ltr'>σή</span> <span class='ocrx_word' id='word_1_172' title='bbox 2329 1156 2477 1207; x_wconf 79' lang='grc' dir='ltr'>ἐστιν</span> <span class='ocrx_word' id='word_1_173' title='bbox 2534 1155 2583 1225; x_wconf 69' lang='grc' dir='ltr'><strong>ἡ</strong></span> <span class='ocrx_word' id='word_1_174' title='bbox 2632 1151 2751 1220; x_wconf 75' lang='grc' dir='ltr'>νὺξ,</span> <span class='ocrx_word' id='word_1_175' title='bbox 2803 1154 2867 1207; x_wconf 75' lang='grc' dir='ltr'><strong>σὺ</strong></span> <span class='ocrx_word' id='word_1_176' title='bbox 2929 1153 3245 1225; x_wconf 75' lang='grc' dir='ltr'><strong>κατηρτίσω</strong></span> <span class='ocrx_word' id='word_1_177' title='bbox 3300 1153 3503 1223; x_wconf 82' lang='grc' dir='ltr'>φαῦσιν</span> <span class='ocrx_word' id='word_1_178' title='bbox 3560 1156 3663 1208; x_wconf 79' lang='grc' dir='ltr'><strong>καὶ</strong></span> 
     </span>
    </p>
   </div>
   <div class='ocr_carea' id='block_1_28' title="bbox 2066 1244 3663 1317">
    <p class='ocr_par' dir='ltr' id='par_1_28' title="bbox 2066 1244 3663 1317">
     <span class='ocr_line' id='line_1_28' title="bbox 2066 1244 3663 1317; baseline 0.001 -18"><span class='ocrx_word' id='word_1_179' title='bbox 2066 1247 2216 1317; x_wconf 72' lang='grc' dir='ltr'>ἥλιον</span> <span class='ocrx_word' id='word_1_180' title='bbox 2250 1263 2263 1277; x_wconf 77' lang='grc' dir='ltr'><strong><em>ο</em></strong></span> <span class='ocrx_word' id='word_1_181' title='bbox 2315 1262 2337 1299; x_wconf 72' lang='grc' dir='ltr'><strong>ι</strong></span> <span class='ocrx_word' id='word_1_182' title='bbox 2383 1245 2546 1309; x_wconf 76' lang='grc' dir='ltr'>αὐτὸς</span> <span class='ocrx_word' id='word_1_183' title='bbox 2598 1244 2696 1299; x_wconf 91' lang='grc' dir='ltr'>νῦν</span> <span class='ocrx_word' id='word_1_184' title='bbox 2730 1285 2749 1314; x_wconf 93' lang='grc'><strong>,</strong></span> <span class='ocrx_word' id='word_1_185' title='bbox 2807 1244 3089 1312; x_wconf 81' lang='grc' dir='ltr'><strong>δέσποτα,</strong></span> <span class='ocrx_word' id='word_1_186' title='bbox 3150 1244 3501 1317; x_wconf 78' lang='grc' dir='ltr'>φιλάνθρωπε</span> <span class='ocrx_word' id='word_1_187' title='bbox 3562 1247 3663 1301; x_wconf 76' lang='grc' dir='ltr'><strong>καὶ</strong></span> 
     </span>
    </p>
   </div>
   <div class='ocr_carea' id='block_1_29' title="bbox 2068 1336 3664 1411">
    <p class='ocr_par' dir='ltr' id='par_1_29' title="bbox 2068 1336 3664 1411">
     <span class='ocr_line' id='line_1_29' title="bbox 2068 1336 3664 1411; baseline 0 -19"><span class='ocrx_word' id='word_1_188' title='bbox 2068 1338 2369 1408; x_wconf 79' lang='grc' dir='ltr'>πανάγαθε,</span> <span class='ocrx_word' id='word_1_189' title='bbox 2393 1336 2637 1410; x_wconf 80' lang='grc' dir='ltr'><strong>εὐμενῶς</strong></span> <span class='ocrx_word' id='word_1_190' title='bbox 2663 1336 2956 1409; x_wconf 80' lang='grc' dir='ltr'>πρόσδεξαι</span> <span class='ocrx_word' id='word_1_191' title='bbox 2985 1338 3086 1409; x_wconf 80' lang='grc' dir='ltr'>τὴν</span> <span class='ocrx_word' id='word_1_192' title='bbox 3112 1338 3403 1410; x_wconf 75' lang='grc' dir='ltr'>ἑσπερινὴν</span> <span class='ocrx_word' id='word_1_193' title='bbox 3438 1338 3664 1411; x_wconf 74' lang='grc' dir='ltr'>εὐχαρι-</span> 
     </span>
    </p>
   </div>
   <div class='ocr_carea' id='block_1_30' title="bbox 2069 1428 3664 1503">
    <p class='ocr_par' dir='ltr' id='par_1_30' title="bbox 2069 1428 3664 1503">
     <span class='ocr_line' id='line_1_30' title="bbox 2069 1428 3664 1503; baseline -0.001 -18"><span class='ocrx_word' id='word_1_194' title='bbox 2069 1432 2220 1486; x_wconf 83' lang='grc' dir='ltr'>στίαν</span> <span class='ocrx_word' id='word_1_195' title='bbox 2254 1431 2408 1503; x_wconf 78' lang='grc' dir='ltr'>ἡμῶν</span> <span class='ocrx_word' id='word_1_196' title='bbox 2431 1433 2656 1503; x_wconf 78' lang='grc' dir='ltr'>ταύτην.</span> <span class='ocrx_word' id='word_1_197' title='bbox 2702 1430 2759 1484; x_wconf 91' lang='lat'><strong>&#39;0</strong></span> <span class='ocrx_word' id='word_1_198' title='bbox 2789 1428 3065 1499; x_wconf 76' lang='grc' dir='ltr'><strong>διαγαγὼν</strong></span> <span class='ocrx_word' id='word_1_199' title='bbox 3097 1431 3245 1500; x_wconf 77' lang='grc' dir='ltr'><strong>ἡμᾶς</strong></span> <span class='ocrx_word' id='word_1_200' title='bbox 3265 1429 3327 1482; x_wconf 81' lang='grc' dir='ltr'>τὸ</span> <span class='ocrx_word' id='word_1_201' title='bbox 3357 1430 3534 1501; x_wconf 79' lang='grc' dir='ltr'>μῆκος</span> <span class='ocrx_word' id='word_1_202' title='bbox 3559 1431 3664 1501; x_wconf 80' lang='grc' dir='ltr'>τῆς</span> 
     </span>
    </p>
   </div>
   <div class='ocr_carea' id='block_1_31' title="bbox 2068 1520 3661 1595">
    <p class='ocr_par' dir='ltr' id='par_1_31' title="bbox 2068 1520 3661 1595">
     <span class='ocr_line' id='line_1_31' title="bbox 2068 1520 3661 1595; baseline -0.006 -16"><span class='ocrx_word' id='word_1_203' title='bbox 2068 1525 2296 1595; x_wconf 80' lang='grc' dir='ltr'>ἡμέρας,</span> <span class='ocrx_word' id='word_1_204' title='bbox 2332 1523 2428 1576; x_wconf 74' lang='grc' dir='ltr'><strong>καὶ</strong></span> <span class='ocrx_word' id='word_1_205' title='bbox 2456 1520 2679 1592; x_wconf 83' lang='grc' dir='ltr'>ἀγαγὼν</span> <span class='ocrx_word' id='word_1_206' title='bbox 2707 1523 2799 1575; x_wconf 77' lang='grc' dir='ltr'><strong>ἐπὶ</strong></span> <span class='ocrx_word' id='word_1_207' title='bbox 2833 1522 2933 1585; x_wconf 83' lang='grc' dir='ltr'>τὰς</span> <span class='ocrx_word' id='word_1_208' title='bbox 2962 1521 3139 1593; x_wconf 78' lang='grc' dir='ltr'>ἀρχὰς</span> <span class='ocrx_word' id='word_1_209' title='bbox 3168 1523 3268 1593; x_wconf 82' lang='grc' dir='ltr'><strong>τῆς</strong></span> <span class='ocrx_word' id='word_1_210' title='bbox 3298 1523 3517 1588; x_wconf 75' lang='grc' dir='ltr'>νυκτὸς,</span> <span class='ocrx_word' id='word_1_211' title='bbox 3552 1524 3661 1593; x_wconf 79' lang='grc' dir='ltr'><strong>φύ-</strong></span> 
     </span>
    </p>
   </div>
   <div class='ocr_carea' id='block_1_32' title="bbox 2065 1612 3663 1687">
    <p class='ocr_par' dir='ltr' id='par_1_32' title="bbox 2065 1612 3663 1687">
     <span class='ocr_line' id='line_1_32' title="bbox 2065 1612 3663 1687; baseline 0 -20"><span class='ocrx_word' id='word_1_212' title='bbox 2065 1614 2225 1681; x_wconf 83' lang='grc' dir='ltr'>λαξον</span> <span class='ocrx_word' id='word_1_213' title='bbox 2244 1615 2390 1687; x_wconf 77' lang='grc' dir='ltr'><strong>ἠμᾶς</strong></span> <span class='ocrx_word' id='word_1_214' title='bbox 2416 1613 2504 1668; x_wconf 75' lang='grc' dir='ltr'><strong>διὰ</strong></span> <span class='ocrx_word' id='word_1_215' title='bbox 2526 1614 2623 1668; x_wconf 86' lang='grc' dir='ltr'><strong>τοῦ</strong></span> <span class='ocrx_word' id='word_1_216' title='bbox 2644 1612 2883 1685; x_wconf 78' lang='grc' dir='ltr'>Χριστοῦ</span> <span class='ocrx_word' id='word_1_217' title='bbox 2914 1630 3030 1679; x_wconf 88' lang='grc' dir='ltr'>σου,</span> <span class='ocrx_word' id='word_1_218' title='bbox 3065 1614 3346 1687; x_wconf 75' lang='grc' dir='ltr'>εἰρηνικὴν</span> <span class='ocrx_word' id='word_1_219' title='bbox 3369 1615 3663 1685; x_wconf 77' lang='grc' dir='ltr'><strong>παράσχου</strong></span> 
     </span>
    </p>
   </div>
   <div class='ocr_carea' id='block_1_33' title="bbox 384 1704 1983 1787">
    <p class='ocr_par' dir='ltr' id='par_1_33' title="bbox 384 1704 1967 1787">
     <span class='ocr_line' id='line_1_33' title="bbox 384 1704 1967 1787; baseline -0.012 -14"><span class='ocrx_word' id='word_1_220' title='bbox 384 1718 608 1785; x_wconf 82' lang='lat' dir='ltr'><strong>heram;</strong></span> <span class='ocrx_word' id='word_1_221' title='bbox 635 1725 799 1787; x_wconf 88' lang='lat' dir='ltr'><strong>atque</strong></span> <span class='ocrx_word' id='word_1_222' title='bbox 820 1730 924 1772; x_wconf 85' lang='lat' dir='ltr'><strong>nos</strong></span> <span class='ocrx_word' id='word_1_223' title='bbox 942 1715 1049 1770; x_wconf 85' lang='lat' dir='ltr'><strong>vita</strong></span> <span class='ocrx_word' id='word_1_224' title='bbox 1062 1722 1266 1769; x_wconf 62' lang='lat' dir='ltr'><strong>aeterna</strong></span> <span class='ocrx_word' id='word_1_225' title='bbox 1291 1711 1540 1782; x_wconf 88' lang='lat' dir='ltr'><strong>dignare,</strong></span> <span class='ocrx_word' id='word_1_226' title='bbox 1572 1721 1667 1778; x_wconf 91' lang='lat' dir='ltr'><strong>per</strong></span> <span class='ocrx_word' id='word_1_227' title='bbox 1689 1704 1967 1760; x_wconf 87' lang='lat' dir='ltr'><strong>Christum</strong></span> 
     </span>
    </p>
   </div>
   <div class='ocr_carea' id='block_1_34' title="bbox 2074 1704 3665 1787">
    <p class='ocr_par' dir='ltr' id='par_1_34' title="bbox 2074 1705 3665 1779">
     <span class='ocr_line' id='line_1_34' title="bbox 2074 1705 3665 1779; baseline 0.001 -19"><span class='ocrx_word' id='word_1_228' title='bbox 2074 1707 2167 1778; x_wconf 82' lang='grc' dir='ltr'><strong>τὴν</strong></span> <span class='ocrx_word' id='word_1_229' title='bbox 2180 1707 2439 1779; x_wconf 79' lang='grc' dir='ltr'>ἑσπέραν,</span> <span class='ocrx_word' id='word_1_230' title='bbox 2453 1706 2547 1761; x_wconf 75' lang='grc' dir='ltr'><strong>καὶ</strong></span> <span class='ocrx_word' id='word_1_231' title='bbox 2558 1706 2658 1776; x_wconf 83' lang='grc' dir='ltr'>τὴν</span> <span class='ocrx_word' id='word_1_232' title='bbox 2672 1706 2842 1759; x_wconf 80' lang='grc' dir='ltr'>νύκτα</span> <span class='ocrx_word' id='word_1_233' title='bbox 2855 1705 3259 1777; x_wconf 79' lang='grc' dir='ltr'><strong>ἀναμάρτητον,</strong></span> <span class='ocrx_word' id='word_1_234' title='bbox 3275 1705 3370 1759; x_wconf 78' lang='grc' dir='ltr'><strong>καὶ</strong></span> <span class='ocrx_word' id='word_1_235' title='bbox 3390 1705 3665 1770; x_wconf 76' lang='grc' dir='ltr'>καταξίω-</span> 
     </span>
    </p>
   </div>
   <div class='ocr_carea' id='block_1_35' title="bbox 386 1767 1983 1876">
    <p class='ocr_par' dir='ltr' id='par_1_35' title="bbox 386 1767 1961 1876">
     <span class='ocr_line' id='line_1_35' title="bbox 387 1767 1591 1787; baseline -0.01 0"><span class='ocrx_word' id='word_1_236' title='bbox 387 1767 608 1785; x_wconf 65' lang='grc' dir='ltr'><strong>-ν--τ-.</strong></span> <span class='ocrx_word' id='word_1_237' title='bbox 637 1767 794 1787; x_wconf 67' lang='grc' dir='ltr'><strong>-ητη</strong></span> <span class='ocrx_word' id='word_1_238' title='bbox 821 1767 919 1772; x_wconf 58' lang='grc' dir='ltr'><strong>ηπ</strong></span> <span class='ocrx_word' id='word_1_239' title='bbox 1118 1767 1159 1769; x_wconf 43' lang='grc' dir='ltr'><strong>κ-</strong></span> <span class='ocrx_word' id='word_1_240' title='bbox 1354 1767 1381 1782; x_wconf 70' lang='grc' dir='ltr'><em>υ</em></span> <span class='ocrx_word' id='word_1_241' title='bbox 1527 1767 1538 1774; x_wconf 88' lang='grc'><em>.</em></span> <span class='ocrx_word' id='word_1_242' title='bbox 1573 1767 1591 1778; x_wconf 90' lang='grc'>.</span> 
     </span>
     <span class='ocr_line' id='line_1_36' title="bbox 386 1792 1961 1876; baseline -0.01 -15"><span class='ocrx_word' id='word_1_243' title='bbox 386 1812 581 1874; x_wconf 85' lang='lat' dir='ltr'><strong>tuum;</strong></span> <span class='ocrx_word' id='word_1_244' title='bbox 606 1820 703 1876; x_wconf 88' lang='lat' dir='ltr'><strong>per</strong></span> <span class='ocrx_word' id='word_1_245' title='bbox 729 1819 892 1875; x_wconf 87' lang='lat' dir='ltr'><strong>quem</strong></span> <span class='ocrx_word' id='word_1_246' title='bbox 932 1804 1029 1859; x_wconf 86' lang='lat' dir='ltr'><strong>tibi</strong></span> <span class='ocrx_word' id='word_1_247' title='bbox 1064 1803 1257 1873; x_wconf 80' lang='lat' dir='ltr'><strong>gloria,</strong></span> <span class='ocrx_word' id='word_1_248' title='bbox 1289 1802 1466 1856; x_wconf 88' lang='lat' dir='ltr'><strong>honor</strong></span> <span class='ocrx_word' id='word_1_249' title='bbox 1494 1814 1559 1854; x_wconf 90' lang='lat' dir='ltr'><strong>ac</strong></span> <span class='ocrx_word' id='word_1_250' title='bbox 1579 1794 1875 1858; x_wconf 89' lang='lat' dir='ltr'><strong>veneratio,</strong></span> <span class='ocrx_word' id='word_1_251' title='bbox 1903 1792 1961 1847; x_wconf 91' lang='lat' dir='ltr'><strong>in</strong></span> 
     </span>
    </p>
   </div>
   <div class='ocr_carea' id='block_1_36' title="bbox 2074 1767 3663 1876">
    <p class='ocr_par' dir='ltr' id='par_1_36' title="bbox 2074 1767 3663 1871">
     <span class='ocr_line' id='line_1_37' title="bbox 2074 1767 3663 1871; baseline -0.001 -18"><span class='ocrx_word' id='word_1_252' title='bbox 2074 1767 2157 1853; x_wconf 63' lang='lat' dir='ltr'><strong>rev</strong></span> <span class='ocrx_word' id='word_1_253' title='bbox 2179 1767 2331 1870; x_wconf 67' lang='grc' dir='ltr'><strong>ἡμᾶς</strong></span> <span class='ocrx_word' id='word_1_254' title='bbox 2343 1767 2443 1870; x_wconf 82' lang='grc' dir='ltr'>τῆς</span> <span class='ocrx_word' id='word_1_255' title='bbox 2473 1767 2691 1852; x_wconf 62' lang='grc' dir='ltr'>αἰωνίου</span> <span class='ocrx_word' id='word_1_256' title='bbox 2722 1795 2886 1871; x_wconf 82' lang='grc' dir='ltr'><strong>ζωῆς,</strong></span> <span class='ocrx_word' id='word_1_257' title='bbox 2906 1767 2998 1851; x_wconf 61' lang='grc' dir='ltr'>δια</span> <span class='ocrx_word' id='word_1_258' title='bbox 3022 1767 3118 1851; x_wconf 72' lang='grc' dir='ltr'><strong>τοῦ</strong></span> <span class='ocrx_word' id='word_1_259' title='bbox 3135 1767 3387 1869; x_wconf 42' lang='grc' dir='ltr'>’Χριστοῦ</span> <span class='ocrx_word' id='word_1_260' title='bbox 3422 1767 3565 1851; x_wconf 45' lang='grc' dir='ltr'>σουδ-</span> <span class='ocrx_word' id='word_1_261' title='bbox 3591 1798 3663 1852; x_wconf 75' lang='grc' dir='ltr'><strong>δι’</strong></span> 
     </span>
    </p>
   </div>
   <div class='ocr_carea' id='block_1_37' title="bbox 387 1886 1956 1965">
    <p class='ocr_par' dir='ltr' id='par_1_37' title="bbox 387 1886 1956 1965">
     <span class='ocr_line' id='line_1_38' title="bbox 387 1886 1956 1965; baseline -0.008 -12"><span class='ocrx_word' id='word_1_262' title='bbox 387 1904 579 1953; x_wconf 84' lang='lat' dir='ltr'><strong>sancto</strong></span> <span class='ocrx_word' id='word_1_263' title='bbox 610 1893 840 1965; x_wconf 89' lang='lat' dir='ltr'><strong>Spiritu,</strong></span> <span class='ocrx_word' id='word_1_264' title='bbox 866 1895 923 1950; x_wconf 93' lang='lat' dir='ltr'><strong>in</strong></span> <span class='ocrx_word' id='word_1_265' title='bbox 946 1893 1167 1951; x_wconf 64' lang='lat' dir='ltr'><strong>saecula.</strong></span> <span class='ocrx_word' id='word_1_266' title='bbox 1189 1892 1381 1947; x_wconf 81' lang='lat' dir='ltr'><strong>Amen.</strong></span> <span class='ocrx_word' id='word_1_267' title='bbox 1407 1890 1473 1944; x_wconf 81' lang='lat' dir='ltr'><strong>Et</strong></span> <span class='ocrx_word' id='word_1_268' title='bbox 1493 1890 1756 1944; x_wconf 87' lang='lat' dir='ltr'><strong>diaconus</strong></span> <span class='ocrx_word' id='word_1_269' title='bbox 1777 1886 1956 1941; x_wconf 86' lang='lat' dir='ltr'><strong>dicat:</strong></span> 
     </span>
    </p>
   </div>
   <div class='ocr_carea' id='block_1_38' title="bbox 388 1975 1963 2055">
    <p class='ocr_par' dir='ltr' id='par_1_38' title="bbox 388 1975 1963 2055">
     <span class='ocr_line' id='line_1_39' title="bbox 388 1975 1963 2055; baseline -0.009 -12"><span class='ocrx_word' id='word_1_270' title='bbox 388 1984 651 2043; x_wconf 87' lang='lat' dir='ltr'><strong>lnclinate</strong></span> <span class='ocrx_word' id='word_1_271' title='bbox 678 1986 747 2041; x_wconf 91' lang='lat' dir='ltr'><strong>ad</strong></span> <span class='ocrx_word' id='word_1_272' title='bbox 785 1999 1047 2040; x_wconf 88' lang='lat' dir='ltr'><strong>manuum</strong></span> <span class='ocrx_word' id='word_1_273' title='bbox 1079 1984 1507 2055; x_wconf 89' lang='lat' dir='ltr'><strong>impositionem.</strong></span> <span class='ocrx_word' id='word_1_274' title='bbox 1546 1980 1624 2036; x_wconf 81' lang='lat' dir='ltr'><strong>Ac</strong></span> <span class='ocrx_word' id='word_1_275' title='bbox 1666 1978 1817 2034; x_wconf 91' lang='lat' dir='ltr'><strong>dicat</strong></span> <span class='ocrx_word' id='word_1_276' title='bbox 1845 1975 1963 2047; x_wconf 91' lang='lat' dir='ltr'><strong>epi-</strong></span> 
     </span>
    </p>
   </div>
   <div class='ocr_carea' id='block_1_39' title="bbox 388 2067 1958 2148">
    <p class='ocr_par' dir='ltr' id='par_1_39' title="bbox 388 2067 1958 2148">
     <span class='ocr_line' id='line_1_40' title="bbox 388 2067 1958 2148; baseline -0.008 -13"><span class='ocrx_word' id='word_1_277' title='bbox 388 2093 626 2148; x_wconf 83' lang='lat' dir='ltr'><strong>scopus:</strong></span> <span class='ocrx_word' id='word_1_278' title='bbox 674 2075 817 2134; x_wconf 87' lang='lat' dir='ltr'><strong>Deus</strong></span> <span class='ocrx_word' id='word_1_279' title='bbox 867 2083 1107 2148; x_wconf 90' lang='lat' dir='ltr'><strong>patrum,</strong></span> <span class='ocrx_word' id='word_1_280' title='bbox 1158 2088 1222 2129; x_wconf 86' lang='lat' dir='ltr'><strong>ac</strong></span> <span class='ocrx_word' id='word_1_281' title='bbox 1276 2072 1505 2129; x_wconf 89' lang='lat' dir='ltr'><strong>Domine</strong></span> <span class='ocrx_word' id='word_1_282' title='bbox 1547 2067 1958 2131; x_wconf 59' lang='lat' dir='ltr'><strong>misericordiae,</strong></span> 
     </span>
    </p>
   </div>
   <div class='ocr_carea' id='block_1_40' title="bbox 389 2161 1962 2238">
    <p class='ocr_par' dir='ltr' id='par_1_40' title="bbox 389 2161 1962 2238">
     <span class='ocr_line' id='line_1_41' title="bbox 389 2161 1962 2238; baseline -0.004 -17"><span class='ocrx_word' id='word_1_283' title='bbox 389 2169 482 2238; x_wconf 87' lang='lat' dir='ltr'><strong>qui</strong></span> <span class='ocrx_word' id='word_1_284' title='bbox 513 2164 777 2238; x_wconf 84' lang='lat' dir='ltr'><strong>sapientia</strong></span> <span class='ocrx_word' id='word_1_285' title='bbox 814 2177 908 2225; x_wconf 89' lang='lat' dir='ltr'><strong>tua</strong></span> <span class='ocrx_word' id='word_1_286' title='bbox 969 2165 1275 2222; x_wconf 88' lang='lat' dir='ltr'><strong>fabricatus</strong></span> <span class='ocrx_word' id='word_1_287' title='bbox 1322 2181 1382 2221; x_wconf 89' lang='lat' dir='ltr'><strong>es</strong></span> <span class='ocrx_word' id='word_1_288' title='bbox 1426 2165 1722 2228; x_wconf 88' lang='lat' dir='ltr'><strong>hominem,</strong></span> <span class='ocrx_word' id='word_1_289' title='bbox 1760 2161 1962 2216; x_wconf 88' lang='lat' dir='ltr'><strong>animal</strong></span> 
     </span>
    </p>
   </div>
   <div class='ocr_carea' id='block_1_41' title="bbox 386 2254 1964 2329">
    <p class='ocr_par' dir='ltr' id='par_1_41' title="bbox 386 2254 1964 2329">
     <span class='ocr_line' id='line_1_42' title="bbox 386 2254 1964 2329; baseline -0.005 -16"><span class='ocrx_word' id='word_1_290' title='bbox 386 2258 601 2315; x_wconf 85' lang='lat' dir='ltr'><strong>ratione</strong></span> <span class='ocrx_word' id='word_1_291' title='bbox 629 2258 943 2329; x_wconf 70' lang='lat' dir='ltr'><strong>praeditum,</strong></span> <span class='ocrx_word' id='word_1_292' title='bbox 974 2256 1211 2311; x_wconf 81' lang='lat' dir='ltr'><strong>maxime</strong></span> <span class='ocrx_word' id='word_1_293' title='bbox 1236 2272 1302 2310; x_wconf 85' lang='lat' dir='ltr'><strong>ex</strong></span> <span class='ocrx_word' id='word_1_294' title='bbox 1340 2256 1408 2310; x_wconf 89' lang='lat' dir='ltr'><strong>iis</strong></span> <span class='ocrx_word' id='word_1_295' title='bbox 1436 2269 1557 2325; x_wconf 62' lang='lat' dir='ltr'><strong>quae</strong></span> <span class='ocrx_word' id='word_1_296' title='bbox 1582 2254 1637 2308; x_wconf 93' lang='lat' dir='ltr'><strong>in</strong></span> <span class='ocrx_word' id='word_1_297' title='bbox 1658 2263 1803 2308; x_wconf 88' lang='lat' dir='ltr'><strong>terra</strong></span> <span class='ocrx_word' id='word_1_298' title='bbox 1835 2257 1964 2307; x_wconf 88' lang='lat' dir='ltr'><strong>sunt</strong></span> 
     </span>
    </p>
   </div>
   <div class='ocr_carea' id='block_1_42' title="bbox 387 2345 1964 2417">
    <p class='ocr_par' dir='ltr' id='par_1_42' title="bbox 387 2345 1964 2417">
     <span class='ocr_line' id='line_1_43' title="bbox 387 2345 1964 2417; baseline -0.003 -14"><span class='ocrx_word' id='word_1_299' title='bbox 387 2349 615 2403; x_wconf 89' lang='lat' dir='ltr'><strong>charum</strong></span> <span class='ocrx_word' id='word_1_300' title='bbox 646 2349 787 2415; x_wconf 90' lang='lat' dir='ltr'><strong>Deo;</strong></span> <span class='ocrx_word' id='word_1_301' title='bbox 816 2356 871 2405; x_wconf 88' lang='lat' dir='ltr'><strong>et</strong></span> <span class='ocrx_word' id='word_1_302' title='bbox 896 2348 1137 2404; x_wconf 88' lang='lat' dir='ltr'><strong>tribuisti</strong></span> <span class='ocrx_word' id='word_1_303' title='bbox 1154 2347 1203 2402; x_wconf 89' lang='lat' dir='ltr'><strong>ei</strong></span> <span class='ocrx_word' id='word_1_304' title='bbox 1251 2356 1309 2403; x_wconf 91' lang='lat' dir='ltr'><strong>ut</strong></span> <span class='ocrx_word' id='word_1_305' title='bbox 1340 2347 1633 2417; x_wconf 87' lang='lat' dir='ltr'><strong>imperaret</strong></span> <span class='ocrx_word' id='word_1_306' title='bbox 1661 2345 1824 2401; x_wconf 87' lang='lat' dir='ltr'><strong>rebus</strong></span> <span class='ocrx_word' id='word_1_307' title='bbox 1852 2351 1964 2398; x_wconf 89' lang='lat' dir='ltr'><strong>ter-</strong></span> 
     </span>
    </p>
   </div>
   <div class='ocr_carea' id='block_1_43' title="bbox 388 2440 1964 2511">
    <p class='ocr_par' dir='ltr' id='par_1_43' title="bbox 388 2440 1964 2511">
     <span class='ocr_line' id='line_1_44' title="bbox 388 2440 1964 2511; baseline -0.003 -14"><span class='ocrx_word' id='word_1_308' title='bbox 388 2442 696 2508; x_wconf 86' lang='lat' dir='ltr'><strong>restribus;</strong></span> <span class='ocrx_word' id='word_1_309' title='bbox 724 2441 927 2511; x_wconf 85' lang='lat' dir='ltr'><strong>quique</strong></span> <span class='ocrx_word' id='word_1_310' title='bbox 954 2442 1234 2496; x_wconf 83' lang='lat' dir='ltr'><strong>voluntate</strong></span> <span class='ocrx_word' id='word_1_311' title='bbox 1264 2451 1356 2496; x_wconf 86' lang='lat' dir='ltr'><strong>tua</strong></span> <span class='ocrx_word' id='word_1_312' title='bbox 1387 2440 1663 2511; x_wconf 84' lang='lat' dir='ltr'><strong>principes</strong></span> <span class='ocrx_word' id='word_1_313' title='bbox 1684 2453 1748 2493; x_wconf 87' lang='lat' dir='ltr'><strong>ac</strong></span> <span class='ocrx_word' id='word_1_314' title='bbox 1780 2452 1964 2494; x_wconf 86' lang='lat' dir='ltr'><strong>sacer-</strong></span> 
     </span>
    </p>
   </div>
   <div class='ocr_carea' id='block_1_44' title="bbox 388 2531 1961 2603">
    <p class='ocr_par' dir='ltr' id='par_1_44' title="bbox 388 2531 1961 2603">
     <span class='ocr_line' id='line_1_45' title="bbox 388 2531 1961 2603; baseline -0.002 -16"><span class='ocrx_word' id='word_1_315' title='bbox 388 2533 549 2588; x_wconf 83' lang='lat' dir='ltr'><strong>dotes</strong></span> <span class='ocrx_word' id='word_1_316' title='bbox 568 2532 932 2599; x_wconf 85' lang='lat' dir='ltr'><strong>constituisti;</strong></span> <span class='ocrx_word' id='word_1_317' title='bbox 957 2532 1079 2589; x_wconf 92' lang='lat' dir='ltr'><strong>illos</strong></span> <span class='ocrx_word' id='word_1_318' title='bbox 1098 2532 1317 2603; x_wconf 83' lang='lat' dir='ltr'><strong>quidem</strong></span> <span class='ocrx_word' id='word_1_319' title='bbox 1340 2531 1408 2585; x_wconf 90' lang='lat' dir='ltr'><strong>ad</strong></span> <span class='ocrx_word' id='word_1_320' title='bbox 1439 2532 1562 2587; x_wconf 74' lang='lat' dir='ltr'><strong>vita:</strong></span> <span class='ocrx_word' id='word_1_321' title='bbox 1586 2531 1961 2597; x_wconf 85' lang='lat' dir='ltr'><strong>securitatem;</strong></span> 
     </span>
    </p>
   </div>
   <div class='ocr_carea' id='block_1_45' title="bbox 391 2621 1967 2695">
    <p class='ocr_par' dir='ltr' id='par_1_45' title="bbox 391 2621 1967 2695">
     <span class='ocr_line' id='line_1_46' title="bbox 391 2621 1967 2695; baseline -0.003 -16"><span class='ocrx_word' id='word_1_322' title='bbox 391 2622 494 2679; x_wconf 82' lang='lat' dir='ltr'><strong>hos</strong></span> <span class='ocrx_word' id='word_1_323' title='bbox 516 2636 650 2679; x_wconf 85' lang='lat' dir='ltr'><strong>vero</strong></span> <span class='ocrx_word' id='word_1_324' title='bbox 670 2621 740 2678; x_wconf 87' lang='lat' dir='ltr'><strong>ad</strong></span> <span class='ocrx_word' id='word_1_325' title='bbox 775 2623 1074 2695; x_wconf 87' lang='lat' dir='ltr'><strong>legitimum</strong></span> <span class='ocrx_word' id='word_1_326' title='bbox 1097 2624 1305 2679; x_wconf 90' lang='lat' dir='ltr'><strong>cultum</strong></span> <span class='ocrx_word' id='word_1_327' title='bbox 1336 2642 1349 2679; x_wconf 87' lang='lat'><strong>:</strong></span> <span class='ocrx_word' id='word_1_328' title='bbox 1381 2623 1499 2695; x_wconf 90' lang='lat' dir='ltr'><strong>ipse</strong></span> <span class='ocrx_word' id='word_1_329' title='bbox 1526 2637 1670 2677; x_wconf 89' lang='lat' dir='ltr'><strong>nunc</strong></span> <span class='ocrx_word' id='word_1_330' title='bbox 1690 2622 1854 2676; x_wconf 85' lang='lat' dir='ltr'><strong>etiam</strong></span> <span class='ocrx_word' id='word_1_331' title='bbox 1881 2621 1967 2675; x_wconf 85' lang='lat' dir='ltr'><strong>in-</strong></span> 
     </span>
    </p>
   </div>
   <div class='ocr_carea' id='block_1_46' title="bbox 390 2710 1965 2785">
    <p class='ocr_par' dir='ltr' id='par_1_46' title="bbox 390 2710 1965 2785">
     <span class='ocr_line' id='line_1_47' title="bbox 390 2710 1965 2785; baseline -0.001 -17"><span class='ocrx_word' id='word_1_332' title='bbox 390 2711 631 2778; x_wconf 82' lang='lat' dir='ltr'><strong>flectere,</strong></span> <span class='ocrx_word' id='word_1_333' title='bbox 682 2710 912 2769; x_wconf 81' lang='lat' dir='ltr'><strong>Domine</strong></span> <span class='ocrx_word' id='word_1_334' title='bbox 957 2714 1303 2785; x_wconf 87' lang='lat' dir='ltr'><strong>omnipotens</strong></span> <span class='ocrx_word' id='word_1_335' title='bbox 1323 2752 1340 2776; x_wconf 93' lang='lat'><strong>,</strong></span> <span class='ocrx_word' id='word_1_336' title='bbox 1396 2721 1452 2769; x_wconf 90' lang='lat' dir='ltr'><strong>et</strong></span> <span class='ocrx_word' id='word_1_337' title='bbox 1496 2712 1725 2769; x_wconf 86' lang='lat' dir='ltr'><strong>ostende</strong></span> <span class='ocrx_word' id='word_1_338' title='bbox 1771 2710 1965 2767; x_wconf 88' lang='lat' dir='ltr'><strong>faciem</strong></span> 
     </span>
    </p>
   </div>
   <div class='ocr_carea' id='block_1_47' title="bbox 391 2802 1967 2875">
    <p class='ocr_par' dir='ltr' id='par_1_47' title="bbox 391 2802 1967 2875">
     <span class='ocr_line' id='line_1_48' title="bbox 391 2802 1967 2875; baseline 0.002 -19"><span class='ocrx_word' id='word_1_339' title='bbox 391 2810 540 2857; x_wconf 90' lang='lat' dir='ltr'><strong>tuam</strong></span> <span class='ocrx_word' id='word_1_340' title='bbox 570 2818 736 2875; x_wconf 86' lang='lat' dir='ltr'><strong>super</strong></span> <span class='ocrx_word' id='word_1_341' title='bbox 767 2804 1027 2875; x_wconf 86' lang='lat' dir='ltr'><strong>populum</strong></span> <span class='ocrx_word' id='word_1_342' title='bbox 1050 2812 1227 2870; x_wconf 90' lang='lat' dir='ltr'><strong>tuum,</strong></span> <span class='ocrx_word' id='word_1_343' title='bbox 1256 2819 1351 2860; x_wconf 86' lang='lat' dir='ltr'><strong>eos</strong></span> <span class='ocrx_word' id='word_1_344' title='bbox 1372 2804 1463 2875; x_wconf 88' lang='lat' dir='ltr'><strong>qui</strong></span> <span class='ocrx_word' id='word_1_345' title='bbox 1494 2803 1760 2859; x_wconf 80' lang='lat' dir='ltr'><strong>cervicem</strong></span> <span class='ocrx_word' id='word_1_346' title='bbox 1783 2802 1967 2859; x_wconf 71' lang='lat' dir='ltr'><strong>cordis</strong></span> 
     </span>
    </p>
   </div>
   <div class='ocr_carea' id='block_1_48' title="bbox 393 2893 1965 2966">
    <p class='ocr_par' dir='ltr' id='par_1_48' title="bbox 393 2893 1965 2966">
     <span class='ocr_line' id='line_1_49' title="bbox 393 2893 1965 2966; baseline -0.001 -16"><span class='ocrx_word' id='word_1_347' title='bbox 393 2893 481 2950; x_wconf 86' lang='lat' dir='ltr'><strong>sui</strong></span> <span class='ocrx_word' id='word_1_348' title='bbox 545 2894 939 2963; x_wconf 86' lang='lat' dir='ltr'><strong>incurvarunt;</strong></span> <span class='ocrx_word' id='word_1_349' title='bbox 1009 2896 1065 2953; x_wconf 81' lang='lat' dir='ltr'><strong>et</strong></span> <span class='ocrx_word' id='word_1_350' title='bbox 1115 2894 1345 2951; x_wconf 89' lang='lat' dir='ltr'><strong>benedic</strong></span> <span class='ocrx_word' id='word_1_351' title='bbox 1406 2896 1486 2952; x_wconf 89' lang='lat' dir='ltr'><strong>eis</strong></span> <span class='ocrx_word' id='word_1_352' title='bbox 1530 2910 1627 2966; x_wconf 91' lang='lat' dir='ltr'><strong>per</strong></span> <span class='ocrx_word' id='word_1_353' title='bbox 1665 2893 1965 2960; x_wconf 85' lang='lat' dir='ltr'><strong>Christum,</strong></span> 
     </span>
    </p>
   </div>
   <div class='ocr_carea' id='block_1_49' title="bbox 391 2987 1968 3059">
    <p class='ocr_par' dir='ltr' id='par_1_49' title="bbox 391 2987 1968 3059">
     <span class='ocr_line' id='line_1_50' title="bbox 391 2987 1968 3059; baseline 0.001 -18"><span class='ocrx_word' id='word_1_354' title='bbox 391 3002 490 3059; x_wconf 88' lang='lat' dir='ltr'><strong>per</strong></span> <span class='ocrx_word' id='word_1_355' title='bbox 516 3000 679 3058; x_wconf 88' lang='lat' dir='ltr'><strong>quem</strong></span> <span class='ocrx_word' id='word_1_356' title='bbox 708 2987 996 3044; x_wconf 89' lang='lat' dir='ltr'><strong>illustrasti</strong></span> <span class='ocrx_word' id='word_1_357' title='bbox 1031 3003 1134 3044; x_wconf 90' lang='lat' dir='ltr'><strong>nos</strong></span> <span class='ocrx_word' id='word_1_358' title='bbox 1159 2987 1365 3044; x_wconf 89' lang='lat' dir='ltr'><strong>lumine</strong></span> <span class='ocrx_word' id='word_1_359' title='bbox 1390 2987 1740 3059; x_wconf 88' lang='lat' dir='ltr'><strong>cognitionis,</strong></span> <span class='ocrx_word' id='word_1_360' title='bbox 1777 3002 1841 3043; x_wconf 89' lang='lat' dir='ltr'><strong>ac</strong></span> <span class='ocrx_word' id='word_1_361' title='bbox 1877 3002 1968 3043; x_wconf 89' lang='lat' dir='ltr'><strong>re-</strong></span> 
     </span>
    </p>
   </div>
   <div class='ocr_carea' id='block_1_50' title="bbox 2060 1884 3665 1963">
    <p class='ocr_par' dir='ltr' id='par_1_50' title="bbox 2060 1884 3665 1963">
     <span class='ocr_line' id='line_1_51' title="bbox 2060 1884 3665 1963; baseline -0.002 -17"><span class='ocrx_word' id='word_1_362' title='bbox 2060 1884 2122 1946; x_wconf 76' lang='grc' dir='ltr'><strong>οῦ</strong></span> <span class='ocrx_word' id='word_1_363' title='bbox 2137 1891 2522 1963; x_wconf 80' lang='grc' dir='ltr'>σοιδόξα,τιμὴ</span> <span class='ocrx_word' id='word_1_364' title='bbox 2549 1892 2645 1946; x_wconf 74' lang='grc' dir='ltr'><strong>καὶ</strong></span> <span class='ocrx_word' id='word_1_365' title='bbox 2667 1889 2850 1957; x_wconf 76' lang='grc' dir='ltr'>σέϐας,</span> <span class='ocrx_word' id='word_1_366' title='bbox 2876 1891 2934 1942; x_wconf 79' lang='grc' dir='ltr'><strong>ὲν</strong></span> <span class='ocrx_word' id='word_1_367' title='bbox 2961 1889 3099 1960; x_wconf 81' lang='grc' dir='ltr'>ἁγίῳ</span> <span class='ocrx_word' id='word_1_368' title='bbox 3121 1890 3235 1961; x_wconf 79' lang='grc'><strong>(54)</strong></span> <span class='ocrx_word' id='word_1_369' title='bbox 3251 1889 3555 1961; x_wconf 82' lang='grc' dir='ltr'>Πνεύματι,</span> <span class='ocrx_word' id='word_1_370' title='bbox 3578 1892 3665 1954; x_wconf 72' lang='grc' dir='ltr'><strong>εἰς</strong></span> 
     </span>
    </p>
   </div>
   <div class='ocr_carea' id='block_1_51' title="bbox 2060 1981 3663 2054">
    <p class='ocr_par' dir='ltr' id='par_1_51' title="bbox 2060 1981 3663 2054">
     <span class='ocr_line' id='line_1_52' title="bbox 2060 1981 3663 2054; baseline 0 -19"><span class='ocrx_word' id='word_1_371' title='bbox 2060 1984 2188 2047; x_wconf 77' lang='grc' dir='ltr'>τοὺς</span> <span class='ocrx_word' id='word_1_372' title='bbox 2206 1983 2427 2046; x_wconf 73' lang='grc' dir='ltr'>αἰῶνας.</span> <span class='ocrx_word' id='word_1_373' title='bbox 2470 1983 2661 2054; x_wconf 82' lang='grc' dir='ltr'><strong>Ἀμήν.</strong></span> <span class='ocrx_word' id='word_1_374' title='bbox 2692 1983 2802 2035; x_wconf 76' lang='grc' dir='ltr'><strong>Καὶ</strong></span> <span class='ocrx_word' id='word_1_375' title='bbox 2820 1984 2850 2035; x_wconf 81' lang='grc' dir='ltr'>ὁ</span> <span class='ocrx_word' id='word_1_376' title='bbox 2872 1981 3115 2044; x_wconf 79' lang='grc' dir='ltr'>διάκονος</span> <span class='ocrx_word' id='word_1_377' title='bbox 3142 1981 3366 2050; x_wconf 81' lang='grc' dir='ltr'><strong>λεγέτω·</strong></span> <span class='ocrx_word' id='word_1_378' title='bbox 3420 1981 3663 2035; x_wconf 69' lang='grc' dir='ltr'>Κλενατς</span> 
     </span>
    </p>
   </div>
   <div class='ocr_carea' id='block_1_52' title="bbox 2060 2072 3662 2147">
    <p class='ocr_par' dir='ltr' id='par_1_52' title="bbox 2060 2072 3662 2147">
     <span class='ocr_line' id='line_1_53' title="bbox 2060 2072 3662 2147; baseline -0.001 -19"><span class='ocrx_word' id='word_1_379' title='bbox 2060 2077 2128 2145; x_wconf 78' lang='grc' dir='ltr'>τῇ</span> <span class='ocrx_word' id='word_1_380' title='bbox 2157 2074 2485 2147; x_wconf 78' lang='grc' dir='ltr'>χειροθεσίᾳ.</span> <span class='ocrx_word' id='word_1_381' title='bbox 2548 2075 2659 2127; x_wconf 78' lang='grc' dir='ltr'><strong>Καὶ</strong></span> <span class='ocrx_word' id='word_1_382' title='bbox 2686 2075 2715 2129; x_wconf 84' lang='grc' dir='ltr'><strong>ὁ</strong></span> <span class='ocrx_word' id='word_1_383' title='bbox 2745 2073 3042 2137; x_wconf 75' lang='grc' dir='ltr'>ἐπίσκοπος</span> <span class='ocrx_word' id='word_1_384' title='bbox 3079 2072 3304 2143; x_wconf 69' lang='grc' dir='ltr'>λεγέτιιν</span> <span class='ocrx_word' id='word_1_385' title='bbox 3355 2072 3460 2126; x_wconf 82' lang='grc' dir='ltr'><strong>Θεὲ</strong></span> <span class='ocrx_word' id='word_1_386' title='bbox 3491 2073 3662 2126; x_wconf 78' lang='grc' dir='ltr'>πατέ-</span> 
     </span>
    </p>
   </div>
   <div class='ocr_carea' id='block_1_53' title="bbox 2065 2164 3662 2239">
    <p class='ocr_par' dir='ltr' id='par_1_53' title="bbox 2065 2164 3662 2239">
     <span class='ocr_line' id='line_1_54' title="bbox 2065 2164 3662 2239; baseline -0.002 -18"><span class='ocrx_word' id='word_1_387' title='bbox 2065 2184 2173 2237; x_wconf 87' lang='grc' dir='ltr'><strong>ρων</strong></span> <span class='ocrx_word' id='word_1_388' title='bbox 2201 2167 2337 2237; x_wconf 81' lang='grc'><strong>(55),</strong></span> <span class='ocrx_word' id='word_1_389' title='bbox 2367 2168 2462 2221; x_wconf 77' lang='grc' dir='ltr'><strong>καὶ</strong></span> <span class='ocrx_word' id='word_1_390' title='bbox 2495 2165 2666 2239; x_wconf 77' lang='grc' dir='ltr'>Κύριε</span> <span class='ocrx_word' id='word_1_391' title='bbox 2704 2166 2801 2219; x_wconf 85' lang='grc' dir='ltr'><strong>τοῦ</strong></span> <span class='ocrx_word' id='word_1_392' title='bbox 2833 2166 3036 2230; x_wconf 79' lang='grc' dir='ltr'>ἐλέους,</span> <span class='ocrx_word' id='word_1_393' title='bbox 3067 2167 3179 2237; x_wconf 80' lang='grc' dir='ltr'><strong>ὁτῇ</strong></span> <span class='ocrx_word' id='word_1_394' title='bbox 3216 2164 3377 2236; x_wconf 77' lang='grc' dir='ltr'>σοφίᾳ</span> <span class='ocrx_word' id='word_1_395' title='bbox 3421 2181 3518 2218; x_wconf 83' lang='grc' dir='ltr'>σου</span> <span class='ocrx_word' id='word_1_396' title='bbox 3553 2183 3662 2218; x_wconf 78' lang='grc' dir='ltr'><strong>κα-</strong></span> 
     </span>
    </p>
   </div>
   <div class='ocr_carea' id='block_1_54' title="bbox 2061 2257 3667 2331">
    <p class='ocr_par' dir='ltr' id='par_1_54' title="bbox 2061 2257 3667 2331">
     <span class='ocr_line' id='line_1_55' title="bbox 2061 2257 3667 2331; baseline -0.002 -18"><span class='ocrx_word' id='word_1_397' title='bbox 2061 2260 2401 2323; x_wconf 80' lang='grc' dir='ltr'>τασκευάσας</span> <span class='ocrx_word' id='word_1_398' title='bbox 2430 2259 2714 2331; x_wconf 70' lang='grc' dir='ltr'>ἄνθρωπον</span> <span class='ocrx_word' id='word_1_399' title='bbox 2741 2259 2803 2313; x_wconf 83' lang='grc' dir='ltr'><strong>τὸ</strong></span> <span class='ocrx_word' id='word_1_400' title='bbox 2837 2257 3055 2327; x_wconf 74' lang='grc' dir='ltr'>λογικὸν</span> <span class='ocrx_word' id='word_1_401' title='bbox 3086 2257 3246 2323; x_wconf 81' lang='grc' dir='ltr'>ζῶον,</span> <span class='ocrx_word' id='word_1_402' title='bbox 3298 2257 3361 2310; x_wconf 82' lang='grc' dir='ltr'>τὺ</span> <span class='ocrx_word' id='word_1_403' title='bbox 3406 2257 3667 2327; x_wconf 74' lang='grc' dir='ltr'>θεοφιλὲς</span> 
     </span>
    </p>
   </div>
   <div class='ocr_carea' id='block_1_55' title="bbox 2061 2348 3670 2422">
    <p class='ocr_par' dir='ltr' id='par_1_55' title="bbox 2061 2348 3670 2422">
     <span class='ocr_line' id='line_1_56' title="bbox 2061 2348 3670 2422; baseline 0.001 -20"><span class='ocrx_word' id='word_1_404' title='bbox 2061 2350 2170 2404; x_wconf 83' lang='grc' dir='ltr'>τῶν</span> <span class='ocrx_word' id='word_1_405' title='bbox 2208 2352 2301 2404; x_wconf 75' lang='grc' dir='ltr'><strong>ἐπὶ</strong></span> <span class='ocrx_word' id='word_1_406' title='bbox 2326 2352 2449 2422; x_wconf 81' lang='grc' dir='ltr'>γῆς,</span> <span class='ocrx_word' id='word_1_407' title='bbox 2496 2352 2592 2405; x_wconf 75' lang='grc' dir='ltr'>καὶ</span> <span class='ocrx_word' id='word_1_408' title='bbox 2619 2350 2746 2415; x_wconf 76' lang='grc' dir='ltr'>δοὺς</span> <span class='ocrx_word' id='word_1_409' title='bbox 2775 2349 2924 2421; x_wconf 79' lang='grc' dir='ltr'>αὐτῷ</span> <span class='ocrx_word' id='word_1_410' title='bbox 2949 2350 3060 2403; x_wconf 83' lang='grc' dir='ltr'><strong>τῶν</strong></span> <span class='ocrx_word' id='word_1_411' title='bbox 3092 2351 3185 2403; x_wconf 75' lang='grc' dir='ltr'><strong>ἐπὶ</strong></span> <span class='ocrx_word' id='word_1_412' title='bbox 3212 2349 3312 2421; x_wconf 82' lang='grc' dir='ltr'>τῆς</span> <span class='ocrx_word' id='word_1_413' title='bbox 3338 2348 3530 2419; x_wconf 70' lang='grc' dir='ltr'>χθονὸς</span> <span class='ocrx_word' id='word_1_414' title='bbox 3567 2350 3670 2421; x_wconf 62' lang='grc' dir='ltr'><strong>ἄρ.</strong></span> 
     </span>
    </p>
   </div>
   <div class='ocr_carea' id='block_1_56' title="bbox 2063 2440 3668 2515">
    <p class='ocr_par' dir='ltr' id='par_1_56' title="bbox 2063 2440 3668 2515">
     <span class='ocr_line' id='line_1_57' title="bbox 2063 2440 3668 2515; baseline 0.001 -21"><span class='ocrx_word' id='word_1_415' title='bbox 2063 2458 2199 2512; x_wconf 56' lang='grc' dir='ltr'>χειά,</span> <span class='ocrx_word' id='word_1_416' title='bbox 2233 2444 2328 2496; x_wconf 82' lang='grc' dir='ltr'>καὶ</span> <span class='ocrx_word' id='word_1_417' title='bbox 2349 2443 2695 2513; x_wconf 82' lang='grc' dir='ltr'>καταστήσας</span> <span class='ocrx_word' id='word_1_418' title='bbox 2724 2440 2919 2513; x_wconf 81' lang='grc' dir='ltr'>γνώμῃ</span> <span class='ocrx_word' id='word_1_419' title='bbox 2954 2445 3021 2513; x_wconf 80' lang='grc' dir='ltr'><strong>σῇ</strong></span> <span class='ocrx_word' id='word_1_420' title='bbox 3051 2443 3319 2514; x_wconf 76' lang='grc' dir='ltr'>ἄρχοντας</span> <span class='ocrx_word' id='word_1_421' title='bbox 3337 2443 3432 2495; x_wconf 79' lang='grc' dir='ltr'><strong>καὶ</strong></span> <span class='ocrx_word' id='word_1_422' title='bbox 3466 2444 3668 2515; x_wconf 70' lang='grc' dir='ltr'>ἱερεῖς,</span> 
     </span>
    </p>
   </div>
   <div class='ocr_carea' id='block_1_57' title="bbox 2063 2532 3665 2608">
    <p class='ocr_par' dir='ltr' id='par_1_57' title="bbox 2063 2532 3665 2608">
     <span class='ocr_line' id='line_1_58' title="bbox 2063 2532 3665 2608; baseline 0.001 -19"><span class='ocrx_word' id='word_1_423' title='bbox 2063 2537 2190 2600; x_wconf 79' lang='grc' dir='ltr'>τοὺς</span> <span class='ocrx_word' id='word_1_424' title='bbox 2219 2538 2318 2608; x_wconf 88' lang='grc' dir='ltr'><strong>μὲν</strong></span> <span class='ocrx_word' id='word_1_425' title='bbox 2344 2537 2481 2608; x_wconf 78' lang='grc' dir='ltr'>πρὸς</span> <span class='ocrx_word' id='word_1_426' title='bbox 2511 2534 2810 2605; x_wconf 76' lang='grc' dir='ltr'>ἀσφάλειαν</span> <span class='ocrx_word' id='word_1_427' title='bbox 2837 2535 2939 2607; x_wconf 82' lang='grc' dir='ltr'>τῆς</span> <span class='ocrx_word' id='word_1_428' title='bbox 2966 2532 3133 2604; x_wconf 77' lang='grc' dir='ltr'>ζωῆς,</span> <span class='ocrx_word' id='word_1_429' title='bbox 3159 2534 3360 2598; x_wconf 75' lang='grc' dir='ltr'><strong>τοὺςδὲ</strong></span> <span class='ocrx_word' id='word_1_430' title='bbox 3386 2534 3528 2607; x_wconf 74' lang='grc' dir='ltr'>πρὸς</span> <span class='ocrx_word' id='word_1_431' title='bbox 3558 2534 3665 2590; x_wconf 86' lang='grc' dir='ltr'>λα-</span> 
     </span>
    </p>
   </div>
   <div class='ocr_carea' id='block_1_58' title="bbox 2062 2625 3667 2701">
    <p class='ocr_par' dir='ltr' id='par_1_58' title="bbox 2062 2625 3667 2701">
     <span class='ocr_line' id='line_1_59' title="bbox 2062 2625 3667 2701; baseline 0 -20"><span class='ocrx_word' id='word_1_432' title='bbox 2062 2628 2251 2701; x_wconf 83' lang='grc' dir='ltr'>τρείαν</span> <span class='ocrx_word' id='word_1_433' title='bbox 2297 2628 2542 2699; x_wconf 73' lang='grc' dir='ltr'>ἔννομον·</span> <span class='ocrx_word' id='word_1_434' title='bbox 2597 2627 2761 2691; x_wconf 79' lang='grc' dir='ltr'>αὐτὸς</span> <span class='ocrx_word' id='word_1_435' title='bbox 2788 2626 2883 2681; x_wconf 75' lang='grc' dir='ltr'><strong>καὶ</strong></span> <span class='ocrx_word' id='word_1_436' title='bbox 2922 2625 3019 2679; x_wconf 86' lang='grc' dir='ltr'>νῦν</span> <span class='ocrx_word' id='word_1_437' title='bbox 3050 2625 3449 2696; x_wconf 74' lang='grc' dir='ltr'>ἑπικάμφθητι,</span> <span class='ocrx_word' id='word_1_438' title='bbox 3480 2626 3667 2697; x_wconf 73' lang='grc' dir='ltr'><strong>Κύριε</strong></span> 
     </span>
    </p>
   </div>
   <div class='ocr_carea' id='block_1_59' title="bbox 2065 2718 3670 2792">
    <p class='ocr_par' dir='ltr' id='par_1_59' title="bbox 2065 2718 3670 2792">
     <span class='ocr_line' id='line_1_60' title="bbox 2065 2718 3670 2792; baseline 0 -19"><span class='ocrx_word' id='word_1_439' title='bbox 2065 2721 2465 2792; x_wconf 82' lang='grc' dir='ltr'>παντόκρατορ,</span> <span class='ocrx_word' id='word_1_440' title='bbox 2500 2720 2594 2774; x_wconf 77' lang='grc' dir='ltr'><strong>καὶ</strong></span> <span class='ocrx_word' id='word_1_441' title='bbox 2616 2719 2877 2789; x_wconf 79' lang='grc' dir='ltr'>ὲπίφανον</span> <span class='ocrx_word' id='word_1_442' title='bbox 2902 2718 2965 2771; x_wconf 83' lang='grc' dir='ltr'>τὸ</span> <span class='ocrx_word' id='word_1_443' title='bbox 2990 2718 3283 2790; x_wconf 79' lang='grc' dir='ltr'>πρόσωπόν</span> <span class='ocrx_word' id='word_1_444' title='bbox 3313 2734 3406 2771; x_wconf 85' lang='grc' dir='ltr'>σου</span> <span class='ocrx_word' id='word_1_445' title='bbox 3440 2720 3537 2773; x_wconf 71' lang='grc' dir='ltr'><strong>ἐπὶ</strong></span> <span class='ocrx_word' id='word_1_446' title='bbox 3566 2719 3670 2773; x_wconf 75' lang='grc' dir='ltr'>τὸν</span> 
     </span>
    </p>
   </div>
   <div class='ocr_carea' id='block_1_60' title="bbox 2066 2808 3665 2883">
    <p class='ocr_par' dir='ltr' id='par_1_60' title="bbox 2066 2808 3665 2883">
     <span class='ocr_line' id='line_1_61' title="bbox 2066 2808 3665 2883; baseline -0.001 -19"><span class='ocrx_word' id='word_1_447' title='bbox 2066 2812 2193 2868; x_wconf 87' lang='grc' dir='ltr'>λαόν</span> <span class='ocrx_word' id='word_1_448' title='bbox 2231 2828 2346 2878; x_wconf 88' lang='grc' dir='ltr'>σου,</span> <span class='ocrx_word' id='word_1_449' title='bbox 2400 2811 2529 2875; x_wconf 77' lang='grc' dir='ltr'>τοὺς</span> <span class='ocrx_word' id='word_1_450' title='bbox 2566 2811 2893 2883; x_wconf 78' lang='grc' dir='ltr'>κάμψαντας</span> <span class='ocrx_word' id='word_1_451' title='bbox 2922 2809 3125 2881; x_wconf 78' lang='grc' dir='ltr'>αὐχένα</span> <span class='ocrx_word' id='word_1_452' title='bbox 3172 2808 3403 2882; x_wconf 81' lang='grc' dir='ltr'>καρδίας</span> <span class='ocrx_word' id='word_1_453' title='bbox 3448 2809 3665 2879; x_wconf 77' lang='grc' dir='ltr'>αὐτῶν,</span> 
     </span>
    </p>
   </div>
   <div class='ocr_carea' id='block_1_61' title="bbox 2068 2897 3668 2974">
    <p class='ocr_par' dir='ltr' id='par_1_61' title="bbox 2068 2897 3668 2974">
     <span class='ocr_line' id='line_1_62' title="bbox 2068 2897 3668 2974; baseline -0.001 -17"><span class='ocrx_word' id='word_1_454' title='bbox 2068 2905 2164 2958; x_wconf 75' lang='grc' dir='ltr'><strong>καὶ</strong></span> <span class='ocrx_word' id='word_1_455' title='bbox 2199 2904 2490 2974; x_wconf 80' lang='grc' dir='ltr'>εὐλόγησον</span> <span class='ocrx_word' id='word_1_456' title='bbox 2528 2903 2727 2967; x_wconf 82' lang='grc' dir='ltr'>αὐτοὺς</span> <span class='ocrx_word' id='word_1_457' title='bbox 2756 2902 2845 2957; x_wconf 80' lang='grc' dir='ltr'><strong>διὰ</strong></span> <span class='ocrx_word' id='word_1_458' title='bbox 2874 2900 3134 2974; x_wconf 78' lang='grc' dir='ltr'>Χριστοῦ,</span> <span class='ocrx_word' id='word_1_459' title='bbox 3171 2902 3240 2956; x_wconf 83' lang='grc' dir='ltr'><strong>δι’</strong></span> <span class='ocrx_word' id='word_1_460' title='bbox 3276 2897 3340 2955; x_wconf 76' lang='grc' dir='ltr'>οῦ</span> <span class='ocrx_word' id='word_1_461' title='bbox 3376 2901 3668 2970; x_wconf 69' lang='grc' dir='ltr'>ἑφώτισας</span> 
     </span>
    </p>
   </div>
   <div class='ocr_carea' id='block_1_62' title="bbox 2068 2993 3663 3068">
    <p class='ocr_par' dir='ltr' id='par_1_62' title="bbox 2068 2993 3663 3068">
     <span class='ocr_line' id='line_1_63' title="bbox 2068 2993 3663 3068; baseline -0.001 -19"><span class='ocrx_word' id='word_1_462' title='bbox 2068 2997 2216 3068; x_wconf 69' lang='grc' dir='ltr'><strong>ἡμᾶς</strong></span> <span class='ocrx_word' id='word_1_463' title='bbox 2246 2995 2363 3064; x_wconf 84' lang='grc' dir='ltr'>φῶς</span> <span class='ocrx_word' id='word_1_464' title='bbox 2392 2994 2666 3064; x_wconf 83' lang='grc' dir='ltr'>γνώσεως,</span> <span class='ocrx_word' id='word_1_465' title='bbox 2696 2995 2792 3049; x_wconf 79' lang='grc' dir='ltr'><strong>καὶ</strong></span> <span class='ocrx_word' id='word_1_466' title='bbox 2835 2993 3190 3064; x_wconf 77' lang='grc' dir='ltr'><strong>ἀπεκάλυψας</strong></span> <span class='ocrx_word' id='word_1_467' title='bbox 3232 2995 3365 3065; x_wconf 78' lang='grc' dir='ltr'>ἡμῖν</span> <span class='ocrx_word' id='word_1_468' title='bbox 3432 2996 3663 3048; x_wconf 70' lang='grc' dir='ltr'><strong>σαυτόν⁹</strong></span> 
     </span>
    </p>
   </div>
   <div class='ocr_carea' id='block_1_63' title="bbox 391 3078 1983 3167">
    <p class='ocr_par' dir='ltr' id='par_1_63' title="bbox 391 3078 1965 3153">
     <span class='ocr_line' id='line_1_64' title="bbox 391 3078 1965 3153; baseline 0.002 -20"><span class='ocrx_word' id='word_1_469' title='bbox 391 3078 584 3134; x_wconf 87' lang='lat' dir='ltr'><strong>velasti</strong></span> <span class='ocrx_word' id='word_1_470' title='bbox 630 3079 791 3136; x_wconf 87' lang='lat' dir='ltr'><strong>nobis</strong></span> <span class='ocrx_word' id='word_1_471' title='bbox 835 3083 1100 3152; x_wconf 84' lang='lat' dir='ltr'><strong>teipsum;</strong></span> <span class='ocrx_word' id='word_1_472' title='bbox 1140 3095 1267 3137; x_wconf 90' lang='lat' dir='ltr'><strong>cum</strong></span> <span class='ocrx_word' id='word_1_473' title='bbox 1295 3096 1405 3153; x_wconf 89' lang='lat' dir='ltr'><strong>quo</strong></span> <span class='ocrx_word' id='word_1_474' title='bbox 1431 3082 1502 3136; x_wconf 88' lang='lat' dir='ltr'><strong>ah</strong></span> <span class='ocrx_word' id='word_1_475' title='bbox 1535 3081 1685 3137; x_wconf 89' lang='lat' dir='ltr'><strong>omni</strong></span> <span class='ocrx_word' id='word_1_476' title='bbox 1714 3080 1965 3136; x_wconf 89' lang='lat' dir='ltr'><strong>rationali</strong></span> 
     </span>
    </p>
   </div>
   <div class='ocr_carea' id='block_1_64' title="bbox 2074 3078 3669 3167">
    <p class='ocr_par' dir='ltr' id='par_1_64' title="bbox 2074 3079 3669 3159">
     <span class='ocr_line' id='line_1_65' title="bbox 2074 3079 3669 3159; baseline -0.002 -18"><span class='ocrx_word' id='word_1_477' title='bbox 2074 3087 2197 3159; x_wconf 82' lang='grc' dir='ltr'>μεθ’</span> <span class='ocrx_word' id='word_1_478' title='bbox 2236 3079 2299 3140; x_wconf 74' lang='grc' dir='ltr'>οὗ</span> <span class='ocrx_word' id='word_1_479' title='bbox 2350 3103 2431 3141; x_wconf 90' lang='grc' dir='ltr'><strong>σοι</strong></span> <span class='ocrx_word' id='word_1_480' title='bbox 2470 3088 2564 3141; x_wconf 74' lang='grc' dir='ltr'><strong>καὶ</strong></span> <span class='ocrx_word' id='word_1_481' title='bbox 2604 3089 2639 3159; x_wconf 75' lang='grc' dir='ltr'>ἡ</span> <span class='ocrx_word' id='word_1_482' title='bbox 2693 3085 2919 3153; x_wconf 76' lang='grc' dir='ltr'>ὲπάξιος</span> <span class='ocrx_word' id='word_1_483' title='bbox 2963 3084 3238 3156; x_wconf 73' lang='grc' dir='ltr'>ὀφείλεται</span> <span class='ocrx_word' id='word_1_484' title='bbox 3283 3084 3669 3156; x_wconf 80' lang='grc' dir='ltr'>προσκύνησις</span> 
     </span>
    </p>
   </div>
   <div class='ocr_carea' id='block_1_65' title="bbox 390 3172 1970 3249">
    <p class='ocr_par' dir='ltr' id='par_1_65' title="bbox 390 3172 1970 3249">
     <span class='ocr_line' id='line_1_66' title="bbox 390 3172 1970 3249; baseline 0.002 -22"><span class='ocrx_word' id='word_1_485' title='bbox 390 3178 449 3227; x_wconf 89' lang='lat' dir='ltr'><strong>et</strong></span> <span class='ocrx_word' id='word_1_486' title='bbox 471 3178 664 3227; x_wconf 87' lang='lat' dir='ltr'><strong>sancta</strong></span> <span class='ocrx_word' id='word_1_487' title='bbox 703 3179 899 3228; x_wconf 89' lang='lat' dir='ltr'><strong>natura</strong></span> <span class='ocrx_word' id='word_1_488' title='bbox 928 3172 1158 3231; x_wconf 88' lang='lat' dir='ltr'><strong>debetur</strong></span> <span class='ocrx_word' id='word_1_489' title='bbox 1183 3175 1284 3232; x_wconf 89' lang='lat' dir='ltr'><strong>tibi</strong></span> <span class='ocrx_word' id='word_1_490' title='bbox 1318 3174 1567 3231; x_wconf 86' lang='lat' dir='ltr'><strong>adoratio</strong></span> <span class='ocrx_word' id='word_1_491' title='bbox 1592 3176 1881 3249; x_wconf 85' lang='lat' dir='ltr'><strong>condigna,</strong></span> <span class='ocrx_word' id='word_1_492' title='bbox 1913 3183 1970 3232; x_wconf 91' lang='lat' dir='ltr'><strong>et</strong></span> 
     </span>
    </p>
   </div>
   <div class='ocr_carea' id='block_1_66' title="bbox 394 3258 1969 3334">
    <p class='ocr_par' dir='ltr' id='par_1_66' title="bbox 394 3258 1969 3334">
     <span class='ocr_line' id='line_1_67' title="bbox 394 3258 1969 3334; baseline 0.004 -18"><span class='ocrx_word' id='word_1_493' title='bbox 394 3259 625 3334; x_wconf 87' lang='lat' dir='ltr'><strong>Spiritui</strong></span> <span class='ocrx_word' id='word_1_494' title='bbox 656 3263 965 3329; x_wconf 87' lang='lat' dir='ltr'><strong>Paracleto,</strong></span> <span class='ocrx_word' id='word_1_495' title='bbox 1001 3265 1055 3320; x_wconf 91' lang='lat' dir='ltr'><strong>in</strong></span> <span class='ocrx_word' id='word_1_496' title='bbox 1089 3266 1308 3321; x_wconf 66' lang='lat' dir='ltr'><strong>saecula.</strong></span> <span class='ocrx_word' id='word_1_497' title='bbox 1352 3258 1546 3322; x_wconf 85' lang='lat' dir='ltr'><strong>Amen.</strong></span> <span class='ocrx_word' id='word_1_498' title='bbox 1594 3264 1661 3321; x_wconf 81' lang='lat' dir='ltr'><strong>Et</strong></span> <span class='ocrx_word' id='word_1_499' title='bbox 1703 3266 1969 3323; x_wconf 88' lang='lat' dir='ltr'><strong>diaconus</strong></span> 
     </span>
    </p>
   </div>
   <div class='ocr_carea' id='block_1_67' title="bbox 392 3352 1971 3429">
    <p class='ocr_par' dir='ltr' id='par_1_67' title="bbox 392 3352 1971 3429">
     <span class='ocr_line' id='line_1_68' title="bbox 392 3352 1971 3429; baseline 0 -18"><span class='ocrx_word' id='word_1_500' title='bbox 392 3352 577 3411; x_wconf 88' lang='lat' dir='ltr'><strong>dicat:</strong></span> <span class='ocrx_word' id='word_1_501' title='bbox 612 3352 769 3412; x_wconf 84' lang='lat' dir='ltr'><strong>Exite</strong></span> <span class='ocrx_word' id='word_1_502' title='bbox 795 3355 851 3410; x_wconf 93' lang='lat' dir='ltr'><strong>in</strong></span> <span class='ocrx_word' id='word_1_503' title='bbox 874 3368 1028 3429; x_wconf 88' lang='lat' dir='ltr'><strong>pace.</strong></span> <span class='ocrx_word' id='word_1_504' title='bbox 1063 3353 1306 3412; x_wconf 90' lang='lat' dir='ltr'><strong>Similem</strong></span> <span class='ocrx_word' id='word_1_505' title='bbox 1330 3356 1384 3411; x_wconf 91' lang='lat' dir='ltr'><strong>in</strong></span> <span class='ocrx_word' id='word_1_506' title='bbox 1406 3356 1626 3411; x_wconf 90' lang='lat' dir='ltr'><strong>modum</strong></span> <span class='ocrx_word' id='word_1_507' title='bbox 1650 3372 1830 3422; x_wconf 90' lang='lat' dir='ltr'><strong>mane,</strong></span> <span class='ocrx_word' id='word_1_508' title='bbox 1858 3357 1971 3411; x_wconf 89' lang='lat' dir='ltr'><strong>dia-</strong></span> 
     </span>
    </p>
   </div>
   <div class='ocr_carea' id='block_1_68' title="bbox 393 3442 1970 3516">
    <p class='ocr_par' dir='ltr' id='par_1_68' title="bbox 393 3442 1970 3516">
     <span class='ocr_line' id='line_1_69' title="bbox 393 3442 1970 3516; baseline 0.003 -19"><span class='ocrx_word' id='word_1_509' title='bbox 393 3456 590 3509; x_wconf 84' lang='lat' dir='ltr'><strong>conus,</strong></span> <span class='ocrx_word' id='word_1_510' title='bbox 618 3458 744 3499; x_wconf 90' lang='lat' dir='ltr'><strong>cum</strong></span> <span class='ocrx_word' id='word_1_511' title='bbox 780 3443 960 3499; x_wconf 89' lang='lat' dir='ltr'><strong>dictus</strong></span> <span class='ocrx_word' id='word_1_512' title='bbox 991 3442 1156 3500; x_wconf 84' lang='lat' dir='ltr'><strong>fuerit</strong></span> <span class='ocrx_word' id='word_1_513' title='bbox 1184 3444 1428 3516; x_wconf 85' lang='lat' dir='ltr'><strong>psalmus</strong></span> <span class='ocrx_word' id='word_1_514' title='bbox 1456 3446 1780 3512; x_wconf 87' lang='lat' dir='ltr'><strong>matutinus,</strong></span> <span class='ocrx_word' id='word_1_515' title='bbox 1815 3462 1970 3502; x_wconf 86' lang='lat' dir='ltr'><strong>cum-</strong></span> 
     </span>
    </p>
   </div>
   <div class='ocr_carea' id='block_1_69' title="bbox 393 3535 1969 3612">
    <p class='ocr_par' dir='ltr' id='par_1_69' title="bbox 393 3535 1969 3612">
     <span class='ocr_line' id='line_1_70' title="bbox 393 3535 1969 3612; baseline 0.006 -23"><span class='ocrx_word' id='word_1_516' title='bbox 393 3550 501 3607; x_wconf 90' lang='lat' dir='ltr'><strong>que</strong></span> <span class='ocrx_word' id='word_1_517' title='bbox 528 3535 645 3605; x_wconf 90' lang='lat' dir='ltr'><strong>ipse</strong></span> <span class='ocrx_word' id='word_1_518' title='bbox 690 3535 959 3592; x_wconf 90' lang='lat' dir='ltr'><strong>dimiserit</strong></span> <span class='ocrx_word' id='word_1_519' title='bbox 1010 3536 1476 3605; x_wconf 86' lang='lat' dir='ltr'><strong>catechumenos,</strong></span> <span class='ocrx_word' id='word_1_520' title='bbox 1534 3555 1969 3612; x_wconf 87' lang='lat' dir='ltr'><strong>energumenos,</strong></span> 
     </span>
    </p>
   </div>
   <div class='ocr_carea' id='block_1_70' title="bbox 395 3629 1970 3702">
    <p class='ocr_par' dir='ltr' id='par_1_70' title="bbox 395 3629 1970 3702">
     <span class='ocr_line' id='line_1_71' title="bbox 395 3629 1970 3702; baseline 0.006 -22"><span class='ocrx_word' id='word_1_521' title='bbox 395 3633 788 3696; x_wconf 88' lang='lat' dir='ltr'><strong>competentes,</strong></span> <span class='ocrx_word' id='word_1_522' title='bbox 826 3643 891 3683; x_wconf 87' lang='lat' dir='ltr'><strong>ac</strong></span> <span class='ocrx_word' id='word_1_523' title='bbox 932 3629 1282 3699; x_wconf 73' lang='lat' dir='ltr'><strong>pmnitentes,</strong></span> <span class='ocrx_word' id='word_1_524' title='bbox 1333 3629 1631 3702; x_wconf 85' lang='lat' dir='ltr'><strong>feceritque</strong></span> <span class='ocrx_word' id='word_1_525' title='bbox 1671 3634 1970 3689; x_wconf 89' lang='lat' dir='ltr'><strong>solemnem</strong></span> 
     </span>
    </p>
   </div>
   <div class='ocr_carea' id='block_1_71' title="bbox 396 3717 1973 3797">
    <p class='ocr_par' dir='ltr' id='par_1_71' title="bbox 396 3717 1973 3797">
     <span class='ocr_line' id='line_1_72' title="bbox 396 3717 1973 3797; baseline 0.007 -26"><span class='ocrx_word' id='word_1_526' title='bbox 396 3717 767 3788; x_wconf 83' lang='lat' dir='ltr'><strong>precationem</strong></span> <span class='ocrx_word' id='word_1_527' title='bbox 798 3718 902 3791; x_wconf 88' lang='lat' dir='ltr'><strong>(ne</strong></span> <span class='ocrx_word' id='word_1_528' title='bbox 957 3722 1153 3775; x_wconf 87' lang='lat' dir='ltr'><strong>iterum</strong></span> <span class='ocrx_word' id='word_1_529' title='bbox 1201 3720 1393 3779; x_wconf 88' lang='lat' dir='ltr'><strong>eadem</strong></span> <span class='ocrx_word' id='word_1_530' title='bbox 1440 3723 1812 3796; x_wconf 86' lang='lat' dir='ltr'><strong>referamus);</strong></span> <span class='ocrx_word' id='word_1_531' title='bbox 1848 3735 1973 3797; x_wconf 85' lang='lat' dir='ltr'><strong>post</strong></span> 
     </span>
    </p>
   </div>
   <div class='ocr_carea' id='block_1_72' title="bbox 396 3805 1969 3888">
    <p class='ocr_par' dir='ltr' id='par_1_72' title="bbox 396 3805 1969 3888">
     <span class='ocr_line' id='line_1_73' title="bbox 396 3805 1969 3888; baseline 0.005 -24"><span class='ocrx_word' id='word_1_532' title='bbox 396 3806 572 3864; x_wconf 83' lang='lat' dir='ltr'><strong>illud:</strong></span> <span class='ocrx_word' id='word_1_533' title='bbox 605 3805 775 3865; x_wconf 86' lang='lat' dir='ltr'><strong>Serva</strong></span> <span class='ocrx_word' id='word_1_534' title='bbox 802 3824 927 3876; x_wconf 86' lang='lat' dir='ltr'><strong>nos,</strong></span> <span class='ocrx_word' id='word_1_535' title='bbox 957 3810 1123 3877; x_wconf 89' lang='lat' dir='ltr'><strong>Deus,</strong></span> <span class='ocrx_word' id='word_1_536' title='bbox 1164 3819 1218 3867; x_wconf 90' lang='lat' dir='ltr'><strong>et</strong></span> <span class='ocrx_word' id='word_1_537' title='bbox 1258 3815 1465 3869; x_wconf 87' lang='lat' dir='ltr'><strong>suscita</strong></span> <span class='ocrx_word' id='word_1_538' title='bbox 1507 3816 1561 3871; x_wconf 91' lang='lat' dir='ltr'><strong>in</strong></span> <span class='ocrx_word' id='word_1_539' title='bbox 1605 3818 1781 3887; x_wconf 85' lang='lat' dir='ltr'><strong>gratia</strong></span> <span class='ocrx_word' id='word_1_540' title='bbox 1840 3827 1969 3888; x_wconf 83' lang='lat' dir='ltr'><strong>tua;</strong></span> 
     </span>
    </p>
   </div>
   <div class='ocr_carea' id='block_1_73' title="bbox 399 3900 1972 3972">
    <p class='ocr_par' dir='ltr' id='par_1_73' title="bbox 399 3900 1972 3972">
     <span class='ocr_line' id='line_1_74' title="bbox 399 3900 1972 3972; baseline 0.008 -15"><span class='ocrx_word' id='word_1_541' title='bbox 399 3900 693 3972; x_wconf 87' lang='lat' dir='ltr'><strong>subjungat</strong></span> <span class='ocrx_word' id='word_1_542' title='bbox 745 3921 756 3955; x_wconf 97' lang='lat'>:</span> <span class='ocrx_word' id='word_1_543' title='bbox 814 3900 1161 3962; x_wconf 89' lang='lat' dir='ltr'><strong>Postulemus</strong></span> <span class='ocrx_word' id='word_1_544' title='bbox 1204 3922 1235 3959; x_wconf 89' lang='lat' dir='ltr'><strong>a</strong></span> <span class='ocrx_word' id='word_1_545' title='bbox 1292 3905 1521 3964; x_wconf 91' lang='lat' dir='ltr'><strong>Domino</strong></span> <span class='ocrx_word' id='word_1_546' title='bbox 1568 3910 1972 3970; x_wconf 86' lang='lat' dir='ltr'><strong>misericordias</strong></span> 
     </span>
    </p>
   </div>
   <div class='ocr_carea' id='block_1_74' title="bbox 397 3992 1975 4064">
    <p class='ocr_par' dir='ltr' id='par_1_74' title="bbox 397 3992 1975 4064">
     <span class='ocr_line' id='line_1_75' title="bbox 397 3992 1975 4064; baseline 0.007 -17"><span class='ocrx_word' id='word_1_547' title='bbox 397 3992 519 4062; x_wconf 85' lang='lat' dir='ltr'><strong>ejus</strong></span> <span class='ocrx_word' id='word_1_548' title='bbox 549 4000 713 4064; x_wconf 89' lang='lat' dir='ltr'><strong>atque</strong></span> <span class='ocrx_word' id='word_1_549' title='bbox 759 3993 1165 4062; x_wconf 88' lang='lat' dir='ltr'><strong>miserationes,</strong></span> <span class='ocrx_word' id='word_1_550' title='bbox 1204 3996 1309 4053; x_wconf 93' lang='lat' dir='ltr'><strong>hoc</strong></span> <span class='ocrx_word' id='word_1_551' title='bbox 1344 4000 1673 4056; x_wconf 88' lang='lat' dir='ltr'><strong>matutinum</strong></span> <span class='ocrx_word' id='word_1_552' title='bbox 1721 4010 1776 4057; x_wconf 88' lang='lat' dir='ltr'><strong>et</strong></span> <span class='ocrx_word' id='word_1_553' title='bbox 1826 4002 1975 4058; x_wconf 86' lang='lat' dir='ltr'><strong>hunc</strong></span> 
     </span>
    </p>
   </div>
   <div class='ocr_carea' id='block_1_75' title="bbox 399 4080 1973 4167">
    <p class='ocr_par' dir='ltr' id='par_1_75' title="bbox 399 4080 1973 4167">
     <span class='ocr_line' id='line_1_76' title="bbox 399 4080 1973 4167; baseline 0.01 -32"><span class='ocrx_word' id='word_1_554' title='bbox 399 4080 566 4147; x_wconf 88' lang='lat' dir='ltr'><strong>diem,</strong></span> <span class='ocrx_word' id='word_1_555' title='bbox 603 4090 971 4154; x_wconf 87' lang='lat' dir='ltr'><strong>cunctumque</strong></span> <span class='ocrx_word' id='word_1_556' title='bbox 1008 4089 1465 4160; x_wconf 86' lang='lat' dir='ltr'><strong>peregrinationis</strong></span> <span class='ocrx_word' id='word_1_557' title='bbox 1508 4103 1711 4148; x_wconf 71' lang='lat' dir='ltr'><strong>nostra:</strong></span> <span class='ocrx_word' id='word_1_558' title='bbox 1758 4102 1973 4167; x_wconf 88' lang='lat' dir='ltr'><strong>tempus</strong></span> 
     </span>
    </p>
   </div>
   <div class='ocr_carea' id='block_1_76' title="bbox 401 4180 1971 4254">
    <p class='ocr_par' dir='ltr' id='par_1_76' title="bbox 401 4180 1971 4254">
     <span class='ocr_line' id='line_1_77' title="bbox 401 4180 1971 4254; baseline 0.01 -29"><span class='ocrx_word' id='word_1_559' title='bbox 401 4180 655 4241; x_wconf 87' lang='lat' dir='ltr'><strong>pacatum</strong></span> <span class='ocrx_word' id='word_1_560' title='bbox 681 4188 746 4227; x_wconf 89' lang='lat' dir='ltr'><strong>ac</strong></span> <span class='ocrx_word' id='word_1_561' title='bbox 775 4185 999 4245; x_wconf 86' lang='lat' dir='ltr'><strong>peccato</strong></span> <span class='ocrx_word' id='word_1_562' title='bbox 1032 4191 1287 4241; x_wconf 88' lang='lat' dir='ltr'><strong>vacuum,</strong></span> <span class='ocrx_word' id='word_1_563' title='bbox 1324 4181 1576 4251; x_wconf 90' lang='lat' dir='ltr'><strong>angelum</strong></span> <span class='ocrx_word' id='word_1_564' title='bbox 1598 4183 1717 4253; x_wconf 90' lang='lat' dir='ltr'><strong>paci</strong></span> <span class='ocrx_word' id='word_1_565' title='bbox 1754 4198 1971 4254; x_wconf 69' lang='lat' dir='ltr'><strong>praepo-</strong></span> 
     </span>
    </p>
   </div>
   <div class='ocr_carea' id='block_1_77' title="bbox 401 4262 1973 4345">
    <p class='ocr_par' dir='ltr' id='par_1_77' title="bbox 401 4262 1973 4345">
     <span class='ocr_line' id='line_1_78' title="bbox 401 4262 1973 4345; baseline 0.01 -28"><span class='ocrx_word' id='word_1_566' title='bbox 401 4262 589 4328; x_wconf 86' lang='lat' dir='ltr'><strong>situm,</strong></span> <span class='ocrx_word' id='word_1_567' title='bbox 622 4264 783 4321; x_wconf 82' lang='lat' dir='ltr'><strong>finem</strong></span> <span class='ocrx_word' id='word_1_568' title='bbox 808 4264 931 4319; x_wconf 77' lang='lat' dir='ltr'><strong>vita:</strong></span> <span class='ocrx_word' id='word_1_569' title='bbox 961 4265 1354 4333; x_wconf 86' lang='lat' dir='ltr'><strong>Christianum,</strong></span> <span class='ocrx_word' id='word_1_570' title='bbox 1388 4270 1557 4327; x_wconf 91' lang='lat' dir='ltr'><strong>Deum</strong></span> <span class='ocrx_word' id='word_1_571' title='bbox 1588 4274 1881 4345; x_wconf 91' lang='lat' dir='ltr'><strong>propitium</strong></span> <span class='ocrx_word' id='word_1_572' title='bbox 1919 4285 1973 4333; x_wconf 91' lang='lat' dir='ltr'><strong>et</strong></span> 
     </span>
    </p>
   </div>
   <div class='ocr_carea' id='block_1_78' title="bbox 401 4353 1974 4429">
    <p class='ocr_par' dir='ltr' id='par_1_78' title="bbox 401 4353 1974 4429">
     <span class='ocr_line' id='line_1_79' title="bbox 401 4353 1974 4429; baseline 0.011 -21"><span class='ocrx_word' id='word_1_573' title='bbox 401 4353 742 4413; x_wconf 88' lang='lat' dir='ltr'><strong>clementem.</strong></span> <span class='ocrx_word' id='word_1_574' title='bbox 774 4356 883 4413; x_wconf 87' lang='lat' dir='ltr'><strong>Nos</strong></span> <span class='ocrx_word' id='word_1_575' title='bbox 917 4358 1085 4429; x_wconf 90' lang='lat' dir='ltr'><strong>ipsos,</strong></span> <span class='ocrx_word' id='word_1_576' title='bbox 1121 4370 1175 4415; x_wconf 80' lang='lat' dir='ltr'><strong>et</strong></span> <span class='ocrx_word' id='word_1_577' title='bbox 1199 4373 1407 4429; x_wconf 86' lang='lat' dir='ltr'><strong>mutuo,</strong></span> <span class='ocrx_word' id='word_1_578' title='bbox 1450 4366 1649 4423; x_wconf 86' lang='lat' dir='ltr'><strong>viventi</strong></span> <span class='ocrx_word' id='word_1_579' title='bbox 1686 4366 1796 4423; x_wconf 86' lang='lat' dir='ltr'><strong>Deo</strong></span> <span class='ocrx_word' id='word_1_580' title='bbox 1825 4385 1974 4424; x_wconf 85' lang='lat' dir='ltr'><strong>com-</strong></span> 
     </span>
    </p>
   </div>
   <div class='ocr_carea' id='block_1_79' title="bbox 497 4535 1065 4602">
    <p class='ocr_par' dir='ltr' id='par_1_79' title="bbox 497 4535 1065 4602">
     <span class='ocr_line' id='line_1_80' title="bbox 497 4535 1065 4602; baseline 0.004 -11"><span class='ocrx_word' id='word_1_581' title='bbox 497 4536 543 4569; x_wconf 85' lang='grc'><strong><em>⁸⁵</em></strong></span> <span class='ocrx_word' id='word_1_582' title='bbox 578 4535 723 4593; x_wconf 85' lang='lat' dir='ltr'><strong>Psal.</strong></span> <span class='ocrx_word' id='word_1_583' title='bbox 750 4549 944 4602; x_wconf 80' lang='lat' dir='ltr'><strong>Lxxnt,</strong></span> <span class='ocrx_word' id='word_1_584' title='bbox 980 4535 1065 4595; x_wconf 76' lang='grc'><strong>16.</strong></span> 
     </span>
    </p>
   </div>
   <div class='ocr_carea' id='block_1_80' title="bbox 2069 3175 3669 3251">
    <p class='ocr_par' dir='ltr' id='par_1_80' title="bbox 2069 3175 3669 3251">
     <span class='ocr_line' id='line_1_81' title="bbox 2069 3175 3669 3251; baseline 0 -19"><span class='ocrx_word' id='word_1_585' title='bbox 2069 3177 2219 3251; x_wconf 80' lang='grc' dir='ltr'>παρὰ</span> <span class='ocrx_word' id='word_1_586' title='bbox 2250 3178 2430 3251; x_wconf 81' lang='grc' dir='ltr'>πάσης</span> <span class='ocrx_word' id='word_1_587' title='bbox 2449 3178 2672 3250; x_wconf 81' lang='grc' dir='ltr'><strong>λογικῆς</strong></span> <span class='ocrx_word' id='word_1_588' title='bbox 2695 3178 2789 3232; x_wconf 80' lang='grc' dir='ltr'><strong>καὶ</strong></span> <span class='ocrx_word' id='word_1_589' title='bbox 2808 3177 2969 3248; x_wconf 77' lang='grc' dir='ltr'><strong>ἁγίας</strong></span> <span class='ocrx_word' id='word_1_590' title='bbox 2994 3177 3227 3246; x_wconf 78' lang='grc' dir='ltr'>φύσεως,</span> <span class='ocrx_word' id='word_1_591' title='bbox 3253 3178 3347 3230; x_wconf 72' lang='grc' dir='ltr'><strong>καὶ</strong></span> <span class='ocrx_word' id='word_1_592' title='bbox 3374 3175 3669 3246; x_wconf 74' lang='grc' dir='ltr'>Πνεύματι</span> 
     </span>
    </p>
   </div>
   <div class='ocr_carea' id='block_1_81' title="bbox 2068 3268 3666 3345">
    <p class='ocr_par' dir='ltr' id='par_1_81' title="bbox 2068 3268 3666 3345">
     <span class='ocr_line' id='line_1_82' title="bbox 2068 3268 3666 3345; baseline -0.003 -18"><span class='ocrx_word' id='word_1_593' title='bbox 2068 3268 2145 3345; x_wconf 79' lang='grc' dir='ltr'>τῷ</span> <span class='ocrx_word' id='word_1_594' title='bbox 2176 3272 2539 3344; x_wconf 79' lang='grc' dir='ltr'>Παρακλήτῳ,</span> <span class='ocrx_word' id='word_1_595' title='bbox 2574 3274 2655 3334; x_wconf 76' lang='grc' dir='ltr'>εις</span> <span class='ocrx_word' id='word_1_596' title='bbox 2682 3271 2811 3333; x_wconf 77' lang='grc' dir='ltr'>τοὺς</span> <span class='ocrx_word' id='word_1_597' title='bbox 2839 3269 3060 3333; x_wconf 73' lang='grc' dir='ltr'>αἰῶνας.</span> <span class='ocrx_word' id='word_1_598' title='bbox 3109 3268 3297 3340; x_wconf 77' lang='grc' dir='ltr'><strong>⁹Δμήν.</strong></span> <span class='ocrx_word' id='word_1_599' title='bbox 3332 3269 3442 3322; x_wconf 80' lang='grc' dir='ltr'>Καὶ</span> <span class='ocrx_word' id='word_1_600' title='bbox 3470 3270 3499 3321; x_wconf 86' lang='grc' dir='ltr'>ὁ</span> <span class='ocrx_word' id='word_1_601' title='bbox 3534 3268 3666 3322; x_wconf 78' lang='grc' dir='ltr'><strong>διά-</strong></span> 
     </span>
    </p>
   </div>
   <div class='ocr_carea' id='block_1_82' title="bbox 2069 3359 3665 3437">
    <p class='ocr_par' dir='ltr' id='par_1_82' title="bbox 2069 3359 3665 3437">
     <span class='ocr_line' id='line_1_83' title="bbox 2069 3359 3665 3437; baseline -0.004 -18"><span class='ocrx_word' id='word_1_602' title='bbox 2069 3382 2225 3429; x_wconf 79' lang='grc' dir='ltr'>κονος</span> <span class='ocrx_word' id='word_1_603' title='bbox 2271 3364 2497 3433; x_wconf 62' lang='grc' dir='ltr'>λεγέτω</span> <span class='ocrx_word' id='word_1_604' title='bbox 2557 3361 2853 3437; x_wconf 82' lang='grc' dir='ltr'>Προέλθετε</span> <span class='ocrx_word' id='word_1_605' title='bbox 2902 3364 2960 3415; x_wconf 80' lang='grc' dir='ltr'><strong>ὲν</strong></span> <span class='ocrx_word' id='word_1_606' title='bbox 3006 3363 3217 3433; x_wconf 77' lang='grc' dir='ltr'><strong>εἰρήνῃ.</strong></span> <span class='ocrx_word' id='word_1_607' title='bbox 3258 3359 3533 3422; x_wconf 75' lang='grc' dir='ltr'>Ὡσαύτως·</span> <span class='ocrx_word' id='word_1_608' title='bbox 3562 3360 3665 3432; x_wconf 77' lang='grc' dir='ltr'><strong>δρ-</strong></span> 
     </span>
    </p>
   </div>
   <div class='ocr_carea' id='block_1_83' title="bbox 2070 3451 3666 3529">
    <p class='ocr_par' dir='ltr' id='par_1_83' title="bbox 2070 3451 3666 3529">
     <span class='ocr_line' id='line_1_84' title="bbox 2070 3451 3666 3529; baseline -0.003 -18"><span class='ocrx_word' id='word_1_609' title='bbox 2070 3456 2222 3529; x_wconf 86' lang='grc' dir='ltr'>θρου,</span> <span class='ocrx_word' id='word_1_610' title='bbox 2252 3459 2282 3512; x_wconf 80' lang='grc' dir='ltr'>ὁ</span> <span class='ocrx_word' id='word_1_611' title='bbox 2311 3456 2578 3523; x_wconf 77' lang='grc' dir='ltr'>διάκονος,</span> <span class='ocrx_word' id='word_1_612' title='bbox 2616 3455 2754 3527; x_wconf 83' lang='grc' dir='ltr'>μετὰ</span> <span class='ocrx_word' id='word_1_613' title='bbox 2786 3455 2850 3509; x_wconf 79' lang='grc' dir='ltr'><strong>τὸ</strong></span> <span class='ocrx_word' id='word_1_614' title='bbox 2885 3455 3117 3527; x_wconf 78' lang='grc' dir='ltr'>ῥηθῆναι</span> <span class='ocrx_word' id='word_1_615' title='bbox 3140 3452 3232 3506; x_wconf 79' lang='grc' dir='ltr'>τὸν</span> <span class='ocrx_word' id='word_1_616' title='bbox 3262 3451 3534 3525; x_wconf 81' lang='grc' dir='ltr'>ὀρθρινδν,</span> <span class='ocrx_word' id='word_1_617' title='bbox 3566 3454 3666 3507; x_wconf 77' lang='grc' dir='ltr'><strong>καὶ</strong></span> 
     </span>
    </p>
   </div>
   <div class='ocr_carea' id='block_1_84' title="bbox 2069 3545 3662 3619">
    <p class='ocr_par' dir='ltr' id='par_1_84' title="bbox 2069 3545 3662 3619">
     <span class='ocr_line' id='line_1_85' title="bbox 2069 3545 3662 3619; baseline -0.008 -12"><span class='ocrx_word' id='word_1_618' title='bbox 2069 3549 2336 3607; x_wconf 82' lang='grc' dir='ltr'>ἀπολῦσαι</span> <span class='ocrx_word' id='word_1_619' title='bbox 2356 3549 2521 3602; x_wconf 83' lang='grc' dir='ltr'>αὑτὸν</span> <span class='ocrx_word' id='word_1_620' title='bbox 2540 3549 2667 3611; x_wconf 85' lang='grc' dir='ltr'>τοὺς</span> <span class='ocrx_word' id='word_1_621' title='bbox 2691 3546 3152 3619; x_wconf 82' lang='grc' dir='ltr'>κατηχουμένους,</span> <span class='ocrx_word' id='word_1_622' title='bbox 3197 3546 3294 3600; x_wconf 81' lang='grc' dir='ltr'><strong>καὶ</strong></span> <span class='ocrx_word' id='word_1_623' title='bbox 3323 3545 3662 3616; x_wconf 74' lang='grc' dir='ltr'>χειμαζομέο</span> 
     </span>
    </p>
   </div>
   <div class='ocr_carea' id='block_1_85' title="bbox 2069 3634 3663 3711">
    <p class='ocr_par' dir='ltr' id='par_1_85' title="bbox 2069 3634 3663 3711">
     <span class='ocr_line' id='line_1_86' title="bbox 2069 3634 3663 3711; baseline -0.005 -15"><span class='ocrx_word' id='word_1_624' title='bbox 2069 3659 2216 3709; x_wconf 83' lang='grc' dir='ltr'>νους,</span> <span class='ocrx_word' id='word_1_625' title='bbox 2238 3642 2333 3697; x_wconf 74' lang='grc' dir='ltr'><strong>καὶ</strong></span> <span class='ocrx_word' id='word_1_626' title='bbox 2368 3640 2811 3711; x_wconf 78' lang='grc' dir='ltr'><strong>βαπτιζομένους,</strong></span> <span class='ocrx_word' id='word_1_627' title='bbox 2845 3638 3094 3701; x_wconf 79' lang='grc' dir='ltr'>καὶτοὺς</span> <span class='ocrx_word' id='word_1_628' title='bbox 3132 3638 3189 3689; x_wconf 81' lang='grc' dir='ltr'>ὲν</span> <span class='ocrx_word' id='word_1_629' title='bbox 3230 3635 3511 3707; x_wconf 65' lang='grc' dir='ltr'>μετανοίᾳη</span> <span class='ocrx_word' id='word_1_630' title='bbox 3561 3634 3663 3689; x_wconf 76' lang='grc' dir='ltr'><strong>καὶ</strong></span> 
     </span>
    </p>
   </div>
   <div class='ocr_carea' id='block_1_86' title="bbox 2068 3727 3659 3804">
    <p class='ocr_par' dir='ltr' id='par_1_86' title="bbox 2068 3727 3659 3804">
     <span class='ocr_line' id='line_1_87' title="bbox 2068 3727 3659 3804; baseline -0.004 -20"><span class='ocrx_word' id='word_1_631' title='bbox 2068 3732 2169 3804; x_wconf 74' lang='grc' dir='ltr'>τὴν</span> <span class='ocrx_word' id='word_1_632' title='bbox 2214 3731 2564 3803; x_wconf 71' lang='grc' dir='ltr'><strong>ὀφειλομένην</strong></span> <span class='ocrx_word' id='word_1_633' title='bbox 2620 3729 2946 3802; x_wconf 80' lang='grc' dir='ltr'>ποιήσασθαι</span> <span class='ocrx_word' id='word_1_634' title='bbox 2987 3727 3396 3800; x_wconf 52' lang='grc' dir='ltr'>,προσφώνησιη</span> <span class='ocrx_word' id='word_1_635' title='bbox 3444 3727 3531 3779; x_wconf 83' lang='grc' dir='ltr'>ἵνα</span> <span class='ocrx_word' id='word_1_636' title='bbox 3583 3728 3659 3798; x_wconf 78' lang='grc' dir='ltr'>μὴ</span> 
     </span>
    </p>
   </div>
   <div class='ocr_carea' id='block_1_87' title="bbox 2071 3818 3662 3894">
    <p class='ocr_par' dir='ltr' id='par_1_87' title="bbox 2071 3818 3662 3894">
     <span class='ocr_line' id='line_1_88' title="bbox 2071 3818 3662 3894; baseline -0.004 -17"><span class='ocrx_word' id='word_1_637' title='bbox 2071 3824 2232 3878; x_wconf 79' lang='grc' dir='ltr'>πάλιν</span> <span class='ocrx_word' id='word_1_638' title='bbox 2258 3826 2505 3894; x_wconf 86' lang='grc' dir='ltr'>λέγωμεν</span> <span class='ocrx_word' id='word_1_639' title='bbox 2535 3823 2603 3876; x_wconf 87' lang='grc' dir='ltr'>τὰ</span> <span class='ocrx_word' id='word_1_640' title='bbox 2631 3821 2788 3887; x_wconf 73' lang='grc' dir='ltr'>αὐτὰ,</span> <span class='ocrx_word' id='word_1_641' title='bbox 2819 3821 3125 3893; x_wconf 80' lang='grc' dir='ltr'>ὲπιφερέτω</span> <span class='ocrx_word' id='word_1_642' title='bbox 3174 3818 3310 3890; x_wconf 80' lang='grc' dir='ltr'>μετὰ</span> <span class='ocrx_word' id='word_1_643' title='bbox 3352 3818 3434 3871; x_wconf 84' lang='grc' dir='ltr'><strong>τό·</strong></span> <span class='ocrx_word' id='word_1_644' title='bbox 3474 3818 3662 3876; x_wconf 81' lang='grc' dir='ltr'>Σῶσον</span> 
     </span>
    </p>
   </div>
   <div class='ocr_carea' id='block_1_88' title="bbox 2072 3910 3661 3985">
    <p class='ocr_par' dir='ltr' id='par_1_88' title="bbox 2072 3910 3661 3985">
     <span class='ocr_line' id='line_1_89' title="bbox 2072 3910 3661 3985; baseline -0.004 -15"><span class='ocrx_word' id='word_1_645' title='bbox 2072 3917 2269 3980; x_wconf 75' lang='grc' dir='ltr'>αὐτοὺς</span> <span class='ocrx_word' id='word_1_646' title='bbox 2294 3918 2324 3969; x_wconf 84' lang='grc' dir='ltr'>ὁ</span> <span class='ocrx_word' id='word_1_647' title='bbox 2349 3917 2498 3981; x_wconf 83' lang='grc' dir='ltr'>Θεὸς,</span> <span class='ocrx_word' id='word_1_648' title='bbox 2535 3916 2629 3969; x_wconf 87' lang='grc' dir='ltr'><strong>καί</strong></span> <span class='ocrx_word' id='word_1_649' title='bbox 2660 3914 2964 3985; x_wconf 79' lang='grc' dir='ltr'>ἀναστησον</span> <span class='ocrx_word' id='word_1_650' title='bbox 2995 3914 3053 3966; x_wconf 76' lang='grc' dir='ltr'><strong>ἐν</strong></span> <span class='ocrx_word' id='word_1_651' title='bbox 3084 3915 3150 3984; x_wconf 77' lang='grc' dir='ltr'>τῇ</span> <span class='ocrx_word' id='word_1_652' title='bbox 3189 3910 3371 3982; x_wconf 79' lang='grc' dir='ltr'>χάριτί</span> <span class='ocrx_word' id='word_1_653' title='bbox 3401 3928 3519 3963; x_wconf 69' lang='grc' dir='ltr'>σοιν</span> <span class='ocrx_word' id='word_1_654' title='bbox 3570 3912 3661 3964; x_wconf 73' lang='lat' dir='ltr'><strong>Ai-</strong></span> 
     </span>
    </p>
   </div>
   <div class='ocr_carea' id='block_1_89' title="bbox 2071 3996 3662 4079">
    <p class='ocr_par' dir='ltr' id='par_1_89' title="bbox 2071 3996 3662 4079">
     <span class='ocr_line' id='line_1_90' title="bbox 2071 3996 3662 4079; baseline 0.001 -22"><span class='ocrx_word' id='word_1_655' title='bbox 2071 4006 2365 4078; x_wconf 78' lang='grc' dir='ltr'>τησώμεθα</span> <span class='ocrx_word' id='word_1_656' title='bbox 2399 4007 2510 4078; x_wconf 82' lang='lat'><strong>(56)</strong></span> <span class='ocrx_word' id='word_1_657' title='bbox 2541 4006 2692 4079; x_wconf 67' lang='grc' dir='ltr'>παρὰ</span> <span class='ocrx_word' id='word_1_658' title='bbox 2724 4004 2930 4077; x_wconf 78' lang='grc' dir='ltr'><strong>Κυρίου</strong></span> <span class='ocrx_word' id='word_1_659' title='bbox 2960 4004 3030 4058; x_wconf 77' lang='grc' dir='ltr'>τὰ</span> <span class='ocrx_word' id='word_1_660' title='bbox 3056 4003 3183 4074; x_wconf 84' lang='grc' dir='ltr'>ὲλέη</span> <span class='ocrx_word' id='word_1_661' title='bbox 3212 4003 3377 4057; x_wconf 88' lang='grc' dir='ltr'>αὑτοῦ</span> <span class='ocrx_word' id='word_1_662' title='bbox 3405 3996 3501 4059; x_wconf 59' lang='grc' dir='ltr'><strong>καὶ</strong></span> <span class='ocrx_word' id='word_1_663' title='bbox 3530 4006 3662 4069; x_wconf 75' lang='grc' dir='ltr'>τοὺς</span> 
     </span>
    </p>
   </div>
   <div class='ocr_carea' id='block_1_90' title="bbox 2071 4096 3665 4170">
    <p class='ocr_par' dir='ltr' id='par_1_90' title="bbox 2071 4096 3665 4170">
     <span class='ocr_line' id='line_1_91' title="bbox 2071 4096 3665 4170; baseline 0 -19"><span class='ocrx_word' id='word_1_664' title='bbox 2071 4100 2409 4170; x_wconf 74' lang='grc' dir='ltr'>οἰκτιρμοὺς,</span> <span class='ocrx_word' id='word_1_665' title='bbox 2448 4099 2539 4151; x_wconf 85' lang='grc' dir='ltr'>τὸν</span> <span class='ocrx_word' id='word_1_666' title='bbox 2579 4098 2775 4169; x_wconf 69' lang='grc' dir='ltr'>ὄρθρον</span> <span class='ocrx_word' id='word_1_667' title='bbox 2810 4096 3000 4151; x_wconf 86' lang='grc' dir='ltr'>τοῦτον</span> <span class='ocrx_word' id='word_1_668' title='bbox 3044 4098 3137 4150; x_wconf 81' lang='grc' dir='ltr'><strong>καὶ</strong></span> <span class='ocrx_word' id='word_1_669' title='bbox 3175 4097 3276 4168; x_wconf 75' lang='grc' dir='ltr'>τὴν</span> <span class='ocrx_word' id='word_1_670' title='bbox 3308 4097 3546 4168; x_wconf 79' lang='grc' dir='ltr'>ἡμέραν,</span> <span class='ocrx_word' id='word_1_671' title='bbox 3585 4101 3665 4151; x_wconf 79' lang='grc' dir='ltr'><strong>εἰ-</strong></span> 
     </span>
    </p>
   </div>
   <div class='ocr_carea' id='block_1_91' title="bbox 2077 4188 3664 4262">
    <p class='ocr_par' dir='ltr' id='par_1_91' title="bbox 2077 4188 3664 4262">
     <span class='ocr_line' id='line_1_92' title="bbox 2077 4188 3664 4262; baseline 0.003 -21"><span class='ocrx_word' id='word_1_672' title='bbox 2077 4191 2301 4262; x_wconf 79' lang='grc' dir='ltr'>ρηνικὴν</span> <span class='ocrx_word' id='word_1_673' title='bbox 2331 4191 2424 4247; x_wconf 74' lang='grc' dir='ltr'>καὶ</span> <span class='ocrx_word' id='word_1_674' title='bbox 2456 4190 2860 4261; x_wconf 82' lang='grc' dir='ltr'>ἀναμάρτητον,</span> <span class='ocrx_word' id='word_1_675' title='bbox 2894 4189 2989 4243; x_wconf 74' lang='grc' dir='ltr'><strong>καὶ</strong></span> <span class='ocrx_word' id='word_1_676' title='bbox 3017 4188 3197 4246; x_wconf 79' lang='grc' dir='ltr'>πάντα</span> <span class='ocrx_word' id='word_1_677' title='bbox 3224 4190 3315 4244; x_wconf 81' lang='grc' dir='ltr'>τὸν</span> <span class='ocrx_word' id='word_1_678' title='bbox 3341 4192 3536 4262; x_wconf 81' lang='grc' dir='ltr'>χρόνον</span> <span class='ocrx_word' id='word_1_679' title='bbox 3562 4192 3664 4262; x_wconf 75' lang='grc' dir='ltr'>τῆς</span> 
     </span>
    </p>
   </div>
   <div class='ocr_carea' id='block_1_92' title="bbox 2073 4280 3661 4354">
    <p class='ocr_par' dir='ltr' id='par_1_92' title="bbox 2073 4280 3661 4354">
     <span class='ocr_line' id='line_1_93' title="bbox 2073 4280 3661 4354; baseline 0.003 -21"><span class='ocrx_word' id='word_1_680' title='bbox 2073 4281 2479 4352; x_wconf 76' lang='grc' dir='ltr'>παρεπιδημεας</span> <span class='ocrx_word' id='word_1_681' title='bbox 2512 4282 2688 4351; x_wconf 71' lang='grc' dir='ltr'>ἡμῶν,</span> <span class='ocrx_word' id='word_1_682' title='bbox 2712 4280 2802 4335; x_wconf 79' lang='grc' dir='ltr'><strong>τὸν</strong></span> <span class='ocrx_word' id='word_1_683' title='bbox 2823 4280 3049 4349; x_wconf 75' lang='grc' dir='ltr'>ἄγγελον</span> <span class='ocrx_word' id='word_1_684' title='bbox 3066 4281 3156 4334; x_wconf 73' lang='grc' dir='ltr'>τὸν</span> <span class='ocrx_word' id='word_1_685' title='bbox 3179 4282 3272 4334; x_wconf 74' lang='grc' dir='ltr'><strong>ἐπὶ</strong></span> <span class='ocrx_word' id='word_1_686' title='bbox 3286 4283 3384 4351; x_wconf 81' lang='grc' dir='ltr'>τῆς</span> <span class='ocrx_word' id='word_1_687' title='bbox 3404 4284 3661 4354; x_wconf 80' lang='grc' dir='ltr'><strong>εἰρήνης,</strong></span> 
     </span>
    </p>
   </div>
   <div class='ocr_carea' id='block_1_93' title="bbox 2074 4373 3663 4445">
    <p class='ocr_par' dir='ltr' id='par_1_93' title="bbox 2074 4373 3663 4445">
     <span class='ocr_line' id='line_1_94' title="bbox 2074 4373 3663 4445; baseline 0 -18"><span class='ocrx_word' id='word_1_688' title='bbox 2074 4375 2361 4445; x_wconf 79' lang='grc' dir='ltr'>χριστιανὰ</span> <span class='ocrx_word' id='word_1_689' title='bbox 2393 4374 2461 4427; x_wconf 81' lang='grc' dir='ltr'>τὰ</span> <span class='ocrx_word' id='word_1_690' title='bbox 2490 4374 2640 4444; x_wconf 83' lang='grc' dir='ltr'>τέλη,</span> <span class='ocrx_word' id='word_1_691' title='bbox 2673 4373 2830 4427; x_wconf 80' lang='grc' dir='ltr'>ἵλεων</span> <span class='ocrx_word' id='word_1_692' title='bbox 2861 4374 2955 4426; x_wconf 79' lang='grc' dir='ltr'><strong>καὶ</strong></span> <span class='ocrx_word' id='word_1_693' title='bbox 2987 4373 3187 4443; x_wconf 73' lang='grc' dir='ltr'><strong>εὐμενῆ</strong></span> <span class='ocrx_word' id='word_1_694' title='bbox 3220 4373 3314 4428; x_wconf 77' lang='grc' dir='ltr'>τὸν</span> <span class='ocrx_word' id='word_1_695' title='bbox 3341 4374 3494 4427; x_wconf 78' lang='grc' dir='ltr'><strong>Θεὸν·</strong></span> <span class='ocrx_word' id='word_1_696' title='bbox 3534 4376 3663 4431; x_wconf 68' lang='grc' dir='ltr'><strong>ἑαυ-</strong></span> 
     </span>
    </p>
   </div>
   <div class='ocr_carea' id='block_1_94' title="bbox 1698 4695 2342 4758">
    <p class='ocr_par' dir='ltr' id='par_1_94' title="bbox 1698 4695 2342 4758">
     <span class='ocr_line' id='line_1_95' title="bbox 1698 4695 2342 4758; baseline 0.011 -10"><span class='ocrx_word' id='word_1_697' title='bbox 1698 4695 2058 4755; x_wconf 69' lang='grc' dir='ltr'>νΑιιιΟΡιυΜ</span> <span class='ocrx_word' id='word_1_698' title='bbox 2112 4698 2342 4758; x_wconf 71' lang='grc' dir='ltr'><strong>ΝΟΤΕ.</strong></span> 
     </span>
    </p>
   </div>
   <div class='ocr_carea' id='block_1_95' title="bbox 477 4867 1983 4955">
    <p class='ocr_par' dir='ltr' id='par_1_95' title="bbox 477 4867 1977 4955">
     <span class='ocr_line' id='line_1_96' title="bbox 477 4867 1977 4955; baseline 0.001 -29"><span class='ocrx_word' id='word_1_699' title='bbox 477 4869 591 4943; x_wconf 81' lang='lat' dir='ltr'><strong>(5i)</strong></span> <span class='ocrx_word' id='word_1_700' title='bbox 626 4869 744 4955; x_wconf 65' lang='grc' dir='ltr'><strong>11ρρ</strong></span> <span class='ocrx_word' id='word_1_701' title='bbox 772 4869 841 4923; x_wconf 71' lang='grc' dir='ltr'><em>δὲ</em></span> <span class='ocrx_word' id='word_1_702' title='bbox 1155 4867 1282 4952; x_wconf 60' lang='lat' dir='ltr'><strong>lianc</strong></span> <span class='ocrx_word' id='word_1_703' title='bbox 1306 4870 1718 4955; x_wconf 42' lang='lat' dir='ltr'><strong>verha_omi_ssa.</strong></span> <span class='ocrx_word' id='word_1_704' title='bbox 1743 4882 1870 4927; x_wconf 85' lang='lat' dir='ltr'><strong>sunt</strong></span> <span class='ocrx_word' id='word_1_705' title='bbox 1897 4874 1977 4955; x_wconf 43' lang='lat' dir='ltr'><strong>‘in</strong></span> 
     </span>
    </p>
   </div>
   <div class='ocr_carea' id='block_1_96' title="bbox 2074 4867 3659 4955">
    <p class='ocr_par' dir='ltr' id='par_1_96' title="bbox 2086 4874 3659 4955">
     <span class='ocr_line' id='line_1_97' title="bbox 2086 4874 3659 4955; baseline 0.006 -24"><span class='ocrx_word' id='word_1_706' title='bbox 2086 4874 2228 4940; x_wconf 86' lang='grc' dir='ltr'>λεύς,</span> <span class='ocrx_word' id='word_1_707' title='bbox 2259 4885 2319 4955; x_wconf 79' lang='lat' dir='ltr'><strong>ut</strong></span> <span class='ocrx_word' id='word_1_708' title='bbox 2346 4882 2505 4955; x_wconf 71' lang='lat' dir='ltr'><strong>antea</strong></span> <span class='ocrx_word' id='word_1_709' title='bbox 2520 4876 2953 4955; x_wconf 74' lang='lat' dir='ltr'><strong>observavimus,</strong></span> <span class='ocrx_word' id='word_1_710' title='bbox 2980 4878 3048 4933; x_wconf 87' lang='lat' dir='ltr'><strong>ad</strong></span> <span class='ocrx_word' id='word_1_711' title='bbox 3063 4878 3165 4955; x_wconf 85' lang='lat' dir='ltr'><strong>_l_ib.</strong></span> <span class='ocrx_word' id='word_1_712' title='bbox 3193 4895 3271 4944; x_wconf 79' lang='lat' dir='ltr'><strong>vr,</strong></span> <span class='ocrx_word' id='word_1_713' title='bbox 3296 4895 3362 4955; x_wconf 90' lang='lat' dir='ltr'><strong>c._</strong></span> <span class='ocrx_word' id='word_1_714' title='bbox 3382 4882 3407 4936; x_wconf 78' lang='lat' dir='ltr'><strong>l</strong></span> <span class='ocrx_word' id='word_1_715' title='bbox 3424 4883 3474 4955; x_wconf 85' lang='lat' dir='ltr'><strong>l,</strong></span> <span class='ocrx_word' id='word_1_716' title='bbox 3498 4887 3659 4955; x_wconf 86' lang='lat' dir='ltr'><strong>quasi</strong></span> 
     </span>
    </p>
   </div>
   <div class='ocr_carea' id='block_1_97' title="bbox 403 4937 1978 5010">
    <p class='ocr_par' dir='ltr' id='par_1_97' title="bbox 403 4937 1978 5010">
     <span class='ocr_line' id='line_1_98' title="bbox 403 4937 1978 5010; baseline -0.001 -12"><span class='ocrx_word' id='word_1_717' title='bbox 403 4937 581 4998; x_wconf 80' lang='lat' dir='ltr'><strong>altero</strong></span> <span class='ocrx_word' id='word_1_718' title='bbox 614 4937 808 4996; x_wconf 85' lang='lat' dir='ltr'><strong>codice</strong></span> <span class='ocrx_word' id='word_1_719' title='bbox 853 4937 1287 5004; x_wconf 82' lang='lat' dir='ltr'><strong>Vindobonensi,</strong></span> <span class='ocrx_word' id='word_1_720' title='bbox 1340 4939 1487 5010; x_wconf 87' lang='lat' dir='ltr'><strong>quod</strong></span> <span class='ocrx_word' id='word_1_721' title='bbox 1532 4941 1849 5010; x_wconf 75' lang='lat' dir='ltr'><strong>Arianismo</strong></span> <span class='ocrx_word' id='word_1_722' title='bbox 1894 4941 1978 4997; x_wconf 62' lang='lat' dir='ltr'><strong>fa-</strong></span> 
     </span>
    </p>
   </div>
   <div class='ocr_carea' id='block_1_98' title="bbox 405 5008 1981 5078">
    <p class='ocr_par' dir='ltr' id='par_1_98' title="bbox 405 5008 1981 5078">
     <span class='ocr_line' id='line_1_99' title="bbox 405 5008 1981 5078; baseline 0 -10"><span class='ocrx_word' id='word_1_723' title='bbox 405 5019 604 5078; x_wconf 89' lang='lat' dir='ltr'><strong>veant;</strong></span> <span class='ocrx_word' id='word_1_724' title='bbox 635 5024 762 5064; x_wconf 89' lang='lat' dir='ltr'><strong>nam</strong></span> <span class='ocrx_word' id='word_1_725' title='bbox 804 5024 873 5065; x_wconf 89' lang='lat' dir='ltr'><strong>ex</strong></span> <span class='ocrx_word' id='word_1_726' title='bbox 920 5012 1193 5064; x_wconf 84' lang='lat' dir='ltr'><strong>sententia</strong></span> <span class='ocrx_word' id='word_1_727' title='bbox 1235 5008 1586 5073; x_wconf 78' lang='lat' dir='ltr'><strong>Arianorum,</strong></span> <span class='ocrx_word' id='word_1_728' title='bbox 1632 5008 1776 5066; x_wconf 84' lang='lat' dir='ltr'><strong>Deus</strong></span> <span class='ocrx_word' id='word_1_729' title='bbox 1817 5010 1981 5068; x_wconf 87' lang='lat' dir='ltr'><strong>Pater</strong></span> 
     </span>
    </p>
   </div>
   <div class='ocr_carea' id='block_1_99' title="bbox 407 5080 1977 5151">
    <p class='ocr_par' dir='ltr' id='par_1_99' title="bbox 407 5080 1977 5151">
     <span class='ocr_line' id='line_1_100' title="bbox 407 5080 1977 5151; baseline -0.001 -14"><span class='ocrx_word' id='word_1_730' title='bbox 407 5091 532 5137; x_wconf 88' lang='lat' dir='ltr'><strong>ante</strong></span> <span class='ocrx_word' id='word_1_731' title='bbox 554 5081 797 5135; x_wconf 90' lang='lat' dir='ltr'><strong>omnium</strong></span> <span class='ocrx_word' id='word_1_732' title='bbox 831 5081 1186 5151; x_wconf 79' lang='lat' dir='ltr'><strong>creationem,</strong></span> <span class='ocrx_word' id='word_1_733' title='bbox 1218 5094 1283 5134; x_wconf 90' lang='lat' dir='ltr'><strong>ac</strong></span> <span class='ocrx_word' id='word_1_734' title='bbox 1310 5080 1537 5151; x_wconf 74' lang='lat' dir='ltr'><strong>proinde</strong></span> <span class='ocrx_word' id='word_1_735' title='bbox 1572 5089 1860 5151; x_wconf 88' lang='lat' dir='ltr'><strong>antequam</strong></span> <span class='ocrx_word' id='word_1_736' title='bbox 1882 5099 1977 5137; x_wconf 79' lang='lat' dir='ltr'><strong>es-</strong></span> 
     </span>
    </p>
   </div>
   <div class='ocr_carea' id='block_1_100' title="bbox 408 5149 1978 5220">
    <p class='ocr_par' dir='ltr' id='par_1_100' title="bbox 408 5149 1978 5220">
     <span class='ocr_line' id='line_1_101' title="bbox 408 5149 1978 5220; baseline 0 -13"><span class='ocrx_word' id='word_1_737' title='bbox 408 5162 492 5207; x_wconf 89' lang='lat' dir='ltr'><strong>set</strong></span> <span class='ocrx_word' id='word_1_738' title='bbox 530 5162 726 5206; x_wconf 89' lang='lat' dir='ltr'><strong>natura</strong></span> <span class='ocrx_word' id='word_1_739' title='bbox 756 5151 994 5206; x_wconf 91' lang='lat' dir='ltr'><strong>humana</strong></span> <span class='ocrx_word' id='word_1_740' title='bbox 1034 5150 1259 5220; x_wconf 82' lang='lat' dir='ltr'><strong>Christi,</strong></span> <span class='ocrx_word' id='word_1_741' title='bbox 1301 5161 1419 5205; x_wconf 87' lang='lat' dir='ltr'><strong>erat</strong></span> <span class='ocrx_word' id='word_1_742' title='bbox 1440 5149 1585 5205; x_wconf 89' lang='lat' dir='ltr'><strong>Deus</strong></span> <span class='ocrx_word' id='word_1_743' title='bbox 1608 5149 1730 5220; x_wconf 81' lang='lat' dir='ltr'><strong>ejus</strong></span> <span class='ocrx_word' id='word_1_744' title='bbox 1768 5159 1978 5207; x_wconf 67' lang='lat' dir='ltr'><strong>natura:</strong></span> 
     </span>
    </p>
   </div>
   <div class='ocr_carea' id='block_1_101' title="bbox 407 5219 1975 5290">
    <p class='ocr_par' dir='ltr' id='par_1_101' title="bbox 407 5219 1975 5290">
     <span class='ocr_line' id='line_1_102' title="bbox 407 5219 1975 5290; baseline 0 -13"><span class='ocrx_word' id='word_1_745' title='bbox 407 5223 638 5285; x_wconf 65' lang='lat' dir='ltr'><strong>divitum;</strong></span> <span class='ocrx_word' id='word_1_746' title='bbox 665 5236 789 5275; x_wconf 91' lang='lat' dir='ltr'><strong>cum</strong></span> <span class='ocrx_word' id='word_1_747' title='bbox 818 5236 886 5275; x_wconf 92' lang='lat' dir='ltr'><strong>ex</strong></span> <span class='ocrx_word' id='word_1_748' title='bbox 909 5221 1175 5275; x_wconf 86' lang='lat' dir='ltr'><strong>sententia</strong></span> <span class='ocrx_word' id='word_1_749' title='bbox 1199 5219 1427 5275; x_wconf 70' lang='lat' dir='ltr'><strong>Nicaeus:</strong></span> <span class='ocrx_word' id='word_1_750' title='bbox 1446 5220 1637 5290; x_wconf 85' lang='lat' dir='ltr'><strong>synodi</strong></span> <span class='ocrx_word' id='word_1_751' title='bbox 1668 5223 1738 5277; x_wconf 90' lang='lat' dir='ltr'><strong>sit</strong></span> <span class='ocrx_word' id='word_1_752' title='bbox 1765 5232 1975 5277; x_wconf 86' lang='lat' dir='ltr'><strong>tantum</strong></span> 
     </span>
    </p>
   </div>
   <div class='ocr_carea' id='block_1_102' title="bbox 409 5290 1973 5360">
    <p class='ocr_par' dir='ltr' id='par_1_102' title="bbox 409 5290 1973 5360">
     <span class='ocr_line' id='line_1_103' title="bbox 409 5290 1973 5360; baseline 0 -13"><span class='ocrx_word' id='word_1_753' title='bbox 409 5291 554 5347; x_wconf 84' lang='lat' dir='ltr'><strong>Deus</strong></span> <span class='ocrx_word' id='word_1_754' title='bbox 574 5290 738 5347; x_wconf 85' lang='lat' dir='ltr'><strong>Pater</strong></span> <span class='ocrx_word' id='word_1_755' title='bbox 756 5291 1232 5346; x_wconf 60' lang='lat' dir='ltr'><strong>humanaenatune</strong></span> <span class='ocrx_word' id='word_1_756' title='bbox 1263 5290 1424 5356; x_wconf 82' lang='lat' dir='ltr'><strong>Deus,</strong></span> <span class='ocrx_word' id='word_1_757' title='bbox 1455 5306 1579 5345; x_wconf 86' lang='lat' dir='ltr'><strong>cum</strong></span> <span class='ocrx_word' id='word_1_758' title='bbox 1603 5291 1679 5346; x_wconf 88' lang='lat' dir='ltr'><strong>sit</strong></span> <span class='ocrx_word' id='word_1_759' title='bbox 1707 5293 1756 5347; x_wconf 91' lang='lat' dir='ltr'><strong>ei</strong></span> <span class='ocrx_word' id='word_1_760' title='bbox 1782 5290 1973 5360; x_wconf 77' lang='lat' dir='ltr'><strong>Filius,</strong></span> 
     </span>
    </p>
   </div>
   <div class='ocr_carea' id='block_1_103' title="bbox 411 5360 1906 5431">
    <p class='ocr_par' dir='ltr' id='par_1_103' title="bbox 411 5360 1906 5431">
     <span class='ocr_line' id='line_1_104' title="bbox 411 5360 1906 5431; baseline 0.003 -16"><span class='ocrx_word' id='word_1_761' title='bbox 411 5362 709 5431; x_wconf 82' lang='lat' dir='ltr'><strong>secundum</strong></span> <span class='ocrx_word' id='word_1_762' title='bbox 739 5360 983 5415; x_wconf 88' lang='lat' dir='ltr'><strong>divinam</strong></span> <span class='ocrx_word' id='word_1_763' title='bbox 1004 5361 1308 5431; x_wconf 81' lang='grc' dir='ltr'>ὁμοοὺσιος.</span> <span class='ocrx_word' id='word_1_764' title='bbox 1345 5361 1448 5415; x_wconf 90' lang='lat' dir='ltr'><strong>hoc</strong></span> <span class='ocrx_word' id='word_1_765' title='bbox 1477 5369 1561 5415; x_wconf 88' lang='lat' dir='ltr'><strong>est</strong></span> <span class='ocrx_word' id='word_1_766' title='bbox 1588 5377 1703 5431; x_wconf 84' lang='lat' dir='ltr'><strong>par.</strong></span> <span class='ocrx_word' id='word_1_767' title='bbox 1738 5361 1906 5420; x_wconf 69' lang='lat' dir='ltr'><strong>Cum.</strong></span> 
     </span>
    </p>
   </div>
   <div class='ocr_carea' id='block_1_104' title="bbox 481 5430 1973 5501">
    <p class='ocr_par' dir='ltr' id='par_1_104' title="bbox 481 5430 1973 5501">
     <span class='ocr_line' id='line_1_105' title="bbox 481 5430 1973 5501; baseline 0.001 -16"><span class='ocrx_word' id='word_1_768' title='bbox 481 5430 595 5501; x_wconf 75' lang='lat'><strong>(52)</strong></span> <span class='ocrx_word' id='word_1_769' title='bbox 618 5431 707 5501; x_wconf 73' lang='lat'><strong>_&#39;_0</strong></span> <span class='ocrx_word' id='word_1_770' title='bbox 742 5431 849 5484; x_wconf 81' lang='grc' dir='ltr'><strong>τοῦ</strong></span> <span class='ocrx_word' id='word_1_771' title='bbox 886 5430 1231 5501; x_wconf 75' lang='grc' dir='ltr'><strong>Πνεύματος</strong></span> <span class='ocrx_word' id='word_1_772' title='bbox 1257 5432 1491 5498; x_wconf 84' lang='grc' dir='ltr'>Κύριος.</span> <span class='ocrx_word' id='word_1_773' title='bbox 1549 5432 1849 5487; x_wconf 80' lang='lat' dir='ltr'><strong>Durissitna</strong></span> <span class='ocrx_word' id='word_1_774' title='bbox 1891 5434 1973 5487; x_wconf 88' lang='lat' dir='ltr'><strong>lo-</strong></span> 
     </span>
    </p>
   </div>
   <div class='ocr_carea' id='block_1_105' title="bbox 410 5499 1651 5563">
    <p class='ocr_par' dir='ltr' id='par_1_105' title="bbox 410 5499 1651 5563">
     <span class='ocr_line' id='line_1_106' title="bbox 410 5499 1651 5563; baseline 0.002 -8"><span class='ocrx_word' id='word_1_775' title='bbox 410 5499 584 5563; x_wconf 83' lang='lat' dir='ltr'><strong>cutio,</strong></span> <span class='ocrx_word' id='word_1_776' title='bbox 616 5499 1174 5556; x_wconf 74' lang='lat' dir='ltr'><strong>Macedonianismum</strong></span> <span class='ocrx_word' id='word_1_777' title='bbox 1213 5500 1483 5556; x_wconf 89' lang='lat' dir='ltr'><strong>redolens.</strong></span> <span class='ocrx_word' id='word_1_778' title='bbox 1514 5501 1651 5557; x_wconf 82' lang='lat' dir='ltr'><strong>Cor.</strong></span> 
     </span>
    </p>
   </div>
   <div class='ocr_carea' id='block_1_106' title="bbox 483 5568 1973 5638">
    <p class='ocr_par' dir='ltr' id='par_1_106' title="bbox 483 5568 1973 5638">
     <span class='ocr_line' id='line_1_107' title="bbox 483 5568 1973 5638; baseline 0.002 -16"><span class='ocrx_word' id='word_1_779' title='bbox 483 5570 595 5638; x_wconf 80' lang='lat'><strong>(55)</strong></span> <span class='ocrx_word' id='word_1_780' title='bbox 633 5572 865 5638; x_wconf 79' lang='grc' dir='ltr'>Κύριος.</span> <span class='ocrx_word' id='word_1_781' title='bbox 922 5568 1019 5623; x_wconf 89' lang='lat' dir='ltr'><strong>Est</strong></span> <span class='ocrx_word' id='word_1_782' title='bbox 1066 5570 1122 5638; x_wconf 84' lang='lat' dir='ltr'><strong>in</strong></span> <span class='ocrx_word' id='word_1_783' title='bbox 1166 5570 1338 5625; x_wconf 86' lang='lat' dir='ltr'><strong>altero</strong></span> <span class='ocrx_word' id='word_1_784' title='bbox 1374 5570 1498 5625; x_wconf 89' lang='lat' dir='ltr'><strong>cod.</strong></span> <span class='ocrx_word' id='word_1_785' title='bbox 1546 5571 1973 5637; x_wconf 82' lang='lat' dir='ltr'><strong>Vindobonensi,</strong></span> 
     </span>
    </p>
   </div>
   <div class='ocr_carea' id='block_1_107' title="bbox 2082 4946 3660 5022">
    <p class='ocr_par' dir='ltr' id='par_1_107' title="bbox 2082 4946 3660 5022">
     <span class='ocr_line' id='line_1_108' title="bbox 2082 4946 3660 5022; baseline 0.008 -24"><span class='ocrx_word' id='word_1_786' title='bbox 2082 4959 2212 5022; x_wconf 82' lang='lat' dir='ltr'><strong>vero</strong></span> <span class='ocrx_word' id='word_1_787' title='bbox 2240 4946 2508 5022; x_wconf 78' lang='lat' dir='ltr'><strong>ejusmodi</strong></span> <span class='ocrx_word' id='word_1_788' title='bbox 2533 4948 2757 5022; x_wconf 72' lang='lat' dir='ltr'><strong>vocibus</strong></span> <span class='ocrx_word' id='word_1_789' title='bbox 2786 4963 2881 5022; x_wconf 73' lang='lat' dir='ltr'><strong>res</strong></span> <span class='ocrx_word' id='word_1_790' title='bbox 2903 4949 3287 5022; x_wconf 82' lang='grc' dir='ltr'>ἀκατάληπτος</span> <span class='ocrx_word' id='word_1_791' title='bbox 3315 4946 3534 5022; x_wconf 62' lang='grc' dir='ltr'><strong>εΙξιι-ἰοί</strong></span> <span class='ocrx_word' id='word_1_792' title='bbox 3564 4958 3660 5010; x_wconf 62' lang='grc' dir='ltr'><strong>πίει</strong></span> 
     </span>
    </p>
   </div>
   <div class='ocr_carea' id='block_1_108' title="bbox 2080 5014 3659 5094">
    <p class='ocr_par' dir='ltr' id='par_1_108' title="bbox 2080 5014 3659 5094">
     <span class='ocr_line' id='line_1_109' title="bbox 2080 5014 3659 5094; baseline 0.006 -24"><span class='ocrx_word' id='word_1_793' title='bbox 2080 5014 2295 5094; x_wconf 74' lang='lat' dir='ltr'><strong>ret!_At</strong></span> <span class='ocrx_word' id='word_1_794' title='bbox 2322 5024 2531 5094; x_wconf 79' lang='lat' dir='ltr'><strong>quanto</strong></span> <span class='ocrx_word' id='word_1_795' title='bbox 2559 5018 2754 5094; x_wconf 83' lang='lat' dir='ltr'><strong>melius</strong></span> <span class='ocrx_word' id='word_1_796' title='bbox 2807 5017 3005 5094; x_wconf 75' lang='lat' dir='ltr'><strong>fuisset</strong></span> <span class='ocrx_word' id='word_1_797' title='bbox 3050 5014 3160 5073; x_wconf 73' lang='lat' dir='ltr'><strong>una</strong></span> <span class='ocrx_word' id='word_1_798' title='bbox 3187 5014 3313 5094; x_wconf 74' lang='lat' dir='ltr'><strong>cum</strong></span> <span class='ocrx_word' id='word_1_799' title='bbox 3365 5020 3659 5094; x_wconf 85' lang='lat' dir='ltr'><strong>Scriptura</strong></span> 
     </span>
    </p>
   </div>
   <div class='ocr_carea' id='block_1_109' title="bbox 2078 5086 3658 5212">
    <p class='ocr_par' dir='ltr' id='par_1_109' title="bbox 2078 5086 3658 5212">
     <span class='ocr_line' id='line_1_110' title="bbox 2078 5086 3658 5212; baseline 0.008 -73"><span class='ocrx_word' id='word_1_800' title='bbox 2078 5086 2249 5212; x_wconf 51' lang='grc' dir='ltr'><strong>ἔπεσί,</strong></span> <span class='ocrx_word' id='word_1_801' title='bbox 2274 5087 2479 5142; x_wconf 86' lang='lat' dir='ltr'><strong>omissa</strong></span> <span class='ocrx_word' id='word_1_802' title='bbox 2500 5089 2650 5145; x_wconf 87' lang='lat' dir='ltr'><strong>omni</strong></span> <span class='ocrx_word' id='word_1_803' title='bbox 2677 5089 3009 5161; x_wconf 72' lang='grc' dir='ltr'>καινολαγιᾳ,</span> <span class='ocrx_word' id='word_1_804' title='bbox 3043 5105 3167 5161; x_wconf 66' lang='lat' dir='ltr'><strong>qua:</strong></span> <span class='ocrx_word' id='word_1_805' title='bbox 3199 5086 3513 5161; x_wconf 69' lang='lat' dir='ltr'><strong>periculosa</strong></span> <span class='ocrx_word' id='word_1_806' title='bbox 3538 5100 3658 5151; x_wconf 87' lang='lat' dir='ltr'><strong>est!</strong></span> 
     </span>
     <span class='ocr_line' id='line_1_111' title="bbox 2126 5171 2247 5211; baseline 0 0"><span class='ocrx_word' id='word_1_807' title='bbox 2126 5171 2247 5211; x_wconf 76' lang='lat' dir='ltr'><strong>Lsn.</strong></span> 
     </span>
    </p>
   </div>
   <div class='ocr_carea' id='block_1_110' title="bbox 2150 5199 3657 5300">
    <p class='ocr_par' dir='ltr' id='par_1_110' title="bbox 2150 5199 3657 5300">
     <span class='ocr_line' id='line_1_112' title="bbox 2150 5199 3657 5300; baseline 0.006 -20"><span class='ocrx_word' id='word_1_808' title='bbox 2316 5228 2411 5281; x_wconf 83' lang='grc' dir='ltr'><strong>Ἑν</strong></span> <span class='ocrx_word' id='word_1_809' title='bbox 2438 5227 2603 5297; x_wconf 78' lang='grc' dir='ltr'><strong>ἁγίῳ.</strong></span> <span class='ocrx_word' id='word_1_810' title='bbox 2650 5226 2801 5300; x_wconf 68' lang='lat' dir='ltr'><strong>Alter</strong></span> <span class='ocrx_word' id='word_1_811' title='bbox 2838 5228 3009 5285; x_wconf 81' lang='lat' dir='ltr'><strong>codex</strong></span> <span class='ocrx_word' id='word_1_812' title='bbox 3039 5228 3203 5286; x_wconf 87' lang='lat' dir='ltr'><strong>habet</strong></span> <span class='ocrx_word' id='word_1_813' title='bbox 3238 5232 3337 5285; x_wconf 84' lang='grc' dir='ltr'><strong>σὺν</strong></span> <span class='ocrx_word' id='word_1_814' title='bbox 3367 5232 3527 5300; x_wconf 75' lang='grc' dir='ltr'><strong>ἁγίῳ.</strong></span> <span class='ocrx_word' id='word_1_815' title='bbox 3564 5234 3657 5290; x_wconf 90' lang='lat' dir='ltr'><strong>Sic</strong></span> 
     </span>
    </p>
   </div>
   <div class='ocr_carea' id='block_1_111' title="bbox 2080 5298 3658 5370">
    <p class='ocr_par' dir='ltr' id='par_1_111' title="bbox 2080 5298 3658 5370">
     <span class='ocr_line' id='line_1_113' title="bbox 2080 5298 3658 5370; baseline 0.007 -20"><span class='ocrx_word' id='word_1_816' title='bbox 2080 5299 2285 5370; x_wconf 81' lang='lat' dir='ltr'><strong>passim</strong></span> <span class='ocrx_word' id='word_1_817' title='bbox 2315 5305 2523 5352; x_wconf 89' lang='lat' dir='ltr'><strong>mutata</strong></span> <span class='ocrx_word' id='word_1_818' title='bbox 2549 5304 2633 5353; x_wconf 89' lang='lat' dir='ltr'><strong>est</strong></span> <span class='ocrx_word' id='word_1_819' title='bbox 2653 5298 2948 5370; x_wconf 80' lang='grc' dir='ltr'>δοξολογία,</span> <span class='ocrx_word' id='word_1_820' title='bbox 2975 5313 3044 5354; x_wconf 90' lang='lat' dir='ltr'><strong>ne</strong></span> <span class='ocrx_word' id='word_1_821' title='bbox 3070 5299 3121 5355; x_wconf 89' lang='lat' dir='ltr'><strong>ei</strong></span> <span class='ocrx_word' id='word_1_822' title='bbox 3150 5298 3499 5361; x_wconf 80' lang='lat' dir='ltr'><strong>Arianismus</strong></span> <span class='ocrx_word' id='word_1_823' title='bbox 3531 5307 3658 5361; x_wconf 90' lang='lat' dir='ltr'><strong>sub-</strong></span> 
     </span>
    </p>
   </div>
   <div class='ocr_carea' id='block_1_112' title="bbox 2070 5367 2344 5424">
    <p class='ocr_par' dir='ltr' id='par_1_112' title="bbox 2070 5367 2344 5424">
     <span class='ocr_line' id='line_1_114' title="bbox 2070 5367 2344 5424; baseline -0.007 0"><span class='ocrx_word' id='word_1_824' title='bbox 2070 5376 2235 5424; x_wconf 87' lang='lat' dir='ltr'><strong>esset.</strong></span> <span class='ocrx_word' id='word_1_825' title='bbox 2271 5367 2344 5422; x_wconf 83' lang='lat' dir='ltr'><strong>In.</strong></span> 
     </span>
    </p>
   </div>
   <div class='ocr_carea' id='block_1_113' title="bbox 2144 5436 3650 5524">
    <p class='ocr_par' dir='ltr' id='par_1_113' title="bbox 2144 5436 3650 5524">
     <span class='ocr_line' id='line_1_115' title="bbox 2144 5436 3650 5524; baseline 0.005 -30"><span class='ocrx_word' id='word_1_826' title='bbox 2144 5438 2257 5524; x_wconf 68' lang='lat'><strong>(55)</strong></span> <span class='ocrx_word' id='word_1_827' title='bbox 2299 5438 2406 5524; x_wconf 61' lang='lat' dir='ltr'><strong>93s</strong></span> <span class='ocrx_word' id='word_1_828' title='bbox 2438 5437 2727 5524; x_wconf 61' lang='grc' dir='ltr'>πατέρων.</span> <span class='ocrx_word' id='word_1_829' title='bbox 2757 5436 2999 5524; x_wconf 51' lang='grc' dir='ltr'>ξοσαιιπ</span> <span class='ocrx_word' id='word_1_830' title='bbox 3182 5441 3463 5496; x_wconf 87' lang='lat' dir='ltr'><strong>invocatio</strong></span> <span class='ocrx_word' id='word_1_831' title='bbox 3488 5447 3545 5496; x_wconf 87' lang='lat' dir='ltr'><strong>in</strong></span> <span class='ocrx_word' id='word_1_832' title='bbox 3576 5448 3650 5501; x_wconf 62' lang='lat' dir='ltr'><strong>al.</strong></span> 
     </span>
    </p>
   </div>
   <div class='ocr_carea' id='block_1_114' title="bbox 2074 5509 3125 5583">
    <p class='ocr_par' dir='ltr' id='par_1_114' title="bbox 2074 5509 3125 5583">
     <span class='ocr_line' id='line_1_116' title="bbox 2074 5509 3125 5583; baseline 0.003 -23"><span class='ocrx_word' id='word_1_833' title='bbox 2074 5512 2199 5583; x_wconf 68' lang='lat' dir='ltr'><strong>tero</strong></span> <span class='ocrx_word' id='word_1_834' title='bbox 2212 5509 3015 5583; x_wconf 35' lang='lat' dir='ltr'><strong>codrrrpoqcptbvnatgnopeptog.</strong></span> <span class='ocrx_word' id='word_1_835' title='bbox 3053 5511 3125 5583; x_wconf 71' lang='lat' dir='ltr'><strong>in.</strong></span> 
     </span>
    </p>
   </div>
   <div class='ocr_carea' id='block_1_115' title="bbox 2144 5576 3656 5651">
    <p class='ocr_par' dir='ltr' id='par_1_115' title="bbox 2144 5576 3656 5651">
     <span class='ocr_line' id='line_1_117' title="bbox 2144 5576 3656 5651; baseline 0.005 -17"><span class='ocrx_word' id='word_1_836' title='bbox 2144 5578 2257 5651; x_wconf 83' lang='lat'><strong>(56)</strong></span> <span class='ocrx_word' id='word_1_837' title='bbox 2281 5576 2696 5651; x_wconf 20' lang='lat' dir='ltr'><strong>‘Altﬂdtbﬂsad.</strong></span> <span class='ocrx_word' id='word_1_838' title='bbox 2742 5576 3020 5651; x_wconf 57' lang='lat' dir='ltr'><strong>Vocantur</strong></span> <span class='ocrx_word' id='word_1_839' title='bbox 3051 5581 3168 5637; x_wconf 72' lang='lat' dir='ltr'><strong>ha‘c</strong></span> <span class='ocrx_word' id='word_1_840' title='bbox 3205 5580 3259 5637; x_wconf 88' lang='lat' dir='ltr'><strong>in</strong></span> <span class='ocrx_word' id='word_1_841' title='bbox 3302 5583 3503 5640; x_wconf 87' lang='lat' dir='ltr'><strong>eodem</strong></span> <span class='ocrx_word' id='word_1_842' title='bbox 3529 5591 3656 5641; x_wconf 82' lang='lat' dir='ltr'><strong>eod.</strong></span> 
     </span>
    </p>
   </div>
   <div class='ocr_carea' id='block_1_116' title="bbox 414 5637 1983 5723">
    <p class='ocr_par' dir='ltr' id='par_1_116' title="bbox 414 5637 1977 5723">
     <span class='ocr_line' id='line_1_118' title="bbox 414 5637 1977 5723; baseline 0.005 -34"><span class='ocrx_word' id='word_1_843' title='bbox 414 5637 729 5723; x_wconf 12' lang='grc' dir='ltr'>ττῗροᾷρλεὲςζ</span> <span class='ocrx_word' id='word_1_844' title='bbox 764 5638 933 5723; x_wconf 54' lang='grc' dir='ltr'><strong>ιῖίιίυε</strong></span> <span class='ocrx_word' id='word_1_845' title='bbox 976 5650 1037 5723; x_wconf 61' lang='lat' dir='ltr'><strong>et</strong></span> <span class='ocrx_word' id='word_1_846' title='bbox 1068 5637 1326 5723; x_wconf 45' lang='lat' dir='ltr'><strong>‘Spiritus</strong></span> <span class='ocrx_word' id='word_1_847' title='bbox 1371 5648 1599 5723; x_wconf 71' lang='lat' dir='ltr'><strong>sanctus</strong></span> <span class='ocrx_word' id='word_1_848' title='bbox 1639 5643 1977 5723; x_wconf 78' lang='lat' dir='ltr'><strong>d_icuntur_a</strong></span> 
     </span>
    </p>
   </div>
   <div class='ocr_carea' id='block_1_117' title="bbox 2074 5637 2836 5723">
    <p class='ocr_par' dir='ltr' id='par_1_117' title="bbox 2076 5637 2836 5723">
     <span class='ocr_line' id='line_1_119' title="bbox 2076 5637 2836 5723; baseline 0 -22"><span class='ocrx_word' id='word_1_849' title='bbox 2076 5637 2459 5723; x_wconf 65' lang='grc' dir='ltr'>πρὸσιρώνησίς</span> <span class='ocrx_word' id='word_1_850' title='bbox 2479 5637 2575 5721; x_wconf 78' lang='grc' dir='ltr'><strong>ὅρθ</strong></span> <span class='ocrx_word' id='word_1_851' title='bbox 2584 5665 2714 5721; x_wconf 86' lang='grc' dir='ltr'>ριος.</span> <span class='ocrx_word' id='word_1_852' title='bbox 2756 5649 2836 5707; x_wconf 82' lang='lat' dir='ltr'><strong>In.</strong></span> 
     </span>
    </p>
   </div>
   <div class='ocr_carea' id='block_1_118' title="bbox 418 5706 1979 5787">
    <p class='ocr_par' dir='ltr' id='par_1_118' title="bbox 418 5706 1979 5787">
     <span class='ocr_line' id='line_1_120' title="bbox 418 5706 1979 5787; baseline 0.004 -24"><span class='ocrx_word' id='word_1_853' title='bbox 418 5706 602 5765; x_wconf 84' lang='lat' dir='ltr'><strong>multis</strong></span> <span class='ocrx_word' id='word_1_854' title='bbox 639 5708 851 5782; x_wconf 78' lang='grc' dir='ltr'>Πατρὺς</span> <span class='ocrx_word' id='word_1_855' title='bbox 899 5706 1176 5780; x_wconf 72' lang='grc' dir='ltr'>προδολαῖ,</span> <span class='ocrx_word' id='word_1_856' title='bbox 1228 5711 1346 5784; x_wconf 88' lang='lat' dir='ltr'><strong>ipse</strong></span> <span class='ocrx_word' id='word_1_857' title='bbox 1388 5725 1518 5767; x_wconf 87' lang='lat' dir='ltr'><strong>vero</strong></span> <span class='ocrx_word' id='word_1_858' title='bbox 1547 5712 1737 5787; x_wconf 80' lang='grc' dir='ltr'>Πατὴρ</span> <span class='ocrx_word' id='word_1_859' title='bbox 1787 5712 1979 5786; x_wconf 77' lang='grc' dir='ltr'><strong>προσο-</strong></span> 
     </span>
    </p>
   </div>
  </div>
