3890 6192
358 202 497 260 IIII
1207 196 1809 257 CONSTITUTIONES
1845 198 2322 258 APOS'I‘OLICAB.
2360 234 2430 243 —
2475 202 2604 259 LIB.
2639 202 2775 260 VIII.
3396 170 3399 173 Ι
3488 211 3631 270 Ill!

348 322 477 384 τοὺς
504 316 599 373 καὶ
628 316 890 391 ἀλλήλους
919 315 997 389 τῷ
1023 316 1187 382 ζῶντι
1206 317 1324 388 Θεῷ
1355 316 1444 371 διὰ
1475 316 1569 369 τοῦ
1606 318 1884 385 Μονογενοι

2102 315 2366 374 cndemus
2428 335 2527 389 per
2595 318 2945 392 Unigenitum
3010 322 3150 395 ejus.
3202 323 3284 381 Ac
3335 326 3637 400 episcopus

344 412 513 469 αὐτοῦ
544 409 941 481 πασαθώμεθα.
994 410 1104 464 Καὶ
1142 411 1170 463 6
1209 409 1505 473 ἐπίσκοπος
1552 408 1880 479 ἐπευχόμενο

918 428 941 463 ;.
994 410 1104 464 Kal
1142 411 1170 463 6
1209 409 1505 473 ἐπίσκοπος
1552 408 1937 479 ἐπευχόμενος,
2047 426 2235 475 orans.
2267 411 2454 466 dicat:

342 504 572 575 λεγέτω·

858 594 1257 647 ΚΕΦΑΛΑΙΟΝ
1299 595 1430 647 AH'.

2549 596 2781 654 CAPUT
2818 597 3104 655 XXXVIII.

814 687 1183 755 Εὐχαριστία
1218 687 1483 754 όρθρινή.

2445 688 2754 745 Gratiarum
2779 693 2918 747 actio
2946 694 3230 751 matutina.

426 778 488 832 '0
544 777 681 842 Θεδς
719 778 750 832 6
785 778 896 831 τῶν
927 778 1252 849 πνευμάτων
1286 779 1381 832 καὶ
1429 779 1609 851 πάσης
1656 782 1876 854 σαρκὸς,
1909 785 1938 837 6

2111 776 2412 852 Spirituum
2448 789 2501 836 et
2528 782 2711 838 omnis
2746 783 2931 839 carnis
2962 783 3128 851 Deus,
3171 784 3620 859 incomparabils

341 867 673 941 ἀσύγκριτος
695 870 788 924 καὶ
814 869 1136 942 ἀπροσδεὴς,
1168 872 1197 925 6
1227 871 1351 936 δοὺς
1379 871 1470 925 τὸν
1494 871 1645 943 ἥλιον
1678 875 1759 939 είς
1788 873 1877 940 ἐξο

2084 884 2101 924 :
2136 871 2342 927 nullius
2370 872 2449 928 rei
2478 872 2724 946 indigus;
2751 874 2845 946 qui
2873 874 3073 932 dedisti
3112 877 3305 945 solem,
3331 885 3392 933 ut
3426 893 3620 951 pras-

343 959 467 1012 σίαν
492 960 591 1030 τῆς
622 961 857 1033 ἡμέρας,
888 961 987 1033 τὴν
1017 960 1078 1015 δὲ
1127 961 1358 1034 σελήνην
1401 962 1497 1016 καὶ
1536 962 1605 1017 τὰ
1644 964 1820 1036 ἄστρα
1856 983 1879 1018 ε

2081 971 2118 1020 2t
2142 963 2287 1033 diei;
2332 966 2518 1021 lunam
2547 982 2677 1023 vero
2717 975 2773 1023 et
2802 968 3012 1035 stellas,
3043 975 3104 1024 ut
3125 978 3423 1040 praeessent
3446 973 3617 1041 nocti,

342 1050 593 1115 ἐξουσίαν
616 1053 723 1123 τῆς
757 1052 969 1115 νυκτός·
1025 1052 1185 1117 αὐτὸς
1212 1055 1305 1107 καὶ
1339 1053 1434 1107 νῦν
1465 1054 1615 1108 ἔπιδε
1655 1056 1747 1126 ἐφ’
1789 1057 1878 1128 ήμε

2082 1070 2151 1111 »δε
2180 1063 2233 1111 et
2264 1072 2410 1112 nunc
2436 1058 2648 1129 respice
2680 1073 2847 1129 super
2870 1074 2974 1117 nos
2999 1060 3178 1117 oculis
3206 1061 3523 1131 benevolis;
3551 1078 3618 1119 ac

338 1142 626 1214 εὐμενέσιν
688 1144 1007 1217 ὀφθαλμοῖς,
1062 1146 1156 1199 καὶ
1222 1147 1510 1219 πρόσδεξαι
1552 1149 1652 1213 τὰς
1709 1150 1874 1204 ἑωθινς

2082 1147 2252 1217 iscipe
2280 1148 2578 1204 matutinas
2618 1158 2841 1206 nostras
2883 1150 3185 1221 gratiarum
3231 1152 3513 1221 actiones;
3560 1161 3618 1209 et

340 1234 499 1305 ἡμῶν
526 1235 893 1307 εὐχαριστίας,
935 1237 1030 1291 καὶ
1061 1237 1279 1309 ἐλέησον
1312 1239 1477 1310 ἡμᾶς·
1525 1241 1587 1294 οὐ
1618 1240 1726 1312 γὰρ
1751 1242 1876 1295 διεπ

2076 1240 2291 1298 ιὶεεῑθιε
2312 1244 2489 1298 nostri
2522 1262 2534 1296 :
2579 1259 2691 1299 non
2715 1244 2861 1299 enim
2890 1246 3253 1317 expandimus
3285 1261 3482 1304 manus
3509 1262 3612 1309 no-

337 1325 587 1397 τάσαμεν
617 1327 717 1392 τὰς
745 1331 934 1400 χεῖρας
975 1329 1133 1401 ἡμῶν
1174 1330 1310 1402 πρὸς
1356 1331 1474 1387 θεὸν
1519 1332 1814 1405 ἀλλότριον·
1868 1356 1873 1383 ι

2073 1333 2178 1382 lras
2206 1334 2273 1383 ad
2297 1328 2457 1383 deum
2484 1330 2761 1398 alienum;
2799 1332 3070 1404 siquidem
3098 1349 3207 1389 non
3246 1343 3331 1391 est
3362 1337 3417 1392 in
3450 1338 3609 1393 nobis

337 1417 450 1490 γάρ
470 1419 618 1473 ἐστιν
648 1419 709 1473 ἐν
737 1422 870 1491 ἡμῖν
916 1421 1038 1486 θεὸς
1073 1422 1405 1495 πρόσφατος,
1452 1423 1588 1479 ἀλλὰ
1631 1427 1695 1481 σὺ
1733 1428 1762 1480 6
1801 1428 1873 1481 αίι

2072 1437 2171 1479 eus
2195 1437 2386 1479 recens
2410 1423 2477 1491 ⁸⁸,
2509 1422 2604 1479 scd
2639 1432 2697 1479 tu
2740 1434 2979 1481 aeternus
3007 1441 3073 1483 ac
3117 1426 3467 1484 immortalis.
3502 1425 3608 1495 Qui

336 1526 450 1573 νιος
488 1511 582 1565 καὶ
608 1510 983 1585 άτελεύτητος.
1048 1514 1103 1567 '0
1134 1515 1196 1568 τὸ
1231 1509 1371 1570 εἶναι
1400 1516 1532 1587 ἡμῖν
1576 1516 1666 1572 διὰ
1692 1519 1872 1591 Χριστι

2077 1514 2196 1571 ohis
2240 1530 2334 1586 per
2362 1515 2639 1571 Christum
2679 1517 2959 1588 praebuisti
3001 1526 3063 1574 ut
3103 1532 3376 1584 essemus,
3409 1520 3613 1591 quippe

336 1604 772 1676 παρασχόμενος,
807 1606 902 1661 καὶ
931 1605 995 1660 τὸ
1022 1602 1082 1661 εὖ
1126 1604 1262 1661 εἶναι
1298 1608 1365 1661 δι’
1400 1609 1564 1664 αὐτοῦ
1606 1611 1872 1684 δωρησάμ

2074 1623 2133 1663 er
2180 1608 2431 1664 eumdem
2483 1610 2698 1665 donasti
2740 1620 2802 1666 ut
2845 1612 2981 1666 bene
3026 1627 3306 1680 essemus;
3356 1612 3475 1682 ipse
3508 1626 3610 1668 nos

336 1712 445 1759 νος⁸
498 1697 664 1762 αὐτὸς
691 1698 839 1769 ἡμᾶς
864 1698 933 1751 δι’
963 1699 1129 1754 αὐτοῦ
1161 1700 1496 1767 καταξίωσον
1530 1704 1622 1756 καὶ
1665 1705 1763 1775 τῆς
1803 1707 1872 1759 ait

2073 1714 2132 1753 er
2162 1714 2288 1755 eum
2314 1699 2541 1770 dignare
2572 1710 2773 1756 aeterna
2808 1704 2941 1769 vita,
2972 1717 3098 1756 cum
3122 1716 3232 1775 quo
3277 1701 3376 1758 tibi
3414 1701 3609 1771 gloria,

335 1788 449 1843 νίου
491 1788 656 1863 ζωῆς·
702 1791 830 1862 μεθ]
866 1783 929 1845 οῦ
977 1808 1060 1846 σοι
1099 1792 1245 1860 δόξα,
1298 1795 1391 1847 καὶ
1420 1796 1574 1866 τιμὴ,
1607 1796 1701 1849 καὶ
1736 1796 1869 1851 σέ6α

2068 1804 2226 1855 onor,
2270 1789 2573 1854 veneratio,
2627 1799 2681 1844 et
2722 1796 2915 1846 sancto
2977 1788 3226 1860 Spiritui,
3277 1790 3334 1845 in
3382 1790 3604 1847 saecula.

335 1882 526 1954 καὶτῷ
558 1884 699 1955 ἁγίῳ
731 1884 1031 1956 Πνεύματι,
1063 1889 1140 1950 είς
1174 1888 1300 1955 τούς
1328 1887 1548 1951 αίῶνας.
1597 1890 1785 1961 Ἀμήν.
1816 1891 1871 1942 Κι

2075 1896 2217 1936 men.
2256 1880 2394 1935 Tum
2424 1880 2687 1938 diaconus
2722 1881 2871 1937 dicat
2903 1901 2919 1938 :
2972 1882 3236 1939 luclinate
3282 1882 3353 1939 ad
3407 1898 3606 1940 manus

332 1978 364 2027 6
410 1976 659 2041 διάκονος
702 1976 925 2046 λεγέτω·
978 1978 1215 2034 Κλίνατε
1257 1983 1327 2052 τῇ
1371 1981 1700 2051 χειροθεσίᾳ.
1757 1984 1867 2037 Kal.

1895 1986 1924 2038 ὁ
2025 1973 2453 2044 impositionem.
2478 1975 2557 2029 Ac
2580 1974 2873 2046 episcopus
2906 1984 3046 2041 oret,
3074 1976 3161 2032 his
3197 1976 3379 2034 verbis
3413 1995 3426 2032 :

331 2070 631 2134 ἐπίσκοπος
670 2071 1006 2142 ἐπευχέσθω,
1036 2072 1229 2141 λέγων·

847 2165 1246 2220 ΚΕΦΑΛΑΙΟΝ
1282 2168 1386 2221 AB’
1395 2207 1407 2219 .

2556 2153 2787 2211 CAPUT
2824 2153 3064 2209 XXXIX.

795 2257 1145 2326 Χειροθεσία
1181 2258 1443 2328 ὀρθρινή.

2397 2247 2674 2319 lmpositio
2707 2264 2896 2303 manus
2927 2247 3210 2303 matutina.

415 2344 474 2402 '0
494 2346 628 2413 Θεὸς
652 2349 682 2403 6
713 2349 905 2414 πιστὸς
932 2350 1027 2406 καὶ
1064 2349 1341 2422 ἀληθινὸς,
1376 2355 1405 2407 6
1453 2352 1623 2408 ποιῶν
1663 2353 1808 2418 ἔλεος
1842 2356 1923 2421 είς

2095 2338 2238 2395 Dcus
2261 2338 2436 2395 ﬁdelis
2465 2347 2520 2394 et
2550 2354 2711 2395 verax
2741 2339 2786 2371 ⁸⁷
2809 2377 2825 2404 ,
2865 2339 2959 2409 qui
2988 2338 3127 2395 facis
3162 2335 3603 2394 misericordiam

328 2438 573 2509 χιλιάδας
602 2440 696 2495 καὶ
723 2442 990 2514 μυριάδας
1015 2445 1128 2508 τοῖς
1167 2444 1420 2513 άγαπῶσί
1450 2464 1531 2515 σε,
1576 2450 1605 2503 6
1645 2448 1796 2519 φίλος
1825 2468 1864 2504 τι

2065 2452 2078 2487 ι
2110 2433 2299 2497 millia,
2337 2440 2391 2488 et
2429 2431 2571 2489 dena
2616 2431 2807 2494 millia,
2858 2429 3217 2502 diligentibus
3256 2436 3344 2496 te;
3388 2428 3601 2487 amicus

326 2531 550 2599 πεινῶν,
580 2532 677 2587 καὶ
708 2534 959 2606 πενήτων
994 2537 1328 2609 προστάτης,
1367 2534 1429 2592 οὐ
1463 2540 1640 2595 πάντα
1671 2542 1728 2594 ἐν
1761 2559 1856 2614 χρε

2065 2524 2333 2591 umilium,
2389 2532 2446 2580 et
2492 2538 2794 2596 pauperqu
2832 2520 3123 2587 defensor;
3175 2536 3286 2593 quo
3343 2521 3601 2578 universa

325 2623 688 2697 καθέστηκεν,
720 2626 804 2682 ὅτι
830 2626 903 2681 τὰ
932 2627 1226 2701 σύμπαντα
1269 2629 1434 2685 δοῦλά
1479 2648 1592 2686 σου·
1640 2613 1861 2687 ἐπιδείτι

2066 2633 2159 2689 pus
2183 2616 2402 2682 habent,
2433 2632 2561 2688 quia
2579 2624 2781 2672 cuncta
2804 2613 2903 2671 tibi
2928 2630 3087 2673 serva
3118 2621 3249 2672 sunt
3270 2633 3284 2670 :
3309 2613 3523 2685 respice
3543 2613 3602 2669 in

324 2713 454 2770 λαόν
503 2733 597 2771 σου
646 2716 857 2787 τοῦτον,
901 2720 1031 2785 τοὺς
1065 2722 1386 2789 κεκλικότας
1431 2742 1514 2780 σοι
1562 2727 1661 2793 τὰς
1708 2730 1860 2785 ἐαυτι]

2066 2713 2282 2782 opulum
2313 2718 2467 2766 tuum
2501 2709 2671 2775 hunc,
2719 2709 2776 2764 in
2823 2708 2925 2765 hos
2964 2708 3059 2779 qui
3104 2706 3445 2763 inclinarunt
3501 2704 3602 2761 tibi

325 2808 589 2877 κεφαλὰς,
628 2811 725 2865 καὶ
758 2811 1054 2883 εὐλόγησον
1088 2814 1288 2880 αὐτοὺς
1329 2816 1578 2889 εὐλογίαν
1612 2836 1861 2893 πνευματ

2062 2804 2205 2869 apita
2249 2807 2444 2867 sua,et
2472 2801 2701 2859 benedic
2748 2802 2829 2859 eis
2873 2803 3249 2860 benedictione
3286 2800 3598 2872 spirituali;

325 2900 453 2971 χὴν,
477 2901 711 2971 φύλαξον
731 2903 932 2969 αὐτοὺς
959 2905 1036 2970 ὡς
1063 2906 1235 2979 κόρην
1261 2909 1560 2982 ὀφθαλμοῦ,
1589 2888 1861 2987 διατήρηση

2067 2888 2239 2945 ustodi
2262 2904 2379 2957 eos,
2412 2901 2472 2948 ut
2494 2894 2756 2963 pupillam
2783 2895 2928 2951 oculi
2950 2894 3105 2961 ⁸⁸-³⁹;
3136 2908 3398 2951 conserva
3426 2907 3523 2949 eos
3543 2892 3603 2987 in

322 2992 522 3059 αὐτοὺς
560 2995 620 3048 ἐν
651 2995 903 3068 εὐσεϐείᾳ
946 2999 1039 3051 καὶ
1063 2976 1398 3073 δικαιοσύνῃ,
1437 2976 1553 3056 καὶ*
1577 2976 1858 3072 καταέίωσπ

2065 2988 2217 3043 letale
2262 3000 2327 3041 ac
2369 2985 2616 3056 justitia;
2654 2991 2708 3040 et
2747 2998 2843 3040 eos
2878 2982 2988 3039 vita
3019 2989 3224 3039 aeterna
3255 2979 3511 3052 dignare;
3543 2976 3601 3033 in

323 3054 523 3151 αὐτοὺξ
546 3088 647 3160 τῆς
672 3054 890 3144 αίωνίοῦ
918 3089 1084 3163 ζωῆς,
1118 3091 1178 3145 ὲν

2065 3078 2241 3134 hristo
2268 3054 2400 3135 Jcsu
2444 3076 2646 3132 dilecto
2662 3073 2801 3131 Filio
2823 3083 2949 3141 tuo;
2980 3088 3106 3130 cum
3137 3087 3248 3145 quo
3271 3070 3373 3169 tibi
3400 3069 3597 3142 gloria,

321 3182 556 3255 πημένῳ
587 3199 681 3236 σου
719 3184 891 3238 παιδί·
954 3160 1085 3255 μεθ’
1116 3180 1176 3241 οὖ
1209 3160 1291 3241 σοι
1320 3160 1467 3256 δόξα,
1516 3160 1650 3262 τιμὴ
1696 3160 1857 3245 κᾷἠ

2066 3187 2215 3235 onor,
2256 3176 2421 3240 atque
2464 3169 2666 3231 cultus,
2724 3172 2779 3222 et
2816 3170 3012 3221 sancto
3063 3160 3315 3233 Spiritui,
3347 3175 3517 3224 nunc,
3545 3164 3602 3215 et

320 3250 445 3339 οάέ,
486 3250 580 3328 καὶ
633 3274 712 3347 τῷ
751 3275 893 3348 άγίῳ
926 3250 1228 3350 Ιίνεύματι,
1274 3250 1524 3348 νῦνξκαὶ
1706 3284 1802 3337 καὶ
1834 3300 1856 3336 ε

2066 3278 2252 3332 :mper,
2302 3268 2357 3316 et
2398 3260 2455 3314 in
2487 3258 2689 3316 saecula
2716 3257 3067 3313 saeculorum.
3100 3253 3297 3312 Amen.
3320 3251 3386 3308 Et
3411 3250 3602 3351 diaco-

319 3366 448 3429 τοὺς
478 3341 695 3430 αίιῖἶινας⁷
710 3341 819 3422 τῶν
860 3341 1089 3427 αἰώνων;
1140 3341 1329 3443 Ἀμήν.
1365 3341 1476 3427 Καὶ
1503 3376 1532 3428 6
1557 3341 1800 3440 διάκονος
1828 3375 1855 3429 λ

2063 3372 2123 3411 us
2145 3354 2293 3409 dicat
2325 3372 2339 3408 :
2379 3351 2540 3409 Exite
2583 3352 2640 3407 in
2678 3365 2833 3423 pace.
2882 3348 3155 3406 Caeterum
3188 3360 3291 3419 pro
3337 3341 3599 3443 primitiis

319 3456 483 3523 γέτω·
536 3458 832 3529 Προέλθετε
871 3461 930 3514 ἐν
959 3464 1169 3534 εἰρήνῃ.
1204 3435 1341 3518 -Ίέπὶ
1369 3465 1428 3520 δὲ
1460 3469 1580 3530 ταῖς
1611 3435 1855 3539 προσερερ

2064 3464 2137 3505 uae
2187 3446 2514 3514 on‘eruntur,
2564 3443 2860 3517 episcOpus
2914 3440 3121 3513 gratias
3170 3438 3283 3510 agit
3336 3436 3487 3493 hunc
3539 3435 3600 3493 in

324 3548 514 3619 μέναις
538 3550 833 3623 ἀπαρχαῖς,
858 3552 1375 3627 οὐτως“εὐχαριστεῖ
1398 3560 1427 3613 6
1455 3560 1774 3625 ἐπίσκοπος.
2013 3542 2234 3601 Imaum
2262 3560 2276 3599 ³

854 3624 1249 3703 mammis
1280 3650 1369 3704 Μ’.
1738 3624 1743 3625 ⁷

1738 3624 1743 3625 “
2605 3627 2835 3685 CAPUT
2889 3624 3002 3681 XL.

709 3737 1059 3808 Ἐπικλησις
1079 3741 1180 3795 ἐπὶ
1207 3742 1519 3811 ἀπαρχῶν.

2545 3722 2817 3780 Invocatio
2838 3736 2934 3791 pro
2959 3719 3236 3790 primitiis.

390 3828 834 3902 Εὐχαριστοῦμέν
855 3849 961 3896 σοι,
986 3831 1160 3903 Κύριε
1180 3835 1581 3907 παντόκρατορ,
1609 3837 1909 3909 δημιουργὲ

2081 3824 2297 3879 Gratias
2332 3821 2544 3893 agimus
2575 3819 2696 3883 tibi,
2760 3814 2991 3873 Domine
3041 3811 3419 3884 omnipotens,
3471 3823 3596 3865 θωσ-

316 3920 427 3976 τῶν
448 3921 584 3976 ὅλων
612 3924 705 3977 καὶ
730 3923 1025 3995 προνοητά,
1054 3902 1145 3978 διὰ
1168 3924 1264 3979 τοῦ
1297 3902 1624 3997 μονογενοῦς
1653 3902 1746 3982 σου
1783 3902 1852 3984 [Ia

2064 3922 2164 3973 Lum
2202 3915 2385 3986 opifex
2412 3929 2476 3969 ac
2519 3912 2792 3983 provisor,
2848 3924 2947 3979 per
3001 3906 3343 3978 unigenitum
3394 3902 3600 3960 Filium

316 4012 408 4078 δὸς
443 4014 618 4085 Ἰησοῦ
639 4015 877 4087 Χριστοῦ
904 4014 1000 4069 τοῦ
1021 4017 1230 4088 Κυρίου
1251 4018 1430 4088 ἡμῶν,
1450 4019 1545 4074 ἐπὶ
1565 4024 1687 4085 ταῖς
1710 4038 1852 4094 προσ

2063 4025 2168 4064 lum
2222 4007 2411 4062 losum
2464 4004 2747 4060 Christum
2796 4000 3091 4056 Dominum
3146 4005 3437 4063 nostrum,
3496 4012 3599 4067 pro

318 4105 624 4177 νεχθείσαις
647 4123 729 4159 σοι
774 4107 1072 4179 ἀπαρχαῖς,
1118 4111 1217 4180 οὐχ
1260 4111 1385 4164 ὅσον
1434 4088 1854 4183 όφείλομενξάλ

2061 4102 2211 4157 alatis
2245 4100 2342 4155 tibi
2386 4097 2678 4169 primitiis;
2721 4110 2830 4151 non
2869 4101 3136 4177 quantum
3179 4088 3597 4183 debemus,ised

318 4198 442 4252 ὅσον
469 4198 763 4270 δυνάμεθα.
796 4199 891 4264 Τίς
917 4200 1026 4271 γὰρ
1061 4201 1364 4273 ἀνθρώπων
1400 4181 1642 4269 ἐπαξίως
1679 4205 1850 4277 εὐχαρ

2062 4204 2272 4253 rantum
2308 4207 2622 4265 possumus.
2653 4188 2789 4256 Quis
2821 4187 2967 4244 enim
3015 4183 3299 4239 hominum
3323 4181 3598 4253 condigne

321 4289 514 4361 στῆσαί
540 4308 623 4344 σοι
644 4290 887 4356 δύναται,
912 4292 1053 4365 ὑπὲρ
1070 4286 1146 4349 ὧν
1166 4294 1404 4359 δέδωκας
1435 4297 1618 4360 αὐτοῖς
1638 4298 1720 4361 είς

2059 4297 2190 4348 )test
2214 4288 2420 4361 gratias
2440 4285 2536 4340 tibi
2568 4298 2749 4354 agere,
2782 4296 2882 4353 pro
2912 4279 2980 4334 iis
3006 4293 3128 4355 quae
3145 4276 3343 4333 dedisti
3370 4274 3595 4369 ipsisad

315 4379 514 4453 ληψιν;
551 4384 582 4437 6
627 4381 762 4447 Θεὸς
825 4383 1096 4456 Ἀϐραὰμ,
1148 4387 1244 4441 καὶ
1286 4387 1491 4451 Ἰσαὰκ,
1528 4388 1625 4442 καὶ
1668 4367 1851 4444 Ἰακὼε

2055 4379 2485 4453 articipandum?
2528 4376 2672 4432 Deus
2694 4372 2991 4431 Abrahami
3018 4379 3071 4427 et
3101 4370 3271 4427 Isaaci
3298 4377 3353 4425 et
3376 4367 3591 4435 Jacobi,

319 4475 415 4527 καὶ
434 4474 653 4530 πάντων
687 4476 798 4531 τῶν
843 4477 1032 4546 ἁγίων·
1063 4481 1093 4533 6
1143 4478 1321 4533 πάντα
1366 4478 1786 4552 τελεσφορήσας,
1817 4482 1855 4535 δι

2058 4476 2365 4543 mniumque
2408 4478 2728 4527 sanctorum
2763 4488 2776 4523 :
2808 4466 2902 4539 qui
2941 4475 3141 4521 cuncta
3187 4463 3255 4520 ad
3297 4462 3594 4535 perfectio-

316 4565 413 4619 τοῦ
438 4567 613 4636 Λόγου
646 4585 761 4635 σου,
794 4572 887 4625 καὶ
913 4570 1178 4635 κελεύσας
1207 4574 1275 4643 τῇ
1296 4574 1366 4644 γῇ
1399 4572 1780 4637 παντοδαποὺς
1807 4576 1852 4627 ἐ)

2060 4583 2133 4623 3m
2162 4581 2226 4621 ac
2251 4564 2621 4620 maturitatem
2650 4558 2981 4633 perduxisti,
3015 4573 3112 4629 per
3140 4555 3383 4613 Verbum
3407 4563 3596 4644 tuum,

318 4658 487 4727 φῦσαι
499 4661 747 4732 καρποὺς
764 4664 847 4727 είς
862 4664 1207 4735 εὐφροσύνην
1228 4664 1322 4719 καὶ
1339 4666 1547 4738 τροφὴν
1560 4665 1852 4739 ἡμετέραν·

2094 4668 2248 4717 terrae
2274 4657 2492 4729 iussisti
2532 4654 2857 4727 progignere
2902 4650 3085 4707 omnis
3115 4649 3333 4721 generis
3376 4648 3630 4735 fructus,

316 4748 442 4815 δοὺς
470 4755 582 4816 τοῖς
606 4753 962 4827 νωθεστέροις
987 4756 1081 4811 καὶ
1112 4755 1411 4828 βληχώδεσι
1450 4756 1630 4828 χειλδν
1650 4798 1666 4825 ,
1739 4756 1852 4830 χλοι

2101 4753 2344 4810 ιτειίιὶειιη
2373 4758 2428 4808 et
2454 4750 2771 4805 alimoniam
2800 4752 3047 4803 nostram
3084 4763 3097 4798 :
3130 4743 3225 4815 qui
3249 4741 3448 4798 dedisti
3491 4740 3593 4827 hes
3624 4794 3628 4805 ,

319 4842 513 4911 φάγοις
540 4844 722 4917 χλόην,
752 4847 846 4899 καὶ
874 4851 987 4912 τοῖς
1020 4847 1123 4921 μὲν
1154 4848 1291 4920 κρέα
1318 4888 1333 4914 ,
1363 4851 1478 4913 τοῖς
1505 4848 1563 4902 δὲ
1592 4848 1855 4922 σπέρματι

2052 4846 2314 4904 etioribus
2350 4858 2414 4899 ac
2452 4840 2855 4913 stupidioribus
2891 4838 3154 4909 pabulum
3207 4834 3319 4892 feni
3342 4877 3360 4903 ,
3402 4833 3588 4893 herbi-

318 4934 449 5005 ἡμῖν
470 4934 530 4988 δὲ
563 4938 706 4990 σῖτον
728 4938 865 5009 πρὸς
895 4941 1102 5012 τροφὴν
1130 4941 1440 5013 πρόσφορον
1488 4940 1583 4995 καὶ
1630 4940 1854 4996 κατάλλτ

2054 4939 2153 4995 )ris
2177 4938 2403 4994 herbam
2439 4943 2532 4992 :et
2570 4934 2695 4989 aliis
2738 4931 2959 5003 quidem
3006 4943 3227 4994 carnes,
3273 4926 3397 4984 aliis
3456 4940 3590 4981 vero

317 5023 427 5090 λον,
458 5027 555 5080 καὶ
580 5026 743 5099 ἕτερα
764 5029 1020 5103 διάφορα,
1058 5031 1130 5086 τὰ
1167 5033 1267 5103 μὲν
1305 5032 1442 5105 πρὸς
1492 5032 1709 5104 χρῆσιν,
1741 5032 1810 5086 τὰ
1845 5034 1853 5082 ἑ

2050 5031 2240 5096 gmina,
2272 5030 2435 5086 nobis
2479 5037 2661 5084 autem
2705 5026 3045 5080 frumentum
3081 5022 3150 5077 ad
3173 5020 3357 5078 cibum
3396 5028 3586 5091 aptum

317 5115 457 5188 πρὸς
482 5118 712 5187 ὑγίειαν,
752 5119 823 5174 τὰ
851 5122 907 5176 δὲ
942 5124 1079 5196 πρὸς
1124 5123 1334 5197 τέρψιν.
1386 5124 1510 5179 Ἐπὶ
1564 5125 1775 5187 τούτοις
1807 5119 1853 5177 οἰ

2050 5139 2071 5179 [ε
2113 5123 2526 5179 convenientem
2562 5138 2575 5175 :
2622 5119 2754 5174 item
2807 5117 3024 5173 diversa
3070 5113 3201 5181 alia,
3272 5110 3472 5185 partim
3513 5109 3586 5165 ad

317 5208 519 5265 ἅπασιν
551 5214 931 5287 ὐπερύμνητος
961 5217 1073 5289 (57)
1099 5217 1363 5290 ὑπάρχεις
1382 5257 1398 5282 ,
1439 5217 1539 5289 τῆς
1580 5219 1663 5282 είς
1693 5217 1853 5271 πάντα

2055 5230 2189 5282 sum,
2227 5215 2427 5288 partim
2457 5211 2527 5269 ad
2562 5212 2874 5299 sanitatem,
2914 5207 3114 5284 partim
3154 5204 3224 5265 ad
3259 5202 3591 5263 oblectatio‘

392 5373 441 5408 ⁸⁸
472 5372 621 5429 Psal.
653 5388 819 5441 Lux,
854 5376 939 5432 10.
1041 5377 1087 5408 ⁸⁷
1129 5374 1299 5432 Exod.
1342 5392 1529 5442 xxxiv,
1562 5377 1615 5433 6.
1692 5379 1813 5422 33-”
1845 5375 1928 5433 Ps:

788 5392 819 5441 :,
854 5376 939 5432 10.
1041 5377 1087 5408 ⁸⁷
1129 5374 1299 5432 Exod.
1342 5392 1529 5442 xxxiv,
1562 5377 1615 5433 6.
1692 5379 1813 5422 ⁸⁸-⁸⁹
1845 5375 1991 5433 PsaI.
2025 5394 2135 5444 rm,
2167 5377 2221 5434 8.
2321 5457 2324 5460 ἢ

1620 5537 1985 5600 VARIORUM
2036 5536 2278 5598 ΝΟΤᾹΞ.

395 5674 507 5752 (ω)
554 5676 1003 5751 Ὑπερύμνητος.
1039 5678 1099 5736 In
1126 5679 1299 5736 altero
1328 5678 1450 5737 cod.
1482 5676 1738 5750 ὑμνητὸς.
1772 5674 1849 5734 In.
