3890 6192
316 156 504 217 λιιδ

1244 156 1303 215 S.
1338 153 1733 215 οιειιεΝτιε
1764 155 1786 212 l
1820 152 1987 212 ROM.
2022 152 2225 210 PONT.
2261 150 2492 211 OPERA
2524 148 2757 208 DUBIA.

3465 149 3633 207 HM

356 293 504 335 nem.
538 272 647 328 Pro
675 272 764 329 his
791 271 960 345 igitur
989 270 1246 330 omnibus
1288 288 1499 329 summe
1532 270 1836 327 laudandus
1854 288 1936 337 es,

2053 268 2376 343 εὐεργεσίας,
2406 268 2493 322 διά
2529 266 2783 340 Χριστοῦ’
2829 262 2979 321 διὀὒ
3016 266 3128 337 (58)
3168 282 3248 320 σοι
3291 264 3439 333 δόξα,
3472 267 3635 339 τιμὴ

357 372 425 425 de
455 380 544 423 tua
574 382 702 437 erga
733 381 925 420 omnes
953 364 1333 428 beneficentia,
1373 380 1471 435 per
1497 364 1809 430 Christum;
1841 379 1937 434 per

357 475 519 531 quem
552 458 650 513 tibi
683 456 881 528 gloria,
906 456 1086 511 honor
1105 464 1160 511 et
1180 457 1479 521 veneratio,
1513 456 1568 510 in
1596 462 1787 510 sancto
1823 453 1940 524 Spi-

359 551 492 617 ritu,
524 550 578 604 in
613 548 836 605 saecula.
862 548 1063 604 Amen.
1090 546 1263 603 Porro
1292 549 1360 604 de
1392 550 1460 603 iis
1485 548 1576 617 qui
1626 548 1681 602 in
1717 546 1938 603 Christo

359 641 777 711 requieverunt;
830 648 1122 713 postquam
1144 639 1410 695 diaconus
1428 639 1577 694 clara
1593 654 1724 694 voce
1752 646 1939 709 protu-

320 770 327 779 ς
360 732 487 787 lerit
511 747 573 786 ea
602 746 725 802 qua:
753 732 936 787 oratio
967 730 1353 803 complectitur
1383 732 1475 803 (ne
1510 728 1699 787 eadem
1726 738 1941 802 repeta.

360 825 532 896 mus),
563 823 792 894 adiiciet
810 822 976 881 etiam
1004 820 1120 878 haec
1156 842 1169 878 :

925 935 1158 995 CAPUT
1224 936 1363 992 XLI.

862 1029 1051 1087 Oratio
1078 1046 1173 1100 pro
1204 1030 1447 1091 mortuis.
1921 1006 1946 1038 ’

433 1122 542 1180 Pro
567 1121 833 1179 fratribus
850 1122 1073 1190 nostris,
1087 1122 1180 1194 qui
1209 1122 1265 1177 in
1283 1121 1505 1177 Christo
1532 1121 1936 1193 requieverunt,

363 1232 618 1284 oremus;
664 1220 725 1269 ut
767 1210 1055 1269 hominum
1110 1229 1301 1273 amans
1350 1213 1517 1279 Deus,
1566 1215 1659 1285 qui
1700 1215 1938 1269 animam

364 1307 609 1363 defuncti
632 1306 898 1377 suscepit,
925 1306 978 1363 ei
998 1305 1240 1361 remittat
1259 1321 1420 1361 omne
1447 1313 1731 1377 peccatum
1760 1306 1943 1360 volun-

363 1402 565 1455 tarium
600 1414 663 1454 ac
694 1412 803 1453 non
835 1397 1233 1461 voluntarium,
1266 1405 1320 1453 et
1360 1398 1628 1469 propitius
1672 1398 1941 1453 clemens-

365 1508 474 1563 que
502 1490 704 1554 factus,
736 1491 972 1546 collocet
998 1506 1124 1545 eum
1167 1490 1223 1545 in
1258 1492 1482 1563 regione
1512 1492 1727 1563 piorum
1748 1532 1764 1554 ,
1796 1492 1944 1563 quie-

2037 362 2128 415 καὶ
2158 360 2341 425 σέϐας,
2361 361 2418 414 ἐν
2430 359 2569 432 ἀγίφ
2585 360 2885 430 Πνεύματι,
2905 360 2984 423 είς
3000 358 3125 422 τοὺς
3156 357 3377 421 αἰῶνας·
3413 358 3633 428 ’Δμήν.

2049 452 2170 506 Ἐπὶ
2204 451 2263 506 δὲ
2306 451 2416 506 τῶν
2450 453 2510 505 ἐν
2563 450 2783 523 Χριστῷ
2822 450 3310 520 ἀναπαυσαμένων,
3363 449 3507 519 μετά
3564 449 3640 501 τὸ

2036 544 2281 614 φωνῆσαι
2320 543 2389 596 τά
2434 543 2535 615 τῆς
2580 544 2886 615 προσευχῆς
2917 542 3056 612 (59),
3094 543 3179 595 ἵνα
3220 541 3295 613 μὴ
3324 541 3493 595 πάλιν
3534 538 3641 593 λέ-

2036 654 2243 707 γωμεν,
2272 639 2301 691 6
2318 635 2565 701 διάκονος
2595 637 2894 709 προσθήσει
2918 636 3015 690 καὶ
3037 635 3229 689 ταῦτα·

2557 938 2949 996 ΚΕΦΑΔΑΙΟΝ
2983 940 3118 993 MA'.

2126 1030 2558 1106 προσφώνησις
2583 1033 2735 1102 ὑπὲρ
2762 1031 2877 1087 τῶν
2908 1030 3345 1102 κεκοιμτυιέηον
3376 1032 3515 1103 (ου).

2119 1131 2292 1203 ’Υπὲρ
2314 1126 2780 1199 ἀναπαυσαμένων
2823 1125 2882 1177 ἐν
2911 1124 3133 1197 Χριστῷ
3165 1123 3409 1192 ἀδελφῶν
3454 1123 3642 1194 ἡμῶν

2037 1223 2336 1295 δεηθῶμενο
2382 1223 2531 1284 ὃπως
2573 1222 2602 1274 6
2645 1216 3020 1289 φιλάνθρωπος
3059 1214 3210 1277 Θεὸς,
3246 1218 3276 1268 6
3316 1216 3641 1287 προσδεξά-

2042 1332 2200 1387 μενος
2247 1312 2413 1371 αὑτοῦ
2466 1312 2564 1383 τὴν
2600 1310 2799 1381 ψυχὴν,
2836 1307 3040 1381 παρίδῃ
3057 1308 3104 1339 ’⁸
3158 1308 3268 1377 (61)
3313 1308 3461 1377 αὐτῷ
3508 1311 3638 1361 πᾶν

2041 1408 2344 1479 ἀμάρτημα
2374 1404 2639 1467 ἑκούσιον,
2668 1402 2763 1456 καὶ
2787 1399 3058 1461 ἀκούσιον,
3093 1400 3187 1452 καὶ
3213 1398 3369 1462 ἵλεως
3404 1399 3501 1451 καὶ
3528 1399 3638 1451 εὑ-

2045 1500 2210 1572 μενὴς
2234 1496 2541 1568 γενόμενος,
2572 1493 2852 1565 κατατάξῃ
2880 1494 2961 1555 είς
2986 1492 3166 1563 χώραν
3187 1490 3447 1553 εὐσεϐῶν,
3468 1491 3637 1542 ἀνει-

368 1585 643 1639 scentium
671 1582 727 1636 in
757 1582 884 1638 sinu
914 1581 1207 1637 Abrahami
1230 1622 1245 1646 ,
1277 1582 1449 1639 lsaaei
1491 1591 1546 1639 et
1567 1581 1783 1648 Jacobi,
1816 1597 1940 1638 cum

2053 1592 2220 1662 μένων
2249 1592 2329 1654 είς
2355 1589 2550 1643 κόλπον
2580 1585 2829 1658 Ἀϐραὰμ
2865 1585 2960 1638 καὶ
2994 1582 3177 1636 Ἰσαάκ
3233 1583 3328 1635 καὶ
3397 1580 3634 1641 Ἰακὼϐ,

367 1676 621 1730 omnibus
650 1673 745 1743 qui
773 1689 805 1729 a
840 1675 1042 1729 saeculo
1069 1674 1390 1745 placuerunt
1418 1674 1549 1741 Deo,
1583 1690 1646 1729 ac
1684 1674 1805 1745 ejus
1845 1690 1943 1730 vo-

367 1766 631 1821 luntatem
667 1766 944 1832 fecerunt;
982 1766 1126 1820 unde
1153 1764 1365 1836 aufugit
1402 1764 1579 1829 dolor,
1608 1765 1835 1821 tristitia
1886 1772 1943 1821 et

367 1856 623 1927 gemitus.
656 1854 982 1927 Surgamus.
1016 1854 1126 1911 Nos
1157 1856 1306 1926 ipsos
1330 1894 1346 1923 ,
1377 1864 1431 1912 et
1454 1856 1709 1923 invicem,
1738 1865 1943 1912 aeterno

369 1948 481 2004 Deo
514 1946 980 2011 commendemus,
1015 1962 1115 2018 per
1134 1946 1371 2003 Verbum
1398 1949 1541 2019 quod
1572 1956 1690 2005 erat
1713 1950 1766 2004 in
1799 1949 1945 2021 prin-

369 2041 534 2110 cipio.
568 2038 645 2093 Ac
662 2039 954 2109 episcopus
978 2040 1125 2095 dicat
1151 2059 1163 2095 :
1193 2039 1297 2107 Qui
1322 2051 1515 2095 natura
1536 2056 1597 2096 es
1620 2041 1944 2098 immortalis

368 2147 435 2187 sc
462 2131 567 2187 line
600 2146 830 2199 carens;
870 2146 901 2187 a
933 2147 1045 2203 quo
1080 2140 1280 2188 cuncta
1304 2132 1633 2188 immortalia
1658 2142 1715 2189 et
1739 2141 1945 2188 morta-

369 2222 441 2277 lia
467 2230 587 2276 orta
618 2230 772 2290 sunt;
804 2224 897 2293 qui
930 2224 1131 2278 animal
1157 2224 1425 2280 rationale
1454 2224 1749 2292 hominem,
1769 2225 1941 2279 civem

369 2313 584 2377 mundi,
617 2313 671 2368 in
700 2314 1056 2371 fabricatione
1083 2314 1314 2371 effecisti
1344 2316 1652 2384 mortalem,
1671 2324 1726 2373 et
1753 2332 1941 2373 resur-

370 2407 669 2461 rectionem
700 2406 1041 2477 promisisti;
1074 2406 1169 2477 qui
1202 2405 1523 2463 Henoclium
1553 2422 1617 2463 ac
1637 2406 1810 2463 Eliam
1834 2423 1943 2464 non

372 2498 551 2553 sivisti
588 2498 782 2554 mortis
812 2499 1244 2569 experimentum
1288 2516 1483 2571 capere
1514 2519 1529 2556 :
1582 2499 1727 2557 Deus
1769 2499 1945 2556 Abra-

372 2590 539 2652 bami,
583 2586 730 2645 Deus
760 2588 931 2646 lsaaci
969 2598 1028 2647 et
1078 2590 1225 2647 Deus
1277 2590 1505 2659 Jacobi;
1534 2607 1644 2648 non
1684 2600 1942 2665 tanquam

372 2689 756 2746 mortuorum,
810 2681 905 2738 sed
962 2690 1219 2752 tanquam
1272 2683 1565 2739 viventium
1612 2700 1672 2740 es
1721 2683 1943 2753 Deus";

373 2774 503 2843 quia
528 2781 853 2828 cunctorum
877 2776 1071 2829 anima:
1101 2776 1248 2845 apud
1281 2781 1335 2830 te
1358 2776 1551 2831 vivunt
1580 2815 1596 2841 ,
1635 2784 1689 2830 et
1717 2777 1944 2846 spiritus

369 2867 645 2935 justorum
676 2865 733 2919 in
764 2880 929 2919 manu
962 2873 1055 2919 tua
1085 2875 1233 2929 sunt,
1260 2881 1400 2937 quos
1444 2881 1556 2921 non
1586 2874 1771 2939 tanget
1816 2883 1946 2922 cru-

374 2960 553 3012 ciatus
570 2957 654 3024 ";
687 2971 877 3013 omnes
898 2957 1040 3013 enim
1056 2958 1401 3025 sanctiﬁcati,
1431 2959 1535 3015 sub
1562 2959 1817 3015 manibus
1834 2959 1946 3016 tuis
1972 2948 2016 3007 (ἶ

376 3047 569 3102 sunt"
599 3066 612 3103 :
652 3046 769 3118 ipse
808 3057 861 3103 et
908 3065 1057 3104 nunc
1092 3051 1305 3121 respice
1353 3066 1521 3122 super
1547 3066 1763 3107 servum
1793 3060 1947 3106 tuum

374 3140 548 3203 hunc,
581 3156 742 3210 quem
771 3142 1032 3213 selegisti,
1064 3150 1118 3198 et
1154 3142 1502 3213 assumpsisti
1545 3145 1601 3198 in
1636 3143 1797 3199 aliam
1826 3159 1950 3200 sor-

376 3236 484 3286 tem
509 3249 525 3297 ;
554 3238 610 3287 et
638 3232 890 3287 condona
915 3234 987 3296 ei,
1013 3234 1057 3289 si
1090 3233 1220 3305 quid
1251 3236 1441 3292 volens
1463 3242 1556 3291 aut
1586 3237 1792 3294 invitus
1816 3238 1956 3294 deli-

377 3327 526 3395 quit;
580 3332 744 3396 atque
812 3326 1037 3397 angelos
1091 3327 1142 3383 ei
1192 3327 1392 3383 exhibe
1437 3328 1732 3399 placidos;
1785 3337 1949 3401 atque

377 3419 586 3473 colloca
634 3432 758 3474 eum
822 3418 878 3473 in
941 3419 1065 3475 sinu
1114 3419 1577 3488 patriarcharum,
1652 3421 1950 3492 propheta-

376 3531 522 3581 rum,
579 3510 981 3587 apostolorum,
1047 3509 1405 3579 omniumque
1452 3511 1545 3580 qni
1601 3510 1699 3564 tibi
1761 3526 1793 3565 a
1843 3526 1950 3567 sae-

379 3607 504 3662 culo
526 3606 881 3677 placuerunt;
937 3601 1028 3661 ubi
1060 3617 1170 3655 non
1194 3609 1278 3656 est
1308 3602 1551 3665 tristitia,
1606 3603 1784 3668 dolor,
1850 3619 1948 3674 ge-

378 3699 573 3763 mitus,
607 3699 717 3754 imo
751 3699 906 3754 locus
939 3700 1154 3770 piorum
1184 3694 1428 3756 sed-atus.
1464 3700 1518 3750 et
1541 3696 1746 3770 pariter
1770 3697 1951 3769 quieta

378 3799 524 3846 terra
559 3800 859 3857 rectorum,
890 3805 1191 3861 eorumque
1214 3792 1307 3862 qui
1342 3792 1393 3845 in
1410 3806 1475 3847 ea
1498 3791 1686 3846 vident
1719 3790 1946 3863 gloriam

379 3883 583 3939 Christi
610 3884 726 3953 tui;
754 3899 851 3955 per
878 3898 1040 3955 quem
1092 3884 1190 3938 tibi
1247 3883 1439 3955 gloria,
1489 3885 1689 3950 honor,
1743 3886 1947 3950 cultus,

2047 1682 2184 1755 μετά
2197 1681 2412 1736 πάντων
2432 1681 2539 1734 τῶν
2557 1680 2651 1733 ἀπ’
2676 1678 2867 1740 αἰῶνος
2887 1674 3363 1746 εὐαρεσησάντων
3383 1673 3634 1744 τῷΘεῷ,

2043 1775 2139 1828 καὶ
2156 1772 2496 1845 ποιησάντων
2520 1770 2583 1824 τδ
2596 1769 2807 1839 θέλημα
2833 1766 3019 1820 αὑτοῦ·
3042 1766 3169 1819 ἔνθα
3183 1765 3421 1837 ἀπέδρα,
3435 1765 3635 1838 ὀδύνη,

2043 1865 2137 1919 καὶ
2174 1863 2316 1936 λύπη
2376 1862 2473 1917 καὶ
2524 1859 2841 1931 στεναγμός.
2907 1857 3298 1929 Ἐγειρώμεθα.
3360 1857 3639 1920 Ἑαυτοὺς

2044 1956 2137 2009 καὶ
2164 1956 2422 2028 ἀλλήλους
2447 1954 2525 2025 τῷ
2553 1953 2709 2023 ἀϊδίῳ
2736 1952 2856 2024 Θεῷ
2882 1950 2970 2004 διά
3014 1950 3109 2004 τοῦ
3150 1951 3207 2002 ἐν
3250 1950 3394 2021 ἀρχῇ
3442 1948 3634 2017 Λόγου

2044 2046 2435 2120 παραθὼμεθα.
2475 2046 2585 2100 Καὶ
2619 2048 2649 2100 6
2679 2044 2973 2107 ἐπίσκοπος
3004 2041 3227 2112 λεγέτω·
3267 2042 3325 2095 '0
3358 2044 3427 2111 τῇ
3459 2040 3637 2109 φύσει

2045 2140 2155 2211 (6‘2)
2190 2140 2453 2203 ἀθάνατος
2489 2138 2584 2192 καὶ
2622 2135 2994 2206 ἀτελεύτητος,
3027 2134 3157 2205 παρ’
3184 2128 3248 2185 οὗ
3278 2133 3388 2186 πᾶν
3413 2131 3636 2185 ἀθάνα-

2042 2249 2134 2285 τον
2163 2233 2257 2285 καὶ
2279 2230 2469 2304 Θνητδν
2495 2229 2777 2299 γέγονεν-ὁ
2803 2227 2865 2281 τὸ
2896 2226 3112 2296 λογικὸν
3139 2226 3275 2291 ζῶον
3298 2225 3390 2277 τὸν
3419 2224 3641 2295 ἀνθρω-

2044 2340 2145 2376 πον
2188 2322 2279 2377 τὸν
2316 2320 2750 2393 κοσμοπολίτην,
2790 2319 2985 2391 θνητὸν
3037 2320 3098 2372 ἐν
3143 2319 3456 2387 κατασκευῇ
3506 2316 3638 2389 (63)

2043 2416 2296 2486 ποιήσας,
2319 2415 2414 2469 καὶ
2438 2413 2770 2468 ἀναστασίαν
2801 2410 2914 2483 (64)
2954 2409 3443 2481 ἐπαγγειλάμενος
3474 2411 3505 2463 6
3532 2410 3641 2463 τὸν

2058 2505 2228 2576 Ἑνὼχ
2261 2506 2357 2559 καὶ
2387 2505 2480 2558 τὸν
2508 2504 2695 2558 Ἠλίαν
2725 2504 2957 2558 θανάτου
2992 2505 3188 2575 πεῖραν
3221 2502 3296 2573 μὴ
3325 2501 3492 2564 ἐάσας
3526 2500 3641 2554 λα-

2045 2597 2182 2652 ϐεῖν·
2220 2600 2249 2652 6
2287 2598 2421 2661 Θεὸς
2468 2597 2751 2669 Ἀϐραὰμ,
2800 2599 2830 2651 6
2868 2596 3001 2660 Θεὸς
3042 2594 3245 2661 Ἰσαάκ,
3289 2594 3383 2647 καὶ
3410 2596 3458 2647 νδ
3488 2593 3641 2657 Θεὸς

2058 2690 2273 2754 Ἰακὼϐ,
2318 2691 2418 2762 οὐχ
2460 2690 2535 2754 ὡς
2567 2689 2797 2761 νεκρῶν,
2838 2688 2952 2743 ἀλλ’
3000 2688 3076 2751 ὼς
3128 2686 3348 2752 ζώντων
3375 2685 3511 2748 Θεὸς
3557 2681 3639 2738 εἷ·

2013 2811 2023 2819 ~
2045 2784 2130 2837 ὃτι
2160 2784 2379 2837 πάντων
2410 2784 2467 2838 αἱ
2497 2782 2666 2853 ψυχαὶ
2692 2782 2840 2853 παρὰ
2864 2782 2947 2835 σοι
2969 2781 3122 2846 ζῶσι,
3150 2781 3246 2834 καὶ
3271 2778 3379 2833 τῶν
3397 2779 3642 2833 δικαίων

2044 2874 2117 2928 τά
2139 2875 2423 2946 πνεύματα
2448 2876 2507 2927 ἐν
2536 2875 2601 2945 τῇ
2636 2874 2780 2945 χειρί
2813 2873 2905 2926 σού
2951 2875 3108 2934 εἰσιν,
3137 2865 3211 2925 ὧν
3236 2871 3297 2924 οὐ
3322 2870 3395 2942 μὴ
3421 2870 3642 2939 ἅψηται

2048 2965 2299 3038 βάσανοςσ
2345 2966 2545 3030 πάντες
2570 2964 2679 3036 γὰρ
2710 2964 3028 3035 ἡγιασμένοι
3054 2961 3159 3017 ὑπὸ
3181 2962 3279 3026 τὰς
3307 2961 3494 3033 χεῖράς
3532 2962 3640 3015 σού

2048 3060 2205 3113 εἰσιν*
2250 3058 2412 3123 αὐτὸς
2442 3058 2537 3112 καὶ
2570 3058 2665 3112 νῦν
2695 3057 2847 3111 ἔπιδε
2878 3058 2971 3110 ἐπὶ
2999 3057 3090 3112 τὸν
3118 3055 3299 3110 δοῦλόν
3331 3073 3426 3108 σου
3449 3055 3640 3118 τόνδε,

2046 3154 2106 3208 δν
2130 3153 2357 3221 ἐξελέξω
2380 3190 2395 3216 ,
2423 3153 2517 3206 καὶ
2561 3149 2897 3222 προσελάϐου
2935 3150 3015 3212 είς
3064 3147 3255 3219 ἑτέραν
3298 3145 3472 3218 λῆξιν,
3535 3148 3643 3200 καὶ

2048 3244 2399 3317 συγχώρησον
2440 3242 2586 3314 αὐτῷ
2638 3243 2689 3297 εῐ
2732 3260 2785 3295 τι
2842 3240 2983 3295 ἐκὼν
3031 3238 3066 3310 ἢ
3108 3240 3257 3294 ἀκων
3294 3238 3641 3309 ἐξήμαρτεν,

2044 3336 2309 3406 ἀγγέλους
2330 3332 2963 3405 εὐμενεϊςπαράστησον
2994 3330 3145 3401 αὐτῷ
3177 3329 3310 3400 (65),
3346 3330 3440 3382 καὶ
3466 3330 3645 3383 κατά-

2046 3428 2209 3495 ταξον
2244 3426 2407 3480 αὐτὸν
2449 3427 2509 3479 ἐν
2537 3425 2617 3496 τῷ
2658 3424 2843 3494 κόλπῳ
2879 3422 2991 3476 τῶν
3020 3421 3369 3493 πατριαρχῶν
3399 3421 3495 3474 καὶ
3516 3421 3644 3474 τῶν

2050 3518 2343 3591 προφητῶν
2382 3517 2476 3577 καὶ
2512 3516 2620 3571 τῶν
2653 3514 2964 3569 ἀποστόλων
3006 3514 3099 3569 καὶ
3126 3513 3341 3567 πάντων
3380 3511 3491 3564 τῶν
3533 3512 3638 3565 ἀπ’

2049 3610 2244 3674 αίῶνὸς
2259 3628 2341 3664 σοι
2359 3608 2861 3681 εὐαρεπησάντων,
2882 3607 3015 3661 ὅπου
3036 3607 3136 3659 οὐκ
3166 3606 3246 3659 ἔνι
3265 3604 3431 3675 λύπη,
3468 3603 3637 3676 ὀδύνη

2049 3704 2145 3757 καὶ
2186 3702 2504 3773 στεναγμὸς,
2537 3701 2672 3754 ἀλλά
2708 3701 2885 3771 χῶρος
2909 3698 3147 3753 εὐσεϐῶν
3186 3698 3488 3769 ἀνειμένος,
3534 3696 3641 3750 καὶ

2049 3794 2120 3866 γῆ
2142 3794 2341 3847 εὐθέων
2370 3793 2724 3864 συνανειμένη
2749 3792 2879 3864 (66),
2910 3791 3120 3845 καὶτῶν
3148 3792 3204 3843 ἐν
3222 3792 3356 3861 αὐτῇ
3377 3788 3639 3859 δρώντων

2048 3886 2147 3956 τὴν
2180 3884 2335 3950 δόξαν
2362 3884 2455 3938 τοῦ
2479 3883 2716 3955 Χριστοῦ
2750 3900 2862 3937 σου·
2895 3882 2960 3937 δι’
2985 3876 3047 3937 οὗ
3074 3881 3185 3956 (67)
3233 3898 3317 3937 σοι
3355 3880 3509 3945 δόξα,
3543 3897 3640 3935 τι-

451 4023 497 4056 ⁹⁰
537 4020 577 4079 f.
612 4024 806 4099 παρίῃ.
880 4023 925 4058 ’⁸
964 4019 1158 4079 Matth.
1187 4035 1327 4087 xxii,
1361 4019 1452 4076 32.
1526 4017 1573 4052 "
1613 4018 1741 4091 Sap.
1773 4034 1857 4087 ιιι,
1888 4020 1939 4076 f.

2053 4019 2062 4051 '
2099 4018 2257 4075 Deut.
2289 4034 2481 4084 xxxiii,
2512 4018 2566 4074 5.

1635 4169 1994 4228 νΑιιιοιιιιιι
2045 4169 2277 4227 NOTAE.

382 4359 504 4439 cap.
537 4359 626 4422 37.
651 4364 744 4420 Sic
770 4372 825 4421 et
845 4365 901 4419 in
925 4359 1278 4432 sequentibus
1303 4359 1432 4415 vero
1460 4373 1559 4429 pro
1586 4359 1642 4411 ἐν
1677 4359 1817 4429 ἁγίῳ
1837 4398 1852 4422 ,
1898 4360 1954 4414 in

382 4438 572 4492 eodem
603 4437 779 4492 legere
810 4441 895 4489 est
926 4435 1021 4486 σὺν
1049 4431 1207 4492 ἁγίῳ.
1244 4431 1420 4487 Casu.

382 4446 572 4494 eodem
603 4446 779 4506 legere
810 4446 895 4489 est
926 4446 1021 4486 συν
1049 4446 1207 4501 αγιῳ.
1244 4446 1420 4487 uasa.

397 4530 403 4543 ·
454 4507 566 4578 (59)
607 4504 885 4578 φωνῆσαι
911 4502 989 4578 ut
1010 4501 1121 4568 τῆς
1146 4498 1514 4578 προσευχῆς.
1537 4496 1596 4578 In
1627 4498 1799 4578 altero
1828 4496 1952 4578 cod.

384 4568 774 4648 προσφωνῆσαι
817 4573 887 4648 τᾲ
930 4573 1029 4642 τῆς
1069 4570 1292 4648 πρώτης
1338 4569 1522 4639 εὐχῆς.
1553 4568 1707 4648 Quod
1739 4569 1955 4648 melius,

386 4637 759 4717 respiciun'tur
789 4642 934 4717 enim
969 4637 1161 4717 preces
1192 4637 1352 4717 antea
1383 4637 1716 4717 memoratae.
1740 4637 1823 4717 ip.

458 4704 567 4786 (60)
606 4704 1076 4786 Κεκοιμτυιρνων.
1130 4708 1191 4764 ιιι
1239 4710 1411 4765 altero
1456 4708 1580 4762 cod.
1631 4709 1689 4762 ὲν
1739 4704 1959 4779 Χριστῷ

384 4780 869 4854 ἀναπαυσαμένωνζ
892 4780 971 4854 ξι).

450 4847 855 4979 ί(ϐριιῗὶιρίδῃ.
891 4851 952 4906 ln
1006 4850 1181 4905 altero
1226 4848 1447 4923 ἀφήσῃ,
1498 4847 1643 4921 quod
1689 4848 1957 4919 glossema

488 4940 617 4978 ne.
674 4939 726 4977 ι).

488 4931 617 4978 olet.
653 4931 726 4977 ID.

387 4941 788 5063 ’θῗὲὲῖιπὸῗῇ
814 4991 1016 5063 φύσει,
1048 4997 1171 5063 etc.
1212 4988 1339 5063 Haec
1382 4990 1442 5063 in
1492 4990 1662 5043 altero
1690 4996 1960 5063 vocantur

400 5054 717 5147 Ἐπί-κληὲς
748 5054 886 5132 ὗπὲρ
912 5054 1020 5115 τῶν
1043 5062 1101 5140 ἐν
1370 5057 1854 5147 ἀναπαυσαμένων.
1881 5054 1956 5147 ξι).

460 5134 572 5203 (65)
616 5124 719 5203 ’Ἑώ-
1151 5124 1447 5203 Ιῦἰόθιίιᾼὲκ
1478 5124 1843 5203 κατασκευῆς.
1883 5124 1956 5179 In.

460 5149 572 5203 (οο)
634 5149 719 5185 nr
755 5149 1204 5254 2501:0018!)le

459 5200 569 5274 (64)
621 5201 1041 5256 Ἀναστασιαν.
1142 5215 1204 5255 ec

462 5340 573 5463 (65)
624 5342 941 5411 Ἀτγέλους
1001 5337 1267 5409 εὐμενεῖς
1316 5336 1715 5415 παράστησον
1776 5335 1958 5417 αὐτῷ.

462 5428 542 5463 me
565 5426 719 5463 orum
753 5412 924 5463 ollicia
958 5411 1012 5463 in
1060 5410 1339 5463 hominum
1386 5420 1581 5463 morte.
1612 5424 1678 5463 ex
1710 5407 1958 5462 doctrina

390 5407 924 5481 An‘gelorum'ollicia
958 5411 1012 5465 in
1060 5407 1339 5464 hominum
1386 5410 1678 5481 morte,'gex
1710 5407 1959 5462 doctrina

395 5478 503 5534 SS.
542 5478 761 5534 Patrum
811 5489 967 5536 sunt:
1023 5481 1280 5535 assistere
1329 5479 1710 5543 morientibus,
1757 5493 1962 5546 eosque

391 5564 496 5625 pro
522 5549 730 5625 viribus
751 5551 1052 5625 _adjuvare';
1102 5551 1208 5619 piis
1239 5564 1359 5604 esse
1392 5548 1655 5615 ἀγγέλους
1701 5549 1922 5617 εἰρήνης
1942 5584 1957 5608 9

398 5614 638 5689 placidos
677 5614 871 5675 animi}:
917 5614 1265 5683 evocatbres,
1310 5614 1661 5687 acceptores,
1700 5614 1960 5673 exuentcs

390 5272 409 5328 Ι
459 5198 569 5274 (64)
621 5201 1041 5256 Ἀναστασιαν.
1091 5198 1313 5257 Rectius
1354 5200 1408 5253 in
1442 5198 1613 5252 altero
1641 5198 1956 5251 ἀνάστασιν.

414 5290 467 5327 n.

453 4296 571 4422 (58)
602 4296 681 4349 Δι’
744 4294 836 4349 οὗ.
889 4291 1094 4348 Ibidem
1144 4289 1345 4372 legitur
1396 4288 1514 4361 μεθ’
1566 4283 1650 4343 οὗ.
1702 4287 1836 4343 Vide
1889 4290 1954 4371 ad

453 4386 504 4422 ι).
575 4367 626 4421 7.
651 4364 744 4420 Sic
770 4372 825 4421 et
845 4365 901 4419 in
925 4362 1278 4422 sequentibus
1303 4374 1432 4415 vero
1460 4373 1559 4422 pro
1586 4359 1642 4411 ἐν
1677 4359 1817 4422 ἀγίῳ
1837 4398 1852 4422 ,
1898 4375 1954 4414 ιιι

2060 4305 2179 4344 eam
2226 4288 2580 4359 corruptibile
2623 4290 2871 4361 corporis
2907 4288 3305 4352 indumentum,
3333 4289 3388 4343 in
3429 4292 3639 4347 calum

2060 4368 2377 4422 portantes,
2434 4360 2500 4413 ad
2554 4359 2717 4413 Deum
2769 4362 3119 4422 deducentes,
3162 4360 3639 4422 δορυφοροῦντας,

2060 4368 2377 4430 portantes,
2434 4360 2500 4413 ad
2554 4359 2737 4432 Deum‘
2769 4362 3119 4423 deducentes,
3162 4360 3639 4432 δορυφοροῦντας,

2056 4432 2158 4504 viae
2178 4432 2349 4504 duces
2372 4444 2435 4484 ac
2459 4431 2706 4504 comites.
2740 4438 3190 4504 propugnatores.
3215 4431 3641 4504 occursatores;

2058 4500 2240 4569 impiis
2272 4514 2402 4554 vero
2434 4501 2642 4564 tristes,
2678 4501 2993 4572 horribiles.
3031 4500 3431 4572 ἁπειληφόρους
3451 4540 3467 4563 ,
3502 4500 3644 4556 ειεὲ

2056 4577 2259 4641 ctores,
2282 4577 2337 4624 et
2352 4570 2702 4641 rapto_res,ad
2722 4570 2988 4641 judicium
3009 4572 3203 4625 acerbe
3217 4570 3638 4641 'per'trabenles.

2055 4639 2141 4693 Ab
2168 4640 2460 4711 Anastasio
2489 4639 2877 4711 Sina_ita,orat.
2914 4640 2968 4692 in
2998 4639 3270 4711 psalmum,
3290 4656 3369 4711 vi,
3397 4656 3640 4711 usurpa-

2055 4716 2150 4763 tur
2186 4724 2383 4781 nomen
2429 4709 2984 4781 sxmisuzcbvf_aut
3023 4724 3139 4781 mea
3180 4710 3401 4781 quidem
3452 4709 3642 4779 suspi-

2057 4781 2239 4850 cione,
2259 4778 2460 4833 factum
2483 4794 2512 4832 a
2528 4778 2701 4850 verbo
2721 4778 2913 4848 empilo,
2942 4778 3258 4850 significans
3275 4778 3639 4850 expilatores;

2057 4856 2181 4913 aut,
2223 4848 2379 4919 juxta
2415 4848 2787 4918 conjecturam
2818 4848 3119 4919 doctissimi
3151 4848 3488 4911 (:ombeiisii,
3526 4851 3642 4902 for-

2056 4917 2261 4990 matum
2286 4936 2351 4973 ex
2375 4934 2506 4973 voce
2526 4917 2823 4990 σπήλαιον,
2842 4917 3114 4974 Praetereo
3140 4926 3379 4990 externae
3414 4919 3642 4988 sapien-

2056 4989 2147 5043 tia:
2176 4989 2589 5061 tjmxomumgq,
2623 4988 2747 5043 cum
2780 4989 3046 5061 Mercurio
3079 4988 3371 5061 πομπαίῳ,
3394 5003 3641 5061 eumque

2058 5058 2249 5131 angelo
2282 5058 2475 5113 mortis
2500 5058 2765 5131 Samaele,
2792 5076 2887 5115 seu
2920 5058 3638 5131 Adriele,‘Asrae|‘e._Quem

2056 5127 2249 5199 mortis
2277 5131 2526 5199 angelum
2561 5128 2951 5184 commemorat
2980 5137 3175 5199 auctor
3223 5127 3411 5197 Operi:
3437 5128 3640 5199 imper-

2051 5199 2174 5269 fecti
2203 5198 2258 5249 in
2308 5197 2643 5261 Matthmum,
2673 5199 2748 5269 ad;
2769 5213 2919 5260 xxiv.
2948 5198 3038 5253 45.
3070 5198 3207 5253 Cor.

2129 5269 2239 5339 (66)
2278 5269 2701 5341 Zvrafeqm.
2728 5267 2789 5341 _|n
2820 5271 3021 5341 altero,
3049 5269 3131 5321 σοι
3150 5269 3510 5341 ἀνακειμένη,
3541 5265 3640 5319 tibi

2057 5337 2386 5393 consecrata.
2421 5337 2581 5393 Forte
2608 5339 2828 5394 rectius.
2857 5340 3026 5393 Cum.

2130 5408 2241 5478 (67)
2280 5408 2358 5460 Δι’
2387 5408 2479 5463 οὗ.
2509 5408 2640 5463 Μεθ’
2672 5404 2734 5464 οὗ
2761 5410 2815 5463 in
2840 5411 3009 5463 altero
3034 5406 3158 5462 eod.
3188 5408 3345 5478 quasi
3378 5408 3448 5462 ad
3479 5412 3640 5467 Aria-

2059 5480 2237 5553 nicam
2280 5479 3088 5553 doxologiamemendandam,
3129 5485 3190 5533 ut
3232 5479 3436 5553 passim
3483 5484 3636 5541 alibi.

2060 5548 2197 5605 Vide
2228 5550 2293 5604 ad
2325 5548 2715 5623 tinem'eapitis
2742 5566 2831 5606 XL.
2866 5550 2945 5606 In.
