  <div class='ocr_page' id='page_1' title='image "/cluster/home/n/w/nwhite01/storage/ocr_20150623/1/nnc1.0022106693/630.png"; bbox 0 0 3890 6192; ppageno 0'>
   <div class='ocr_carea' id='block_1_1' title="bbox 228 273 377 332">
    <p class='ocr_par' dir='ltr' id='par_1_1' title="bbox 228 273 377 332">
     <span class='ocr_line' id='line_1_1' title="bbox 228 273 377 332; baseline 0.027 -4"><span class='ocrx_word' id='word_1_1' title='bbox 228 273 377 332; x_wconf 76' lang='grc'><strong>1149</strong></span> 
     </span>
    </p>
   </div>
   <div class='ocr_carea' id='block_1_2' title="bbox 1076 269 2637 333">
    <p class='ocr_par' dir='ltr' id='par_1_2' title="bbox 1076 269 2637 333">
     <span class='ocr_line' id='line_1_2' title="bbox 1076 269 2637 333; baseline -0.001 -2"><span class='ocrx_word' id='word_1_2' title='bbox 1076 269 1678 331; x_wconf 83' lang='lat' dir='ltr'><strong>CONSTITUTIONES</strong></span> <span class='ocrx_word' id='word_1_3' title='bbox 1709 269 2191 333; x_wconf 70' lang='grc' dir='ltr'>Αροδτοιιωε.</span> <span class='ocrx_word' id='word_1_4' title='bbox 2227 304 2299 318; x_wconf 85' lang='lat'><strong>-—</strong></span> <span class='ocrx_word' id='word_1_5' title='bbox 2331 272 2461 332; x_wconf 87' lang='lat' dir='ltr'><strong>LIB.</strong></span> <span class='ocrx_word' id='word_1_6' title='bbox 2497 273 2637 332; x_wconf 76' lang='lat' dir='ltr'>VIII.</span> 
     </span>
    </p>
   </div>
   <div class='ocr_carea' id='block_1_3' title="bbox 3367 280 3509 343">
    <p class='ocr_par' dir='ltr' id='par_1_3' title="bbox 3367 280 3509 343">
     <span class='ocr_line' id='line_1_3' title="bbox 3367 280 3509 343; baseline 0.035 -5"><span class='ocrx_word' id='word_1_7' title='bbox 3367 280 3509 343; x_wconf 77' lang='lat' dir='ltr'><strong>H50</strong></span> 
     </span>
    </p>
   </div>
   <div class='ocr_carea' id='block_1_4' title="bbox 220 384 1832 467">
    <p class='ocr_par' dir='ltr' id='par_1_4' title="bbox 220 384 1818 461">
     <span class='ocr_line' id='line_1_4' title="bbox 220 384 1818 461; baseline -0.004 -16"><span class='ocrx_word' id='word_1_8' title='bbox 220 391 324 445; x_wconf 74' lang='grc' dir='ltr'><strong>τὸν</strong></span> <span class='ocrx_word' id='word_1_9' title='bbox 373 385 790 461; x_wconf 81' lang='grc' dir='ltr'>παντοκράτορα</span> <span class='ocrx_word' id='word_1_10' title='bbox 830 385 924 442; x_wconf 73' lang='grc' dir='ltr'><strong>καὶ</strong></span> <span class='ocrx_word' id='word_1_11' title='bbox 963 386 1056 444; x_wconf 79' lang='grc' dir='ltr'>τὸν</span> <span class='ocrx_word' id='word_1_12' title='bbox 1083 386 1443 459; x_wconf 72' lang='grc' dir='ltr'><strong>ἠγαπημένον</strong></span> <span class='ocrx_word' id='word_1_13' title='bbox 1485 384 1652 439; x_wconf 84' lang='grc' dir='ltr'>αὐτοῦ</span> <span class='ocrx_word' id='word_1_14' title='bbox 1687 385 1818 441; x_wconf 79' lang='grc' dir='ltr'>Υίὸν</span> 
     </span>
    </p>
   </div>
   <div class='ocr_carea' id='block_1_5' title="bbox 1921 384 3507 467">
    <p class='ocr_par' dir='ltr' id='par_1_5' title="bbox 1921 386 3507 467">
     <span class='ocr_line' id='line_1_5' title="bbox 1921 386 3507 467; baseline 0.009 -26"><span class='ocrx_word' id='word_1_15' title='bbox 1921 396 2071 442; x_wconf 90' lang='lat' dir='ltr'><strong>etum</strong></span> <span class='ocrx_word' id='word_1_16' title='bbox 2122 386 2350 454; x_wconf 84' lang='lat' dir='ltr'><strong>Filium,</strong></span> <span class='ocrx_word' id='word_1_17' title='bbox 2411 398 2541 445; x_wconf 88' lang='lat' dir='ltr'><strong>sunt</strong></span> <span class='ocrx_word' id='word_1_18' title='bbox 2569 397 2819 461; x_wconf 88' lang='lat' dir='ltr'><strong>potentes</strong></span> <span class='ocrx_word' id='word_1_19' title='bbox 2860 390 3195 467; x_wconf 61' lang='lat' dir='ltr'><strong>ac‘dynasta:</strong></span> <span class='ocrx_word' id='word_1_20' title='bbox 3223 395 3507 459; x_wconf 70' lang='lat' dir='ltr'><strong>Ecclesiae.</strong></span> 
     </span>
    </p>
   </div>
   <div class='ocr_carea' id='block_1_6' title="bbox 221 478 1819 552">
    <p class='ocr_par' dir='ltr' id='par_1_6' title="bbox 221 478 1819 552">
     <span class='ocr_line' id='line_1_6' title="bbox 221 478 1819 552; baseline -0.003 -16"><span class='ocrx_word' id='word_1_21' title='bbox 221 483 483 537; x_wconf 79' lang='grc' dir='ltr'><strong>δυνάσται</strong></span> <span class='ocrx_word' id='word_1_22' title='bbox 509 480 816 552; x_wconf 73' lang='grc' dir='ltr'>ὑπάρχωσι</span> <span class='ocrx_word' id='word_1_23' title='bbox 836 481 936 552; x_wconf 82' lang='grc' dir='ltr'>τῆς</span> <span class='ocrx_word' id='word_1_24' title='bbox 974 479 1317 552; x_wconf 82' lang='grc' dir='ltr'>Ἐκκλησίας.</span> <span class='ocrx_word' id='word_1_25' title='bbox 1343 479 1515 534; x_wconf 90' lang='grc' dir='ltr'>Τοῦτο</span> <span class='ocrx_word' id='word_1_26' title='bbox 1533 478 1591 535; x_wconf 77' lang='grc' dir='ltr'><strong>δέ</strong></span> <span class='ocrx_word' id='word_1_27' title='bbox 1618 495 1819 551; x_wconf 70' lang='grc' dir='ltr'>φαμεν,</span> 
     </span>
    </p>
   </div>
   <div class='ocr_carea' id='block_1_7' title="bbox 220 572 1822 648">
    <p class='ocr_par' dir='ltr' id='par_1_7' title="bbox 220 572 1822 648">
     <span class='ocr_line' id='line_1_7' title="bbox 220 572 1822 648; baseline -0.003 -18"><span class='ocrx_word' id='word_1_28' title='bbox 220 577 329 647; x_wconf 72' lang='grc' dir='ltr'>οὐχ</span> <span class='ocrx_word' id='word_1_29' title='bbox 360 576 448 629; x_wconf 87' lang='grc' dir='ltr'><strong>ῖνα</strong></span> <span class='ocrx_word' id='word_1_30' title='bbox 487 576 563 648; x_wconf 80' lang='grc' dir='ltr'>μὴ</span> <span class='ocrx_word' id='word_1_31' title='bbox 592 575 848 632; x_wconf 74' lang='grc' dir='ltr'>πίνωσιν·</span> <span class='ocrx_word' id='word_1_32' title='bbox 871 574 1048 639; x_wconf 78' lang='grc' dir='ltr'>ἄλλως</span> <span class='ocrx_word' id='word_1_33' title='bbox 1075 573 1187 647; x_wconf 81' lang='grc' dir='ltr'>γὰρ</span> <span class='ocrx_word' id='word_1_34' title='bbox 1215 573 1312 629; x_wconf 77' lang='grc' dir='ltr'>καὶ</span> <span class='ocrx_word' id='word_1_35' title='bbox 1348 573 1463 647; x_wconf 87' lang='grc'><strong>(80)</strong></span> <span class='ocrx_word' id='word_1_36' title='bbox 1495 572 1644 629; x_wconf 77' lang='grc' dir='ltr'>ἐστιν</span> <span class='ocrx_word' id='word_1_37' title='bbox 1672 573 1822 646; x_wconf 76' lang='grc' dir='ltr'>ὑϐρί-</span> 
     </span>
    </p>
   </div>
   <div class='ocr_carea' id='block_1_8' title="bbox 220 665 1822 741">
    <p class='ocr_par' dir='ltr' id='par_1_8' title="bbox 220 665 1822 741">
     <span class='ocr_line' id='line_1_8' title="bbox 220 665 1822 741; baseline -0.001 -19"><span class='ocrx_word' id='word_1_38' title='bbox 220 686 322 724; x_wconf 83' lang='grc' dir='ltr'><strong>σαι</strong></span> <span class='ocrx_word' id='word_1_39' title='bbox 343 669 408 722; x_wconf 75' lang='grc' dir='ltr'>τὸ</span> <span class='ocrx_word' id='word_1_40' title='bbox 434 669 540 723; x_wconf 82' lang='grc' dir='ltr'><strong>ὑπὸ</strong></span> <span class='ocrx_word' id='word_1_41' title='bbox 563 668 702 723; x_wconf 85' lang='grc' dir='ltr'>Θεοῦ</span> <span class='ocrx_word' id='word_1_42' title='bbox 727 669 1020 740; x_wconf 81' lang='grc' dir='ltr'>γενόμενον</span> <span class='ocrx_word' id='word_1_43' title='bbox 1045 669 1131 733; x_wconf 83' lang='grc' dir='ltr'><strong>είς</strong></span> <span class='ocrx_word' id='word_1_44' title='bbox 1160 666 1500 741; x_wconf 80' lang='grc' dir='ltr'>εὐφροσύνην</span> <span class='ocrx_word' id='word_1_45' title='bbox 1516 685 1530 699; x_wconf 87' lang='grc'><strong>·</strong></span> <span class='ocrx_word' id='word_1_46' title='bbox 1565 665 1703 722; x_wconf 88' lang='grc' dir='ltr'><strong>ἀλλά</strong></span> <span class='ocrx_word' id='word_1_47' title='bbox 1732 667 1822 721; x_wconf 82' lang='grc' dir='ltr'>ἵνα</span> 
     </span>
    </p>
   </div>
   <div class='ocr_carea' id='block_1_9' title="bbox 222 754 1822 835">
    <p class='ocr_par' dir='ltr' id='par_1_9' title="bbox 222 754 1822 835">
     <span class='ocr_line' id='line_1_9' title="bbox 222 754 1822 835; baseline -0.003 -18"><span class='ocrx_word' id='word_1_48' title='bbox 222 764 310 835; x_wconf 79' lang='grc' dir='ltr'>μὴ</span> <span class='ocrx_word' id='word_1_49' title='bbox 338 761 657 835; x_wconf 66' lang='grc' dir='ltr'>παροινιῖωι.</span> <span class='ocrx_word' id='word_1_50' title='bbox 683 762 761 816; x_wconf 73' lang='grc' dir='ltr'><strong>Οὐ</strong></span> <span class='ocrx_word' id='word_1_51' title='bbox 794 762 903 834; x_wconf 80' lang='grc' dir='ltr'><strong>γὰρ</strong></span> <span class='ocrx_word' id='word_1_52' title='bbox 941 756 1094 814; x_wconf 71' lang='grc' dir='ltr'>εἶπεν</span> <span class='ocrx_word' id='word_1_53' title='bbox 1118 762 1154 832; x_wconf 81' lang='grc' dir='ltr'>ἡ</span> <span class='ocrx_word' id='word_1_54' title='bbox 1186 760 1403 833; x_wconf 77' lang='grc' dir='ltr'>Γραφὴ,</span> <span class='ocrx_word' id='word_1_55' title='bbox 1438 760 1514 831; x_wconf 86' lang='grc' dir='ltr'>μὴ</span> <span class='ocrx_word' id='word_1_56' title='bbox 1547 760 1723 814; x_wconf 87' lang='grc' dir='ltr'>πίνειν</span> <span class='ocrx_word' id='word_1_57' title='bbox 1744 754 1822 813; x_wconf 80' lang='grc' dir='ltr'><strong>οῖ-</strong></span> 
     </span>
    </p>
   </div>
   <div class='ocr_carea' id='block_1_10' title="bbox 218 850 1815 928">
    <p class='ocr_par' dir='ltr' id='par_1_10' title="bbox 218 850 1815 928">
     <span class='ocr_line' id='line_1_10' title="bbox 218 850 1815 928; baseline -0.002 -18"><span class='ocrx_word' id='word_1_58' title='bbox 218 873 343 922; x_wconf 85' lang='grc' dir='ltr'>νον,</span> <span class='ocrx_word' id='word_1_59' title='bbox 388 854 527 910; x_wconf 87' lang='grc' dir='ltr'><strong>ἀλλά</strong></span> <span class='ocrx_word' id='word_1_60' title='bbox 562 854 616 909; x_wconf 90' lang='grc' dir='ltr'><strong>τί</strong></span> <span class='ocrx_word' id='word_1_61' title='bbox 639 871 844 928; x_wconf 78' lang='grc' dir='ltr'>φησιν;</span> <span class='ocrx_word' id='word_1_62' title='bbox 901 872 920 907; x_wconf 82' lang='grc' dir='ltr'><strong>ι</strong></span> <span class='ocrx_word' id='word_1_63' title='bbox 950 854 1045 925; x_wconf 84' lang='grc' dir='ltr'><strong>Μὴ</strong></span> <span class='ocrx_word' id='word_1_64' title='bbox 1080 858 1207 911; x_wconf 82' lang='grc' dir='ltr'>πῖνε</span> <span class='ocrx_word' id='word_1_65' title='bbox 1252 850 1394 908; x_wconf 73' lang='grc' dir='ltr'>οἶνον</span> <span class='ocrx_word' id='word_1_66' title='bbox 1429 856 1512 920; x_wconf 81' lang='grc' dir='ltr'><strong>είς</strong></span> <span class='ocrx_word' id='word_1_67' title='bbox 1553 853 1724 927; x_wconf 82' lang='grc' dir='ltr'>μέθην</span> <span class='ocrx_word' id='word_1_68' title='bbox 1748 872 1764 886; x_wconf 77' lang='grc' dir='ltr'><strong>ο</strong></span> <span class='ocrx_word' id='word_1_69' title='bbox 1795 873 1815 907; x_wconf 73' lang='grc' dir='ltr'><strong>ι</strong></span> 
     </span>
    </p>
   </div>
   <div class='ocr_carea' id='block_1_11' title="bbox 217 945 1815 1021">
    <p class='ocr_par' dir='ltr' id='par_1_11' title="bbox 217 945 1815 1021">
     <span class='ocr_line' id='line_1_11' title="bbox 217 945 1815 1021; baseline 0.001 -20"><span class='ocrx_word' id='word_1_70' title='bbox 217 947 345 1001; x_wconf 69' lang='grc' dir='ltr'><strong>Καὶ</strong></span> <span class='ocrx_word' id='word_1_71' title='bbox 374 945 538 1001; x_wconf 74' lang='grc' dir='ltr'>πάλιν</span> <span class='ocrx_word' id='word_1_72' title='bbox 560 964 575 979; x_wconf 77' lang='grc' dir='ltr'><strong><em>ο</em></strong></span> <span class='ocrx_word' id='word_1_73' title='bbox 616 966 635 1001; x_wconf 77' lang='grc' dir='ltr'><strong>ι</strong></span> <span class='ocrx_word' id='word_1_74' title='bbox 659 945 929 1002; x_wconf 80' lang='grc' dir='ltr'>’Δκανθαι</span> <span class='ocrx_word' id='word_1_75' title='bbox 968 946 1196 1017; x_wconf 81' lang='grc' dir='ltr'>φύονται</span> <span class='ocrx_word' id='word_1_76' title='bbox 1223 949 1283 1002; x_wconf 80' lang='grc' dir='ltr'>ὲν</span> <span class='ocrx_word' id='word_1_77' title='bbox 1314 948 1461 1021; x_wconf 74' lang='grc' dir='ltr'>χειρὶ</span> <span class='ocrx_word' id='word_1_78' title='bbox 1502 948 1760 1021; x_wconf 81' lang='grc' dir='ltr'>μεθύσου.</span> <span class='ocrx_word' id='word_1_79' title='bbox 1794 968 1815 1003; x_wconf 74' lang='grc' dir='ltr'><strong>ι</strong></span> 
     </span>
    </p>
   </div>
   <div class='ocr_carea' id='block_1_12' title="bbox 216 1040 1821 1115">
    <p class='ocr_par' dir='ltr' id='par_1_12' title="bbox 216 1040 1821 1115">
     <span class='ocr_line' id='line_1_12' title="bbox 216 1040 1821 1115; baseline 0.003 -21"><span class='ocrx_word' id='word_1_80' title='bbox 216 1040 404 1096; x_wconf 77' lang='grc' dir='ltr'>Τοῦτο</span> <span class='ocrx_word' id='word_1_81' title='bbox 443 1041 502 1096; x_wconf 77' lang='grc' dir='ltr'><strong>δὲ</strong></span> <span class='ocrx_word' id='word_1_82' title='bbox 536 1041 599 1097; x_wconf 82' lang='grc' dir='ltr'>οὐ</span> <span class='ocrx_word' id='word_1_83' title='bbox 632 1041 761 1115; x_wconf 76' lang='grc' dir='ltr'>περὶ</span> <span class='ocrx_word' id='word_1_84' title='bbox 796 1040 907 1095; x_wconf 85' lang='grc' dir='ltr'><strong>τῶν</strong></span> <span class='ocrx_word' id='word_1_85' title='bbox 949 1042 1008 1095; x_wconf 84' lang='grc' dir='ltr'>ὲν</span> <span class='ocrx_word' id='word_1_86' title='bbox 1048 1040 1237 1114; x_wconf 86' lang='grc' dir='ltr'>κλήρῳ</span> <span class='ocrx_word' id='word_1_87' title='bbox 1265 1042 1425 1115; x_wconf 81' lang='grc' dir='ltr'>μόνον</span> <span class='ocrx_word' id='word_1_88' title='bbox 1456 1043 1656 1114; x_wconf 83' lang='grc' dir='ltr'>φαμὲν,</span> <span class='ocrx_word' id='word_1_89' title='bbox 1682 1043 1821 1099; x_wconf 84' lang='grc' dir='ltr'><strong>ἀλλά</strong></span> 
     </span>
    </p>
   </div>
   <div class='ocr_carea' id='block_1_13' title="bbox 213 1127 1819 1209">
    <p class='ocr_par' dir='ltr' id='par_1_13' title="bbox 213 1127 1819 1209">
     <span class='ocr_line' id='line_1_13' title="bbox 213 1127 1819 1209; baseline -0.001 -20"><span class='ocrx_word' id='word_1_90' title='bbox 213 1136 325 1189; x_wconf 74' lang='grc' dir='ltr'><strong>καὶ</strong></span> <span class='ocrx_word' id='word_1_91' title='bbox 356 1135 485 1206; x_wconf 78' lang='grc' dir='ltr'>περὶ</span> <span class='ocrx_word' id='word_1_92' title='bbox 515 1135 717 1198; x_wconf 78' lang='grc' dir='ltr'>παντὸς</span> <span class='ocrx_word' id='word_1_93' title='bbox 733 1133 924 1189; x_wconf 87' lang='grc' dir='ltr'>λαῖκοῦ</span> <span class='ocrx_word' id='word_1_94' title='bbox 949 1134 1297 1208; x_wconf 82' lang='grc' dir='ltr'>Χριστιανοῦ,</span> <span class='ocrx_word' id='word_1_95' title='bbox 1329 1136 1413 1206; x_wconf 74' lang='grc' dir='ltr'><strong>ἐφ’</strong></span> <span class='ocrx_word' id='word_1_96' title='bbox 1440 1127 1502 1189; x_wconf 74' lang='grc' dir='ltr'>οὗ</span> <span class='ocrx_word' id='word_1_97' title='bbox 1523 1135 1819 1209; x_wconf 78' lang='grc' dir='ltr'>ἐπικέκλη-</span> 
     </span>
    </p>
   </div>
   <div class='ocr_carea' id='block_1_14' title="bbox 211 1226 1819 1301">
    <p class='ocr_par' dir='ltr' id='par_1_14' title="bbox 211 1226 1819 1301">
     <span class='ocr_line' id='line_1_14' title="bbox 211 1226 1819 1301; baseline 0.002 -20"><span class='ocrx_word' id='word_1_98' title='bbox 211 1244 316 1282; x_wconf 85' lang='grc' dir='ltr'><strong>τσι</strong></span> <span class='ocrx_word' id='word_1_99' title='bbox 339 1228 404 1282; x_wconf 78' lang='grc' dir='ltr'><strong>τὸ</strong></span> <span class='ocrx_word' id='word_1_100' title='bbox 428 1229 601 1300; x_wconf 78' lang='grc' dir='ltr'>δνομα</span> <span class='ocrx_word' id='word_1_101' title='bbox 626 1226 721 1282; x_wconf 89' lang='grc' dir='ltr'><strong>τοῦ</strong></span> <span class='ocrx_word' id='word_1_102' title='bbox 753 1226 959 1300; x_wconf 80' lang='grc' dir='ltr'><strong>Κυρίου</strong></span> <span class='ocrx_word' id='word_1_103' title='bbox 1001 1228 1160 1300; x_wconf 80' lang='grc' dir='ltr'>ἡμῶν</span> <span class='ocrx_word' id='word_1_104' title='bbox 1208 1227 1382 1301; x_wconf 84' lang='grc' dir='ltr'>Ἰησοῦ</span> <span class='ocrx_word' id='word_1_105' title='bbox 1421 1228 1688 1301; x_wconf 78' lang='grc' dir='ltr'>Χριστοῦο</span> <span class='ocrx_word' id='word_1_106' title='bbox 1722 1232 1819 1285; x_wconf 76' lang='grc' dir='ltr'><strong>καὶ</strong></span> 
     </span>
    </p>
   </div>
   <div class='ocr_carea' id='block_1_15' title="bbox 212 1319 1817 1394">
    <p class='ocr_par' dir='ltr' id='par_1_15' title="bbox 212 1319 1817 1394">
     <span class='ocr_line' id='line_1_15' title="bbox 212 1319 1817 1394; baseline 0.001 -20"><span class='ocrx_word' id='word_1_107' title='bbox 212 1320 412 1385; x_wconf 74' lang='grc' dir='ltr'>αὐτοῖς</span> <span class='ocrx_word' id='word_1_108' title='bbox 445 1321 555 1393; x_wconf 83' lang='grc' dir='ltr'>γὰρ</span> <span class='ocrx_word' id='word_1_109' title='bbox 582 1321 819 1394; x_wconf 69' lang='grc' dir='ltr'>εἴρηται·</span> <span class='ocrx_word' id='word_1_110' title='bbox 855 1339 875 1374; x_wconf 78' lang='grc' dir='ltr'><strong>ι</strong></span> <span class='ocrx_word' id='word_1_111' title='bbox 916 1320 1037 1376; x_wconf 84' lang='grc' dir='ltr'>Τίνι</span> <span class='ocrx_word' id='word_1_112' title='bbox 1066 1319 1227 1387; x_wconf 69' lang='lat' dir='ltr'><strong>eoat;</strong></span> <span class='ocrx_word' id='word_1_113' title='bbox 1259 1321 1368 1375; x_wconf 89' lang='grc' dir='ltr'>τίνι</span> <span class='ocrx_word' id='word_1_114' title='bbox 1413 1321 1680 1394; x_wconf 70' lang='grc' dir='ltr'>θόρυϐοςς</span> <span class='ocrx_word' id='word_1_115' title='bbox 1710 1322 1817 1377; x_wconf 87' lang='grc' dir='ltr'>τίνι</span> 
     </span>
    </p>
   </div>
   <div class='ocr_carea' id='block_1_16' title="bbox 212 1413 1814 1487">
    <p class='ocr_par' dir='ltr' id='par_1_16' title="bbox 212 1413 1814 1487">
     <span class='ocr_line' id='line_1_16' title="bbox 212 1413 1814 1487; baseline 0.001 -20"><span class='ocrx_word' id='word_1_116' title='bbox 212 1413 412 1486; x_wconf 81' lang='grc' dir='ltr'>ἀηδίαι</span> <span class='ocrx_word' id='word_1_117' title='bbox 447 1413 544 1467; x_wconf 72' lang='grc' dir='ltr'><strong>καὶ</strong></span> <span class='ocrx_word' id='word_1_118' title='bbox 573 1414 802 1485; x_wconf 77' lang='grc' dir='ltr'><strong>λέσχαις</strong></span> <span class='ocrx_word' id='word_1_119' title='bbox 832 1413 978 1478; x_wconf 85' lang='grc' dir='ltr'>τίνος</span> <span class='ocrx_word' id='word_1_120' title='bbox 1014 1413 1252 1468; x_wconf 72' lang='grc' dir='ltr'>πελιδνοὶ</span> <span class='ocrx_word' id='word_1_121' title='bbox 1282 1413 1397 1487; x_wconf 87' lang='grc'>(81)</span> <span class='ocrx_word' id='word_1_122' title='bbox 1428 1415 1478 1469; x_wconf 80' lang='grc' dir='ltr'>οἱ</span> <span class='ocrx_word' id='word_1_123' title='bbox 1508 1414 1774 1486; x_wconf 82' lang='grc' dir='ltr'>ὀφθαλμοί</span> <span class='ocrx_word' id='word_1_124' title='bbox 1798 1432 1814 1482; x_wconf 90' lang='lat'><strong>;</strong></span> 
     </span>
    </p>
   </div>
   <div class='ocr_carea' id='block_1_17' title="bbox 209 1505 1817 1581">
    <p class='ocr_par' dir='ltr' id='par_1_17' title="bbox 209 1505 1817 1581">
     <span class='ocr_line' id='line_1_17' title="bbox 209 1505 1817 1581; baseline 0.003 -23"><span class='ocrx_word' id='word_1_125' title='bbox 209 1505 331 1561; x_wconf 79' lang='grc' dir='ltr'>τίνι</span> <span class='ocrx_word' id='word_1_126' title='bbox 365 1506 744 1579; x_wconf 83' lang='grc' dir='ltr'>συντρίμματα</span> <span class='ocrx_word' id='word_1_127' title='bbox 771 1506 1027 1578; x_wconf 85' lang='grc' dir='ltr'>διακενῆς</span> <span class='ocrx_word' id='word_1_128' title='bbox 1051 1524 1066 1573; x_wconf 92' lang='grc'><strong>;</strong></span> <span class='ocrx_word' id='word_1_129' title='bbox 1095 1507 1158 1561; x_wconf 81' lang='grc' dir='ltr'>οὐ</span> <span class='ocrx_word' id='word_1_130' title='bbox 1184 1506 1294 1561; x_wconf 84' lang='grc' dir='ltr'><strong>τῶν</strong></span> <span class='ocrx_word' id='word_1_131' title='bbox 1316 1507 1739 1581; x_wconf 75' lang='grc' dir='ltr'>ὲγχρονιζόντων</span> <span class='ocrx_word' id='word_1_132' title='bbox 1758 1510 1817 1565; x_wconf 83' lang='grc' dir='ltr'>ὲν</span> 
     </span>
    </p>
   </div>
   <div class='ocr_carea' id='block_1_18' title="bbox 209 1600 1815 1673">
    <p class='ocr_par' dir='ltr' id='par_1_18' title="bbox 209 1600 1815 1673">
     <span class='ocr_line' id='line_1_18' title="bbox 209 1600 1815 1673; baseline 0.001 -19"><span class='ocrx_word' id='word_1_133' title='bbox 209 1601 375 1672; x_wconf 75' lang='grc' dir='ltr'>οἴνῳ,</span> <span class='ocrx_word' id='word_1_134' title='bbox 396 1601 491 1655; x_wconf 79' lang='grc' dir='ltr'><strong>καὶ</strong></span> <span class='ocrx_word' id='word_1_135' title='bbox 532 1601 641 1655; x_wconf 85' lang='grc' dir='ltr'><strong>τῶν</strong></span> <span class='ocrx_word' id='word_1_136' title='bbox 672 1600 1204 1673; x_wconf 74' lang='grc' dir='ltr'>κατασκοπουμένων</span> <span class='ocrx_word' id='word_1_137' title='bbox 1247 1600 1364 1672; x_wconf 66' lang='grc' dir='ltr'>(82ὶ</span> <span class='ocrx_word' id='word_1_138' title='bbox 1400 1600 1504 1656; x_wconf 91' lang='grc' dir='ltr'><strong>ποῦ</strong></span> <span class='ocrx_word' id='word_1_139' title='bbox 1526 1602 1679 1657; x_wconf 85' lang='grc' dir='ltr'>πότοι</span> <span class='ocrx_word' id='word_1_140' title='bbox 1728 1602 1815 1672; x_wconf 85' lang='grc' dir='ltr'><strong>γί-</strong></span> 
     </span>
    </p>
   </div>
   <div class='ocr_carea' id='block_1_19' title="bbox 211 1709 496 1760">
    <p class='ocr_par' dir='ltr' id='par_1_19' title="bbox 211 1709 496 1760">
     <span class='ocr_line' id='line_1_19' title="bbox 211 1709 496 1760; baseline -0.004 -13"><span class='ocrx_word' id='word_1_141' title='bbox 211 1709 437 1760; x_wconf 76' lang='grc' dir='ltr'>νονταις</span> <span class='ocrx_word' id='word_1_142' title='bbox 478 1713 496 1746; x_wconf 75' lang='grc' dir='ltr'><strong>ι</strong></span> 
     </span>
    </p>
   </div>
   <div class='ocr_carea' id='block_1_20' title="bbox 754 1810 1312 1865">
    <p class='ocr_par' dir='ltr' id='par_1_20' title="bbox 754 1810 1312 1865">
     <span class='ocr_line' id='line_1_20' title="bbox 754 1810 1312 1865; baseline 0.004 -2"><span class='ocrx_word' id='word_1_143' title='bbox 754 1810 1153 1864; x_wconf 79' lang='grc' dir='ltr'><strong>ΚΕΦΑΛΑῙΟΝ</strong></span> <span class='ocrx_word' id='word_1_144' title='bbox 1174 1810 1312 1865; x_wconf 87' lang='lat' dir='ltr'><strong>ME’.</strong></span> 
     </span>
    </p>
   </div>
   <div class='ocr_carea' id='block_1_21' title="bbox 207 1866 1812 1976">
    <p class='ocr_par' dir='ltr' id='par_1_21' title="bbox 207 1866 1812 1976">
     <span class='ocr_line' id='line_1_21' title="bbox 207 1866 1812 1976; baseline 0.002 -21"><span class='ocrx_word' id='word_1_145' title='bbox 207 1900 368 1972; x_wconf 73' lang='grc' dir='ltr'>Περὶ</span> <span class='ocrx_word' id='word_1_146' title='bbox 386 1866 635 1976; x_wconf 44' lang='grc' dir='ltr'>τοῦι(85)</span> <span class='ocrx_word' id='word_1_147' title='bbox 667 1902 1070 1976; x_wconf 70' lang='grc' dir='ltr'>ὑποδέχεσθαι</span> <span class='ocrx_word' id='word_1_148' title='bbox 1098 1905 1240 1970; x_wconf 85' lang='grc' dir='ltr'>τοὺς</span> <span class='ocrx_word' id='word_1_149' title='bbox 1266 1902 1364 1958; x_wconf 83' lang='grc' dir='ltr'><strong>διὰ</strong></span> <span class='ocrx_word' id='word_1_150' title='bbox 1393 1904 1654 1974; x_wconf 79' lang='grc' dir='ltr'>Χριστὸν</span> <span class='ocrx_word' id='word_1_151' title='bbox 1680 1901 1812 1959; x_wconf 81' lang='grc' dir='ltr'><strong>διω-</strong></span> 
     </span>
    </p>
   </div>
   <div class='ocr_carea' id='block_1_22' title="bbox 863 1972 1183 2044">
    <p class='ocr_par' dir='ltr' id='par_1_22' title="bbox 863 1972 1183 2044">
     <span class='ocr_line' id='line_1_22' title="bbox 863 1972 1183 2044; baseline -0.003 -16"><span class='ocrx_word' id='word_1_152' title='bbox 863 1972 1183 2044; x_wconf 79' lang='grc' dir='ltr'>κομένους.</span> 
     </span>
    </p>
   </div>
   <div class='ocr_carea' id='block_1_23' title="bbox 292 2087 1808 2160">
    <p class='ocr_par' dir='ltr' id='par_1_23' title="bbox 292 2087 1808 2160">
     <span class='ocr_line' id='line_1_23' title="bbox 292 2087 1808 2160; baseline 0.001 -17"><span class='ocrx_word' id='word_1_153' title='bbox 292 2089 435 2153; x_wconf 77' lang='grc' dir='ltr'>Τοὺς</span> <span class='ocrx_word' id='word_1_154' title='bbox 466 2088 830 2160; x_wconf 84' lang='grc' dir='ltr'>διωκομένους</span> <span class='ocrx_word' id='word_1_155' title='bbox 854 2087 944 2143; x_wconf 81' lang='grc' dir='ltr'>διὰ</span> <span class='ocrx_word' id='word_1_156' title='bbox 973 2087 1177 2152; x_wconf 84' lang='grc' dir='ltr'>πίστιν,</span> <span class='ocrx_word' id='word_1_157' title='bbox 1211 2088 1307 2143; x_wconf 75' lang='grc' dir='ltr'><strong>καὶ</strong></span> <span class='ocrx_word' id='word_1_158' title='bbox 1329 2090 1410 2153; x_wconf 78' lang='grc' dir='ltr'>εις</span> <span class='ocrx_word' id='word_1_159' title='bbox 1436 2088 1592 2143; x_wconf 80' lang='grc' dir='ltr'>πόλιν</span> <span class='ocrx_word' id='word_1_160' title='bbox 1620 2090 1687 2144; x_wconf 79' lang='grc' dir='ltr'><strong>ὲκ</strong></span> <span class='ocrx_word' id='word_1_161' title='bbox 1715 2091 1808 2144; x_wconf 77' lang='grc' dir='ltr'><strong>πό-</strong></span> 
     </span>
    </p>
   </div>
   <div class='ocr_carea' id='block_1_24' title="bbox 205 2180 1811 2254">
    <p class='ocr_par' dir='ltr' id='par_1_24' title="bbox 205 2180 1811 2254">
     <span class='ocr_line' id='line_1_24' title="bbox 205 2180 1811 2254; baseline -0.001 -16"><span class='ocrx_word' id='word_1_162' title='bbox 205 2184 361 2248; x_wconf 82' lang='grc' dir='ltr'>λεως</span> <span class='ocrx_word' id='word_1_163' title='bbox 400 2183 723 2254; x_wconf 79' lang='grc' dir='ltr'>φεύγοντας,</span> <span class='ocrx_word' id='word_1_164' title='bbox 782 2180 873 2237; x_wconf 82' lang='grc' dir='ltr'>διὰ</span> <span class='ocrx_word' id='word_1_165' title='bbox 919 2181 981 2235; x_wconf 84' lang='grc' dir='ltr'>τὸ</span> <span class='ocrx_word' id='word_1_166' title='bbox 1029 2180 1338 2254; x_wconf 78' lang='grc' dir='ltr'>μεμνῆσθαι</span> <span class='ocrx_word' id='word_1_167' title='bbox 1383 2181 1493 2235; x_wconf 84' lang='grc' dir='ltr'><strong>τῶν</strong></span> <span class='ocrx_word' id='word_1_168' title='bbox 1514 2180 1690 2252; x_wconf 85' lang='grc' dir='ltr'>λόγων</span> <span class='ocrx_word' id='word_1_169' title='bbox 1716 2182 1811 2237; x_wconf 90' lang='grc' dir='ltr'><strong>τοῦ</strong></span> 
     </span>
    </p>
   </div>
   <div class='ocr_carea' id='block_1_25' title="bbox 205 2274 1813 2349">
    <p class='ocr_par' dir='ltr' id='par_1_25' title="bbox 205 2274 1813 2349">
     <span class='ocr_line' id='line_1_25' title="bbox 205 2274 1813 2349; baseline -0.001 -18"><span class='ocrx_word' id='word_1_170' title='bbox 205 2276 454 2348; x_wconf 80' lang='grc' dir='ltr'>Κυρίου,</span> <span class='ocrx_word' id='word_1_171' title='bbox 501 2274 1010 2349; x_wconf 77' lang='grc' dir='ltr'>προσλαμϐάνεσθε.</span> <span class='ocrx_word' id='word_1_172' title='bbox 1053 2274 1436 2347; x_wconf 81' lang='grc' dir='ltr'>Ἐπιστάμενοι</span> <span class='ocrx_word' id='word_1_173' title='bbox 1466 2274 1598 2347; x_wconf 83' lang='grc' dir='ltr'>γὰρ,</span> <span class='ocrx_word' id='word_1_174' title='bbox 1629 2275 1711 2329; x_wconf 84' lang='grc' dir='ltr'>ὅτι</span> <span class='ocrx_word' id='word_1_175' title='bbox 1750 2274 1813 2330; x_wconf 86' lang='grc' dir='ltr'>τὸ</span> 
     </span>
    </p>
   </div>
   <div class='ocr_carea' id='block_1_26' title="bbox 210 2366 1813 2447">
    <p class='ocr_par' dir='ltr' id='par_1_26' title="bbox 210 2366 1813 2447">
     <span class='ocr_line' id='line_1_26' title="bbox 210 2366 1813 2447; baseline 0.002 -27"><span class='ocrx_word' id='word_1_176' title='bbox 210 2370 323 2447; x_wconf 73' lang='grc' dir='ltr'>μὲν</span> <span class='ocrx_word' id='word_1_177' title='bbox 373 2367 590 2439; x_wconf 88' lang='grc' dir='ltr'>πνεῦμα</span> <span class='ocrx_word' id='word_1_178' title='bbox 634 2367 939 2440; x_wconf 83' lang='grc' dir='ltr'>πρόθυμον,</span> <span class='ocrx_word' id='word_1_179' title='bbox 979 2366 1098 2439; x_wconf 82' lang='grc' dir='ltr'><strong>ἡδὲ</strong></span> <span class='ocrx_word' id='word_1_180' title='bbox 1146 2368 1284 2440; x_wconf 80' lang='grc' dir='ltr'>σάρξ</span> <span class='ocrx_word' id='word_1_181' title='bbox 1317 2367 1551 2440; x_wconf 85' lang='grc' dir='ltr'>ἀσθενὴς</span> <span class='ocrx_word' id='word_1_182' title='bbox 1576 2408 1592 2434; x_wconf 93' lang='grc'><strong>,</strong></span> <span class='ocrx_word' id='word_1_183' title='bbox 1624 2369 1813 2424; x_wconf 83' lang='grc' dir='ltr'>ἀποδι-</span> 
     </span>
    </p>
   </div>
   <div class='ocr_carea' id='block_1_27' title="bbox 202 2459 1813 2536">
    <p class='ocr_par' dir='ltr' id='par_1_27' title="bbox 202 2459 1813 2536">
     <span class='ocr_line' id='line_1_27' title="bbox 202 2459 1813 2536; baseline -0.002 -17"><span class='ocrx_word' id='word_1_184' title='bbox 202 2461 545 2534; x_wconf 80' lang='grc' dir='ltr'>δράσκουσι,</span> <span class='ocrx_word' id='word_1_185' title='bbox 580 2461 675 2516; x_wconf 68' lang='lat' dir='ltr'><strong>atat</strong></span> <span class='ocrx_word' id='word_1_186' title='bbox 719 2460 818 2533; x_wconf 75' lang='grc' dir='ltr'>τὴν</span> <span class='ocrx_word' id='word_1_187' title='bbox 862 2460 1118 2532; x_wconf 79' lang='grc' dir='ltr'>ἁρπαγὴν</span> <span class='ocrx_word' id='word_1_188' title='bbox 1146 2459 1255 2514; x_wconf 86' lang='grc' dir='ltr'><strong>τῶν</strong></span> <span class='ocrx_word' id='word_1_189' title='bbox 1286 2461 1641 2533; x_wconf 82' lang='grc' dir='ltr'>ὑπαρχόντων</span> <span class='ocrx_word' id='word_1_190' title='bbox 1676 2478 1813 2536; x_wconf 87' lang='grc' dir='ltr'>προ-</span> 
     </span>
    </p>
   </div>
   <div class='ocr_carea' id='block_1_28' title="bbox 200 2552 1813 2626">
    <p class='ocr_par' dir='ltr' id='par_1_28' title="bbox 200 2552 1813 2626">
     <span class='ocr_line' id='line_1_28' title="bbox 200 2552 1813 2626; baseline -0.002 -16"><span class='ocrx_word' id='word_1_191' title='bbox 200 2553 469 2618; x_wconf 74' lang='grc' dir='ltr'>ΐενταιίτ,</span> <span class='ocrx_word' id='word_1_192' title='bbox 486 2552 574 2607; x_wconf 78' lang='grc' dir='ltr'>ἵνα</span> <span class='ocrx_word' id='word_1_193' title='bbox 587 2552 953 2626; x_wconf 78' lang='grc' dir='ltr'>ἀνεξάρνητον</span> <span class='ocrx_word' id='word_1_194' title='bbox 973 2553 1029 2604; x_wconf 83' lang='grc' dir='ltr'>ὲν</span> <span class='ocrx_word' id='word_1_195' title='bbox 1045 2553 1262 2617; x_wconf 74' lang='grc' dir='ltr'>ἑαυτοῖς</span> <span class='ocrx_word' id='word_1_196' title='bbox 1284 2552 1345 2606; x_wconf 83' lang='grc' dir='ltr'>τὸ</span> <span class='ocrx_word' id='word_1_197' title='bbox 1369 2552 1542 2624; x_wconf 75' lang='grc' dir='ltr'>ὄνομα</span> <span class='ocrx_word' id='word_1_198' title='bbox 1564 2552 1658 2607; x_wconf 89' lang='grc' dir='ltr'><strong>τοῦ</strong></span> <span class='ocrx_word' id='word_1_199' title='bbox 1683 2555 1727 2607; x_wconf 84' lang='grc' dir='ltr'>Χ</span> <span class='ocrx_word' id='word_1_200' title='bbox 1735 2571 1813 2626; x_wconf 87' lang='grc' dir='ltr'>ρι-</span> 
     </span>
    </p>
   </div>
   <div class='ocr_carea' id='block_1_29' title="bbox 206 2641 1811 2721">
    <p class='ocr_par' dir='ltr' id='par_1_29' title="bbox 206 2641 1811 2721">
     <span class='ocr_line' id='line_1_29' title="bbox 206 2641 1811 2721; baseline -0.002 -19"><span class='ocrx_word' id='word_1_201' title='bbox 206 2645 350 2703; x_wconf 80' lang='grc' dir='ltr'>στοῦ</span> <span class='ocrx_word' id='word_1_202' title='bbox 371 2646 791 2721; x_wconf 69' lang='grc' dir='ltr'>διατηρῄσωσιν.</span> <span class='ocrx_word' id='word_1_203' title='bbox 839 2646 1213 2719; x_wconf 85' lang='grc' dir='ltr'>Ἐπικουρεῖτε</span> <span class='ocrx_word' id='word_1_204' title='bbox 1244 2641 1340 2700; x_wconf 81' lang='grc' dir='ltr'>οὖν</span> <span class='ocrx_word' id='word_1_205' title='bbox 1371 2646 1555 2710; x_wconf 77' lang='grc' dir='ltr'>αὐτοῖς</span> <span class='ocrx_word' id='word_1_206' title='bbox 1572 2644 1643 2700; x_wconf 89' lang='grc' dir='ltr'><strong>τά</strong></span> <span class='ocrx_word' id='word_1_207' title='bbox 1670 2646 1811 2721; x_wconf 81' lang='grc' dir='ltr'>πρὸς</span> 
     </span>
    </p>
   </div>
   <div class='ocr_carea' id='block_1_30' title="bbox 202 2739 1388 2815">
    <p class='ocr_par' dir='ltr' id='par_1_30' title="bbox 202 2739 1388 2815">
     <span class='ocr_line' id='line_1_30' title="bbox 202 2739 1388 2815; baseline 0.001 -22"><span class='ocrx_word' id='word_1_208' title='bbox 202 2740 428 2815; x_wconf 81' lang='grc' dir='ltr'>χρείαν,</span> <span class='ocrx_word' id='word_1_209' title='bbox 454 2742 683 2814; x_wconf 69' lang='grc' dir='ltr'><strong>⁴ἐντολὴν</strong></span> <span class='ocrx_word' id='word_1_210' title='bbox 712 2740 998 2815; x_wconf 85' lang='grc' dir='ltr'>Κυριακὴν</span> <span class='ocrx_word' id='word_1_211' title='bbox 1032 2739 1388 2813; x_wconf 80' lang='grc' dir='ltr'>πληροῦντες.</span> 
     </span>
    </p>
   </div>
   <div class='ocr_carea' id='block_1_31' title="bbox 713 2946 1308 3014">
    <p class='ocr_par' dir='ltr' id='par_1_31' title="bbox 713 2946 1308 3014">
     <span class='ocr_line' id='line_1_31' title="bbox 713 2946 1308 3014; baseline -0.003 -12"><span class='ocrx_word' id='word_1_212' title='bbox 713 2946 1114 3002; x_wconf 55' lang='lat' dir='ltr'><strong>meum:</strong></span> <span class='ocrx_word' id='word_1_213' title='bbox 1151 2946 1308 3014; x_wconf 64' lang='grc' dir='ltr'>Μετ’.</span> 
     </span>
    </p>
   </div>
   <div class='ocr_carea' id='block_1_32' title="bbox 206 3036 1807 3108">
    <p class='ocr_par' dir='ltr' id='par_1_32' title="bbox 206 3036 1807 3108">
     <span class='ocr_line' id='line_1_32' title="bbox 206 3036 1807 3108; baseline -0.001 -15"><span class='ocrx_word' id='word_1_214' title='bbox 206 3038 358 3093; x_wconf 75' lang='grc' dir='ltr'>Ὀτι</span> <span class='ocrx_word' id='word_1_215' title='bbox 380 3038 641 3106; x_wconf 73' lang='grc' dir='ltr'>ἕκαστος</span> <span class='ocrx_word' id='word_1_216' title='bbox 664 3039 736 3093; x_wconf 80' lang='grc' dir='ltr'><em>ἐν</em></span> <span class='ocrx_word' id='word_1_217' title='bbox 775 3038 824 3105; x_wconf 83' lang='grc' dir='ltr'><strong><em>ᾧ</em></strong></span> <span class='ocrx_word' id='word_1_218' title='bbox 855 3038 1075 3108; x_wconf 78' lang='grc' dir='ltr'><strong>ἐτάχθη</strong></span> <span class='ocrx_word' id='word_1_219' title='bbox 1110 3037 1345 3106; x_wconf 73' lang='grc' dir='ltr'><strong>κλήρῳ,</strong></span> <span class='ocrx_word' id='word_1_220' title='bbox 1376 3037 1605 3107; x_wconf 70' lang='grc' dir='ltr'>ὀφείλει</span> <span class='ocrx_word' id='word_1_221' title='bbox 1629 3036 1807 3108; x_wconf 80' lang='grc' dir='ltr'>ἐμμέ-</span> 
     </span>
    </p>
   </div>
   <div class='ocr_carea' id='block_1_33' title="bbox 285 3108 1809 3181">
    <p class='ocr_par' dir='ltr' id='par_1_33' title="bbox 285 3108 1809 3181">
     <span class='ocr_line' id='line_1_33' title="bbox 285 3108 1809 3181; baseline -0.001 -18"><span class='ocrx_word' id='word_1_222' title='bbox 285 3125 443 3181; x_wconf 79' lang='grc' dir='ltr'>νειν,</span> <span class='ocrx_word' id='word_1_223' title='bbox 462 3110 563 3181; x_wconf 61' lang='grc' dir='ltr'><strong>καὶ</strong></span> <span class='ocrx_word' id='word_1_224' title='bbox 588 3108 918 3181; x_wconf 73' lang='grc' dir='ltr'>φυλάττειν</span> <span class='ocrx_word' id='word_1_225' title='bbox 944 3109 1059 3173; x_wconf 78' lang='grc' dir='ltr'>τὴν</span> <span class='ocrx_word' id='word_1_226' title='bbox 1086 3108 1278 3181; x_wconf 78' lang='grc' dir='ltr'>τᾴξιν,</span> <span class='ocrx_word' id='word_1_227' title='bbox 1311 3109 1473 3165; x_wconf 74' lang='grc' dir='ltr'><strong>ἀλλὰ</strong></span> <span class='ocrx_word' id='word_1_228' title='bbox 1498 3108 1585 3179; x_wconf 79' lang='grc' dir='ltr'>μὴ</span> <span class='ocrx_word' id='word_1_229' title='bbox 1615 3108 1809 3177; x_wconf 77' lang='grc' dir='ltr'>ἐαυτῷ</span> 
     </span>
    </p>
   </div>
   <div class='ocr_carea' id='block_1_34' title="bbox 286 3178 1273 3253">
    <p class='ocr_par' dir='ltr' id='par_1_34' title="bbox 286 3178 1273 3253">
     <span class='ocr_line' id='line_1_34' title="bbox 286 3178 1273 3253; baseline -0.002 -16"><span class='ocrx_word' id='word_1_230' title='bbox 286 3178 569 3249; x_wconf 60' lang='grc' dir='ltr'>ἁρπάζειν</span> <span class='ocrx_word' id='word_1_231' title='bbox 591 3178 666 3235; x_wconf 69' lang='grc' dir='ltr'>τὰ</span> <span class='ocrx_word' id='word_1_232' title='bbox 688 3180 776 3251; x_wconf 81' lang='grc' dir='ltr'>μὴ</span> <span class='ocrx_word' id='word_1_233' title='bbox 807 3179 1273 3253; x_wconf 48' lang='grc' dir='ltr'>ὴχειρισθέντα.</span> 
     </span>
    </p>
   </div>
   <div class='ocr_carea' id='block_1_35' title="bbox 299 3293 1810 3370">
    <p class='ocr_par' dir='ltr' id='par_1_35' title="bbox 299 3293 1810 3370">
     <span class='ocr_line' id='line_1_35' title="bbox 299 3293 1810 3370; baseline -0.001 -21"><span class='ocrx_word' id='word_1_234' title='bbox 299 3296 508 3350; x_wconf 83' lang='grc' dir='ltr'>Ἐκεῖνο</span> <span class='ocrx_word' id='word_1_235' title='bbox 535 3296 593 3350; x_wconf 76' lang='grc' dir='ltr'><strong>δὲ</strong></span> <span class='ocrx_word' id='word_1_236' title='bbox 616 3299 771 3370; x_wconf 77' lang='grc' dir='ltr'>κοινῇ</span> <span class='ocrx_word' id='word_1_237' title='bbox 795 3296 997 3361; x_wconf 84' lang='grc' dir='ltr'>πάντες</span> <span class='ocrx_word' id='word_1_238' title='bbox 1028 3295 1138 3368; x_wconf 75' lang='grc'>(84)</span> <span class='ocrx_word' id='word_1_239' title='bbox 1172 3294 1649 3367; x_wconf 78' lang='grc' dir='ltr'>παραγγέλλομεν,</span> <span class='ocrx_word' id='word_1_240' title='bbox 1678 3293 1810 3350; x_wconf 71' lang='grc' dir='ltr'><strong>ἔκα-</strong></span> 
     </span>
    </p>
   </div>
   <div class='ocr_carea' id='block_1_36' title="bbox 204 3386 1811 3461">
    <p class='ocr_par' dir='ltr' id='par_1_36' title="bbox 204 3386 1811 3461">
     <span class='ocr_line' id='line_1_36' title="bbox 204 3386 1811 3461; baseline 0.001 -19"><span class='ocrx_word' id='word_1_241' title='bbox 204 3405 342 3442; x_wconf 80' lang='grc' dir='ltr'>στον</span> <span class='ocrx_word' id='word_1_242' title='bbox 375 3388 485 3460; x_wconf 84' lang='grc'>(85)</span> <span class='ocrx_word' id='word_1_243' title='bbox 518 3389 776 3461; x_wconf 72' lang='grc' dir='ltr'>ἐμμένειν</span> <span class='ocrx_word' id='word_1_244' title='bbox 811 3388 963 3456; x_wconf 79' lang='grc' dir='ltr'>τάξει</span> <span class='ocrx_word' id='word_1_245' title='bbox 1000 3391 1069 3461; x_wconf 78' lang='grc' dir='ltr'>τῇ</span> <span class='ocrx_word' id='word_1_246' title='bbox 1086 3388 1301 3460; x_wconf 81' lang='grc' dir='ltr'>δοθείσῃ</span> <span class='ocrx_word' id='word_1_247' title='bbox 1351 3387 1499 3459; x_wconf 77' lang='grc' dir='ltr'><strong>αὑτῷ</strong></span> <span class='ocrx_word' id='word_1_248' title='bbox 1520 3426 1535 3451; x_wconf 96' lang='grc'><strong>,</strong></span> <span class='ocrx_word' id='word_1_249' title='bbox 1579 3386 1695 3443; x_wconf 74' lang='grc' dir='ltr'>καὶ,</span> <span class='ocrx_word' id='word_1_250' title='bbox 1731 3389 1811 3460; x_wconf 81' lang='grc' dir='ltr'>μὴ</span> 
     </span>
    </p>
   </div>
   <div class='ocr_carea' id='block_1_37' title="bbox 202 3479 1810 3553">
    <p class='ocr_par' dir='ltr' id='par_1_37' title="bbox 202 3479 1810 3553">
     <span class='ocr_line' id='line_1_37' title="bbox 202 3479 1810 3553; baseline -0.001 -18"><span class='ocrx_word' id='word_1_251' title='bbox 202 3479 563 3552; x_wconf 77' lang='grc' dir='ltr'>ὑπερϐαίνειν</span> <span class='ocrx_word' id='word_1_252' title='bbox 592 3481 720 3544; x_wconf 79' lang='grc' dir='ltr'>τοὺς</span> <span class='ocrx_word' id='word_1_253' title='bbox 749 3481 938 3553; x_wconf 80' lang='grc' dir='ltr'>ὄρους’</span> <span class='ocrx_word' id='word_1_254' title='bbox 967 3481 1029 3534; x_wconf 81' lang='grc' dir='ltr'>οὐ</span> <span class='ocrx_word' id='word_1_255' title='bbox 1058 3481 1167 3553; x_wconf 86' lang='grc' dir='ltr'><strong>γάρ</strong></span> <span class='ocrx_word' id='word_1_256' title='bbox 1196 3482 1334 3534; x_wconf 79' lang='grc' dir='ltr'>εἰσιν</span> <span class='ocrx_word' id='word_1_257' title='bbox 1368 3479 1647 3552; x_wconf 74' lang='grc' dir='ltr'>ἡμέτεροι,</span> <span class='ocrx_word' id='word_1_258' title='bbox 1671 3479 1810 3535; x_wconf 86' lang='grc' dir='ltr'><strong>ἀλλά</strong></span> 
     </span>
    </p>
   </div>
   <div class='ocr_carea' id='block_1_38' title="bbox 200 3572 1806 3647">
    <p class='ocr_par' dir='ltr' id='par_1_38' title="bbox 200 3572 1806 3647">
     <span class='ocr_line' id='line_1_38' title="bbox 200 3572 1806 3647; baseline -0.002 -19"><span class='ocrx_word' id='word_1_259' title='bbox 200 3574 307 3628; x_wconf 82' lang='grc' dir='ltr'><strong>τοῦ</strong></span> <span class='ocrx_word' id='word_1_260' title='bbox 330 3573 486 3628; x_wconf 82' lang='grc' dir='ltr'>Θεοῦ.</span> <span class='ocrx_word' id='word_1_261' title='bbox 524 3593 543 3627; x_wconf 78' lang='grc' dir='ltr'><strong>ι</strong></span> <span class='ocrx_word' id='word_1_262' title='bbox 592 3574 650 3631; x_wconf 87' lang='lat'><strong>&#39;0</strong></span> <span class='ocrx_word' id='word_1_263' title='bbox 674 3573 829 3645; x_wconf 76' lang='grc' dir='ltr'>ὑμῶν</span> <span class='ocrx_word' id='word_1_264' title='bbox 873 3573 1006 3647; x_wconf 78' lang='grc' dir='ltr'>γὰρ,</span> <span class='ocrx_word' id='word_1_265' title='bbox 1040 3574 1203 3644; x_wconf 76' lang='grc' dir='ltr'>φησὶν</span> <span class='ocrx_word' id='word_1_266' title='bbox 1226 3575 1255 3627; x_wconf 98' lang='lat'><strong>6</strong></span> <span class='ocrx_word' id='word_1_267' title='bbox 1293 3574 1519 3646; x_wconf 85' lang='grc' dir='ltr'>Κύριος,</span> <span class='ocrx_word' id='word_1_268' title='bbox 1553 3572 1766 3626; x_wconf 85' lang='grc' dir='ltr'>ἀκούων</span> <span class='ocrx_word' id='word_1_269' title='bbox 1789 3611 1806 3638; x_wconf 94' lang='grc'><strong>,</strong></span> 
     </span>
    </p>
   </div>
   <div class='ocr_carea' id='block_1_39' title="bbox 203 3664 1808 3739">
    <p class='ocr_par' dir='ltr' id='par_1_39' title="bbox 203 3664 1808 3739">
     <span class='ocr_line' id='line_1_39' title="bbox 203 3664 1808 3739; baseline -0.001 -18"><span class='ocrx_word' id='word_1_270' title='bbox 203 3667 352 3739; x_wconf 75' lang='grc' dir='ltr'>ἐμοῦ</span> <span class='ocrx_word' id='word_1_271' title='bbox 398 3667 615 3722; x_wconf 82' lang='grc' dir='ltr'>ἀκούει·</span> <span class='ocrx_word' id='word_1_272' title='bbox 647 3668 742 3721; x_wconf 72' lang='grc' dir='ltr'><strong>καὶ</strong></span> <span class='ocrx_word' id='word_1_273' title='bbox 774 3669 804 3721; x_wconf 94' lang='lat'><strong>6</strong></span> <span class='ocrx_word' id='word_1_274' title='bbox 834 3667 970 3738; x_wconf 74' lang='grc' dir='ltr'>ἐμοῦ</span> <span class='ocrx_word' id='word_1_275' title='bbox 1018 3666 1253 3730; x_wconf 81' lang='grc' dir='ltr'>ἀκούων,</span> <span class='ocrx_word' id='word_1_276' title='bbox 1310 3666 1499 3720; x_wconf 79' lang='grc' dir='ltr'>ἀκούει</span> <span class='ocrx_word' id='word_1_277' title='bbox 1534 3664 1629 3719; x_wconf 89' lang='grc' dir='ltr'><strong>τοῦ</strong></span> <span class='ocrx_word' id='word_1_278' title='bbox 1669 3666 1808 3719; x_wconf 87' lang='grc' dir='ltr'>ἀπο-</span> 
     </span>
    </p>
   </div>
   <div class='ocr_carea' id='block_1_40' title="bbox 207 3759 1807 3831">
    <p class='ocr_par' dir='ltr' id='par_1_40' title="bbox 207 3759 1807 3831">
     <span class='ocr_line' id='line_1_40' title="bbox 207 3759 1807 3831; baseline -0.001 -17"><span class='ocrx_word' id='word_1_279' title='bbox 207 3760 526 3824; x_wconf 74' lang='grc' dir='ltr'>στείλαντος</span> <span class='ocrx_word' id='word_1_280' title='bbox 554 3778 622 3831; x_wconf 89' lang='grc' dir='ltr'><strong>με</strong></span> <span class='ocrx_word' id='word_1_281' title='bbox 644 3776 658 3792; x_wconf 76' lang='grc'><strong><em>⁸</em></strong></span> <span class='ocrx_word' id='word_1_282' title='bbox 693 3760 789 3815; x_wconf 74' lang='grc' dir='ltr'><strong>καὶ</strong></span> <span class='ocrx_word' id='word_1_283' title='bbox 817 3762 847 3815; x_wconf 89' lang='lat'><strong>6</strong></span> <span class='ocrx_word' id='word_1_284' title='bbox 885 3762 1029 3831; x_wconf 82' lang='grc' dir='ltr'>ὑμᾶς</span> <span class='ocrx_word' id='word_1_285' title='bbox 1051 3759 1281 3827; x_wconf 81' lang='grc' dir='ltr'>ἀθετῶν,</span> <span class='ocrx_word' id='word_1_286' title='bbox 1312 3760 1413 3831; x_wconf 76' lang='grc' dir='ltr'><strong>ἐμὲ</strong></span> <span class='ocrx_word' id='word_1_287' title='bbox 1446 3759 1631 3814; x_wconf 83' lang='grc' dir='ltr'>ἀθετεῖ</span> <span class='ocrx_word' id='word_1_288' title='bbox 1653 3777 1665 3790; x_wconf 83' lang='grc'><em>’</em></span> <span class='ocrx_word' id='word_1_289' title='bbox 1695 3763 1723 3814; x_wconf 95' lang='lat'><strong>6</strong></span> <span class='ocrx_word' id='word_1_290' title='bbox 1748 3759 1807 3813; x_wconf 81' lang='grc' dir='ltr'><strong>δὲ</strong></span> 
     </span>
    </p>
   </div>
   <div class='ocr_carea' id='block_1_41' title="bbox 205 3850 1807 3924">
    <p class='ocr_par' dir='ltr' id='par_1_41' title="bbox 205 3850 1807 3924">
     <span class='ocr_line' id='line_1_41' title="bbox 205 3850 1807 3924; baseline -0.001 -18"><span class='ocrx_word' id='word_1_291' title='bbox 205 3852 315 3924; x_wconf 72' lang='grc' dir='ltr'><strong>ἐμὲ</strong></span> <span class='ocrx_word' id='word_1_292' title='bbox 371 3850 601 3915; x_wconf 82' lang='grc' dir='ltr'>ἀθετῶν,</span> <span class='ocrx_word' id='word_1_293' title='bbox 649 3852 833 3907; x_wconf 83' lang='grc' dir='ltr'>ἀθετεῖ</span> <span class='ocrx_word' id='word_1_294' title='bbox 855 3852 947 3906; x_wconf 83' lang='grc' dir='ltr'>τὸν</span> <span class='ocrx_word' id='word_1_295' title='bbox 983 3852 1383 3908; x_wconf 86' lang='grc' dir='ltr'>ἀποστείλαντά</span> <span class='ocrx_word' id='word_1_296' title='bbox 1424 3870 1512 3924; x_wconf 90' lang='grc' dir='ltr'>με.</span> <span class='ocrx_word' id='word_1_297' title='bbox 1545 3871 1563 3904; x_wconf 74' lang='grc' dir='ltr'><strong>ι</strong></span> <span class='ocrx_word' id='word_1_298' title='bbox 1593 3852 1657 3906; x_wconf 79' lang='lat' dir='ltr'><strong>Et</strong></span> <span class='ocrx_word' id='word_1_299' title='bbox 1696 3851 1807 3923; x_wconf 83' lang='grc' dir='ltr'>γὰρ</span> 
     </span>
    </p>
   </div>
   <div class='ocr_carea' id='block_1_42' title="bbox 201 3940 1807 4016">
    <p class='ocr_par' dir='ltr' id='par_1_42' title="bbox 201 3940 1807 4016">
     <span class='ocr_line' id='line_1_42' title="bbox 201 3940 1807 4016; baseline 0.001 -17"><span class='ocrx_word' id='word_1_300' title='bbox 201 3944 491 4015; x_wconf 65' lang='grc' dir='ltr'>τὰᾶψυχα</span> <span class='ocrx_word' id='word_1_301' title='bbox 538 3945 828 4016; x_wconf 84' lang='grc' dir='ltr'>γενόμενα,</span> <span class='ocrx_word' id='word_1_302' title='bbox 883 3945 982 4016; x_wconf 81' lang='grc' dir='ltr'>τὴν</span> <span class='ocrx_word' id='word_1_303' title='bbox 1039 3945 1294 4010; x_wconf 80' lang='grc' dir='ltr'>εὐταξίαν</span> <span class='ocrx_word' id='word_1_304' title='bbox 1346 3944 1662 4010; x_wconf 78' lang='grc' dir='ltr'>ἀποσώζει·</span> <span class='ocrx_word' id='word_1_305' title='bbox 1695 3940 1807 4001; x_wconf 74' lang='grc' dir='ltr'>οἷον</span> 
     </span>
    </p>
   </div>
   <div class='ocr_carea' id='block_1_43' title="bbox 204 4036 1807 4113">
    <p class='ocr_par' dir='ltr' id='par_1_43' title="bbox 204 4036 1807 4113">
     <span class='ocr_line' id='line_1_43' title="bbox 204 4036 1807 4113; baseline 0.003 -24"><span class='ocrx_word' id='word_1_306' title='bbox 204 4036 333 4100; x_wconf 74' lang='grc' dir='ltr'>νὺξ,</span> <span class='ocrx_word' id='word_1_307' title='bbox 365 4036 571 4108; x_wconf 79' lang='grc' dir='ltr'>ἡμέρα,</span> <span class='ocrx_word' id='word_1_308' title='bbox 604 4037 757 4107; x_wconf 73' lang='grc' dir='ltr'>ἥλιος</span> <span class='ocrx_word' id='word_1_309' title='bbox 786 4036 919 4110; x_wconf 86' lang='grc'>(86),</span> <span class='ocrx_word' id='word_1_310' title='bbox 950 4037 1376 4110; x_wconf 81' lang='grc' dir='ltr'>σελήνη,ἄστρα,</span> <span class='ocrx_word' id='word_1_311' title='bbox 1409 4044 1807 4113; x_wconf 84' lang='grc' dir='ltr'>στοιχεῖα,τρο-</span> 
     </span>
    </p>
   </div>
   <div class='ocr_carea' id='block_1_44' title="bbox 206 4127 1806 4203">
    <p class='ocr_par' dir='ltr' id='par_1_44' title="bbox 206 4127 1806 4203">
     <span class='ocr_line' id='line_1_44' title="bbox 206 4127 1806 4203; baseline 0.003 -18"><span class='ocrx_word' id='word_1_312' title='bbox 206 4128 338 4189; x_wconf 73' lang='grc' dir='ltr'>παὶ,</span> <span class='ocrx_word' id='word_1_313' title='bbox 373 4131 559 4203; x_wconf 77' lang='grc' dir='ltr'>μῆνες,</span> <span class='ocrx_word' id='word_1_314' title='bbox 592 4129 919 4201; x_wconf 65' lang='grc' dir='ltr'>ἑϐδομάδεςξ,</span> <span class='ocrx_word' id='word_1_315' title='bbox 951 4130 1155 4202; x_wconf 79' lang='grc' dir='ltr'>ἡμέραι</span> <span class='ocrx_word' id='word_1_316' title='bbox 1175 4171 1191 4197; x_wconf 93' lang='grc'><strong>,</strong></span> <span class='ocrx_word' id='word_1_317' title='bbox 1226 4127 1388 4203; x_wconf 82' lang='grc' dir='ltr'>ὧραι,</span> <span class='ocrx_word' id='word_1_318' title='bbox 1434 4134 1530 4186; x_wconf 72' lang='grc' dir='ltr'><strong>καὶ</strong></span> <span class='ocrx_word' id='word_1_319' title='bbox 1562 4133 1806 4189; x_wconf 81' lang='grc' dir='ltr'>δουλεύει</span> 
     </span>
    </p>
   </div>
   <div class='ocr_carea' id='block_1_45' title="bbox 200 4223 1807 4297">
    <p class='ocr_par' dir='ltr' id='par_1_45' title="bbox 200 4223 1807 4297">
     <span class='ocr_line' id='line_1_45' title="bbox 200 4223 1807 4297; baseline 0.002 -20"><span class='ocrx_word' id='word_1_320' title='bbox 200 4226 280 4296; x_wconf 74' lang='grc' dir='ltr'>τῇ</span> <span class='ocrx_word' id='word_1_321' title='bbox 317 4223 719 4295; x_wconf 82' lang='grc' dir='ltr'>διατυπωθείσῃ</span> <span class='ocrx_word' id='word_1_322' title='bbox 757 4223 957 4295; x_wconf 82' lang='grc' dir='ltr'>χρείᾳ,</span> <span class='ocrx_word' id='word_1_323' title='bbox 991 4224 1134 4280; x_wconf 87' lang='grc' dir='ltr'>κατά</span> <span class='ocrx_word' id='word_1_324' title='bbox 1170 4223 1234 4277; x_wconf 84' lang='grc' dir='ltr'>τὸ</span> <span class='ocrx_word' id='word_1_325' title='bbox 1277 4226 1571 4297; x_wconf 77' lang='grc' dir='ltr'>εἰρημένον</span> <span class='ocrx_word' id='word_1_326' title='bbox 1594 4243 1607 4257; x_wconf 89' lang='grc'><strong>·</strong></span> <span class='ocrx_word' id='word_1_327' title='bbox 1647 4244 1665 4278; x_wconf 81' lang='grc' dir='ltr'><strong>ι</strong></span> <span class='ocrx_word' id='word_1_328' title='bbox 1710 4226 1807 4281; x_wconf 86' lang='grc' dir='ltr'><strong>’Ό-</strong></span> 
     </span>
    </p>
   </div>
   <div class='ocr_carea' id='block_1_46' title="bbox 210 4315 1807 4390">
    <p class='ocr_par' dir='ltr' id='par_1_46' title="bbox 210 4315 1807 4390">
     <span class='ocr_line' id='line_1_46' title="bbox 210 4315 1807 4390; baseline 0.001 -20"><span class='ocrx_word' id='word_1_329' title='bbox 210 4332 330 4389; x_wconf 87' lang='grc' dir='ltr'>ριον</span> <span class='ocrx_word' id='word_1_330' title='bbox 374 4316 518 4381; x_wconf 78' lang='grc' dir='ltr'>ἔθου,</span> <span class='ocrx_word' id='word_1_331' title='bbox 562 4315 592 4370; x_wconf 87' lang='lat'><strong>6</strong></span> <span class='ocrx_word' id='word_1_332' title='bbox 646 4317 710 4370; x_wconf 76' lang='grc' dir='ltr'>οὐ</span> <span class='ocrx_word' id='word_1_333' title='bbox 747 4315 1204 4388; x_wconf 66' lang='grc' dir='ltr'>παρελεύσονταν</span> <span class='ocrx_word' id='word_1_334' title='bbox 1248 4336 1267 4370; x_wconf 71' lang='grc' dir='ltr'><strong>ι</strong></span> <span class='ocrx_word' id='word_1_335' title='bbox 1314 4319 1410 4372; x_wconf 78' lang='grc' dir='ltr'><strong>καὶ</strong></span> <span class='ocrx_word' id='word_1_336' title='bbox 1456 4318 1641 4386; x_wconf 82' lang='grc' dir='ltr'>πάλιν,</span> <span class='ocrx_word' id='word_1_337' title='bbox 1674 4318 1807 4390; x_wconf 60' lang='grc' dir='ltr'><strong>περὶ⁵</strong></span> 
     </span>
    </p>
   </div>
   <div class='ocr_carea' id='block_1_47' title="bbox 1923 477 3514 562">
    <p class='ocr_par' dir='ltr' id='par_1_47' title="bbox 1923 477 3514 562">
     <span class='ocr_line' id='line_1_47' title="bbox 1923 477 3514 562; baseline 0.009 -29"><span class='ocrx_word' id='word_1_338' title='bbox 1923 477 2039 535; x_wconf 85' lang='lat' dir='ltr'><strong>Hoc</strong></span> <span class='ocrx_word' id='word_1_339' title='bbox 2070 488 2253 537; x_wconf 89' lang='lat' dir='ltr'><strong>autem</strong></span> <span class='ocrx_word' id='word_1_340' title='bbox 2287 478 2546 545; x_wconf 89' lang='lat' dir='ltr'><strong>dicimus,</strong></span> <span class='ocrx_word' id='word_1_341' title='bbox 2580 496 2692 538; x_wconf 89' lang='lat' dir='ltr'><strong>non</strong></span> <span class='ocrx_word' id='word_1_342' title='bbox 2722 491 2781 538; x_wconf 88' lang='lat' dir='ltr'><strong>ut</strong></span> <span class='ocrx_word' id='word_1_343' title='bbox 2817 483 3010 540; x_wconf 88' lang='lat' dir='ltr'><strong>vinum</strong></span> <span class='ocrx_word' id='word_1_344' title='bbox 3039 503 3388 562; x_wconf 79' lang='lat' dir='ltr'><strong>nequaquam</strong></span> <span class='ocrx_word' id='word_1_345' title='bbox 3424 495 3514 551; x_wconf 83' lang='lat' dir='ltr'><strong>bi-</strong></span> 
     </span>
    </p>
   </div>
   <div class='ocr_carea' id='block_1_48' title="bbox 1921 571 3510 657">
    <p class='ocr_par' dir='ltr' id='par_1_48' title="bbox 1921 571 3510 657">
     <span class='ocr_line' id='line_1_48' title="bbox 1921 571 3510 657; baseline 0.011 -30"><span class='ocrx_word' id='word_1_346' title='bbox 1921 571 2085 640; x_wconf 89' lang='lat' dir='ltr'><strong>bant;</strong></span> <span class='ocrx_word' id='word_1_347' title='bbox 2108 588 2174 630; x_wconf 91' lang='lat' dir='ltr'><strong>eo</strong></span> <span class='ocrx_word' id='word_1_348' title='bbox 2211 573 2359 629; x_wconf 90' lang='lat' dir='ltr'><strong>enim</strong></span> <span class='ocrx_word' id='word_1_349' title='bbox 2402 574 2569 630; x_wconf 90' lang='lat' dir='ltr'><strong>modo</strong></span> <span class='ocrx_word' id='word_1_350' title='bbox 2597 578 2929 633; x_wconf 82' lang='lat' dir='ltr'><strong>contumelia</strong></span> <span class='ocrx_word' id='word_1_351' title='bbox 2959 578 3237 637; x_wconf 67' lang='lat' dir='ltr'><strong>adicerent</strong></span> <span class='ocrx_word' id='word_1_352' title='bbox 3278 585 3331 640; x_wconf 87' lang='lat' dir='ltr'><strong>id</strong></span> <span class='ocrx_word' id='word_1_353' title='bbox 3358 587 3510 657; x_wconf 82' lang='lat' dir='ltr'><strong>quod</strong></span> 
     </span>
    </p>
   </div>
   <div class='ocr_carea' id='block_1_49' title="bbox 1923 666 3506 738">
    <p class='ocr_par' dir='ltr' id='par_1_49' title="bbox 1923 666 3506 738">
     <span class='ocr_line' id='line_1_49' title="bbox 1923 666 3506 738; baseline 0.009 -16"><span class='ocrx_word' id='word_1_354' title='bbox 1923 682 1953 722; x_wconf 89' lang='lat' dir='ltr'><strong>a</strong></span> <span class='ocrx_word' id='word_1_355' title='bbox 1971 666 2082 724; x_wconf 88' lang='lat' dir='ltr'><strong>Deo</strong></span> <span class='ocrx_word' id='word_1_356' title='bbox 2099 667 2301 724; x_wconf 83' lang='lat' dir='ltr'><strong>factum</strong></span> <span class='ocrx_word' id='word_1_357' title='bbox 2314 674 2400 725; x_wconf 89' lang='lat' dir='ltr'><strong>est</strong></span> <span class='ocrx_word' id='word_1_358' title='bbox 2421 667 2488 723; x_wconf 90' lang='lat' dir='ltr'><strong>ad</strong></span> <span class='ocrx_word' id='word_1_359' title='bbox 2516 668 2760 725; x_wconf 71' lang='lat' dir='ltr'><strong>laztitiam</strong></span> <span class='ocrx_word' id='word_1_360' title='bbox 2782 687 2797 738; x_wconf 87' lang='grc'>;</span> <span class='ocrx_word' id='word_1_361' title='bbox 2813 671 2911 728; x_wconf 89' lang='lat' dir='ltr'><strong>sed</strong></span> <span class='ocrx_word' id='word_1_362' title='bbox 2930 680 2991 727; x_wconf 92' lang='lat' dir='ltr'><strong>ut</strong></span> <span class='ocrx_word' id='word_1_363' title='bbox 3013 688 3126 729; x_wconf 89' lang='lat' dir='ltr'><strong>non</strong></span> <span class='ocrx_word' id='word_1_364' title='bbox 3143 675 3506 737; x_wconf 86' lang='lat' dir='ltr'><strong>lnebrientur.</strong></span> 
     </span>
    </p>
   </div>
   <div class='ocr_carea' id='block_1_50' title="bbox 1922 760 3511 834">
    <p class='ocr_par' dir='ltr' id='par_1_50' title="bbox 1922 760 3511 834">
     <span class='ocr_line' id='line_1_50' title="bbox 1922 760 3511 834; baseline 0.008 -19"><span class='ocrx_word' id='word_1_365' title='bbox 1922 760 2211 832; x_wconf 87' lang='lat' dir='ltr'><strong>Siquidem</strong></span> <span class='ocrx_word' id='word_1_366' title='bbox 2266 777 2379 816; x_wconf 89' lang='lat' dir='ltr'><strong>non</strong></span> <span class='ocrx_word' id='word_1_367' title='bbox 2427 761 2569 818; x_wconf 85' lang='lat' dir='ltr'><strong>dixit</strong></span> <span class='ocrx_word' id='word_1_368' title='bbox 2588 761 2899 834; x_wconf 79' lang='lat' dir='ltr'><strong>Scriptura,</strong></span> <span class='ocrx_word' id='word_1_369' title='bbox 2946 766 3137 823; x_wconf 78' lang='lat' dir='ltr'><strong>vinum</strong></span> <span class='ocrx_word' id='word_1_370' title='bbox 3178 784 3288 825; x_wconf 88' lang='lat' dir='ltr'><strong>non</strong></span> <span class='ocrx_word' id='word_1_371' title='bbox 3316 770 3511 828; x_wconf 86' lang='lat' dir='ltr'><strong>biben-</strong></span> 
     </span>
    </p>
   </div>
   <div class='ocr_carea' id='block_1_51' title="bbox 1921 852 3511 927">
    <p class='ocr_par' dir='ltr' id='par_1_51' title="bbox 1921 852 3511 927">
     <span class='ocr_line' id='line_1_51' title="bbox 1921 852 3511 927; baseline 0.006 -18"><span class='ocrx_word' id='word_1_372' title='bbox 1921 852 2087 923; x_wconf 88' lang='lat' dir='ltr'><strong>dum;</strong></span> <span class='ocrx_word' id='word_1_373' title='bbox 2120 853 2219 911; x_wconf 88' lang='lat' dir='ltr'><strong>sed</strong></span> <span class='ocrx_word' id='word_1_374' title='bbox 2256 853 2391 927; x_wconf 90' lang='lat' dir='ltr'><strong>quid</strong></span> <span class='ocrx_word' id='word_1_375' title='bbox 2441 854 2564 911; x_wconf 72' lang='lat' dir='ltr'><strong>ait?</strong></span> <span class='ocrx_word' id='word_1_376' title='bbox 2591 873 2612 909; x_wconf 82' lang='grc' dir='ltr'><strong>ι</strong></span> <span class='ocrx_word' id='word_1_377' title='bbox 2649 854 2729 911; x_wconf 85' lang='lat' dir='ltr'><strong>Ne</strong></span> <span class='ocrx_word' id='word_1_378' title='bbox 2759 855 2887 913; x_wconf 82' lang='lat' dir='ltr'><strong>bibe</strong></span> <span class='ocrx_word' id='word_1_379' title='bbox 2935 858 3125 914; x_wconf 88' lang='lat' dir='ltr'><strong>vinum</strong></span> <span class='ocrx_word' id='word_1_380' title='bbox 3162 861 3231 917; x_wconf 91' lang='lat' dir='ltr'><strong>ad</strong></span> <span class='ocrx_word' id='word_1_381' title='bbox 3269 862 3511 920; x_wconf 83' lang='lat' dir='ltr'><strong>ebrieta-</strong></span> 
     </span>
    </p>
   </div>
   <div class='ocr_carea' id='block_1_52' title="bbox 1921 944 3509 1020">
    <p class='ocr_par' dir='ltr' id='par_1_52' title="bbox 1921 944 3509 1020">
     <span class='ocr_line' id='line_1_52' title="bbox 1921 944 3509 1020; baseline 0.008 -20"><span class='ocrx_word' id='word_1_382' title='bbox 1921 945 2114 1013; x_wconf 78' lang='lat' dir='ltr'><strong>tem“,</strong></span> <span class='ocrx_word' id='word_1_383' title='bbox 2137 965 2159 999; x_wconf 72' lang='grc' dir='ltr'><strong>ι</strong></span> <span class='ocrx_word' id='word_1_384' title='bbox 2186 953 2243 1002; x_wconf 90' lang='lat' dir='ltr'><strong>et</strong></span> <span class='ocrx_word' id='word_1_385' title='bbox 2268 947 2471 1003; x_wconf 79' lang='lat' dir='ltr'><strong>iterum</strong></span> <span class='ocrx_word' id='word_1_386' title='bbox 2501 966 2517 1003; x_wconf 91' lang='lat'><strong>:</strong></span> <span class='ocrx_word' id='word_1_387' title='bbox 2554 966 2575 1001; x_wconf 79' lang='grc' dir='ltr'><strong>ι</strong></span> <span class='ocrx_word' id='word_1_388' title='bbox 2598 944 2784 1020; x_wconf 73' lang='grc' dir='ltr'>ερὶιιιε</span> <span class='ocrx_word' id='word_1_389' title='bbox 2819 959 3127 1007; x_wconf 89' lang='lat' dir='ltr'><strong>nascuntur</strong></span> <span class='ocrx_word' id='word_1_390' title='bbox 3153 953 3210 1008; x_wconf 91' lang='lat' dir='ltr'><strong>in</strong></span> <span class='ocrx_word' id='word_1_391' title='bbox 3233 969 3399 1009; x_wconf 89' lang='lat' dir='ltr'><strong>manu</strong></span> <span class='ocrx_word' id='word_1_392' title='bbox 3424 967 3509 1012; x_wconf 82' lang='lat' dir='ltr'><strong>te—</strong></span> 
     </span>
    </p>
   </div>
   <div class='ocr_carea' id='block_1_53' title="bbox 1920 1037 3509 1118">
    <p class='ocr_par' dir='ltr' id='par_1_53' title="bbox 1920 1037 3509 1118">
     <span class='ocr_line' id='line_1_53' title="bbox 1920 1037 3509 1118; baseline 0.008 -25"><span class='ocrx_word' id='word_1_393' title='bbox 1920 1038 2151 1096; x_wconf 88' lang='lat' dir='ltr'><strong>mulenti</strong></span> <span class='ocrx_word' id='word_1_394' title='bbox 2182 1038 2247 1096; x_wconf 83' lang='lat'><strong>“.</strong></span> <span class='ocrx_word' id='word_1_395' title='bbox 2280 1059 2300 1094; x_wconf 80' lang='grc' dir='ltr'><strong>ι</strong></span> <span class='ocrx_word' id='word_1_396' title='bbox 2335 1037 2395 1096; x_wconf 93' lang='lat' dir='ltr'><strong>ld</strong></span> <span class='ocrx_word' id='word_1_397' title='bbox 2433 1054 2570 1097; x_wconf 84' lang='lat' dir='ltr'><strong>vero</strong></span> <span class='ocrx_word' id='word_1_398' title='bbox 2612 1057 2725 1096; x_wconf 85' lang='lat' dir='ltr'><strong>non</strong></span> <span class='ocrx_word' id='word_1_399' title='bbox 2759 1042 2828 1098; x_wconf 91' lang='lat' dir='ltr'><strong>de</strong></span> <span class='ocrx_word' id='word_1_400' title='bbox 2856 1044 2925 1099; x_wconf 90' lang='lat' dir='ltr'><strong>iis</strong></span> <span class='ocrx_word' id='word_1_401' title='bbox 2969 1052 3215 1113; x_wconf 89' lang='lat' dir='ltr'><strong>tantum,</strong></span> <span class='ocrx_word' id='word_1_402' title='bbox 3250 1049 3345 1118; x_wconf 89' lang='lat' dir='ltr'><strong>qui</strong></span> <span class='ocrx_word' id='word_1_403' title='bbox 3375 1058 3509 1106; x_wconf 89' lang='lat' dir='ltr'><strong>sunt</strong></span> 
     </span>
    </p>
   </div>
   <div class='ocr_carea' id='block_1_54' title="bbox 1920 1130 3507 1204">
    <p class='ocr_par' dir='ltr' id='par_1_54' title="bbox 1920 1130 3507 1204">
     <span class='ocr_line' id='line_1_54' title="bbox 1920 1130 3507 1204; baseline 0.008 -17"><span class='ocrx_word' id='word_1_404' title='bbox 1920 1130 1978 1187; x_wconf 89' lang='lat' dir='ltr'><strong>in</strong></span> <span class='ocrx_word' id='word_1_405' title='bbox 2035 1133 2206 1200; x_wconf 90' lang='lat' dir='ltr'><strong>clero,</strong></span> <span class='ocrx_word' id='word_1_406' title='bbox 2266 1133 2541 1204; x_wconf 84' lang='lat' dir='ltr'><strong>dicimus;</strong></span> <span class='ocrx_word' id='word_1_407' title='bbox 2590 1150 2781 1191; x_wconf 82' lang='lat' dir='ltr'><strong>verum</strong></span> <span class='ocrx_word' id='word_1_408' title='bbox 2828 1136 2995 1194; x_wconf 89' lang='lat' dir='ltr'><strong>etiam</strong></span> <span class='ocrx_word' id='word_1_409' title='bbox 3047 1138 3116 1195; x_wconf 88' lang='lat' dir='ltr'><strong>de</strong></span> <span class='ocrx_word' id='word_1_410' title='bbox 3164 1141 3316 1199; x_wconf 90' lang='lat' dir='ltr'><strong>omni</strong></span> <span class='ocrx_word' id='word_1_411' title='bbox 3363 1142 3507 1199; x_wconf 76' lang='lat' dir='ltr'><strong>laico</strong></span> 
     </span>
    </p>
   </div>
   <div class='ocr_carea' id='block_1_55' title="bbox 1917 1223 3505 1299">
    <p class='ocr_par' dir='ltr' id='par_1_55' title="bbox 1917 1223 3505 1299">
     <span class='ocr_line' id='line_1_55' title="bbox 1917 1223 3505 1299; baseline 0.006 -17"><span class='ocrx_word' id='word_1_412' title='bbox 1917 1223 2256 1291; x_wconf 76' lang='lat' dir='ltr'><strong>Christiano,</strong></span> <span class='ocrx_word' id='word_1_413' title='bbox 2292 1241 2460 1298; x_wconf 82' lang='lat' dir='ltr'><strong>super</strong></span> <span class='ocrx_word' id='word_1_414' title='bbox 2486 1242 2652 1299; x_wconf 86' lang='lat' dir='ltr'><strong>quem</strong></span> <span class='ocrx_word' id='word_1_415' title='bbox 2680 1227 3000 1285; x_wconf 85' lang='lat' dir='ltr'><strong>invocatum</strong></span> <span class='ocrx_word' id='word_1_416' title='bbox 3041 1237 3128 1287; x_wconf 87' lang='lat' dir='ltr'><strong>est</strong></span> <span class='ocrx_word' id='word_1_417' title='bbox 3162 1248 3362 1290; x_wconf 88' lang='lat' dir='ltr'><strong>nomen</strong></span> <span class='ocrx_word' id='word_1_418' title='bbox 3392 1232 3505 1290; x_wconf 87' lang='lat' dir='ltr'><strong>Do-</strong></span> 
     </span>
    </p>
   </div>
   <div class='ocr_carea' id='block_1_56' title="bbox 1918 1318 3506 1398">
    <p class='ocr_par' dir='ltr' id='par_1_56' title="bbox 1918 1318 3506 1398">
     <span class='ocr_line' id='line_1_56' title="bbox 1918 1318 3506 1398; baseline 0.006 -23"><span class='ocrx_word' id='word_1_419' title='bbox 1918 1318 2056 1375; x_wconf 87' lang='lat' dir='ltr'><strong>mini</strong></span> <span class='ocrx_word' id='word_1_420' title='bbox 2083 1319 2263 1375; x_wconf 89' lang='lat' dir='ltr'><strong>nostri</strong></span> <span class='ocrx_word' id='word_1_421' title='bbox 2305 1320 2437 1377; x_wconf 86' lang='lat' dir='ltr'><strong>Jesu</strong></span> <span class='ocrx_word' id='word_1_422' title='bbox 2480 1320 2690 1378; x_wconf 85' lang='lat' dir='ltr'><strong>Christi</strong></span> <span class='ocrx_word' id='word_1_423' title='bbox 2710 1322 2788 1389; x_wconf 85' lang='grc'><strong>¹³;</strong></span> <span class='ocrx_word' id='word_1_424' title='bbox 2832 1339 2959 1378; x_wconf 89' lang='lat' dir='ltr'><strong>nam</strong></span> <span class='ocrx_word' id='word_1_425' title='bbox 3000 1325 3138 1396; x_wconf 87' lang='lat' dir='ltr'><strong>ipsis</strong></span> <span class='ocrx_word' id='word_1_426' title='bbox 3170 1342 3392 1398; x_wconf 90' lang='lat' dir='ltr'><strong>quoque</strong></span> <span class='ocrx_word' id='word_1_427' title='bbox 3418 1328 3506 1384; x_wconf 92' lang='lat' dir='ltr'><strong>di-</strong></span> 
     </span>
    </p>
   </div>
   <div class='ocr_carea' id='block_1_57' title="bbox 1917 1412 3507 1477">
    <p class='ocr_par' dir='ltr' id='par_1_57' title="bbox 1917 1412 3507 1477">
     <span class='ocr_line' id='line_1_57' title="bbox 1917 1412 3507 1477; baseline 0.006 -9"><span class='ocrx_word' id='word_1_428' title='bbox 1917 1418 2071 1468; x_wconf 88' lang='lat' dir='ltr'><strong>ctum</strong></span> <span class='ocrx_word' id='word_1_429' title='bbox 2099 1418 2223 1469; x_wconf 89' lang='lat' dir='ltr'><strong>est:</strong></span> <span class='ocrx_word' id='word_1_430' title='bbox 2256 1430 2276 1467; x_wconf 87' lang='grc'><strong>‹</strong></span> <span class='ocrx_word' id='word_1_431' title='bbox 2309 1412 2415 1469; x_wconf 90' lang='lat' dir='ltr'><strong>Cui</strong></span> <span class='ocrx_word' id='word_1_432' title='bbox 2452 1413 2565 1469; x_wconf 58' lang='lat' dir='ltr'><strong>vas?</strong></span> <span class='ocrx_word' id='word_1_433' title='bbox 2591 1414 2681 1470; x_wconf 93' lang='lat' dir='ltr'><strong>cui</strong></span> <span class='ocrx_word' id='word_1_434' title='bbox 2729 1417 3046 1473; x_wconf 82' lang='lat' dir='ltr'><strong>tumultus?</strong></span> <span class='ocrx_word' id='word_1_435' title='bbox 3093 1418 3184 1473; x_wconf 90' lang='lat' dir='ltr'><strong>cul</strong></span> <span class='ocrx_word' id='word_1_436' title='bbox 3237 1419 3399 1475; x_wconf 69' lang='lat' dir='ltr'><strong>tredia</strong></span> <span class='ocrx_word' id='word_1_437' title='bbox 3449 1429 3507 1477; x_wconf 85' lang='lat' dir='ltr'><strong>et</strong></span> 
     </span>
    </p>
   </div>
   <div class='ocr_carea' id='block_1_58' title="bbox 1916 1505 3506 1578">
    <p class='ocr_par' dir='ltr' id='par_1_58' title="bbox 1916 1505 3506 1578">
     <span class='ocr_line' id='line_1_58' title="bbox 1916 1505 3506 1578; baseline 0.007 -21"><span class='ocrx_word' id='word_1_438' title='bbox 1916 1505 2253 1576; x_wconf 78' lang='lat' dir='ltr'><strong>garrulitas?</strong></span> <span class='ocrx_word' id='word_1_439' title='bbox 2279 1505 2439 1578; x_wconf 90' lang='lat' dir='ltr'><strong>cujus</strong></span> <span class='ocrx_word' id='word_1_440' title='bbox 2458 1506 2603 1562; x_wconf 91' lang='lat' dir='ltr'><strong>oculi</strong></span> <span class='ocrx_word' id='word_1_441' title='bbox 2633 1506 2831 1562; x_wconf 88' lang='lat' dir='ltr'><strong>lividi?</strong></span> <span class='ocrx_word' id='word_1_442' title='bbox 2858 1509 2948 1564; x_wconf 91' lang='lat' dir='ltr'><strong>cui</strong></span> <span class='ocrx_word' id='word_1_443' title='bbox 2988 1511 3347 1570; x_wconf 89' lang='lat' dir='ltr'><strong>contusiones</strong></span> <span class='ocrx_word' id='word_1_444' title='bbox 3387 1510 3506 1568; x_wconf 77' lang='lat' dir='ltr'><strong>fru-</strong></span> 
     </span>
    </p>
   </div>
   <div class='ocr_carea' id='block_1_59' title="bbox 1918 1597 3505 1674">
    <p class='ocr_par' dir='ltr' id='par_1_59' title="bbox 1918 1597 3505 1674">
     <span class='ocr_line' id='line_1_59' title="bbox 1918 1597 3505 1674; baseline 0.004 -21"><span class='ocrx_word' id='word_1_445' title='bbox 1918 1598 2077 1653; x_wconf 86' lang='lat' dir='ltr'><strong>stra?</strong></span> <span class='ocrx_word' id='word_1_446' title='bbox 2130 1597 2325 1655; x_wconf 88' lang='lat' dir='ltr'><strong>Nonne</strong></span> <span class='ocrx_word' id='word_1_447' title='bbox 2371 1599 2489 1655; x_wconf 79' lang='lat' dir='ltr'><strong>haec</strong></span> <span class='ocrx_word' id='word_1_448' title='bbox 2510 1614 2703 1656; x_wconf 88' lang='lat' dir='ltr'><strong>eorum</strong></span> <span class='ocrx_word' id='word_1_449' title='bbox 2744 1607 2896 1668; x_wconf 90' lang='lat' dir='ltr'><strong>sunt,</strong></span> <span class='ocrx_word' id='word_1_450' title='bbox 2941 1602 3034 1674; x_wconf 92' lang='lat' dir='ltr'><strong>qui</strong></span> <span class='ocrx_word' id='word_1_451' title='bbox 3060 1602 3117 1658; x_wconf 90' lang='lat' dir='ltr'><strong>in</strong></span> <span class='ocrx_word' id='word_1_452' title='bbox 3148 1604 3277 1659; x_wconf 88' lang='lat' dir='ltr'><strong>vino</strong></span> <span class='ocrx_word' id='word_1_453' title='bbox 3308 1604 3505 1660; x_wconf 83' lang='lat' dir='ltr'><strong>immo-</strong></span> 
     </span>
    </p>
   </div>
   <div class='ocr_carea' id='block_1_60' title="bbox 1920 1690 3498 1767">
    <p class='ocr_par' dir='ltr' id='par_1_60' title="bbox 1920 1690 3498 1767">
     <span class='ocr_line' id='line_1_60' title="bbox 1920 1690 3498 1767; baseline 0.007 -25"><span class='ocrx_word' id='word_1_454' title='bbox 1920 1698 2133 1754; x_wconf 86' lang='lat' dir='ltr'><strong>rantur,</strong></span> <span class='ocrx_word' id='word_1_455' title='bbox 2146 1691 2350 1763; x_wconf 88' lang='lat' dir='ltr'><strong>quique</strong></span> <span class='ocrx_word' id='word_1_456' title='bbox 2363 1690 2670 1762; x_wconf 81' lang='lat' dir='ltr'><strong>explorant,</strong></span> <span class='ocrx_word' id='word_1_457' title='bbox 2688 1693 2781 1749; x_wconf 88' lang='lat' dir='ltr'><strong>ubi</strong></span> <span class='ocrx_word' id='word_1_458' title='bbox 2805 1694 2936 1750; x_wconf 80' lang='lat' dir='ltr'><strong>ﬁant</strong></span> <span class='ocrx_word' id='word_1_459' title='bbox 2947 1696 3385 1767; x_wconf 86' lang='lat' dir='ltr'><strong>compotationes</strong></span> <span class='ocrx_word' id='word_1_460' title='bbox 3398 1699 3461 1754; x_wconf 75' lang='grc'><strong>⁸⁵.</strong></span> <span class='ocrx_word' id='word_1_461' title='bbox 3473 1714 3498 1753; x_wconf 79' lang='lat' dir='ltr'><strong>s</strong></span> 
     </span>
    </p>
   </div>
   <div class='ocr_carea' id='block_1_61' title="bbox 2484 1805 2924 1866">
    <p class='ocr_par' dir='ltr' id='par_1_61' title="bbox 2484 1805 2924 1866">
     <span class='ocr_line' id='line_1_61' title="bbox 2484 1805 2924 1866; baseline 0.007 -3"><span class='ocrx_word' id='word_1_462' title='bbox 2484 1805 2717 1863; x_wconf 87' lang='lat' dir='ltr'><strong>CAPUT</strong></span> <span class='ocrx_word' id='word_1_463' title='bbox 2758 1806 2924 1866; x_wconf 74' lang='lat' dir='ltr'><strong>XLV.</strong></span> 
     </span>
    </p>
   </div>
   <div class='ocr_carea' id='block_1_62' title="bbox 1914 1897 3502 1984">
    <p class='ocr_par' dir='ltr' id='par_1_62' title="bbox 1914 1897 3502 1984">
     <span class='ocr_line' id='line_1_62' title="bbox 1914 1897 3502 1984; baseline 0.003 -28"><span class='ocrx_word' id='word_1_464' title='bbox 1914 1897 1994 1956; x_wconf 86' lang='lat' dir='ltr'><strong>De</strong></span> <span class='ocrx_word' id='word_1_465' title='bbox 2046 1898 2356 1969; x_wconf 74' lang='lat' dir='ltr'><strong>recipiendis</strong></span> <span class='ocrx_word' id='word_1_466' title='bbox 2399 1899 2468 1954; x_wconf 86' lang='lat' dir='ltr'><strong>iis</strong></span> <span class='ocrx_word' id='word_1_467' title='bbox 2513 1901 2606 1973; x_wconf 85' lang='lat' dir='ltr'><strong>qui</strong></span> <span class='ocrx_word' id='word_1_468' title='bbox 2644 1909 2857 1984; x_wconf 70' lang='lat' dir='ltr'><strong>propter</strong></span> <span class='ocrx_word' id='word_1_469' title='bbox 2912 1900 3186 1958; x_wconf 75' lang='lat' dir='ltr'><strong>Christum</strong></span> <span class='ocrx_word' id='word_1_470' title='bbox 3220 1905 3502 1974; x_wconf 84' lang='lat' dir='ltr'><strong>patiuntur</strong></span> 
     </span>
    </p>
   </div>
   <div class='ocr_carea' id='block_1_63' title="bbox 2494 1982 2930 2041">
    <p class='ocr_par' dir='ltr' id='par_1_63' title="bbox 2494 1982 2930 2041">
     <span class='ocr_line' id='line_1_63' title="bbox 2494 1982 2930 2041; baseline 0.005 -15"><span class='ocrx_word' id='word_1_471' title='bbox 2494 1982 2930 2041; x_wconf 72' lang='lat' dir='ltr'><strong>persecutionem.</strong></span> 
     </span>
    </p>
   </div>
   <div class='ocr_carea' id='block_1_64' title="bbox 1986 2083 3498 2158">
    <p class='ocr_par' dir='ltr' id='par_1_64' title="bbox 1986 2083 3498 2158">
     <span class='ocr_line' id='line_1_64' title="bbox 1986 2083 3498 2158; baseline 0.003 -17"><span class='ocrx_word' id='word_1_472' title='bbox 1986 2083 2096 2141; x_wconf 80' lang='lat' dir='ltr'><strong>Eos</strong></span> <span class='ocrx_word' id='word_1_473' title='bbox 2137 2085 2232 2156; x_wconf 90' lang='lat' dir='ltr'><strong>qui</strong></span> <span class='ocrx_word' id='word_1_474' title='bbox 2279 2086 2718 2156; x_wconf 89' lang='lat' dir='ltr'><strong>persecutionem</strong></span> <span class='ocrx_word' id='word_1_475' title='bbox 2773 2085 3058 2158; x_wconf 90' lang='lat' dir='ltr'><strong>patiuntur</strong></span> <span class='ocrx_word' id='word_1_476' title='bbox 3111 2087 3238 2144; x_wconf 80' lang='lat' dir='ltr'><strong>ﬁdei</strong></span> <span class='ocrx_word' id='word_1_477' title='bbox 3286 2104 3455 2146; x_wconf 74' lang='lat' dir='ltr'><strong>causa</strong></span> <span class='ocrx_word' id='word_1_478' title='bbox 3479 2129 3498 2158; x_wconf 92' lang='lat'><strong>,</strong></span> 
     </span>
    </p>
   </div>
   <div class='ocr_carea' id='block_1_65' title="bbox 1913 2177 3500 2251">
    <p class='ocr_par' dir='ltr' id='par_1_65' title="bbox 1913 2177 3500 2251">
     <span class='ocr_line' id='line_1_65' title="bbox 1913 2177 3500 2251; baseline 0.001 -16"><span class='ocrx_word' id='word_1_479' title='bbox 1913 2177 2057 2236; x_wconf 90' lang='lat' dir='ltr'><strong>etde</strong></span> <span class='ocrx_word' id='word_1_480' title='bbox 2078 2179 2303 2235; x_wconf 82' lang='lat' dir='ltr'><strong>civitate</strong></span> <span class='ocrx_word' id='word_1_481' title='bbox 2335 2179 2392 2233; x_wconf 90' lang='lat' dir='ltr'><strong>in</strong></span> <span class='ocrx_word' id='word_1_482' title='bbox 2437 2178 2714 2235; x_wconf 86' lang='lat' dir='ltr'><strong>civitatem</strong></span> <span class='ocrx_word' id='word_1_483' title='bbox 2743 2179 3020 2251; x_wconf 76' lang='lat' dir='ltr'><strong>fugiunt&quot;</strong></span> <span class='ocrx_word' id='word_1_484' title='bbox 3049 2181 3197 2251; x_wconf 89' lang='lat' dir='ltr'><strong>quod</strong></span> <span class='ocrx_word' id='word_1_485' title='bbox 3230 2181 3500 2239; x_wconf 81' lang='lat' dir='ltr'><strong>memine-</strong></span> 
     </span>
    </p>
   </div>
   <div class='ocr_carea' id='block_1_66' title="bbox 1912 2270 3500 2344">
    <p class='ocr_par' dir='ltr' id='par_1_66' title="bbox 1912 2270 3500 2344">
     <span class='ocr_line' id='line_1_66' title="bbox 1912 2270 3500 2344; baseline 0.001 -16"><span class='ocrx_word' id='word_1_486' title='bbox 1912 2273 2024 2328; x_wconf 84' lang='lat' dir='ltr'><strong>rint</strong></span> <span class='ocrx_word' id='word_1_487' title='bbox 2054 2273 2347 2328; x_wconf 85' lang='lat' dir='ltr'><strong>verborum</strong></span> <span class='ocrx_word' id='word_1_488' title='bbox 2377 2270 2617 2339; x_wconf 89' lang='lat' dir='ltr'><strong>Domini,</strong></span> <span class='ocrx_word' id='word_1_489' title='bbox 2663 2273 2950 2344; x_wconf 87' lang='lat' dir='ltr'><strong>suscipite.</strong></span> <span class='ocrx_word' id='word_1_490' title='bbox 3007 2273 3147 2330; x_wconf 89' lang='lat' dir='ltr'><strong>Cum</strong></span> <span class='ocrx_word' id='word_1_491' title='bbox 3189 2274 3338 2329; x_wconf 89' lang='lat' dir='ltr'><strong>enim</strong></span> <span class='ocrx_word' id='word_1_492' title='bbox 3394 2290 3500 2330; x_wconf 82' lang='lat' dir='ltr'><strong>no-</strong></span> 
     </span>
    </p>
   </div>
   <div class='ocr_carea' id='block_1_67' title="bbox 1913 2365 3501 2442">
    <p class='ocr_par' dir='ltr' id='par_1_67' title="bbox 1913 2365 3501 2442">
     <span class='ocr_line' id='line_1_67' title="bbox 1913 2365 3501 2442; baseline 0.001 -19"><span class='ocrx_word' id='word_1_493' title='bbox 1913 2365 2025 2423; x_wconf 90' lang='lat' dir='ltr'><strong>rint</strong></span> <span class='ocrx_word' id='word_1_494' title='bbox 2060 2366 2315 2436; x_wconf 87' lang='lat' dir='ltr'><strong>spiritum</strong></span> <span class='ocrx_word' id='word_1_495' title='bbox 2343 2365 2564 2437; x_wconf 89' lang='lat' dir='ltr'><strong>quidem</strong></span> <span class='ocrx_word' id='word_1_496' title='bbox 2596 2374 2910 2438; x_wconf 89' lang='lat' dir='ltr'><strong>promptum</strong></span> <span class='ocrx_word' id='word_1_497' title='bbox 2952 2381 3099 2433; x_wconf 88' lang='lat' dir='ltr'><strong>esse,</strong></span> <span class='ocrx_word' id='word_1_498' title='bbox 3121 2383 3343 2424; x_wconf 84' lang='lat' dir='ltr'><strong>carnem</strong></span> <span class='ocrx_word' id='word_1_499' title='bbox 3367 2383 3501 2442; x_wconf 73' lang='lat' dir='ltr'><strong>vero</strong></span> 
     </span>
    </p>
   </div>
   <div class='ocr_carea' id='block_1_68' title="bbox 1913 2456 3503 2531">
    <p class='ocr_par' dir='ltr' id='par_1_68' title="bbox 1913 2456 3503 2531">
     <span class='ocr_line' id='line_1_68' title="bbox 1913 2456 3503 2531; baseline 0.003 -18"><span class='ocrx_word' id='word_1_500' title='bbox 1913 2456 2190 2513; x_wconf 87' lang='lat' dir='ltr'><strong>inﬁrmam</strong></span> <span class='ocrx_word' id='word_1_501' title='bbox 2211 2459 2255 2490; x_wconf 81' lang='grc'><strong>¹⁶</strong></span> <span class='ocrx_word' id='word_1_502' title='bbox 2280 2498 2297 2525; x_wconf 93' lang='lat'><strong>,</strong></span> <span class='ocrx_word' id='word_1_503' title='bbox 2340 2460 2651 2531; x_wconf 81' lang='lat' dir='ltr'><strong>aufugiunt,</strong></span> <span class='ocrx_word' id='word_1_504' title='bbox 2683 2466 2739 2515; x_wconf 89' lang='lat' dir='ltr'><strong>et</strong></span> <span class='ocrx_word' id='word_1_505' title='bbox 2780 2459 3101 2515; x_wconf 81' lang='lat' dir='ltr'><strong>facultatum</strong></span> <span class='ocrx_word' id='word_1_506' title='bbox 3145 2475 3369 2516; x_wconf 85' lang='lat' dir='ltr'><strong>suarum</strong></span> <span class='ocrx_word' id='word_1_507' title='bbox 3412 2461 3503 2517; x_wconf 84' lang='lat' dir='ltr'><strong>di-</strong></span> 
     </span>
    </p>
   </div>
   <div class='ocr_carea' id='block_1_69' title="bbox 1911 2552 3503 2627">
    <p class='ocr_par' dir='ltr' id='par_1_69' title="bbox 1911 2552 3503 2627">
     <span class='ocr_line' id='line_1_69' title="bbox 1911 2552 3503 2627; baseline 0.001 -18"><span class='ocrx_word' id='word_1_508' title='bbox 1911 2557 2217 2627; x_wconf 85' lang='lat' dir='ltr'><strong>reptionem</strong></span> <span class='ocrx_word' id='word_1_509' title='bbox 2258 2554 2585 2625; x_wconf 89' lang='lat' dir='ltr'><strong>permittunt</strong></span> <span class='ocrx_word' id='word_1_510' title='bbox 2631 2568 2696 2609; x_wconf 87' lang='lat' dir='ltr'><strong>ac</strong></span> <span class='ocrx_word' id='word_1_511' title='bbox 2742 2553 3064 2625; x_wconf 78' lang='lat' dir='ltr'><strong>negligunt,</strong></span> <span class='ocrx_word' id='word_1_512' title='bbox 3102 2561 3162 2607; x_wconf 89' lang='lat' dir='ltr'><strong>ut</strong></span> <span class='ocrx_word' id='word_1_513' title='bbox 3205 2552 3263 2607; x_wconf 89' lang='lat' dir='ltr'><strong>in</strong></span> <span class='ocrx_word' id='word_1_514' title='bbox 3298 2553 3503 2625; x_wconf 86' lang='lat' dir='ltr'><strong>seipsis</strong></span> 
     </span>
    </p>
   </div>
   <div class='ocr_carea' id='block_1_70' title="bbox 1911 2645 3499 2717">
    <p class='ocr_par' dir='ltr' id='par_1_70' title="bbox 1911 2645 3499 2717">
     <span class='ocr_line' id='line_1_70' title="bbox 1911 2645 3499 2717; baseline -0.001 -14"><span class='ocrx_word' id='word_1_515' title='bbox 1911 2662 2113 2704; x_wconf 88' lang='lat' dir='ltr'><strong>nomen</strong></span> <span class='ocrx_word' id='word_1_516' title='bbox 2142 2646 2350 2703; x_wconf 85' lang='lat' dir='ltr'><strong>Christi</strong></span> <span class='ocrx_word' id='word_1_517' title='bbox 2380 2646 2648 2703; x_wconf 84' lang='lat' dir='ltr'><strong>illibatum</strong></span> <span class='ocrx_word' id='word_1_518' title='bbox 2670 2654 2726 2701; x_wconf 91' lang='lat' dir='ltr'><strong>et</strong></span> <span class='ocrx_word' id='word_1_519' title='bbox 2754 2646 3047 2717; x_wconf 76' lang='lat' dir='ltr'><strong>negatione</strong></span> <span class='ocrx_word' id='word_1_520' title='bbox 3078 2660 3191 2699; x_wconf 92' lang='lat' dir='ltr'><strong>non</strong></span> <span class='ocrx_word' id='word_1_521' title='bbox 3222 2645 3499 2715; x_wconf 73' lang='lat' dir='ltr'><strong>proditum</strong></span> 
     </span>
    </p>
   </div>
   <div class='ocr_carea' id='block_1_71' title="bbox 1910 2737 3499 2812">
    <p class='ocr_par' dir='ltr' id='par_1_71' title="bbox 1910 2737 3499 2812">
     <span class='ocr_line' id='line_1_71' title="bbox 1910 2737 3499 2812; baseline 0 -17"><span class='ocrx_word' id='word_1_522' title='bbox 1910 2748 2262 2799; x_wconf 84' lang='lat' dir='ltr'><strong>conservent.</strong></span> <span class='ocrx_word' id='word_1_523' title='bbox 2302 2739 2662 2812; x_wconf 85' lang='lat' dir='ltr'><strong>Suppeditate</strong></span> <span class='ocrx_word' id='word_1_524' title='bbox 2685 2754 2819 2809; x_wconf 79' lang='lat' dir='ltr'><strong>ergo</strong></span> <span class='ocrx_word' id='word_1_525' title='bbox 2852 2737 2962 2794; x_wconf 89' lang='lat' dir='ltr'><strong>illis</strong></span> <span class='ocrx_word' id='word_1_526' title='bbox 2996 2753 3118 2809; x_wconf 66' lang='lat' dir='ltr'><strong>qum</strong></span> <span class='ocrx_word' id='word_1_527' title='bbox 3148 2748 3277 2794; x_wconf 90' lang='lat' dir='ltr'><strong>sunt</strong></span> <span class='ocrx_word' id='word_1_528' title='bbox 3305 2753 3499 2795; x_wconf 83' lang='lat' dir='ltr'><strong>neces-</strong></span> 
     </span>
    </p>
   </div>
   <div class='ocr_carea' id='block_1_72' title="bbox 1911 2830 3210 2902">
    <p class='ocr_par' dir='ltr' id='par_1_72' title="bbox 1911 2830 3210 2902">
     <span class='ocr_line' id='line_1_72' title="bbox 1911 2830 3210 2902; baseline -0.003 -12"><span class='ocrx_word' id='word_1_529' title='bbox 1911 2833 2085 2902; x_wconf 81' lang='lat' dir='ltr'><strong>saria,</strong></span> <span class='ocrx_word' id='word_1_530' title='bbox 2108 2834 2429 2890; x_wconf 84' lang='lat' dir='ltr'><strong>mandatum</strong></span> <span class='ocrx_word' id='word_1_531' title='bbox 2455 2832 2799 2888; x_wconf 91' lang='lat' dir='ltr'><strong>Dominicum</strong></span> <span class='ocrx_word' id='word_1_532' title='bbox 2826 2830 3210 2901; x_wconf 86' lang='lat' dir='ltr'><strong>adimplentes.</strong></span> 
     </span>
    </p>
   </div>
   <div class='ocr_carea' id='block_1_73' title="bbox 2475 2945 2922 3006">
    <p class='ocr_par' dir='ltr' id='par_1_73' title="bbox 2475 2945 2922 3006">
     <span class='ocr_line' id='line_1_73' title="bbox 2475 2945 2922 3006; baseline -0.007 0"><span class='ocrx_word' id='word_1_533' title='bbox 2475 2946 2709 3006; x_wconf 86' lang='lat' dir='ltr'><strong>CAPUT</strong></span> <span class='ocrx_word' id='word_1_534' title='bbox 2735 2945 2922 3003; x_wconf 79' lang='lat' dir='ltr'><strong>XLVI.</strong></span> 
     </span>
    </p>
   </div>
   <div class='ocr_carea' id='block_1_74' title="bbox 1964 3038 3496 3111">
    <p class='ocr_par' dir='ltr' id='par_1_74' title="bbox 1964 3038 3496 3111">
     <span class='ocr_line' id='line_1_74' title="bbox 1964 3038 3496 3111; baseline -0.004 -15"><span class='ocrx_word' id='word_1_535' title='bbox 1964 3043 2067 3096; x_wconf 83' lang='lat' dir='ltr'><strong>uad</strong></span> <span class='ocrx_word' id='word_1_536' title='bbox 2088 3043 2465 3111; x_wconf 78' lang='lat' dir='ltr'><strong>unusquisque,</strong></span> <span class='ocrx_word' id='word_1_537' title='bbox 2505 3043 2559 3095; x_wconf 85' lang='lat' dir='ltr'><strong>in</strong></span> <span class='ocrx_word' id='word_1_538' title='bbox 2589 3057 2648 3095; x_wconf 84' lang='lat' dir='ltr'><strong>eo</strong></span> <span class='ocrx_word' id='word_1_539' title='bbox 2669 3038 2841 3111; x_wconf 85' lang='lat' dir='ltr'><strong>gradu</strong></span> <span class='ocrx_word' id='word_1_540' title='bbox 2866 3039 3015 3103; x_wconf 82' lang='lat' dir='ltr'><strong>cieri,</strong></span> <span class='ocrx_word' id='word_1_541' title='bbox 3046 3039 3101 3111; x_wconf 81' lang='lat' dir='ltr'><strong>in</strong></span> <span class='ocrx_word' id='word_1_542' title='bbox 3127 3055 3230 3109; x_wconf 88' lang='lat' dir='ltr'><strong>quo</strong></span> <span class='ocrx_word' id='word_1_543' title='bbox 3251 3046 3332 3092; x_wconf 88' lang='lat' dir='ltr'><strong>est</strong></span> <span class='ocrx_word' id='word_1_544' title='bbox 3368 3052 3496 3091; x_wconf 83' lang='lat' dir='ltr'><strong>oon-</strong></span> 
     </span>
    </p>
   </div>
   <div class='ocr_carea' id='block_1_75' title="bbox 1834 3041 3497 3181">
    <p class='ocr_par' dir='ltr' id='par_1_75' title="bbox 1834 3041 3497 3181">
     <span class='ocr_line' id='line_1_75' title="bbox 1834 3041 3496 3145; baseline -0.004 -48"><span class='ocrx_word' id='word_1_545' title='bbox 1834 3079 1882 3145; x_wconf 65' lang='grc' dir='ltr'>ο</span> <span class='ocrx_word' id='word_1_546' title='bbox 1913 3041 2067 3112; x_wconf 82' lang='lat' dir='ltr'><strong>Quod</strong></span> <span class='ocrx_word' id='word_1_547' title='bbox 2088 3043 2465 3111; x_wconf 78' lang='lat' dir='ltr'><strong>unusquisque,</strong></span> <span class='ocrx_word' id='word_1_548' title='bbox 2505 3043 2559 3095; x_wconf 85' lang='lat' dir='ltr'><strong>in</strong></span> <span class='ocrx_word' id='word_1_549' title='bbox 2589 3057 2648 3095; x_wconf 84' lang='lat' dir='ltr'><strong>eo</strong></span> <span class='ocrx_word' id='word_1_550' title='bbox 2669 3041 2841 3111; x_wconf 86' lang='lat' dir='ltr'><strong>gradu</strong></span> <span class='ocrx_word' id='word_1_551' title='bbox 2866 3041 3015 3103; x_wconf 82' lang='lat' dir='ltr'><strong>cieri,</strong></span> <span class='ocrx_word' id='word_1_552' title='bbox 3046 3041 3101 3093; x_wconf 86' lang='lat' dir='ltr'><strong>in</strong></span> <span class='ocrx_word' id='word_1_553' title='bbox 3127 3055 3230 3109; x_wconf 88' lang='lat' dir='ltr'><strong>quo</strong></span> <span class='ocrx_word' id='word_1_554' title='bbox 3251 3046 3332 3092; x_wconf 88' lang='lat' dir='ltr'><strong>est</strong></span> <span class='ocrx_word' id='word_1_555' title='bbox 3368 3052 3496 3091; x_wconf 83' lang='lat' dir='ltr'><strong>oon-</strong></span> 
     </span>
     <span class='ocr_line' id='line_1_76' title="bbox 1984 3109 3497 3181; baseline -0.004 -14"><span class='ocrx_word' id='word_1_556' title='bbox 1984 3114 2225 3175; x_wconf 82' lang='lat' dir='ltr'><strong>stitutus,</strong></span> <span class='ocrx_word' id='word_1_557' title='bbox 2267 3111 2456 3165; x_wconf 86' lang='lat' dir='ltr'><strong>debeat</strong></span> <span class='ocrx_word' id='word_1_558' title='bbox 2504 3127 2840 3181; x_wconf 81' lang='lat' dir='ltr'><strong>permanere,</strong></span> <span class='ocrx_word' id='word_1_559' title='bbox 2883 3121 2931 3164; x_wconf 84' lang='lat' dir='ltr'><strong>et</strong></span> <span class='ocrx_word' id='word_1_560' title='bbox 2975 3109 3213 3163; x_wconf 85' lang='lat' dir='ltr'><strong>ordinem</strong></span> <span class='ocrx_word' id='word_1_561' title='bbox 3250 3123 3497 3174; x_wconf 77' lang='lat' dir='ltr'><strong>servare;</strong></span> 
     </span>
    </p>
   </div>
   <div class='ocr_carea' id='block_1_76' title="bbox 1981 3182 3386 3253">
    <p class='ocr_par' dir='ltr' id='par_1_76' title="bbox 1981 3182 3386 3253">
     <span class='ocr_line' id='line_1_77' title="bbox 1981 3182 3386 3253; baseline -0.003 -15"><span class='ocrx_word' id='word_1_562' title='bbox 1981 3196 2089 3238; x_wconf 82' lang='lat' dir='ltr'><strong>non</strong></span> <span class='ocrx_word' id='word_1_563' title='bbox 2120 3198 2238 3237; x_wconf 75' lang='lat' dir='ltr'><strong>vero</strong></span> <span class='ocrx_word' id='word_1_564' title='bbox 2269 3182 2339 3236; x_wconf 84' lang='lat' dir='ltr'><strong>ad</strong></span> <span class='ocrx_word' id='word_1_565' title='bbox 2367 3199 2422 3237; x_wconf 81' lang='lat' dir='ltr'><strong>se</strong></span> <span class='ocrx_word' id='word_1_566' title='bbox 2452 3196 2635 3251; x_wconf 77' lang='lat' dir='ltr'><strong>rapere</strong></span> <span class='ocrx_word' id='word_1_567' title='bbox 2655 3197 2772 3253; x_wconf 78' lang='lat' dir='ltr'><strong>qua:</strong></span> <span class='ocrx_word' id='word_1_568' title='bbox 2794 3182 3081 3235; x_wconf 85' lang='lat' dir='ltr'><strong>commissa</strong></span> <span class='ocrx_word' id='word_1_569' title='bbox 3108 3196 3212 3234; x_wconf 85' lang='lat' dir='ltr'><strong>non</strong></span> <span class='ocrx_word' id='word_1_570' title='bbox 3240 3188 3386 3234; x_wconf 84' lang='lat' dir='ltr'><strong>sunt.</strong></span> 
     </span>
    </p>
   </div>
   <div class='ocr_carea' id='block_1_77' title="bbox 1983 3292 3498 3365">
    <p class='ocr_par' dir='ltr' id='par_1_77' title="bbox 1983 3292 3498 3365">
     <span class='ocr_line' id='line_1_78' title="bbox 1983 3292 3498 3365; baseline -0.002 -14"><span class='ocrx_word' id='word_1_571' title='bbox 1983 3295 2119 3351; x_wconf 84' lang='lat' dir='ltr'><strong>illud</strong></span> <span class='ocrx_word' id='word_1_572' title='bbox 2159 3302 2341 3352; x_wconf 89' lang='lat' dir='ltr'><strong>autem</strong></span> <span class='ocrx_word' id='word_1_573' title='bbox 2371 3296 2742 3351; x_wconf 88' lang='lat' dir='ltr'><strong>communiter</strong></span> <span class='ocrx_word' id='word_1_574' title='bbox 2778 3309 2970 3350; x_wconf 87' lang='lat' dir='ltr'><strong>omnes</strong></span> <span class='ocrx_word' id='word_1_575' title='bbox 3011 3292 3406 3365; x_wconf 64' lang='lat' dir='ltr'><strong>praecipimus;</strong></span> <span class='ocrx_word' id='word_1_576' title='bbox 3436 3301 3498 3348; x_wconf 86' lang='lat' dir='ltr'><strong>ut</strong></span> 
     </span>
    </p>
   </div>
   <div class='ocr_carea' id='block_1_78' title="bbox 1910 3387 3500 3461">
    <p class='ocr_par' dir='ltr' id='par_1_78' title="bbox 1910 3387 3500 3461">
     <span class='ocr_line' id='line_1_79' title="bbox 1910 3387 3500 3461; baseline -0.004 -14"><span class='ocrx_word' id='word_1_577' title='bbox 1910 3390 2292 3461; x_wconf 85' lang='lat' dir='ltr'><strong>unusquisque</strong></span> <span class='ocrx_word' id='word_1_578' title='bbox 2324 3389 2378 3444; x_wconf 90' lang='lat' dir='ltr'><strong>in</strong></span> <span class='ocrx_word' id='word_1_579' title='bbox 2409 3388 2602 3445; x_wconf 87' lang='lat' dir='ltr'><strong>ordine</strong></span> <span class='ocrx_word' id='word_1_580' title='bbox 2629 3388 2735 3443; x_wconf 89' lang='lat' dir='ltr'><strong>sibi</strong></span> <span class='ocrx_word' id='word_1_581' title='bbox 2764 3387 2895 3443; x_wconf 90' lang='lat' dir='ltr'><strong>dato</strong></span> <span class='ocrx_word' id='word_1_582' title='bbox 2922 3393 3282 3458; x_wconf 87' lang='lat' dir='ltr'><strong>permaneat,</strong></span> <span class='ocrx_word' id='word_1_583' title='bbox 3317 3400 3500 3456; x_wconf 86' lang='lat' dir='ltr'><strong>neque</strong></span> 
     </span>
    </p>
   </div>
   <div class='ocr_carea' id='block_1_79' title="bbox 1910 3478 3497 3556">
    <p class='ocr_par' dir='ltr' id='par_1_79' title="bbox 1910 3478 3497 3556">
     <span class='ocr_line' id='line_1_80' title="bbox 1910 3478 3497 3556; baseline -0.003 -17"><span class='ocrx_word' id='word_1_584' title='bbox 1910 3484 2225 3556; x_wconf 78' lang='lat' dir='ltr'><strong>regularum</strong></span> <span class='ocrx_word' id='word_1_585' title='bbox 2244 3481 2513 3538; x_wconf 88' lang='lat' dir='ltr'><strong>terminos</strong></span> <span class='ocrx_word' id='word_1_586' title='bbox 2544 3480 2907 3536; x_wconf 87' lang='lat' dir='ltr'><strong>transcendat</strong></span> <span class='ocrx_word' id='word_1_587' title='bbox 2939 3499 2954 3537; x_wconf 89' lang='lat'><strong>:</strong></span> <span class='ocrx_word' id='word_1_588' title='bbox 2988 3495 3096 3535; x_wconf 89' lang='lat' dir='ltr'><strong>non</strong></span> <span class='ocrx_word' id='word_1_589' title='bbox 3136 3478 3286 3534; x_wconf 89' lang='lat' dir='ltr'><strong>enim</strong></span> <span class='ocrx_word' id='word_1_590' title='bbox 3315 3480 3497 3535; x_wconf 86' lang='lat' dir='ltr'><strong>nostri</strong></span> 
     </span>
    </p>
   </div>
   <div class='ocr_carea' id='block_1_80' title="bbox 1910 3571 3494 3644">
    <p class='ocr_par' dir='ltr' id='par_1_80' title="bbox 1910 3571 3494 3644">
     <span class='ocr_line' id='line_1_81' title="bbox 1910 3571 3494 3644; baseline -0.003 -11"><span class='ocrx_word' id='word_1_591' title='bbox 1910 3585 2062 3639; x_wconf 87' lang='lat' dir='ltr'><strong>sunt,</strong></span> <span class='ocrx_word' id='word_1_592' title='bbox 2103 3576 2199 3632; x_wconf 91' lang='lat' dir='ltr'><strong>sed</strong></span> <span class='ocrx_word' id='word_1_593' title='bbox 2239 3575 2357 3631; x_wconf 89' lang='lat' dir='ltr'><strong>Dei.</strong></span> <span class='ocrx_word' id='word_1_594' title='bbox 2399 3593 2419 3628; x_wconf 72' lang='grc' dir='ltr'><strong>ι</strong></span> <span class='ocrx_word' id='word_1_595' title='bbox 2461 3574 2564 3642; x_wconf 86' lang='lat' dir='ltr'><strong>Qui</strong></span> <span class='ocrx_word' id='word_1_596' title='bbox 2611 3574 2759 3630; x_wconf 89' lang='lat' dir='ltr'><strong>enim</strong></span> <span class='ocrx_word' id='word_1_597' title='bbox 2800 3589 2935 3639; x_wconf 82' lang='lat' dir='ltr'><strong>vos,</strong></span> <span class='ocrx_word' id='word_1_598' title='bbox 2978 3573 3157 3644; x_wconf 90' lang='lat' dir='ltr'><strong>inquit</strong></span> <span class='ocrx_word' id='word_1_599' title='bbox 3205 3571 3494 3639; x_wconf 86' lang='lat' dir='ltr'><strong>Dominus,</strong></span> 
     </span>
    </p>
   </div>
   <div class='ocr_carea' id='block_1_81' title="bbox 1910 3664 3497 3737">
    <p class='ocr_par' dir='ltr' id='par_1_81' title="bbox 1910 3664 3497 3737">
     <span class='ocr_line' id='line_1_82' title="bbox 1910 3664 3497 3737; baseline -0.001 -14"><span class='ocrx_word' id='word_1_600' title='bbox 1910 3667 2083 3733; x_wconf 88' lang='lat' dir='ltr'><strong>audit,</strong></span> <span class='ocrx_word' id='word_1_601' title='bbox 2109 3683 2195 3722; x_wconf 90' lang='lat' dir='ltr'><strong>me</strong></span> <span class='ocrx_word' id='word_1_602' title='bbox 2238 3666 2425 3734; x_wconf 88' lang='lat' dir='ltr'><strong>audit;</strong></span> <span class='ocrx_word' id='word_1_603' title='bbox 2478 3674 2533 3722; x_wconf 87' lang='lat' dir='ltr'><strong>et</strong></span> <span class='ocrx_word' id='word_1_604' title='bbox 2569 3666 2664 3737; x_wconf 88' lang='lat' dir='ltr'><strong>qui</strong></span> <span class='ocrx_word' id='word_1_605' title='bbox 2695 3681 2783 3721; x_wconf 90' lang='lat' dir='ltr'><strong>me</strong></span> <span class='ocrx_word' id='word_1_606' title='bbox 2813 3664 3002 3731; x_wconf 91' lang='lat' dir='ltr'><strong>audit,</strong></span> <span class='ocrx_word' id='word_1_607' title='bbox 3051 3665 3206 3721; x_wconf 86' lang='lat' dir='ltr'><strong>audit</strong></span> <span class='ocrx_word' id='word_1_608' title='bbox 3233 3680 3360 3721; x_wconf 88' lang='lat' dir='ltr'><strong>eum</strong></span> <span class='ocrx_word' id='word_1_609' title='bbox 3396 3664 3497 3737; x_wconf 88' lang='lat' dir='ltr'><strong>qui</strong></span> 
     </span>
    </p>
   </div>
   <div class='ocr_carea' id='block_1_82' title="bbox 1909 3757 3495 3830">
    <p class='ocr_par' dir='ltr' id='par_1_82' title="bbox 1909 3757 3495 3830">
     <span class='ocr_line' id='line_1_83' title="bbox 1909 3757 3495 3830; baseline -0.003 -13"><span class='ocrx_word' id='word_1_610' title='bbox 1909 3762 2063 3818; x_wconf 84' lang='lat' dir='ltr'><strong>misit</strong></span> <span class='ocrx_word' id='word_1_611' title='bbox 2118 3776 2206 3816; x_wconf 91' lang='lat' dir='ltr'><strong>me</strong></span> <span class='ocrx_word' id='word_1_612' title='bbox 2236 3780 2249 3816; x_wconf 91' lang='lat'><strong>:</strong></span> <span class='ocrx_word' id='word_1_613' title='bbox 2284 3766 2340 3816; x_wconf 87' lang='lat' dir='ltr'><strong>et</strong></span> <span class='ocrx_word' id='word_1_614' title='bbox 2384 3759 2477 3830; x_wconf 89' lang='lat' dir='ltr'><strong>qui</strong></span> <span class='ocrx_word' id='word_1_615' title='bbox 2527 3774 2627 3815; x_wconf 87' lang='lat' dir='ltr'><strong>vos</strong></span> <span class='ocrx_word' id='word_1_616' title='bbox 2669 3758 2913 3830; x_wconf 88' lang='lat' dir='ltr'><strong>spernit,</strong></span> <span class='ocrx_word' id='word_1_617' title='bbox 2961 3773 3050 3813; x_wconf 92' lang='lat' dir='ltr'><strong>me</strong></span> <span class='ocrx_word' id='word_1_618' title='bbox 3102 3757 3347 3829; x_wconf 86' lang='lat' dir='ltr'><strong>spernit;</strong></span> <span class='ocrx_word' id='word_1_619' title='bbox 3397 3757 3495 3830; x_wconf 90' lang='lat' dir='ltr'><strong>qui</strong></span> 
     </span>
    </p>
   </div>
   <div class='ocr_carea' id='block_1_83' title="bbox 1909 3850 3488 3923">
    <p class='ocr_par' dir='ltr' id='par_1_83' title="bbox 1909 3850 3488 3923">
     <span class='ocr_line' id='line_1_84' title="bbox 1909 3850 3488 3923; baseline -0.003 -14"><span class='ocrx_word' id='word_1_620' title='bbox 1909 3863 2093 3910; x_wconf 86' lang='lat' dir='ltr'><strong>autem</strong></span> <span class='ocrx_word' id='word_1_621' title='bbox 2141 3867 2231 3910; x_wconf 90' lang='lat' dir='ltr'><strong>me</strong></span> <span class='ocrx_word' id='word_1_622' title='bbox 2289 3853 2519 3923; x_wconf 87' lang='lat' dir='ltr'><strong>spernit,</strong></span> <span class='ocrx_word' id='word_1_623' title='bbox 2558 3851 2770 3922; x_wconf 88' lang='lat' dir='ltr'><strong>spernit</strong></span> <span class='ocrx_word' id='word_1_624' title='bbox 2799 3865 2927 3907; x_wconf 91' lang='lat' dir='ltr'><strong>eum</strong></span> <span class='ocrx_word' id='word_1_625' title='bbox 2952 3850 3048 3922; x_wconf 90' lang='lat' dir='ltr'><strong>qui</strong></span> <span class='ocrx_word' id='word_1_626' title='bbox 3077 3850 3229 3907; x_wconf 90' lang='lat' dir='ltr'><strong>misit</strong></span> <span class='ocrx_word' id='word_1_627' title='bbox 3258 3865 3348 3907; x_wconf 89' lang='lat' dir='ltr'><strong>me</strong></span> <span class='ocrx_word' id='word_1_628' title='bbox 3370 3850 3434 3906; x_wconf 78' lang='lat'><strong>&quot;.</strong></span> <span class='ocrx_word' id='word_1_629' title='bbox 3468 3869 3488 3905; x_wconf 73' lang='grc' dir='ltr'><strong>ι</strong></span> 
     </span>
    </p>
   </div>
   <div class='ocr_carea' id='block_1_84' title="bbox 1906 3942 3498 4018">
    <p class='ocr_par' dir='ltr' id='par_1_84' title="bbox 1906 3942 3498 4018">
     <span class='ocr_line' id='line_1_85' title="bbox 1906 3942 3498 4018; baseline -0.003 -15"><span class='ocrx_word' id='word_1_630' title='bbox 1906 3946 2046 4003; x_wconf 83' lang='lat' dir='ltr'><strong>Nam</strong></span> <span class='ocrx_word' id='word_1_631' title='bbox 2105 3945 2153 4003; x_wconf 90' lang='lat' dir='ltr'><strong>si</strong></span> <span class='ocrx_word' id='word_1_632' title='bbox 2223 3961 2287 4002; x_wconf 91' lang='lat' dir='ltr'><strong>ea</strong></span> <span class='ocrx_word' id='word_1_633' title='bbox 2350 3960 2473 4018; x_wconf 64' lang='lat' dir='ltr'><strong>qua:</strong></span> <span class='ocrx_word' id='word_1_634' title='bbox 2536 3944 2783 4000; x_wconf 85' lang='lat' dir='ltr'><strong>inanima</strong></span> <span class='ocrx_word' id='word_1_635' title='bbox 2852 3942 3079 3999; x_wconf 82' lang='lat' dir='ltr'><strong>condita</strong></span> <span class='ocrx_word' id='word_1_636' title='bbox 3143 3952 3304 4010; x_wconf 89' lang='lat' dir='ltr'><strong>sunt,</strong></span> <span class='ocrx_word' id='word_1_637' title='bbox 3374 3943 3498 4015; x_wconf 71' lang='lat' dir='ltr'><strong>pul-</strong></span> 
     </span>
    </p>
   </div>
   <div class='ocr_carea' id='block_1_85' title="bbox 1908 4036 3490 4105">
    <p class='ocr_par' dir='ltr' id='par_1_85' title="bbox 1908 4036 3490 4105">
     <span class='ocr_line' id='line_1_86' title="bbox 1908 4036 3490 4105; baseline -0.003 -11"><span class='ocrx_word' id='word_1_638' title='bbox 1908 4040 2105 4094; x_wconf 89' lang='lat' dir='ltr'><strong>chrum</strong></span> <span class='ocrx_word' id='word_1_639' title='bbox 2135 4038 2385 4094; x_wconf 88' lang='lat' dir='ltr'><strong>ordinem</strong></span> <span class='ocrx_word' id='word_1_640' title='bbox 2421 4043 2781 4105; x_wconf 86' lang='lat' dir='ltr'><strong>conservant;</strong></span> <span class='ocrx_word' id='word_1_641' title='bbox 2848 4043 2910 4091; x_wconf 92' lang='lat' dir='ltr'><strong>ut</strong></span> <span class='ocrx_word' id='word_1_642' title='bbox 2978 4051 3123 4101; x_wconf 90' lang='lat' dir='ltr'><strong>nox,</strong></span> <span class='ocrx_word' id='word_1_643' title='bbox 3168 4036 3322 4103; x_wconf 88' lang='lat' dir='ltr'><strong>dies,</strong></span> <span class='ocrx_word' id='word_1_644' title='bbox 3368 4037 3490 4105; x_wconf 87' lang='lat' dir='ltr'><strong>sol,</strong></span> 
     </span>
    </p>
   </div>
   <div class='ocr_carea' id='block_1_86' title="bbox 1907 4132 3490 4201">
    <p class='ocr_par' dir='ltr' id='par_1_86' title="bbox 1907 4132 3490 4201">
     <span class='ocr_line' id='line_1_87' title="bbox 1907 4132 3490 4201; baseline -0.001 -14"><span class='ocrx_word' id='word_1_645' title='bbox 1907 4133 2039 4189; x_wconf 89' lang='lat' dir='ltr'><strong>luna</strong></span> <span class='ocrx_word' id='word_1_646' title='bbox 2062 4173 2077 4199; x_wconf 90' lang='lat'><strong>,</strong></span> <span class='ocrx_word' id='word_1_647' title='bbox 2137 4132 2309 4189; x_wconf 64' lang='lat' dir='ltr'><strong>stellae</strong></span> <span class='ocrx_word' id='word_1_648' title='bbox 2331 4171 2346 4197; x_wconf 92' lang='lat'><strong>,</strong></span> <span class='ocrx_word' id='word_1_649' title='bbox 2404 4132 2675 4188; x_wconf 90' lang='lat' dir='ltr'><strong>elementa</strong></span> <span class='ocrx_word' id='word_1_650' title='bbox 2700 4171 2717 4197; x_wconf 95' lang='lat'><strong>,</strong></span> <span class='ocrx_word' id='word_1_651' title='bbox 2779 4138 3137 4201; x_wconf 87' lang='lat' dir='ltr'><strong>tempestates</strong></span> <span class='ocrx_word' id='word_1_652' title='bbox 3162 4170 3178 4192; x_wconf 84' lang='lat'><strong>,</strong></span> <span class='ocrx_word' id='word_1_653' title='bbox 3234 4146 3452 4185; x_wconf 90' lang='lat' dir='ltr'><strong>menses</strong></span> <span class='ocrx_word' id='word_1_654' title='bbox 3473 4169 3490 4197; x_wconf 92' lang='lat'><strong>,</strong></span> 
     </span>
    </p>
   </div>
   <div class='ocr_carea' id='block_1_87' title="bbox 1907 4222 3494 4291">
    <p class='ocr_par' dir='ltr' id='par_1_87' title="bbox 1907 4222 3494 4291">
     <span class='ocr_line' id='line_1_88' title="bbox 1907 4222 3494 4291; baseline -0.004 -8"><span class='ocrx_word' id='word_1_655' title='bbox 1907 4225 2311 4291; x_wconf 86' lang='lat' dir='ltr'><strong>hebdomades,</strong></span> <span class='ocrx_word' id='word_1_656' title='bbox 2343 4223 2483 4287; x_wconf 89' lang='lat' dir='ltr'><strong>dies,</strong></span> <span class='ocrx_word' id='word_1_657' title='bbox 2524 4224 2709 4291; x_wconf 66' lang='lat' dir='ltr'><strong>horae;</strong></span> <span class='ocrx_word' id='word_1_658' title='bbox 2754 4237 2817 4277; x_wconf 90' lang='lat' dir='ltr'><strong>ac</strong></span> <span class='ocrx_word' id='word_1_659' title='bbox 2859 4223 2988 4277; x_wconf 89' lang='lat' dir='ltr'><strong>usui</strong></span> <span class='ocrx_word' id='word_1_660' title='bbox 3027 4222 3330 4279; x_wconf 88' lang='lat' dir='ltr'><strong>constituto</strong></span> <span class='ocrx_word' id='word_1_661' title='bbox 3374 4238 3494 4278; x_wconf 88' lang='lat' dir='ltr'><strong>ser-</strong></span> 
     </span>
    </p>
   </div>
   <div class='ocr_carea' id='block_1_88' title="bbox 1906 4313 3491 4389">
    <p class='ocr_par' dir='ltr' id='par_1_88' title="bbox 1906 4313 3491 4389">
     <span class='ocr_line' id='line_1_89' title="bbox 1906 4313 3491 4389; baseline -0.003 -13"><span class='ocrx_word' id='word_1_662' title='bbox 1906 4321 2101 4387; x_wconf 83' lang='lat' dir='ltr'><strong>viunt;</strong></span> <span class='ocrx_word' id='word_1_663' title='bbox 2142 4318 2302 4389; x_wconf 84' lang='lat' dir='ltr'><strong>juxta</strong></span> <span class='ocrx_word' id='word_1_664' title='bbox 2332 4317 2467 4372; x_wconf 89' lang='lat' dir='ltr'><strong>illud</strong></span> <span class='ocrx_word' id='word_1_665' title='bbox 2506 4317 2750 4373; x_wconf 87' lang='lat' dir='ltr'><strong>dictum:</strong></span> <span class='ocrx_word' id='word_1_666' title='bbox 2786 4333 2805 4367; x_wconf 80' lang='grc' dir='ltr'><strong>ι</strong></span> <span class='ocrx_word' id='word_1_667' title='bbox 2843 4313 3164 4370; x_wconf 90' lang='lat' dir='ltr'><strong>Terminum</strong></span> <span class='ocrx_word' id='word_1_668' title='bbox 3218 4316 3491 4387; x_wconf 87' lang='lat' dir='ltr'><strong>posuisti,</strong></span> 
     </span>
    </p>
   </div>
   <div class='ocr_carea' id='block_1_89' title="bbox 202 4407 1832 4485">
    <p class='ocr_par' dir='ltr' id='par_1_89' title="bbox 202 4408 1803 4483">
     <span class='ocr_line' id='line_1_90' title="bbox 202 4408 1803 4483; baseline 0.001 -21"><span class='ocrx_word' id='word_1_669' title='bbox 202 4409 312 4482; x_wconf 78' lang='grc' dir='ltr'>τῆς</span> <span class='ocrx_word' id='word_1_670' title='bbox 360 4408 681 4481; x_wconf 65' lang='grc' dir='ltr'>θαλάσσης·</span> <span class='ocrx_word' id='word_1_671' title='bbox 716 4427 735 4462; x_wconf 84' lang='grc' dir='ltr'><strong>ι</strong></span> <span class='ocrx_word' id='word_1_672' title='bbox 784 4409 1019 4481; x_wconf 84' lang='grc' dir='ltr'>Ἐθέμην</span> <span class='ocrx_word' id='word_1_673' title='bbox 1069 4410 1206 4483; x_wconf 77' lang='grc' dir='ltr'>αὐτῇ</span> <span class='ocrx_word' id='word_1_674' title='bbox 1255 4410 1398 4482; x_wconf 77' lang='grc' dir='ltr'>ὅρια,</span> <span class='ocrx_word' id='word_1_675' title='bbox 1428 4410 1674 4483; x_wconf 79' lang='grc' dir='ltr'>περιθεὶς</span> <span class='ocrx_word' id='word_1_676' title='bbox 1708 4409 1803 4464; x_wconf 81' lang='grc' dir='ltr'>καὶ</span> 
     </span>
    </p>
   </div>
   <div class='ocr_carea' id='block_1_90' title="bbox 1921 4407 3487 4485">
    <p class='ocr_par' dir='ltr' id='par_1_90' title="bbox 1921 4407 3487 4485">
     <span class='ocr_line' id='line_1_91' title="bbox 1921 4407 3487 4485; baseline -0.001 -17"><span class='ocrx_word' id='word_1_677' title='bbox 1921 4429 2074 4485; x_wconf 65' lang='lat' dir='ltr'><strong>quem</strong></span> <span class='ocrx_word' id='word_1_678' title='bbox 2086 4428 2196 4467; x_wconf 90' lang='lat' dir='ltr'><strong>non</strong></span> <span class='ocrx_word' id='word_1_679' title='bbox 2222 4408 2700 4483; x_wconf 75' lang='lat' dir='ltr'><strong>transgredientur</strong></span> <span class='ocrx_word' id='word_1_680' title='bbox 2719 4407 2761 4439; x_wconf 84' lang='grc'><strong>¹⁹</strong></span> <span class='ocrx_word' id='word_1_681' title='bbox 2786 4425 2803 4475; x_wconf 85' lang='lat'><strong>;</strong></span> <span class='ocrx_word' id='word_1_682' title='bbox 2831 4427 2849 4460; x_wconf 78' lang='grc' dir='ltr'><strong>ι</strong></span> <span class='ocrx_word' id='word_1_683' title='bbox 2886 4417 2941 4463; x_wconf 88' lang='lat' dir='ltr'><strong>et</strong></span> <span class='ocrx_word' id='word_1_684' title='bbox 2962 4408 3184 4472; x_wconf 90' lang='lat' dir='ltr'><strong>iterum,</strong></span> <span class='ocrx_word' id='word_1_685' title='bbox 3212 4408 3281 4464; x_wconf 90' lang='lat' dir='ltr'><strong>de</strong></span> <span class='ocrx_word' id='word_1_686' title='bbox 3309 4410 3450 4464; x_wconf 88' lang='lat' dir='ltr'><strong>mari</strong></span> <span class='ocrx_word' id='word_1_687' title='bbox 3468 4428 3487 4467; x_wconf 69' lang='grc' dir='ltr'><strong>ι</strong></span> 
     </span>
    </p>
   </div>
   <div class='ocr_carea' id='block_1_91' title="bbox 207 4498 1832 4574">
    <p class='ocr_par' dir='ltr' id='par_1_91' title="bbox 207 4498 1802 4574">
     <span class='ocr_line' id='line_1_92' title="bbox 207 4498 1802 4574; baseline 0 -19"><span class='ocrx_word' id='word_1_688' title='bbox 207 4499 457 4573; x_wconf 74' lang='grc' dir='ltr'>κλεῖθρα,</span> <span class='ocrx_word' id='word_1_689' title='bbox 519 4502 614 4556; x_wconf 78' lang='grc' dir='ltr'><strong>καὶ</strong></span> <span class='ocrx_word' id='word_1_690' title='bbox 651 4501 846 4568; x_wconf 76' lang='grc' dir='ltr'>πύλαςο</span> <span class='ocrx_word' id='word_1_691' title='bbox 900 4498 1031 4556; x_wconf 84' lang='grc' dir='ltr'>εἶπα</span> <span class='ocrx_word' id='word_1_692' title='bbox 1069 4502 1128 4557; x_wconf 79' lang='grc' dir='ltr'><strong>δὲ</strong></span> <span class='ocrx_word' id='word_1_693' title='bbox 1178 4502 1317 4574; x_wconf 77' lang='grc' dir='ltr'>αὐτῇ</span> <span class='ocrx_word' id='word_1_694' title='bbox 1340 4520 1353 4534; x_wconf 87' lang='grc'><strong>·</strong></span> <span class='ocrx_word' id='word_1_695' title='bbox 1389 4503 1566 4574; x_wconf 85' lang='grc' dir='ltr'>Μέχρι</span> <span class='ocrx_word' id='word_1_696' title='bbox 1610 4501 1802 4556; x_wconf 80' lang='grc' dir='ltr'>τούτου</span> 
     </span>
    </p>
   </div>
   <div class='ocr_carea' id='block_1_92' title="bbox 1921 4498 3491 4574">
    <p class='ocr_par' dir='ltr' id='par_1_92' title="bbox 1921 4501 3491 4571">
     <span class='ocr_line' id='line_1_93' title="bbox 1921 4501 3491 4571; baseline 0 -11"><span class='ocrx_word' id='word_1_697' title='bbox 1921 4506 2128 4562; x_wconf 77' lang='lat' dir='ltr'><strong>iPosui</strong></span> <span class='ocrx_word' id='word_1_698' title='bbox 2185 4505 2235 4560; x_wconf 89' lang='lat' dir='ltr'><strong>ei</strong></span> <span class='ocrx_word' id='word_1_699' title='bbox 2292 4503 2595 4567; x_wconf 76' lang='lat' dir='ltr'><strong>terminos,</strong></span> <span class='ocrx_word' id='word_1_700' title='bbox 2643 4508 2699 4557; x_wconf 91' lang='lat' dir='ltr'><strong>et</strong></span> <span class='ocrx_word' id='word_1_701' title='bbox 2745 4501 3117 4571; x_wconf 89' lang='lat' dir='ltr'><strong>circumposui</strong></span> <span class='ocrx_word' id='word_1_702' title='bbox 3154 4502 3395 4557; x_wconf 87' lang='lat' dir='ltr'><strong>claustra</strong></span> <span class='ocrx_word' id='word_1_703' title='bbox 3434 4509 3491 4560; x_wconf 84' lang='lat' dir='ltr'><strong>et</strong></span> 
     </span>
    </p>
   </div>
   <div class='ocr_carea' id='block_1_93' title="bbox 207 4592 1832 4667">
    <p class='ocr_par' dir='ltr' id='par_1_93' title="bbox 207 4593 1803 4667">
     <span class='ocr_line' id='line_1_94' title="bbox 207 4593 1803 4667; baseline 0 -19"><span class='ocrx_word' id='word_1_704' title='bbox 207 4593 429 4666; x_wconf 78' lang='grc' dir='ltr'>ὲλεύσῃ,</span> <span class='ocrx_word' id='word_1_705' title='bbox 454 4597 550 4649; x_wconf 76' lang='grc' dir='ltr'><strong>καὶ</strong></span> <span class='ocrx_word' id='word_1_706' title='bbox 570 4596 668 4666; x_wconf 82' lang='grc' dir='ltr'>οὐχ</span> <span class='ocrx_word' id='word_1_707' title='bbox 698 4595 986 4667; x_wconf 78' lang='grc' dir='ltr'>ὑπερδήσῃ</span> <span class='ocrx_word' id='word_1_708' title='bbox 1009 4611 1024 4627; x_wconf 89' lang='grc'><strong>·</strong></span> <span class='ocrx_word' id='word_1_709' title='bbox 1059 4614 1077 4647; x_wconf 81' lang='grc' dir='ltr'><strong>ι</strong></span> <span class='ocrx_word' id='word_1_710' title='bbox 1105 4595 1258 4667; x_wconf 84' lang='grc' dir='ltr'>πόσῳ</span> <span class='ocrx_word' id='word_1_711' title='bbox 1291 4595 1490 4667; x_wconf 77' lang='grc' dir='ltr'>μᾶλλον</span> <span class='ocrx_word' id='word_1_712' title='bbox 1520 4596 1678 4666; x_wconf 83' lang='grc' dir='ltr'>ὑμεῖς</span> <span class='ocrx_word' id='word_1_713' title='bbox 1709 4596 1803 4649; x_wconf 81' lang='grc' dir='ltr'><strong>οὐ-</strong></span> 
     </span>
    </p>
   </div>
   <div class='ocr_carea' id='block_1_94' title="bbox 1921 4592 3493 4667">
    <p class='ocr_par' dir='ltr' id='par_1_94' title="bbox 1921 4592 3493 4666">
     <span class='ocr_line' id='line_1_95' title="bbox 1921 4592 3493 4666; baseline -0.004 -9"><span class='ocrx_word' id='word_1_714' title='bbox 1921 4596 2207 4666; x_wconf 77' lang='lat' dir='ltr'><strong>)stia;dixi</strong></span> <span class='ocrx_word' id='word_1_715' title='bbox 2237 4602 2421 4651; x_wconf 85' lang='lat' dir='ltr'><strong>autem</strong></span> <span class='ocrx_word' id='word_1_716' title='bbox 2444 4595 2493 4651; x_wconf 90' lang='lat' dir='ltr'><strong>ei</strong></span> <span class='ocrx_word' id='word_1_717' title='bbox 2517 4614 2529 4650; x_wconf 90' lang='lat'><strong>:</strong></span> <span class='ocrx_word' id='word_1_718' title='bbox 2549 4592 2845 4664; x_wconf 85' lang='lat' dir='ltr'><strong>Hucusque</strong></span> <span class='ocrx_word' id='word_1_719' title='bbox 2867 4593 3073 4658; x_wconf 81' lang='lat' dir='ltr'><strong>venies,</strong></span> <span class='ocrx_word' id='word_1_720' title='bbox 3100 4603 3154 4649; x_wconf 90' lang='lat' dir='ltr'><strong>et</strong></span> <span class='ocrx_word' id='word_1_721' title='bbox 3180 4608 3288 4648; x_wconf 91' lang='lat' dir='ltr'><strong>non</strong></span> <span class='ocrx_word' id='word_1_722' title='bbox 3310 4602 3493 4651; x_wconf 85' lang='lat' dir='ltr'><strong>trans-</strong></span> 
     </span>
    </p>
   </div>
   <div class='ocr_carea' id='block_1_95' title="bbox 206 4684 1832 4762">
    <p class='ocr_par' dir='ltr' id='par_1_95' title="bbox 206 4687 1801 4762">
     <span class='ocr_line' id='line_1_96' title="bbox 206 4687 1801 4762; baseline 0.001 -20"><span class='ocrx_word' id='word_1_723' title='bbox 206 4688 298 4742; x_wconf 79' lang='grc' dir='ltr'>δὲν</span> <span class='ocrx_word' id='word_1_724' title='bbox 332 4687 575 4758; x_wconf 74' lang='grc' dir='ltr'>ὀφείλετε</span> <span class='ocrx_word' id='word_1_725' title='bbox 604 4688 807 4762; x_wconf 77' lang='grc' dir='ltr'>τολμᾷν</span> <span class='ocrx_word' id='word_1_726' title='bbox 841 4688 953 4762; x_wconf 89' lang='grc'><strong>(87)</strong></span> <span class='ocrx_word' id='word_1_727' title='bbox 995 4690 1322 4761; x_wconf 87' lang='grc' dir='ltr'>παρακινεῖν</span> <span class='ocrx_word' id='word_1_728' title='bbox 1348 4688 1458 4742; x_wconf 86' lang='grc' dir='ltr'>τῶν</span> <span class='ocrx_word' id='word_1_729' title='bbox 1493 4689 1624 4760; x_wconf 85' lang='grc' dir='ltr'>ὑμῖν</span> <span class='ocrx_word' id='word_1_730' title='bbox 1656 4688 1801 4743; x_wconf 87' lang='grc' dir='ltr'>κατά</span> 
     </span>
    </p>
   </div>
   <div class='ocr_carea' id='block_1_96' title="bbox 1921 4684 3489 4762">
    <p class='ocr_par' dir='ltr' id='par_1_96' title="bbox 1921 4684 3489 4761">
     <span class='ocr_line' id='line_1_97' title="bbox 1921 4684 3489 4761; baseline -0.001 -15"><span class='ocrx_word' id='word_1_731' title='bbox 1921 4692 2114 4758; x_wconf 62' lang='grc' dir='ltr'>,ιιὶείθς</span> <span class='ocrx_word' id='word_1_732' title='bbox 2145 4709 2165 4744; x_wconf 74' lang='grc' dir='ltr'><strong>ι</strong></span> <span class='ocrx_word' id='word_1_733' title='bbox 2214 4695 2421 4761; x_wconf 87' lang='lat' dir='ltr'><strong>quanto</strong></span> <span class='ocrx_word' id='word_1_734' title='bbox 2466 4685 2656 4757; x_wconf 76' lang='lat' dir='ltr'><strong>magis</strong></span> <span class='ocrx_word' id='word_1_735' title='bbox 2699 4700 2798 4742; x_wconf 87' lang='lat' dir='ltr'><strong>vos</strong></span> <span class='ocrx_word' id='word_1_736' title='bbox 2856 4701 2969 4741; x_wconf 89' lang='lat' dir='ltr'><strong>non</strong></span> <span class='ocrx_word' id='word_1_737' title='bbox 3010 4684 3224 4742; x_wconf 87' lang='lat' dir='ltr'><strong>debetis</strong></span> <span class='ocrx_word' id='word_1_738' title='bbox 3283 4686 3489 4745; x_wconf 87' lang='lat' dir='ltr'><strong>audere</strong></span> 
     </span>
    </p>
   </div>
   <div class='ocr_carea' id='block_1_97' title="bbox 286 4842 3483 4920">
    <p class='ocr_par' dir='ltr' id='par_1_97' title="bbox 286 4842 3483 4920">
     <span class='ocr_line' id='line_1_98' title="bbox 286 4842 3483 4920; baseline -0 -17"><span class='ocrx_word' id='word_1_739' title='bbox 286 4847 511 4920; x_wconf 76' lang='lat' dir='ltr'><strong>“Prov.</strong></span> <span class='ocrx_word' id='word_1_740' title='bbox 527 4846 891 4920; x_wconf 81' lang='lat' dir='ltr'><strong>_xxut;Eccll.</strong></span> <span class='ocrx_word' id='word_1_741' title='bbox 921 4866 1087 4914; x_wconf 76' lang='lat' dir='ltr'><strong>xxxi;</strong></span> <span class='ocrx_word' id='word_1_742' title='bbox 1118 4848 1320 4920; x_wconf 81' lang='lat' dir='ltr'><strong>Ephes.</strong></span> <span class='ocrx_word' id='word_1_743' title='bbox 1351 4867 1404 4905; x_wconf 85' lang='lat' dir='ltr'><strong>v.</strong></span> <span class='ocrx_word' id='word_1_744' title='bbox 1484 4850 1701 4906; x_wconf 83' lang='lat' dir='ltr'><strong>“Prov.</strong></span> <span class='ocrx_word' id='word_1_745' title='bbox 1738 4867 1888 4913; x_wconf 77' lang='lat' dir='ltr'><strong>xxvn,</strong></span> <span class='ocrx_word' id='word_1_746' title='bbox 1922 4849 1976 4906; x_wconf 90' lang='lat'><strong>9.</strong></span> <span class='ocrx_word' id='word_1_747' title='bbox 2056 4850 2099 4882; x_wconf 80' lang='grc'><strong>¹³</strong></span> <span class='ocrx_word' id='word_1_748' title='bbox 2135 4848 2251 4904; x_wconf 82' lang='lat' dir='ltr'><strong>Jac.</strong></span> <span class='ocrx_word' id='word_1_749' title='bbox 2284 4864 2345 4913; x_wconf 89' lang='grc' dir='ltr'><strong>ιι,</strong></span> <span class='ocrx_word' id='word_1_750' title='bbox 2376 4850 2428 4904; x_wconf 87' lang='lat'><strong>7.</strong></span> <span class='ocrx_word' id='word_1_751' title='bbox 2500 4848 2545 4882; x_wconf 77' lang='grc'>³⁸</span> <span class='ocrx_word' id='word_1_752' title='bbox 2567 4842 2745 4920; x_wconf 85' lang='lat' dir='ltr'><strong>_Prov.</strong></span> <span class='ocrx_word' id='word_1_753' title='bbox 2776 4845 3093 4920; x_wconf 15' lang='grc' dir='ltr'><strong>κωμίῖθεΔ</strong></span> <span class='ocrx_word' id='word_1_754' title='bbox 3117 4846 3166 4920; x_wconf 60' lang='grc' dir='ltr'><strong>ξ’</strong></span> <span class='ocrx_word' id='word_1_755' title='bbox 3205 4845 3396 4920; x_wconf 70' lang='lat' dir='ltr'><strong>Matth.</strong></span> <span class='ocrx_word' id='word_1_756' title='bbox 3424 4862 3483 4920; x_wconf 57' lang='grc' dir='ltr'>ξ,</span> 
     </span>
    </p>
   </div>
   <div class='ocr_carea' id='block_1_98' title="bbox 205 4916 1832 4994">
    <p class='ocr_par' dir='ltr' id='par_1_98' title="bbox 205 4916 1832 4994">
     <span class='ocr_line' id='line_1_99' title="bbox 205 4916 1832 4994; baseline 0.002 -21"><span class='ocrx_word' id='word_1_757' title='bbox 205 4920 303 4994; x_wconf 58' lang='lat'><strong>23.</strong></span> <span class='ocrx_word' id='word_1_758' title='bbox 339 4990 351 4994; x_wconf 91' lang='lat'><em>_</em></span> <span class='ocrx_word' id='word_1_759' title='bbox 412 4920 456 4952; x_wconf 78' lang='lat'><strong>“</strong></span> <span class='ocrx_word' id='word_1_760' title='bbox 493 4918 869 4994; x_wconf 76' lang='lat' dir='ltr'><strong>Matth._x_xv1.</strong></span> <span class='ocrx_word' id='word_1_761' title='bbox 896 4920 989 4978; x_wconf 69' lang='lat'><strong>61.</strong></span> <span class='ocrx_word' id='word_1_762' title='bbox 1066 4922 1109 4953; x_wconf 82' lang='lat'>&quot;</span> <span class='ocrx_word' id='word_1_763' title='bbox 1148 4916 1220 4978; x_wconf 80' lang='lat' dir='ltr'><strong>al.</strong></span> <span class='ocrx_word' id='word_1_764' title='bbox 1258 4921 1594 4994; x_wconf 83' lang='grc' dir='ltr'>προσίενται.</span> <span class='ocrx_word' id='word_1_765' title='bbox 1674 4923 1717 4955; x_wconf 77' lang='grc'><strong>³⁸</strong></span> <span class='ocrx_word' id='word_1_766' title='bbox 1753 4921 1832 4977; x_wconf 86' lang='lat' dir='ltr'><strong>Lu</strong></span> 
     </span>
    </p>
   </div>
   <div class='ocr_carea' id='block_1_99' title="bbox 1921 4916 3482 4994">
    <p class='ocr_par' dir='ltr' id='par_1_99' title="bbox 1922 4916 3482 4989">
     <span class='ocr_line' id='line_1_100' title="bbox 1922 4916 3482 4989; baseline -0.001 -14"><span class='ocrx_word' id='word_1_767' title='bbox 1922 4938 1978 4987; x_wconf 87' lang='lat' dir='ltr'><strong>x,</strong></span> <span class='ocrx_word' id='word_1_768' title='bbox 2005 4921 2106 4989; x_wconf 73' lang='lat'><strong>16;</strong></span> <span class='ocrx_word' id='word_1_769' title='bbox 2135 4921 2325 4976; x_wconf 75' lang='lat' dir='ltr'><strong>Matth.</strong></span> <span class='ocrx_word' id='word_1_770' title='bbox 2357 4938 2412 4989; x_wconf 80' lang='grc' dir='ltr'>ι,</span> <span class='ocrx_word' id='word_1_771' title='bbox 2440 4920 2512 4976; x_wconf 73' lang='grc'><strong>40</strong></span> <span class='ocrx_word' id='word_1_772' title='bbox 2530 4917 2717 4988; x_wconf 79' lang='lat' dir='ltr'><strong>;Joan.</strong></span> <span class='ocrx_word' id='word_1_773' title='bbox 2745 4935 2863 4983; x_wconf 85' lang='lat' dir='ltr'><strong>xm,</strong></span> <span class='ocrx_word' id='word_1_774' title='bbox 2890 4918 2982 4974; x_wconf 71' lang='lat'><strong>20.</strong></span> <span class='ocrx_word' id='word_1_775' title='bbox 3056 4916 3097 4948; x_wconf 79' lang='lat'>“</span> <span class='ocrx_word' id='word_1_776' title='bbox 3112 4916 3261 4974; x_wconf 87' lang='lat' dir='ltr'><strong>Psal.</strong></span> <span class='ocrx_word' id='word_1_777' title='bbox 3282 4932 3396 4988; x_wconf 84' lang='lat' dir='ltr'><strong>cut,</strong></span> <span class='ocrx_word' id='word_1_778' title='bbox 3425 4918 3482 4973; x_wconf 85' lang='lat'><strong>9.</strong></span> 
     </span>
    </p>
   </div>
   <div class='ocr_carea' id='block_1_100' title="bbox 211 4989 782 5052">
    <p class='ocr_par' dir='ltr' id='par_1_100' title="bbox 211 4989 782 5052">
     <span class='ocr_line' id='line_1_101' title="bbox 211 4989 782 5052; baseline -0.004 -5"><span class='ocrx_word' id='word_1_779' title='bbox 211 4990 373 5048; x_wconf 69' lang='lat' dir='ltr'><strong>“Job</strong></span> <span class='ocrx_word' id='word_1_780' title='bbox 426 5006 663 5052; x_wconf 81' lang='lat' dir='ltr'><strong>xxxvut.</strong></span> <span class='ocrx_word' id='word_1_781' title='bbox 696 4989 782 5047; x_wconf 87' lang='grc'><strong>11.</strong></span> 
     </span>
    </p>
   </div>
   <div class='ocr_carea' id='block_1_101' title="bbox 1514 5104 2162 5164">
    <p class='ocr_par' dir='ltr' id='par_1_101' title="bbox 1514 5104 2162 5164">
     <span class='ocr_line' id='line_1_102' title="bbox 1514 5104 2162 5164; baseline -0.002 -1"><span class='ocrx_word' id='word_1_782' title='bbox 1514 5106 1877 5164; x_wconf 77' lang='lat' dir='ltr'><strong>VARIORUM</strong></span> <span class='ocrx_word' id='word_1_783' title='bbox 1928 5104 2162 5162; x_wconf 67' lang='lat' dir='ltr'><strong>NOTAE.</strong></span> 
     </span>
    </p>
   </div>
   <div class='ocr_carea' id='block_1_102' title="bbox 310 5218 2417 5299">
    <p class='ocr_par' dir='ltr' id='par_1_102' title="bbox 310 5218 2417 5299">
     <span class='ocr_line' id='line_1_103' title="bbox 310 5218 2417 5299; baseline 0 -24"><span class='ocrx_word' id='word_1_784' title='bbox 310 5222 399 5299; x_wconf 61' lang='grc' dir='ltr'>βο)</span> <span class='ocrx_word' id='word_1_785' title='bbox 428 5220 547 5299; x_wconf 51' lang='lat' dir='ltr'><strong>Eat</strong></span> <span class='ocrx_word' id='word_1_786' title='bbox 584 5220 719 5299; x_wconf 73' lang='lat' dir='ltr'><strong>Dele</strong></span> <span class='ocrx_word' id='word_1_787' title='bbox 733 5236 860 5299; x_wconf 71' lang='lat' dir='ltr'><strong>cum</strong></span> <span class='ocrx_word' id='word_1_788' title='bbox 888 5222 1060 5299; x_wconf 75' lang='lat' dir='ltr'><strong>altero</strong></span> <span class='ocrx_word' id='word_1_789' title='bbox 1077 5219 1201 5299; x_wconf 79' lang='lat' dir='ltr'><strong>cod.</strong></span> <span class='ocrx_word' id='word_1_790' title='bbox 1226 5220 1389 5299; x_wconf 72' lang='lat' dir='ltr'><strong>Vind.</strong></span> <span class='ocrx_word' id='word_1_791' title='bbox 1417 5221 1606 5299; x_wconf 69' lang='lat' dir='ltr'><strong>Cncn._</strong></span> <span class='ocrx_word' id='word_1_792' title='bbox 1653 5294 1665 5299; x_wconf 87' lang='lat'>_</span> <span class='ocrx_word' id='word_1_793' title='bbox 1690 5293 1703 5299; x_wconf 91' lang='lat'>_</span> <span class='ocrx_word' id='word_1_794' title='bbox 1905 5220 2226 5299; x_wconf 47' lang='lat' dir='ltr'><strong>animus;</strong></span> <span class='ocrx_word' id='word_1_795' title='bbox 2277 5218 2417 5275; x_wconf 86' lang='lat' dir='ltr'><strong>Cor.</strong></span> 
     </span>
    </p>
   </div>
   <div class='ocr_carea' id='block_1_103' title="bbox 2129 5286 3333 5358">
    <p class='ocr_par' dir='ltr' id='par_1_103' title="bbox 2129 5286 3333 5358">
     <span class='ocr_line' id='line_1_104' title="bbox 2129 5286 3333 5358; baseline -0.001 -14"><span class='ocrx_word' id='word_1_796' title='bbox 2129 5292 2450 5344; x_wconf 68' lang='lat' dir='ltr'><strong>&quot;Exactor.</strong></span> <span class='ocrx_word' id='word_1_797' title='bbox 2484 5288 2647 5343; x_wconf 82' lang='lat' dir='ltr'><strong>Addit</strong></span> <span class='ocrx_word' id='word_1_798' title='bbox 2682 5288 2820 5342; x_wconf 81' lang='lat' dir='ltr'><strong>alter</strong></span> <span class='ocrx_word' id='word_1_799' title='bbox 2847 5286 2970 5342; x_wconf 91' lang='lat' dir='ltr'><strong>eod.</strong></span> <span class='ocrx_word' id='word_1_800' title='bbox 3006 5286 3123 5358; x_wconf 80' lang='grc' dir='ltr'>μέν.</span> <span class='ocrx_word' id='word_1_801' title='bbox 3161 5287 3333 5343; x_wconf 77' lang='lat' dir='ltr'><strong>CLEII.</strong></span> 
     </span>
    </p>
   </div>
   <div class='ocr_carea' id='block_1_104' title="bbox 351 5275 2090 5365">
    <p class='ocr_par' dir='ltr' id='par_1_104' title="bbox 351 5275 2090 5365">
     <span class='ocr_line' id='line_1_105' title="bbox 351 5275 2090 5365; baseline -0.001 -18"><span class='ocrx_word' id='word_1_802' title='bbox 351 5275 398 5365; x_wconf 60' lang='grc' dir='ltr'>ᾖ</span> <span class='ocrx_word' id='word_1_803' title='bbox 427 5275 819 5348; x_wconf 51' lang='lat' dir='ltr'><strong>neuter-celi:</strong></span> <span class='ocrx_word' id='word_1_804' title='bbox 853 5275 1198 5348; x_wconf 48' lang='lat' dir='ltr'><strong>alterum.</strong></span> <span class='ocrx_word' id='word_1_805' title='bbox 1235 5275 1609 5365; x_wconf 44' lang='lat' dir='ltr'><strong>striatam</strong></span> <span class='ocrx_word' id='word_1_806' title='bbox 1653 5293 1796 5349; x_wconf 87' lang='lat' dir='ltr'><strong>idem</strong></span> <span class='ocrx_word' id='word_1_807' title='bbox 1977 5275 2090 5365; x_wconf 51' lang='grc' dir='ltr'><strong>(δὲ)</strong></span> 
     </span>
    </p>
   </div>
   <div class='ocr_carea' id='block_1_105' title="bbox 208 5362 1047 5505">
    <p class='ocr_par' dir='ltr' id='par_1_105' title="bbox 208 5362 1047 5505">
     <span class='ocr_line' id='line_1_106' title="bbox 208 5362 1047 5505; baseline 0 -16"><span class='ocrx_word' id='word_1_808' title='bbox 208 5362 431 5505; x_wconf 44' lang='grc' dir='ltr'><strong>θειάζῖ</strong></span> <span class='ocrx_word' id='word_1_809' title='bbox 450 5433 1047 5505; x_wconf 64' lang='grc' dir='ltr'>Κατασκοπουιιένων</span> 
     </span>
    </p>
   </div>
   <div class='ocr_carea' id='block_1_106' title="bbox 210 5504 1791 5574">
    <p class='ocr_par' dir='ltr' id='par_1_106' title="bbox 210 5504 1791 5574">
     <span class='ocr_line' id='line_1_107' title="bbox 210 5504 1791 5574; baseline -0.003 -13"><span class='ocrx_word' id='word_1_810' title='bbox 210 5504 486 5561; x_wconf 75' lang='lat' dir='ltr'><strong>AntioCho</strong></span> <span class='ocrx_word' id='word_1_811' title='bbox 516 5505 738 5560; x_wconf 90' lang='lat' dir='ltr'><strong>homilia</strong></span> <span class='ocrx_word' id='word_1_812' title='bbox 767 5504 822 5562; x_wconf 84' lang='lat'><strong>5.</strong></span> <span class='ocrx_word' id='word_1_813' title='bbox 850 5504 1030 5560; x_wconf 89' lang='lat' dir='ltr'><strong>Unum</strong></span> <span class='ocrx_word' id='word_1_814' title='bbox 1069 5507 1347 5574; x_wconf 88' lang='lat' dir='ltr'><strong>exemplar</strong></span> <span class='ocrx_word' id='word_1_815' title='bbox 1382 5521 1485 5563; x_wconf 90' lang='lat' dir='ltr'><strong>ms.</strong></span> <span class='ocrx_word' id='word_1_816' title='bbox 1517 5521 1791 5561; x_wconf 71' lang='lat' dir='ltr'><strong>uarach-</strong></span> 
     </span>
    </p>
   </div>
   <div class='ocr_carea' id='block_1_107' title="bbox 209 5574 1475 5642">
    <p class='ocr_par' dir='ltr' id='par_1_107' title="bbox 209 5574 1475 5642">
     <span class='ocr_line' id='line_1_108' title="bbox 209 5574 1475 5642; baseline 0 -10"><span class='ocrx_word' id='word_1_817' title='bbox 209 5575 524 5642; x_wconf 65' lang='lat' dir='ltr'><strong>ercoéwm;</strong></span> <span class='ocrx_word' id='word_1_818' title='bbox 557 5575 727 5638; x_wconf 88' lang='lat' dir='ltr'><strong>aliud,</strong></span> <span class='ocrx_word' id='word_1_819' title='bbox 759 5574 1268 5630; x_wconf 85' lang='grc' dir='ltr'>κατασκοπούντων.</span> <span class='ocrx_word' id='word_1_820' title='bbox 1300 5574 1439 5632; x_wconf 82' lang='lat' dir='ltr'><strong>Cor.</strong></span> <span class='ocrx_word' id='word_1_821' title='bbox 1471 5602 1475 5607; x_wconf 88' lang='grc'><strong>·</strong></span> 
     </span>
    </p>
   </div>
   <div class='ocr_carea' id='block_1_108' title="bbox 282 5643 1794 5720">
    <p class='ocr_par' dir='ltr' id='par_1_108' title="bbox 282 5643 1794 5720">
     <span class='ocr_line' id='line_1_109' title="bbox 282 5643 1794 5720; baseline -0.001 -19"><span class='ocrx_word' id='word_1_822' title='bbox 282 5646 399 5720; x_wconf 79' lang='grc'>(85)</span> <span class='ocrx_word' id='word_1_823' title='bbox 424 5645 567 5715; x_wconf 77' lang='grc' dir='ltr'>Περὶ</span> <span class='ocrx_word' id='word_1_824' title='bbox 591 5645 721 5711; x_wconf 84' lang='grc' dir='ltr'>τοῦ,</span> <span class='ocrx_word' id='word_1_825' title='bbox 751 5654 858 5702; x_wconf 87' lang='lat' dir='ltr'><strong>etc.</strong></span> <span class='ocrx_word' id='word_1_826' title='bbox 884 5647 1047 5703; x_wconf 87' lang='lat' dir='ltr'><strong>Deest</strong></span> <span class='ocrx_word' id='word_1_827' title='bbox 1067 5645 1351 5718; x_wconf 85' lang='lat' dir='ltr'><strong>inscriptio</strong></span> <span class='ocrx_word' id='word_1_828' title='bbox 1382 5645 1440 5701; x_wconf 89' lang='lat' dir='ltr'><strong>in</strong></span> <span class='ocrx_word' id='word_1_829' title='bbox 1468 5646 1640 5705; x_wconf 83' lang='lat' dir='ltr'><strong>altero</strong></span> <span class='ocrx_word' id='word_1_830' title='bbox 1665 5643 1794 5702; x_wconf 86' lang='lat' dir='ltr'><strong>cod.</strong></span> 
     </span>
    </p>
   </div>
   <div class='ocr_carea' id='block_1_109' title="bbox 211 5718 1793 5858">
    <p class='ocr_par' dir='ltr' id='par_1_109' title="bbox 211 5718 1793 5858">
     <span class='ocr_line' id='line_1_110' title="bbox 211 5718 1793 5858; baseline -0.001 -12"><span class='ocrx_word' id='word_1_831' title='bbox 211 5718 607 5855; x_wconf 44' lang='lat' dir='ltr'><strong>uigiliae-ﬁ</strong></span> <span class='ocrx_word' id='word_1_832' title='bbox 663 5785 902 5855; x_wconf 80' lang='grc' dir='ltr'>πάντες.</span> <span class='ocrx_word' id='word_1_833' title='bbox 954 5787 1016 5846; x_wconf 86' lang='lat' dir='ltr'><strong>In</strong></span> <span class='ocrx_word' id='word_1_834' title='bbox 1062 5786 1278 5844; x_wconf 86' lang='lat' dir='ltr'><strong>duobus</strong></span> <span class='ocrx_word' id='word_1_835' title='bbox 1323 5787 1546 5858; x_wconf 84' lang='lat' dir='ltr'><strong>scriptis</strong></span> <span class='ocrx_word' id='word_1_836' title='bbox 1591 5785 1793 5855; x_wconf 82' lang='lat' dir='ltr'><strong>libris,</strong></span> 
     </span>
    </p>
   </div>
   <div class='ocr_carea' id='block_1_110' title="bbox 1050 5432 1796 5504">
    <p class='ocr_par' dir='ltr' id='par_1_110' title="bbox 1050 5432 1796 5504">
     <span class='ocr_line' id='line_1_111' title="bbox 1050 5432 1796 5504; baseline -0.005 -14"><span class='ocrx_word' id='word_1_837' title='bbox 1050 5475 1067 5490; x_wconf 93' lang='lat'><strong>.</strong></span> <span class='ocrx_word' id='word_1_838' title='bbox 1113 5432 1209 5490; x_wconf 82' lang='lat' dir='ltr'><strong>Sic</strong></span> <span class='ocrx_word' id='word_1_839' title='bbox 1254 5449 1475 5504; x_wconf 86' lang='lat' dir='ltr'><strong>quoque</strong></span> <span class='ocrx_word' id='word_1_840' title='bbox 1504 5434 1708 5490; x_wconf 89' lang='lat' dir='ltr'><strong>citatur</strong></span> <span class='ocrx_word' id='word_1_841' title='bbox 1739 5433 1796 5487; x_wconf 92' lang='lat' dir='ltr'><strong>in</strong></span> 
     </span>
    </p>
   </div>
   <div class='ocr_carea' id='block_1_111' title="bbox 1979 5357 3482 5433">
    <p class='ocr_par' dir='ltr' id='par_1_111' title="bbox 1979 5357 3482 5433">
     <span class='ocr_line' id='line_1_112' title="bbox 1979 5357 3482 5433; baseline -0.001 -18"><span class='ocrx_word' id='word_1_842' title='bbox 1979 5357 2094 5433; x_wconf 83' lang='lat'><strong>(86)</strong></span> <span class='ocrx_word' id='word_1_843' title='bbox 2127 5361 2367 5433; x_wconf 56' lang='lat' dir='ltr'><strong>&quot;Hdtog.</strong></span> <span class='ocrx_word' id='word_1_844' title='bbox 2391 5358 2658 5433; x_wconf 81' lang='lat' dir='ltr'><strong>Scholion</strong></span> <span class='ocrx_word' id='word_1_845' title='bbox 2679 5359 2747 5414; x_wconf 92' lang='lat' dir='ltr'><strong>ad</strong></span> <span class='ocrx_word' id='word_1_846' title='bbox 2783 5359 2900 5413; x_wconf 70' lang='lat' dir='ltr'><strong>hac</strong></span> <span class='ocrx_word' id='word_1_847' title='bbox 2931 5357 3101 5433; x_wconf 63' lang='lat' dir='ltr'><strong>verba</strong></span> <span class='ocrx_word' id='word_1_848' title='bbox 3129 5357 3339 5433; x_wconf 28' lang='lat' dir='ltr'><strong>habet“;</strong></span> <span class='ocrx_word' id='word_1_849' title='bbox 3358 5357 3482 5414; x_wconf 76' lang='grc' dir='ltr'>Ὅτι</span> 
     </span>
    </p>
   </div>
   <div class='ocr_carea' id='block_1_112' title="bbox 1904 5427 3481 5502">
    <p class='ocr_par' dir='ltr' id='par_1_112' title="bbox 1904 5427 3481 5502">
     <span class='ocr_line' id='line_1_113' title="bbox 1904 5427 3481 5502; baseline -0.001 -18"><span class='ocrx_word' id='word_1_850' title='bbox 1904 5427 2084 5500; x_wconf 68' lang='grc' dir='ltr'>ἥλιος,</span> <span class='ocrx_word' id='word_1_851' title='bbox 2114 5431 2209 5502; x_wconf 73' lang='grc' dir='ltr'><strong>καὶ</strong></span> <span class='ocrx_word' id='word_1_852' title='bbox 2250 5431 2478 5502; x_wconf 82' lang='grc' dir='ltr'>σελήνη,</span> <span class='ocrx_word' id='word_1_853' title='bbox 2508 5430 2603 5483; x_wconf 78' lang='grc' dir='ltr'><strong>καὶ</strong></span> <span class='ocrx_word' id='word_1_854' title='bbox 2629 5430 2834 5501; x_wconf 80' lang='grc' dir='ltr'>ἄστρα,</span> <span class='ocrx_word' id='word_1_855' title='bbox 2865 5427 2960 5502; x_wconf 61' lang='grc' dir='ltr'><strong>καὶ</strong></span> <span class='ocrx_word' id='word_1_856' title='bbox 2991 5427 3061 5481; x_wconf 83' lang='grc' dir='ltr'>τὰ</span> <span class='ocrx_word' id='word_1_857' title='bbox 3087 5427 3251 5481; x_wconf 84' lang='grc' dir='ltr'>λοιπά</span> <span class='ocrx_word' id='word_1_858' title='bbox 3276 5428 3481 5502; x_wconf 69' lang='grc' dir='ltr'>ἀψυχα.</span> 
     </span>
    </p>
   </div>
   <div class='ocr_carea' id='block_1_113' title="bbox 1917 5500 3483 5571">
    <p class='ocr_par' dir='ltr' id='par_1_113' title="bbox 1917 5500 3483 5571">
     <span class='ocr_line' id='line_1_114' title="bbox 1917 5500 3483 5571; baseline -0.001 -14"><span class='ocrx_word' id='word_1_859' title='bbox 1917 5512 2109 5557; x_wconf 87' lang='lat' dir='ltr'><strong>contra</strong></span> <span class='ocrx_word' id='word_1_860' title='bbox 2136 5500 2450 5571; x_wconf 71' lang='lat' dir='ltr'><strong>Origenem.</strong></span> <span class='ocrx_word' id='word_1_861' title='bbox 2487 5502 2581 5569; x_wconf 93' lang='lat' dir='ltr'><strong>qui</strong></span> <span class='ocrx_word' id='word_1_862' title='bbox 2613 5500 2762 5571; x_wconf 73' lang='lat' dir='ltr'><strong>astra</strong></span> <span class='ocrx_word' id='word_1_863' title='bbox 2801 5500 3042 5571; x_wconf 62' lang='lat' dir='ltr'><strong>animata</strong></span> <span class='ocrx_word' id='word_1_864' title='bbox 3057 5513 3201 5571; x_wconf 67' lang='lat' dir='ltr'><strong>esse</strong></span> <span class='ocrx_word' id='word_1_865' title='bbox 3229 5500 3483 5571; x_wconf 63' lang='lat' dir='ltr'><strong>putabat.</strong></span> 
     </span>
    </p>
   </div>
   <div class='ocr_carea' id='block_1_114' title="bbox 1903 5567 3481 5639">
    <p class='ocr_par' dir='ltr' id='par_1_114' title="bbox 1903 5567 3481 5639">
     <span class='ocr_line' id='line_1_115' title="bbox 1903 5567 3481 5639; baseline 0.002 -13"><span class='ocrx_word' id='word_1_866' title='bbox 1903 5572 2041 5627; x_wconf 87' lang='lat' dir='ltr'><strong>Eum</strong></span> <span class='ocrx_word' id='word_1_867' title='bbox 2074 5572 2198 5627; x_wconf 85' lang='lat' dir='ltr'><strong>vide</strong></span> <span class='ocrx_word' id='word_1_868' title='bbox 2230 5567 2324 5627; x_wconf 73' lang='lat' dir='ltr'><strong>lib.</strong></span> <span class='ocrx_word' id='word_1_869' title='bbox 2343 5588 2376 5627; x_wconf 84' lang='lat' dir='ltr'><strong>v</strong></span> <span class='ocrx_word' id='word_1_870' title='bbox 2425 5567 2611 5625; x_wconf 77' lang='lat' dir='ltr'><strong>contra</strong></span> <span class='ocrx_word' id='word_1_871' title='bbox 2642 5569 2874 5639; x_wconf 79' lang='lat' dir='ltr'><strong>Celsum,</strong></span> <span class='ocrx_word' id='word_1_872' title='bbox 2899 5585 2953 5639; x_wconf 90' lang='lat' dir='ltr'><strong>p.</strong></span> <span class='ocrx_word' id='word_1_873' title='bbox 2975 5567 3104 5633; x_wconf 76' lang='grc'>258,</span> <span class='ocrx_word' id='word_1_874' title='bbox 3126 5567 3215 5628; x_wconf 84' lang='lat' dir='ltr'><strong>ed.</strong></span> <span class='ocrx_word' id='word_1_875' title='bbox 3233 5567 3481 5629; x_wconf 78' lang='lat' dir='ltr'><strong>Cantab.</strong></span> 
     </span>
    </p>
   </div>
   <div class='ocr_carea' id='block_1_115' title="bbox 1902 5638 2905 5712">
    <p class='ocr_par' dir='ltr' id='par_1_115' title="bbox 1902 5638 2905 5712">
     <span class='ocr_line' id='line_1_116' title="bbox 1902 5638 2905 5712; baseline -0.005 -12"><span class='ocrx_word' id='word_1_876' title='bbox 1902 5650 1959 5700; x_wconf 86' lang='lat' dir='ltr'><strong>et</strong></span> <span class='ocrx_word' id='word_1_877' title='bbox 1988 5645 2127 5698; x_wconf 87' lang='lat' dir='ltr'><strong>libro</strong></span> <span class='ocrx_word' id='word_1_878' title='bbox 2162 5643 2233 5696; x_wconf 87' lang='lat' dir='ltr'><strong>De</strong></span> <span class='ocrx_word' id='word_1_879' title='bbox 2262 5644 2521 5705; x_wconf 80' lang='lat' dir='ltr'><strong>oratione,</strong></span> <span class='ocrx_word' id='word_1_880' title='bbox 2549 5656 2673 5712; x_wconf 84' lang='lat' dir='ltr'><strong>cap.</strong></span> <span class='ocrx_word' id='word_1_881' title='bbox 2698 5640 2792 5697; x_wconf 64' lang='grc' dir='ltr'><strong>Ἡ.</strong></span> <span class='ocrx_word' id='word_1_882' title='bbox 2827 5638 2905 5695; x_wconf 85' lang='lat' dir='ltr'><strong>In.</strong></span> 
     </span>
    </p>
   </div>
   <div class='ocr_carea' id='block_1_116' title="bbox 1974 5710 3481 5785">
    <p class='ocr_par' dir='ltr' id='par_1_116' title="bbox 1974 5710 3481 5785">
     <span class='ocr_line' id='line_1_117' title="bbox 1974 5710 3481 5785; baseline 0.003 -17"><span class='ocrx_word' id='word_1_883' title='bbox 1974 5714 2088 5785; x_wconf 89' lang='lat'><strong>(87)</strong></span> <span class='ocrx_word' id='word_1_884' title='bbox 2124 5712 2375 5785; x_wconf 51' lang='lat' dir='ltr'><strong>Tmarii)“.</strong></span> <span class='ocrx_word' id='word_1_885' title='bbox 2430 5712 2597 5770; x_wconf 86' lang='lat' dir='ltr'><strong>Deest</strong></span> <span class='ocrx_word' id='word_1_886' title='bbox 2621 5710 2697 5768; x_wconf 56' lang='lat' dir='ltr'><strong>&#39;in</strong></span> <span class='ocrx_word' id='word_1_887' title='bbox 2757 5712 2933 5770; x_wconf 85' lang='lat' dir='ltr'><strong>altero</strong></span> <span class='ocrx_word' id='word_1_888' title='bbox 2974 5710 3195 5782; x_wconf 82' lang='lat' dir='ltr'><strong>codice;</strong></span> <span class='ocrx_word' id='word_1_889' title='bbox 3237 5725 3305 5770; x_wconf 81' lang='lat' dir='ltr'><strong>ac</strong></span> <span class='ocrx_word' id='word_1_890' title='bbox 3344 5726 3481 5773; x_wconf 70' lang='lat' dir='ltr'><strong>mle</strong></span> 
     </span>
    </p>
   </div>
   <div class='ocr_carea' id='block_1_117' title="bbox 1901 5782 2274 5843">
    <p class='ocr_par' dir='ltr' id='par_1_117' title="bbox 1901 5782 2274 5843">
     <span class='ocr_line' id='line_1_118' title="bbox 1901 5782 2274 5843; baseline 0.008 -3"><span class='ocrx_word' id='word_1_891' title='bbox 1901 5782 2164 5842; x_wconf 73' lang='lat' dir='ltr'><strong>abundat.</strong></span> <span class='ocrx_word' id='word_1_892' title='bbox 2198 5782 2274 5843; x_wconf 69' lang='lat' dir='ltr'><strong>In.</strong></span> 
     </span>
    </p>
   </div>
  </div>
