3890 6192
500 199 634 257 1151

1344 195 1402 255 8.
1437 195 1832 255 ειειιεκτιε
1862 195 1882 249 1
1915 192 2082 251 ΒΟΜ.
2121 190 2323 250 ΡΟΝΤ.
2360 190 2593 249 OPERA
2627 192 2861 255 DUBiA.

3628 204 3745 262 ΗΞ

474 315 798 388 quidquam
828 327 1018 368 eorum
1066 311 1345 368 dimovere
1365 353 1381 378 ,
1414 326 1537 383 qua:
1569 312 1725 368 vobis
1762 309 2071 366 secundum

2176 306 2402 379 γνώμην
2438 306 2575 361 Θεοῦ
2618 312 2747 382 παρ’
2797 310 2956 382 ήμῶν
3000 312 3364 384 όρισθέντωνς
3406 316 3528 373 ἀλλ’
3572 320 3744 398 ἐπειδὴ

465 412 830 468 .volnntatem
868 406 962 462 Dei
1000 423 1093 478 per
1116 422 1217 463 nos
1251 405 1476 461 deﬁnita
1508 405 1678 462 sunt?
1705 403 1910 461 Verum
1938 403 2071 476 quia

496 502 655 560 multi
687 504 790 557 hoc
818 515 927 555 non
973 515 1097 555 esse
1144 498 1514 554 necessarium
1563 503 1928 569 putaverunt;
1962 496 2073 550 imo

496 594 835 652 confundere
862 592 1115 656 ordines,
1146 607 1209 645 ac
1238 590 1537 661 unicuique
1567 590 1829 646 tributam
1849 589 2071 643 ordina—

496 689 699 744 tionem
729 685 1059 742 labefactare
1083 684 1305 748 audent,
1330 682 1435 738 sibi
1465 682 1795 755 arripientes
1817 697 1925 736 non
1956 687 2071 735 tra-

494 781 638 836 ditas
667 780 986 850 dignitates,
1010 792 1074 831 ac
1096 776 1384 848 tyrannica
1417 776 1797 846 permittentes
1828 774 1934 831 sibi
1965 788 2030 829 ea
2049 812 2066 839 ,

491 890 726 945 quorum
756 871 1060 927 dandorum
1090 876 1417 940 potestatem
1442 883 1550 922 non
1586 866 1781 922 habent
1807 885 1824 935 ;
1851 881 1917 920 ac
1941 880 2068 937 pro—

492 974 701 1037 pterea,
747 972 863 1017 tum
916 961 1084 1017 Deum
1132 960 1379 1024 irritant,
1412 958 1871 1029 quemadmodum
1910 956 2068 1013 Cori-

489 1058 637 1121 tar",
661 1063 716 1111 et
743 1070 836 1110 rex
864 1051 1110 1119 Ozias",
1132 1052 1227 1123 qui
1249 1059 1447 1122 praeter
1466 1051 1787 1123 dignitatem
1809 1089 1825 1117 ,
1855 1066 1918 1105 ac
1946 1050 2068 1106 sine

487 1147 599 1204 Deo
657 1153 991 1218 usurparunt
1044 1143 1457 1216 pontiﬁcatum,
1516 1149 1680 1214 atque
1721 1141 1799 1196 illi
1843 1140 2065 1212 quidem

487 1239 616 1294 facti
666 1246 795 1295 sunt
824 1238 967 1310 ignis
997 1236 1279 1308 pabulum,
1306 1235 1395 1290 hic
1424 1250 1551 1292 vero
1585 1234 1641 1289 in
1674 1232 1853 1289 fronte
1884 1234 2065 1304 lepro-

486 1348 618 1399 sus;
650 1338 763 1386 tum
795 1337 1124 1403 exasperant
1150 1328 1431 1383 Christum
1462 1325 1674 1391 Jesum,
1705 1326 1800 1397 qui
1828 1325 1900 1381 ita
1930 1342 2066 1381 con-

486 1424 709 1491 stituit;
743 1430 861 1478 tum
904 1421 1264 1477 constristant
1309 1419 1576 1493 Spiritum
1606 1429 1879 1487 sanctum,
1909 1419 2064 1474 inﬁr-

483 1525 699 1573 mantes
746 1516 893 1572 illius
935 1513 1307 1571 testimonium
1348 1532 1360 1568 :
1394 1512 1606 1567 idcirco
1638 1511 1800 1582 jure,
1842 1511 2062 1583 pericu-

481 1611 593 1665 lum
619 1609 686 1664 iis
712 1609 804 1681 qui
840 1609 955 1663 haec
977 1608 1267 1679 designant
1291 1606 1614 1679 impendens
1635 1606 2055 1677 prospicientes.

481 1712 535 1759 et
565 1702 948 1776 negligentiam
974 1701 1029 1755 in
1072 1699 1360 1756 sacriﬁciis
1393 1715 1457 1754 ac
1490 1699 1793 1771 gratiarum
1825 1699 2059 1752 actioni-

481 1798 606 1860 bus.
639 1812 705 1852 eo
733 1794 880 1866 quod
920 1794 1087 1865 impie
1115 1792 1419 1848 offerantur
1454 1793 1522 1848 ab
1546 1792 1615 1848 iis
1644 1807 1675 1845 a
1704 1790 1909 1863 quibus
1947 1806 2057 1846 non

479 1897 713 1962 oportet,
738 1889 940 1959 quique
970 1887 1232 1957 honorem
1261 1884 1628 1958 pontiﬁcalem
1651 1925 1667 1950 ,
1710 1884 2055 1955 complexum

479 1982 663 2054 magni
696 1980 970 2053 pontiﬁcis
999 1978 1130 2035 Jesu
1156 1978 1362 2034 Christi
1391 1977 1537 2048 regis
1575 1977 1751 2033 nostri
1793 1976 2057 2032 imitatio-

478 2090 625 2137 nem,
654 2088 751 2144 pro
776 2073 903 2128 ludo
931 2072 1162 2139 habent;
1190 2068 1332 2134 ideo,
1350 2070 1595 2140 inquam,
1616 2082 1841 2124 necesse
1866 2066 1966 2122 fuit
1988 2068 2056 2125 de

476 2183 543 2221 eo
593 2182 811 2238 quoque
858 2164 1149 2219 admonere
1178 2183 1191 2218 :
1227 2162 1338 2233 jam
1372 2162 1517 2217 enim
1550 2159 1771 2231 quidam
1804 2157 2053 2217 conversi

478 2269 607 2315 sunt
633 2267 779 2313 retro
807 2266 929 2329 post
956 2257 1255 2311 vanitatem
1285 2254 1526 2310 suam".
1560 2252 1747 2324 itaque
1780 2251 2051 2317 dicimus,

476 2354 622 2424 quod
668 2352 865 2415 Moses,
910 2349 1004 2406 Dei
1037 2348 1275 2404 famulus
1296 2387 1311 2412 ,
1355 2362 1481 2401 eum
1513 2362 1623 2416 quo
1656 2344 1799 2400 Deus
1824 2344 1962 2399 facie
1984 2343 2053 2399 ad

477 2446 674 2500 faciem
712 2442 1162 2514 colloquebatur,
1203 2439 1330 2495 utsi
1359 2440 1484 2510 quis
1512 2439 1768 2511 loquatur
1804 2436 1873 2492 ad
1915 2436 2054 2491 ami-

478 2550 603 2589 cum
634 2551 795 2590 suum
820 2536 899 2601 ";
926 2536 1013 2590 cui
1044 2536 1182 2591 dixit
1209 2550 1223 2587 :
1257 2552 1276 2587 ι
1318 2532 1452 2589 Novi
1484 2544 1534 2589 te
1563 2550 1672 2605 prae
1695 2536 1988 2602 omnibus;
2027 2552 2051 2590 ι

477 2640 603 2680 cum
629 2642 740 2697 quo
763 2628 831 2683 ad
862 2643 926 2683 os
961 2626 1311 2699 loquebatur,
1340 2636 1393 2682 et
1421 2642 1526 2680 non
1558 2642 1653 2697 per
1683 2626 1937 2693 obscura,
1970 2624 2056 2681 vel

476 2719 711 2783 somnia,
735 2720 818 2774 vel
840 2719 1085 2790 angelos,
1109 2718 1191 2775 vel
1213 2719 1499 2789 :enigmata
1516 2719 1583 2782 ",
1603 2718 1690 2772 hic
1712 2718 1905 2785 Moses,
1929 2732 2054 2773 cum

476 2812 717 2866 divinam
754 2810 1147 2880 legislationem
1190 2807 1584 2869 constitueret,
1615 2805 1867 2861 distinxit
1901 2820 2052 2875 quae-

476 2919 603 2959 nam
636 2909 913 2973 Oporteret
948 2900 1133 2972 peragi
1157 2914 1188 2953 a
1222 2898 1595 2971 pontiﬁcibus,
1629 2912 1877 2968 quamam
1902 2912 1931 2950 a
1960 2912 2052 2952 sa—

2173 400 2452 472 πάρεργον
2496 402 2547 455 οί
2594 402 2779 456 πολλοὶ
2813 404 3088 458 καὶτοῦτο
3126 408 3397 478 ήγήσαντο
3430 407 3601 479 εἶναι,
3630 431 3744 484 συγ-

2172 493 2317 564 χέειν
2346 494 2404 548 δὲ
2440 493 2538 559 τάς
2575 494 2757 560 τάξεις
2798 498 2891 551 καὶ
2912 498 3012 570 τήν
3040 499 3127 569 ἐφ’
3160 502 3391 557 ἑκάστου
3423 509 3746 577 χειροτονίαν

2170 589 2497 657 παρακινεῖν
2543 588 2837 659 τολμῶσιν,
2877 591 3291 662 ὑφαρπάζοντες
3330 596 3548 662 ἑαυτοῖς
3601 599 3745 666 ἀξιώ-

2173 693 2320 747 ματα
2347 677 2415 729 τά
2449 678 2524 751 μὴ
2553 678 2822 750 διδόμενα,
2847 684 2940 735 καὶ
2979 684 3360 755 ἐπιτρέποντες
3406 689 3631 754 ἑαυτοῖς
3665 709 3740 744 τυι

2171 768 2436 839 ραννικῶς
2460 769 2495 824 ἀ
2531 770 2607 842 μὴ
2644 771 2861 843 ἔχουσιν
2890 772 3139 840 ἐξουσίαν
3158 777 3375 843 διδόναι,
3402 780 3499 834 καὶ
3527 780 3623 835 διὰ
3640 782 3747 836 τοῦ·

2168 878 2229 913 το
2252 861 2644 933 παροργίζουσι
2671 866 2769 935 μὲν
2793 867 2947 933 Θεὸν,
2977 868 3167 943 ὥσπερ
3199 872 3249 924 οί
3276 872 3543 943 Κορεῖται
3560 914 3579 939 ,
3605 874 3697 928 καὶ
3719 874 3746 927 ὁ

2170 951 2423 1022 βασιλεὺς
2451 954 2632 1020 Ὀζίας
2652 998 2668 1024 ,
2696 960 2829 1031 παρ’
2852 960 3007 1028 ἀξίαν
3027 962 3338 1034 ἐπιθέμενοι
3365 965 3498 1020 ἀνευ
3524 964 3664 1020 Θεοῦ
3685 966 3745 1037 τῇ

2166 1042 2573 1119 ἀρχιερωσύνη,
2600 1050 2695 1103 καὶ
2711 1052 3016 1122 γενόμενοι,
3040 1056 3089 1108 oi
3115 1056 3213 1126 μὲν
3239 1056 3627 1130 πυρίφλεκτοι,
3651 1057 3747 1111 όδέ

2167 1137 2309 1191 κατά
2343 1140 2437 1193 τοῦ
2478 1139 2731 1212 μετώπου
2760 1142 2977 1214 λεπρὸς*
3010 1145 3369 1217 παροξύνουσι
3425 1148 3487 1202 δέ
3514 1148 3744 1221 Χριστὸν

2167 1227 2277 1300 (88)
2332 1230 2541 1303 Ἰησοῦν
2590 1234 2681 1288 τὸν
2736 1236 3164 1309 διαταξάμενον,
3189 1240 3421 1294 λυποῦσι
3448 1241 3508 1295 δέ
3559 1244 3657 1295 καὶ
3690 1242 3745 1297 τδ

2164 1322 2388 1395 Πνεῦμα
2416 1326 2477 1379 τὸ
2507 1325 2683 1397 ἅγιον,
2716 1328 3043 1401 ἀκυροῦντες
3077 1330 3242 1384 αὐτοῦ
3270 1332 3368 1402 τὴν
3399 1334 3707 1405 μαρτυρίαν
3727 1350 3740 1365 ⁸

2162 1414 2407 1483 είκότως,
2428 1418 2519 1470 τὸν
2535 1420 2915 1491 ἐπηρτημένον
2930 1420 3041 1494 (89)
3053 1422 3297 1478 κίνδυνον
3311 1425 3509 1488 τοῖςτά
3528 1426 3743 1480 τοιαῦτα

2162 1505 2461 1577 πράττουσι
2494 1510 2886 1581 προειδόμενοι,
2922 1514 3018 1567 καὶ
3042 1514 3142 1587 τὴν
3171 1515 3254 1579 είς
3288 1516 3403 1580 τάςν
3430 1516 3629 1581 θυσίας
3658 1518 3742 1571 καὶ

2162 1597 2508 1671 εὐχαριστίας
2539 1601 2820 1671 ἀμέλειαν,
2868 1605 2932 1658 ἐκ
2956 1603 3049 1659 τοῦ
3084 1605 3173 1675 ὑφ’
3197 1600 3273 1662 ὧν
3321 1608 3396 1678 μὴ
3428 1609 3542 1679 χρὴ
3575 1625 3736 1679 προσ-

2162 1692 2434 1763 αγομένας
2460 1694 2690 1762 ἀσεϐῶς,
2719 1697 2937 1751 παιδιάν
2958 1698 3273 1769 ἡγουμένων
3299 1700 3399 1771 τὴν
3429 1701 3740 1773 ἀρχιερατι-

2160 1784 2282 1856 κὴν,
2313 1785 2436 1856 ήτις
2478 1786 2712 1858 μίμησιν
2756 1791 3000 1863 περιέχει
3032 1790 3126 1843 τοῦ
3164 1792 3401 1862 μεγάλου
3444 1794 3738 1866 ἀρχιερέως

2171 1876 2346 1949 Ἰησοῦ
2375 1879 2611 1950 Χριστοῦ
2642 1880 2907 1951 βασιλέως
2927 1882 3105 1954 ήμῶν,
3130 1884 3378 1955 ἀνάγκην
3392 1884 3637 1957 ἔσχομεν
3655 1887 3738 1940 καὶ

2155 1969 2315 2023 τοῦτο
2340 1973 2696 2044 παραινέσαι·
2732 1974 2832 2048 ήδη
2858 1974 2967 2047 γάρ
2996 1993 3139 2041 τινες
3167 1976 3552 2049 ἐξετράπησαν
3577 1980 3739 2033 ὀπίσω

2154 2062 2255 2135 τῆς
2300 2064 2508 2118 ἑαυτῶν
2541 2067 2930 2139 ματαιότητος·
2988 2069 3217 2141 λέογομεν
3241 2070 3352 2143 (90)
3397 2073 3479 2136 ὡς
3520 2074 3736 2145 Μωσῆς,

2155 2156 2185 2209 ό
2212 2154 2307 2209 τοῦ
2336 2156 2471 2211 Θεοῦ
2498 2158 2773 2230 θεράπων,
2806 2154 2852 2231 ᾧ
2882 2164 2910 2215 ό
2930 2162 3062 2227 Θεὸς
3087 2162 3319 2229 ἐνώπιος
3348 2165 3570 2237 ἑνωπίῳ
3604 2165 3736 2236 ὡμί-

2156 2246 2257 2314 λει,
2301 2251 2378 2315 ὡς
2418 2253 2471 2306 εί
2495 2270 2579 2316 τις
2618 2252 2826 2326 λαλήσῃ
2862 2254 3001 2325 πρὸς
3030 2254 3226 2309 ἑαυτοῦ
3267 2254 3443 2324 φίλον,
3478 2250 3527 2324 ᾧ
3560 2254 3734 2310 εἶπεν·

2160 2340 2347 2397 (“Diod
2386 2360 2445 2397 σε
2475 2344 2627 2417 παρά
2653 2346 2894 2410 πάντας·
2935 2366 2955 2399 ι
2987 2340 3032 2415 ᾧ
3058 2347 3201 2400 κατὰ
3235 2348 3532 2420 πρόσωπον
3553 2349 3734 2419 ὡμίλει

2156 2436 2249 2489 καὶ
2266 2436 2327 2489 ού
2356 2437 2425 2491 δι’
2442 2437 2652 2508 ἀδήλων
2668 2440 2735 2503 ⁸⁸,
2757 2438 2790 2510 ἢ
2816 2439 3101 2504 ἐνυπνίων,
3132 2440 3166 2511 ἢ
3201 2440 3472 2510 ἀγγέλων,
3507 2442 3543 2513 ἦ
3568 2444 3733 2509 αἰνιγ-

2158 2528 2344 2598 μάτων
2366 2544 2379 2558 ·
2408 2522 2563 2593 οὗτος
2586 2528 2750 2602 ήνίκα
2775 2532 2875 2603 τὴν
2896 2530 3047 2585 θείαν
3067 2532 3387 2604 νομοθεσίαν
3405 2532 3731 2599 διετάσσετο,

2152 2618 2316 2673 διεῖλε
2345 2620 2466 2674 τίνα
2488 2623 2587 2693 μὲν
2617 2623 2723 2695 χρὴ
2744 2622 2849 2676 ὑπὸ
2870 2622 2978 2677 τῶν
3006 2624 3309 2695 ἀρχιερέων
3337 2625 3731 2691 ἐπιτελεῖσθαι,

2150 2712 2274 2766 τίνα
2309 2712 2367 2767 δέ
2412 2713 2518 2767 ὑπὸ
2557 2713 2667 2767 τῶν
2701 2715 2912 2786 ἱερέων,
2945 2715 3067 2770 τίνα
3095 2715 3154 2770 δὲ
3176 2716 3283 2770 ὑπὸ
3320 2717 3432 2771 τῶν
3478 2717 3727 2783 λευιτῶν,

2152 2804 2369 2876 ἑκάστῳ
2401 2806 2503 2875 τὴν
2552 2807 2761 2861 οίκείαν
2811 2808 2906 2862 καὶ
2957 2810 3267 2881 ἀνήκουσαν
3310 2812 3376 2881 τῇ
3428 2810 3729 2883 λειτουργίᾳ

2152 2894 2447 2969 θρησκείαν
2476 2901 2798 2972 ἀπονείμας,
2830 2902 2925 2956 καὶ
2969 2902 3115 2975 άπερ
3147 2903 3246 2974 μιν
3282 2906 3393 2967 τοῖς
3420 2903 3727 2976 ἀρχιερεῦσι

475 2994 809 3060 cerdotibus,
843 3007 1091 3065 quasnam
1117 3007 1147 3046 a
1178 2991 1358 3047 levitis
1378 3030 1394 3056 ,
1426 3005 1490 3044 ac
1520 2990 1802 3045 distribuit
1830 2990 2049 3045 unicui-
2076 3015 2080 3049 ι

2159 2992 2528 3062 προστέτακτο
2562 2994 2861 3062 ἐπιτελεῖν,
2892 2996 3106 3060 τούτοις
3148 2996 3276 3060 τοὺς
3315 2997 3505 3069 ἱερέας
3548 3000 3610 3053 οὐ
3652 2998 3727 3050 θε-

473 3088 809 3163 quecultum
840 3085 1119 3158 proprium
1144 3099 1354 3155 suoque
1387 3082 1695 3138 ministerio
1723 3082 2052 3139 convenien-

474 3190 617 3249 tem;
651 3188 705 3236 et
757 3178 825 3234 ad
854 3193 917 3234 ea
957 3176 1178 3249 quidem
1218 3191 1341 3248 qua:
1370 3175 1538 3245 jussit
1565 3175 1853 3245 pontiﬁces
1883 3173 2048 3245 perﬁ-

472 3289 618 3337 cere,
655 3272 737 3327 fas
760 3286 868 3325 non
901 3276 1018 3325 erat
1057 3274 1117 3322 ut
1157 3265 1483 3322 accederent
1507 3264 1857 3333 sacerdotes;
1893 3264 1959 3319 ad
1983 3281 2047 3320 ea

471 3376 603 3419 vero
633 3378 753 3435 qua:
796 3360 1177 3418 sacerdotibus
1219 3358 1445 3414 deﬁnita
1488 3366 1669 3422 erant,
1715 3358 1891 3414 levitze
1933 3372 2047 3413 non

472 3454 933 3521 admittebantur;
978 3453 1071 3508 sed
1128 3451 1329 3523 singuli
1374 3450 1679 3505 ministeria
1722 3448 2045 3521 prazseripta

470 3564 592 3618 quae
617 3552 942 3617 acceperant
971 3544 1297 3609 servabant;
1329 3542 1374 3597 si
1406 3542 1531 3611 quis
1559 3551 1742 3595 autem
1770 3542 1911 3595 ultra
1938 3541 2045 3598 sibi

470 3640 732 3694 traditum
764 3637 1004 3692 officium
1029 3634 1287 3707 progredi
1318 3635 1628 3700 nitebatur,
1664 3642 1839 3690 morte
1858 3635 2045 3691 luebat

2154 3083 2307 3153 μιτὸν
2340 3080 2407 3157 ἦν
2438 3086 2753 3157 προσιέναι·
2797 3086 2943 3160 άπερ
2985 3088 3042 3142 δέ
3069 3090 3183 3152 τοῖς
3232 3089 3473 3161 ἱερεῦσιν
3502 3090 3689 3163 ὤριστε
3708 3128 3722 3153 ,

2150 3176 2364 3241 τούτοις
2383 3178 2432 3231 οἱ
2448 3178 2652 3233 λευῖται
2668 3180 2729 3233 ού
2748 3180 3044 3251 ¹προσίεσαν
3058 3198 3071 3211 ο
3092 3181 3206 3235 ἀλλ’
3224 3182 3445 3237 ἕκαστοι
3467 3184 3613 3255 άπερ
3628 3182 3723 3253 (91)

2149 3269 2578 3343 παρειλήφεισαν
2613 3271 2915 3344 ὑπηρεσίας
2939 3275 3488 3345 περιγεγραμμένας,
3511 3276 3723 3345 ἐφύλατ-

2147 3376 2274 3414 τον·
2319 3362 2370 3416 εἰ
2404 3362 2463 3415 δέ
2504 3380 2587 3428 τις
2641 3363 2785 3436 πέρα
2832 3364 2934 3435 τῆς
2964 3365 3316 3437 παραδόσεως
3362 3370 3649 3437 προσιέναι
3684 3368 3725 3420 ἐ-

2148 3453 2389 3523 ϐούλετο,
2422 3454 2652 3521 θάνατος
2675 3458 2786 3530 (92)
2814 3453 2883 3530 ἦν
2907 3459 2969 3512 τὸ
3009 3459 3306 3531 ἐπιτίμιον.
3340 3460 3519 3515 Τοῦτο
3552 3462 3610 3515 δὲ
3640 3462 3724 3532 μά-

2147 3546 2306 3602 λιστα
2328 3547 2551 3613 διέδειξε
2580 3550 2676 3603 καὶ
2702 3551 2734 3620 ή
2771 3550 2915 3604 κατά
2940 3551 3031 3605 τὸν
3058 3551 3229 3605 Σαοὺλ
3250 3554 3413 3624 πεῖρα
3435 3570 3453 3585 ο
3492 3555 3552 3619 ὅς
3577 3554 3720 3607 θῦσαι

2148 3640 2451 3712 νενομικὼς
2464 3642 2589 3713 δίχα
2608 3641 2701 3695 τοῦ
2724 3644 3004 3714 προφήτου
3026 3643 3123 3697 καὶ
3140 3644 3445 3717 ἀρχιερέως
3459 3644 3718 3718 Σαμουὴλ,

471 3731 744 3802 pcenas".
771 3729 881 3785 Hoc
912 3745 1041 3785 vero
1065 3728 1339 3799 praecipue
1368 3727 1765 3783 demonstravit
1789 3727 1867 3793 id,
1897 3728 2044 3800 quod

2159 3729 2383 3787 ἔσπασεν
2430 3734 2511 3797 είς
2559 3732 2753 3787 ἑαυτὸν
2797 3735 3076 3805 ἁμαρτίαν
3121 3737 3217 3789 καὶ
3245 3736 3500 3808 κατάραν
3533 3738 3721 3791 ἀναπό-

472 3824 622 3878 Sauli
648 3823 879 3894 contigit
905 3840 919 3890 ;
951 3821 1045 3893 qui
1076 3837 1201 3876 cum
1225 3821 1597 3877 existimasset
1613 3836 1674 3876 se
1694 3822 1902 3893 absque
1918 3838 2045 3893 pro-

2159 3824 2369 3898 ΰλητον·
2396 3827 2493 3879 καὶ
2515 3827 2637 3881 οὐδὲ
2668 3827 2728 3880 τὸ
2758 3829 3049 3899 κεχρίσθαι
3078 3829 3356 3883 ὑπἀὐτοῦ
3375 3832 3460 3893 είς
3488 3829 3716 3900 βασιλέα,

475 3915 635 3985 pheta
690 3920 745 3967 et
791 3912 1049 3983 pontiﬁce
1094 3910 1349 3968 Samuele
1400 3914 1713 3971 sacriﬁcare
1758 3931 1942 3986 posse,
1983 3916 2053 3972 ad

2159 3917 2464 3990 ἑδυσὼπησε
2479 3918 2568 3973 τὸν
2588 3921 2897 3992 προφήτην.
2916 3922 3309 3994 Ἐνεργεστέρᾳ
3324 3922 3371 3953 ³⁰
3382 3922 3440 3976 δὲ
3455 3927 3524 3995 τῇ
3539 3922 3715 3995 πράξει

474 4021 532 4061 se
562 4014 845 4076 peccatum
878 4014 931 4058 et
964 4002 1309 4059 maledictum
1360 4022 1639 4077 nunquam
1686 4008 2050 4077 abjiciendum

2159 4008 2393 4075 ῑιέδειξεν
2427 4012 2457 4065 ὁ
2482 4011 2617 4075 Θεὸς
2646 4013 2703 4064 ἐν
2732 4016 2849 4077 τοῖς
2876 4013 3018 4068 κατά
3043 4012 3136 4067 τὸν
3179 4014 3381 4080 Ὀζίαν,
3412 4014 3520 4068 οὐκ
3552 4016 3609 4066 ἐν
3632 4029 3712 4084 με·

475 4095 733 4162 attraxit;
764 4110 938 4165 neque
968 4094 1291 4164 prophetam
1329 4097 1499 4151 movit
1530 4111 1594 4151 ac
1616 4096 1784 4160 ﬂexit,
1809 4098 1953 4168 quod
1984 4100 2054 4153 ab

2159 4104 2319 4175 ιισμῷ
2347 4103 2504 4171 ³¹τάς
2524 4106 2618 4159 ἐπὶ
2636 4108 2701 4177 τῇ
2732 4108 3049 4179 παρανομίᾳ
3092 4107 3531 4178 είσπράξαμενος
3553 4106 3711 4168 δίκας·

475 4189 594 4257 ipso
623 4187 752 4243 Saul
777 4189 830 4242 in
860 4202 1041 4257 regem
1076 4196 1271 4242 unctus
1300 4186 1493 4244 fuisset
1515 4189 1581 4243 ’³.
1615 4188 1727 4243 Hoc
1751 4192 1914 4245 etiam
1940 4190 2057 4246 evi-

2159 4197 2239 4249 ιαὶ
2264 4197 2825 4269 ότῆςάρχιερωσύνης
2851 4199 3206 4271 καταμανείς,
3226 4200 3319 4252 καὶ
3340 4200 3442 4269 τῆς
3457 4198 3713 4269 βασιλείας

474 4280 711 4336 dentiori
758 4281 1077 4352 operatione
1102 4280 1496 4336 demonstravit
1536 4281 1681 4337 Dens
1715 4298 1811 4353 per
1840 4298 1903 4339 ea
1931 4299 2080 4361 quat.-I

2159 4288 2421 4361 ἰλλότριος
2440 4291 2701 4361 κατέστη.
2720 4289 2803 4344 Τά
2820 4290 2878 4344 δέ
2902 4291 2986 4360 ἐφ’
3006 4290 3163 4361 ήμῶν
3189 4292 3319 4354 ἴσως
3337 4290 3437 4344 ούκ
3461 4292 3707 4359 ἀγνοεῖτε.

474 4366 621 4423 Otia:
670 4370 1010 4433 acciderunt,
1054 4367 1123 4423 de
1172 4368 1331 4437 cujus
1380 4372 1831 4441 prmvaricatione
1874 4366 2080 4445 exegit‘

2159 4381 2294 4433 ἰστε
2348 4380 2459 4453 γὰρ
2506 4382 2725 4447 πάντως
2766 4384 3100 4447 ἐπισκόπους
3146 4383 3277 4455 παρ’
3325 4382 3489 4454 ήμῶν
3529 4383 3710 4453 ὀνομα-

474 4472 666 4527 ρωηαε
700 4458 907 4529 absque
937 4473 1122 4526 mora;
1150 4468 1203 4514 et
1228 4460 1322 4531 qui
1350 4468 1541 4515 contra
1567 4461 1945 4531 pontiﬁcatum
1976 4464 2055 4519 in-

2159 4473 2392 4538 τθέντας,
2423 4475 2518 4529 καὶ
2544 4475 2972 4548 πρεσϐυτέρους,
3006 4476 3101 4529 καὶ
3136 4475 3437 4542 διακόνους,
3471 4476 3598 4546 εὐχῇ
3626 4472 3707 4526 καὶ

476 4550 737 4617 sauierat,
760 4564 930 4621 regno
955 4566 1178 4622 quoque
1203 4552 1396 4623 pulsus
1429 4563 1514 4609 est
1536 4554 1602 4607 ".
1627 4553 1896 4610 Caeterum
1931 4571 2056 4625 qua

2159 4566 2342 4638 (ειρῶν
2370 4566 2632 4634 ἐπιθέσει,
2664 4570 2730 4639 τῇ
2777 4568 3009 4640 διαφορᾷ
3033 4567 3142 4621 τῶν
3173 4567 3451 4639 ὀνομάτων
3485 4568 3578 4621 καὶ
3604 4563 3703 4635 (95)

476 4642 581 4696 sub
613 4642 775 4699 nobis
824 4650 945 4698 acta
985 4644 1117 4710 sint,
1150 4644 1379 4701 forsitan
1410 4660 1520 4701 non
1568 4646 1852 4716 ignoratis.
1890 4646 2054 4705 Scitis

2159 4658 2242 4728 τὴν
2278 4658 2539 4731 διαφορὰν
2568 4658 2678 4713 τῶν
2706 4660 3052 4732 πραγμάτων
3091 4660 3453 4723 δεικνύοντας.
3502 4659 3578 4713 Οὐ
3608 4654 3702 4724 γὰρ

473 4735 621 4790 enim
653 4736 878 4791 omnino
919 4737 1226 4809 episcopos,
1255 4739 1605 4812 presbyteros
1644 4749 1699 4796 et
1726 4740 1990 4799 diaconos
2020 4759 2053 4802 a

2159 4751 2171 4803 ὃ
2201 4749 2521 4823 βουλόμενος
2567 4754 2696 4825 παρ’
2726 4754 2857 4824 ἡμῖν
2896 4752 3136 4826 ἐπλήρου
3178 4752 3280 4825 τὴν
3314 4755 3495 4825 χεῖρα,
3529 4750 3702 4816 ὥσπερ

524 4871 563 4902 ²¹
594 4870 763 4953 Ἰβυη]Ζ
789 4887 932 4953 xvl._
964 4873 1102 4953 fill
1133 4872 1489 4953 Paral:_x_x_vr.
1564 4877 1611 4908 "
1648 4877 1686 4935 l.
1712 4876 1909 4953 [Ἰξῑῃι.
1935 4898 1987 4947 τ’,
2021 4883 2080 4939 15

2183 4885 2231 4918 ³⁵
2267 4885 2428 4943 Num.
2459 4892 2557 4951 xui,
2582 4894 2639 4953 8;
2700 4886 2870 4943 Exod.
2897 4902 3095 4953 xum,
3151 4888 3241 4951 ll,
3301 4886 3392 4945 17.
3468 4889 3490 4917 ²

461 4954 561 5003 xu,
591 4942 645 4995 8.
719 4942 765 4972 “
800 4944 872 4997 al.
902 4941 989 4996 διὰ
1018 4942 1213 5015 δήλων.
1288 4947 1331 4979 ³⁷
1370 4946 1529 5002 Num.
1556 4961 1631 5004 tv.
1709 4949 1756 4980 ’⁸
1792 4941 2073 5023 Ιῐὶεκ.ἰη

460 5008 672 5083 λησμῷ.
704 5010 794 5068 Sic
821 5013 944 5070 00d.
969 5012 1130 5069 Vind.

2196 4956 2242 4988 "
2264 4956 2307 5012 il
2329 4941 2508 5013 Parai.
2535 4941 2711 5014 an;
2762 4941 2806 4991 ⁵ο
2826 4941 2887 5014 ι.
2937 4941 3327 5031 Summi”.

1758 5167 2116 5229 VARIORUM
2165 5173 2397 5232 NOTAE.

536 5298 647 5387 ίὲἓὶ
677 5300 957 5387 ἕερξστδνο
991 5300 1051 5387 in
1085 5301 1260 5387 διιςτο
1284 5303 1484 5387 eam"
1512 5306 1786 5387 ξρεετόγι
1810 5306 1889 5387 '0.-

2159 5311 2201 5366 id
2240 5315 2567 5387 ύπηρεσίας.
2597 5316 2673 5374 In.

1174 5373 1231 5427 In
1262 5375 1432 5463 altero
1453 5371 1827 5463 co‘dlﬂindob:
1855 5380 2029 5460 ἐπηρ-

2205 5371 2971 5463 (θὲᾕὸάναέοξξτδεῐψιίΐη
3022 5386 3275 5445 Codicum
3325 5390 3530 5447 unius:
3566 5385 3683 5443 ἀνά-

784 5442 943 5510 quasi
983 5442 1054 5497 ab
1083 5442 1362 5515 ἐπαρτίζω
1409 5448 1623 5516 per/icio
1648 5487 1663 5513 ,
1716 5449 1813 5503 sed
1869 5440 2024 5520 prius

2159 5440 2464 5526 ιεμαίϐοτ.

2198 5526 2310 5561 ιοκι
2349 5529 2455 5561 ιιήί

462 5510 951 5716 Ἵξῖὸῗ’λὲἆηοιιεν.
982 5581 1165 5637 Addit.
1188 5582 1326 5639 alter
1358 5585 1481 5641 cod.
1519 5587 1594 5642 δέ.
1632 5588 1705 5644 In.

559 5646 648 5716 9i)
687 5650 887 5716 "Ansp.
919 5651 1109 5711 Melius
1132 5654 1254 5709 cod.
1292 5654 1522 5714 Vindob.
1563 5658 1723 5716 &;.ut
1746 5661 2016 5716 referatur

2159 5510 2474 5654 Ἰξῶδ)
2514 5527 2641 5586 Dele
2671 5530 2815 5585 hanc
2841 5530 3097 5586 voculam
3120 5546 3186 5587 ex
3216 5532 3538 5587 auctoritate
3564 5522 3677 5583 cad.

559 5646 648 5719 9i)
687 5646 887 5719 "Aaép.
919 5651 1109 5711 Melius
1132 5654 1254 5709 cod.
1292 5654 1522 5714 Vindob.
1563 5658 1723 5726 &;,ut
1746 5661 2016 5719 referatur

2135 5311 2272 5367 add
