3890 6192
423 254 564 311 1159

488 461 724 530 Quidam
756 476 923 532 porro
962 459 1069 517 alia
1099 460 1263 514 etiam
1298 474 1466 531 opera

420 554 634 625 prolixa
682 560 738 609 et
782 554 1009 624 copiosa
1058 551 1163 608 sub
1190 551 1314 621 ejus
1362 567 1466 609 no-

421 646 569 701 mine
597 644 713 700 heri
742 660 809 701 ac
843 644 1242 701 nudiustertius
1278 644 1335 700 in
1384 645 1467 700 lu-

420 749 541 789 cem
599 734 985 805 protulerunt:
1038 740 1169 804 puta
1217 731 1362 788 Petri
1408 740 1464 789 et

422 824 653 895 Apionis
717 823 1169 896 disputationes;
1228 838 1462 894 quorum

422 915 570 987 apud
614 915 872 986 antiquos
919 914 1069 969 nulla
1116 914 1341 969 omnino
1369 928 1465 968 ex-

1240 248 1301 309 S.
1334 249 1732 309 CLEMENTIS
1764 251 1783 307 I
1815 250 1985 309 ROM.
2022 250 2227 309 PONT.
2262 252 2494 310 OPERA
2528 253 2753 310 DUBIA.

1582 364 1730 419 Idem
1756 363 2041 427 Eusenos,
2076 364 2175 419 lib.
2210 380 2294 428 In.
2322 380 2425 438 cap
2448 365 2541 422 38.

1613 455 1752 529 Ἤδη
1784 456 1841 509 δὲ
1881 456 1973 509 καὶ
2011 455 2175 528 ῑτερα
2207 456 2452 529 πολυεπῆ
2488 459 2585 511 καὶ

1542 548 1733 620 μακρὰ
1770 548 2208 620 συγγράμματα,
2239 550 2316 614 ὡς
2350 549 2447 603 τοῦ
2480 550 2580 603 αὐ-

1506 664 1511 667 ι
1535 640 1654 703 τοῦ,
1675 641 1801 712 χθὲς
1833 641 1926 694 καὶ
1953 640 2145 712 πρώην
2164 640 2310 705 τινὶς
2337 642 2583 713 προήγα-

1534 751 1651 804 γον,
1682 735 1888 805 Πέτρου
1914 734 1979 807 δὴ
2004 736 2097 789 καὶ
2113 733 2374 797 Ἀπίωνος
2407 734 2587 789 διαλόα

1535 841 1667 894 γους
1730 824 2083 897 περιέχονταο
2137 816 2214 879 ὧν
2267 824 2386 878 οὐδ’
2447 823 2585 888 ὅλως

1541 918 1727 988 μνήμη
1762 933 1845 979 τις
1877 914 2030 987 παρὰ
2061 917 2175 979 τοῖς
2210 914 2457 980 παλαιοῖς
2486 915 2583 985 φέ-

3561 261 3696 317 “60

2882 367 2964 423 Ex
2986 368 3206 440 interpr.
3239 367 3440 441 Ruﬁni.

2727 459 2835 516 Sed
2868 468 2922 517 et
2952 462 3057 516 alia
3104 461 3227 531 ejus
3270 463 3547 532 cpuscula
3594 478 3697 518 non

2652 553 2879 607 minima
2913 568 2943 606 a
2972 554 3250 609 nonnullis
3281 554 3471 618 haberi
3520 556 3699 625 perbi-

2653 642 2886 711 bentur;
2914 645 3064 699 velut
3087 643 3233 700 Petri
3248 656 3302 700 et
3323 645 3568 717 Apionis
3591 647 3700 701 disp

2660 735 2900 805 putatio;
2952 750 3075 805 quae
3106 736 3162 789 in
3208 751 3310 791 usu
3351 750 3383 810 ξ
3416 736 3700 791 veteribus

2657 826 2842 881 habita
2890 827 3113 881 minime
3168 828 3515 897 reperimus;
3575 828 3699 897 quia

2652 936 2754 975 nec
2782 935 2917 991 pura
2958 920 3013 974 in
3040 919 3120 975 eis
3143 927 3198 974 et
3222 922 3549 989 incorrupta
3573 935 3700 989 apo-

422 1016 533 1064 stat
570 1008 795 1064 mentio.
826 1006 1012 1078 Neque
1053 1006 1201 1061 enim
1250 1006 1465 1061 sincera

422 1106 588 1154 recta:
639 1098 763 1153 ﬁdei
814 1097 883 1151 ab
936 1097 1201 1168 apostolis
1252 1096 1466 1151 traditae

424 1194 553 1243 nota
596 1187 650 1241 in
698 1187 807 1243 illis
860 1201 1119 1256 expressa
1167 1187 1459 1257 reperitur.
1534 1190 1882 1263 χαρακτῆρα.

423 1276 558 1348 Lege
594 1276 814 1333 Maximi
856 1277 1147 1350 Prologum
1186 1278 1242 1331 iu
1287 1276 1462 1348 Opera

422 1367 693 1440 Dionysii.

1542 1024 1711 1079 ρεται.
1746 1007 1881 1060 Οὐδὲ
1903 1006 2011 1078 γὰρ
2044 1005 2283 1078 καθαρὸν
2314 1007 2413 1079 τῆς
2440 1008 2580 1061 ἁπο-

1538 1099 1789 1169 στολικῆς
1830 1098 2141 1171 ὀρθοδοξίας
2178 1098 2453 1165 ἀποσώζει
2490 1099 2582 1154 τὸν

2653 1011 2859 1067 διοιίεω
2902 1010 3027 1066 ﬁdei
3067 1011 3252 1080 regula
3300 1009 3584 1065 mansisse
3608 1007 3699 1063 de-

2652 1102 3031 1174 prehenditur.
3063 1102 3195 1173 Lege
3216 1100 3444 1173 Niceph.
3484 1100 3586 1157 lib.
3615 1115 3695 1165 ιιι,

2651 1210 2774 1266 cap.
2805 1194 2895 1250 18.

424 1484 503 1542 De
553 1484 950 1566 Disputatione_
965 1486 1112 1566 Petri
1157 1496 1225 1566 et‘
1258 1485 1520 1566 Apio_n_is,_
1540 1500 1659 1566 τιμαί
1685 1484 1903 1566 μίξεων
1932 1484 2099 1554 fuisse
2132 1484 2211 1566 υ-ςί
2238 1498 2364 1566 pars
2395 1482 2480 1566 pe!
2530 1480 2791 1566 appendix
2836 1478 3121 1566 Cinguli:
3150 1470 3614 1562 Becognitionum
3642 1484 3690 1529 et

922 1557 1157 1611 Actuum
1190 1550 1332 1612 I‘etri
1360 1557 1473 1612 ride
1503 1550 1649 1625 infra
1679 1557 1732 1611 in
1754 1550 2108 1627 Hieronymo,
2140 1550 2336 1610 Photio
2359 1562 2414 1609 et
2431 1552 2673 1608 Honorio
2700 1550 3203 1624 Augustodunensi.

1380 1935 1441 1993 S.
1475 1935 1850 2000 Athanasius,
1880 1933 1937 1989 in
1964 1932 2198 2005 Sgnopsi
2225 1948 2397 1988 sacrm
2425 1931 2743 2002 Scriptura.

495 2072 698 2128 Iterum
728 2072 855 2129 libri
884 2070 1019 2127 Novi
1057 2071 1397 2128 Testamenti
1426 2072 1632 2143 quibus
1662 2071 1999 2129 contradicl—
2030 2075 2067 2135 Α

2173 2069 2287 2141 Τῆς
2333 2068 2479 2133 Νέας
2521 2068 2685 2123 πάλιν
2731 2067 3008 2139 Διαθήκης
3057 2064 3453 2136 ἁντιλεγόμενα
3496 2064 3667 2118 ταῦτα

421 2172 535 2231 tur,
562 2172 691 2221 sunt
723 2185 735 2221 :
769 2164 1051 2222 Circuitus
1079 2163 1263 2230 Petri,
1297 2173 1407 2221 etc.
1441 2163 1521 2220 Ex
1547 2164 1751 2235 quibus
1786 2165 2004 2220 veriora

418 2267 478 2314 et
514 2272 546 2311 a
590 2256 701 2313 Deo
743 2256 1039 2326 inspirata,
1072 2256 1246 2311 electa
1274 2262 1404 2311 sunt
1449 2270 1514 2309 ac
1553 2256 1845 2312 translata.
1878 2253 2004 2311 Haec

421 2356 557 2407 sunt
576 2363 699 2421 quae
726 2348 1000 2420 leguntur,
1022 2355 1132 2405 etc.

2107 2160 2354 2233 Περίοδοι
2390 2160 2621 2233 Πέτρου,
2650 2168 2759 2217 etc.
2806 2160 2895 2227 Ἐξ
2925 2154 3002 2215 ὧν
3038 2157 3497 2231 μετεφράβθησαν
3544 2157 3688 2210 ἐκλε-

2112 2254 2279 2324 γέντα
2303 2253 2371 2307 τὰ
2401 2252 2738 2327 ἀληθέστερα
2764 2253 2858 2314 καὶ
2875 2252 3231 2308 θεόπνευστα.
3251 2250 3442 2305 Ταῦτα
3461 2250 3534 2304 τὰ
3560 2250 3686 2303 ἀνα-

2111 2346 2507 2416 γινωσκόμενα.
2540 2352 2648 2402 etc.

2018 2545 2108 2604 IV.

1278 2704 1341 2762 S.
1374 2704 1721 2769 Epiruamus,
1744 2704 1935 2759 hwresi
1960 2720 2092 2772 xxx,
2124 2702 2523 2770 Ebioucoraut,
2555 2721 2709 2762 num.
2742 2705 2827 2762 IS.

489 2847 734 2905 Utuntur
761 2850 941 2899 autem
976 2849 1031 2899 et
1070 2842 1193 2898 aliis
1220 2838 1553 2912 quibusdam
1586 2838 1767 2904 libris,
1806 2853 2002 2909 nempe

426 2941 496 2996 iis
531 2939 627 3012 qui
656 2944 923 2993 vocantur
962 2934 1242 2991 Circuitus
1283 2933 1453 2998 Petri,
1485 2948 1516 2987 a
1545 2931 1824 2988 Clemente
1870 2946 2005 2986 con--

423 3031 615 3103 scripti
650 3049 663 3086 :
701 3038 867 3100 atque
893 3042 958 3083 ea
1004 3026 1225 3098 quidem
1256 3042 1380 3097 quae
1418 3026 1473 3080 in
1512 3025 1621 3080 illis
1649 3024 2006 3080 continentur

421 3125 811 3192 corruperunt,
838 3132 1009 3188 pauca
1040 3123 1223 3171 autem
1247 3130 1374 3171 vera
1398 3115 1739 3184 reliquerunt
1773 3132 1787 3168 :
1811 3127 1998 3183 quem-

424 3211 719 3268 admodum
751 3225 849 3265 eos
891 3208 1010 3279 ipse
1042 3207 1298 3263 Clemens
1325 3206 1580 3261 omnibus
1609 3202 1788 3259 modis
1815 3201 2003 3257 τοίίον-ι

424 3305 560 3377 suit,
592 3317 689 3375 per
709 3300 973 3372 epistolas
998 3298 1299 3355 circulares
1328 3312 1471 3369 quae,
1496 3296 1565 3351 ab
1592 3311 1659 3351 eo
1687 3294 1925 3365 scriptae,
1946 3293 2001 3348 in

2176 2836 2430 2911 Χρῶνται
2453 2839 2511 2894 δὲ
2540 2841 2634 2894 καὶ
2662 2839 2850 2904 ἄλλαις
2874 2840 2987 2894 τισὶ
3011 2839 3230 2911 βίϐλοις,
3254 2840 3416 2912 δῆθεν
3434 2843 3555 2903 ταῖς
3580 2840 3677 2892 Πε-

2108 2930 2305 3002 ριόδοις
2334 2930 2697 3002 καλουμέναις
2711 2932 2941 3003 Πέτρου,
2962 2935 3081 2995 ταῖς
3106 2931 3194 2985 διὰ
3214 2931 3534 3002 Κλήμεντος
3557 2948 3677 3003 γρα-

2107 3021 2325 3092 φείσαις
2348 3039 2360 3050 ·
2387 3022 2736 3087 νοθεύσαντες
2760 3024 2861 3095 μὲν
2888 3024 2958 3077 τὰ
2976 3026 3034 3078 ἐν
3060 3025 3267 3088 αὐταῖς,
3298 3023 3461 3093 ὀλίγα
3487 3025 3543 3078 δὲ
3561 3024 3677 3093 ἁλη-

2106 3114 2232 3171 owe
2259 3116 2548 3178 ἐάσαντες*
2579 3115 2657 3179 ὡς
2684 3116 2845 3180 αὐτὸς
2864 3117 3095 3190 Κλήμης
3115 3117 3312 3181 αὐτοὺς
3343 3118 3493 3171 κατὰ
3516 3117 3674 3171 πάντα

2110 3208 2346 3281 tam“,
2380 3210 2457 3278 ἀφ
2474 3210 2489 3230 ’
2520 3201 2597 3262 ὧν
2625 3208 2863 3282 ἔγραψεν
2906 3210 3233 3264 Ἐπιστολῶν
3261 3210 3565 3279 ἐγκυκλίων
3582 3208 3675 3261 τῶν

2109 3303 2169 3355 ἑν
2197 3304 2319 3365 ταῖς
2352 3301 2532 3370 ἁγίαις
2562 3300 2877 3374 ἐκκλησίαις
2905 3302 3461 3372 ἀναγινωσκομένων
3493 3304 3570 3355 ὅτι
3594 3300 3674 3355 ἄλ-

424 3396 635 3454 sanctis
665 3394 916 3451 ecclesiis
943 3394 1219 3463 leguntur.
1255 3389 1393 3457 Quia
1418 3389 1586 3443 alium
1627 3387 1791 3442 habet
1812 3387 2008 3441 chara-
2039 3393 2067 3447 Ε

2116 3393 2199 3447 λον
2248 3394 2362 3465 ἔχει
2401 3393 2720 3465 χαρακτῆρα
2764 3395 2798 3465 ή
2839 3394 3033 3448 ἑαυτοῦ
3075 3394 3256 3456 πίστις
3307 3394 3400 3446 καὶ
3451 3397 3480 3447 ὁ
3517 3394 3673 3460 λόγος,

423 3497 630 3543 cterem
656 3486 789 3542 Mes
819 3485 967 3540 illius
994 3499 1059 3539 ac
1089 3482 1289 3546 oratio,
1311 3482 1381 3535 ab
1414 3481 1483 3537 iis
1513 3496 1634 3551 qua:
1663 3479 1767 3536 sub
1783 3479 2007 3533 nomine

424 3580 546 3650 ejus
577 3579 669 3635 isti
690 3579 747 3633 in
776 3576 1111 3633 Circuitibus
1139 3579 1573 3646 supposuerunt.
1610 3569 1704 3626 Ille
1733 3572 1880 3625 enim
1901 3570 2008 3625 vir—
2038 3589 2043 3593 ·

427 3673 708 3741 ginitatem
732 3671 925 3735 docet;
952 3676 1008 3722 at
1040 3668 1131 3724 isti
1163 3666 1477 3737 repudiaut.
1501 3662 1596 3719 Ille
1618 3663 1814 3727 Eliam,
1853 3661 2007 3717 Davi-

422 3765 573 3828 dem,
599 3760 957 3832 Sampsonem
988 3775 1287 3830 omnesque
1310 3757 1608 3829 prophetas
1634 3755 2005 3821 commendat;

426 3870 568 3926 quos
597 3854 690 3909 isti
720 3854 1090 3908 detestantur.
1124 3849 1312 3922 Itaque
1348 3850 1403 3905 in
1445 3848 1785 3904 Circuitibus
1822 3849 2007 3903 omnia

428 3947 497 4002 ad
529 3961 689 4002 suum
720 3946 1030 3999 institutum
1078 3942 1563 3998 accommodarunt
1587 3978 1604 4004 ,
1643 3955 1709 3995 ac
1738 3939 1806 3995 de
1845 3937 2009 3994 Petro

420 4037 599 4092 multa
625 4034 909 4090 mendacia
930 4032 1316 4088 conﬁnxerunt
1348 4050 1363 4086 :
1396 4029 1556 4101 quasi
1580 4030 1628 4085 is
1649 4028 1896 4099 quotidie
1915 4044 2010 4083 ca-

427 4124 702 4183 stimoniae
732 4138 901 4179 causa
931 4121 1159 4186 laverit,
1194 4121 1337 4175 sicut
1365 4128 1420 4175 et
1450 4120 1539 4175 isti
1578 4118 1806 4174 faciunt.
1842 4118 2010 4174 Eum-

429 4216 554 4272 dem
586 4215 751 4271 etiam
784 4214 942 4269 aiunt
974 4212 1313 4268 abstinuisse
1341 4211 1410 4264 ab
1440 4210 1699 4265 animatis
1726 4218 1783 4265 et
1825 4210 2011 4265 carni-

426 4308 554 4373 bus,
582 4315 644 4362 ut
666 4307 769 4377 ipsi
800 4306 998 4372 solent;
1028 4310 1083 4360 et
1124 4304 1193 4359 ab
1222 4302 1371 4373 omni
1400 4303 1508 4356 alio
1540 4301 1667 4356 cibo
1708 4301 1802 4371 qui
1841 4317 2011 4357 carne

428 4407 677 4465 constet;
702 4397 1152 4469 quandoquidem
1178 4404 1233 4451 et
1274 4397 1390 4466 ipse
1424 4393 1597 4449 Ebion
1618 4434 1633 4458 ,
1661 4403 1714 4449 et
1745 4393 2011 4450 Ebionitzn

429 4500 659 4555 omnino
684 4499 755 4554 ab
779 4499 847 4555 iis
867 4499 1165 4554 abstinent.
1188 4495 1323 4568 Lege
1342 4495 1627 4567 Recognit.
1652 4496 1747 4550 lib.
1777 4509 1853 4559 IV,
1883 4509 2007 4565 cap.

429 4593 499 4657 3;
525 4593 619 4649 lib.
638 4609 694 4659 ν,
723 4607 846 4665 cap.
869 4589 980 4665 36;
1012 4590 1108 4646 lib.
1142 4607 1240 4657 vu,
1271 4605 1395 4661 cap.
1422 4588 1477 4657 6,
1500 4597 1559 4645 et
1598 4588 1696 4644 lib.
1727 4605 1851 4654 vm,
1882 4603 2009 4659 cap.

433 4682 459 4736 ι
502 4691 557 4738 et
584 4682 640 4739 2.

2107 3485 2263 3556 παρὰ
2287 3485 2357 3539 τὰ
2383 3485 2489 3539 ὑπὸ
2519 3486 2727 3540 τούτων
2760 3488 2839 3550 είς
2868 3486 3040 3557 ὄνομα
3071 3486 3237 3540 αὑτοῦ
3266 3488 3323 3539 ἐν
3353 3490 3479 3551 ταῖς
3502 3484 3673 3557 Περιό-

2106 3578 2219 3643 δοις
2250 3578 2628 3650 νενοθευμένα.
2660 3580 2833 3642 Αὐτὸς
2866 3579 2975 3651 γὰρ
2993 3579 3291 3650 παρθενίαν
3305 3577 3569 3639 διδάσκει,
3595 3576 3675 3629 καὶ

2108 3671 2262 3723 αὐτοὶ
2293 3671 2355 3724 οὐ
2384 3670 2830 3741 δέχονται.Αὐτδς
2861 3672 2970 3742 γὰρ
3000 3668 3335 3741 ἐγκωμιάζει
3366 3670 3573 3731 Ἠλίαν,
3596 3668 3673 3721 καὶ

2107 3762 2293 3825 Δαθιδ,
2334 3763 2429 3816 καὶ
2461 3761 2721 3833 Σαμψὼν,
2751 3762 2847 3815 καὶ
2880 3762 3087 3826 πάντας
3114 3764 3241 3825 τοὺς
3262 3764 3568 3833 προφήτας,
3595 3756 3675 3820 οὓς

2109 3846 2256 3908 οὗτοι
2285 3853 2675 3924 βδελύττονται.
2720 3855 2808 3908 Ἐν
2835 3857 2955 3918 ταῖς
2982 3851 3075 3907 οὖν
3093 3854 3368 3925 Περιόδοις
3402 3853 3472 3905 τὸ
3496 3851 3675 3911 nivei;

2110 3948 2341 4011 ἑαυτοὺς
2391 3950 2752 4020 μετήνεγκαν,
2791 3947 3266 4017 καταψευσάμενοι
3313 3946 3522 4017 Πέτρου
3552 3941 3673 3997 κατὰ

2110 4038 2341 4103 πολλοὺς
2372 4040 2609 4110 τρόπους
2631 4056 2644 4069 ·
2681 4039 2759 4103 ὡς
2785 4039 2952 4092 αὐτοῦ
3001 4039 3139 4092 καθ’
3175 4038 3387 4109 ἡμέραν
3440 4033 3672 4107 βαπτιζο-

2115 4133 2277 4205 μένου
2308 4131 2576 4203 ἁγνισμοῦ
2604 4132 2820 4195 ἕνεκεν,
2856 4131 3111 4202 καθάπερ
3149 4131 3243 4183 καὶ
3276 4124 3448 4182 οὗτοι.
3493 4123 3673 4196 Ἐμψὺ-

2111 4245 2223 4298 χων
2246 4243 2307 4279 τε
2334 4225 2426 4280 τὸν
2452 4224 2614 4278 αὐτὸν
2635 4224 2937 4295 ἀπέχεσθαι
2956 4224 3051 4277 καὶ
3070 4222 3270 4294 κρεῶν,
3298 4222 3376 4285 ὡς
3396 4223 3492 4274 καὶ
3520 4212 3666 4277 οὗτοι,

2111 4320 2207 4373 καὶ
2238 4317 2420 4389 πάσης
2451 4317 2617 4389 ἄλλης
2641 4317 2841 4387 ἐδωδῆς
2871 4316 2969 4387 τῆς
2996 4315 3105 4368 ἀπὸ
3149 4315 3367 4386 σαρκῶν
3394 4308 3664 4379 πεποιημέ-
3694 4322 3697 4331 ‘

2110 4428 2211 4482 νης
2235 4409 2504 4479 λέγουσιν,
2526 4408 2822 4481 ἐπειδήπερ
2849 4409 2941 4462 καὶ
2973 4407 3136 4470 αὐτὸς
3159 4406 3349 4460 Ἑϐίων
3379 4408 3474 4460 καὶ
3506 4401 3669 4457 Ὲδιω-

2112 4507 2253 4559 νῖται
2280 4502 2559 4566 παντελῶς
2593 4500 2886 4574 ἀπέχονται
2914 4500 3134 4555 τούτων.

1444 4932 1503 4990 S.
1544 4928 1915 4998 Hrenouruus,
1952 4929 2033 4987 De
2060 4932 2162 4988 vir.
2194 4930 2422 4999 illustr.,
2444 4948 2568 5004 cap.
2603 4932 2657 4989 I.

505 5141 655 5205 Libri
684 5148 889 5209 autem,
924 5155 955 5193 e
974 5138 1175 5209 quibus
1201 5154 1344 5195 unus
1372 5137 1632 5192 Actorum
1664 5138 1786 5207 ejus
1814 5135 2010 5208 (Petri)

437 5236 779 5299 inscribitur,
807 5234 949 5289 alius
978 5232 1291 5304 Evangelii,
1320 5233 1515 5288 tertius
1556 5229 2007 5298 Praedicationis,

2601 5046 2688 5101 Ea:
2726 5046 2947 5118 antiqua
2978 5047 3230 5102 versione.

2184 5142 2270 5195 Τὰ
2300 5142 2358 5195 δὲ
2398 5141 2829 5213 συγγράμματα,
2867 5138 3013 5193 τοῦτ’
3046 5140 3161 5193 ἔστι
3190 5139 3428 5210 πρῶτον,
3458 5136 3485 5190 δ
3512 5127 3664 5198 ἐπιγέ-

2119 5252 2387 5308 γραπται,
2422 5234 2658 5306 Πράξεις
2690 5232 2877 5287 αὐτοῦ’
2907 5232 3181 5304 δεύτερον,
3203 5219 3661 5301 Εὐαγγέλιονντρί-

434 5335 667 5398 quartus
700 5324 1131 5397 Apocalypseos,
1168 5324 1396 5393 quintus
1431 5320 1667 5385 Judicii,
1699 5322 1847 5377 inter
1886 5336 2014 5393 apo.

2116 5344 2231 5391 τον,
2279 5329 2586 5399 Κήρυγμαο
2633 5326 2914 5398 τέταρτον,
2980 5324 3385 5393 Ἀποκάλυψις·
3435 5321 3660 5389 πέμπτον.

435 5417 672 5489 cryphas
691 5414 995 5486 scripturas
1022 5420 1346 5485 reputantur
1375 5412 1478 5484 (3).
1513 5410 1645 5482 Lege
1666 5410 2010 5479 Frecullum,

437 5517 568 5565 tom.
633 5515 700 5575 ll,
744 5508 843 5566 lib.
890 5524 947 5573 ι,
989 5521 1112 5578 cap.
1144 5507 1238 5571 20,
1311 5512 1367 5562 et
1407 5505 1707 5561 Honorium
1754 5503 2012 5578 August.,

440 5615 558 5669 cup.
592 5601 642 5656 I.

513 5734 591 5806 (ὅ)
624 5734 965 5805 Reputantur.
998 5736 1083 5792 AI.
1115 5734 1477 5807 repudiantur.

2119 5418 2317 5493 Κρίσις
2339 5436 2354 5451 ·
2386 5419 2463 5484 ὼς
2487 5418 2785 5492 ἀπόκρυφα
2811 5419 2941 5473 δντα
2970 5416 3447 5489 ἀποδοκιμᾰξεται.
