  <div class='ocr_page' id='page_1' title='image "/cluster/home/n/w/nwhite01/storage/ocr_20150623/1/nnc1.0022106693/636.png"; bbox 0 0 3890 6192; ppageno 0'>
   <div class='ocr_carea' id='block_1_1' title="bbox 208 311 334 372">
    <p class='ocr_par' dir='ltr' id='par_1_1' title="bbox 208 311 334 372">
     <span class='ocr_line' id='line_1_1' title="bbox 208 311 334 372; baseline 0.048 -6"><span class='ocrx_word' id='word_1_1' title='bbox 208 311 334 372; x_wconf 68' lang='lat' dir='ltr'><strong>“Si</strong></span> 
     </span>
    </p>
   </div>
   <div class='ocr_carea' id='block_1_2' title="bbox 1281 305 2325 365">
    <p class='ocr_par' dir='ltr' id='par_1_2' title="bbox 1281 305 2325 365">
     <span class='ocr_line' id='line_1_2' title="bbox 1281 305 2325 365; baseline 0 -2"><span class='ocrx_word' id='word_1_2' title='bbox 1281 305 1936 365; x_wconf 67' lang='lat' dir='ltr'><strong>RECOGNITIONES.—</strong></span> <span class='ocrx_word' id='word_1_3' title='bbox 1967 306 2325 363; x_wconf 67' lang='lat' dir='ltr'><strong>PRO(EMIA-</strong></span> 
     </span>
    </p>
   </div>
   <div class='ocr_carea' id='block_1_3' title="bbox 3345 301 3482 357">
    <p class='ocr_par' dir='ltr' id='par_1_3' title="bbox 3345 301 3482 357">
     <span class='ocr_line' id='line_1_3' title="bbox 3345 301 3482 357; baseline -0.029 0"><span class='ocrx_word' id='word_1_4' title='bbox 3345 301 3482 357; x_wconf 65' lang='lat' dir='ltr'><strong>ilﬁﬂ</strong></span> 
     </span>
    </p>
   </div>
   <div class='ocr_carea' id='block_1_4' title="bbox 1533 420 2134 494">
    <p class='ocr_par' dir='ltr' id='par_1_4' title="bbox 1533 420 2134 494">
     <span class='ocr_line' id='line_1_4' title="bbox 1533 420 2134 494; baseline 0.005 -19"><span class='ocrx_word' id='word_1_5' title='bbox 1533 421 1663 478; x_wconf 79' lang='grc' dir='ltr'>Ιοιιιι</span> <span class='ocrx_word' id='word_1_6' title='bbox 1701 420 1856 488; x_wconf 78' lang='lat' dir='ltr'><strong>ibid.,</strong></span> <span class='ocrx_word' id='word_1_7' title='bbox 1883 438 2008 494; x_wconf 86' lang='lat' dir='ltr'><strong>cap.</strong></span> <span class='ocrx_word' id='word_1_8' title='bbox 2049 424 2134 478; x_wconf 80' lang='grc'><strong>15.</strong></span> 
     </span>
    </p>
   </div>
   <div class='ocr_carea' id='block_1_5' title="bbox 283 572 1794 654">
    <p class='ocr_par' dir='ltr' id='par_1_5' title="bbox 283 577 1794 654">
     <span class='ocr_line' id='line_1_5' title="bbox 283 577 1794 654; baseline -0.005 -17"><span class='ocrx_word' id='word_1_9' title='bbox 283 581 390 637; x_wconf 75' lang='grc' dir='ltr'><strong>Καὶ</strong></span> <span class='ocrx_word' id='word_1_10' title='bbox 433 581 692 652; x_wconf 78' lang='grc' dir='ltr'><strong>Διάλογος</strong></span> <span class='ocrx_word' id='word_1_11' title='bbox 729 583 940 654; x_wconf 77' lang='grc' dir='ltr'><strong>Πέτρου</strong></span> <span class='ocrx_word' id='word_1_12' title='bbox 984 583 1078 635; x_wconf 67' lang='grc' dir='ltr'>καὶ</span> <span class='ocrx_word' id='word_1_13' title='bbox 1123 579 1387 643; x_wconf 80' lang='grc' dir='ltr'><strong>Ἀπίωνος</strong></span> <span class='ocrx_word' id='word_1_14' title='bbox 1423 578 1618 651; x_wconf 83' lang='grc' dir='ltr'><strong>μακρῷ</strong></span> <span class='ocrx_word' id='word_1_15' title='bbox 1661 577 1794 650; x_wconf 52' lang='grc' dir='ltr'><strong>λόγῳ</strong></span> 
     </span>
    </p>
   </div>
   <div class='ocr_carea' id='block_1_6' title="bbox 1898 572 3486 654">
    <p class='ocr_par' dir='ltr' id='par_1_6' title="bbox 1981 572 3486 647">
     <span class='ocr_line' id='line_1_6' title="bbox 1981 572 3486 647; baseline -0.001 -19"><span class='ocrx_word' id='word_1_16' title='bbox 1981 573 2051 628; x_wconf 83' lang='lat' dir='ltr'><strong>Et</strong></span> <span class='ocrx_word' id='word_1_17' title='bbox 2101 572 2407 644; x_wconf 76' lang='lat' dir='ltr'><strong>Disputatio</strong></span> <span class='ocrx_word' id='word_1_18' title='bbox 2465 573 2606 630; x_wconf 89' lang='lat' dir='ltr'><strong>Petri</strong></span> <span class='ocrx_word' id='word_1_19' title='bbox 2657 585 2710 630; x_wconf 89' lang='lat' dir='ltr'><strong>et</strong></span> <span class='ocrx_word' id='word_1_20' title='bbox 2760 576 2987 647; x_wconf 83' lang='lat' dir='ltr'><strong>Apionis</strong></span> <span class='ocrx_word' id='word_1_21' title='bbox 3028 577 3189 647; x_wconf 83' lang='lat' dir='ltr'><strong>longo</strong></span> <span class='ocrx_word' id='word_1_22' title='bbox 3234 589 3486 631; x_wconf 84' lang='lat' dir='ltr'><strong>sermone</strong></span> 
     </span>
    </p>
   </div>
   <div class='ocr_carea' id='block_1_7' title="bbox 213 673 1795 746">
    <p class='ocr_par' dir='ltr' id='par_1_7' title="bbox 213 673 1795 746">
     <span class='ocr_line' id='line_1_7' title="bbox 213 673 1795 746; baseline -0.002 -19"><span class='ocrx_word' id='word_1_23' title='bbox 213 693 280 727; x_wconf 71' lang='grc' dir='ltr'><strong>συ</strong></span> <span class='ocrx_word' id='word_1_24' title='bbox 295 681 544 743; x_wconf 66' lang='grc' dir='ltr'>ηατεῖσα</span> <span class='ocrx_word' id='word_1_25' title='bbox 566 716 579 738; x_wconf 90' lang='grc'>,</span> <span class='ocrx_word' id='word_1_26' title='bbox 616 677 682 746; x_wconf 77' lang='grc' dir='ltr'>ἦν</span> <span class='ocrx_word' id='word_1_27' title='bbox 735 693 857 728; x_wconf 79' lang='grc' dir='ltr'><strong>τινα</strong></span> <span class='ocrx_word' id='word_1_28' title='bbox 887 675 1140 736; x_wconf 79' lang='grc' dir='ltr'>Εὐσέϐιος</span> <span class='ocrx_word' id='word_1_29' title='bbox 1170 673 1399 730; x_wconf 73' lang='grc' dir='ltr'>εὐθύνει,</span> <span class='ocrx_word' id='word_1_30' title='bbox 1431 675 1486 726; x_wconf 82' lang='grc' dir='ltr'><strong>ὲν</strong></span> <span class='ocrx_word' id='word_1_31' title='bbox 1526 673 1604 744; x_wconf 75' lang='grc' dir='ltr'><strong>τῷ</strong></span> <span class='ocrx_word' id='word_1_32' title='bbox 1629 675 1795 744; x_wconf 81' lang='grc' dir='ltr'>τρίτῳ</span> 
     </span>
    </p>
   </div>
   <div class='ocr_carea' id='block_1_8' title="bbox 207 764 1426 836">
    <p class='ocr_par' dir='ltr' id='par_1_8' title="bbox 207 764 1426 836">
     <span class='ocr_line' id='line_1_8' title="bbox 207 764 1426 836; baseline -0.005 -14"><span class='ocrx_word' id='word_1_33' title='bbox 207 767 314 836; x_wconf 77' lang='grc' dir='ltr'><strong>τῆς</strong></span> <span class='ocrx_word' id='word_1_34' title='bbox 360 767 904 836; x_wconf 77' lang='grc' dir='ltr'><strong>Ἐκκλησιαστικῆς</strong></span> <span class='ocrx_word' id='word_1_35' title='bbox 934 767 1198 835; x_wconf 80' lang='grc' dir='ltr'><strong>ἱστορίας</strong></span> <span class='ocrx_word' id='word_1_36' title='bbox 1228 764 1426 833; x_wconf 76' lang='grc' dir='ltr'><strong>τεύχει.</strong></span> 
     </span>
    </p>
   </div>
   <div class='ocr_carea' id='block_1_9' title="bbox 1910 665 3484 735">
    <p class='ocr_par' dir='ltr' id='par_1_9' title="bbox 1910 665 3484 735">
     <span class='ocr_line' id='line_1_9' title="bbox 1910 665 3484 735; baseline -0.001 -15"><span class='ocrx_word' id='word_1_37' title='bbox 1910 666 2238 735; x_wconf 88' lang='lat' dir='ltr'><strong>conscripta,</strong></span> <span class='ocrx_word' id='word_1_38' title='bbox 2265 682 2425 735; x_wconf 90' lang='lat' dir='ltr'><strong>quam</strong></span> <span class='ocrx_word' id='word_1_39' title='bbox 2463 665 2732 722; x_wconf 80' lang='lat' dir='ltr'><strong>Eusebius</strong></span> <span class='ocrx_word' id='word_1_40' title='bbox 2766 668 2818 720; x_wconf 94' lang='lat' dir='ltr'><strong>in</strong></span> <span class='ocrx_word' id='word_1_41' title='bbox 2853 669 3011 722; x_wconf 90' lang='lat' dir='ltr'><strong>tertio</strong></span> <span class='ocrx_word' id='word_1_42' title='bbox 3044 669 3300 722; x_wconf 76' lang='lat' dir='ltr'><strong>Historia:</strong></span> <span class='ocrx_word' id='word_1_43' title='bbox 3333 667 3484 720; x_wconf 66' lang='lat' dir='ltr'><strong>cccle-</strong></span> 
     </span>
    </p>
   </div>
   <div class='ocr_carea' id='block_1_10' title="bbox 1910 762 3484 835">
    <p class='ocr_par' dir='ltr' id='par_1_10' title="bbox 1910 762 3484 835">
     <span class='ocr_line' id='line_1_10' title="bbox 1910 762 3484 835; baseline 0.002 -21"><span class='ocrx_word' id='word_1_44' title='bbox 1910 762 2140 816; x_wconf 79' lang='lat' dir='ltr'><strong>siastica:</strong></span> <span class='ocrx_word' id='word_1_45' title='bbox 2161 764 2434 817; x_wconf 86' lang='lat' dir='ltr'><strong>volumine</strong></span> <span class='ocrx_word' id='word_1_46' title='bbox 2456 766 2722 833; x_wconf 85' lang='lat' dir='ltr'><strong>coarguit.</strong></span> <span class='ocrx_word' id='word_1_47' title='bbox 2749 763 2882 835; x_wconf 79' lang='lat' dir='ltr'><strong>Lege</strong></span> <span class='ocrx_word' id='word_1_48' title='bbox 2906 765 3236 830; x_wconf 81' lang='lat' dir='ltr'><strong>Frcculfuin,</strong></span> <span class='ocrx_word' id='word_1_49' title='bbox 3263 774 3394 820; x_wconf 87' lang='lat' dir='ltr'><strong>tom.</strong></span> <span class='ocrx_word' id='word_1_50' title='bbox 3425 765 3484 828; x_wconf 88' lang='lat' dir='ltr'><strong>ll,</strong></span> 
     </span>
    </p>
   </div>
   <div class='ocr_carea' id='block_1_11' title="bbox 1912 852 2362 922">
    <p class='ocr_par' dir='ltr' id='par_1_11' title="bbox 1912 852 2362 922">
     <span class='ocr_line' id='line_1_11' title="bbox 1912 852 2362 922; baseline 0.002 -16"><span class='ocrx_word' id='word_1_51' title='bbox 1912 852 2006 907; x_wconf 92' lang='lat' dir='ltr'><strong>lib.</strong></span> <span class='ocrx_word' id='word_1_52' title='bbox 2038 868 2099 917; x_wconf 87' lang='grc' dir='ltr'>ιι,</span> <span class='ocrx_word' id='word_1_53' title='bbox 2124 868 2242 922; x_wconf 85' lang='lat' dir='ltr'><strong>cap.</strong></span> <span class='ocrx_word' id='word_1_54' title='bbox 2278 853 2362 907; x_wconf 78' lang='grc'><strong>10.</strong></span> 
     </span>
    </p>
   </div>
   <div class='ocr_carea' id='block_1_12' title="bbox 1241 988 2482 1064">
    <p class='ocr_par' dir='ltr' id='par_1_12' title="bbox 1241 988 2482 1064">
     <span class='ocr_line' id='line_1_12' title="bbox 1241 988 2482 1064; baseline 0.004 -21"><span class='ocrx_word' id='word_1_55' title='bbox 1241 988 1369 1045; x_wconf 74' lang='lat' dir='ltr'><strong>[neu</strong></span> <span class='ocrx_word' id='word_1_56' title='bbox 1397 989 1493 1046; x_wconf 87' lang='lat' dir='ltr'><strong>lib.</strong></span> <span class='ocrx_word' id='word_1_57' title='bbox 1521 1007 1538 1046; x_wconf 88' lang='lat' dir='ltr'><strong>t</strong></span> <span class='ocrx_word' id='word_1_58' title='bbox 1569 993 1820 1048; x_wconf 78' lang='lat' dir='ltr'><strong>adversus</strong></span> <span class='ocrx_word' id='word_1_59' title='bbox 1843 992 2211 1060; x_wconf 74' lang='lat' dir='ltr'><strong>Iovinianum,</strong></span> <span class='ocrx_word' id='word_1_60' title='bbox 2240 1008 2364 1064; x_wconf 91' lang='lat' dir='ltr'><strong>cap.</strong></span> <span class='ocrx_word' id='word_1_61' title='bbox 2397 993 2482 1048; x_wconf 75' lang='lat' dir='ltr'><strong>M.</strong></span> 
     </span>
    </p>
   </div>
   <div class='ocr_carea' id='block_1_13' title="bbox 280 1145 1788 1220">
    <p class='ocr_par' dir='ltr' id='par_1_13' title="bbox 280 1145 1788 1220">
     <span class='ocr_line' id='line_1_13' title="bbox 280 1145 1788 1220; baseline 0.004 -21"><span class='ocrx_word' id='word_1_62' title='bbox 280 1145 584 1203; x_wconf 87' lang='lat' dir='ltr'><strong>Possumus</strong></span> <span class='ocrx_word' id='word_1_63' title='bbox 617 1152 799 1201; x_wconf 89' lang='lat' dir='ltr'><strong>autem</strong></span> <span class='ocrx_word' id='word_1_64' title='bbox 835 1147 901 1204; x_wconf 93' lang='lat' dir='ltr'><strong>de</strong></span> <span class='ocrx_word' id='word_1_65' title='bbox 926 1146 1086 1204; x_wconf 88' lang='lat' dir='ltr'><strong>Petro</strong></span> <span class='ocrx_word' id='word_1_66' title='bbox 1117 1151 1322 1216; x_wconf 80' lang='lat' dir='ltr'><strong>dicere,</strong></span> <span class='ocrx_word' id='word_1_67' title='bbox 1352 1150 1498 1220; x_wconf 90' lang='lat' dir='ltr'><strong>quod</strong></span> <span class='ocrx_word' id='word_1_68' title='bbox 1530 1149 1788 1206; x_wconf 74' lang='lat' dir='ltr'><strong>habuerit</strong></span> 
     </span>
    </p>
   </div>
   <div class='ocr_carea' id='block_1_14' title="bbox 205 1241 1795 1311">
    <p class='ocr_par' dir='ltr' id='par_1_14' title="bbox 205 1241 1795 1311">
     <span class='ocr_line' id='line_1_14' title="bbox 205 1241 1795 1311; baseline 0.002 -20"><span class='ocrx_word' id='word_1_69' title='bbox 205 1250 434 1291; x_wconf 81' lang='lat' dir='ltr'><strong>socrum</strong></span> <span class='ocrx_word' id='word_1_70' title='bbox 477 1253 547 1292; x_wconf 90' lang='lat' dir='ltr'><strong>eo</strong></span> <span class='ocrx_word' id='word_1_71' title='bbox 596 1246 842 1309; x_wconf 87' lang='lat' dir='ltr'><strong>tempore</strong></span> <span class='ocrx_word' id='word_1_72' title='bbox 870 1257 979 1310; x_wconf 94' lang='lat' dir='ltr'><strong>quo</strong></span> <span class='ocrx_word' id='word_1_73' title='bbox 1026 1241 1281 1303; x_wconf 89' lang='lat' dir='ltr'><strong>credidit,</strong></span> <span class='ocrx_word' id='word_1_74' title='bbox 1331 1251 1385 1295; x_wconf 89' lang='lat' dir='ltr'><strong>et</strong></span> <span class='ocrx_word' id='word_1_75' title='bbox 1414 1256 1640 1296; x_wconf 83' lang='lat' dir='ltr'><strong>uxorein</strong></span> <span class='ocrx_word' id='word_1_76' title='bbox 1682 1242 1795 1311; x_wconf 89' lang='lat' dir='ltr'><strong>jam</strong></span> 
     </span>
    </p>
   </div>
   <div class='ocr_carea' id='block_1_15' title="bbox 206 1328 1798 1403">
    <p class='ocr_par' dir='ltr' id='par_1_15' title="bbox 206 1328 1798 1403">
     <span class='ocr_line' id='line_1_15' title="bbox 206 1328 1798 1403; baseline 0.003 -22"><span class='ocrx_word' id='word_1_77' title='bbox 206 1343 322 1382; x_wconf 86' lang='lat' dir='ltr'><strong>non</strong></span> <span class='ocrx_word' id='word_1_78' title='bbox 375 1328 628 1384; x_wconf 76' lang='lat' dir='ltr'><strong>habuerit</strong></span> <span class='ocrx_word' id='word_1_79' title='bbox 666 1350 678 1384; x_wconf 87' lang='lat'><strong>:</strong></span> <span class='ocrx_word' id='word_1_80' title='bbox 713 1346 1025 1402; x_wconf 85' lang='lat' dir='ltr'><strong>quanquam</strong></span> <span class='ocrx_word' id='word_1_81' title='bbox 1077 1333 1289 1403; x_wconf 75' lang='lat' dir='ltr'><strong>legatur</strong></span> <span class='ocrx_word' id='word_1_82' title='bbox 1317 1332 1372 1386; x_wconf 92' lang='lat' dir='ltr'><strong>in</strong></span> <span class='ocrx_word' id='word_1_83' title='bbox 1403 1332 1702 1403; x_wconf 81' lang='grc' dir='ltr'><strong>Περιόδοις,</strong></span> <span class='ocrx_word' id='word_1_84' title='bbox 1742 1339 1798 1387; x_wconf 93' lang='lat' dir='ltr'><strong>et</strong></span> 
     </span>
    </p>
   </div>
   <div class='ocr_carea' id='block_1_16' title="bbox 205 1419 1798 1489">
    <p class='ocr_par' dir='ltr' id='par_1_16' title="bbox 205 1419 1798 1489">
     <span class='ocr_line' id='line_1_16' title="bbox 205 1419 1798 1489; baseline 0.004 -15"><span class='ocrx_word' id='word_1_85' title='bbox 205 1434 354 1474; x_wconf 80' lang='lat' dir='ltr'><strong>uxor</strong></span> <span class='ocrx_word' id='word_1_86' title='bbox 382 1419 523 1489; x_wconf 86' lang='lat' dir='ltr'><strong>ejus,</strong></span> <span class='ocrx_word' id='word_1_87' title='bbox 549 1429 602 1477; x_wconf 91' lang='lat' dir='ltr'><strong>et</strong></span> <span class='ocrx_word' id='word_1_88' title='bbox 633 1421 760 1478; x_wconf 81' lang='lat' dir='ltr'><strong>filia.</strong></span> <span class='ocrx_word' id='word_1_89' title='bbox 801 1422 908 1478; x_wconf 86' lang='lat' dir='ltr'><strong>Sed</strong></span> <span class='ocrx_word' id='word_1_90' title='bbox 937 1438 1085 1478; x_wconf 91' lang='lat' dir='ltr'><strong>nunc</strong></span> <span class='ocrx_word' id='word_1_91' title='bbox 1115 1424 1277 1481; x_wconf 88' lang='lat' dir='ltr'><strong>nobis</strong></span> <span class='ocrx_word' id='word_1_92' title='bbox 1305 1425 1373 1480; x_wconf 91' lang='lat' dir='ltr'><strong>de</strong></span> <span class='ocrx_word' id='word_1_93' title='bbox 1401 1438 1612 1480; x_wconf 87' lang='lat' dir='ltr'><strong>canone</strong></span> <span class='ocrx_word' id='word_1_94' title='bbox 1636 1440 1798 1481; x_wconf 89' lang='lat' dir='ltr'><strong>omne</strong></span> 
     </span>
    </p>
   </div>
   <div class='ocr_carea' id='block_1_17' title="bbox 1903 1143 3596 1218">
    <p class='ocr_par' dir='ltr' id='par_1_17' title="bbox 1903 1143 3596 1218">
     <span class='ocr_line' id='line_1_17' title="bbox 1903 1143 3596 1218; baseline -0.001 -12"><span class='ocrx_word' id='word_1_95' title='bbox 1903 1159 2184 1207; x_wconf 88' lang='lat' dir='ltr'><strong>certamen</strong></span> <span class='ocrx_word' id='word_1_96' title='bbox 2214 1159 2318 1208; x_wconf 90' lang='lat' dir='ltr'><strong>est.</strong></span> <span class='ocrx_word' id='word_1_97' title='bbox 2367 1150 2432 1204; x_wconf 85' lang='lat' dir='ltr'><strong>In</strong></span> <span class='ocrx_word' id='word_1_98' title='bbox 2472 1143 2976 1218; x_wconf 67' lang='lat' dir='ltr'><strong>ltecognitionibus.</strong></span> <span class='ocrx_word' id='word_1_99' title='bbox 3015 1165 3152 1202; x_wconf 70' lang='lat' dir='ltr'><strong>uxor</strong></span> <span class='ocrx_word' id='word_1_100' title='bbox 3192 1146 3342 1202; x_wconf 82' lang='lat' dir='ltr'><strong>Petri</strong></span> <span class='ocrx_word' id='word_1_101' title='bbox 3380 1163 3487 1204; x_wconf 75' lang='lat' dir='ltr'><strong>nie-</strong></span> <span class='ocrx_word' id='word_1_102' title='bbox 3587 1192 3596 1204; x_wconf 92' lang='lat'><strong>.</strong></span> 
     </span>
    </p>
   </div>
   <div class='ocr_carea' id='block_1_18' title="bbox 1905 1239 3487 1312">
    <p class='ocr_par' dir='ltr' id='par_1_18' title="bbox 1905 1239 3487 1312">
     <span class='ocr_line' id='line_1_18' title="bbox 1905 1239 3487 1312; baseline -0.001 -17"><span class='ocrx_word' id='word_1_103' title='bbox 1905 1254 2145 1296; x_wconf 82' lang='lat' dir='ltr'><strong>moratur</strong></span> <span class='ocrx_word' id='word_1_104' title='bbox 2170 1243 2266 1296; x_wconf 88' lang='lat' dir='ltr'><strong>lib.</strong></span> <span class='ocrx_word' id='word_1_105' title='bbox 2292 1258 2390 1305; x_wconf 83' lang='lat' dir='ltr'><strong>vn,</strong></span> <span class='ocrx_word' id='word_1_106' title='bbox 2424 1257 2550 1312; x_wconf 88' lang='lat' dir='ltr'><strong>cap.</strong></span> <span class='ocrx_word' id='word_1_107' title='bbox 2583 1241 2674 1306; x_wconf 70' lang='lat'><strong>25,</strong></span> <span class='ocrx_word' id='word_1_108' title='bbox 2706 1239 2798 1305; x_wconf 68' lang='grc'><strong>26,</strong></span> <span class='ocrx_word' id='word_1_109' title='bbox 2827 1248 2880 1296; x_wconf 93' lang='lat' dir='ltr'><strong>et</strong></span> <span class='ocrx_word' id='word_1_110' title='bbox 2903 1240 2997 1296; x_wconf 89' lang='lat' dir='ltr'><strong>lib.</strong></span> <span class='ocrx_word' id='word_1_111' title='bbox 3029 1257 3109 1306; x_wconf 77' lang='lat' dir='ltr'><strong>Ix,</strong></span> <span class='ocrx_word' id='word_1_112' title='bbox 3142 1255 3262 1310; x_wconf 88' lang='lat' dir='ltr'><strong>cap.</strong></span> <span class='ocrx_word' id='word_1_113' title='bbox 3291 1240 3392 1306; x_wconf 76' lang='lat'><strong>58&#39;,</strong></span> <span class='ocrx_word' id='word_1_114' title='bbox 3421 1241 3487 1308; x_wconf 71' lang='lat' dir='ltr'><strong>ﬁ-</strong></span> 
     </span>
    </p>
   </div>
   <div class='ocr_carea' id='block_1_19' title="bbox 1905 1333 2467 1401">
    <p class='ocr_par' dir='ltr' id='par_1_19' title="bbox 1905 1333 2467 1401">
     <span class='ocr_line' id='line_1_19' title="bbox 1905 1333 2467 1401; baseline 0.002 -14"><span class='ocrx_word' id='word_1_115' title='bbox 1905 1333 1980 1387; x_wconf 80' lang='lat' dir='ltr'><strong>lia</strong></span> <span class='ocrx_word' id='word_1_116' title='bbox 2011 1350 2151 1398; x_wconf 87' lang='lat' dir='ltr'><strong>vero,</strong></span> <span class='ocrx_word' id='word_1_117' title='bbox 2187 1348 2467 1401; x_wconf 78' lang='lat' dir='ltr'><strong>nusquam.</strong></span> 
     </span>
    </p>
   </div>
   <div class='ocr_carea' id='block_1_20' title="bbox 945 1575 1794 1650">
    <p class='ocr_par' dir='ltr' id='par_1_20' title="bbox 945 1579 1784 1637">
     <span class='ocr_line' id='line_1_20' title="bbox 945 1579 1784 1637; baseline -0.005 0"><span class='ocrx_word' id='word_1_118' title='bbox 945 1581 1072 1637; x_wconf 72' lang='lat' dir='ltr'><strong>Ini-sl</strong></span> <span class='ocrx_word' id='word_1_119' title='bbox 1101 1581 1196 1637; x_wconf 85' lang='lat' dir='ltr'><strong>lib.</strong></span> <span class='ocrx_word' id='word_1_120' title='bbox 1222 1597 1240 1636; x_wconf 84' lang='lat' dir='ltr'><strong>l</strong></span> <span class='ocrx_word' id='word_1_121' title='bbox 1267 1579 1784 1637; x_wconf 77' lang='lat' dir='ltr'><strong>Commentariorum</strong></span> 
     </span>
    </p>
   </div>
   <div class='ocr_carea' id='block_1_21' title="bbox 1898 1575 2762 1650">
    <p class='ocr_par' dir='ltr' id='par_1_21' title="bbox 1898 1575 2762 1650">
     <span class='ocr_line' id='line_1_21' title="bbox 1898 1575 2762 1650; baseline -0.005 -16"><span class='ocrx_word' id='word_1_122' title='bbox 1898 1579 2192 1650; x_wconf 80' lang='lat' dir='ltr'><strong>Epistolam</strong></span> <span class='ocrx_word' id='word_1_123' title='bbox 2216 1578 2292 1633; x_wconf 78' lang='lat' dir='ltr'><strong>ad</strong></span> <span class='ocrx_word' id='word_1_124' title='bbox 2321 1576 2568 1642; x_wconf 72' lang='lat' dir='ltr'><strong>Gatatas,</strong></span> <span class='ocrx_word' id='word_1_125' title='bbox 2603 1592 2642 1642; x_wconf 85' lang='grc' dir='ltr'>ι,</span> <span class='ocrx_word' id='word_1_126' title='bbox 2675 1575 2762 1631; x_wconf 76' lang='grc'><strong>18.</strong></span> 
     </span>
    </p>
   </div>
   <div class='ocr_carea' id='block_1_22' title="bbox 278 1753 1791 1828">
    <p class='ocr_par' dir='ltr' id='par_1_22' title="bbox 278 1753 1791 1828">
     <span class='ocr_line' id='line_1_22' title="bbox 278 1753 1791 1828; baseline 0.001 -20"><span class='ocrx_word' id='word_1_127' title='bbox 278 1753 399 1809; x_wconf 85' lang='lat' dir='ltr'><strong>Non</strong></span> <span class='ocrx_word' id='word_1_128' title='bbox 423 1761 480 1808; x_wconf 89' lang='lat' dir='ltr'><strong>ut</strong></span> <span class='ocrx_word' id='word_1_129' title='bbox 510 1756 723 1821; x_wconf 90' lang='lat' dir='ltr'><strong>oculos,</strong></span> <span class='ocrx_word' id='word_1_130' title='bbox 755 1771 923 1827; x_wconf 83' lang='lat' dir='ltr'><strong>genas</strong></span> <span class='ocrx_word' id='word_1_131' title='bbox 952 1758 1275 1828; x_wconf 83' lang='lat' dir='ltr'><strong>vultumque</strong></span> <span class='ocrx_word' id='word_1_132' title='bbox 1305 1755 1424 1826; x_wconf 87' lang='lat' dir='ltr'><strong>ejus</strong></span> <span class='ocrx_word' id='word_1_133' title='bbox 1447 1754 1617 1827; x_wconf 83' lang='lat' dir='ltr'><strong>(Petri</strong></span> <span class='ocrx_word' id='word_1_134' title='bbox 1646 1753 1791 1810; x_wconf 84' lang='lat' dir='ltr'><strong>Pau-</strong></span> 
     </span>
    </p>
   </div>
   <div class='ocr_carea' id='block_1_23' title="bbox 203 1848 1792 1921">
    <p class='ocr_par' dir='ltr' id='par_1_23' title="bbox 203 1848 1792 1921">
     <span class='ocr_line' id='line_1_23' title="bbox 203 1848 1792 1921; baseline -0.001 -18"><span class='ocrx_word' id='word_1_135' title='bbox 203 1849 318 1919; x_wconf 76' lang='lat' dir='ltr'><strong>lus)</strong></span> <span class='ocrx_word' id='word_1_136' title='bbox 351 1852 618 1921; x_wconf 88' lang='lat' dir='ltr'><strong>aspiceret</strong></span> <span class='ocrx_word' id='word_1_137' title='bbox 649 1865 661 1900; x_wconf 92' lang='lat'>:</span> <span class='ocrx_word' id='word_1_138' title='bbox 704 1859 887 1904; x_wconf 82' lang='lat' dir='ltr'><strong>utrum</strong></span> <span class='ocrx_word' id='word_1_139' title='bbox 918 1851 1271 1917; x_wconf 86' lang='lat' dir='ltr'><strong>macilentus,</strong></span> <span class='ocrx_word' id='word_1_140' title='bbox 1307 1865 1374 1904; x_wconf 88' lang='lat' dir='ltr'><strong>an</strong></span> <span class='ocrx_word' id='word_1_141' title='bbox 1418 1849 1659 1918; x_wconf 81' lang='lat' dir='ltr'><strong>pinguis,</strong></span> <span class='ocrx_word' id='word_1_142' title='bbox 1695 1848 1792 1902; x_wconf 90' lang='lat' dir='ltr'><strong>ad-</strong></span> 
     </span>
    </p>
   </div>
   <div class='ocr_carea' id='block_1_24' title="bbox 1898 1751 3485 1825">
    <p class='ocr_par' dir='ltr' id='par_1_24' title="bbox 1898 1751 3485 1825">
     <span class='ocr_line' id='line_1_24' title="bbox 1898 1751 3485 1825; baseline -0.004 -12"><span class='ocrx_word' id='word_1_143' title='bbox 1898 1765 1981 1813; x_wconf 88' lang='lat' dir='ltr'><strong>ret</strong></span> <span class='ocrx_word' id='word_1_144' title='bbox 2009 1772 2166 1814; x_wconf 90' lang='lat' dir='ltr'><strong>coma</strong></span> <span class='ocrx_word' id='word_1_145' title='bbox 2194 1776 2208 1825; x_wconf 92' lang='lat'><strong>;</strong></span> <span class='ocrx_word' id='word_1_146' title='bbox 2247 1775 2349 1823; x_wconf 86' lang='lat' dir='ltr'><strong>an,</strong></span> <span class='ocrx_word' id='word_1_147' title='bbox 2389 1767 2450 1813; x_wconf 91' lang='lat' dir='ltr'><strong>ut</strong></span> <span class='ocrx_word' id='word_1_148' title='bbox 2479 1756 2734 1812; x_wconf 79' lang='lat' dir='ltr'><strong>Clemens</strong></span> <span class='ocrx_word' id='word_1_149' title='bbox 2768 1755 2823 1808; x_wconf 94' lang='lat' dir='ltr'><strong>in</strong></span> <span class='ocrx_word' id='word_1_150' title='bbox 2859 1751 3110 1810; x_wconf 82' lang='lat' dir='ltr'><strong>Periodis</strong></span> <span class='ocrx_word' id='word_1_151' title='bbox 3143 1753 3264 1823; x_wconf 87' lang='lat' dir='ltr'><strong>ejus</strong></span> <span class='ocrx_word' id='word_1_152' title='bbox 3299 1753 3485 1820; x_wconf 79' lang='lat' dir='ltr'><strong>refert,</strong></span> 
     </span>
    </p>
   </div>
   <div class='ocr_carea' id='block_1_25' title="bbox 1901 1842 3490 1919">
    <p class='ocr_par' dir='ltr' id='par_1_25' title="bbox 1901 1842 3490 1919">
     <span class='ocr_line' id='line_1_25' title="bbox 1901 1842 3490 1919; baseline -0.007 -14"><span class='ocrx_word' id='word_1_153' title='bbox 1901 1850 2173 1905; x_wconf 90' lang='lat' dir='ltr'><strong>calvitiem</strong></span> <span class='ocrx_word' id='word_1_154' title='bbox 2201 1850 2422 1904; x_wconf 86' lang='lat' dir='ltr'><strong>haberet</strong></span> <span class='ocrx_word' id='word_1_155' title='bbox 2453 1849 2508 1904; x_wconf 94' lang='lat' dir='ltr'><strong>in</strong></span> <span class='ocrx_word' id='word_1_156' title='bbox 2525 1849 2721 1919; x_wconf 88' lang='lat' dir='ltr'><strong>capite.</strong></span> <span class='ocrx_word' id='word_1_157' title='bbox 2760 1845 2873 1900; x_wconf 84' lang='lat' dir='ltr'><strong>Hoc</strong></span> <span class='ocrx_word' id='word_1_158' title='bbox 2894 1862 3031 1899; x_wconf 87' lang='lat' dir='ltr'><strong>nunc</strong></span> <span class='ocrx_word' id='word_1_159' title='bbox 3063 1846 3116 1900; x_wconf 74' lang='lat' dir='ltr'><strong>in</strong></span> <span class='ocrx_word' id='word_1_160' title='bbox 3142 1842 3490 1915; x_wconf 74' lang='lat' dir='ltr'><strong>Recognitio-</strong></span> 
     </span>
    </p>
   </div>
   <div class='ocr_carea' id='block_1_26' title="bbox 205 1937 2503 2010">
    <p class='ocr_par' dir='ltr' id='par_1_26' title="bbox 205 1937 2503 2010">
     <span class='ocr_line' id='line_1_26' title="bbox 205 1937 2503 2010; baseline -0.003 -12"><span class='ocrx_word' id='word_1_161' title='bbox 205 1959 354 1999; x_wconf 86' lang='lat' dir='ltr'><strong>unco</strong></span> <span class='ocrx_word' id='word_1_162' title='bbox 376 1960 510 1999; x_wconf 84' lang='lat' dir='ltr'><strong>naso</strong></span> <span class='ocrx_word' id='word_1_163' title='bbox 538 1951 707 2010; x_wconf 85' lang='lat' dir='ltr'><strong>esset,</strong></span> <span class='ocrx_word' id='word_1_164' title='bbox 739 1959 808 1998; x_wconf 90' lang='lat' dir='ltr'><strong>an</strong></span> <span class='ocrx_word' id='word_1_165' title='bbox 835 1951 988 1999; x_wconf 91' lang='lat' dir='ltr'><strong>recto</strong></span> <span class='ocrx_word' id='word_1_166' title='bbox 1015 1963 1026 1998; x_wconf 92' lang='lat'><strong>:</strong></span> <span class='ocrx_word' id='word_1_167' title='bbox 1051 1951 1108 1999; x_wconf 89' lang='lat' dir='ltr'><strong>et</strong></span> <span class='ocrx_word' id='word_1_168' title='bbox 1139 1951 1325 1998; x_wconf 87' lang='lat' dir='ltr'><strong>utrum</strong></span> <span class='ocrx_word' id='word_1_169' title='bbox 1358 1942 1597 1997; x_wconf 81' lang='lat' dir='ltr'><strong>frontem</strong></span> <span class='ocrx_word' id='word_1_170' title='bbox 1628 1941 1798 1998; x_wconf 86' lang='lat' dir='ltr'><strong>vesti-</strong></span> <span class='ocrx_word' id='word_1_171' title='bbox 1833 1937 1875 1992; x_wconf 86' lang='grc' dir='ltr'>Β</span> <span class='ocrx_word' id='word_1_172' title='bbox 1908 1937 2070 1993; x_wconf 90' lang='lat' dir='ltr'><strong>nibus</strong></span> <span class='ocrx_word' id='word_1_173' title='bbox 2093 1955 2198 1993; x_wconf 86' lang='lat' dir='ltr'><strong>non</strong></span> <span class='ocrx_word' id='word_1_174' title='bbox 2222 1939 2503 1993; x_wconf 85' lang='lat' dir='ltr'><strong>invenitur.</strong></span> 
     </span>
    </p>
   </div>
   <div class='ocr_carea' id='block_1_27' title="bbox 1802 2098 1891 2154">
    <p class='ocr_par' dir='ltr' id='par_1_27' title="bbox 1802 2098 1891 2154">
     <span class='ocr_line' id='line_1_27' title="bbox 1802 2098 1891 2154; baseline 0.011 -1"><span class='ocrx_word' id='word_1_175' title='bbox 1802 2098 1891 2154; x_wconf 77' lang='lat' dir='ltr'><strong>VI.</strong></span> 
     </span>
    </p>
   </div>
   <div class='ocr_carea' id='block_1_28' title="bbox 1162 2248 2510 2322">
    <p class='ocr_par' dir='ltr' id='par_1_28' title="bbox 1162 2248 2510 2322">
     <span class='ocr_line' id='line_1_28' title="bbox 1162 2248 2510 2322; baseline -0.007 -9"><span class='ocrx_word' id='word_1_176' title='bbox 1162 2254 1415 2322; x_wconf 59' lang='lat' dir='ltr'><strong>norimus,</strong></span> <span class='ocrx_word' id='word_1_177' title='bbox 1450 2253 1522 2309; x_wconf 91' lang='lat' dir='ltr'><strong>De</strong></span> <span class='ocrx_word' id='word_1_178' title='bbox 1557 2253 1944 2309; x_wconf 81' lang='lat' dir='ltr'><strong>adulteratione</strong></span> <span class='ocrx_word' id='word_1_179' title='bbox 1959 2252 2220 2306; x_wconf 80' lang='lat' dir='ltr'><strong>librorum</strong></span> <span class='ocrx_word' id='word_1_180' title='bbox 2249 2248 2510 2321; x_wconf 81' lang='lat' dir='ltr'><strong>Origenis.</strong></span> 
     </span>
    </p>
   </div>
   <div class='ocr_carea' id='block_1_29' title="bbox 279 2435 1797 2508">
    <p class='ocr_par' dir='ltr' id='par_1_29' title="bbox 279 2435 1797 2508">
     <span class='ocr_line' id='line_1_29' title="bbox 279 2435 1797 2508; baseline -0.001 -16"><span class='ocrx_word' id='word_1_181' title='bbox 279 2436 569 2503; x_wconf 88' lang='lat' dir='ltr'><strong>Clemens,</strong></span> <span class='ocrx_word' id='word_1_182' title='bbox 603 2436 980 2508; x_wconf 79' lang='lat' dir='ltr'><strong>apostolorum</strong></span> <span class='ocrx_word' id='word_1_183' title='bbox 1020 2436 1359 2506; x_wconf 87' lang='lat' dir='ltr'><strong>discipulus,</strong></span> <span class='ocrx_word' id='word_1_184' title='bbox 1409 2437 1502 2507; x_wconf 86' lang='lat' dir='ltr'><strong>qui</strong></span> <span class='ocrx_word' id='word_1_185' title='bbox 1532 2435 1797 2492; x_wconf 78' lang='lat' dir='ltr'><strong>Romanae</strong></span> 
     </span>
    </p>
   </div>
   <div class='ocr_carea' id='block_1_30' title="bbox 207 2527 1800 2600">
    <p class='ocr_par' dir='ltr' id='par_1_30' title="bbox 207 2527 1800 2600">
     <span class='ocr_line' id='line_1_30' title="bbox 207 2527 1800 2600; baseline -0.001 -18"><span class='ocrx_word' id='word_1_186' title='bbox 207 2527 469 2582; x_wconf 74' lang='lat' dir='ltr'><strong>Ecclesia:</strong></span> <span class='ocrx_word' id='word_1_187' title='bbox 520 2536 644 2598; x_wconf 91' lang='lat' dir='ltr'><strong>post</strong></span> <span class='ocrx_word' id='word_1_188' title='bbox 698 2529 1000 2597; x_wconf 85' lang='lat' dir='ltr'><strong>apostolos,</strong></span> <span class='ocrx_word' id='word_1_189' title='bbox 1048 2534 1102 2582; x_wconf 92' lang='lat' dir='ltr'><strong>et</strong></span> <span class='ocrx_word' id='word_1_190' title='bbox 1144 2528 1439 2598; x_wconf 86' lang='lat' dir='ltr'><strong>episcopus</strong></span> <span class='ocrx_word' id='word_1_191' title='bbox 1494 2536 1549 2583; x_wconf 92' lang='lat' dir='ltr'><strong>et</strong></span> <span class='ocrx_word' id='word_1_192' title='bbox 1591 2535 1800 2600; x_wconf 84' lang='lat' dir='ltr'><strong>martyr</strong></span> 
     </span>
    </p>
   </div>
   <div class='ocr_carea' id='block_1_31' title="bbox 205 2619 1800 2692">
    <p class='ocr_par' dir='ltr' id='par_1_31' title="bbox 205 2619 1800 2692">
     <span class='ocr_line' id='line_1_31' title="bbox 205 2619 1800 2692; baseline 0 -16"><span class='ocrx_word' id='word_1_193' title='bbox 205 2622 447 2692; x_wconf 78' lang='lat' dir='ltr'><strong>praefuit,</strong></span> <span class='ocrx_word' id='word_1_194' title='bbox 472 2622 644 2676; x_wconf 86' lang='lat' dir='ltr'><strong>libros</strong></span> <span class='ocrx_word' id='word_1_195' title='bbox 667 2621 837 2676; x_wconf 88' lang='lat' dir='ltr'><strong>edidit</strong></span> <span class='ocrx_word' id='word_1_196' title='bbox 857 2621 951 2692; x_wconf 85' lang='lat' dir='ltr'><strong>qui</strong></span> <span class='ocrx_word' id='word_1_197' title='bbox 976 2619 1163 2676; x_wconf 65' lang='lat' dir='ltr'><strong>Graece</strong></span> <span class='ocrx_word' id='word_1_198' title='bbox 1183 2622 1532 2692; x_wconf 86' lang='lat' dir='ltr'><strong>appellantur</strong></span> <span class='ocrx_word' id='word_1_199' title='bbox 1551 2622 1800 2691; x_wconf 81' lang='grc' dir='ltr'><strong>ἀναγνω-</strong></span> 
     </span>
    </p>
   </div>
   <div class='ocr_carea' id='block_1_32' title="bbox 206 2711 1802 2786">
    <p class='ocr_par' dir='ltr' id='par_1_32' title="bbox 206 2711 1802 2786">
     <span class='ocr_line' id='line_1_32' title="bbox 206 2711 1802 2786; baseline -0.001 -19"><span class='ocrx_word' id='word_1_200' title='bbox 206 2714 427 2786; x_wconf 80' lang='grc' dir='ltr'><strong>ρισμός,</strong></span> <span class='ocrx_word' id='word_1_201' title='bbox 479 2713 530 2768; x_wconf 93' lang='lat' dir='ltr'><strong>id</strong></span> <span class='ocrx_word' id='word_1_202' title='bbox 563 2723 646 2769; x_wconf 90' lang='lat' dir='ltr'><strong>est</strong></span> <span class='ocrx_word' id='word_1_203' title='bbox 675 2711 1035 2783; x_wconf 84' lang='lat' dir='ltr'><strong>Reeognitio:</strong></span> <span class='ocrx_word' id='word_1_204' title='bbox 1071 2713 1125 2766; x_wconf 90' lang='lat' dir='ltr'><strong>in</strong></span> <span class='ocrx_word' id='word_1_205' title='bbox 1165 2713 1538 2782; x_wconf 40' lang='lat' dir='ltr'><strong>quibuspcum</strong></span> <span class='ocrx_word' id='word_1_206' title='bbox 1565 2728 1633 2767; x_wconf 84' lang='lat' dir='ltr'><strong>ex</strong></span> <span class='ocrx_word' id='word_1_207' title='bbox 1683 2727 1802 2782; x_wconf 84' lang='lat' dir='ltr'><strong>per-</strong></span> 
     </span>
    </p>
   </div>
   <div class='ocr_carea' id='block_1_33' title="bbox 205 2803 1798 2877">
    <p class='ocr_par' dir='ltr' id='par_1_33' title="bbox 205 2803 1798 2877">
     <span class='ocr_line' id='line_1_33' title="bbox 205 2803 1798 2877; baseline 0 -17"><span class='ocrx_word' id='word_1_208' title='bbox 205 2820 348 2860; x_wconf 86' lang='lat' dir='ltr'><strong>sona</strong></span> <span class='ocrx_word' id='word_1_209' title='bbox 376 2803 524 2860; x_wconf 87' lang='lat' dir='ltr'><strong>Petri</strong></span> <span class='ocrx_word' id='word_1_210' title='bbox 561 2805 795 2874; x_wconf 88' lang='lat' dir='ltr'><strong>apostoli</strong></span> <span class='ocrx_word' id='word_1_211' title='bbox 839 2805 1094 2860; x_wconf 89' lang='lat' dir='ltr'><strong>doctrina</strong></span> <span class='ocrx_word' id='word_1_212' title='bbox 1133 2806 1291 2876; x_wconf 84' lang='lat' dir='ltr'><strong>quasi</strong></span> <span class='ocrx_word' id='word_1_213' title='bbox 1334 2822 1462 2861; x_wconf 87' lang='lat' dir='ltr'><strong>vere</strong></span> <span class='ocrx_word' id='word_1_214' title='bbox 1496 2806 1798 2877; x_wconf 91' lang='lat' dir='ltr'><strong>apostolica</strong></span> 
     </span>
    </p>
   </div>
   <div class='ocr_carea' id='block_1_34' title="bbox 207 2898 1800 2971">
    <p class='ocr_par' dir='ltr' id='par_1_34' title="bbox 207 2898 1800 2971">
     <span class='ocr_line' id='line_1_34' title="bbox 207 2898 1800 2971; baseline 0.002 -19"><span class='ocrx_word' id='word_1_215' title='bbox 207 2899 265 2952; x_wconf 90' lang='lat' dir='ltr'><strong>in</strong></span> <span class='ocrx_word' id='word_1_216' title='bbox 299 2898 718 2968; x_wconf 88' lang='lat' dir='ltr'><strong>quamplurimis</strong></span> <span class='ocrx_word' id='word_1_217' title='bbox 738 2907 1046 2969; x_wconf 83' lang='lat' dir='ltr'><strong>exponatur</strong></span> <span class='ocrx_word' id='word_1_218' title='bbox 1068 2940 1084 2966; x_wconf 90' lang='lat'><strong>,</strong></span> <span class='ocrx_word' id='word_1_219' title='bbox 1117 2901 1174 2954; x_wconf 93' lang='lat' dir='ltr'><strong>in</strong></span> <span class='ocrx_word' id='word_1_220' title='bbox 1209 2901 1488 2971; x_wconf 88' lang='lat' dir='ltr'><strong>aliquibus</strong></span> <span class='ocrx_word' id='word_1_221' title='bbox 1515 2901 1591 2955; x_wconf 89' lang='lat' dir='ltr'><strong>ita</strong></span> <span class='ocrx_word' id='word_1_222' title='bbox 1623 2900 1800 2955; x_wconf 85' lang='lat' dir='ltr'><strong>Euno-</strong></span> 
     </span>
    </p>
   </div>
   <div class='ocr_carea' id='block_1_35' title="bbox 205 2989 1800 3063">
    <p class='ocr_par' dir='ltr' id='par_1_35' title="bbox 205 2989 1800 3063">
     <span class='ocr_line' id='line_1_35' title="bbox 205 2989 1800 3063; baseline 0.003 -21"><span class='ocrx_word' id='word_1_223' title='bbox 205 2989 307 3042; x_wconf 83' lang='lat' dir='ltr'><strong>mii</strong></span> <span class='ocrx_word' id='word_1_224' title='bbox 337 2991 531 3060; x_wconf 78' lang='lat' dir='ltr'><strong>dogma</strong></span> <span class='ocrx_word' id='word_1_225' title='bbox 572 2991 837 3045; x_wconf 72' lang='lat' dir='ltr'><strong>scribitur</strong></span> <span class='ocrx_word' id='word_1_226' title='bbox 873 2991 952 3063; x_wconf 68' lang='grc'><strong>(4)</strong></span> <span class='ocrx_word' id='word_1_227' title='bbox 1003 2999 1062 3045; x_wconf 81' lang='grc' dir='ltr'><strong>ιιι</strong></span> <span class='ocrx_word' id='word_1_228' title='bbox 1094 2991 1231 3046; x_wconf 87' lang='lat' dir='ltr'><strong>nihil</strong></span> <span class='ocrx_word' id='word_1_229' title='bbox 1280 2991 1431 3046; x_wconf 85' lang='lat' dir='ltr'><strong>aliud</strong></span> <span class='ocrx_word' id='word_1_230' title='bbox 1481 3007 1646 3062; x_wconf 92' lang='lat' dir='ltr'><strong>quam</strong></span> <span class='ocrx_word' id='word_1_231' title='bbox 1679 2993 1800 3062; x_wconf 89' lang='lat' dir='ltr'><strong>ipse</strong></span> 
     </span>
    </p>
   </div>
   <div class='ocr_carea' id='block_1_36' title="bbox 205 3078 1796 3152">
    <p class='ocr_par' dir='ltr' id='par_1_36' title="bbox 205 3078 1796 3152">
     <span class='ocr_line' id='line_1_36' title="bbox 205 3078 1796 3152; baseline 0.001 -19"><span class='ocrx_word' id='word_1_232' title='bbox 205 3078 515 3135; x_wconf 81' lang='lat' dir='ltr'><strong>Eunomius</strong></span> <span class='ocrx_word' id='word_1_233' title='bbox 545 3081 829 3152; x_wconf 84' lang='lat' dir='ltr'><strong>disputare</strong></span> <span class='ocrx_word' id='word_1_234' title='bbox 859 3083 1136 3145; x_wconf 80' lang='lat' dir='ltr'><strong>credatur,</strong></span> <span class='ocrx_word' id='word_1_235' title='bbox 1181 3082 1378 3137; x_wconf 87' lang='lat' dir='ltr'><strong>Filium</strong></span> <span class='ocrx_word' id='word_1_236' title='bbox 1412 3082 1508 3137; x_wconf 90' lang='lat' dir='ltr'><strong>Dei</strong></span> <span class='ocrx_word' id='word_1_237' title='bbox 1551 3091 1796 3138; x_wconf 89' lang='lat' dir='ltr'><strong>creatum</strong></span> 
     </span>
    </p>
   </div>
   <div class='ocr_carea' id='block_1_37' title="bbox 200 3173 1798 3233">
    <p class='ocr_par' dir='ltr' id='par_1_37' title="bbox 200 3173 1798 3233">
     <span class='ocr_line' id='line_1_37' title="bbox 200 3173 1798 3233; baseline 0 -5"><span class='ocrx_word' id='word_1_238' title='bbox 200 3188 275 3228; x_wconf 80' lang='lat' dir='ltr'><strong>ex</strong></span> <span class='ocrx_word' id='word_1_239' title='bbox 298 3173 464 3228; x_wconf 79' lang='lat' dir='ltr'><strong>nullis</strong></span> <span class='ocrx_word' id='word_1_240' title='bbox 483 3175 832 3231; x_wconf 82' lang='lat' dir='ltr'><strong>exstantibus</strong></span> <span class='ocrx_word' id='word_1_241' title='bbox 858 3191 1207 3233; x_wconf 84' lang='lat' dir='ltr'><strong>asseverans.</strong></span> <span class='ocrx_word' id='word_1_242' title='bbox 1243 3176 1382 3232; x_wconf 91' lang='lat' dir='ltr'><strong>Tum</strong></span> <span class='ocrx_word' id='word_1_243' title='bbox 1406 3177 1608 3232; x_wconf 89' lang='lat' dir='ltr'><strong>deinde</strong></span> <span class='ocrx_word' id='word_1_244' title='bbox 1627 3176 1798 3230; x_wconf 86' lang='lat' dir='ltr'><strong>etiam</strong></span> 
     </span>
    </p>
   </div>
   <div class='ocr_carea' id='block_1_38' title="bbox 201 3265 1793 3339">
    <p class='ocr_par' dir='ltr' id='par_1_38' title="bbox 201 3265 1793 3339">
     <span class='ocr_line' id='line_1_38' title="bbox 201 3265 1793 3339; baseline 0.001 -20"><span class='ocrx_word' id='word_1_245' title='bbox 201 3265 343 3319; x_wconf 86' lang='lat' dir='ltr'><strong>illud</strong></span> <span class='ocrx_word' id='word_1_246' title='bbox 377 3265 632 3320; x_wconf 74' lang='lat' dir='ltr'><strong>adulterii</strong></span> <span class='ocrx_word' id='word_1_247' title='bbox 672 3266 938 3323; x_wconf 87' lang='lat' dir='ltr'><strong>inseritur</strong></span> <span class='ocrx_word' id='word_1_248' title='bbox 967 3285 1162 3339; x_wconf 83' lang='lat' dir='ltr'><strong>genus,</strong></span> <span class='ocrx_word' id='word_1_249' title='bbox 1197 3277 1257 3323; x_wconf 91' lang='lat' dir='ltr'><strong>ut</strong></span> <span class='ocrx_word' id='word_1_250' title='bbox 1288 3277 1542 3323; x_wconf 90' lang='lat' dir='ltr'><strong>naturam</strong></span> <span class='ocrx_word' id='word_1_251' title='bbox 1567 3268 1793 3332; x_wconf 86' lang='lat' dir='ltr'><strong>diaboli,</strong></span> 
     </span>
    </p>
   </div>
   <div class='ocr_carea' id='block_1_39' title="bbox 201 3355 1797 3428">
    <p class='ocr_par' dir='ltr' id='par_1_39' title="bbox 201 3355 1797 3428">
     <span class='ocr_line' id='line_1_39' title="bbox 201 3355 1797 3428; baseline 0.003 -21"><span class='ocrx_word' id='word_1_252' title='bbox 201 3360 643 3424; x_wconf 56' lang='lat' dir='ltr'><strong>cauterorumque</strong></span> <span class='ocrx_word' id='word_1_253' title='bbox 685 3355 1135 3425; x_wconf 70' lang='lat' dir='ltr'><strong>dzemonuin,non</strong></span> <span class='ocrx_word' id='word_1_254' title='bbox 1168 3358 1437 3428; x_wconf 90' lang='lat' dir='ltr'><strong>propositi</strong></span> <span class='ocrx_word' id='word_1_255' title='bbox 1477 3356 1797 3411; x_wconf 88' lang='lat' dir='ltr'><strong>voluntatis-</strong></span> 
     </span>
    </p>
   </div>
   <div class='ocr_carea' id='block_1_40' title="bbox 199 3447 1795 3520">
    <p class='ocr_par' dir='ltr' id='par_1_40' title="bbox 199 3447 1795 3520">
     <span class='ocr_line' id='line_1_40' title="bbox 199 3447 1795 3520; baseline 0.003 -23"><span class='ocrx_word' id='word_1_256' title='bbox 199 3460 314 3516; x_wconf 80' lang='lat' dir='ltr'><strong>que</strong></span> <span class='ocrx_word' id='word_1_257' title='bbox 345 3447 574 3511; x_wconf 91' lang='lat' dir='ltr'><strong>malitia,</strong></span> <span class='ocrx_word' id='word_1_258' title='bbox 601 3449 698 3503; x_wconf 92' lang='lat' dir='ltr'><strong>sed</strong></span> <span class='ocrx_word' id='word_1_259' title='bbox 735 3457 962 3519; x_wconf 81' lang='lat' dir='ltr'><strong>excepta</strong></span> <span class='ocrx_word' id='word_1_260' title='bbox 991 3465 1056 3503; x_wconf 88' lang='lat' dir='ltr'><strong>ac</strong></span> <span class='ocrx_word' id='word_1_261' title='bbox 1099 3457 1349 3520; x_wconf 88' lang='lat' dir='ltr'><strong>separata</strong></span> <span class='ocrx_word' id='word_1_262' title='bbox 1375 3455 1644 3504; x_wconf 69' lang='lat' dir='ltr'><strong>creaturae</strong></span> <span class='ocrx_word' id='word_1_263' title='bbox 1673 3461 1795 3517; x_wconf 90' lang='lat' dir='ltr'><strong>pro-</strong></span> 
     </span>
    </p>
   </div>
   <div class='ocr_carea' id='block_1_41' title="bbox 201 3539 1794 3612">
    <p class='ocr_par' dir='ltr' id='par_1_41' title="bbox 201 3539 1794 3612">
     <span class='ocr_line' id='line_1_41' title="bbox 201 3539 1794 3612; baseline 0.002 -21"><span class='ocrx_word' id='word_1_264' title='bbox 201 3539 426 3592; x_wconf 79' lang='lat' dir='ltr'><strong>duxerit</strong></span> <span class='ocrx_word' id='word_1_265' title='bbox 458 3542 725 3610; x_wconf 86' lang='lat' dir='ltr'><strong>qualitas;</strong></span> <span class='ocrx_word' id='word_1_266' title='bbox 756 3542 851 3612; x_wconf 89' lang='lat' dir='ltr'><strong>qui</strong></span> <span class='ocrx_word' id='word_1_267' title='bbox 888 3541 1077 3612; x_wconf 91' lang='lat' dir='ltr'><strong>utique</strong></span> <span class='ocrx_word' id='word_1_268' title='bbox 1117 3542 1173 3596; x_wconf 92' lang='lat' dir='ltr'><strong>in</strong></span> <span class='ocrx_word' id='word_1_269' title='bbox 1207 3542 1421 3598; x_wconf 71' lang='lat' dir='ltr'><strong>caeteris</strong></span> <span class='ocrx_word' id='word_1_270' title='bbox 1453 3557 1668 3596; x_wconf 87' lang='lat' dir='ltr'><strong>omnem</strong></span> <span class='ocrx_word' id='word_1_271' title='bbox 1703 3555 1794 3594; x_wconf 88' lang='lat' dir='ltr'><strong>ra-</strong></span> 
     </span>
    </p>
   </div>
   <div class='ocr_carea' id='block_1_42' title="bbox 197 3630 1795 3692">
    <p class='ocr_par' dir='ltr' id='par_1_42' title="bbox 197 3630 1795 3692">
     <span class='ocr_line' id='line_1_42' title="bbox 197 3630 1795 3692; baseline 0.003 -9"><span class='ocrx_word' id='word_1_272' title='bbox 197 3630 525 3687; x_wconf 82' lang='lat' dir='ltr'><strong>tionabilem</strong></span> <span class='ocrx_word' id='word_1_273' title='bbox 549 3643 864 3690; x_wconf 85' lang='lat' dir='ltr'><strong>creaturam</strong></span> <span class='ocrx_word' id='word_1_274' title='bbox 903 3637 1170 3691; x_wconf 89' lang='lat' dir='ltr'><strong>docuerat</strong></span> <span class='ocrx_word' id='word_1_275' title='bbox 1201 3637 1358 3692; x_wconf 90' lang='lat' dir='ltr'><strong>liberi</strong></span> <span class='ocrx_word' id='word_1_276' title='bbox 1381 3635 1596 3690; x_wconf 89' lang='lat' dir='ltr'><strong>arbitrii</strong></span> <span class='ocrx_word' id='word_1_277' title='bbox 1630 3634 1795 3688; x_wconf 83' lang='lat' dir='ltr'><strong>facul-</strong></span> 
     </span>
    </p>
   </div>
   <div class='ocr_carea' id='block_1_43' title="bbox 197 3723 1791 3797">
    <p class='ocr_par' dir='ltr' id='par_1_43' title="bbox 197 3723 1791 3797">
     <span class='ocr_line' id='line_1_43' title="bbox 197 3723 1791 3797; baseline 0.006 -22"><span class='ocrx_word' id='word_1_278' title='bbox 197 3730 321 3778; x_wconf 85' lang='lat' dir='ltr'><strong>tate</strong></span> <span class='ocrx_word' id='word_1_279' title='bbox 350 3723 630 3784; x_wconf 81' lang='lat' dir='ltr'><strong>donatam.</strong></span> <span class='ocrx_word' id='word_1_280' title='bbox 663 3728 803 3785; x_wconf 93' lang='lat' dir='ltr'><strong>Sunt</strong></span> <span class='ocrx_word' id='word_1_281' title='bbox 840 3731 1005 3785; x_wconf 89' lang='lat' dir='ltr'><strong>etiam</strong></span> <span class='ocrx_word' id='word_1_282' title='bbox 1037 3731 1143 3784; x_wconf 88' lang='lat' dir='ltr'><strong>alia</strong></span> <span class='ocrx_word' id='word_1_283' title='bbox 1175 3729 1440 3786; x_wconf 88' lang='lat' dir='ltr'><strong>nonnulla</strong></span> <span class='ocrx_word' id='word_1_284' title='bbox 1476 3729 1632 3784; x_wconf 88' lang='lat' dir='ltr'><strong>libris</strong></span> <span class='ocrx_word' id='word_1_285' title='bbox 1667 3727 1791 3797; x_wconf 87' lang='lat' dir='ltr'><strong>ejus</strong></span> 
     </span>
    </p>
   </div>
   <div class='ocr_carea' id='block_1_44' title="bbox 1902 2427 3490 2504">
    <p class='ocr_par' dir='ltr' id='par_1_44' title="bbox 1902 2427 3490 2504">
     <span class='ocr_line' id='line_1_44' title="bbox 1902 2427 3490 2504; baseline -0.006 -15"><span class='ocrx_word' id='word_1_286' title='bbox 1902 2434 2110 2490; x_wconf 88' lang='lat' dir='ltr'><strong>inserta</strong></span> <span class='ocrx_word' id='word_1_287' title='bbox 2153 2449 2273 2504; x_wconf 74' lang='lat' dir='ltr'><strong>quae</strong></span> <span class='ocrx_word' id='word_1_288' title='bbox 2310 2433 2687 2490; x_wconf 84' lang='lat' dir='ltr'><strong>ecclesiastica</strong></span> <span class='ocrx_word' id='word_1_289' title='bbox 2721 2430 2928 2503; x_wconf 74' lang='lat' dir='ltr'><strong>Regula</strong></span> <span class='ocrx_word' id='word_1_290' title='bbox 2961 2428 3186 2484; x_wconf 88' lang='lat' dir='ltr'><strong>omnino</strong></span> <span class='ocrx_word' id='word_1_291' title='bbox 3213 2443 3322 2482; x_wconf 93' lang='lat' dir='ltr'><strong>non</strong></span> <span class='ocrx_word' id='word_1_292' title='bbox 3353 2427 3490 2481; x_wconf 88' lang='lat' dir='ltr'><strong>reci-</strong></span> 
     </span>
    </p>
   </div>
   <div class='ocr_carea' id='block_1_45' title="bbox 1903 2520 3492 2598">
    <p class='ocr_par' dir='ltr' id='par_1_45' title="bbox 1903 2520 3492 2598">
     <span class='ocr_line' id='line_1_45' title="bbox 1903 2520 3492 2598; baseline -0.007 -16"><span class='ocrx_word' id='word_1_293' title='bbox 1903 2529 2004 2598; x_wconf 92' lang='lat' dir='ltr'><strong>pit.</strong></span> <span class='ocrx_word' id='word_1_294' title='bbox 2027 2527 2194 2594; x_wconf 21' lang='lat' dir='ltr'><strong>,Quid,</strong></span> <span class='ocrx_word' id='word_1_295' title='bbox 2225 2542 2434 2597; x_wconf 58' lang='lat' dir='ltr'><strong>quaiso,</strong></span> <span class='ocrx_word' id='word_1_296' title='bbox 2468 2527 2535 2580; x_wconf 92' lang='lat' dir='ltr'><strong>de</strong></span> <span class='ocrx_word' id='word_1_297' title='bbox 2568 2526 2652 2581; x_wconf 87' lang='lat' dir='ltr'><strong>his</strong></span> <span class='ocrx_word' id='word_1_298' title='bbox 2683 2523 3031 2580; x_wconf 81' lang='lat' dir='ltr'><strong>sentiendum</strong></span> <span class='ocrx_word' id='word_1_299' title='bbox 3055 2520 3334 2590; x_wconf 83' lang='lat' dir='ltr'><strong>est?quod</strong></span> <span class='ocrx_word' id='word_1_300' title='bbox 3366 2535 3492 2591; x_wconf 89' lang='lat' dir='ltr'><strong>apo-</strong></span> 
     </span>
    </p>
   </div>
   <div class='ocr_carea' id='block_1_46' title="bbox 1903 2613 3491 2688">
    <p class='ocr_par' dir='ltr' id='par_1_46' title="bbox 1903 2613 3491 2688">
     <span class='ocr_line' id='line_1_46' title="bbox 1903 2613 3491 2688; baseline -0.008 -12"><span class='ocrx_word' id='word_1_301' title='bbox 1903 2621 2133 2676; x_wconf 90' lang='lat' dir='ltr'><strong>stolicus</strong></span> <span class='ocrx_word' id='word_1_302' title='bbox 2158 2620 2264 2684; x_wconf 90' lang='lat' dir='ltr'><strong>vir,</strong></span> <span class='ocrx_word' id='word_1_303' title='bbox 2306 2619 2416 2672; x_wconf 90' lang='lat' dir='ltr'><strong>imo</strong></span> <span class='ocrx_word' id='word_1_304' title='bbox 2441 2633 2580 2688; x_wconf 89' lang='lat' dir='ltr'><strong>pene</strong></span> <span class='ocrx_word' id='word_1_305' title='bbox 2615 2617 2917 2687; x_wconf 87' lang='lat' dir='ltr'><strong>apostolus,</strong></span> <span class='ocrx_word' id='word_1_306' title='bbox 2943 2630 3051 2669; x_wconf 90' lang='lat' dir='ltr'><strong>non</strong></span> <span class='ocrx_word' id='word_1_307' title='bbox 3071 2629 3135 2668; x_wconf 92' lang='lat' dir='ltr'><strong>ea</strong></span> <span class='ocrx_word' id='word_1_308' title='bbox 3156 2613 3348 2668; x_wconf 87' lang='lat' dir='ltr'><strong>scribit</strong></span> <span class='ocrx_word' id='word_1_309' title='bbox 3370 2627 3491 2682; x_wconf 76' lang='lat' dir='ltr'><strong>qum</strong></span> 
     </span>
    </p>
   </div>
   <div class='ocr_carea' id='block_1_47' title="bbox 1905 2706 3487 2783">
    <p class='ocr_par' dir='ltr' id='par_1_47' title="bbox 1905 2706 3487 2783">
     <span class='ocr_line' id='line_1_47' title="bbox 1905 2706 3487 2783; baseline -0.005 -17"><span class='ocrx_word' id='word_1_310' title='bbox 1905 2713 2140 2783; x_wconf 87' lang='lat' dir='ltr'><strong>apostoli</strong></span> <span class='ocrx_word' id='word_1_311' title='bbox 2173 2712 2396 2777; x_wconf 90' lang='lat' dir='ltr'><strong>dicunt;</strong></span> <span class='ocrx_word' id='word_1_312' title='bbox 2433 2713 2522 2766; x_wconf 91' lang='lat' dir='ltr'><strong>cui</strong></span> <span class='ocrx_word' id='word_1_313' title='bbox 2555 2710 2761 2766; x_wconf 89' lang='lat' dir='ltr'><strong>Paulus</strong></span> <span class='ocrx_word' id='word_1_314' title='bbox 2795 2711 3077 2780; x_wconf 91' lang='lat' dir='ltr'><strong>apostolus</strong></span> <span class='ocrx_word' id='word_1_315' title='bbox 3113 2706 3487 2763; x_wconf 86' lang='lat' dir='ltr'><strong>testimonium</strong></span> 
     </span>
    </p>
   </div>
   <div class='ocr_carea' id='block_1_48' title="bbox 1901 2797 3490 2870">
    <p class='ocr_par' dir='ltr' id='par_1_48' title="bbox 1901 2797 3490 2870">
     <span class='ocr_line' id='line_1_48' title="bbox 1901 2797 3490 2870; baseline -0.006 -12"><span class='ocrx_word' id='word_1_316' title='bbox 1901 2803 2072 2868; x_wconf 89' lang='lat' dir='ltr'><strong>dedit,</strong></span> <span class='ocrx_word' id='word_1_317' title='bbox 2104 2803 2294 2858; x_wconf 90' lang='lat' dir='ltr'><strong>dicens</strong></span> <span class='ocrx_word' id='word_1_318' title='bbox 2338 2823 2350 2858; x_wconf 91' lang='lat'>:</span> <span class='ocrx_word' id='word_1_319' title='bbox 2392 2803 2528 2859; x_wconf 88' lang='lat' dir='ltr'><strong>Cum</strong></span> <span class='ocrx_word' id='word_1_320' title='bbox 2583 2801 2847 2859; x_wconf 83' lang='lat' dir='ltr'><strong>Clemente</strong></span> <span class='ocrx_word' id='word_1_321' title='bbox 2896 2810 2946 2854; x_wconf 90' lang='lat' dir='ltr'><strong>et</strong></span> <span class='ocrx_word' id='word_1_322' title='bbox 2981 2798 3318 2870; x_wconf 81' lang='lat' dir='ltr'><strong>adjutoribus</strong></span> <span class='ocrx_word' id='word_1_323' title='bbox 3360 2797 3490 2851; x_wconf 78' lang='lat' dir='ltr'><strong>meis</strong></span> 
     </span>
    </p>
   </div>
   <div class='ocr_carea' id='block_1_49' title="bbox 1900 2890 3472 2966">
    <p class='ocr_par' dir='ltr' id='par_1_49' title="bbox 1900 2890 3472 2966">
     <span class='ocr_line' id='line_1_49' title="bbox 1900 2890 3472 2966; baseline -0.003 -18"><span class='ocrx_word' id='word_1_324' title='bbox 1900 2895 2125 2962; x_wconf 74' lang='lat' dir='ltr'><strong>ca&#39;tert&#39;s,</strong></span> <span class='ocrx_word' id='word_1_325' title='bbox 2158 2912 2384 2966; x_wconf 81' lang='lat' dir='ltr'><strong>quorum</strong></span> <span class='ocrx_word' id='word_1_326' title='bbox 2409 2896 2624 2950; x_wconf 79' lang='lat' dir='ltr'><strong>nomina</strong></span> <span class='ocrx_word' id='word_1_327' title='bbox 2642 2902 2765 2948; x_wconf 75' lang='lat' dir='ltr'><strong>sunt</strong></span> <span class='ocrx_word' id='word_1_328' title='bbox 2791 2894 2846 2947; x_wconf 81' lang='lat' dir='ltr'><strong>in</strong></span> <span class='ocrx_word' id='word_1_329' title='bbox 2865 2893 3003 2947; x_wconf 79' lang='lat' dir='ltr'><strong>libro</strong></span> <span class='ocrx_word' id='word_1_330' title='bbox 3023 2890 3203 2946; x_wconf 64' lang='lat' dir='ltr'><strong>vita“</strong></span> <span class='ocrx_word' id='word_1_331' title='bbox 3225 2907 3240 2956; x_wconf 85' lang='lat'><strong>;</strong></span> <span class='ocrx_word' id='word_1_332' title='bbox 3273 2898 3326 2944; x_wconf 88' lang='lat' dir='ltr'><strong>et</strong></span> <span class='ocrx_word' id='word_1_333' title='bbox 3358 2890 3472 2944; x_wconf 82' lang='lat' dir='ltr'><strong>seri</strong></span> 
     </span>
    </p>
   </div>
   <div class='ocr_carea' id='block_1_50' title="bbox 1898 2980 3492 3058">
    <p class='ocr_par' dir='ltr' id='par_1_50' title="bbox 1898 2980 3492 3058">
     <span class='ocr_line' id='line_1_50' title="bbox 1898 2980 3492 3058; baseline -0.005 -16"><span class='ocrx_word' id='word_1_334' title='bbox 1898 2987 1993 3042; x_wconf 87' lang='lat' dir='ltr'><strong>hat</strong></span> <span class='ocrx_word' id='word_1_335' title='bbox 2017 2989 2122 3042; x_wconf 91' lang='lat' dir='ltr'><strong>hoc</strong></span> <span class='ocrx_word' id='word_1_336' title='bbox 2148 2989 2296 3058; x_wconf 92' lang='lat' dir='ltr'><strong>quod</strong></span> <span class='ocrx_word' id='word_1_337' title='bbox 2325 2989 2483 3043; x_wconf 88' lang='lat' dir='ltr'><strong>libris</strong></span> <span class='ocrx_word' id='word_1_338' title='bbox 2513 2987 2640 3043; x_wconf 83' lang='lat' dir='ltr'><strong>vitae</strong></span> <span class='ocrx_word' id='word_1_339' title='bbox 2664 2985 3004 3041; x_wconf 88' lang='lat' dir='ltr'><strong>contrarium</strong></span> <span class='ocrx_word' id='word_1_340' title='bbox 3032 2984 3162 3040; x_wconf 76' lang='lat' dir='ltr'><strong>est?</strong></span> <span class='ocrx_word' id='word_1_341' title='bbox 3197 2981 3279 3036; x_wconf 76' lang='lat' dir='ltr'><strong>An</strong></span> <span class='ocrx_word' id='word_1_342' title='bbox 3306 2980 3360 3035; x_wconf 94' lang='lat' dir='ltr'><strong>id</strong></span> <span class='ocrx_word' id='word_1_343' title='bbox 3391 2995 3492 3051; x_wconf 83' lang='lat' dir='ltr'><strong>po-</strong></span> 
     </span>
    </p>
   </div>
   <div class='ocr_carea' id='block_1_51' title="bbox 1898 3066 3492 3146">
    <p class='ocr_par' dir='ltr' id='par_1_51' title="bbox 1898 3066 3492 3146">
     <span class='ocr_line' id='line_1_51' title="bbox 1898 3066 3492 3146; baseline -0.007 -16"><span class='ocrx_word' id='word_1_344' title='bbox 1898 3077 2012 3133; x_wconf 91' lang='lat' dir='ltr'><strong>tius</strong></span> <span class='ocrx_word' id='word_1_345' title='bbox 2040 3077 2373 3133; x_wconf 91' lang='lat' dir='ltr'><strong>credendum</strong></span> <span class='ocrx_word' id='word_1_346' title='bbox 2396 3083 2502 3142; x_wconf 86' lang='lat' dir='ltr'><strong>est,</strong></span> <span class='ocrx_word' id='word_1_347' title='bbox 2530 3075 2676 3146; x_wconf 87' lang='lat' dir='ltr'><strong>quod</strong></span> <span class='ocrx_word' id='word_1_348' title='bbox 2699 3089 2866 3144; x_wconf 87' lang='lat' dir='ltr'><strong>supra</strong></span> <span class='ocrx_word' id='word_1_349' title='bbox 2887 3073 3132 3128; x_wconf 76' lang='lat' dir='ltr'><strong>diximus</strong></span> <span class='ocrx_word' id='word_1_350' title='bbox 3157 3085 3172 3135; x_wconf 89' lang='lat'><strong>;</strong></span> <span class='ocrx_word' id='word_1_351' title='bbox 3201 3066 3350 3139; x_wconf 91' lang='lat' dir='ltr'><strong>quod</strong></span> <span class='ocrx_word' id='word_1_352' title='bbox 3373 3081 3492 3137; x_wconf 81' lang='lat' dir='ltr'><strong>per-</strong></span> 
     </span>
    </p>
   </div>
   <div class='ocr_carea' id='block_1_52' title="bbox 1896 3166 3485 3236">
    <p class='ocr_par' dir='ltr' id='par_1_52' title="bbox 1896 3166 3485 3236">
     <span class='ocr_line' id='line_1_52' title="bbox 1896 3166 3485 3236; baseline -0.008 -12"><span class='ocrx_word' id='word_1_353' title='bbox 1896 3169 2044 3225; x_wconf 84' lang='lat' dir='ltr'><strong>versi</strong></span> <span class='ocrx_word' id='word_1_354' title='bbox 2075 3170 2348 3235; x_wconf 80' lang='lat' dir='ltr'><strong>homines,</strong></span> <span class='ocrx_word' id='word_1_355' title='bbox 2379 3169 2448 3224; x_wconf 90' lang='lat' dir='ltr'><strong>ad</strong></span> <span class='ocrx_word' id='word_1_356' title='bbox 2478 3168 2841 3224; x_wconf 90' lang='lat' dir='ltr'><strong>assertionem</strong></span> <span class='ocrx_word' id='word_1_357' title='bbox 2888 3166 3204 3236; x_wconf 90' lang='lat' dir='ltr'><strong>dogmatum</strong></span> <span class='ocrx_word' id='word_1_358' title='bbox 3235 3173 3485 3224; x_wconf 89' lang='lat' dir='ltr'><strong>suorum,</strong></span> 
     </span>
    </p>
   </div>
   <div class='ocr_carea' id='block_1_53' title="bbox 1901 3251 3487 3326">
    <p class='ocr_par' dir='ltr' id='par_1_53' title="bbox 1901 3251 3487 3326">
     <span class='ocr_line' id='line_1_53' title="bbox 1901 3251 3487 3326; baseline -0.009 -7"><span class='ocrx_word' id='word_1_359' title='bbox 1901 3264 2004 3319; x_wconf 85' lang='lat' dir='ltr'><strong>sub</strong></span> <span class='ocrx_word' id='word_1_360' title='bbox 2039 3263 2287 3318; x_wconf 88' lang='lat' dir='ltr'><strong>virorum</strong></span> <span class='ocrx_word' id='word_1_361' title='bbox 2334 3268 2653 3316; x_wconf 88' lang='lat' dir='ltr'><strong>sanctorum</strong></span> <span class='ocrx_word' id='word_1_362' title='bbox 2685 3258 2928 3322; x_wconf 85' lang='lat' dir='ltr'><strong>nomine,</strong></span> <span class='ocrx_word' id='word_1_363' title='bbox 2962 3265 3225 3326; x_wconf 88' lang='lat' dir='ltr'><strong>tanquam</strong></span> <span class='ocrx_word' id='word_1_364' title='bbox 3269 3251 3487 3306; x_wconf 76' lang='lat' dir='ltr'><strong>facilius</strong></span> 
     </span>
    </p>
   </div>
   <div class='ocr_carea' id='block_1_54' title="bbox 1900 3345 3489 3420">
    <p class='ocr_par' dir='ltr' id='par_1_54' title="bbox 1900 3345 3489 3420">
     <span class='ocr_line' id='line_1_54' title="bbox 1900 3345 3489 3420; baseline -0.009 -12"><span class='ocrx_word' id='word_1_365' title='bbox 1900 3353 2173 3408; x_wconf 88' lang='lat' dir='ltr'><strong>credenda</strong></span> <span class='ocrx_word' id='word_1_366' title='bbox 2201 3353 2556 3408; x_wconf 83' lang='lat' dir='ltr'><strong>inseruerunt</strong></span> <span class='ocrx_word' id='word_1_367' title='bbox 2581 3366 2647 3408; x_wconf 80' lang='lat' dir='ltr'><strong>ea</strong></span> <span class='ocrx_word' id='word_1_368' title='bbox 2672 3365 2794 3420; x_wconf 74' lang='lat' dir='ltr'><strong>qua:</strong></span> <span class='ocrx_word' id='word_1_369' title='bbox 2824 3349 2904 3402; x_wconf 88' lang='lat' dir='ltr'><strong>illi</strong></span> <span class='ocrx_word' id='word_1_370' title='bbox 2938 3361 3042 3402; x_wconf 90' lang='lat' dir='ltr'><strong>nec</strong></span> <span class='ocrx_word' id='word_1_371' title='bbox 3071 3345 3314 3402; x_wconf 88' lang='lat' dir='ltr'><strong>sensisse</strong></span> <span class='ocrx_word' id='word_1_372' title='bbox 3333 3381 3349 3407; x_wconf 89' lang='lat'><strong>,</strong></span> <span class='ocrx_word' id='word_1_373' title='bbox 3385 3357 3489 3396; x_wconf 80' lang='lat' dir='ltr'><strong>nec</strong></span> 
     </span>
    </p>
   </div>
   <div class='ocr_carea' id='block_1_55' title="bbox 1898 3435 3487 3514">
    <p class='ocr_par' dir='ltr' id='par_1_55' title="bbox 1898 3435 3487 3514">
     <span class='ocr_line' id='line_1_55' title="bbox 1898 3435 3487 3514; baseline -0.008 -13"><span class='ocrx_word' id='word_1_374' title='bbox 1898 3444 2196 3514; x_wconf 81' lang='lat' dir='ltr'><strong>scripsisse</strong></span> <span class='ocrx_word' id='word_1_375' title='bbox 2223 3445 2482 3501; x_wconf 87' lang='lat' dir='ltr'><strong>credendi</strong></span> <span class='ocrx_word' id='word_1_376' title='bbox 2516 3452 2666 3500; x_wconf 90' lang='lat' dir='ltr'><strong>sunt.</strong></span> <span class='ocrx_word' id='word_1_377' title='bbox 2693 3441 2826 3514; x_wconf 89' lang='lat' dir='ltr'><strong>Lege</strong></span> <span class='ocrx_word' id='word_1_378' title='bbox 2848 3439 3262 3510; x_wconf 83' lang='lat' dir='ltr'><strong>Hieronymum,</strong></span> <span class='ocrx_word' id='word_1_379' title='bbox 3289 3435 3487 3505; x_wconf 82' lang='lat' dir='ltr'><strong>Apolo-</strong></span> 
     </span>
    </p>
   </div>
   <div class='ocr_carea' id='block_1_56' title="bbox 1898 3528 3490 3608">
    <p class='ocr_par' dir='ltr' id='par_1_56' title="bbox 1898 3528 3490 3608">
     <span class='ocr_line' id='line_1_56' title="bbox 1898 3528 3490 3608; baseline -0.008 -14"><span class='ocrx_word' id='word_1_380' title='bbox 1898 3538 1998 3608; x_wconf 74' lang='lat' dir='ltr'><strong>gia:</strong></span> <span class='ocrx_word' id='word_1_381' title='bbox 2034 3537 2287 3592; x_wconf 79' lang='lat' dir='ltr'><strong>adversus</strong></span> <span class='ocrx_word' id='word_1_382' title='bbox 2324 3535 2576 3607; x_wconf 73' lang='lat' dir='ltr'><strong>Ruﬁnum</strong></span> <span class='ocrx_word' id='word_1_383' title='bbox 2612 3537 2712 3592; x_wconf 85' lang='lat' dir='ltr'><strong>lib.</strong></span> <span class='ocrx_word' id='word_1_384' title='bbox 2742 3551 2805 3598; x_wconf 89' lang='grc' dir='ltr'>ιι,</span> <span class='ocrx_word' id='word_1_385' title='bbox 2851 3549 2973 3604; x_wconf 89' lang='lat' dir='ltr'><strong>cap.</strong></span> <span class='ocrx_word' id='word_1_386' title='bbox 3003 3533 3078 3598; x_wconf 69' lang='lat'><strong>4;</strong></span> <span class='ocrx_word' id='word_1_387' title='bbox 3111 3540 3168 3585; x_wconf 87' lang='lat' dir='ltr'><strong>et</strong></span> <span class='ocrx_word' id='word_1_388' title='bbox 3199 3528 3490 3597; x_wconf 77' lang='lat' dir='ltr'><strong>Prwfatio-</strong></span> 
     </span>
    </p>
   </div>
   <div class='ocr_carea' id='block_1_57' title="bbox 1898 3622 3486 3698">
    <p class='ocr_par' dir='ltr' id='par_1_57' title="bbox 1898 3622 3486 3698">
     <span class='ocr_line' id='line_1_57' title="bbox 1898 3622 3486 3698; baseline -0.009 -12"><span class='ocrx_word' id='word_1_389' title='bbox 1898 3648 2016 3686; x_wconf 87' lang='lat' dir='ltr'><strong>nem</strong></span> <span class='ocrx_word' id='word_1_390' title='bbox 2049 3630 2235 3686; x_wconf 79' lang='lat' dir='ltr'><strong>Ruﬁni</strong></span> <span class='ocrx_word' id='word_1_391' title='bbox 2267 3631 2335 3684; x_wconf 86' lang='lat' dir='ltr'><strong>ad</strong></span> <span class='ocrx_word' id='word_1_392' title='bbox 2365 3629 2458 3684; x_wconf 83' lang='lat' dir='ltr'><strong>hos</strong></span> <span class='ocrx_word' id='word_1_393' title='bbox 2487 3628 2920 3698; x_wconf 77' lang='lat' dir='ltr'><strong>Recognitiomtm</strong></span> <span class='ocrx_word' id='word_1_394' title='bbox 2953 3625 3140 3680; x_wconf 80' lang='lat' dir='ltr'><strong>libros.</strong></span> <span class='ocrx_word' id='word_1_395' title='bbox 3169 3622 3304 3694; x_wconf 86' lang='lat' dir='ltr'><strong>Lege</strong></span> <span class='ocrx_word' id='word_1_396' title='bbox 3323 3622 3486 3676; x_wconf 82' lang='lat' dir='ltr'><strong>etiam</strong></span> 
     </span>
    </p>
   </div>
   <div class='ocr_carea' id='block_1_58' title="bbox 1898 3721 2668 3795">
    <p class='ocr_par' dir='ltr' id='par_1_58' title="bbox 1898 3721 2668 3795">
     <span class='ocr_line' id='line_1_58' title="bbox 1898 3721 2668 3795; baseline -0.005 -15"><span class='ocrx_word' id='word_1_397' title='bbox 1898 3725 2199 3795; x_wconf 82' lang='lat' dir='ltr'><strong>Recognit.,</strong></span> <span class='ocrx_word' id='word_1_398' title='bbox 2230 3724 2323 3778; x_wconf 90' lang='lat' dir='ltr'><strong>lib.</strong></span> <span class='ocrx_word' id='word_1_399' title='bbox 2360 3739 2442 3790; x_wconf 85' lang='grc' dir='ltr'>ιιι,</span> <span class='ocrx_word' id='word_1_400' title='bbox 2466 3737 2588 3792; x_wconf 91' lang='lat' dir='ltr'><strong>cap.</strong></span> <span class='ocrx_word' id='word_1_401' title='bbox 2614 3721 2668 3776; x_wconf 84' lang='lat'><strong>8.</strong></span> 
     </span>
    </p>
   </div>
   <div class='ocr_carea' id='block_1_59' title="bbox 435 3875 3267 3956">
    <p class='ocr_par' dir='ltr' id='par_1_59' title="bbox 435 3875 3267 3956">
     <span class='ocr_line' id='line_1_59' title="bbox 435 3875 3267 3956; baseline -0.002 -18"><span class='ocrx_word' id='word_1_402' title='bbox 435 3878 574 3947; x_wconf 72' lang='lat' dir='ltr'><strong>insit,</strong></span> <span class='ocrx_word' id='word_1_403' title='bbox 611 3883 668 3939; x_wconf 91' lang='lat' dir='ltr'><strong>in</strong></span> <span class='ocrx_word' id='word_1_404' title='bbox 701 3886 1054 3956; x_wconf 78' lang='lat' dir='ltr'><strong>peroratione</strong></span> <span class='ocrx_word' id='word_1_405' title='bbox 1084 3884 1469 3956; x_wconf 81' lang='lat' dir='ltr'><strong>translationis</strong></span> <span class='ocrx_word' id='word_1_406' title='bbox 1503 3901 1617 3941; x_wconf 69' lang='lat' dir='ltr'><strong>suae</strong></span> <span class='ocrx_word' id='word_1_407' title='bbox 1652 3883 2114 3956; x_wconf 52' lang='lat' dir='ltr'><strong>Explanationum</strong></span> <span class='ocrx_word' id='word_1_408' title='bbox 2147 3881 2402 3956; x_wconf 70' lang='lat' dir='ltr'><strong>Origenis</strong></span> <span class='ocrx_word' id='word_1_409' title='bbox 2438 3880 2492 3935; x_wconf 90' lang='lat' dir='ltr'><strong>in</strong></span> <span class='ocrx_word' id='word_1_410' title='bbox 2513 3879 2838 3956; x_wconf 54' lang='lat' dir='ltr'><strong>Epistolam</strong></span> <span class='ocrx_word' id='word_1_411' title='bbox 2869 3877 2936 3935; x_wconf 88' lang='lat' dir='ltr'><strong>ad</strong></span> <span class='ocrx_word' id='word_1_412' title='bbox 2965 3875 3267 3932; x_wconf 78' lang='lat' dir='ltr'><strong>Romanos.</strong></span> 
     </span>
    </p>
   </div>
   <div class='ocr_carea' id='block_1_60' title="bbox 1028 3951 2659 4028">
    <p class='ocr_par' dir='ltr' id='par_1_60' title="bbox 1028 3951 2659 4028">
     <span class='ocr_line' id='line_1_60' title="bbox 1028 3951 2659 4028; baseline -0.001 -19"><span class='ocrx_word' id='word_1_413' title='bbox 1028 3956 1137 4024; x_wconf 79' lang='lat' dir='ltr'><strong>(Ea:</strong></span> <span class='ocrx_word' id='word_1_414' title='bbox 1162 3958 1361 4012; x_wconf 76' lang='lat' dir='ltr'><strong>noviss.</strong></span> <span class='ocrx_word' id='word_1_415' title='bbox 1397 3955 1645 4028; x_wconf 76' lang='lat' dir='ltr'><strong>Origenis</strong></span> <span class='ocrx_word' id='word_1_416' title='bbox 1682 3951 1822 4026; x_wconf 64' lang='lat' dir='ltr'><strong>Opp.</strong></span> <span class='ocrx_word' id='word_1_417' title='bbox 1857 3956 2011 4020; x_wconf 84' lang='lat' dir='ltr'><strong>edit.,</strong></span> <span class='ocrx_word' id='word_1_418' title='bbox 2051 3963 2181 4009; x_wconf 84' lang='lat' dir='ltr'><strong>tam.</strong></span> <span class='ocrx_word' id='word_1_419' title='bbox 2215 3953 2305 4022; x_wconf 79' lang='grc' dir='ltr'><strong>Ν,</strong></span> <span class='ocrx_word' id='word_1_420' title='bbox 2339 3968 2463 4025; x_wconf 84' lang='lat' dir='ltr'><strong>pag.</strong></span> <span class='ocrx_word' id='word_1_421' title='bbox 2504 3951 2659 4024; x_wconf 84' lang='lat'><strong>689.)</strong></span> 
     </span>
    </p>
   </div>
   <div class='ocr_carea' id='block_1_61' title="bbox 278 4130 1791 4206">
    <p class='ocr_par' dir='ltr' id='par_1_61' title="bbox 278 4130 1791 4206">
     <span class='ocr_line' id='line_1_61' title="bbox 278 4130 1791 4206; baseline 0.001 -18"><span class='ocrx_word' id='word_1_422' title='bbox 278 4130 408 4188; x_wconf 76' lang='lat' dir='ltr'><strong>Post</strong></span> <span class='ocrx_word' id='word_1_423' title='bbox 426 4130 532 4186; x_wconf 91' lang='lat' dir='ltr'><strong>hoc</strong></span> <span class='ocrx_word' id='word_1_424' title='bbox 556 4147 692 4188; x_wconf 89' lang='lat' dir='ltr'><strong>sane</strong></span> <span class='ocrx_word' id='word_1_425' title='bbox 718 4143 878 4188; x_wconf 88' lang='lat' dir='ltr'><strong>vocat</strong></span> <span class='ocrx_word' id='word_1_426' title='bbox 910 4150 1015 4190; x_wconf 89' lang='lat' dir='ltr'><strong>nos</strong></span> <span class='ocrx_word' id='word_1_427' title='bbox 1044 4149 1204 4204; x_wconf 90' lang='lat' dir='ltr'><strong>opus,</strong></span> <span class='ocrx_word' id='word_1_428' title='bbox 1239 4135 1386 4206; x_wconf 90' lang='lat' dir='ltr'><strong>quod</strong></span> <span class='ocrx_word' id='word_1_429' title='bbox 1407 4136 1537 4190; x_wconf 91' lang='lat' dir='ltr'><strong>olim</strong></span> <span class='ocrx_word' id='word_1_430' title='bbox 1568 4134 1791 4206; x_wconf 84' lang='lat' dir='ltr'><strong>quidem</strong></span> 
     </span>
    </p>
   </div>
   <div class='ocr_carea' id='block_1_62' title="bbox 200 4222 1791 4297">
    <p class='ocr_par' dir='ltr' id='par_1_62' title="bbox 200 4222 1791 4297">
     <span class='ocr_line' id='line_1_62' title="bbox 200 4222 1791 4297; baseline 0.003 -20"><span class='ocrx_word' id='word_1_431' title='bbox 200 4222 259 4277; x_wconf 84' lang='lat' dir='ltr'><strong>in</strong></span> <span class='ocrx_word' id='word_1_432' title='bbox 264 4222 516 4292; x_wconf 85' lang='lat' dir='ltr'><strong>junctum</strong></span> <span class='ocrx_word' id='word_1_433' title='bbox 545 4231 651 4290; x_wconf 92' lang='lat' dir='ltr'><strong>est,</strong></span> <span class='ocrx_word' id='word_1_434' title='bbox 676 4225 772 4281; x_wconf 88' lang='lat' dir='ltr'><strong>sed</strong></span> <span class='ocrx_word' id='word_1_435' title='bbox 794 4241 943 4281; x_wconf 88' lang='lat' dir='ltr'><strong>nunc</strong></span> <span class='ocrx_word' id='word_1_436' title='bbox 973 4241 1004 4279; x_wconf 86' lang='lat' dir='ltr'><strong>a</strong></span> <span class='ocrx_word' id='word_1_437' title='bbox 1027 4226 1186 4282; x_wconf 89' lang='lat' dir='ltr'><strong>beato</strong></span> <span class='ocrx_word' id='word_1_438' title='bbox 1206 4227 1513 4282; x_wconf 85' lang='lat' dir='ltr'><strong>Gaudentio</strong></span> <span class='ocrx_word' id='word_1_439' title='bbox 1530 4228 1791 4297; x_wconf 89' lang='lat' dir='ltr'><strong>episcopo</strong></span> 
     </span>
    </p>
   </div>
   <div class='ocr_carea' id='block_1_63' title="bbox 197 4313 1792 4388">
    <p class='ocr_par' dir='ltr' id='par_1_63' title="bbox 197 4313 1792 4388">
     <span class='ocr_line' id='line_1_63' title="bbox 197 4313 1792 4388; baseline 0.003 -21"><span class='ocrx_word' id='word_1_440' title='bbox 197 4313 582 4371; x_wconf 77' lang='lat' dir='ltr'><strong>vehementius</strong></span> <span class='ocrx_word' id='word_1_441' title='bbox 597 4326 922 4388; x_wconf 86' lang='lat' dir='ltr'><strong>perurgetur</strong></span> <span class='ocrx_word' id='word_1_442' title='bbox 944 4333 958 4382; x_wconf 87' lang='lat'>;</span> <span class='ocrx_word' id='word_1_443' title='bbox 979 4318 1297 4383; x_wconf 83' lang='lat' dir='ltr'><strong>Clementis,</strong></span> <span class='ocrx_word' id='word_1_444' title='bbox 1313 4318 1543 4382; x_wconf 89' lang='lat' dir='ltr'><strong>scilicet,</strong></span> <span class='ocrx_word' id='word_1_445' title='bbox 1559 4317 1792 4372; x_wconf 84' lang='lat' dir='ltr'><strong>Romani</strong></span> 
     </span>
    </p>
   </div>
   <div class='ocr_carea' id='block_1_64' title="bbox 195 4407 1793 4478">
    <p class='ocr_par' dir='ltr' id='par_1_64' title="bbox 195 4407 1793 4478">
     <span class='ocr_line' id='line_1_64' title="bbox 195 4407 1793 4478; baseline 0.003 -18"><span class='ocrx_word' id='word_1_446' title='bbox 195 4407 470 4477; x_wconf 86' lang='lat' dir='ltr'><strong>episcopi,</strong></span> <span class='ocrx_word' id='word_1_447' title='bbox 529 4410 904 4478; x_wconf 91' lang='lat' dir='ltr'><strong>apostolorum</strong></span> <span class='ocrx_word' id='word_1_448' title='bbox 957 4409 1179 4464; x_wconf 89' lang='lat' dir='ltr'><strong>comitis</strong></span> <span class='ocrx_word' id='word_1_449' title='bbox 1216 4424 1280 4463; x_wconf 91' lang='lat' dir='ltr'><strong>ac</strong></span> <span class='ocrx_word' id='word_1_450' title='bbox 1321 4409 1691 4474; x_wconf 84' lang='lat' dir='ltr'><strong>successoris,</strong></span> <span class='ocrx_word' id='word_1_451' title='bbox 1723 4410 1793 4464; x_wconf 90' lang='lat' dir='ltr'><strong>de</strong></span> 
     </span>
    </p>
   </div>
   <div class='ocr_carea' id='block_1_65' title="bbox 199 4497 1793 4573">
    <p class='ocr_par' dir='ltr' id='par_1_65' title="bbox 199 4497 1793 4573">
     <span class='ocr_line' id='line_1_65' title="bbox 199 4497 1793 4573; baseline 0.003 -21"><span class='ocrx_word' id='word_1_452' title='bbox 199 4497 574 4569; x_wconf 81' lang='lat' dir='ltr'><strong>Recognitione</strong></span> <span class='ocrx_word' id='word_1_453' title='bbox 593 4501 740 4568; x_wconf 81' lang='lat' dir='ltr'><strong>libri,</strong></span> <span class='ocrx_word' id='word_1_454' title='bbox 782 4509 842 4556; x_wconf 90' lang='lat' dir='ltr'><strong>ut</strong></span> <span class='ocrx_word' id='word_1_455' title='bbox 869 4503 926 4557; x_wconf 90' lang='lat' dir='ltr'><strong>in</strong></span> <span class='ocrx_word' id='word_1_456' title='bbox 954 4501 1208 4557; x_wconf 90' lang='lat' dir='ltr'><strong>Latinum</strong></span> <span class='ocrx_word' id='word_1_457' title='bbox 1243 4510 1547 4558; x_wconf 78' lang='lat' dir='ltr'><strong>vertantur.</strong></span> <span class='ocrx_word' id='word_1_458' title='bbox 1593 4502 1651 4557; x_wconf 88' lang='lat' dir='ltr'><strong>1n</strong></span> <span class='ocrx_word' id='word_1_459' title='bbox 1682 4517 1793 4573; x_wconf 92' lang='lat' dir='ltr'><strong>quo</strong></span> 
     </span>
    </p>
   </div>
   <div class='ocr_carea' id='block_1_66' title="bbox 1893 4126 3484 4203">
    <p class='ocr_par' dir='ltr' id='par_1_66' title="bbox 1893 4126 3484 4203">
     <span class='ocr_line' id='line_1_66' title="bbox 1893 4126 3484 4203; baseline -0.005 -15"><span class='ocrx_word' id='word_1_460' title='bbox 1893 4147 2060 4202; x_wconf 89' lang='lat' dir='ltr'><strong>opere</strong></span> <span class='ocrx_word' id='word_1_461' title='bbox 2087 4131 2227 4186; x_wconf 86' lang='lat' dir='ltr'><strong>bene</strong></span> <span class='ocrx_word' id='word_1_462' title='bbox 2256 4132 2405 4196; x_wconf 90' lang='lat' dir='ltr'><strong>novi,</strong></span> <span class='ocrx_word' id='word_1_463' title='bbox 2439 4130 2586 4203; x_wconf 90' lang='lat' dir='ltr'><strong>quod</strong></span> <span class='ocrx_word' id='word_1_464' title='bbox 2616 4127 2861 4184; x_wconf 86' lang='lat' dir='ltr'><strong>laborem</strong></span> <span class='ocrx_word' id='word_1_465' title='bbox 2909 4127 3067 4183; x_wconf 85' lang='lat' dir='ltr'><strong>labor</strong></span> <span class='ocrx_word' id='word_1_466' title='bbox 3115 4126 3484 4196; x_wconf 88' lang='lat' dir='ltr'><strong>multiplicat,</strong></span> 
     </span>
    </p>
   </div>
   <div class='ocr_carea' id='block_1_67' title="bbox 1894 4219 3479 4294">
    <p class='ocr_par' dir='ltr' id='par_1_67' title="bbox 1894 4219 3479 4294">
     <span class='ocr_line' id='line_1_67' title="bbox 1894 4219 3479 4294; baseline -0.004 -14"><span class='ocrx_word' id='word_1_467' title='bbox 1894 4226 1942 4280; x_wconf 88' lang='lat' dir='ltr'><strong>si</strong></span> <span class='ocrx_word' id='word_1_468' title='bbox 1988 4232 2192 4280; x_wconf 88' lang='lat' dir='ltr'><strong>sortem</strong></span> <span class='ocrx_word' id='word_1_469' title='bbox 2235 4224 2521 4294; x_wconf 90' lang='lat' dir='ltr'><strong>suscipiat.</strong></span> <span class='ocrx_word' id='word_1_470' title='bbox 2558 4221 2907 4277; x_wconf 85' lang='lat' dir='ltr'><strong>Satisfaciam</strong></span> <span class='ocrx_word' id='word_1_471' title='bbox 2932 4235 3070 4277; x_wconf 87' lang='lat' dir='ltr'><strong>sane</strong></span> <span class='ocrx_word' id='word_1_472' title='bbox 3093 4219 3149 4273; x_wconf 93' lang='lat' dir='ltr'><strong>in</strong></span> <span class='ocrx_word' id='word_1_473' title='bbox 3182 4234 3248 4274; x_wconf 95' lang='lat' dir='ltr'><strong>eo</strong></span> <span class='ocrx_word' id='word_1_474' title='bbox 3284 4219 3479 4273; x_wconf 86' lang='lat' dir='ltr'><strong>amicis</strong></span> 
     </span>
    </p>
   </div>
   <div class='ocr_carea' id='block_1_68' title="bbox 1895 4310 3483 4383">
    <p class='ocr_par' dir='ltr' id='par_1_68' title="bbox 1895 4310 3483 4383">
     <span class='ocr_line' id='line_1_68' title="bbox 1895 4310 3483 4383; baseline -0.006 -11"><span class='ocrx_word' id='word_1_475' title='bbox 1895 4318 2064 4383; x_wconf 89' lang='lat' dir='ltr'><strong>meis;</strong></span> <span class='ocrx_word' id='word_1_476' title='bbox 2109 4318 2250 4372; x_wconf 89' lang='lat' dir='ltr'><strong>dabo</strong></span> <span class='ocrx_word' id='word_1_477' title='bbox 2271 4317 2432 4371; x_wconf 90' lang='lat' dir='ltr'><strong>titulo</strong></span> <span class='ocrx_word' id='word_1_478' title='bbox 2463 4331 2661 4371; x_wconf 88' lang='lat' dir='ltr'><strong>nomen</strong></span> <span class='ocrx_word' id='word_1_479' title='bbox 2695 4330 2899 4378; x_wconf 92' lang='lat' dir='ltr'><strong>meum,</strong></span> <span class='ocrx_word' id='word_1_480' title='bbox 2933 4311 3178 4367; x_wconf 88' lang='lat' dir='ltr'><strong>auctoris</strong></span> <span class='ocrx_word' id='word_1_481' title='bbox 3210 4310 3483 4365; x_wconf 86' lang='lat' dir='ltr'><strong>nihilomi-</strong></span> 
     </span>
    </p>
   </div>
   <div class='ocr_carea' id='block_1_69' title="bbox 1896 4405 3480 4482">
    <p class='ocr_par' dir='ltr' id='par_1_69' title="bbox 1896 4405 3480 4482">
     <span class='ocr_line' id='line_1_69' title="bbox 1896 4405 3480 4482; baseline -0.005 -17"><span class='ocrx_word' id='word_1_482' title='bbox 1896 4427 2000 4465; x_wconf 90' lang='lat' dir='ltr'><strong>nus</strong></span> <span class='ocrx_word' id='word_1_483' title='bbox 2024 4412 2292 4466; x_wconf 84' lang='lat' dir='ltr'><strong>vocabulo</strong></span> <span class='ocrx_word' id='word_1_484' title='bbox 2305 4420 2679 4482; x_wconf 89' lang='lat' dir='ltr'><strong>permanente.</strong></span> <span class='ocrx_word' id='word_1_485' title='bbox 2695 4407 2833 4463; x_wconf 87' lang='lat' dir='ltr'><strong>Nam</strong></span> <span class='ocrx_word' id='word_1_486' title='bbox 2863 4406 3048 4462; x_wconf 85' lang='lat' dir='ltr'><strong>Rufini</strong></span> <span class='ocrx_word' id='word_1_487' title='bbox 3078 4406 3332 4462; x_wconf 89' lang='lat' dir='ltr'><strong>Clemens</strong></span> <span class='ocrx_word' id='word_1_488' title='bbox 3346 4405 3480 4463; x_wconf 82' lang='lat' dir='ltr'><strong>scri-</strong></span> 
     </span>
    </p>
   </div>
   <div class='ocr_carea' id='block_1_70' title="bbox 1897 4503 2075 4558">
    <p class='ocr_par' dir='ltr' id='par_1_70' title="bbox 1897 4503 2075 4558">
     <span class='ocr_line' id='line_1_70' title="bbox 1897 4503 2075 4558; baseline -0.006 -1"><span class='ocrx_word' id='word_1_489' title='bbox 1897 4503 2075 4558; x_wconf 88' lang='lat' dir='ltr'><strong>betur.</strong></span> 
     </span>
    </p>
   </div>
   <div class='ocr_carea' id='block_1_71' title="bbox 1788 4681 1900 4737">
    <p class='ocr_par' dir='ltr' id='par_1_71' title="bbox 1788 4681 1900 4737">
     <span class='ocr_line' id='line_1_71' title="bbox 1788 4681 1900 4737; baseline 0.009 -1"><span class='ocrx_word' id='word_1_490' title='bbox 1788 4681 1900 4737; x_wconf 79' lang='lat' dir='ltr'><strong>VII.</strong></span> 
     </span>
    </p>
   </div>
   <div class='ocr_carea' id='block_1_72' title="bbox 991 4836 2696 4912">
    <p class='ocr_par' dir='ltr' id='par_1_72' title="bbox 991 4836 2696 4912">
     <span class='ocr_line' id='line_1_72' title="bbox 991 4836 2696 4912; baseline -0.001 -18"><span class='ocrx_word' id='word_1_491' title='bbox 991 4838 1049 4895; x_wconf 92' lang='lat' dir='ltr'><strong>S.</strong></span> <span class='ocrx_word' id='word_1_492' title='bbox 1087 4839 1360 4899; x_wconf 55' lang='lat' dir='ltr'><strong>Pitumnus</strong></span> <span class='ocrx_word' id='word_1_493' title='bbox 1403 4840 1661 4898; x_wconf 72' lang='lat' dir='ltr'><strong>Nousus</strong></span> <span class='ocrx_word' id='word_1_494' title='bbox 1689 4842 1923 4912; x_wconf 86' lang='lat' dir='ltr'><strong>epistola</strong></span> <span class='ocrx_word' id='word_1_495' title='bbox 1951 4842 2021 4897; x_wconf 71' lang='grc'><strong>46</strong></span> <span class='ocrx_word' id='word_1_496' title='bbox 2056 4842 2124 4897; x_wconf 89' lang='lat' dir='ltr'><strong>ad</strong></span> <span class='ocrx_word' id='word_1_497' title='bbox 2149 4839 2433 4904; x_wconf 80' lang='lat' dir='ltr'><strong>Ruﬁnum,</strong></span> <span class='ocrx_word' id='word_1_498' title='bbox 2457 4852 2610 4894; x_wconf 84' lang='lat' dir='ltr'><strong>num.</strong></span> <span class='ocrx_word' id='word_1_499' title='bbox 2639 4836 2696 4892; x_wconf 78' lang='grc'><strong>2.</strong></span> 
     </span>
    </p>
   </div>
   <div class='ocr_carea' id='block_1_73' title="bbox 278 4994 3486 5072">
    <p class='ocr_par' dir='ltr' id='par_1_73' title="bbox 278 4994 3486 5072">
     <span class='ocr_line' id='line_1_73' title="bbox 278 4994 3486 5072; baseline -0.001 -22"><span class='ocrx_word' id='word_1_500' title='bbox 278 4995 423 5051; x_wconf 89' lang='lat' dir='ltr'><strong>Sane</strong></span> <span class='ocrx_word' id='word_1_501' title='bbox 447 4995 593 5066; x_wconf 90' lang='lat' dir='ltr'><strong>quod</strong></span> <span class='ocrx_word' id='word_1_502' title='bbox 616 4996 913 5052; x_wconf 88' lang='lat' dir='ltr'><strong>admonere</strong></span> <span class='ocrx_word' id='word_1_503' title='bbox 932 4994 1180 5068; x_wconf 79' lang='lat' dir='ltr'><strong>dignaris</strong></span> <span class='ocrx_word' id='word_1_504' title='bbox 1203 4997 1400 5054; x_wconf 74' lang='lat' dir='ltr'><strong>aﬂ‘ectu</strong></span> <span class='ocrx_word' id='word_1_505' title='bbox 1431 4999 1523 5054; x_wconf 86' lang='lat' dir='ltr'><strong>illo</strong></span> <span class='ocrx_word' id='word_1_506' title='bbox 1551 5014 1661 5071; x_wconf 91' lang='lat' dir='ltr'><strong>quo</strong></span> <span class='ocrx_word' id='word_1_507' title='bbox 1681 5016 1783 5056; x_wconf 92' lang='lat' dir='ltr'><strong>nos</strong></span> <span class='ocrx_word' id='word_1_508' title='bbox 1815 5017 1861 5071; x_wconf 78' lang='grc' dir='ltr'>ι)</span> <span class='ocrx_word' id='word_1_509' title='bbox 1889 5017 1999 5072; x_wconf 90' lang='lat' dir='ltr'><strong>quo</strong></span> <span class='ocrx_word' id='word_1_510' title='bbox 2049 5002 2298 5072; x_wconf 82' lang='lat' dir='ltr'><strong>ignorata</strong></span> <span class='ocrx_word' id='word_1_511' title='bbox 2343 4999 2696 5056; x_wconf 81' lang='lat' dir='ltr'><strong>condiscam?</strong></span> <span class='ocrx_word' id='word_1_512' title='bbox 2740 4995 2920 5052; x_wconf 90' lang='lat' dir='ltr'><strong>Credo</strong></span> <span class='ocrx_word' id='word_1_513' title='bbox 2960 4994 3106 5050; x_wconf 88' lang='lat' dir='ltr'><strong>enim</strong></span> <span class='ocrx_word' id='word_1_514' title='bbox 3150 4994 3204 5048; x_wconf 93' lang='lat' dir='ltr'><strong>in</strong></span> <span class='ocrx_word' id='word_1_515' title='bbox 3246 5001 3452 5048; x_wconf 87' lang='lat' dir='ltr'><strong>transla</strong></span> <span class='ocrx_word' id='word_1_516' title='bbox 3473 5023 3486 5033; x_wconf 88' lang='lat'><strong>-</strong></span> 
     </span>
    </p>
   </div>
   <div class='ocr_carea' id='block_1_74' title="bbox 192 5088 1789 5160">
    <p class='ocr_par' dir='ltr' id='par_1_74' title="bbox 192 5088 1789 5160">
     <span class='ocr_line' id='line_1_74' title="bbox 192 5088 1789 5160; baseline 0.004 -19"><span class='ocrx_word' id='word_1_517' title='bbox 192 5088 345 5141; x_wconf 86' lang='lat' dir='ltr'><strong>sicut</strong></span> <span class='ocrx_word' id='word_1_518' title='bbox 370 5094 426 5142; x_wconf 91' lang='lat' dir='ltr'><strong>te</strong></span> <span class='ocrx_word' id='word_1_519' title='bbox 453 5088 656 5160; x_wconf 77' lang='lat' dir='ltr'><strong>diligis,</strong></span> <span class='ocrx_word' id='word_1_520' title='bbox 685 5096 744 5142; x_wconf 88' lang='lat' dir='ltr'><strong>ut</strong></span> <span class='ocrx_word' id='word_1_521' title='bbox 769 5090 1014 5145; x_wconf 90' lang='lat' dir='ltr'><strong>studium</strong></span> <span class='ocrx_word' id='word_1_522' title='bbox 1042 5091 1098 5146; x_wconf 91' lang='lat' dir='ltr'><strong>in</strong></span> <span class='ocrx_word' id='word_1_523' title='bbox 1118 5089 1336 5148; x_wconf 68' lang='lat' dir='ltr'><strong>Graecas</strong></span> <span class='ocrx_word' id='word_1_524' title='bbox 1368 5092 1580 5149; x_wconf 90' lang='lat' dir='ltr'><strong>litteras</strong></span> <span class='ocrx_word' id='word_1_525' title='bbox 1611 5100 1789 5150; x_wconf 87' lang='lat' dir='ltr'><strong>atten-</strong></span> 
     </span>
    </p>
   </div>
   <div class='ocr_carea' id='block_1_75' title="bbox 195 5178 1789 5256">
    <p class='ocr_par' dir='ltr' id='par_1_75' title="bbox 195 5178 1789 5256">
     <span class='ocr_line' id='line_1_75' title="bbox 195 5178 1789 5256; baseline 0.006 -26"><span class='ocrx_word' id='word_1_526' title='bbox 195 5178 313 5231; x_wconf 91' lang='lat' dir='ltr'><strong>tius</strong></span> <span class='ocrx_word' id='word_1_527' title='bbox 361 5192 600 5242; x_wconf 88' lang='lat' dir='ltr'><strong>sumam,</strong></span> <span class='ocrx_word' id='word_1_528' title='bbox 659 5180 896 5235; x_wconf 89' lang='lat' dir='ltr'><strong>libenter</strong></span> <span class='ocrx_word' id='word_1_529' title='bbox 936 5182 1189 5253; x_wconf 89' lang='lat' dir='ltr'><strong>accipio;</strong></span> <span class='ocrx_word' id='word_1_530' title='bbox 1246 5184 1344 5238; x_wconf 92' lang='lat' dir='ltr'><strong>sed</strong></span> <span class='ocrx_word' id='word_1_531' title='bbox 1397 5184 1626 5256; x_wconf 90' lang='lat' dir='ltr'><strong>implere</strong></span> <span class='ocrx_word' id='word_1_532' title='bbox 1678 5201 1789 5240; x_wconf 87' lang='lat' dir='ltr'><strong>non</strong></span> 
     </span>
    </p>
   </div>
   <div class='ocr_carea' id='block_1_76' title="bbox 193 5269 1785 5346">
    <p class='ocr_par' dir='ltr' id='par_1_76' title="bbox 193 5269 1785 5346">
     <span class='ocr_line' id='line_1_76' title="bbox 193 5269 1785 5346; baseline 0.009 -27"><span class='ocrx_word' id='word_1_533' title='bbox 193 5269 357 5322; x_wconf 87' lang='lat' dir='ltr'><strong>valeo</strong></span> <span class='ocrx_word' id='word_1_534' title='bbox 391 5287 404 5322; x_wconf 91' lang='lat'><strong>:</strong></span> <span class='ocrx_word' id='word_1_535' title='bbox 438 5269 547 5324; x_wconf 90' lang='lat' dir='ltr'><strong>nisi</strong></span> <span class='ocrx_word' id='word_1_536' title='bbox 589 5269 731 5326; x_wconf 91' lang='lat' dir='ltr'><strong>forte</strong></span> <span class='ocrx_word' id='word_1_537' title='bbox 760 5271 1034 5327; x_wconf 89' lang='lat' dir='ltr'><strong>desideria</strong></span> <span class='ocrx_word' id='word_1_538' title='bbox 1066 5290 1187 5329; x_wconf 93' lang='lat' dir='ltr'><strong>mea</strong></span> <span class='ocrx_word' id='word_1_539' title='bbox 1234 5276 1459 5346; x_wconf 87' lang='lat' dir='ltr'><strong>adjuvat</strong></span> <span class='ocrx_word' id='word_1_540' title='bbox 1494 5277 1785 5344; x_wconf 89' lang='lat' dir='ltr'><strong>Dominus,</strong></span> 
     </span>
    </p>
   </div>
   <div class='ocr_carea' id='block_1_77' title="bbox 1893 5084 3478 5161">
    <p class='ocr_par' dir='ltr' id='par_1_77' title="bbox 1893 5084 3478 5161">
     <span class='ocr_line' id='line_1_77' title="bbox 1893 5084 3478 5161; baseline -0.006 -15"><span class='ocrx_word' id='word_1_541' title='bbox 1893 5093 2042 5148; x_wconf 91' lang='lat' dir='ltr'><strong>tione</strong></span> <span class='ocrx_word' id='word_1_542' title='bbox 2063 5093 2238 5149; x_wconf 89' lang='lat' dir='ltr'><strong>sancti</strong></span> <span class='ocrx_word' id='word_1_543' title='bbox 2267 5092 2585 5158; x_wconf 83' lang='lat' dir='ltr'><strong>Clementis,</strong></span> <span class='ocrx_word' id='word_1_544' title='bbox 2618 5098 2817 5161; x_wconf 65' lang='lat' dir='ltr'><strong>praeter</strong></span> <span class='ocrx_word' id='word_1_545' title='bbox 2847 5089 2984 5142; x_wconf 86' lang='lat' dir='ltr'><strong>alias</strong></span> <span class='ocrx_word' id='word_1_546' title='bbox 3016 5087 3220 5158; x_wconf 84' lang='lat' dir='ltr'><strong>ingenii</strong></span> <span class='ocrx_word' id='word_1_547' title='bbox 3250 5084 3355 5139; x_wconf 87' lang='lat' dir='ltr'><strong>mei</strong></span> <span class='ocrx_word' id='word_1_548' title='bbox 3383 5084 3478 5138; x_wconf 80' lang='lat' dir='ltr'><strong>de-</strong></span> 
     </span>
    </p>
   </div>
   <div class='ocr_carea' id='block_1_78' title="bbox 1893 5180 3479 5254">
    <p class='ocr_par' dir='ltr' id='par_1_78' title="bbox 1893 5180 3479 5254">
     <span class='ocr_line' id='line_1_78' title="bbox 1893 5180 3479 5254; baseline -0.007 -15"><span class='ocrx_word' id='word_1_549' title='bbox 1893 5184 2173 5250; x_wconf 54' lang='lat' dir='ltr'><strong>fectiones,</strong></span> <span class='ocrx_word' id='word_1_550' title='bbox 2204 5185 2348 5240; x_wconf 92' lang='lat' dir='ltr'><strong>hanc</strong></span> <span class='ocrx_word' id='word_1_551' title='bbox 2379 5193 2430 5240; x_wconf 90' lang='lat' dir='ltr'><strong>te</strong></span> <span class='ocrx_word' id='word_1_552' title='bbox 2455 5183 2803 5254; x_wconf 89' lang='lat' dir='ltr'><strong>potissimum</strong></span> <span class='ocrx_word' id='word_1_553' title='bbox 2834 5180 3123 5253; x_wconf 74' lang='lat' dir='ltr'><strong>imperitiae</strong></span> <span class='ocrx_word' id='word_1_554' title='bbox 3142 5192 3276 5233; x_wconf 61' lang='lat' dir='ltr'><strong>mea;</strong></span> <span class='ocrx_word' id='word_1_555' title='bbox 3303 5190 3479 5247; x_wconf 57' lang='lat' dir='ltr'><strong>penu»</strong></span> 
     </span>
    </p>
   </div>
   <div class='ocr_carea' id='block_1_79' title="bbox 1890 5267 3464 5348">
    <p class='ocr_par' dir='ltr' id='par_1_79' title="bbox 1890 5267 3464 5348">
     <span class='ocr_line' id='line_1_79' title="bbox 1890 5267 3464 5348; baseline -0.01 -14"><span class='ocrx_word' id='word_1_556' title='bbox 1890 5281 2029 5334; x_wconf 82' lang='lat' dir='ltr'><strong>riam</strong></span> <span class='ocrx_word' id='word_1_557' title='bbox 2059 5279 2472 5343; x_wconf 89' lang='lat' dir='ltr'><strong>considerasse,</strong></span> <span class='ocrx_word' id='word_1_558' title='bbox 2523 5276 2669 5348; x_wconf 91' lang='lat' dir='ltr'><strong>quod</strong></span> <span class='ocrx_word' id='word_1_559' title='bbox 2703 5277 2886 5347; x_wconf 89' lang='lat' dir='ltr'><strong>aliqua</strong></span> <span class='ocrx_word' id='word_1_560' title='bbox 2919 5275 2975 5329; x_wconf 92' lang='lat' dir='ltr'><strong>in</strong></span> <span class='ocrx_word' id='word_1_561' title='bbox 3012 5273 3213 5344; x_wconf 84' lang='lat' dir='ltr'><strong>quibus</strong></span> <span class='ocrx_word' id='word_1_562' title='bbox 3261 5267 3464 5323; x_wconf 83' lang='lat' dir='ltr'><strong>intelli-</strong></span> 
     </span>
    </p>
   </div>
   <div class='ocr_carea' id='block_1_80' title="bbox 194 5358 3473 5444">
    <p class='ocr_par' dir='ltr' id='par_1_80' title="bbox 194 5358 3473 5444">
     <span class='ocr_line' id='line_1_80' title="bbox 194 5358 3473 5444; baseline 0 -32"><span class='ocrx_word' id='word_1_563' title='bbox 194 5366 259 5413; x_wconf 90' lang='lat' dir='ltr'><strong>ut</strong></span> <span class='ocrx_word' id='word_1_564' title='bbox 287 5359 498 5415; x_wconf 88' lang='lat' dir='ltr'><strong>diutius</strong></span> <span class='ocrx_word' id='word_1_565' title='bbox 536 5363 819 5417; x_wconf 86' lang='lat' dir='ltr'><strong>consortio</strong></span> <span class='ocrx_word' id='word_1_566' title='bbox 866 5371 959 5418; x_wconf 93' lang='lat' dir='ltr'><strong>tuo</strong></span> <span class='ocrx_word' id='word_1_567' title='bbox 991 5365 1263 5436; x_wconf 86' lang='lat' dir='ltr'><strong>perfruar.</strong></span> <span class='ocrx_word' id='word_1_568' title='bbox 1298 5366 1432 5423; x_wconf 84' lang='lat' dir='ltr'><strong>Nam</strong></span> <span class='ocrx_word' id='word_1_569' title='bbox 1466 5385 1576 5440; x_wconf 93' lang='lat' dir='ltr'><strong>quo</strong></span> <span class='ocrx_word' id='word_1_570' title='bbox 1624 5371 1787 5426; x_wconf 91' lang='lat' dir='ltr'><strong>modo</strong></span> <span class='ocrx_word' id='word_1_571' title='bbox 1889 5388 2020 5444; x_wconf 90' lang='lat' dir='ltr'><strong>gere</strong></span> <span class='ocrx_word' id='word_1_572' title='bbox 2047 5373 2134 5427; x_wconf 87' lang='lat' dir='ltr'><strong>vel</strong></span> <span class='ocrx_word' id='word_1_573' title='bbox 2163 5370 2473 5441; x_wconf 75' lang='lat' dir='ltr'><strong>exprimere</strong></span> <span class='ocrx_word' id='word_1_574' title='bbox 2510 5369 2677 5424; x_wconf 89' lang='lat' dir='ltr'><strong>verba</strong></span> <span class='ocrx_word' id='word_1_575' title='bbox 2708 5383 2819 5423; x_wconf 92' lang='lat' dir='ltr'><strong>non</strong></span> <span class='ocrx_word' id='word_1_576' title='bbox 2860 5367 3036 5438; x_wconf 87' lang='lat' dir='ltr'><strong>potui,</strong></span> <span class='ocrx_word' id='word_1_577' title='bbox 3078 5378 3244 5419; x_wconf 89' lang='lat' dir='ltr'><strong>sensu</strong></span> <span class='ocrx_word' id='word_1_578' title='bbox 3289 5358 3473 5430; x_wconf 85' lang='lat' dir='ltr'><strong>potius</strong></span> 
     </span>
    </p>
   </div>
   <div class='ocr_carea' id='block_1_81' title="bbox 193 5448 1785 5535">
    <p class='ocr_par' dir='ltr' id='par_1_81' title="bbox 193 5448 1785 5535">
     <span class='ocr_line' id='line_1_81' title="bbox 193 5448 1785 5535; baseline 0.012 -31"><span class='ocrx_word' id='word_1_579' title='bbox 193 5448 509 5523; x_wconf 84' lang='lat' dir='ltr'><strong>profectum</strong></span> <span class='ocrx_word' id='word_1_580' title='bbox 538 5469 733 5525; x_wconf 89' lang='lat' dir='ltr'><strong>capere</strong></span> <span class='ocrx_word' id='word_1_581' title='bbox 767 5463 959 5528; x_wconf 87' lang='lat' dir='ltr'><strong>potero</strong></span> <span class='ocrx_word' id='word_1_582' title='bbox 987 5460 1260 5518; x_wconf 87' lang='lat' dir='ltr'><strong>sermonis</strong></span> <span class='ocrx_word' id='word_1_583' title='bbox 1290 5461 1482 5535; x_wconf 89' lang='lat' dir='ltr'><strong>ignoti,</strong></span> <span class='ocrx_word' id='word_1_584' title='bbox 1509 5464 1556 5521; x_wconf 89' lang='lat' dir='ltr'><strong>si</strong></span> <span class='ocrx_word' id='word_1_585' title='bbox 1583 5464 1727 5522; x_wconf 72' lang='lat' dir='ltr'><strong>desit</strong></span> <span class='ocrx_word' id='word_1_586' title='bbox 1751 5481 1785 5522; x_wconf 87' lang='lat' dir='ltr'><strong>a</strong></span> 
     </span>
    </p>
   </div>
   <div class='ocr_carea' id='block_1_82' title="bbox 311 5610 820 5684">
    <p class='ocr_par' dir='ltr' id='par_1_82' title="bbox 311 5610 820 5684">
     <span class='ocr_line' id='line_1_82' title="bbox 311 5610 820 5684; baseline 0.004 -18"><span class='ocrx_word' id='word_1_587' title='bbox 311 5610 358 5644; x_wconf 79' lang='grc'><strong><em>⁵⁸</em></strong></span> <span class='ocrx_word' id='word_1_588' title='bbox 389 5610 625 5684; x_wconf 83' lang='lat' dir='ltr'><strong>Philipp.</strong></span> <span class='ocrx_word' id='word_1_589' title='bbox 661 5629 734 5677; x_wconf 80' lang='lat' dir='ltr'><strong>iv,</strong></span> <span class='ocrx_word' id='word_1_590' title='bbox 767 5615 820 5670; x_wconf 80' lang='grc'><strong>5.</strong></span> 
     </span>
    </p>
   </div>
   <div class='ocr_carea' id='block_1_83' title="bbox 261 5790 1081 5858">
    <p class='ocr_par' dir='ltr' id='par_1_83' title="bbox 261 5790 1081 5858">
     <span class='ocr_line' id='line_1_83' title="bbox 261 5790 1081 5858; baseline 0.009 -13"><span class='ocrx_word' id='word_1_591' title='bbox 261 5791 340 5858; x_wconf 69' lang='grc'><strong>(4)</strong></span> <span class='ocrx_word' id='word_1_592' title='bbox 371 5790 656 5849; x_wconf 75' lang='lat' dir='ltr'><strong>Scribitur.</strong></span> <span class='ocrx_word' id='word_1_593' title='bbox 690 5795 776 5849; x_wconf 80' lang='lat' dir='ltr'><strong>Al.</strong></span> <span class='ocrx_word' id='word_1_594' title='bbox 808 5795 1081 5854; x_wconf 70' lang='lat' dir='ltr'><strong>inseritur.</strong></span> 
     </span>
    </p>
   </div>
   <div class='ocr_carea' id='block_1_84' title="bbox 480 5890 990 5958">
    <p class='ocr_par' dir='ltr' id='par_1_84' title="bbox 480 5890 990 5958">
     <span class='ocr_line' id='line_1_84' title="bbox 480 5890 990 5958; baseline 0.012 -9"><span class='ocrx_word' id='word_1_595' title='bbox 480 5890 753 5954; x_wconf 69' lang='lat' dir='ltr'><strong>PATROL.</strong></span> <span class='ocrx_word' id='word_1_596' title='bbox 795 5892 912 5958; x_wconf 77' lang='lat' dir='ltr'><strong>(ia.</strong></span> <span class='ocrx_word' id='word_1_597' title='bbox 948 5892 990 5955; x_wconf 81' lang='grc' dir='ltr'><strong>Ι.</strong></span> 
     </span>
    </p>
   </div>
   <div class='ocr_carea' id='block_1_85' title="bbox 1890 5452 3472 5538">
    <p class='ocr_par' dir='ltr' id='par_1_85' title="bbox 1890 5452 3472 5538">
     <span class='ocr_line' id='line_1_85' title="bbox 1890 5452 3472 5538; baseline -0.013 -14"><span class='ocrx_word' id='word_1_598' title='bbox 1890 5465 2254 5538; x_wconf 85' lang='lat' dir='ltr'><strong>apprehenso,</strong></span> <span class='ocrx_word' id='word_1_599' title='bbox 2275 5464 2359 5522; x_wconf 87' lang='lat' dir='ltr'><strong>vel</strong></span> <span class='ocrx_word' id='word_1_600' title='bbox 2385 5463 2468 5537; x_wconf 89' lang='lat' dir='ltr'><strong>(ut</strong></span> <span class='ocrx_word' id='word_1_601' title='bbox 2489 5462 2674 5522; x_wconf 87' lang='lat' dir='ltr'><strong>verius</strong></span> <span class='ocrx_word' id='word_1_602' title='bbox 2694 5462 2899 5535; x_wconf 82' lang='lat' dir='ltr'><strong>dicam)</strong></span> <span class='ocrx_word' id='word_1_603' title='bbox 2924 5461 3146 5531; x_wconf 87' lang='lat' dir='ltr'><strong>opinata</strong></span> <span class='ocrx_word' id='word_1_604' title='bbox 3173 5452 3472 5513; x_wconf 88' lang='lat' dir='ltr'><strong>transtule-</strong></span> 
     </span>
    </p>
   </div>
   <div class='ocr_carea' id='block_1_86' title="bbox 3067 5892 3154 5953">
    <p class='ocr_par' dir='ltr' id='par_1_86' title="bbox 3067 5892 3154 5953">
     <span class='ocr_line' id='line_1_86' title="bbox 3067 5892 3154 5953; baseline 0.023 -2"><span class='ocrx_word' id='word_1_605' title='bbox 3067 5892 3154 5953; x_wconf 66' lang='lat'><strong>37</strong></span> 
     </span>
    </p>
   </div>
  </div>
