3890 6192
486 310 550 365 ιί
560 309 628 367 (i3

1303 308 1362 369 S.
1399 308 1797 369 CLEMENTIS
1828 309 1849 365 ι
1884 308 2050 365 ROM.
2086 305 2290 364 PONT.
2325 304 2554 364 OPEBA
2586 304 2811 363 DUBlA.

3601 306 3709 364 ιιςι

489 423 615 477 lim.
657 418 779 487 Quo
806 436 980 495 magis
1023 437 1155 495 egeo
1186 423 1566 480 misericordia
1600 424 1735 493 Dei,
1771 432 1833 479 ut
1870 424 2079 494 plenio—
2108 433 2154 490 Α
2184 423 2420 479 famelici
2450 423 2635 478 cordis
2664 437 2759 477 ore
2797 420 3074 491 colligere.
3110 418 3256 474 Ilum
3298 419 3460 473 Focum
3500 419 3709 475 Heriber-

494 530 608 568 rcm
640 514 774 568 mihi
808 515 886 568 tui
918 516 1132 571 couiam
1176 515 1413 583 tribuat;
1439 518 1565 588 quia
1597 533 1695 588 pro
1726 516 1932 572 divitiis
1967 516 2071 571 erit

483 607 725 675 pauperi,
766 614 825 660 ut
854 624 1027 663 micas
1070 623 1101 661 a
1134 608 1320 664 divitis
1364 625 1555 665 mensa
1586 610 1869 674 cadentes,
1902 607 2061 663 avido

2187 528 2272 572 tus
2288 516 2604 588 Rosweydus
2628 515 2691 570 de
2712 513 3200 586 Recognitionibus
3220 512 3461 582 explicat.

2036 761 2167 820 VIII.

1082 917 1292 972 Auctor
1325 918 1514 989 Operi:
1540 914 1833 987 imperfecti
1872 917 1925 970 in
1956 914 2291 983 Hattlueum,
2330 915 2479 971 hom.
2515 914 2609 979 27,
2650 914 2718 968 ad
2745 912 2934 968 Matth.
2969 928 3025 979 x,
3055 911 3146 967 4|.

1144 1032 1319 1103 (Inter
1348 1032 1479 1102 Opp.
1517 1031 1574 1086 S.
1603 1032 1762 1090 Joan.
1787 1033 2101 1105 Chrysost.,

555 1186 657 1242 Sed
688 1188 813 1241 audi
848 1189 1189 1256 mvsterium,
1223 1188 1365 1259 quod
1400 1187 1595 1244 Petrus
1637 1189 1779 1260 apud
1807 1188 2059 1246 Clemen-

477 1292 582 1336 tem
629 1282 901 1351 exposuit.
958 1282 1015 1335 Si
1064 1281 1241 1337 ﬁdelis
1293 1281 1485 1336 fecerit
1533 1298 1673 1352 opus
1726 1282 1966 1349 bonum;
2003 1288 2059 1337 et

476 1371 598 1425 heic
641 1371 691 1425 ei
729 1371 970 1440 prodest,
1027 1371 1268 1425 liberans
1310 1386 1434 1425 eum
1487 1386 1517 1424 a
1548 1370 1736 1437 malis;
1769 1378 1826 1425 et
1875 1372 1931 1425 in
1967 1371 2059 1426 illo

476 1462 698 1525 saeculo,
748 1461 814 1515 ad
846 1462 1255 1531 percipiendum
1306 1478 1534 1533 regnum
1584 1462 1845 1517 casleste:
1884 1461 2061 1531 magis

474 1563 656 1609 autem
707 1554 817 1617 ibi,
867 1570 1030 1624 quam
1086 1554 1227 1609 heic.
1282 1552 1337 1607 Si
1375 1562 1557 1609 autem
1591 1554 1829 1610 infidelis
1870 1552 2063 1609 fecerit

473 1661 612 1715 opus
658 1645 891 1713 bonum;
926 1647 1045 1706 heic
1086 1648 1136 1702 ei
1166 1646 1389 1716 prodest
1431 1663 1570 1719 opus
1605 1648 1780 1718 ipsius
1807 1664 1820 1699 :
1847 1655 1902 1703 et
1939 1646 2060 1702 beic

472 1735 523 1790 ei
572 1736 748 1792 reddit
778 1736 920 1793 Deus
970 1740 1113 1793 bona
1160 1752 1261 1809 pro
1289 1754 1454 1810 opere
1484 1756 1605 1796 suo.
1656 1742 1717 1795 In
1746 1741 1839 1795 illo
1869 1746 2052 1794 autem
2084 1733 2127 1789 Β

2140 1043 2265 1088 tom.
2306 1029 2396 1098 \‘l,
2432 1051 2556 1105 pag.
2595 1032 2699 1089 115
2730 1031 2859 1088 edit.
2892 1032 3032 1105 BB.)

2166 1192 2369 1246 saeculo
2416 1191 2554 1245 nihil
2606 1190 2657 1245 ei
2701 1190 2926 1261 prodest
2971 1204 3109 1259 Opus
3164 1188 3339 1259 ipsius
3388 1207 3404 1244 :
3450 1201 3549 1243 nec
3589 1184 3709 1242 enim

2165 1284 2468 1338 collocatur
2487 1284 2627 1338 inter
2653 1292 2879 1338 caeteros
2912 1281 3099 1337 ﬁdeles
3128 1291 3347 1353 propter
3378 1297 3515 1351 opus
3546 1293 3724 1335 suum;

2167 1378 2430 1448 ctjuste;
2473 1378 2601 1448 quia
2636 1376 2875 1431 naturali
2921 1375 3067 1429 bono
3110 1383 3310 1438 motus,
3354 1373 3483 1428 fecit
3516 1372 3709 1435 bonum,

2166 1485 2277 1524 non
2328 1477 2552 1540 propter
2594 1467 2806 1521 Deum:
2836 1464 2959 1519 ideo
3004 1466 3060 1518 in
3107 1478 3310 1534 corpus
3353 1478 3513 1519 suum
3546 1458 3713 1530 recipit

2166 1561 2476 1617 mercedem
2507 1561 2692 1631 operis
2721 1560 2830 1625 sui,
2862 1572 2972 1613 non
3001 1556 3059 1611 in
3107 1556 3289 1610 anima
3316 1569 3437 1611 sua.
3473 1551 3708 1623 Recognit.

2167 1650 2264 1706 lib.
2291 1665 2389 1715 vn,
2422 1664 2544 1720 cap.
2571 1648 2663 1703 58.

1758 1894 1836 1951 la.
1870 1892 1939 1948 ad
1972 1892 2210 1955 Matthxi
2245 1906 2395 1958 xxiv,
2428 1891 2512 1950 15.

544 2045 671 2101 Fuit
721 2048 867 2103 enim
916 2049 1193 2105 exercitus
1249 2049 1680 2120 alienigenarum
1725 2056 1780 2103 et
1824 2046 2057 2103 Romani

472 2141 821 2209 imperatoris
867 2152 1021 2197 stans
1072 2143 1222 2197 circa
1278 2140 1655 2207 Hierusalem,
1707 2156 1829 2211 quas
1879 2156 2055 2212 usque

467 2240 600 2286 tunc
628 2231 801 2287 fuerat
834 2242 1042 2288 sancta.
1102 2233 1217 2289 Hoc
1250 2241 1303 2288 et
1324 2232 1519 2291 Petrus
1547 2234 1689 2305 apud
1715 2232 2051 2289 Clementem

2165 2048 2409 2119 exponit.
2442 2045 2583 2117 Lege
2613 2044 2879 2117 Recognit.
2913 2042 3007 2100 lib.
3040 2058 3081 2109 ι,
3110 2056 3232 2111 cap.
3256 2038 3345 2101 59,
3372 2036 3474 2105 l5;
3504 2034 3711 2092 Clemen-

2163 2144 2297 2206 tina,
2331 2142 2479 2197 hom.
2513 2140 2567 2203 '5,
2601 2155 2753 2194 num.
2781 2137 2879 2197 £5;
2900 2134 3262 2197 Lactantium,
3307 2129 3488 2185 Diviu.
3540 2127 3690 2183 instit.

2159 2233 2258 2289 lib.
2293 2248 2368 2299 tv,
2404 2246 2526 2303 cap.
2552 2230 2642 2285 2L

1626 2390 1704 2446 Io.
1731 2390 1799 2446 ad
1823 2390 2073 2461 ejusdem
2103 2390 2305 2461 capitis
2336 2402 2557 2445 versum
2590 2385 2673 2443 16.

539 2545 695 2602 Sicut
737 2555 919 2604 autem
964 2546 1159 2603 Petrus
1212 2545 1353 2618 apud
1408 2547 1745 2603 Clementem
1798 2546 2045 2617 exponit,

463 2638 805 2695 Antichristo
831 2640 994 2694 etiam
1028 2639 1313 2709 plcnorum
1345 2638 1627 2709 signorum
1665 2636 2047 2693 faciendorum

2159 2553 2247 2603 est
2293 2544 2473 2601 danda
2521 2551 2784 2617 potestas.
2820 2542 3114 2615 Recognit.,
3141 2542 3235 2598 lib.
3267 2558 3351 2609 ιιι,
3387 2557 3507 2614 cap.
3536 2540 3619 2599 60.

1826 2793 1903 2851 In.
1945 2790 2015 2848 ad
2039 2804 2258 2847 versum
2285 2791 2373 2849 24.

535 2970 701 3042 Signa
752 2987 965 3041 magna.
1021 2967 1142 3024 Non
1197 2969 1410 3024 inutilia
1433 3009 1447 3033 ,
1502 2983 1679 3039 neque
1705 2984 1867 3033 vana,
1921 2984 2043 3039 quae
2070 2979 2112 3036 (ζ
2146 2969 2290 3025 inter
2309 2968 2589 3024 ministro:
2620 2967 2847 3032 Christi,
2878 2973 2933 3023 et
2955 2966 3239 3022 ministros
3259 2964 3495 3032 diaboli,
3534 2980 3595 3021 ex
3618 2963 3704 3018 hoc

460 3065 696 3119 ministri
742 3062 943 3118 diaboli
990 3060 1170 3118 facere
1213 3063 1426 3130 solent;
1476 3061 1573 3118 sed
1603 3076 1839 3132 magna,
1872 3060 1925 3116 id
1955 3069 2043 3119 est

462 3157 617 3212 utilia
646 3168 699 3212 et
722 3158 902 3227 plena,
935 3171 1055 3226 qua:
1083 3156 1255 3212 sancti
1288 3155 1465 3211 facere
1495 3155 1767 3211 solebant.
1810 3153 1946 3209 Nam
1984 3155 2043 3211 in

461 3260 705 3320 tempore
749 3248 971 3319 quidem
1017 3248 1420 3319 apostolorum,
1453 3258 1507 3303 et
1536 3247 1907 3319 postmodum,
1936 3248 2045 3302 mi-

459 3342 622 3396 nistri
667 3342 887 3413 quidem
930 3341 1157 3406 Christi,
1196 3341 1353 3395 utilia
1386 3348 1441 3396 et
1474 3341 1633 3411 plena
1666 3341 1820 3411 signa
1875 3340 2045 3397 facie-

462 3431 598 3487 bant
627 3447 693 3487 ex
723 3440 877 3502 parte
918 3431 1142 3499 dextra;
1188 3432 1373 3501 qualia
1418 3440 1577 3499 sunt,
1624 3448 1797 3488 caecos
1840 3432 2045 3488 illumi-

459 3538 613 3588 nare,
666 3531 721 3578 et
776 3524 881 3577 alia
930 3523 1247 3593 bujusmodi
1304 3522 1516 3591 facere;
1570 3524 1809 3580 ministri
1860 3532 2042 3581 autem

459 3614 685 3679 diaboli,
718 3614 933 3668 inutilia
962 3612 1237 3668 faciebant
1266 3621 1320 3669 et
1345 3629 1502 3679 vana,
1527 3630 1595 3671 ex
1616 3623 1771 3685 parte
1798 3615 2043 3682 sinistra;

458 3716 582 3775 qua:
624 3705 1045 3761 admirationem
1094 3704 1315 3776 quidem
1356 3706 1671 3762 videntibus
1712 3706 2039 3773 excitarent,

460 3796 529 3850 ad
578 3797 865 3853 utilitatem
911 3807 1091 3854 autem
1140 3797 1349 3855 nullius
1399 3798 1749 3869 proficerent.
1808 3798 1873 3853 Et
1923 3807 2043 3855 erat

2140 3061 2414 3132 judicare,
2445 3060 2541 3131 qui
2573 3060 2783 3115 inutilia
2815 3068 2870 3115 et
2903 3059 2996 3130 qui
3041 3059 3196 3113 utilia
3216 3058 3463 3114 facerent
3481 3053 3702 3124 signa]:

2142 3156 2250 3213 tlne
2290 3163 2471 3211 autem
2496 3156 2757 3226 temporis
2790 3153 3139 3210 concedenda
3162 3160 3247 3209 est
3261 3146 3701 3224 potestasdiabolo

2146 3247 2316 3319 (sicut
2350 3247 2407 3300 in
2436 3244 2677 3302 Historia
2709 3245 3010 3302 Clementis
3038 3244 3237 3300 Petrus
3267 3244 3515 3314 exponit)
3548 3251 3600 3295 ut
3635 3239 3702 3293 fac

2152 3341 2299 3395 ciant
2347 3340 2502 3410 signa
2541 3338 2699 3393 utilia
2719 3378 2734 3403 ,
2767 3346 2829 3393 et
2858 3352 2927 3392 ex
2957 3352 3020 3392 ea
3045 3344 3199 3407 parte
3226 3350 3336 3406 qua
3367 3335 3522 3407 prius
3552 3331 3701 3386 facere

2147 3442 2551 3493 consueverant
2594 3434 2801 3501 sancti;
2835 3441 2896 3488 ut
2929 3432 3045 3504 jam
3076 3431 3363 3487 ministros
3390 3429 3587 3486 Christi
3612 3440 3700 3480 non

2147 3545 2245 3601 per
2293 3529 2398 3584 hoc
2444 3543 2867 3600 cognoscamus,
2917 3526 3047 3597 quia
3088 3526 3245 3580 utilia
3289 3523 3504 3579 faciunt
3547 3521 3695 3591 signa.

2147 3620 2245 3677 sed
2274 3621 2403 3692 quia
2432 3622 2618 3678 omnia
2659 3636 2768 3676 non
2800 3620 2917 3677 haec
2964 3619 3175 3676 faciunt
3219 3618 3401 3690 signa.
3458 3612 3699 3685 Recessit-

2147 3711 2246 3768 lib.
2280 3727 2366 3778 ιιι,
2398 3727 2525 3782 cap.
2557 3711 2649 3777 59,
2677 3711 2763 3770 60.

1831 3954 1909 4011 lo.
1941 3954 2012 4010 ad
2038 3970 2259 4012 versum
2288 3954 2374 4013 ﬂ.

531 4107 688 4167 Unde
723 4119 777 4166 et
807 4112 1082 4183 sapienter
1110 4111 1307 4169 Petrus
1341 4113 1476 4168 dicit
1504 4111 1647 4183 apud
1676 4111 2037 4179 Clementem,

457 4202 734 4273 quomodo
762 4202 923 4259 debet
950 4206 1074 4275 quis
1124 4205 1464 4266 incessanter
1497 4220 1619 4277 quae
1647 4201 1743 4260 Dei
1769 4212 1897 4260 sunt
1943 4219 2039 4259 co-

458 4300 630 4366 gitare
670 4305 723 4351 et
753 4297 932 4367 loqui;
973 4296 1233 4369 quoniam
1267 4296 1313 4351 si
1349 4311 1504 4351 mens
1542 4295 1707 4351 fuerit
1734 4296 1791 4350 in
1826 4295 1913 4351 his
1940 4310 2033 4350 occ

2037 4448 2127 4504 IX.

2146 4122 2365 4184 cupata.
2438 4110 2614 4167 Malus
2677 4126 2788 4165 non
2828 4111 3037 4166 invenit
3088 4110 3274 4164 locum
3341 4106 3416 4163 ad
3470 4110 3695 4159 mentem.

2144 4205 2437 4277 Recognit.,
2469 4204 2567 4261 lib.
2600 4219 2687 4269 ιιι,
2721 4220 2842 4274 cap.
2870 4204 2962 4258 3t.

1370 4611 1699 4674 Gsnuumus,
1736 4610 1877 4666 libro
1908 4610 1984 4665 De
2007 4610 2134 4665 viris
2162 4609 2484 4673 illustribus,
2512 4622 2633 4679 cap.
2668 4608 2757 4664 i7.

526 4763 799 4830 Rufinus,
852 4762 1222 4833 Aquileiensis
1272 4765 1521 4821 ecclesiae
1577 4767 1882 4839 presbyter,
1928 4781 2038 4821 non
2070 4768 2116 4824 D
2146 4764 2345 4821 tissimi
2394 4763 2656 4829 hominis,
2704 4759 3000 4818 Clementis
3028 4756 3260 4814 Romani
3296 4754 3690 4828 Recognitionnl

453 4857 681 4911 minima
704 4873 832 4927 pars
864 4856 966 4911 fuit
992 4856 1279 4912 doctorum
1310 4857 1601 4927 Ecclesia;
1634 4867 1690 4913 et
1714 4860 1770 4914 in
1797 4856 2035 4914 transfe-

453 4948 629 5002 rendo
673 4948 742 5003 de
787 4947 977 5004 Graeco
1031 4948 1087 5003 in
1136 4948 1422 5013 Latinum,
1475 4950 1697 5021 elegans
1751 4949 2033 5021 ingenium

452 5039 665 5095 habuit.
698 5038 943 5109 Denique
962 5040 1198 5094 maxima
1227 5047 1381 5111 parte
1394 5039 1709 5095 Graecorum
1740 5040 2033 5095 bibliothe~

2141 4858 2337 4920 libros,
2371 4863 2476 4912 etc.
2530 4854 2739 4909 Horum
2772 4854 3018 4909 omnium
3045 4865 3390 4923 quaecunque
3426 4841 3691 4919 pramissis

2140 4949 2389 5022 Prologis
2434 4966 2463 5004 a
2490 4949 2702 5004 Latinis
2750 4948 3028 5019 leguntur,
3061 4960 3091 4999 a
3117 4942 3321 5000 Ruﬁno
3364 4942 3689 5012 interpretata

2140 5049 2297 5099 sunt:
2340 5055 2452 5111 quae
2472 5049 2601 5095 sunt
2631 5039 2749 5095 sine
2774 5037 3029 5107 Prologo,
3061 5035 3130 5089 ab
3161 5034 3269 5090 alio
3309 5033 3566 5089 translata
3582 5030 3691 5081 sunt

454 5146 574 5183 cam
608 5128 817 5185 Latinis
847 5130 1091 5185 exhibuit
1122 5146 1135 5181 :
1169 5129 1378 5193 Basilii,
1414 5131 1642 5197 scilicet,
1676 5128 2033 5187 Caesariensis
2136 5132 2233 5205 qui
2266 5130 2559 5201 Prologum
2602 5128 2785 5187 facere
2831 5127 3041 5191 noluit,
3065 5132 3174 5182 etc.
3227 5123 3371 5197 Lege
3420 5121 3685 5179 Honorium

454 5219 814 5292 Cappadocia:
841 5222 1105 5292 episcopi,
1140 5221 1386 5294 Gregorii
1416 5221 1743 5280 Nazianzeni
1772 5223 2035 5294 eloquen-
2138 5222 2520 5295 Augustodun.

2038 5374 2104 5431 Χ.

1553 5532 1848 5589 Concilium
1879 5533 2195 5599 Romanum,
2224 5534 2328 5590 sub
2366 5531 2603 5591 Gelasio.

537 5656 880 5715 ltinerarium
929 5665 1149 5718 nomine
1186 5662 1331 5720 Petri
1374 5668 1631 5734 apostoli,
1664 5669 1809 5739 quod
1840 5671 2141 5742 appellatur
2185 5671 2363 5729 sancti
2412 5670 2711 5727 Clementis
2758 5672 2883 5729 libri
2916 5673 3104 5731 decem
3155 5670 3268 5743 ,5),
3322 5659 3674 5739 θρικνῖνδαθ·

544 5808 615 5877 (5)
648 5808 854 5867 Decem.
897 5815 980 5869 Al.
1014 5827 1147 5882 octo,
1181 5819 1263 5874 vel
1293 5836 1489 5875 novem.
1524 5819 1681 5878 Male.
