3890 6192
256 291 398 349 “05

1328 293 1980 356 BECOGNITIONES.—
2015 298 2372 357 ΡΒΟΟΕΜΙᾹ.

3382 301 3514 356 Η(ξὸ

1829 450 1920 505 x1.
1972 512 1992 533 ί

934 562 1274 621 Chronicum
1300 566 1506 622 dictum
1539 568 1992 631 Alexandrinum,
2029 566 2287 622 editionis
2322 565 2543 632 Raderi,
2578 582 2704 638 pag.
2741 568 2823 622 50.

319 699 480 754 Ὅθεν
521 700 616 754 καὶ
657 701 864 774 Πέτρος
922 705 951 756 6
987 704 1284 768 ἀπόστολος
1342 708 1633 780 ἀφηγείται
1684 711 1825 782 Κλη-

2007 703 2159 758 Unde
2203 714 2256 758 et
2280 704 2474 760 Petrus
2505 706 2788 774 apostolus
2832 704 3055 775 exponit
3078 703 3381 774 Clementi,
3425 706 3513 762 dio

248 793 357 864 μίῳ
391 794 490 863 (6),
527 793 727 862 λέγων·
767 797 862 849 Ἔν
891 815 996 850 τινι
1022 799 1096 868 (7)
1122 800 1312 870 δικαίῳ
1353 802 1489 871 μετά
1520 802 1626 854 τῶν
1651 803 1707 869 ἐξ
1736 805 1832 857 αύ-

240 886 362 949 τοῦ,
392 885 538 950 Νῶε,
589 887 686 940 σὺν
727 890 841 952 τοῖς
884 888 944 953 ἐξ
960 890 1124 943 αὐτοῦ
1161 891 1224 963 [Γ.
1270 893 1363 945 καὶ
1383 895 1504 956 ταῖς
1535 893 1738 966 αὐτῶν]
1772 897 1829 947 ὲν

243 975 476 1048 λάρνακι
508 978 865 1045 διασώζεσθαι
894 986 1318 1054 προανήγγειλεν
1342 1004 1355 1016 ·
1380 987 1464 1039 ἵνα
1486 987 1702 1040 πάντων
1721 988 1828 1040 τῶν

239 1069 488 1141 ἀκαίρων
543 1070 988 1141 ὀλοθρευθέντων,
1046 1078 1073 1129 6
1109 1078 1311 1148 κόσμος
1366 1079 1709 1152 καθαρισθῇ,
1773 1084 1830 1136 ἐν

241 1163 383 1231 αὐτῇ
419 1160 495 1232 (8)
534 1166 600 1233 τῇ
635 1162 867 1235 λάρνακι
897 1166 1183 1233 διασωθεὶς
1209 1172 1290 1234 εἰς
1320 1171 1580 1244 δευτέραν
1611 1191 1830 1245 περιου-

244 1253 398 1316 σίαν,
431 1254 688 1326 καθαρῶς
725 1256 802 1327 (9)
845 1258 1042 1330 ἀποϐῇ.
1081 1261 1268 1331 Ὅμως
1299 1264 1395 1315 καὶ
1440 1264 1643 1319 τούτων
1675 1282 1826 1335 γενο-

247 1343 448 1414 μένων,
474 1347 525 1398 οὶ
560 1345 838 1419 ἅνθρωποι
863 1350 974 1424 (10)
1007 1352 1240 1424 ἤρξαντο
1267 1357 1506 1414 ἀσεϐεῖν.

1931 811 2062 852 cens
2089 811 2102 846 :
2126 794 2232 850 Uni
2265 797 2385 850 viro
2415 795 2566 866 justo
2594 795 2728 860 Noe,
2764 812 2887 850 cum
2921 797 3046 852 ﬁliis
3086 797 3203 852 suis
3255 800 3515 870 (cumque

1931 886 2150 940 illorum
2180 886 2485 945 uxoribusi,
2522 895 2581 940 ut
2621 887 2678 940 in
2711 901 2837 940 arca
2871 895 3229 942 servarentur
3257 904 3514 958 praenun-

1932 980 2130 1034 tiavit:
2162 994 2293 1049 quo,
2341 987 2555 1035 cunctis
2600 985 2784 1049 pravis
2810 979 3248 1051 importunisque
3278 981 3514 1036 honuni-

1932 1072 2036 1126 bus
2081 1071 2399 1142 peremptis,
2439 1072 2874 1142 puriﬁcationem
2925 1073 3164 1126 mundus
3213 1073 3510 1143 acciperet;

1931 1171 1985 1218 et
2021 1163 2067 1217 is
2117 1162 2211 1232 qui
2259 1163 2324 1216 ad
2361 1163 2656 1218 secundam
2688 1163 2912 1217 humani
2944 1164 3159 1234 generis
3185 1165 3355 1221 vitam
3397 1164 3515 1218 fue-

1930 1262 2016 1308 rat
2044 1263 2374 1321 reservatus,
2422 1270 2591 1325 purus
2636 1255 2983 1326 mundusque
3027 1254 3353 1311 efﬁceretur.
3379 1255 3509 1320 Sed,

1931 1347 2017 1401 his
2048 1346 2306 1401 onmihus
2334 1347 2525 1418 gestis,
2561 1361 2756 1403 rursus
2785 1346 3038 1402 homines
3079 1347 3145 1402 ad
3177 1346 3510 1417 impietatem

1930 1446 2235 1494 vertuntur.
2295 1437 2424 1508 Leg.
2485 1438 2779 1507 Recognit.,
2831 1437 2928 1493 lib.
2978 1454 3051 1504 tv,
3106 1452 3229 1507 cap.
3270 1436 3360 1503 12,
3419 1437 3516 1500 l5;

1933 1530 2284 1590 Ciementina.
2319 1532 2467 1586 hom.
2504 1531 2558 1587 8.
2590 1546 2740 1585 num.
2771 1529 2857 1584 i7.

1203 1683 1372 1751 Ibid.,
1407 1700 1528 1756 pag.
1562 1685 1650 1748 62,
1674 1685 1739 1740 de
1759 1685 2050 1742 Mesraimo
2079 1703 2176 1743 seu
2203 1685 2516 1742 Zoroastre.

313 1835 515 1889 Τοῦτον
531 1837 748 1908 ᾐνίξατο
780 1837 1004 1911 Πέτρος,
1039 1839 1228 1902 εἰπὼν,
1258 1841 1342 1895 ὅτι
1377 1841 1516 1912 μετὰ
1537 1842 1627 1895 τὸν
1663 1860 1824 1896 κατα-

241 1926 507 2000 κλυσμὸν,
533 1929 696 1984 πάλιν
723 1932 773 1983 οἱ
805 1931 1082 2003 ἄνθρωποι
1112 1931 1327 1986 ἀσεϐεῖν
1356 1933 1610 2006 ἤρξαντο.

2002 1843 2158 1898 Hunc
2199 1844 2379 1898 innuit
2407 1842 2626 1908 Petrus,
2660 1858 2784 1898 cum
2825 1842 2980 1906 dicit,
3013 1842 3158 1913 quod
3200 1850 3324 1912 post
3365 1843 3511 1897 dilu-

1927 1935 2098 1998 vium,
2135 1952 2328 1990 rursus
2377 1935 2631 1992 homines
2678 1933 2843 2006 impie
2879 1950 3042 2007 agere
3071 1945 3380 2006 coeperunt.
3410 1935 3510 1990 Re-

1927 2043 2077 2096 cogn.
2111 2027 2205 2082 lib.
2237 2042 2313 2092 tv,
2344 2040 2469 2095 cap.
2495 2027 2582 2081 15.

1641 2177 1809 2244 Ibid.,
1840 2195 1967 2251 pag.
1996 2179 2087 2237 64.

313 2325 476 2394 Λέγει
517 2325 574 2377 δὲ
617 2327 744 2398 περὶ
793 2327 983 2381 τούτου
1029 2326 1235 2400 Πέτρος
1262 2330 1289 2381 ὁ
1320 2327 1616 2392 ἀπόστολος
1649 2330 1729 2393 εἰς
1755 2328 1824 2383 τὰ

1996 2329 2139 2386 Dicit
2179 2338 2360 2386 autem
2390 2329 2459 2386 de
2498 2329 2601 2386 hoc
2626 2329 2980 2403 (Nemhrodo)
3003 2329 3197 2386 Petrus
3227 2332 3511 2402 apostolus

238 2416 613 2485 Κλημὲντια,
657 2418 774 2482 πῶς
818 2415 983 2490 ἦρξεν
1039 2422 1119 2483 εἰς
1152 2418 1446 2473 Βαϐυλῶνα
1480 2422 1538 2473 ὲν
1566 2421 1825 2492 Αἰγύπτῳ

237 2508 564 2580 κληρωθείς.
595 2512 732 2582 Φησὶ
762 2510 870 2583 γὰρ
917 2511 1143 2584 Πέτροςο
1190 2505 1357 2576 Οὗτος
1384 2516 1412 2566 ὁ
1443 2512 1668 2586 Νεϐρὼδ
1700 2532 1828 2586 μετ-

235 2603 468 2674 οικήσας
523 2603 633 2655 ἀπὸ
657 2605 937 2669 Αἰγύπτου
964 2607 1043 2667 εἰς
1072 2605 1389 2676 Ἀσσυρίους
1418 2607 1498 2669 εἰς
1529 2606 1690 2658 Νίνον
1725 2607 1826 2660 πόα

236 2695 347 2760 λιν,
379 2696 445 2768 ἢν
490 2695 700 2750 ἔκτισεν
733 2696 985 2770 Ἀσσοὺρ,
1021 2699 1115 2750 καὶ
1145 2698 1336 2761 κτίσας
1372 2699 1469 2770 τὴν
1500 2698 1674 2762 πόλιν,
1705 2700 1828 2769 ἥτις

237 2784 310 2860 ἦν
341 2787 680 2852 Βαϐυλῶνος,
718 2787 854 2860 πρὸς
885 2789 946 2842 τὸ
977 2789 1147 2860 ὄνομα.
1175 2791 1273 2861 τῆς
1302 2789 1509 2853 πόλεως
1541 2791 1818 2846 ἐκάλεσεν.

237 2880 414 2936 Αὑτὸν
442 2882 602 2934 Νίνον
633 2881 722 2935 τὸν
746 2880 971 2953 Νεϐρὼδ
990 2884 1037 2934 oi
1056 2883 1325 2954 Ἀσσύριοι
1351 2882 1816 2954 προσηῩόρευσαν.

230 2963 410 3036 Οὗτος
440 2973 678 3027 διδάσκει
697 2974 1015 3043 Ἀσσυρίους
1046 2973 1224 3027 σέϐειν
1238 2973 1299 3026 τὸ
1332 2974 1464 3046 πῦρ.
1504 2975 1695 3028 Ἔνθεν
1727 2977 1822 3029 καὶ

238 3065 457 3137 πρῶτον
477 3066 637 3118 αὐτὸν
662 3064 883 3136 βασιλέα
915 3064 1051 3137 μετά
1079 3066 1170 3119 τὸν
1225 3066 1609 3137 κατακλυσμὸν
1635 3065 1824 3137 ἐποίη-

240 3174 343 3210 σαν
360 3159 410 3210 οἱ
429 3157 700 3229 Ἀσσύριοι
721 3157 930 3222 τοῦτον,
951 3159 1009 3211 ὃν
1033 3157 1422 3229 μετωνόμασαν
1434 3159 1612 3212 Νίνον.
1637 3157 1822 3211 Ταῦτα

240 3249 449 3320 Πέτρος
476 3250 604 3321 περὶ
633 3249 844 3302 τούτου.

1929 2422 1985 2476 in
2018 2422 2380 2488 Clementinis,
2413 2423 2688 2493 quomodo
2713 2423 2991 2495 Babylone
3030 2423 3333 2494 imperarit,
3383 2439 3508 2477 cum

1929 2511 2227 2584 rEgyptum
2293 2514 2523 2568 sortitus
2574 2520 2739 2569 esset.
2792 2512 2884 2566 Ait
2935 2511 3081 2567 enim
3114 2511 3313 2567 Petrus
3355 2527 3367 2562 :
3412 2510 3511 2565 ilic

1926 2601 2272 2657 Nemhrodus
2314 2619 2382 2658 ex
2404 2601 2643 2675 Egypto
2689 2603 2756 2657 ad
2787 2603 3044 2675 Assyrios
3075 2602 3424 2674 demigravit,
3455 2609 3512 2656 et

1926 2694 2156 2750 Niniven
2186 2695 2455 2750 habitavit
2479 2711 2644 2766 quam
2675 2695 2851 2750 Assur
2880 2693 3154 2762 condidit;
3190 2702 3352 2765 atque
3380 2692 3512 2747 tedi-

1930 2788 2088 2842 ﬁcata
2128 2787 2263 2842 urbe
2295 2803 2416 2858 qua:
2451 2795 2568 2842 erat
2603 2786 2868 2858 Babylon,
2905 2787 2973 2843 de
3009 2787 3234 2842 nomine
3270 2786 3512 2841 civitatis

1929 2879 2239 2950 appellavit.
2281 2878 2652 2936 Nemhrodum
2682 2878 2894 2950 Assyrii
2923 2877 3123 2932 Ninum
3154 2884 3508 2933 vocaverunt.

1928 2969 2030 3025 llic
2056 2970 2312 3042 Assyrios
2343 2971 2533 3026 docuit
2578 2972 2758 3042 ignem
2792 2971 2993 3026 colere.
3027 2968 3183 3025 Unde
3217 2975 3343 3040 post
3369 2969 3511 3042 dilu-

1928 3063 2076 3116 vium
2106 3061 2254 3116 hunc
2284 3062 2461 3132 ipsum
2486 3063 2723 3133 primum
2749 3061 2962 3132 Assyrii
2995 3067 3258 3115 crearunt
3297 3073 3508 3130 regem,

1926 3168 2088 3224 quem
2110 3152 2312 3206 Ninum
2341 3153 2880 3208 transnominarunt.
2916 3151 3025 3206 Ista
3054 3149 3250 3206 Petrus
3287 3149 3355 3204 de
3394 3148 3506 3202 illo.

1927 3242 2071 3314 Lege
2113 3242 2413 3313 Recognit.,
2466 3244 2564 3300 lib.
2609 3259 2648 3307 ι,
2701 3258 2823 3312 cap.
2849 3241 2955 3307 30;
3008 3241 3105 3296 lib.
3134 3257 3211 3309 ιν,
3264 3253 3381 3309 cap.
3415 3237 3515 3298 29;

1927 3334 2278 3401 Clementiae,
2302 3336 2489 3391 homil.
2513 3335 2569 3402 9,
2604 3349 2757 3390 num.
2781 3334 2837 3398 4,
2865 3339 2973 3387 etc.

1818 3495 1933 3552 XII.

1183 3651 1527 3720 Amasenus,
1564 3651 1642 3707 De
1676 3650 1922 3706 laudibus
1957 3649 2302 3721 virginitatis,
2329 3663 2452 3720 cap.
2489 3648 2575 3703 12.

314 3809 570 3865 Clemens
603 3809 717 3881 (11)
764 3809 1007 3865 ccelestis
1064 3808 1402 3864 clavicularii
1433 3824 1646 3878 primus
1701 3823 1831 3863 suc-
1858 3819 1898 3876 ί]
1933 3809 2157 3864 credere
2181 3806 2264 3862 fas
2286 3815 2371 3862 est
2417 3821 2543 3862 eum
2568 3815 2692 3878 post
2730 3813 2954 3878 accepta
3003 3804 3130 3862 ﬁdei
3173 3806 3508 3864 rudimenta.

239 3918 456 3967 cessor,
478 3911 533 3957 et
562 3903 839 3958 secundus
872 3902 1131 3957 Romanae
1174 3901 1433 3956 Ecclesiae
1453 3901 1824 3972 dispensator,

241 3997 580 4068 (quanquam
616 3997 865 4051 nonnulli
895 3995 1093 4050 Linum
1128 4005 1182 4050 et
1229 3996 1444 4050 Clctum
1485 3995 1542 4049 in
1606 3996 1827 4066 pontiﬁ-

240 4096 403 4144 catus
429 4089 718 4159 regimine,
750 4089 1123 4159 nequidquam
1139 4088 1259 4142 sine
1287 4102 1477 4152 causa,
1512 4086 1824 4158 praeferant)

242 4182 394 4252 quod
426 4183 708 4236 caelibatus
735 4182 1138 4245 castimoniam,
1172 4181 1334 4236 etiam
1359 4188 1655 4247 antequam
1686 4181 1827 4235 salu-

239 4273 409 4330 tifero
438 4275 655 4328 lavacro
689 4275 944 4344 baptismi
975 4288 1212 4337 mersus,
1239 4272 1306 4326 ab
1328 4272 1579 4343 originali
1614 4273 1825 4342 piaculo

242 4373 599 4439 purgaretur,
631 4366 951 4420 medullitus
975 4365 1250 4430 dilexerit,
1293 4366 1410 4434 ipse
1446 4365 1683 4434 propriis
1735 4365 1824 4418 lit-

242 4469 487 4514 terarum
518 4458 766 4530 apicibus
803 4459 1086 4528 propalam
1115 4465 1374 4523 testatur,
1424 4457 1651 4513 dicens:
1713 4455 1823 4527 Ego

242 4553 486 4607 Clemens
519 4553 574 4606 in
609 4551 736 4606 urbe
764 4549 934 4604 Roma
977 4559 1159 4613 natus,
1195 4567 1228 4602 a
1257 4550 1433 4614 prima
1464 4559 1622 4604 celate
1669 4549 1826 4618 pudi-

242 4647 388 4701 citiae
419 4645 656 4700 studium
685 4646 840 4715 gessi.
870 4644 1013 4715 Ergo
1046 4645 1092 4698 si
1122 4643 1268 4714 quod
1304 4643 1821 4713 praestantissimum

241 4753 371 4792 esse
402 4745 619 4792 constat
653 4737 706 4790 in
731 4738 944 4792 cunctis
969 4736 1236 4791 virtutum
1266 4735 1551 4805 gradibus,
1598 4743 1652 4789 et
1679 4749 1828 4789 mor-

243 4830 438 4884 talium
464 4838 677 4884 naturtc
702 4829 1077 4883 diﬁlcillimum
1100 4869 1114 4892 ,
1145 4828 1388 4882 nondum
1445 4835 1825 4898 regeneratus,

243 4921 354 4977 sibi
386 4937 664 4992 usurpans
692 4929 980 4991 tantopere
1037 4929 1316 4975 laxaverat
1344 4960 1358 4986 ,
1391 4927 1599 4990 quanto
1652 4919 1830 4990 magis

1934 3907 2119 3970 spreto
2148 3900 2432 3969 gentilium
2458 3900 2590 3964 ritu,
2617 3900 2747 3953 dum
2780 3915 2878 3970 per
2927 3899 3241 3970 provincias
3286 3898 3510 3955 Petrum

1931 3999 2279 4062 sequeretur,
2313 3992 2486 4046 divini
2513 3992 2667 4047 verbi
2692 3991 2906 4046 semina
2937 3998 3238 4056 serentem,
3297 3999 3354 4046 et
3386 4007 3515 4062 pro-

1929 4086 2156 4156 pagines
2186 4084 2512 4154 evangelicae
2552 4083 2682 4139 vitis
2711 4077 3054 4138 credentium
3092 4082 3383 4139 scrobibus
3417 4099 3515 4154 pa-

1930 4179 2248 4242 stinantem,
2283 4184 2447 4246 atque
2478 4174 2768 4229 Simonicae
2797 4175 3080 4230 lethil‘eras
3122 4177 3515 4229 necromantiae

1929 4271 2212 4327 labruscas
2250 4269 2518 4323 radicitus
2549 4268 2976 4338 exstirpantem;
3009 4267 3226 4337 plenius
3250 4282 3314 4321 ac
3337 4267 3514 4338 perfe-

1929 4365 2072 4417 ctius
2110 4361 2447 4417 servavisse:
2485 4360 2580 4430 qui
2624 4359 2885 4428 deinceps
2935 4358 3284 4414 ltinerarinm
3340 4359 3510 4427 Petri,

1927 4455 2115 4509 decem
2145 4453 2516 4508 voluminibus
2547 4452 2845 4522 digestum,
2870 4452 2994 4506 luce
3017 4452 3223 4508 clarius
3245 4451 3511 4516 elimavit,

1927 4548 2128 4602 Ruﬁno
2161 4547 2214 4600 in
2241 4546 2497 4599 Latinum
2554 4560 2623 4598 ex
2655 4544 2969 4599 Graecorum
2999 4543 3352 4600 bibliothecis
3393 4560 3515 4599 ver-

1927 4651 2092 4697 tente.
2109 4639 2240 4710 Lege
2263 4638 2529 4709 Recogn.,
2553 4637 2643 4693 lib.
2667 4653 2705 4702 ι,
2725 4653 2842 4706 cap.
2865 4637 2915 4692 1.
2945 4637 3255 4694 Adeundum
3279 4637 3514 4706 ejusdem

1933 4751 2145 4789 carmen
2176 4733 2252 4788 De
2281 4733 2441 4787 laude
2472 4732 2766 4802 virginum,
2797 4747 2856 4785 eo
2888 4731 3001 4784 loco
3046 4731 3103 4784 in
3153 4747 3255 4800 quo
3287 4730 3351 4784 de
3393 4729 3514 4785 Cle-

1936 4837 2105 4883 mente
2130 4828 2257 4898 agit.

1816 5028 1953 5084 XIII.

352 5146 528 5215 Bsm,
554 5150 609 5203 in
634 5149 1020 5211 Hexaemeron,
1049 5147 1184 5214 sive,
1205 5154 1266 5200 ut
1292 5146 1383 5200 alii
1402 5144 1540 5200 falso
1563 5143 1896 5206 inscribunt,
1927 5140 2195 5204 Jumuus,
2227 5140 2281 5194 in
2312 5139 2492 5210 priora
2521 5136 2836 5192 Geneseos:
2866 5132 2933 5188 ad
2962 5129 3097 5187 Gen.
3124 5147 3164 5199 ι,
3189 5129 3243 5193 6,
3271 5131 3320 5194 7,
3341 5130 3392 5187 8.

319 5267 397 5322 De
429 5273 513 5322 his
538 5283 671 5322 sane
690 5257 810 5336 quae
836 5267 1104 5318 hactenus
1125 5263 1374 5332 exposita
1396 5269 1545 5327 sunt,
1578 5261 1630 5316 id
1662 5261 1823 5315 etiam
1857 5262 1904 5321 D
1931 5257 2004 5311 cti
2026 5257 2324 5311 Clementis
2347 5261 2420 5306 Ita
2447 5259 2683 5308 refertur
2706 5249 2818 5320 (12)
2851 5247 3057 5304 dixisse
3082 5246 3386 5316 apostolum
3408 5242 3508 5298 Pe-

245 5361 316 5416 de
355 5361 636 5415 creatione
666 5358 774 5414 diei
800 5356 962 5428 primi
988 5362 1042 5410 et
1069 5355 1298 5410 secundi
1329 5356 1385 5411 in
1409 5355 1651 5411 Historia
1694 5369 1824 5410 san-

342 5497 395 5570 6)
430 5498 690 5570 Κληέίῐῳ.
727 5495 890 5570 Forte
929 5495 1226 5566 Κλήμεντι.

344 5567 396 5638 7)
428 5567 554 5620 Ἔν.
588 5567 716 5636 Leg.
746 5567 823 5638 ἐνί
853 5583 980 5619 τινι.

343 5635 398 5706 8)
445 5641 542 5692 Ἑν
571 5635 1044 5707 αὐτῇξτκροηε
1079 5636 1190 5689 καί.

341 5709 396 5776 9)
431 5707 728 5775 Καθαρώς.
760 5706 921 5777 Forte
953 5706 1208 5777 καθαρός.

349 5770 501 5851 10)οὶ
523 5770 1007 5846 ἀνῖθρώποιῙοηε
1030 5770 1470 5848 ρι’ὲιεωὶιιθιιᾶυηι
1498 5770 1678 5831 πάλιν.

1932 5357 2108 5403 trum:
2144 5347 2209 5400 1η
2240 5345 2515 5417 principio,
2544 5360 2660 5398 cum
2687 5343 2916 5412 fecisset,
2962 5349 3094 5406 etc.,
3136 5339 3356 5408 inferior
3389 5355 3508 5392 vero

2006 5490 2118 5560 (Η)
2150 5488 2263 5560 Hoc
2278 5483 2547 5560 Aldhelmi
2575 5477 3124 5560 testiinonium-good
3148 5475 3509 5560 mendisgs‘ca-

1934 5544 2297 5618 tet‘in'editis,
2331 5556 2568 5610 Grabius
2599 5555 2654 5608 in
2686 5551 2871 5621 Spicil.
2896 5544 3012 5607 PP;
3039 5558 3170 5621 tom_.
3198 5546 3334 5621 l,__»p.
3371 5544 3503 5605 280.

1932 5632 2147 5701 egregie
2181 5617 2415 5701 restituit
2459 5642 2527 5680 ex
2560 5640 2661 5678 ms.
2696 5617 2819 5678 cod.
2852 5621 3103 5679 biblioth.
3138 5617 3292 5675 Bodl.
3336 5630 3504 5687 quem

1931 5699 2355 5772 proinde_secuti
2386 5710 2597 5772 sumus.

2006 5771 2114 5842 (i2)
2147 5768 2404 5825 Refertur.
2429 5766 2514 5824 Al.
2556 5765 2809 5837 referunt.
