3890 6192
402 300 536 357 ιιιιτ

1212 297 1268 352 8.
1303 291 1696 350 CLEHENTIS
1729 291 1749 346 Ι
1785 291 1950 348 ROM.
1991 290 2193 347 PONT.
2229 287 2454 346 OPERA
2493 287 2715 343 DUBIA.

3505 283 3656 336 H63

399 415 647 485 pra-bere!
679 415 993 470 hominibus.
1036 413 1160 470 Hice
1189 423 1380 470 nostro
1409 414 1557 485 operi
1588 413 1777 484 paucis
1821 413 1961 467 inse-
1997 415 2044 476 Α
2072 410 2182 477 det,
2211 410 2382 464 lector
2405 415 2682 480 agnoscat.
2719 405 3143 476 Recognitionum
3187 402 3276 456 lib.
3311 417 3364 468 I,
3414 418 3536 471 cap.
3565 401 3670 457 27.

401 526 523 566 rere
559 511 737 572 libuit,
770 519 829 564 ut
854 517 1118 579 quantum
1156 509 1257 563 hoc
1281 508 1500 562 Patrum
1532 512 1715 563 sensui
1746 521 1976 561 concor-

1585 683 1729 738 ldem
1761 695 1926 747 DEDA,
1960 682 2014 736 in
2048 681 2299 734 Actorum
2328 697 2382 744 v,
2417 681 2504 738 34.

473 845 576 900 llic
603 844 889 907 Gamaliel,
916 851 976 897 ut
1003 843 1256 898 Clemens
1303 841 1511 896 indicat
1534 879 1550 904 ,
1601 841 1973 911 apostolorum

403 949 521 996 erat
557 939 612 993 in
641 939 744 994 ﬁde
771 938 978 1003 socius,
1010 937 1106 992 sed
1134 951 1322 991 eorum
1353 935 1591 989 consilio
1644 950 1974 1004 permanens

2081 839 2222 910 apud
2270 837 2508 903 Iudaeos,
2573 846 2633 892 ut
2693 853 2882 892 eorum
2940 837 2993 892 in
3035 837 3130 890 tali
3173 837 3389 890 turbine
3465 841 3677 905 posset

2081 935 2276 991 sedare
2320 935 2578 989 furorem.

1243 1073 1372 1127 locu
1407 1074 1459 1127 in
1491 1071 1880 1128 Retractatione
1915 1075 1969 1128 in
2002 1073 2160 1140 Actu,
2197 1074 2263 1129 ad
2293 1073 2540 1129 eumdem
2579 1073 2776 1127 locum.

470 1234 548 1289 De
571 1233 673 1287 hoc
707 1230 1006 1287 Gamaliele
1029 1241 1082 1287 et
1109 1234 1163 1287 in
1184 1233 1323 1287 libro
1346 1232 1522 1286 sancti
1552 1231 1849 1286 Clementis
1894 1231 1971 1285 le-

402 1330 602 1399 gimus,
636 1327 764 1396 quia
794 1326 1097 1395 discipulus
1121 1327 1494 1395 apostolorum
1525 1326 1737 1379 occulte
1763 1325 1929 1381 fuerit
1955 1345 1972 1393 ;

401 1422 497 1475 sed
521 1435 710 1474 eorum
759 1420 987 1474 consilio
1024 1421 1166 1473 inter
1213 1418 1449 1483 Iudaeos,
1491 1419 1558 1471 ad
1608 1421 1971 1490 mitigandum

400 1527 588 1564 eorum
608 1511 868 1576 furorem,
896 1512 988 1565 ubi
1014 1513 1313 1566 necessitas
1336 1511 1622 1580 ingruerit,
1655 1512 1725 1566 sit
1749 1529 1974 1570 manere

403 1611 728 1673 praeceptus.
770 1603 874 1658 Sed
907 1604 1009 1658 hoc
1039 1605 1113 1658 ita
1141 1620 1261 1660 esse
1289 1605 1558 1658 veraciter
1579 1613 1815 1675 gestum,
1849 1623 1974 1661 cer-

2083 1240 2354 1303 posntione
2387 1231 2528 1284 facta
2561 1236 2665 1284 est.
2728 1225 2995 1298 Apparuit
3041 1241 3279 1296 namque
3335 1228 3390 1281 in
3443 1229 3676 1284 visione

2083 1335 2271 1380 sancto
2302 1324 2392 1379 Dei
2413 1324 2617 1377 famulo
2646 1332 2699 1377 et
2730 1323 3049 1393 presbytero
3071 1321 3312 1375 Luciano
3336 1361 3350 1385 ,
3410 1330 3468 1375 ut
3511 1322 3671 1377 idem

2082 1417 2356 1474 Lucianus
2383 1418 2666 1488 presbyter
2722 1416 3066 1486 postmodum
3099 1416 3352 1470 omnibus
3391 1415 3673 1471 Ecelesiis

2083 1513 2333 1582 scripsit;
2367 1520 2418 1566 et
2441 1512 2533 1565 ubi
2564 1517 2786 1566 sanctus
2819 1509 3130 1580 Stephanus
3160 1519 3301 1564 esset
3326 1511 3669 1575 tumulatus,

2083 1605 2244 1660 simul
2277 1613 2331 1659 et
2357 1603 2706 1666 Nicodemus,
2739 1603 2830 1672 qui
2866 1601 3149 1655 Dominum
3185 1618 3304 1657 cum
3333 1601 3544 1672 Ioseph
3578 1619 3674 1656 se-

400 1672 806 1751 tissimehodie
838 1713 932 1765 per
962 1698 1346 1752 revelationem
1382 1672 1737 1767 reliquiarum
1774 1699 1977 1754 beatis-
2009 1672 2051 1726 Β
2079 1698 2286 1769 pelivit,
2319 1712 2528 1750 necnon
2558 1704 2611 1750 et
2645 1697 2759 1765 ipse
2781 1695 3043 1749 Gamaliel
3071 1711 3196 1749 cum
3227 1695 3337 1749 lilio
3380 1710 3484 1750 suo
3528 1695 3671 1746 Abi-

401 1787 523 1840 simi
551 1792 966 1860 protomartyris
990 1789 1248 1861 Stephani
1273 1793 1486 1846 cunctis
1510 1793 1616 1847 late
1639 1791 1842 1847 Christi
1874 1792 1976 1846 Ec-

399 1877 583 1935 clesiis
613 1881 872 1946 innotuit,
903 1898 1024 1953 quae
1043 1899 1138 1954 per
1161 1885 1410 1940 eumdem
1442 1887 1618 1941 virum
1649 1887 1832 1942 divina
1859 1889 1969 1945 dis-

2083 1792 2210 1854 ban,
2259 1790 2584 1845 suavissima
2633 1789 2950 1844 ostensione
3005 1787 3310 1859 perdocuit.
3381 1786 3670 1857 Recognit.

2082 1885 2176 1942 lib.
2210 1901 2248 1951 ι,
2278 1901 2394 1953 cap.
2425 1883 2516 1948 56,
2557 1892 2664 1939 etc.

1422 2065 1551 2120 ipsis
1577 2067 1671 2123 lib.
1705 2065 1780 2120 De
1813 2067 2018 2121 ratione
2051 2076 2362 2134 temporum,
2397 2082 2518 2138 cap.
2544 2067 2598 2121 5.

473 2219 716 2290 Denique
740 2228 962 2275 sanctus
995 2220 1246 2276 Clemens
1293 2223 1666 2292 apostolorum
1725 2224 1974 2293 eiseipu-

404 2312 510 2378 lus,
542 2322 595 2368 et
619 2311 876 2369 Romanae
908 2313 1164 2370 Ecclesiae
1195 2317 1389 2373 tertius
1441 2325 1564 2388 post
1591 2315 1814 2371 Petrum
1856 2319 1972 2387 epi-

1941 2451 2077 2508 XIV.

2084 2237 2307 2292 sc0pus,
2341 2237 2394 2276 in
2424 2231 2577 2277 sexto
2609 2221 2973 2277 Historiarum
3000 2237 3223 2276 suarum
3255 2220 3396 2275 libro
3420 2220 3496 2273 ita
3525 2219 3675 2274 seri-

2082 2317 2161 2371 bit
2187 2333 2199 2368 :
2238 2316 2301 2371 In
2322 2318 2579 2386 principio
2603 2316 2728 2385 fecit
2759 2315 2922 2381 Deus,
2957 2322 3065 2371 etc.
3097 2313 3344 2386 Recogn.,
3377 2313 3475 2368 lib.
3507 2329 3592 2369 γι.

1395 2606 1736 2665 Nicernonus
1766 2606 1899 2674 CP.,
1932 2610 1988 2665 in
2023 2609 2129 2665 ﬁne
2160 2610 2642 2685 Chronographiaz.

643 2763 722 2820 Ea:
751 2766 984 2819 versione
1007 2764 1280 2820 Anastasii
1320 2765 1734 2826 Bibliothecarii.

478 2855 541 2911 Et
578 2872 697 2927 quae
720 2855 854 2912 Novi
879 2857 1258 2931 (Testamenti)
1284 2867 1412 2916 sunt
1442 2863 1779 2934 apocrypha:
1809 2861 1974 2921 ltine-
2003 2855 2047 2914 C

2150 2862 2258 2916 Kal
2287 2864 2388 2916 ὅσα
2417 2863 2515 2933 τῆς
2541 2862 2682 2926 Νέας
2716 2863 2852 2917 εἰσὶν
2891 2862 3216 2937 ἁπόκρυφα.
3248 2864 3511 2936 Περίοδος
3551 2867 3670 2940 (15)

406 2949 610 3004 rarium
641 2946 810 3012 Petri,
841 2965 1034 3006 versus
1061 2966 1256 3017 nuncc,
1283 2960 1390 3008 etc.

1944 3133 2060 3192 XV.

2085 2953 2314 3024 Πέτρου,
2351 2955 2522 3026 στίχοι
2570 2954 2670 3025 ,βψ
2702 2954 2834 3027 (14).

761 3286 1073 3346 Αεοωιιυυε
1093 3289 1236 3344 libro
1259 3288 1335 3343 De
1362 3287 1608 3344 Judaicis
1635 3291 2115 3360 superstitionibus,
2149 3309 2268 3363 cap.
2308 3293 2374 3348 16
2395 3293 2527 3351 edit.
2565 3294 2774 3361 Baluz.,
2807 3303 2942 3352 tom.
2979 3295 3022 3363 Ι,
3052 3312 3175 3369 pag.
3204 3297 3296 3354 85.

477 3443 582 3498 Sed
618 3451 672 3500 et
706 3442 761 3498 in
811 3442 970 3498 libris
1023 3443 1354 3508 Clementis,
1405 3443 1666 3500 Ecclesiae
1718 3443 1974 3501 Romana:

405 3537 714 3605 pontificis,
745 3536 1100 3590 inveniuntur
1131 3537 1311 3607 aliqua
1361 3553 1390 3590 a
1451 3553 1618 3608 supra
1675 3549 1976 3594 memorato

407 3630 658 3700 apostolo
686 3626 892 3698 (Petro)
923 3629 989 3683 de
1040 3629 1205 3698 hujus
1260 3629 1338 3684 rei
1385 3631 1771 3687 observatione
1808 3633 1974 3697 dicta,

406 3737 527 3790 quae
556 3721 609 3774 in
664 3720 750 3775 his
781 3721 1019 3775 inserere
1062 3737 1171 3776 non
1217 3722 1580 3793 incongruum
1638 3724 1976 3780 existimavi-

405 3827 548 3865 mus.
582 3809 737 3876 Nam,
765 3812 887 3865 licet
923 3813 1084 3867 iidem
1129 3813 1252 3868 libri
1296 3815 1606 3884 iudicentur
1648 3818 1976 3888 apocryphi;

407 3902 666 3973 pleraque
712 3911 892 3957 tamen
941 3919 1007 3958 ex
1057 3904 1143 3960 his
1200 3906 1512 3960 testimonia
1555 3907 1910 3962 inveniuntur
1945 3927 1977 3964 a

403 3992 721 4049 doctoribus
750 4006 1031 4065 usurpata.
1063 3994 1364 4051 lntroducit
1393 4014 1522 4068 ergo
1547 3998 1817 4062 Clemens,
1851 4015 1976 4055 cum

405 4085 639 4140 necdum
667 4094 812 4140 esset
839 4087 1094 4156 baptismi
1119 4088 1293 4158 gratia
1323 4089 1666 4158 purificatus,
1699 4100 1751 4145 et
1776 4092 1848 4146 ob
1877 4092 1979 4148 hoc

405 4192 434 4229 ιι
468 4180 653 4231 mensa
691 4175 840 4232 Petri
861 4193 984 4231 eum
1019 4180 1232 4234 caeteris
1271 4179 1542 4236 similibus
1576 4191 1974 4253 sequestratus,

2082 3458 2237 3518 post:
2275 3447 2443 3503 Nemo
2467 3467 2587 3520 ergo
2618 3465 2844 3505 vestrum
2873 3453 3228 3518 contristetur,
3248 3454 3345 3517 ait,
3364 3471 3400 3508 α
3431 3459 3673 3515 cont-icio

2082 3551 2262 3594 nostro
2293 3553 2589 3610 separatus.
2624 3542 2797 3599 Parvo
2826 3547 2964 3598 enim
3005 3554 3230 3613 tempore
3270 3561 3671 3619 sequestralur,

2081 3633 2289 3701 quicito
2320 3635 2539 3688 voluerit
2565 3635 2824 3703 baptizari
2845 3651 2863 3700 ;
2897 3638 3062 3691 multo
3089 3649 3284 3700 autem,
3303 3641 3395 3708 qui
3430 3644 3674 3702 tardius.

2084 3723 2152 3777 Et
2180 3724 2294 3779 ideo
2317 3727 2372 3778 in
2408 3726 2547 3781 vobis
2569 3737 2668 3790 est,
2702 3727 2912 3798 quando
2949 3728 3140 3793 velitis,
3167 3729 3235 3783 ad
3269 3740 3512 3785 nostram
3549 3751 3678 3788 con-

2083 3820 2257 3872 venire
2282 3836 2547 3883 mensam;
2597 3829 2645 3874 et
2678 3838 2780 3874 non
2823 3823 2876 3874 in
2909 3821 3082 3885 nobis,
3115 3823 3301 3893 quibus
3343 3827 3676 3892 permissum

2080 3926 2185 3962 non
2215 3919 2291 3963 est
2314 3927 2516 3964 sumere
2544 3928 2663 3964 cum
2705 3913 2882 3982 aliqua
2914 3912 3108 3978 cibum,
3155 3916 3257 3968 nisi
3301 3918 3450 3984 prius
3499 3919 3677 3986 fuerit

2081 4001 2402 4070 baptizatus.
2447 4002 2571 4057 Haec
2600 4003 2666 4057 de
2690 4005 2910 4074 scriptis
2941 4004 3239 4061 Clementis
3270 4013 3599 4067 necessario
3641 4030 3675 4068 ιι

2080 4094 2240 4148 nobis
2268 4089 2478 4164 prolata
2525 4098 2668 4165 sint;
2698 4099 3008 4156 volentibus
3039 4100 3322 4156 evidenter
3342 4104 3673 4172 ostendere,

2081 4187 2149 4240 ab
2184 4189 2719 4256 apostolistraditam
2745 4191 2910 4261 hujus
2960 4195 3036 4248 rei
3072 4195 3512 4264 antiquissimam
3568 4201 3674 4254 ob-

404 4267 654 4322 eumdem
688 4272 994 4338 apostolum
1022 4271 1330 4342 loquentem
1362 4273 1465 4326 sibi
1491 4273 1577 4329 his
1605 4275 1786 4329 verbis
1813 4292 1824 4326 :
1855 4275 1977 4330 Non
2011 4314 2054 4371 Β
2082 4282 2464 4337 servationem.
2496 4281 2637 4337 Vera
2664 4285 2809 4339 enim
2834 4293 2888 4340 et
2915 4286 3015 4340 ista
3039 4285 3288 4341 ducenda
3317 4297 3448 4343 sunt
3475 4308 3489 4356 ;
3519 4301 3578 4346 et
3605 4309 3676 4347 eo

401 4375 496 4426 pro
535 4362 798 4428 superbia,
829 4380 857 4416 ο
880 4361 1140 4429 Clemens,
1175 4364 1464 4417 convivium
1496 4382 1598 4418 non
1626 4384 1722 4436 ago
1753 4383 1870 4420 cum
1893 4368 1972 4422 his

403 4451 491 4518 qui
515 4454 743 4505 nondum
767 4455 1034 4522 puriﬁcati
1057 4465 1212 4517 sunt;
1239 4455 1328 4508 sed
1347 4472 1544 4521 vereor,
1579 4474 1640 4511 ne
1679 4458 1816 4526 forte
1845 4459 1974 4512 mihi

402 4543 608 4609 quidem
630 4561 863 4611 noceam,
899 4548 1024 4615 ipsis
1076 4558 1249 4600 autent
1280 4548 1412 4600 nihil
1438 4551 1654 4615 prosim.
1713 4549 1777 4604 Et
1807 4552 1973 4621 paulo

2079 4373 2339 4438 maxime,
2379 4390 2486 4444 quo
2518 4375 2587 4430 ab
2617 4377 2935 4445 apostolicis
2951 4378 3180 4433 Actibus
3214 4379 3268 4433 in
3293 4380 3446 4434 nullo
3471 4383 3672 4438 viden-

2079 4471 2168 4518 tur
2195 4463 2526 4537 discrepare.
2560 4465 2683 4538 Leg.
2715 4466 2980 4541 Recogn.,
3012 4471 3104 4524 lib.
3138 4487 3200 4537 ii,
3231 4489 3349 4542 cap.
3381 4473 3472 4538 7i,
3509 4475 3602 4532 72.

1939 4635 2081 4690 XVI.

1244 4702 1579 4770 Fuecuuus,
1615 4717 1747 4762 tom.
1778 4704 1844 4771 ll,
1877 4707 1971 4762 lib.
2009 4723 2072 4774 Ii,
2109 4723 2230 4779 cap.
2258 4709 2326 4765 10
2371 4709 2773 4766 Chronicorum.

474 4854 620 4911 Idem
668 4873 903 4928 namque
938 4861 1288 4916 beatissimus
1336 4862 1590 4918 Clemens
1638 4863 1753 4915 suis
1807 4862 1975 4917 refert

403 4949 624 5018 scriptis
648 4989 664 5013 ,
701 4953 937 5020 qualiter
972 4955 1040 5007 ad
1095 4955 1251 5008 ﬁdem
1297 4957 1608 5024 perveniret
1657 4955 1886 5019 Christi,
1920 4963 1974 5010 et

403 5039 704 5111 discipulus
721 5041 866 5097 Petri
895 5060 958 5100 ac
982 5045 1294 5101 individuus
1324 5062 1510 5103 comes
1533 5049 1701 5103 haeret
1721 5049 1857 5120 (l5).
1883 5049 1975 5101 Ait

2082 4865 2225 4918 enim
2258 4865 2400 4919 inter
2429 4875 2659 4922 caetera:
2693 4866 2834 4920 Dum
2861 4877 2994 4922 esset
3038 4869 3168 4922 mihi
3215 4885 3386 4924 comes
3439 4875 3663 4941 optima,

2079 4957 2503 5011 immortalitatis
2534 4957 2744 5026 cupido,
2771 4969 2876 5013 etc.
2906 4957 3195 5030 Rccognit.,
3229 4961 3321 5016 lib.
3357 4978 3397 5026 ι,
3433 4981 3585 5035 capp.
3607 4967 3662 5030 2,

2079 5048 2133 5111 6,
2173 5049 2222 5112 7,
2257 5049 2345 5113 12,
2379 5057 2486 5103 ctc.

1936 5160 2101 5218 XVII.

1438 5277 1688 5338 Puorws.
1726 5275 2062 5330 Bibliotheca:
2095 5278 2255 5332 codd.
2283 5293 2419 5345 cxu,
2449 5296 2603 5335 exui.

474 5406 634 5463 Lecta
655 5417 780 5464 sunt
801 5409 1096 5466 Clementis
1114 5409 1344 5466 Romani
1375 5423 1485 5467 duo
1501 5413 1775 5466 votumina
1798 5411 1970 5468 libro-

405 5516 526 5555 rum
555 5523 565 5558 :
603 5518 832 5570 quorum
867 5504 1034 5567 aliud,
1068 5512 1196 5568 etc.,
1233 5505 1464 5561 alterum
1489 5522 1637 5562 vero.
1666 5506 1970 5563 dedicatio-

479 5636 591 5773 ἓὶὄζ
623 5637 919 5706 Περίοδος.
964 5638 1046 5691 ΑΙ.
1074 5640 1331 5709 περίοδοι.

506 5703 569 5755 ll
619 5706 778 5772 ,Βιςιη
808 5709 888 5761 ΑΙ.
923 5709 1084 5773 Marx.

506 5703 590 5773 ιι)
619 5703 778 5772 βψω.
808 5709 888 5761 Al.
923 5709 1084 5779 ,βψηκ

2163 5411 2498 5486 Ἀνεγνώσθη
2529 5418 2841 5489 Κλήμεντος
2869 5418 2963 5472 τοῦ
2998 5418 3212 5490 Ῥώμης
3243 5419 3409 5492 τεύχη
3446 5421 3663 5492 ﬁta.le

2081 5507 2173 5562 δύο
2199 5526 2212 5538 ·
2251 5502 2323 5562 ὧν
2350 5511 2409 5563 τὸ
2443 5511 2562 5580 μὲν,
2596 5521 2724 5576 etc.,
2758 5513 2818 5564 τὺ
2846 5513 2902 5565 δὲ
2935 5514 3032 5585 τὴν
3060 5513 3474 5586 προσφώνησιν,
3511 5518 3584 5579 ὡς
3608 5518 3660 5566 ἰν

2153 5643 2264 5709 (ιω
2301 5643 2498 5700 liceret.
2535 5643 2699 5701 Forte
2730 5647 2968 5704 hat-uret.
