3890 6192
237 302 378 357 H69

1311 300 1967 359 RECOCN.TIONES.—
2004 300 2370 360 PROfIMlA.

3375 311 3514 370 H70

229 416 526 489 ἐπιστολῆς
598 417 762 484 εἴδει,
823 418 961 492 πρὸς
1035 417 1290 473 Ἰάκωϐον
1347 419 1438 472 τὸν
1504 417 1803 488 ἀδελφόθεοε

1934 434 2058 474 nem
2081 425 2134 475 et
2160 419 2570 486 allocutionem,
2595 421 2742 477 velut
2765 423 2821 477 in
2845 422 3020 479 forma
3044 423 3324 496 Epistoae,
3348 426 3515 485 habet

229 515 485 565 ποιεῖται.
504 512 592 564 Ἐν
613 505 656 580 ᾧ
689 514 752 566 αἴ
773 531 831 566 τε
858 513 1147 585 λεγόμεναι
1168 512 1262 566 τοῦ
1291 512 1588 566 ἀποστόλου
1611 513 1821 584 Πέτρου

232 602 488 674 Πράξεις,
524 606 618 657 καὶ
646 606 702 660 αἱ
735 607 874 678 πρὸς
903 607 1121 677 Σίμωνα
1154 606 1246 659 τὸν
1295 605 1486 674 Μάγον
1535 605 1820 672 διαλέξεις,

228 699 324 750 καὶ
352 697 431 751 ἔτι
465 700 493 751 ό
525 700 967 771 Ἀναγνωρισμὺς
987 701 1323 771 Κλήμεντος,
1347 699 1440 754 καὶ
1470 697 1565 752 τοῦ
1589 699 1820 771 πατρὸς,

225 793 324 846 καὶ
350 793 459 846 τῶν
482 794 657 848 ἄλλων
688 793 958 863 ἀδελφῶν.
989 793 1079 846 Διὸ
1104 795 1197 847 καὶ
1231 793 1288 846 ἔν
1317 812 1426 848 τισι
1457 793 1570 846 τῶν
1599 794 1822 864 βιϐλίων

222 891 259 960 ή
293 889 572 962 ἐπιγραφή
598 931 612 953 ,
651 887 998 958 Κλήμεντος
1045 888 1150 941 τοῦ
1192 887 1481 956 Ῥωμαίου
1540 888 1820 958 Ἀναγνω-

218 981 460 1053 ρισμός,
495 983 879 1054 ἐπιγράφεται.
909 984 1006 1035 Ἔν
1027 999 1136 1034 τισι
1164 981 1250 1045 δὲ,
1279 980 1354 1042 ὡς
1380 979 1621 1051 ἔφημεν,
1671 981 1822 1034 Ἐπι-

227 1074 392 1146 στολὴ
423 1077 806 1147 προτάττεται,
840 1075 917 1140 ὡς
950 1077 1087 1148 πρὸς
1118 1077 1210 1130 τὸν
1263 1073 1583 1144 ἀδελφόθεον
1628 1075 1819 1130 Ἰάκω-

224 1168 340 1222 ϐον.
376 1170 485 1223 Καὶ
517 1170 658 1241 αὕτη
681 1171 760 1235 δὲ,
792 1170 890 1241 οὐχ
923 1173 955 1241 ή
984 1170 1143 1241 αὑτὴ,
1175 1169 1295 1222 οὐδὲ
1326 1169 1403 1231 ὡς
1453 1168 1564 1222 ἀπὸ
1593 1169 1689 1222 τοῦ
1723 1169 1820 1222 αὑ-

223 1261 321 1314 τοῦ
352 1261 651 1333 προσώπου
700 1263 1142 1334 προενήνεγμένη
1168 1280 1181 1293 ο
1229 1261 1343 1316 ἀλλ’
1371 1262 1464 1314 ἐπὶ
1507 1262 1607 1332 μέν
1656 1277 1819 1314 τινων

225 1352 470 1422 βιϐλίων,
506 1355 582 1418 ὼς
615 1356 722 1408 ἀπὸ
749 1356 956 1427 Πέτρου
986 1355 1080 1408 τοῦ
1113 1353 1410 1408 ἀποστόλου
1442 1354 1582 1426 πρὸς
1627 1355 1816 1409 Ἰάκω-

227 1445 324 1499 ϐον
357 1449 764 1520 ὲπεσταλμένη·
798 1451 882 1518 ἐφ’
906 1449 1108 1520 ἑτέρων
1141 1449 1220 1515 δὲ,
1254 1449 1330 1512 ὡς
1363 1448 1472 1503 ἀπὸ
1499 1450 1818 1522 Κλήμεντος

223 1539 365 1611 πρὸς
407 1540 662 1594 Ἰάκωϐον
685 1559 700 1574 ο
735 1541 867 1614 ἄλλη
899 1543 994 1596 καὶ
1028 1542 1184 1615 ἄλλη,
1225 1541 1409 1605 καθὼς
1459 1543 1813 1614 προείπομεν.

221 1631 334 1684 Καὶ
363 1635 397 1703 ή
439 1633 537 1704 μὲν
565 1635 732 1706 δηλοῖ,
757 1636 963 1707 Πέτρον
983 1635 1084 1700 τὰς
1103 1636 1311 1700 οἰκείας
1341 1637 1656 1708 συγγράψαι
1681 1637 1816 1709 πρά-

219 1721 365 1789 ξεις,
408 1728 502 1780 καὶ
541 1729 678 1798 πρὸς
723 1728 978 1782 Ἰάκωϐον
1027 1729 1389 1800 αἰτησάμενον
1427 1729 1630 1794 ταύτας
1674 1731 1812 1784 ἀπο-

219 1817 455 1873 στεῖλαι·
490 1822 523 1891 ή
557 1820 613 1873 δὲ
642 1820 1021 1893 διαλαμϐάνει,
1047 1822 1124 1884 ὡς
1158 1821 1391 1892 Κλήμης
1423 1822 1627 1887 ταύτας
1668 1821 1813 1878 κατὰ

217 1911 550 1982 πρόσταγμα
577 1913 785 1986 Πέτρου
822 1914 1176 1987 συγγράψειε,
1225 1915 1482 1970 κάκείνου
1526 1913 1662 1987 πρὸς
1709 1914 1810 1988 τὴν

213 2004 413 2076 ἀγήρω
449 2006 844 2076 μεταστάντος,
898 2008 1208 2062 ἀποστείλοι
1254 2009 1488 2080 Κλήμης
1522 2009 1659 2082 πρὸς
1704 2009 1808 2064 Ἰάε-

213 2099 417 2152 κωϐον.
468 2100 654 2153 Ἔστιν
684 2097 777 2153 οὖν
810 2100 1060 2172 εἰκασμῷ
1091 2100 1388 2165 διαλαϐεῖν,
1442 2100 1518 2164 ὡς
1565 2101 1663 2154 δύο
1708 2101 1809 2172 μὲν

213 2193 406 2262 εἴησαν
437 2192 546 2246 τῶν
578 2193 786 2266 Πέτρου
822 2194 1082 2266 Πράξεων
1131 2195 1370 2258 ἐκδόσεις
1419 2195 1801 2265 γεγενημέναι·

208 2285 292 2355 τῷ
323 2284 380 2337 δὲ
411 2287 586 2358 χρόνῳ
615 2288 714 2360 τῆς
746 2287 939 2358 ἑτέρας
971 2287 1344 2360 διαρῤυείσης,
1371 2286 1802 2360 ἐπεκράτησενή

209 2376 310 2429 τοῦ
343 2377 681 2448 Κλήμεντος.
729 2379 817 2432 Ἐν
841 2381 975 2433 πᾶσι
1024 2379 1134 2450 γὰρ
1165 2383 1279 2443 τοῖς
1333 2380 1557 2451 βιϐλίοις
1595 2381 1632 2435 ἀ
1668 2383 1804 2436 είδο-

212 2486 337 2538 μεν,
370 2470 463 2522 καί
495 2487 576 2523 τοι
605 2471 705 2524 οὐκ
733 2471 930 2540 ὀλίγων
958 2470 1152 2538 όντων,
1201 2471 1341 2543 μετά
1365 2471 1466 2536 τὰς
1513 2473 1805 2545 διαφόρους

210 2563 435 2626 ὲκείνας
450 2563 771 2628 Ἐπιστολάς
803 2567 898 2618 καὶ
917 2564 1360 2638 ὲπιγραφάς,τὴν
1382 2566 1550 2637 αὐτὴν
1571 2565 1804 2638 εὕρομεν

208 2657 645 2727 ἀπαραλλάκτως
664 2658 1064 2729 πραγματείαν,
1103 2657 1440 2730 ἀρχομένην·
1642 2657 1803 2726 Κλή-

204 2766 329 2817 μης
355 2764 368 2779 ·
405 2751 499 2802 καὶ
529 2749 599 2802 τὰ
629 2750 754 2821 ἑξῆς
783 2751 1167 2821 ὲνταττόμενα.
1201 2751 1428 2823 Μυρίων
1457 2751 1567 2824 (16)
1589 2751 1646 2806 δὲ
1678 2754 1803 2807 ἀτο-

209 2842 538 2914 πημάτωνή
576 2845 928 2914 πραγματεία
959 2845 1118 2916 γέμει
1146 2843 1305 2914 αὕτη,
1335 2845 1431 2898 καὶ
1465 2845 1564 2917 τῆς
1597 2848 1676 2910 εἰς
1708 2846 1799 2900 τὸν

209 2934 340 2989 Υίδν
373 2935 720 3008 βλασφημίας
750 2937 893 2991 κατά
925 2936 1022 3010 τὴν
1069 2939 1275 3011 Ἀρείου
1297 2939 1453 3003 δόξαν
1490 2940 1636 2992 ἐστὶν
1670 2939 1800 2993 ἀνά-

209 3028 411 3092 πλεως.
448 3027 648 3084 Paucis
682 3030 882 3086 deinde
899 3029 1048 3085 circa
1083 3030 1524 3087 Constitutiones
1575 3039 1797 3101 aposto-

1927 510 1993 565 ad
2017 509 2282 566 Jacobum
2325 512 2551 569 fratrem
2608 505 2848 572 Domini.
2904 515 2964 571 In
2999 519 3104 574 hoc
3157 520 3514 578 continentur

1926 604 2062 659 Acta
2096 621 2220 675 qum
2252 606 2513 661 dicuntur
2541 605 2689 663 Petri
2743 611 2999 679 apostoli,
3045 622 3098 666 et
3131 629 3255 667 cum
3291 614 3516 673 Simone

1925 695 2084 768 Mago
2109 697 2554 770 disputationes;
2589 701 2656 755 ad
2687 702 2803 756 haec
2838 701 3165 776 llecognitio
3187 706 3511 777 Clementis,

1923 790 2155 859 ejusque
2205 793 2380 862 patris
2419 808 2483 848 ac
2513 793 2747 848 aliorum
2781 793 3037 851 fratrum.
3082 797 3263 864 Quare
3299 801 3352 854 in
3389 804 3508 871 qui.

1923 882 2156 938 busdam
2211 885 2500 942 codicibus
2535 887 2824 958 inscriptio
2855 891 3152 960 praefigitur
3177 935 3190 948 .
3226 891 3511 952 Clementis

1921 975 2152 1031 Romani
2179 977 2510 1049 Recogm’tio.
2540 978 2600 1034 In
2625 981 2910 1037 nonnullis
2930 989 3136 1048 autem,
3163 994 3224 1039 ut
3245 984 3510 1058 diximus,

1922 1067 2169 1140 Epistola
2201 1073 2560 1142 praeponitur,
2593 1083 2856 1145 tanquam
2879 1075 2947 1129 ad
2979 1074 3248 1132 Jacobum
3283 1077 3509 1136 fratrem

1923 1160 2354 1236 Domini.Atque
2378 1166 2494 1221 haec
2516 1167 2759 1238 quidem,
2793 1183 2904 1223 non
2933 1167 3146 1234 eadem,
3184 1187 3362 1241 neque
3392 1174 3509 1228 vel-

1925 1255 2004 1310 uti
2049 1257 2118 1312 ab
2160 1259 2351 1313 eodem
2383 1259 2605 1316 homine
2631 1260 2917 1331 profecta:
2954 1262 3050 1317 sed
3079 1263 3132 1316 in
3177 1264 3508 1332 quibusdam

1919 1350 2143 1420 quidem
2176 1351 2356 1416 libris,
2388 1354 2548 1423 quasi
2583 1369 2612 1406 a
2642 1352 2808 1408 Petro
2841 1355 3094 1424 apostolo
3139 1355 3208 1410 ad
3237 1353 3507 1412 Jacobum

1919 1442 2124 1510 missa;
2160 1444 2217 1498 in
2242 1445 2366 1501 aliis
2400 1455 2606 1512 autem,
2640 1454 2701 1501 ut
2728 1462 2758 1500 a
2788 1446 3066 1503 Clemente
3097 1447 3165 1501 ad
3194 1447 3504 1521 Jacobum;

1917 1535 2025 1588 alia
2057 1544 2220 1607 atque
2241 1537 2369 1602 alia,
2403 1540 2864 1608 quemadmodum
2891 1540 3005 1610 jam
3024 1540 3283 1600 diximus.
3320 1541 3387 1597 Et
3411 1544 3506 1600 illa

1916 1626 2140 1697 quidem
2195 1628 2461 1697 declarat,
2516 1631 2739 1687 Petrum
2773 1634 2993 1704 propria
3041 1642 3196 1704 gesta
3253 1636 3504 1691 conscri-

1916 1720 2118 1789 psisse,
2153 1737 2219 1776 ac
2259 1720 2468 1778 Jacobo
2501 1726 2803 1795 postulanti
2833 1742 2898 1781 ea
2932 1727 3183 1794 misisse;
3226 1726 3342 1783 base
3372 1744 3502 1784 vero

1914 1812 2106 1880 refert,
2140 1813 2477 1872 Clementem
2519 1818 2711 1874 eadem
2768 1827 2922 1891 gesta
2959 1820 3124 1890 jussu
3154 1818 3301 1876 Petri
3362 1824 3498 1878 scri-

1912 1907 2123 1977 psisse;
2140 1923 2204 1964 ac
2221 1918 2512 1982 postquam
2541 1913 2631 1968 ille
2651 1913 2718 1968 ad
2744 1913 2912 1967 vitam
2947 1914 3312 1970 immortalem
3345 1931 3497 1971 com-

1911 2001 2227 2071 migrasset,
2261 2006 2643 2063 transmisisse
2669 2005 2738 2061 ad
2775 2004 3062 2062 Iacobum.
3097 2007 3284 2078 Itaque
3314 2009 3496 2079 conje-

1909 2101 2067 2149 ctura
2100 2096 2512 2167 deprehendere
2569 2100 2720 2166 licet,
2763 2098 3001 2154 Actuum
3034 2099 3180 2156 Petri
3208 2101 3347 2158 duas
3377 2105 3497 2159 edi-

1907 2188 2087 2244 tiones
2120 2189 2294 2246 factas
2317 2191 2521 2260 fuisse;
2558 2193 2656 2248 sed
2702 2207 2830 2248 cum
2872 2195 3140 2265 temporis
3188 2196 3497 2268 longinqui-

1907 2289 2019 2338 tate
2052 2283 2222 2338 altera
2255 2285 2534 2355 periisset,
2561 2284 2712 2340 illam
2756 2283 3062 2343 Clementis
3093 2304 3404 2359 superasse.
3434 2289 3493 2344 In

1905 2375 2162 2432 omnibus
2192 2377 2340 2431 enim
2364 2377 2649 2434 codicibus
2668 2394 2809 2448 quos
2837 2379 3098 2447 vidimus,
3134 2381 3313 2451 iisque
3346 2390 3496 2437 certe

1906 2485 2016 2524 non
2051 2470 2264 2540 paucis,
2299 2480 2426 2542 post
2452 2471 2701 2527 diversas
2733 2471 2857 2526 illas
2890 2470 3169 2542 Epistolas
3201 2481 3366 2543 atque
3406 2474 3491 2529 in-

1904 2563 2255 2632 scriptiones,
2282 2564 2424 2620 idem
2447 2565 2673 2620 omnino
2694 2565 2813 2620 sine
2838 2564 3146 2621 variatione
3167 2580 3309 2636 Opus
3339 2567 3490 2622 inve-

1905 2654 2106 2717 nimus,
2139 2656 2410 2727 incipiens
2442 2657 2523 2712 sic
2549 2676 2562 2712 :
2620 2657 2731 2727 Ego
2755 2656 3027 2722 Clemens;
3064 2667 3117 2713 et
3143 2674 3266 2728 quae
3297 2659 3494 2716 ordine

1902 2747 2164 2820 deinceps
2188 2761 2517 2821 sequuntur.
2540 2749 2822 2807 Refertum
2869 2758 3052 2806 autem
3085 2759 3169 2808 est
3197 2752 3300 2807 hoc
3340 2755 3491 2824 Opus

1902 2842 2210 2899 innumeris
2260 2844 2497 2900 absurde
2519 2845 2711 2914 dictis;
2766 2845 3096 2916 plenumque
3135 2845 3490 2914 blasphemia:

1901 2933 1957 2988 in
1998 2932 2221 3001 Filium,
2255 2936 2415 3006 juxta
2440 2935 2554 2990 Arii
2591 2937 2933 3008 opinionem.
2996 2937 3062 2991 Et
3114 2937 3489 3007 infra:Ca:te-

1901 3043 2023 3082 rum
2064 3028 2202 3083 liber
2250 3027 2514 3084 Actorum
2546 3029 2715 3095 Petri,
2746 3029 3042 3101 splendore
3093 3037 3147 3084 et
3175 3033 3484 3102 majestate,

209 3123 351 3178 licas
386 3121 714 3191 interjectis,
743 3123 959 3178 subdit:
997 3123 1060 3176 'H
1082 3123 1329 3194 μέντοιγε
1352 3125 1459 3177 τῶν
1475 3123 1568 3177 τοῦ
1590 3125 1798 3195 Πέτρου

1908 3120 1971 3175 ad
1996 3121 2110 3176 hanc
2136 3123 2378 3192 puritate
2405 3131 2459 3178 et
2502 3123 2871 3188 vehementia,
2927 3124 3162 3194 aliisque
3219 3126 3486 3181 orationis

208 3215 467 3289 Πράξεων
519 3216 720 3286 βίϐλος,
767 3215 846 3286 τῷ
879 3234 938 3269 τε
970 3215 1208 3288 λαμπρῷ
1233 3217 1328 3270 καὶ
1364 3218 1430 3289 τῇ
1483 3217 1792 3289 σεμνότητι,

206 3312 302 3364 καὶ
325 3311 404 3362 ἔτι
426 3309 504 3380 τῷ
535 3309 760 3381 καθαρῷ
803 3310 898 3363 καὶ
932 3310 1191 3381 συντόνῳ,
1223 3309 1318 3364 καὶ
1345 3313 1410 3381 τῇ
1445 3309 1576 3381 ἄλλῃ
1624 3310 1792 3382 ἀρετῇ

201 3402 300 3457 τοῦ
335 3402 514 3471 λόγου,
575 3403 669 3455 καὶ
698 3401 1038 3473 πολυμαθείᾳ
1065 3442 1078 3466 ,
1115 3401 1339 3455 τοσοῦτο
1368 3403 1479 3472 ἔχει
1532 3403 1670 3474 πρὸς
1695 3403 1794 3468 τὰς

200 3496 465 3564 διαταγὰς
485 3495 546 3548 τὸ
569 3494 967 3566 παραλλάττον,
988 3495 1065 3558 ὡς
1089 3495 1223 3566 μηδὲ
1245 3495 1530 3567 συγκρίσει
1563 3498 1628 3567 τῇ
1651 3495 1792 3550 κατά

197 3590 330 3653 τοὺς
357 3588 548 3658 λόγους
569 3589 706 3660 πρὸς
725 3587 957 3660 ἀλλήλας
975 3588 1415 3659 παραϐάλλεσθαι
1434 3587 1533 3650 τὰς
1553 3586 1786 3657 βίϐλους.

200 3684 268 3738 Ει
301 3683 480 3737 infra:
531 3684 596 3735 Ἡ
615 3683 672 3736 δὲ
702 3683 966 3754 λεγομένη
995 3681 1385 3754 δευτέρα-πρὸς
1416 3682 1542 3744 τοὺς
1570 3681 1788 3745 αὐτοὺς,

195 3777 276 3839 ὡς
306 3776 458 3838 νόθος
490 3775 950 3846 ἀποδοκιμάςεται
974 3793 988 3805 ·
1016 3773 1203 3846 ὥσπερ
1235 3775 1676 3845 ἐπιγραφόμενος
1702 3775 1790 3826 ἐπ’

194 3869 424 3939 ὀνόματι
454 3869 620 3922 αὑτοῦ
657 3869 866 3940 Πέτρου
901 3869 996 3921 καὶ
1025 3868 1289 3931 Ἀπίωνος
1320 3868 1640 3937 πολύστιχος
1672 3867 1787 3920 διά-

192 3977 374 4029 Αογος.

1901 3213 2123 3270 dotibus
2156 3223 2320 3286 atque
2343 3217 2635 3286 multiplici
2659 3217 2931 3280 doctrina,
2957 3224 3173 3271 tantum
3198 3216 3484 3273 Constitu-

1900 3309 2082 3365 tiones
2111 3321 2354 3380 superat,
2386 3311 2538 3365 nulla
2569 3318 2626 3364 ut
2655 3310 2755 3364 hos
2807 3311 2950 3365 inter
3001 3310 3173 3366 libros
3197 3325 3476 3382 compara-

1899 3401 1998 3467 tio,
2052 3404 2120 3457 ad
2152 3403 2364 3459 litteras
2406 3402 2553 3473 quod
2586 3404 2815 3463 attinet,
2869 3403 3082 3458 institui
3137 3403 3354 3461 debeat.
3411 3403 3481 3459 Et

1895 3495 2056 3564 paulo
2087 3505 2240 3566 post:
2292 3495 2362 3551 At
2397 3511 2520 3567 quae
2545 3496 2787 3552 secunda
2820 3495 3110 3567 (Epistola)
3142 3496 3211 3550 ad
3257 3498 3478 3555 eosdem

1897 3588 2260 3662 (Corinthios)
2285 3589 2506 3655 dicitur,
2537 3591 2786 3660 rejicitur
2810 3597 2869 3644 ut
2891 3589 3058 3645 notha
3081 3608 3093 3643 :
3123 3592 3480 3661 quemadmo-

1892 3682 2021 3738 dum
2050 3691 2104 3738 et
2143 3685 2302 3755 longa
2327 3685 2416 3738 illa
2446 3684 2768 3756 disputatio,
2807 3685 2950 3742 beati
2988 3683 3135 3740 Petri
3168 3694 3221 3742 et
3250 3687 3480 3760 Apionis

1891 3793 2088 3833 nomen
2121 3777 2435 3848 praeferens.

1743 4187 1933 4244 XVIII.

1021 4375 1356 4430 Hlacuaus.
1402 4371 1477 4427 De
1501 4373 1724 4427 divortio
1753 4371 1997 4426 Lotharii
2027 4381 2076 4425 et
2113 4369 2402 4442 Tetbergae,
2433 4386 2554 4442 cap.
2595 4371 2647 4425 9.

260 4555 328 4610 Et
357 4556 412 4611 in
433 4553 581 4610 Petri
613 4553 921 4619 Itinerario,
950 4554 1016 4610 de
1038 4553 1339 4611 Clementis
1367 4563 1522 4624 patre
1553 4555 1772 4626 legitur;
1807 4563 1852 4618 D
1881 4553 2080 4611 Petrus
2109 4570 2234 4609 eum
2275 4555 2368 4625 qui
2391 4562 2508 4610 erat
2542 4553 2891 4610 intuebatur:
2920 4558 2974 4606 et
3005 4563 3192 4615 orans,
3223 4549 3467 4619 discipu-

183 4650 336 4722 quod
360 4657 419 4704 ut
454 4665 486 4704 a
514 4650 765 4704 fidelibus
792 4649 1216 4715 interficeretur,
1262 4663 1293 4702 a
1353 4647 1578 4703 Simone
1615 4649 1774 4718 Mago

1887 4649 1970 4704 los
1995 4648 2062 4703 ad
2090 4663 2281 4704 eorum
2306 4649 2496 4703 oculos
2545 4647 2857 4711 revocavit;
2884 4652 2938 4699 et
2960 4643 3154 4698 deluso
3204 4642 3467 4712 phantas~

183 4755 350 4815 quem
374 4746 712 4808 deseruerat,
750 4757 1028 4815 unguento
1062 4753 1385 4814 perunctus,
1407 4744 1654 4814 ejusdem
1687 4743 1776 4798 Si-
1884 4750 2050 4807 mate,
2086 4742 2416 4798 intuentium
2446 4740 2732 4796 obtutibus
2762 4739 3000 4807 speciem
3034 4735 3312 4806 propriam
3336 4731 3481 4793 τεὼ,

184 4841 370 4894 monis
427 4840 721 4908 imaginem
753 4839 997 4893 omnium
1030 4840 1205 4895 oculis
1257 4839 1561 4905 referebat;
1621 4839 1774 4894 solus
1882 4835 2042 4891 didit.
2069 4835 2340 4907 Recogm't.
2377 4833 2471 4890 lib.
2501 4850 2558 4899 ι,
2587 4848 2703 4902 cap.
2738 4832 2828 4895 55,
2855 4839 2959 4886 etc.

1755 5014 1893 5069 XIX.

684 5199 1036 5264 Houssa'rus,
1065 5201 1361 5271 episcopus
1395 5197 1574 5270 Sylva:
1600 5195 1883 5260 Candida,
1915 5196 1967 5249 in
2000 5192 2356 5266 Respomione
2388 5191 2456 5241 ad
2495 5187 2702 5242 Νίσαιαν
2730 5188 2941 5240 librum.

258 5378 386 5436 Nam
429 5379 729 5436 Clementis
771 5379 931 5441 liber,
973 5378 1026 5431 id
1085 5385 1170 5431 est
1219 5375 1564 5428 ltincrarium
1618 5372 1765 5428 Petri
1875 5370 2210 5440 apocrypha.
2255 5368 2381 5422 Vide
2407 5368 2620 5424 Decreti
2649 5370 2878 5437 primam
2907 5374 3146 5436 partem,
3171 5365 3296 5419 dm.
3364 5365 3450 5429 16,

179 5475 438 5549 apostoli,
465 5486 519 5531 et
545 5475 801 5532 Canones
829 5473 1202 5544 apostolorum
1232 5479 1594 5525 numerantur
1620 5470 1762 5523 inter
1873 5481 1989 5533 cap.
2018 5465 2070 5520 5.

266 5739 281 5792 ί
296 5737 355 5788 16
367 5757 377 5796 ι
404 5737 639 5804 Μυρίων
668 5735 1061 5804 ἆτος-σημάτων·
1090 5733 1266 5804 γέμω.
1431 5731 1584 5804 Ἀλλί
1602 5733 1766 5782 ἐπαν-

186 5806 464 5878 υρθωκὼς
492 5801 700 5877 ταύτην
734 5806 761 5858 ό
801 5801 1207 5879 μεταφραστὴς,
1247 5801 1471 5856 πλοῦτον
1507 5802 1598 5855 καὶ
1639 5819 1764 5855 ταυ-

1863 5731 2061 5801 τότητα
2101 5728 2350 5808 -τῇηθεοῦ
2380 5726 2692 5808 ςξῐρικλησία
2719 5725 2971 5808 ἀπέθετο.
3009 5723 3096 5782 Sic
3132 5726 3198 5780 ad
3247 5727 3448 5798 umrgi-

1865 5795 1988 5858 ueni
2015 5795 2391 5857 codfllaximi
2419 5795 2708 5854 Maruunii.
2744 5795 2982 5856 Hosscn.
