3890 6192
419 320 551 378 1171

1243 325 1302 381 S.
1338 322 1734 380 CLEMENTIS
1765 322 1785 377 Ι
1821 322 1986 378 ROM.
2026 320 2230 379 PONT.
2267 321 2497 378 OPER’A
2531 321 2760 379 DUBIA.

3558 321 3704 375 “7‘2

1992 503 2112 560 XX.

985 622 1263 678 CEORGIUS
1288 620 1598 689 Csonssus,
1625 621 1680 676 in
1713 621 2037 692 Compendio
2072 621 2462 686 Historiarum,
2500 619 2636 676 edit.
2664 619 2860 686 Basil.,
2891 636 2947 692 p-.
2975 618 3100 678 170.

483 781 603 836 Alia
635 795 854 850 quoque
879 778 1146 834 miracula
1179 779 1413 851 (Petrus
1435 787 1491 834 et
1541 776 1732 833 Simon
1771 775 1997 849 Magus)
2031 805 2040 841 λ

2171 778 2281 830 Καὶ
2318 777 2415 848 μέν
2443 794 2525 830 τοι
2565 777 2658 831 καὶ
2703 776 2837 833 ἄλλα.
2871 781 3071 850 σημεῖα
3121 777 3381 850 ἐποίησαν
3417 777 3597 831 πολλὰ
3645 776 3709 832 οὐ

412 872 733 928 ediderunt:
767 875 945 942 neque
968 871 1024 925 id
1052 871 1244 926 Romae
1279 871 1464 934 modo,
1495 869 1592 926 sed
1645 880 1773 926 ante
1829 872 1996 927 etiam

413 967 470 1020 in
504 964 692 1037 Syria;
736 981 857 1035 quae
908 964 1161 1020 Clemens
1194 963 1498 1027 Romanus,
1554 965 1999 1034 sapientissimus

413 1055 561 1112 Petri
593 1055 898 1126 discipulus
927 1064 1090 1127 atque
1122 1072 1334 1119 comes,
1370 1058 1650 1112 recitavit:
1700 1074 1767 1111 ex
1796 1057 2000 1128 quibus

414 1164 589 1219 pauca
639 1148 728 1202 hic
776 1164 1062 1219 ponemus.
1115 1149 1320 1216 Quibus
1371 1150 1596 1218 prolatis
1653 1149 1838 1205 addit:
1873 1149 2000 1204 Haec

415 1241 583 1310 igitur
613 1247 669 1296 et
700 1241 808 1294 alia
833 1241 1034 1295 similia
1057 1241 1336 1306 Clemens,
1363 1242 1828 1312 quemadmodum
1860 1242 1997 1307 dixi,

415 1332 638 1402 scripsit
659 1333 805 1387 dicta
845 1340 1010 1402 atque
1043 1333 1187 1388 facta
1213 1333 1387 1390 fuisse
1423 1335 1480 1388 in
1513 1335 1693 1406 Syria,
1728 1334 1862 1405 Lege
1893 1333 2003 1390 Re—

415 1426 625 1496 cognit.
665 1424 759 1480 lib.
795 1439 856 1488 ιι,
879 1441 997 1495 cap.
1025 1426 1114 1490 37,
1144 1433 1280 1492 etc.;
1316 1426 1408 1481 lib.
1441 1442 1524 1490 Ill,
1548 1442 1663 1495 cap.
1696 1427 1786 1492 47;
1825 1427 1916 1481 lib.
1944 1443 2000 1492 x,

415 1535 531 1580 cap.
563 1519 667 1586 55;
699 1517 992 1580 ClemenL,
1037 1520 1180 1575 hom.
1204 1520 1258 1584 '5,
1295 1539 1349 1574 τι.
1384 1521 1474 1582 58,
1506 1527 1616 1576 etc.

2111 871 2269 943 μόνον
2294 873 2352 923 ἐν
2384 869 2591 944 Ῥώμῃ,
2626 870 2760 924 ἀλλὰ
2783 873 2877 925 καὶ
2900 874 2956 924 ἐν
2978 870 3144 944 Συρίᾳ
3171 872 3436 943 πρότερον
3459 889 3470 900 ·
3515 872 3559 924 ἆ
3585 888 3713 925 τινα.

2107 962 2338 1034 Κλήμης
2370 965 2398 1016 ὁ
2438 964 2705 1034 Ῥωμαῖος
2751 965 2846 1017 καὶ
2876 964 3150 1033 πάνσοφος
3194 964 3431 1034 μαθητὴς
3477 965 3711 1035 Πέτρου

2107 1056 2204 1108 καὶ
2233 1055 2569 1126 συνέκδημος
2595 1057 2910 1127 διηγήσατοο
2947 1057 3040 1125 ἀφ’
3075 1050 3150 1110 ὧν
3171 1057 3328 1125 ὀλίγα
3361 1056 3713 1128 συντάξομεν

2108 1149 2366 1202 ἐνταῦθα.
2430 1149 2645 1214 Quibus
2682 1148 3048 1218 interpositis,
3080 1148 3382 1218 subjungit,
3410 1164 3541 1218 pag.
3575 1150 3709 1203 173:

2109 1238 2293 1294 Ταῦτα
2318 1242 2497 1312 μέντοι
2519 1244 2613 1295 καὶ
2641 1241 2804 1314 ἕτερα
2830 1241 3052 1294 τοιαῦτα
3072 1241 3440 1311 γεγράφηκεν,
3469 1242 3557 1303 ὡς
3591 1242 3713 1312 (17)

2107 1333 2234 1404 ἔφη,
2294 1334 2528 1406 Κλήμης
2584 1333 2841 1405 λεχθῆναι
2873 1335 2968 1387 καὶ
3018 1333 3328 1404 πραχθῆναι
3381 1335 3437 1386 ὲν
3499 1334 3708 1404 Συρίᾳ.

2106 1425 2250 1496 Lege
2287 1425 2659 1490 Anssnswu,
2695 1435 2891 1496 quaest.
2916 1426 3027 1493 20,
3067 1424 3439 1493 Nicspuoau,
3473 1423 3712 1480 Hister-

2105 1520 2259 1583 eccl.,
2281 1520 2378 1575 lib.
2409 1535 2471 1585 ιι,
2507 1535 2629 1591 cap.
2655 1521 2730 1575 27
2757 1539 2773 1589 ;
2831 1519 3318 1582 lSEUDO-ABDIAI,
3337 1519 3440 1574 lib-
3467 1533 3510 1571 ι.

1985 1707 2123 1762 XXI.

1061 1863 1891 1929 HosomusAucusronussssrs,
1921 1863 2016 1919 lib.
2039 1862 2117 1918 De
2151 1863 2504 1918 luminaribus
2536 1861 2812 1930 Ecclesia,
2849 1877 2972 1934 cap.
3001 1863 3088 1920 15.

490 2024 748 2080 Clemens
780 2023 1006 2095 scripsnt
1031 2022 1324 2094 epistolam
1349 2021 1414 2076 ad
1450 2019 1865 2076 Corinthiorum
1898 2018 2003 2074 Ec-
2035 2028 2078 2084 Β
2107 2019 2250 2074 inter
2282 2019 2594 2091 apocrypha
2623 2027 3003 2076 numerantur.
3043 2018 3146 2073 Adi
3184 2018 3360 2073 Vitam
3379 2017 3711 2086 Clementis,

415 2119 663 2183 clesiam,
693 2117 849 2172 valde
874 2119 1062 2172 utilem
1086 2135 1100 2184 ;
1126 2125 1181 2172 et
1210 2114 1557 2170 Itinerarium
1588 2113 1755 2178 Petri,
1783 2121 1839 2168 et
1874 2111 2000 2167 Dis-

414 2212 752 2283 putationem
813 2209 960 2266 Petri
989 2217 1044 2266 et
1091 2208 1358 2280 Apionis;
1408 2215 1463 2264 et
1485 2206 1655 2262 multa
1705 2206 1832 2272 alia,
1877 2217 2001 2272 quae

487 2367 603 2440 (Π)
635 2368 808 2438 Ἔφη.
831 2366 962 2438 Leg.
988 2365 1146 2438 Eapth

2108 2113 2165 2167 in
2207 2113 2526 2184 Pontiﬁcali
2549 2113 2705 2170 libro.

1534 2729 2495 2847 DISSERTATIO

501 2957 592 3021 De
637 2956 868 3021 decem
899 2955 1087 3020 libris
1119 2956 1648 3036 Recognitionum
1699 2957 1762 3019 S.
1802 2954 2175 3036 Clementis,
2209 2955 2286 3017 ad
2317 2954 2626 3017 Iacobum
2666 2953 2927 3036 fratrem
2960 2951 3245 3027 Domini,
3282 2969 3318 3014 a
3371 2952 3631 3014 Ruﬁno

1289 3035 1666 3117 presbytero
1703 3035 2112 3116 Aquileiensr
2145 3035 2209 3096 in
2245 3036 2545 3097 Latinum
2571 3035 2801 3098 versis.

745 3203 920 3270 [(Dom.
944 3204 1016 3254 Le
1057 3203 1282 3265 Nouum,
1309 3205 1587 3268 Apparatus
1607 3200 1675 3250 ad
1699 3198 2046 3254 Bibliothecam
2067 3213 2200 3251 max.
2231 3200 2338 3251 νει.
2364 3201 2529 3262 Patr.,
2552 3214 2602 3262 ρ.
2624 3199 2748 3262 211;
2776 3197 3133 3260 Paris.,.1763,
3161 3196 3344 3260 in—l'ol.)

843 3526 1242 3582 ARTICULUS
1279 3525 1567 3582 PRIMUS.

796 3621 1048 3691 Analgsis
1098 3621 1286 3674 horum
1335 3620 1614 3677 librorum.

479 3715 688 3770 Auctor
733 3711 901 3782 hujus
932 3713 1116 3783 operis
1148 3713 1216 3767 ab
1245 3713 1367 3783 ipso
1394 3713 1522 3768 libri
1562 3714 1724 3784 primi
1771 3714 1999 3769 exordio

407 3807 513 3865 sibi
543 3823 741 3864 nomen
783 3806 1075 3871 Clementi,
1107 3805 1336 3860 Romam
1381 3822 1512 3862 vero
1555 3807 1789 3878 patriam
1823 3807 2000 3865 fuisse

405 3901 584 3956 dicit:
633 3905 938 3969 narratque
985 3915 1096 3969 quo
1139 3880 1491 3969 ipse'modo,
1524 3910 1578 3956 et
1612 3917 1643 3955 a
1686 3901 1889 3972 quibus
1941 3902 1998 3958 in

405 3992 611 4049 Christi
643 3992 1011 4062 cognitionem
1040 3993 1112 4046 sit
1137 3992 1430 4048 adductus.
1457 3993 1548 4047 Ait
1574 4000 1756 4048 autem
1784 4009 1844 4050 se
1870 4010 1996 4050 cum

404 4085 613 4142 frustra
644 4085 1099 4157 philosophorum
1131 4086 1371 4149 scholas,
1400 4094 1458 4141 ut
1487 4086 1554 4142 de
1583 4088 1998 4144 immortalitate

404 4181 624 4245 animae,
649 4179 951 4250 mundique
981 4179 1258 4234 creatione
1287 4189 1341 4235 et
1363 4178 1652 4236 duratione
1681 4182 1993 4246 doceretur,

403 4273 828 4345 frequentasset,
857 4272 925 4327 ad
950 4271 1260 4327 Barnabam
1286 4271 1492 4328 Christi
1513 4272 1868 4343 discipulum,
1900 4275 1993 4345 qui

403 4377 535 4423 tunc
551 4367 782 4422 Romam
812 4366 1130 4430 advenerat,
1157 4380 1279 4420 sese
1301 4366 1622 4421 contulisse.
1649 4366 1806 4420 Hunc
1831 4383 1994 4436 porro

400 4468 463 4514 ut
505 4461 622 4532 ipse
669 4459 835 4524 fatur,
878 4459 1128 4528 publicos
1171 4458 1237 4511 ad
1275 4458 1536 4527 pepulum
1582 4474 1866 4515 sermones
1897 4460 1995 4514 ha-

399 4553 618 4608 bentem
651 4553 898 4617 oﬂ'endit,
936 4567 1172 4622 eumque
1197 4551 1459 4606 adversus
1494 4552 1865 4622 philosophos,
1900 4570 1994 4609 ru-

399 4645 523 4700 dem
554 4652 608 4700 et
637 4645 944 4715 impolitum
979 4645 1128 4698 illius
1157 4643 1378 4698 dicendi
1419 4659 1626 4699 morem
1675 4646 1988 4711 irridentes,

399 4738 574 4792 tuitus
605 4744 708 4801 est,
736 4752 800 4791 ac
828 4737 883 4791 in
915 4736 1136 4791 domum
1170 4752 1328 4792 suam
1359 4745 1548 4806 postea
1581 4737 1826 4793 deduxit.
1860 4737 1992 4794 Inde

400 4828 554 4883 illum
585 4829 642 4884 in
671 4827 937 4892 Judmam,
971 4829 1154 4900 magni
1178 4827 1491 4883 Judazorum
1528 4828 1650 4885 festi
1676 4831 1988 4886 celebrandi

2025 3544 2067 3600 ο
2103 3531 2218 3579 trus
2254 3530 2362 3578 tam
2392 3522 2631 3578 dilucide
2661 3522 2935 3593 probavit,
2977 3537 3042 3576 ac
3083 3522 3309 3592 insuper
3337 3529 3497 3576 tanta
3534 3526 3706 3579 clari-

2106 3625 2218 3672 tate
2246 3619 2362 3687 quis
2386 3629 2520 3672 esset
2547 3635 2697 3672 verus
2725 3616 3010 3686 Propheta,
3038 3617 3313 3682 ostendit;
3337 3616 3700 3683 utClemens,

2105 3710 2477 3765 Christianam
2534 3710 2691 3764 ﬁdem
2747 3711 3128 3779 amplexatus,
3183 3709 3385 3763 librum
3449 3710 3529 3765 De
3581 3728 3701 3766 tero

2108 3803 2393 3873 Propheta,
2427 3819 2588 3874 quem
2628 3803 3064 3874 Hierosolymam
3101 3801 3252 3856 misit
3289 3802 3357 3856 ad
3395 3800 3699 3868 Jacobuin,

2101 3897 2284 3951 statim
2316 3898 2712 3968 composuerit.

2171 3991 2268 4047 Die
2305 3991 2578 4062 sequenti,
2614 3988 2824 4044 nuntiis
2867 3989 3108 4059 acceptis
3140 3985 3424 4043 Simonem
3475 3989 3701 4061 Magum

2100 4085 2362 4140 indictam
2408 4101 2438 4138 a
2490 4101 2549 4140 se
2591 4099 2716 4138 cum
2755 4081 2919 4137 Petro
2970 4082 3399 4152 disputationem
3447 4093 3579 4153 post
3612 4100 3702 4138 se-

2101 4187 2244 4248 ptem
2275 4176 2393 4233 dies
2422 4175 2728 4241 distulisse,
2756 4176 3034 4239 Clemens,
3065 4187 3293 4244 rogante
3318 4173 3514 4240 Petro,
3544 4176 3704 4247 quid-

2097 4270 2228 4340 quid
2259 4271 2518 4326 hesterna
2558 4271 2646 4326 die
2685 4271 2752 4325 ab
2785 4285 2851 4325 eo
2883 4270 3153 4336 audierat,
3194 4271 3522 4325 memoriter
3572 4271 3702 4325 red-

2097 4363 2255 4419 didit.
2287 4362 2426 4417 Tum
2456 4360 2676 4429 Petrus,
2723 4363 2947 4418 laudata
2990 4363 3111 4431 ejus
3151 4363 3434 4418 memoriae
3481 4365 3703 4420 tenaci-

2095 4465 2227 4522 tate,
2270 4457 2374 4528 ipsi
2419 4473 2762 4529 quascunque
2806 4464 2999 4511 notatu
3040 4455 3291 4526 digniora
3341 4471 3372 4508 a
3410 4460 3697 4512 creatione

2094 4551 2285 4606 mundi
2334 4551 2402 4606 ad
2443 4562 2686 4608 extrema
2735 4566 2911 4620 usque
2941 4549 3055 4604 veri
3103 4547 3394 4618 Propheta:
3442 4557 3694 4619 tempora

2096 4653 2421 4710 evenerant,
2469 4647 2740 4709 narravit,
2793 4646 3131 4716 planumque
3165 4643 3296 4698 fecit
3327 4659 3441 4712 qua
3476 4646 3696 4698 ratione

2095 4738 2305 4806 primus
2333 4746 2387 4792 et
2417 4739 2695 4794 secundus
2725 4738 2933 4793 Christi
2979 4737 3250 4792 adventus
3280 4739 3694 4807 praenuntiatus

2097 4831 2284 4895 fuerit,
2314 4839 2370 4887 et
2397 4849 2559 4902 quem
2589 4833 2646 4886 in
2676 4833 2856 4886 locum
2887 4833 3084 4887 anima:
3121 4833 3411 4888 hominan
3444 4842 3574 4902 post
3600 4848 3696 4888 eo-

398 4938 588 4986 causa,
614 4929 979 4978 revertentem
1014 4921 1326 4992 quindecim
1359 4929 1486 4992 post
1514 4922 1710 4977 diebus
1742 4930 1985 4987 secutus,
2023 4910 2063 4964 Β
2094 4942 2214 4980 rum
2248 4933 2481 4982 mortem
2511 4927 2623 4982 sint
2654 4924 3069 4997 congregandis.

395 5016 661 5072 Cmsareze
699 5014 974 5071 Stratonis
1013 5023 1351 5071 consecutus
1393 5023 1499 5071 est.
1539 5015 1819 5072 Barnabas
1854 5033 1990 5072 vero

395 5128 520 5168 eum
573 5109 866 5166 confestim
895 5109 1050 5164 ducit
1089 5107 1157 5162 ad
1200 5107 1446 5172 Petrum,
1490 5122 1520 5161 a
1566 5124 1677 5178 quo
1705 5109 1984 5180 benignis-

397 5205 536 5259 sime
588 5204 882 5273 excipitur,
926 5202 1261 5272 jubeturque
1312 5215 1594 5257 sermones
1630 5208 1686 5255 et
1729 5202 1982 5272 disputa-

397 5297 574 5352 tiones
598 5311 812 5360 omnes,
838 5311 974 5366 quas
1007 5294 1287 5365 deinceps,
1323 5294 1499 5349 donec
1531 5292 1758 5348 Romam
1793 5310 1986 5364 perve-

389 5389 613 5454 nerint,
665 5388 956 5443 habiturus
994 5394 1147 5451 erat,
1198 5393 1413 5442 attente
1471 5387 1680 5443 audiat.
1738 5387 1984 5458 Spondet

393 5480 671 5547 Clemens,
713 5489 978 5552 rogatque
1024 5479 1272 5542 Petrum,
1324 5487 1381 5534 ut
1429 5481 1625 5534 animae
1667 5491 1873 5538 nostrae
1928 5483 1982 5536 in

395 5572 603 5627 Christi
636 5573 905 5643 judicium
936 5581 1060 5644 post
1105 5582 1336 5627 mortem
1375 5573 1710 5629 adducendas
1755 5576 1982 5631 immor-

396 5664 690 5728 talitatem,
719 5681 782 5721 ac
806 5667 1068 5721 mundum
1102 5666 1264 5721 ﬁnem
1299 5665 1595 5736 aliquando
1625 5676 1980 5737 accepturum

398 5769 520 5810 esse
572 5757 676 5812 sibi
720 5758 1080 5816 demonstret.
1116 5761 1247 5827 Quae
1280 5759 1502 5832 quidem
1545 5761 1838 5833 derepente
1871 5763 1976 5820 Pe-

2164 5019 2405 5091 Longam
2457 5029 2582 5092 post
2631 5021 2746 5076 haec
2779 5019 3231 5090 disputationem,
3281 5033 3456 5088 quam
3496 5033 3690 5073 omnes

2092 5124 2145 5169 et
2175 5114 2379 5184 singuli
2408 5115 2613 5185 quique
2649 5115 2885 5185 apostoli
2925 5115 2983 5168 in
3015 5112 3523 5184 Hierosolymitano
3553 5123 3690 5168 tem-

2091 5208 2181 5276 plo
2217 5223 2316 5278 per
2363 5216 2490 5263 octo
2539 5208 2655 5263 dies
2699 5223 2824 5263 cum
2851 5206 3055 5264 Judais
3101 5206 3364 5269 inierant,
3414 5207 3685 5277 integram

2089 5307 2371 5371 totamque
2418 5301 2674 5371 exponit,
2723 5301 3080 5372 declaratque
3131 5299 3415 5370 quomodo
3462 5303 3523 5356 in
3585 5302 3688 5356 line

2089 5391 2270 5459 illius,
2313 5393 2582 5449 seditione
2635 5402 2787 5458 orta,
2846 5394 2950 5464 ipsi
3008 5393 3266 5448 Hiericho
3322 5395 3681 5449 secesserint.

2088 5483 2219 5540 inde
2265 5494 2447 5541 autem
2477 5486 2715 5543 Jacobus
2744 5487 2990 5551 Petrum,
3026 5497 3086 5541 ut
3135 5487 3455 5551 Simonem,
3503 5488 3596 5558 qui
3629 5504 3684 5542 se

2088 5578 2369 5635 Christum
2407 5589 2461 5637 et
2505 5597 2774 5636 summam
2828 5582 3030 5637 excelsi
3076 5581 3173 5637 Dei
3224 5583 3493 5638 virtutem
3565 5597 3682 5639 esse

2083 5671 2348 5742 jactabat,
2396 5674 2726 5738 confutaret,
2777 5675 3084 5730 Caesaream
3115 5675 3339 5730 direxit.
3369 5676 3458 5730 Ad
3504 5684 3680 5731 extre-

2088 5783 2237 5823 mum
2278 5767 2533 5826 Clemens
2574 5769 2642 5824 de
2685 5769 2772 5826 his
2829 5769 3090 5825 omnibus
3133 5782 3256 5839 quae
3302 5784 3332 5823 a
3379 5766 3551 5828 Petra
3590 5784 3676 5823 ac-
