3890 6192
273 204 423 262 “73

1347 200 1995 260 BECOGNlTlONES.-—
2031 203 2393 261 PROUSMIA.

3406 216 3546 271 H73

269 324 529 392 ceperat,
581 317 721 373 actis
772 317 994 389 gratiis,
1035 316 1271 388 primum
1331 318 1477 373 hunc
1516 318 1717 375 librum
1756 320 1858 376 ab-
1887 337 1935 395 Α
1961 327 2285 376 consuetum
2316 320 2706 391 disputationis
2735 323 2917 379 locum
2961 326 3214 382 accessit.
3253 327 3334 383 lbi
3363 339 3548 386 autem

269 411 457 468 solvit.

340 501 401 557 ln
434 517 669 559 secusne
710 510 893 557 autem
944 518 1105 558 uano
1151 510 1342 571 narrat
1389 503 1687 574 quomodo,
1712 511 1855 559 stata

266 595 660 666 disputationis
712 593 861 651 Petri
916 596 1187 653 adversus
1240 594 1522 651 Simonem
1570 594 1692 660 die,
1739 595 1856 665 ipse

266 689 580 759 apostolus,
626 688 828 759 primis
864 689 1135 760 gallorum
1166 688 1424 745 cantibus
1467 705 1500 744 e
1539 688 1683 744 lecto
1727 704 1856 745 sur-

262 795 421 853 gens,
450 787 502 835 et
540 795 716 850 pauca
753 780 1005 851 quaedam
1045 781 1114 837 de
1143 781 1195 837 vi
1225 780 1644 838 consuetudinis
1673 788 1854 835 matu-

260 874 385 928 rius
413 873 671 942 surgendi
700 872 985 941 praefatus,
1021 874 1092 929 ab
1115 873 1314 944 Aquila
1345 881 1400 929 et
1429 872 1641 937 Niceta,
1675 888 1853 944 quon-

260 963 391 1019 dam
422 962 667 1020 Simonis
694 964 1002 1036 discipulis,
1028 978 1164 1021 tunc
1189 973 1371 1022 autem
1402 966 1471 1021 ad
1504 965 1663 1021 ﬁdem
1690 966 1852 1022 Chri-

258 1056 497 1112 stianam
538 1059 841 1124 conversis,
870 1059 996 1129 quis
1022 1059 1113 1115 ille
1142 1072 1358 1131 magus,
1393 1066 1449 1115 et
1479 1059 1683 1129 quibus
1730 1075 1848 1111 mo-

256 1148 409 1204 ribus
445 1158 497 1204 et
524 1150 734 1205 actibus
749 1161 906 1217 esset,
940 1153 1146 1208 certior
1175 1151 1294 1207 ﬁeri
1324 1152 1579 1206 voluerit.
1613 1150 1707 1207 Sic
1738 1152 1846 1205 ita-

255 1258 367 1313 que
393 1240 591 1300 Petrus
615 1245 685 1299 ad
711 1245 1140 1315 disputationem
1171 1245 1499 1308 instructus,
1532 1242 1601 1298 ad
1644 1246 1844 1299 atrium

253 1333 469 1401 domus,
514 1338 571 1390 in
609 1353 712 1405 quo
753 1346 871 1391 erat
910 1337 1199 1393 multitudo
1228 1355 1348 1393 cum
1378 1338 1594 1394 Simone
1626 1357 1844 1411 congre-

250 1436 403 1497 gata,
418 1429 788 1499 progreditur.
814 1428 892 1485 lbi
916 1431 1221 1501 apostolus,
1242 1439 1369 1500 post
1387 1432 1606 1487 brevem
1633 1432 1701 1487 de
1712 1448 1845 1503 pace

251 1536 285 1575 a
328 1521 553 1578 Christo
582 1523 641 1578 in
669 1523 936 1578 mundum
982 1524 1146 1578 allata
1188 1525 1637 1595 disputationem,
1671 1524 1840 1580 Deum

249 1613 379 1669 cceli
407 1624 462 1670 et
490 1622 652 1671 terra:
678 1624 987 1671 creatorem
1033 1631 1157 1671 esse
1188 1617 1411 1674 invictis
1455 1617 1710 1688 probavit
1751 1633 1842 1671 ar-

1962 414 2199 470 salutato
2252 415 2475 484 populo,
2519 423 2573 471 et
2616 417 2807 486 paucis
2836 417 2905 472 de
2946 419 3139 475 ordine
3171 420 3229 475 in
3269 422 3546 492 discepta-

1958 504 2207 561 tionibus
2232 505 2466 560 tenendo
2493 508 2815 577 praemissis,
2847 509 3312 568 immortalitatem
3355 516 3549 571 animae

1957 611 2026 650 ex
2076 597 2142 651 iis
2189 612 2311 667 quae
2354 596 2500 654 Deus
2547 601 2845 672 unicuique
2893 602 3105 659 homini
3145 614 3271 675 post
3316 617 3547 663 mortem

1955 688 2274 749 redditurus
2317 698 2423 756 est,
2458 692 2699 764 primum
2744 695 3165 753 demonstravit.
3202 697 3410 753 Dehine
3457 697 3544 771 Si-

1954 780 2135 844 moni,
2178 785 2444 838 nonnulla
2494 787 2663 841 variis
2703 788 2933 858 argutiis
2985 799 3177 845 contra
3223 790 3540 860 objicienti,

1954 871 2250 928 confestim
2282 878 2567 947 respondit
2600 879 2761 933 illum
2781 878 2848 935 de
2879 880 2983 936 hac
3028 883 3227 937 animae
3260 884 3546 939 immorta-

1953 964 2105 1020 litate
2131 981 2197 1020 επ
2221 969 2371 1036 pueri
2402 970 2653 1025 violenter
2685 975 2858 1026 necati
2888 973 3146 1045 imagine,
3174 992 3338 1047 quam
3368 977 3419 1030 in
3460 979 3545 1032 in-

1953 1057 2141 1112 teriori
2169 1074 2272 1113 suo
2304 1061 2565 1118 cubiculo
2609 1065 2951 1129 asservabat,
2986 1083 3149 1137 posse
3190 1069 3308 1123 fieri
3346 1069 3544 1124 certio-

1950 1165 2087 1206 rem.
2133 1149 2231 1206 His
2266 1152 2429 1209 dictis
2464 1153 2670 1219 Simon,
2719 1158 3044 1212 conscientia
3096 1176 3407 1228 percussus,
3449 1179 3541 1216 vc-

1949 1241 2097 1296 niam
2124 1259 2155 1297 a
2186 1243 2372 1307 Petro,
2417 1262 2578 1316 quem
2622 1248 2767 1303 istud
2802 1250 3126 1319 prophetico
3160 1253 3355 1322 spiritu
3398 1254 3540 1309 didi-

1948 1334 2093 1389 cisse
2137 1336 2427 1405 credebat,
2480 1341 2711 1411 supplex
2744 1344 3013 1412 poposcit.
3059 1342 3165 1399 Sed
3200 1345 3293 1399 ubi
3341 1344 3538 1404 Petrus

1948 1426 2002 1481 id
2036 1427 2103 1482 ab
2133 1429 2203 1484 iis
2233 1431 2329 1500 qui
2370 1446 2497 1486 cum
2529 1449 2594 1489 eo
2627 1434 2878 1488 vixerant
2924 1451 2984 1492 se
3026 1438 3307 1510 accepisse
3355 1441 3535 1510 palam

1944 1518 2230 1589 professus
2253 1522 2469 1590 fuisset,
2510 1532 2644 1580 tunc
2677 1526 2889 1593 Simon,
2925 1529 3009 1582 ira
3049 1531 3314 1599 percitus,
3356 1541 3411 1586 et
3439 1550 3536 1588 va-

1945 1610 2044 1666 riis
2089 1615 2437 1671 contumeliis
2478 1632 2688 1674 vexans
2736 1620 3047 1688 apostolum
3090 1641 3103 1675 :
3137 1619 3417 1692 Fortuntr,
3449 1625 3537 1679 iu-

246 1708 553 1780 sumentis;
599 1717 763 1780 atque
806 1725 999 1767 omnes
1035 1709 1274 1767 Simonis
1308 1711 1671 1783 obiectiones,
1708 1725 1834 1767 cum
1872 1702 1913 1760 Β
1941 1702 2080 1771 quit,
2114 1720 2220 1758 non
2250 1709 2488 1763 veritatis
2524 1718 2603 1765 est
2637 1712 2745 1765 ista
2782 1713 3025 1769 victoria.
3056 1712 3255 1770 Petrus
3295 1731 3427 1771 vero
3465 1734 3534 1774 ΘΧ

245 1817 314 1857 ex
357 1800 643 1872 Scriptura
670 1817 851 1870 sacra,
876 1810 993 1857 tum
1018 1818 1083 1859 ex
1115 1804 1330 1859 ratione
1357 1804 1559 1875 petitas
1595 1804 1756 1859 diluit
1786 1812 1841 1860 et

243 1893 467 1949 evertit.
518 1892 617 1958 His
661 1902 844 1951 autem
893 1896 1031 1951 illud
1080 1896 1313 1967 adjecit,
1358 1897 1506 1969 quod
1555 1897 1839 1953 immensa:

243 1987 389 2043 lucis
412 1989 691 2043 aeternitas
714 2004 779 2045 ex
829 1986 951 2061 lege
981 1990 1158 2061 possit
1186 1991 1421 2047 ostendi.
1450 1990 1607 2047 Tunc
1642 1989 1836 2046 Siinon

241 2082 495 2153 apostolo
517 2081 802 2153 respondit
832 2099 1028 2155 magna
1058 2100 1181 2140 eum
1205 2085 1473 2155 polliceri,
1512 2084 1836 2156 spopondit-

241 2191 353 2245 que
395 2174 513 2230 fore
554 2182 615 2229 ut
653 2176 701 2232 si
734 2176 823 2231 die
851 2178 1091 2231 crastina
1128 2185 1183 2233 et
1224 2177 1431 2233 factum
1479 2180 1743 2233 mundum
1780 2189 1835 2234 et

241 2267 460 2323 animas
494 2268 835 2327 immortales
877 2286 1001 2326 esse
1045 2269 1429 2329 demonstrare
1458 2272 1720 2338 voluerit,
1763 2275 1831 2329 ad

240 2360 672 2432 disputationem
729 2363 848 2434 ipse
892 2372 1040 2421 esset
1090 2381 1437 2423 reversurus.
1486 2366 1585 2425 liis
1631 2369 1828 2436 dictis,

241 2451 436 2508 Simon
464 2468 590 2509 cum
619 2456 827 2526 populi,
861 2457 954 2527 qui
1000 2472 1188 2513 secum
1226 2466 1472 2524 venerat,
1503 2462 1665 2517 tertia
1710 2471 1831 2517 tan-

239 2553 357 2600 tum
383 2553 540 2616 parte
565 2547 724 2602 abiit:
752 2549 935 2605 caeteri
957 2565 1149 2607 omnes
1173 2548 1415 2617 Petrum,
1440 2552 1534 2625 qui
1562 2554 1830 2624 plurimos

240 2638 575 2695 mirabiliter
603 2642 839 2705 sanavit,
875 2642 1021 2697 ultro
1045 2644 1221 2700 secuti
1250 2654 1402 2701 sunt.

312 2730 556 2789 Tsn'rtus
583 2749 741 2788 LIBER
768 2735 1064 2791 secundam
1090 2746 1145 2792 et
1172 2739 1386 2793 tertiam
1410 2738 1561 2796 Petri
1590 2755 1714 2796 cum
1741 2740 1828 2795 Si-

238 2838 405 2879 mone
421 2824 884 2896 disceptationem
904 2827 1146 2885 exhibet.
1176 2828 1282 2886 Sed
1312 2840 1604 2904 antequam
1637 2833 1703 2888 ad
1734 2849 1829 2889 ea-

237 2929 360 2970 rum
378 2916 618 2986 priorem
636 2918 1043 2990 aggrederetur.
1064 2937 1283 2977 summo
1304 2938 1464 2979 mane
1482 2923 1550 2981 de
1571 2925 1825 2982 maximis

233 3022 423 3063 coram
454 3010 684 3066 confusa
729 3012 906 3081 plebis
932 3014 1292 3070 multitudine
1326 3016 1647 3087 disputandi
1686 3018 1825 3073 diﬁi-
1853 3052 1895 3109 ε

234 3103 559 3168 cultatibus,
590 3113 645 3161 et
681 3104 749 3161 de
777 3107 955 3163 tribus
984 3108 1351 3165 sanctissimae
1385 3108 1676 3166 Trinitatis
1706 3128 1825 3182 per-

1942 1794 2011 1849 iis
2039 1811 2161 1865 qure
2206 1797 2527 1871 imprudens
2575 1804 2869 1861 confessus
2913 1814 3051 1873 erat,
3105 1807 3260 1862 illum
3300 1824 3526 1880 magum

1942 1900 2064 1943 esse
2095 1889 2256 1960 plane
2303 1894 2561 1948 convicit.
2607 1894 2819 1961 Quibus
2861 1896 3050 1953 Simon
3087 1900 3419 1955 commotior
3447 1902 3531 1955 fa-

1941 1987 2084 2046 ctus,
2132 1985 2381 2054 repetitis
2432 1988 2701 2043 conviciis
2748 1989 3075 2045 seditionem
3120 1990 3328 2047 frustra
3370 1994 3529 2048 exei-

1939 2080 2058 2129 tare
2095 2078 2344 2133 tentavit.
2399 2077 2535 2133 Nam
2584 2081 2654 2136 ab
2702 2089 2918 2137 astante
2982 2082 3141 2151 plebe
3183 2084 3428 2153 ejectus,
3470 2094 3529 2141 et

1937 2164 2232 2224 derelictus
2269 2170 2339 2225 ab
2371 2172 2663 2239 omnibus,
2720 2190 2887 2228 unum
2934 2176 3315 2231 tantummodo
3336 2176 3528 2233 habuit

1938 2272 2051 2313 suae
2080 2259 2221 2333 fugae
2243 2264 2523 2320 comitem.
2548 2264 2681 2321 Post
2711 2266 2827 2321 haec
2850 2265 3048 2322 Petrus
3088 2267 3244 2321 brevi
3267 2284 3525 2326 sermone

1936 2349 2124 2407 docuit
2150 2361 2205 2409 et
2235 2355 2505 2427 irrogatas
2537 2358 2604 2413 ab
2630 2350 2953 2413 hominibus
2990 2359 3245 2428 injurias,
3284 2369 3339 2415 et
3373 2362 3523 2432 ipsos

1934 2460 2134 2515 pravos
2147 2446 2400 2505 homines
2429 2451 2703 2521 patienter
2734 2466 2857 2507 esse
2884 2451 3222 2507 tolerandos.
3252 2451 3521 2525 Denique,

1933 2553 2035 2608 pro
2078 2542 2282 2611 populo
2325 2550 2614 2613 precatus,
2661 2559 2854 2599 omnes
2893 2551 2954 2597 ut
2998 2544 3269 2600 maturius
3307 2545 3395 2601 die
3434 2562 3524 2602 se-

1933 2634 2121 2702 quenti
2153 2636 2534 2703 convenirent,
2570 2637 2875 2693 admonuit.

2001 2723 2097 2780 llle
2132 2742 2264 2783 vero
2306 2736 2434 2784 ante
2466 2729 2643 2785 lucem
2674 2737 2877 2794 ortam,
2921 2740 2979 2786 ut
3016 2730 3221 2787 Nicctae
3264 2733 3521 2802 petitioni

1931 2815 2136 2872 faceret
2184 2819 2352 2889 satis,
2394 2821 2527 2891 quid
2575 2821 2720 2876 inter
2778 2821 2917 2877 falsa
2964 2831 3020 2878 et
3064 2839 3193 2879 vera
3244 2826 3519 2880 miracula

1928 2919 2077 2964 esset
2115 2911 2475 2981 discriminis,
2510 2914 2632 2971 fuse
2680 2916 2939 2972 ostendit.
2988 2915 3175 2972 Primo
3212 2926 3394 2973 autem
3436 2919 3521 2972 di-

1932 3002 2115 3058 luculo
2143 3002 2425 3060 Simonem
2464 3007 2668 3070 navim,
2696 3013 2757 3060 ut
2802 3005 3036 3063 Romam
3086 3017 3329 3078 peteret,
3383 3024 3520 3063 con-

1931 3096 2232 3165 scendisse,
2251 3106 2305 3153 et
2333 3100 2516 3152 omnia
2538 3100 2729 3171 magiae
2755 3116 2867 3155 suae
2891 3109 3101 3155 secreta
3129 3103 3183 3156 in
3208 3118 3360 3157 mare
3391 3118 3518 3173 pro-

234 3195 393 3251 souis
435 3196 580 3267 apud
622 3212 756 3252 suos
794 3198 1031 3255 breviter
1073 3200 1358 3256 disseruit.
1404 3198 1534 3256 Orta
1571 3202 1714 3268 luce,
1766 3203 1823 3259 in

1934 3188 2144 3255 iecisse,
2165 3204 2317 3245 certo
2336 3193 2546 3262 accepit
2572 3193 2788 3247 nuntio.
2818 3192 2942 3247 Haec
2976 3195 3176 3263 pepulo
3198 3194 3311 3263 jam
3328 3205 3518 3249 coacto

233 3287 489 3343 eumdem
526 3288 799 3346 hesterna
837 3290 1229 3362 disputationis
1263 3294 1444 3349 locum
1475 3310 1535 3350 se
1563 3297 1819 3363 contulit,

231 3381 421 3451 ibique
466 3380 654 3436 Simon
719 3391 1009 3454 postquam
1056 3385 1306 3455 apostolo
1352 3387 1595 3456 magicas
1649 3394 1817 3452 artes,

230 3473 394 3542 queis
424 3474 858 3546 tot'populorum
910 3476 1124 3532 animos
1162 3483 1274 3530 tam
1323 3477 1435 3532 cito
1480 3478 1585 3534 sibi
1630 3481 1819 3534 conci-

230 3566 486 3632 lia-verat,
514 3566 719 3623 frustra
760 3569 1172 3638 exprobrasset,
1206 3570 1277 3625 ab
1312 3569 1432 3639 ipso
1474 3570 1629 3640 petiit
1662 3579 1722 3627 ut
1764 3573 1822 3627 ﬁ-

229 3657 390 3726 dem,
431 3676 535 3730 qua
562 3658 626 3714 de
658 3659 1010 3715 immensitate
1059 3662 1193 3716 lucis
1221 3671 1431 3718 wterna:
1466 3670 1721 3718 acturum
1759 3680 1817 3722 se

226 3765 359 3807 esse
387 3752 736 3821 promiserat,
758 3753 871 3822 jam
900 3753 1177 3810 liberaret.

307 3842 416 3899 Sed
465 3844 533 3898 ad
567 3844 730 3899 aliam
782 3845 1139 3916 quaestionem
1193 3848 1459 3903 continuo
1507 3847 1812 3920 digressus,

227 3936 473 4006 postulat
518 3937 589 3991 ab
637 3952 723 4002 eo,
754 3953 873 3991 cum
922 3936 1065 3992 Deus
1112 3937 1298 4007 fecerit
1344 3941 1557 4007 omnia,
1597 3951 1656 3997 ut
1698 3944 1816 4013 ipse

226 4028 432 4094 aiebat,
464 4027 610 4082 unde
648 4029 720 4083 sit
751 4030 974 4085 malum.
1012 4029 1170 4096 Quod
1200 4031 1420 4101 quidem
1458 4048 1583 4089 cum
1616 4033 1814 4091 Petrus

226 4126 422 4176 contra
458 4128 670 4175 rectum
714 4123 1105 4190 disputationis
1139 4124 1386 4179 ordinem
1418 4128 1688 4195 postulari
1718 4130 1813 4184 de-

224 4214 681 4275 monstravisset.
731 4222 864 4267 tunc
932 4214 1123 4268 Simon
1179 4232 1629 4289 unumquemque
1674 4219 1809 4283 fato.

222 4306 366 4360 sicut
398 4306 447 4359 ei
484 4304 803 4369 decernitur,
851 4307 1093 4376 pertrahi
1143 4310 1476 4378 quibusdam
1528 4321 1809 4368 rationum

1926 3281 2018 3337 ille
2056 3289 2302 3338 actutum
2341 3286 2582 3351 nuntiat,
2616 3284 2875 3356 additque
2908 3286 3251 3357 se,quamvis
3297 3285 3517 3358 fugien-

1926 3383 2034 3429 tem
2065 3374 2305 3447 Magum,
2349 3394 2418 3433 ne
2469 3379 2754 3433 hominum
2802 3386 3013 3435 mentes
3055 3380 3401 3451 depravaret,
3431 3381 3519 3434 in-

1925 3468 2081 3538 sequi
2130 3478 2451 3541 cogeretur;
2506 3471 2651 3543 apud
2696 3487 2791 3528 eos
2842 3482 3021 3527 tamen
3063 3472 3239 3530 donec
3294 3472 3349 3526 in
3389 3472 3512 3529 ﬁdei

1923 3563 2175 3619 doctrina
2206 3572 2395 3620 essent
2424 3566 2757 3630 confirmati,
2785 3573 3256 3620 commoraturum

1992 3654 2099 3712 Per
2139 3658 2245 3713 hoc
2288 3658 2473 3729 itaque
2503 3659 2769 3729 temporis
2820 3666 3085 3729 spatium,
3119 3672 3404 3712 sermones
3441 3658 3513 3712 ad

1924 3763 2017 3804 eos
2058 3750 2449 3816 consolandos,
2478 3758 2533 3806 et
2580 3750 2703 3805 ﬁdei
2744 3750 2993 3805 doctrina
3037 3765 3363 3820 morumque
3392 3751 3512 3821 pie-

1920 3850 2031 3896 tate
2061 3843 2407 3909 imbuendos,
2452 3844 2685 3915 singulis
2716 3844 3028 3913 quibusque
3058 3842 3252 3898 diebus
3282 3844 3509 3909 habuit;

1920 3938 2209 3995 Zachaaum
2250 3930 2591 4007 episcopum,
2627 3936 2916 3990 duodecim
2960 3936 3333 4007 presbyteros,
3374 3952 3512 4007 qua-

1919 4035 2155 4099 tuorque
2206 4031 2414 4083 creavit
2473 4028 2772 4095 diaconos;
2832 4028 3121 4083 duodecim
3175 4029 3344 4083 sociis
3392 4031 3509 4085 suis

1918 4131 2031 4179 tres
2062 4120 2201 4175 alios
2228 4120 2507 4190 adjunxit;
2541 4129 2706 4190 atque
2730 4136 2797 4175 ex
2829 4119 2897 4175 iis
2926 4118 3185 4175 omnibus
3214 4119 3507 4174 duodecim

1918 4216 1986 4271 ad
2034 4212 2437 4284 praedicandam
2484 4213 2690 4269 Christi
2742 4212 2933 4276 ﬁdem,
2985 4211 3375 4282 Simonemque
3412 4213 3508 4267 dc-

1918 4308 2230 4365 bellandum
2264 4308 2554 4377 praemisit,
2583 4323 2649 4362 ac
2687 4322 2853 4376 supra
2886 4305 3173 4360 duodecim
3220 4305 3502 4360 hominum

222 4399 523 4453 momentis
571 4399 805 4469 probare
850 4399 1007 4455 nisus
1042 4408 1148 4456 est.
1195 4402 1401 4457 Contra
1443 4420 1575 4460 vero
1607 4405 1816 4464 Petrus
1843 4403 1886 4457 D
1918 4401 2088 4455 millia
2142 4401 2317 4455 sacris
2370 4399 2714 4469 regeneravit
2759 4396 3019 4467 baptismi
3068 4396 3250 4466 aquis.
3300 4397 3503 4454 Tribus

222 4488 457 4545 liberum
496 4490 747 4545 hominis
767 4491 1057 4546 arbitrium
1095 4494 1423 4549 certissimis
1467 4500 1811 4567 argumentis

222 4581 483 4638 asseruit.
510 4582 642 4637 Post
671 4583 786 4637 haec
816 4583 884 4637 ab
919 4584 1037 4653 ipso
1068 4584 1258 4639 Simon
1296 4586 1570 4655 quaesivit,
1602 4589 1650 4642 si
1694 4591 1817 4643 visi-

221 4675 328 4730 bile
352 4675 498 4729 istud
526 4676 711 4731 calum
738 4676 1042 4740 resolvetur,
1070 4694 1165 4731 cur
1193 4680 1257 4731 ab
1285 4680 1442 4733 initio
1470 4680 1672 4748 factum
1710 4694 1811 4738 est.

221 4767 294 4822 Et
345 4784 542 4824 rursus
570 4768 641 4823 ab
687 4768 878 4824 eodem
923 4770 1087 4839 paulo
1134 4778 1260 4839 post
1308 4773 1520 4841 rogavit
1568 4788 1671 4827 cur
1722 4774 1812 4829 ille

223 4859 418 4926 Deum,
445 4875 607 4930 quem
638 4857 923 4930 Scriptura
954 4876 985 4914 a
1014 4862 1166 4916 nullo
1197 4861 1371 4917 videri
1402 4878 1567 4931 posse
1591 4865 1745 4931 dicit,
1779 4882 1807 4921 a

215 4952 388 5023 justis
420 4962 603 5008 tamen
643 4962 765 5023 post
804 4969 995 5009 eorum
1045 4962 1318 5023 mortem,
1361 4956 1656 5011 videndum
1691 4957 1809 5015 fore

218 5042 538 5099 afﬁrmaret.
575 5044 786 5111 Quibus
816 5046 964 5101 clare
991 5062 1022 5101 a
1052 5044 1217 5102 Petro
1259 5048 1572 5118 explicatis,
1606 5051 1806 5105 iterum

218 5135 359 5206 petit
404 5135 595 5207 Magos
646 5148 828 5192 utrum
880 5138 1207 5195 immortalis
1250 5147 1396 5197 esset
1422 5141 1628 5196 anima.
1673 5140 1802 5207 Sed,

220 5227 392 5297 hujus
432 5230 753 5299 quaestionis
796 5231 1049 5286 examine
1091 5231 1145 5285 in
1189 5232 1336 5285 diem
1386 5234 1689 5289 crastinum
1721 5234 1805 5288 di-

219 5322 354 5391 lato,
386 5324 621 5395 populus
659 5323 890 5394 proiecit
915 5339 974 5379 se
1009 5322 1076 5378 ad
1102 5324 1272 5394 pedes
1300 5324 1472 5391 Petri,
1497 5326 1590 5395 qui
1621 5326 1806 5396 plures

218 5430 348 5470 cum
377 5426 631 5487 :egrotos,
664 5424 780 5470 tum
821 5416 1083 5473 obsessos
1122 5432 1153 5472 a
1186 5416 1454 5483 daemone,
1482 5433 1670 5489 ‘sanos
1714 5434 1804 5473 re-

220 5507 374 5565 misit
393 5518 449 5565 et
482 5508 810 5565 incolumes.

295 5599 557 5671 Sequenti
600 5602 767 5672 igitur
807 5601 919 5673 die,
962 5618 1087 5657 cum
1136 5601 1333 5658 Petrus
1374 5618 1441 5656 ea
1467 5617 1590 5675 quae
1626 5600 1805 5673 pridie

219 5692 497 5767 disputata
546 5694 793 5774 fuerant,
849 5695 1144 5754 comitibus
1194 5696 1311 5755 suis
1362 5695 1680 5763 recitasset,
1734 5692 1806 5751 ad

1917 4495 2139 4551 demum
2172 4492 2375 4561 elapsis
2417 4492 2721 4557 mensibus,
2767 4488 3054 4555 Clemens,
3097 4489 3289 4545 eodem
3339 4488 3501 4545 Petro

1910 4587 2157 4657 iubente,
2195 4599 2484 4640 sermones
2527 4600 2669 4653 quos
2700 4583 2768 4638 ab
2805 4597 2872 4636 eo
2915 4582 3282 4638 concionante
3318 4582 3503 4637 Caesa-

1914 4694 2021 4735 rea:
2070 4684 2393 4747 exceperat,
2436 4675 2626 4730 decem
2678 4674 2888 4745 redegit
2937 4675 2990 4728 in
3042 4676 3244 4740 libros,
3294 4693 3501 4747 eosque

1913 4770 2065 4826 misit
2093 4769 2162 4824 ad
2201 4767 2488 4824 Iacobum.
2522 4767 2720 4823 Petrus
2745 4782 2877 4821 vero
2908 4764 3196 4836 Tripolim,
3245 4769 3337 4823 ubi
3378 4768 3497 4824 hie—

1914 4872 2107 4929 maret,
2142 4861 2419 4933 profectus
2449 4869 2555 4917 est.

1983 4956 2194 5023 QUARTI
2252 4969 2396 5007 LIBRI
2451 4952 2612 5008 initio
2661 4961 2854 5008 narrat
2898 4952 3041 5008 idem
3079 4951 3334 5007 Clemens
3383 4968 3494 5022 quo

1912 5050 2107 5105 itinere
2155 5046 2352 5101 Petrus
2402 5045 2667 5115 Tripolim
2702 5046 2934 5112 venerit,
2960 5062 3121 5116 quos,
3170 5047 3225 5099 in
3261 5046 3491 5102 urbibus

1910 5157 2008 5211 per
2035 5155 2174 5210 quas
2201 5137 2477 5203 transivit,
2514 5138 2803 5192 adduxerit
2833 5139 2899 5193 ad
2931 5137 3137 5192 Christi
3167 5137 3348 5200 ﬁdem,
3382 5156 3491 5208 qua

1910 5233 2145 5301 denique
2177 5246 2375 5301 pompa
2398 5229 2603 5300 Tripoli
2635 5238 2897 5300 exceptus
2938 5231 3029 5284 sit.
3056 5229 3334 5294 lbi,altera
3365 5240 3490 5300 post

1909 5324 2199 5379 adventum
2250 5338 2410 5377 suum
2462 5323 2569 5383 die,
2596 5320 2813 5385 Petrus,
2859 5322 3180 5393 praemissis.
3222 5322 3300 5375 uti
3342 5322 3487 5376 dixi—

1910 5434 2053 5480 mus,
2089 5414 2257 5471 sociis
2285 5416 2421 5478 suis,
2449 5430 2792 5485 quaecunque
2819 5422 3144 5484 posteorum
3178 5413 3488 5469 discessum

1907 5514 2114 5579 egerat,
2136 5514 2261 5561 ante
2290 5507 2466 5561 lucem
2490 5514 2667 5561 ortam
2697 5508 2903 5569 retulit,
2929 5507 2996 5559 ab
3018 5507 3193 5575 iisque
3219 5521 3281 5560 ea
3302 5505 3487 5558 omnia

1906 5600 2098 5655 didicit
2117 5615 2238 5671 qua:
2259 5615 2289 5653 a
2314 5599 2536 5654 Simone
2553 5598 2757 5667 Tripoli
2780 5600 2997 5653 fuerant
3022 5606 3255 5667 patrata.
3304 5596 3484 5651 Prima

1907 5702 2089 5751 autem
2133 5693 2273 5762 luce,
2318 5692 2602 5751 nuntiatur
2642 5692 2805 5750 Petro
2840 5692 3092 5749 eumdem
3145 5689 3379 5764 Magum,
3415 5689 3491 5747 de
