3890 6192
446 252 585 313 H75

1270 249 1327 307 S.
1361 249 1756 308 CLEMENTIS
1791 250 1811 306 Ι
1846 250 2013 308 ROM.
2052 250 2257 309 PONT.
2293 248 2523 308 OPERA
2556 248 2786 308 DUBIA.

3590 249 3707 304 me

442 375 679 430 adventu
730 368 853 440 ejus
900 370 1192 426 certiorem
1242 368 1485 436 factum,
1534 370 1590 424 in
1638 368 1857 442 Syriam
1913 376 2110 435 ιδῃ-Α
2139 371 2289 427 bere.
2337 369 2469 427 Illos
2509 377 2691 425 autem
2734 369 2830 439 qui
2880 367 2987 422 hoc
3037 368 3473 438 regenerationis
3526 383 3706 424 sacra-

441 468 658 523 dentem
702 463 1015 534 aufugisse;
1057 470 1113 519 et
1151 463 1416 534 populum
1463 462 1805 534 frequentem
1836 463 1904 517 ad
1946 463 2033 533 ja-

440 578 627 625 nuam,
665 568 723 613 ut
768 573 1051 615 sermones
1096 557 1218 627 ejus
1263 556 1515 620 audiret,
1556 556 1661 627 ipsi
1710 557 2033 614 avidissime

440 652 769 726 praestolari.

510 746 880 815 Quamobrem
932 752 1311 815 opportunum
1354 744 1445 799 ille
1484 744 1904 807 nactuslocum,
1940 751 2028 798 at-

437 856 545 911 que
576 856 641 896 ex
681 839 751 894 iis
797 854 937 908 quos
979 838 1049 892 ab
1101 836 1357 907 corporis
1402 835 1824 906 aegritudinibus
1868 837 1954 890 vel
1998 851 2029 891 a

437 931 703 988 daemonis
745 929 1103 1003 possessione
1128 929 1479 996 liberaverat,
1510 935 1895 998 argttmentum
1927 929 2031 983 du-

437 1040 591 1089 cens,
624 1024 848 1095 planum
882 1022 1143 1077 omnibus
1182 1021 1310 1077 fecit
1341 1022 1733 1092 azgrotationes
1774 1023 2030 1079 morbos-

437 1134 543 1192 que
583 1118 893 1181 hominum,
927 1116 1126 1171 iisdem
1171 1116 1377 1187 quibus
1402 1132 1437 1169 a
1465 1131 1598 1171 vero
1628 1114 1725 1172 Dei
1764 1117 1916 1171 cultu
1947 1133 2032 1173 re-

436 1217 737 1274 cesserant,
776 1208 845 1263 ad
874 1225 975 1265 eos
997 1210 1302 1265 accessisse
1344 1208 1641 1279 gradibus;
1686 1224 1753 1265 ac
1800 1210 2028 1267 tandem

436 1321 503 1361 eo
533 1305 687 1359 cultu
727 1304 947 1374 penitus
980 1302 1266 1371 derelicto,
1305 1311 1471 1371 atque
1500 1302 1834 1369 idololatria,
1868 1304 2029 1374 cujus

436 1396 597 1452 sicuti
630 1403 687 1451 et
713 1396 905 1467 magiae
935 1395 1205 1466 originem
1232 1396 1445 1465 pandit,
1481 1395 1815 1464 introducta,
1843 1396 2031 1452 datam

435 1488 780 1545 daemonibus
825 1489 1039 1543 animas
1078 1503 1271 1543 eorum
1317 1487 1635 1558 possidendi
1688 1487 2024 1544 facultatem.

438 1582 683 1637 Subinde
712 1597 772 1637 se
802 1596 1048 1651 suosque
1083 1578 1155 1635 ad
1199 1595 1393 1635 verum
1436 1580 1639 1636 summi
1672 1579 1769 1635 Dei
1817 1581 2027 1636 cultum

436 1673 839 1729 restituendum
881 1673 1088 1729 missos
1119 1688 1242 1728 esse
1272 1674 1391 1729 suis
1423 1674 1774 1729 annuntiavit
1810 1675 2025 1731 audito—

436 1767 613 1831 ribus,
648 1766 896 1837 ipsisque
934 1764 1069 1837 quid
1106 1767 1251 1820 inter
1284 1764 1453 1820 falsas
1487 1780 1759 1835 verasque
1785 1765 2023 1835 prophe-

437 1860 543 1915 tias
589 1866 644 1913 et
683 1859 947 1923 visiones,
995 1859 1141 1913 inter
1185 1858 1532 1913 sanationem
1568 1871 1701 1913 vero
1744 1865 1841 1912 aut
1883 1857 2025 1912 falso

433 1952 706 2007 miraculo
755 1952 1030 2007 redditam
1069 1951 1291 2007 intersit
1330 1950 1707 2015 discriminis,
1742 1950 2019 2021 patefecit.

433 2044 682 2117 Denique
711 2047 837 2101 illos
871 2046 940 2100 ad
971 2060 1159 2101 veram
1203 2044 1529 2117 religionem
1568 2041 2021 2114 amplexandam',

433 2139 698 2209 apostolis
728 2139 931 2194 Christi
963 2138 1265 2210 gerendum
1296 2152 1529 2200 morem,
1567 2135 1853 2206 vitamque
1888 2151 2026 2207 pure

430 2239 486 2285 et
526 2232 781 2303 religiose
828 2231 1250 2295 instituendam,
1285 2229 1648 2293 adhortatus,
1695 2236 1755 2282 ut
1798 2227 1889 2283 die
1936 2244 2025 2284 se-

430 2325 620 2394 quenti
651 2323 720 2378 ad
751 2322 1006 2380 eumdem
1035 2324 1219 2379 locum
1260 2322 1536 2378 maturius
1579 2337 1640 2377 se
1667 2322 2020 2390 conferrent,

431 2416 735 2474 admonuit.

501 2509 705 2566 Exorta
753 2511 921 2581 igitur
962 2509 1084 2577 die,
1129 2508 1274 2564 idem
1311 2509 1430 2580 ipse
1469 2509 1689 2574 Petrus,
1735 2510 2021 2581 praemissa

433 2603 654 2658 mentali
682 2604 945 2669 oratione,
978 2602 1143 2656 aliam
1184 2617 1307 2672 qua:
1358 2617 1518 2658 uano
1552 2618 1756 2666 QUINTO
1798 2603 2025 2659 exhibe-

432 2705 544 2762 tur,
574 2695 642 2749 ad
673 2694 938 2766 populum
984 2693 1179 2748 habuit
1216 2695 1565 2749 concionem.
1608 2694 1668 2749 In
1706 2710 1771 2748 ea
1798 2695 1871 2750 ob
1902 2709 2023 2749 om-

431 2789 584 2844 nium
632 2788 827 2842 oculos
885 2786 1041 2856 ponit
1086 2786 1405 2853 hominem,
1456 2789 1525 2843 ad
1584 2788 1882 2859 imaginem
1924 2790 2021 2845 Dei

433 2885 658 2948 factum,
699 2881 891 2935 tandiu
937 2881 994 2935 in
1034 2896 1129 2937 res
1168 2889 1423 2936 terrenas
1465 2881 1729 2936 habuisse
1770 2881 2022 2936 domina-

429 2981 568 3038 tum,
608 2973 855 3044 quandiu
888 2973 1007 3043 ipse
1044 2973 1275 3043 iustitia:
1318 2973 1536 3043 legibus
1583 2974 2018 3044 obtemperavit;

2131 470 2324 520 mento
2356 463 2555 518 initiati
2589 468 2767 528 erant,
2798 459 3249 524 commonefecit,
3282 462 3417 531 ipsis
3464 478 3582 515 non
3627 477 3705 516 so-

2134 555 2246 609 lum
2282 556 2465 610 omnia
2493 570 2664 625 opera
2692 554 2835 609 bona
2864 568 2988 623 qua
3017 553 3291 607 hactenus
3314 561 3551 623 egerant
3581 568 3704 607 con-

2132 649 2289 703 tinuo
2309 664 2433 704 esse
2464 646 2735 711 facienda,
2761 647 2857 705 sed
2887 647 2955 702 ad
2986 646 3335 701 sublimiores
3366 647 3705 715 perfectioris

2131 741 2351 795 virtutis
2385 741 2587 811 gradus
2630 756 2848 811 semper
2872 755 2998 796 esse
3039 738 3468 795 ascendendum.
3504 736 3637 793 Hec
3661 746 3709 793 et

2130 837 2212 891 his
2259 836 2492 899 similia,
2526 834 2703 905 inquit
2733 833 3014 895 Clemens,
3058 848 3177 885 crint
3218 831 3440 884 dixisset
3492 828 3707 890 Petrus,

2130 928 2332 983 dimisit
2361 927 2565 983 turbas.
2591 925 2693 980 Per
2717 933 2831 982 tres
2852 932 3033 979 autem
3059 923 3303 993 integros
3326 936 3552 977 menses
3574 922 3709 992 apud

2130 1021 2524 1093 Tripolitanos,
2561 1034 2796 1090 quorum
2840 1017 3109 1088 plurimos
3143 1014 3368 1070 adduxit
3407 1014 3477 1069 ad
3521 1014 3707 1078 tidem,

2128 1114 2319 1171 eodem
2363 1113 2528 1169 modo
2555 1111 2918 1168 eoncionatus
2942 1117 3046 1165 est.
3087 1106 3222 1162 Post
3253 1108 3387 1171 haec,
3430 1105 3709 1160 Clemente

2128 1209 2360 1278 aliisque
2392 1206 2647 1278 pluribus
2676 1219 2835 1261 sacro
2864 1202 3196 1274 baptismate
3243 1200 3469 1262 ablutis,
3503 1197 3708 1268 Tripoli

2130 1300 2407 1357 Maronem
2447 1301 2791 1370 episcopum,
2824 1304 2880 1352 et
2906 1294 3197 1351 duodecim
3237 1295 3621 1363 presbyteros,
3648 1306 3708 1345 ac

2126 1396 2393 1465 quosdam
2407 1394 2670 1449 diaconos
2682 1390 2909 1455 creavit,
2931 1399 3123 1458 atque,
3146 1387 3273 1444 inde
3293 1386 3521 1441 tandem
3538 1400 3712 1454 egres—

2128 1503 2245 1550 sus,
2271 1488 2423 1541 venit
2444 1484 2820 1540 Antiochiam.

2199 1579 2424 1635 SEPTIII
2460 1593 2605 1633 usu
2649 1575 2808 1632 initio
2838 1582 3099 1630 narratur
3137 1579 3391 1635 Petrum,
3426 1585 3559 1627 cum
3586 1565 3709 1623 Tri-

2128 1674 2239 1745 poli
2283 1672 2623 1728 Antaradum
2670 1669 3025 1732 accessisset,
3071 1667 3256 1723 socios
3281 1679 3439 1726 suos,
3477 1678 3703 1733 quorum

2127 1767 2306 1838 major
2343 1772 2593 1822 creverat
2636 1777 2925 1827 numerus,
2980 1761 3141 1823 duas,
3187 1774 3312 1830 quae
3359 1759 3550 1827 ipsum
3585 1770 3707 1825 pra-

2127 1859 2408 1926 cederent,
2441 1858 2699 1913 divisisse
2739 1856 2795 1909 in
2827 1862 3068 1919 turmas;
3101 1861 3265 1924 atque
3295 1855 3389 1908 uni
3438 1850 3700 1911 Nicetam,

2127 1951 2382 2022 Aquilam
2422 1950 2583 2005 alteri
2632 1948 2967 2021 praefecisse.
3008 1947 3265 2001 Clemens
3300 1961 3468 2008 vero,
3522 1941 3707 2014 gratiis

2126 2042 2309 2111 Petro,
2353 2046 2483 2116 quia
2528 2058 2653 2099 eum
2696 2041 2842 2111 apud
2886 2056 2949 2097 se
3002 2040 3342 2103 retinuerat,
3381 2038 3562 2100 actis,
3608 2034 3707 2104 ipsi

2125 2140 2378 2208 poscenti
2422 2135 2700 2209 quomodo
2746 2142 2979 2205 patrem,
3008 2143 3063 2189 et
3092 2142 3348 2195 matrem,
3393 2146 3466 2185 ac
3516 2130 3711 2184 fratres

2125 2230 2432 2295 amisisset,
2482 2229 2774 2285 confestim
2822 2226 3147 2282 declaravit.
3181 2224 3279 2280 Die
3320 2220 3707 2292 subsequenti,

2124 2322 2318 2379 Petrus
2364 2324 2423 2378 in
2470 2322 2709 2379 insulam
2739 2321 3005 2384 Aradum,
3065 2320 3238 2374 viteas
3267 2319 3559 2373 immensa:
3598 2328 3709 2366 ma-

2123 2416 2431 2487 gnitudinis
2474 2417 2762 2471 columnas
2817 2412 3040 2469 videndi
3091 2413 3289 2483 gratia,
3326 2426 3388 2465 se
3443 2410 3700 2470 contulit,

2123 2508 2307 2579 ibique
2349 2508 2605 2565 Clemens
2651 2508 2872 2580 agnovit
2899 2515 3135 2561 matrem
3169 2519 3325 2561 suam
3385 2500 3709 2557 Iathidiam.

2124 2601 2255 2657 illuc
2302 2601 2592 2671 naufragio
2636 2600 2950 2672 expulsam,
3001 2606 3168 2668 atque
3215 2594 3584 2666 eleemosynis
3626 2593 3703 2648 vi-

2122 2702 2273 2749 etum
2320 2704 2679 2764 quaerentem.
2725 2691 2821 2750 Illa
2852 2707 2985 2748 vero
3027 2706 3155 2746 cum
3191 2704 3368 2745 uxore
3408 2688 3565 2744 Petri
3604 2700 3705 2741 ce-

2123 2788 2364 2857 terisque
2396 2787 2653 2843 omnibus
2684 2785 3011 2841 Laodiceam
3048 2784 3288 2848 ducitur,
3319 2797 3431 2853 qua
3479 2782 3536 2836 in
3576 2780 3703 2835 urbe

2121 2895 2153 2934 a
2182 2880 2397 2936 duobus
2443 2882 2569 2936 aliis
2611 2879 2738 2937 filiis
2789 2880 2930 2942 suis,
2980 2878 3311 2949 quibuscum
3360 2875 3696 2945 naufragium

2122 2973 2352 3039 fecerat,
2394 2974 2579 3045 agnita
2622 2989 2843 3045 quoque
2872 2982 2990 3028 est-
3022 2970 3085 3025 lii
3126 2977 3308 3025 autem
3344 2975 3697 3024 narraverunt

432 3067 526 3123 ubi
553 3081 686 3121 vero
713 3067 783 3121 ab
810 3066 879 3121 iis
910 3065 1193 3131 discessit,
1223 3067 1487 3121 continuo
1517 3064 1821 3135 fragilitati,
1850 3065 2019 3122 animi
2048 3096 2089 3153 ρ
2125 3084 2184 3123 se
2228 3080 2352 3139 post
2397 3069 2747 3139 naufragium
2784 3066 3093 3121 Caesaream
3135 3062 3372 3125 delatos,
3403 3069 3467 3115 et
3496 3059 3697 3115 cuidam

432 3161 962 3231 perturbationibus,
1002 3160 1434 3223 tentationibns,
1479 3158 1867 3215 vexationibus
1907 3157 2018 3214 dae-

430 3269 690 3318 monum,
742 3252 1095 3324 miseriisque
1145 3252 1405 3307 omnibus
1463 3250 1763 3305 obnoxium
1811 3248 2017 3304 factum

426 3363 571 3404 esse.
596 3346 779 3402 Monet
807 3353 993 3401 tamen
1023 3359 1196 3417 parvo
1219 3345 1344 3399 fidei
1373 3358 1548 3415 grano
1578 3343 1804 3398 morbos
1826 3358 2019 3398 omnes

429 3458 590 3512 posse
620 3441 827 3497 sanari.
860 3438 1014 3493 Hanc
1050 3440 1220 3509 igitur
1259 3437 1419 3493 ﬁdem
1448 3437 1520 3492 ab
1555 3437 1816 3492 omnibus
1848 3438 2021 3492 susci-

429 3532 682 3602 piendam
717 3548 843 3588 esse
873 3532 1177 3595 concludit,
1219 3537 1276 3584 et
1306 3544 1440 3584 vero
1476 3528 1781 3599 Prophetae.
1817 3543 2017 3599 quem,

427 3627 587 3681 sicuti
623 3628 1051 3697 praenuntiatum
1097 3625 1307 3686 fuerat,
1344 3624 1457 3693 jam
1492 3622 1822 3678 adventasso
1849 3637 2019 3678 nove-

426 3726 585 3781 rant,
628 3718 792 3771 unice
847 3715 1222 3773 serviendum.
1275 3714 1488 3771 Deinde
1535 3716 1700 3771 docet
1752 3732 1864 3771 non
1916 3732 2018 3771 au-

426 3809 658 3865 diendas
696 3826 841 3873 esse,
880 3826 1021 3881 quas
1052 3810 1143 3865 ille
1193 3810 1512 3880 singulatim
1550 3818 1839 3874 recenset,
1887 3825 2019 3883 sug-

424 3912 609 3975 gestas
645 3918 677 3957 a
716 3903 966 3958 daemone
996 3904 1350 3957 tentationes.
1401 3901 1657 3957 Dimissis
1701 3918 1869 3973 porro
1897 3919 2018 3957 om-

426 3994 612 4060 nibus,
645 3993 713 4049 ad
750 4010 850 4049 sua
883 3994 1001 4065 ipse
1032 3994 1348 4059 revertitur,
1390 3994 1484 4048 ubi
1517 3995 1687 4051 sociis
1721 3996 1841 4051 suis
1881 4012 2017 4051 con-

424 4088 571 4143 cedit
598 4088 965 4159 quodcunque
994 4087 1269 4152 libuisset,
1304 4087 1625 4143 sciscitandi
1671 4087 2013 4154 facultatem,

424 4190 479 4237 et
503 4182 768 4236 Continuo
788 4180 855 4234 ad
883 4180 1098 4251 singula
1133 4194 1365 4250 quaeque
1391 4178 1678 4250 respondit
1708 4196 1900 4235 eorum
1932 4182 2018 4235 in-

426 4283 721 4345 terrogata.
745 4274 999 4329 Clemens
1024 4286 1158 4328 vero
1190 4282 1390 4327 cuncta
1416 4288 1541 4342 qua:
1573 4273 1643 4325 ab
1670 4288 1737 4327 eo
1770 4289 2017 4343 pronuno

425 4368 556 4421 tiata
588 4367 824 4430 fuerant,
856 4367 913 4420 in
954 4366 1177 4432 librum,
1218 4380 1381 4436 quem
1411 4365 1561 4420 misit
1601 4361 1670 4419 ad
1717 4362 2012 4434 Iacobum,

425 4460 843 4515 accuratissime
868 4459 1103 4529 redegit.

498 4550 715 4607 SEXTUS
766 4566 925 4605 Lmen
975 4551 1137 4605 aliam
1199 4568 1419 4622 quoque
1473 4551 1623 4609 Petri
1690 4553 2014 4609 concionem

425 4643 687 4698 continet.
715 4641 765 4698 ls
795 4658 922 4697 cum
952 4644 1167 4698 tardius
1210 4646 1374 4699 solito
1422 4646 1493 4700 ob
1541 4652 1786 4700 noctium
1843 4646 2019 4701 brevi-

425 4741 593 4789 tatem
637 4740 992 4798 surrexisset,
1034 4735 1103 4790 ad
1134 4744 1463 4792 consuetum
1513 4738 1802 4793 concionis
1832 4739 2013 4793 locum

424 4829 682 4896 perrexit.
711 4828 889 4898 Atque
936 4828 1011 4882 ibi
1062 4829 1241 4899 primo
1293 4830 1559 4899 explicuit
1594 4830 1871 4901 quomodo
1916 4831 2017 4885 ho-

424 4921 603 4975 mines
634 4923 847 4991 possint
877 4920 1046 4977 falsas
1084 4922 1374 4992 opiniones
1404 4922 1705 4992 deponere,
1744 4931 1798 4978 ct
1829 4924 1886 4977 in
1917 4940 2014 4979 ve-

422 5014 604 5069 ritatis
646 5016 870 5086 verique
901 5014 997 5069 Dei
1027 5016 1317 5086 pervenire
1347 5016 1625 5071 notitiam.
1660 5015 2012 5071 Manifestum

421 5104 624 5161 deinde
682 5106 814 5161 fecit
858 5107 984 5161 illos
1031 5106 1177 5161 haud
1234 5106 1529 5162 difficulter
1573 5108 1719 5162 scire
1764 5108 2014 5179 potuisse

421 5212 532 5251 non
577 5199 796 5269 quidem
838 5198 966 5269 quid
1009 5201 1081 5253 sit
1128 5200 1291 5265 Dens,
1339 5202 1429 5255 sed
1473 5202 1612 5272 quod
1658 5219 1763 5257 non
1807 5205 1904 5269 sit,
1949 5220 2014 5261 ac

422 5290 655 5361 proinde
702 5292 855 5346 illum
903 5292 958 5345 in
1010 5293 1209 5357 idolis,
1246 5295 1485 5349 humana
1538 5305 1655 5351 arte
1702 5295 2009 5362 fabricatis,

420 5399 531 5438 non
597 5385 826 5440 includi.
878 5386 947 5439 At
996 5402 1127 5441 vero
1183 5391 1309 5458 quia
1372 5390 1551 5443 omnia
1608 5391 1893 5460 gignuntur
1948 5407 2013 5445 ex

421 5492 581 5546 aqua.
612 5494 729 5548 qua
766 5488 945 5531 creata
987 5490 1065 5535 est
1095 5481 1159 5534 ab
1204 5482 1355 5535 initio
1391 5498 1483 5550 per
1530 5481 1884 5554 Unigenitum.
1919 5501 2012 5553 per

421 5584 572 5631 quem
611 5573 909 5639 pervenitur
944 5574 1013 5627 ad
1057 5574 1299 5641 Patrem,
1340 5576 1537 5631 exinde
1569 5577 1755 5631 intulit
1798 5579 2012 5649 genita-

422 5658 567 5714 libus
602 5662 895 5733 baptismi,
937 5665 1096 5734 cujus
1148 5672 1539 5725 necessitatem
1605 5672 2011 5744 utilitatemque

424 5748 805 5813 demonstrare
855 5765 1087 5817 conatus
1132 5768 1249 5828 est,
1294 5776 1397 5820 nos
1439 5763 1597 5834 aquis
1639 5766 1855 5823 renasci
1906 5765 2007 5823 de-

2123 3160 2323 3226 viduae,
2352 3162 2442 3215 cui
2484 3175 2684 3215 nomen
2725 3157 2898 3213 Iusta:
2926 3165 3078 3221 erat,
3122 3155 3392 3221 venditas,
3441 3153 3562 3222 ejus
3608 3166 3692 3222 po-

2123 3260 2240 3308 stea
2268 3269 2403 3308 cura
2436 3254 2639 3309 litteris
2667 3261 2719 3309 et
2754 3250 3118 3322 philosophia:
3138 3264 3263 3304 cum
3297 3246 3529 3300 Simone
3555 3245 3697 3313 Mago

2122 3361 2353 3417 operam
2393 3347 2637 3413 dedisse,
2669 3347 2929 3415 illiusque
2977 3343 3259 3398 imbibisse
3301 3337 3685 3407 errores;sed,

2123 3438 2339 3495 Zachazi
2367 3452 2492 3510 ope,
2524 3440 2629 3495 fide
2656 3438 2862 3494 Christi
2891 3445 3172 3507 suscepta,
3197 3451 3257 3489 se
3293 3432 3462 3489 Petro
3489 3432 3691 3487 tandem

2120 3531 2294 3588 fuisse
2331 3534 2566 3588 oblatos.
2605 3531 2818 3601 Quibus
2868 3530 3093 3593 auditis,
3137 3527 3335 3583 Petrus
3367 3525 3688 3586 Mathidiam,

2121 3626 2381 3697 baptismi
2434 3627 2611 3697 gratia
2656 3625 2851 3679 donari
2908 3623 3316 3695 postulantem,
3370 3631 3500 3691 post
3548 3619 3695 3674 unius

2120 3720 2228 3774 diei
2254 3720 2527 3789 jejunium
2553 3730 2618 3774 eo
2650 3716 3085 3789 regenerationis
3106 3720 3458 3771 sacramento
3487 3730 3541 3768 tn
3570 3707 3691 3765 mari

2121 3813 2381 3869 initiavit.

2192 3905 2291 3960 Die
2320 3906 2703 3977 subsequenti,
2733 3913 2793 3961 ut
2825 3907 2880 3960 in
2910 3918 3073 3959 xtsno
3107 3917 3322 3957 ocrsvo
3352 3908 3549 3955 auctor
3573 3909 3691 3950 uar-

2119 4006 2238 4062 rat,
2284 3996 2502 4062 Petrus,
2553 3998 2835 4053 Clemente
2888 3998 3220 4066 duobusque
3268 3995 3395 4052 aliis
3445 3992 3690 4049 fratribus

2120 4093 2238 4148 suis
2268 4092 2587 4153 comitibus,
2618 4090 2764 4144 lavat
2806 4092 2861 4145 in
2907 4091 3080 4154 mari,
3126 4096 3292 4159 atque
3337 4088 3392 4142 in
3431 4094 3689 4143 secretum

2119 4184 2300 4237 locum
2341 4184 2409 4239 ad
2460 4184 2769 4237 orationem
2817 4182 3045 4237 secedit.
3092 4180 3223 4235 Inde
3277 4181 3356 4234 illi
3402 4174 3687 4252 egredienti

2119 4279 2361 4330 occurrit
2388 4292 2557 4331 senex
2588 4276 2808 4345 quidam
2848 4292 3078 4346 pauper,
3100 4290 3165 4328 ea:
3194 4276 3378 4327 habitu
3411 4271 3688 4343 operarius,

2120 4370 2214 4439 qui
2257 4384 2455 4439 preces
2492 4368 2559 4422 ad
2608 4368 2777 4424 Deum
2825 4384 3113 4439 perperam
3162 4367 3339 4430 fundi,
3368 4374 3423 4422 et
3456 4363 3683 4419 "tandem

2048 4464 2092 4519 D
2123 4478 2225 4515 non
2264 4461 2550 4517 secundum
2595 4462 2692 4515 Dei
2736 4462 3121 4531 providentiam
3170 4462 3578 4531 gubernari.....
3610 4454 3685 4508 sed

2117 4558 2325 4625 genesin
2374 4572 2486 4609 esss
2529 4572 2646 4625 qua:
2689 4556 2869 4608 omnia
2907 4556 3015 4625 agit
3055 4563 3105 4608 et
3144 4554 3409 4619 continet,
3452 4550 3688 4606 audacter

2117 4647 2374 4702 asseruit.
2404 4644 2489 4701 Fit
2534 4647 2761 4702 interim
2793 4663 3029 4718 magnus
3070 4648 3257 4717 populi
3288 4660 3608 4704 concursus,
3637 4648 3683 4693 et

2115 4737 2355 4803 Nicetas,
2390 4739 2517 4793 data
2547 4755 2575 4792 a
2601 4739 2789 4801 Petro,
2823 4741 2916 4811 qui
2949 4740 3066 4796 seni
3104 4740 3445 4809 respondere
3470 4737 3679 4799 volebat:

2116 4833 2334 4888 dicendi
2369 4831 2653 4897 facultate,
2698 4833 2890 4887 docuit
2923 4832 3189 4886 mundum
3238 4847 3268 4885 a
3307 4830 3423 4887 Deo
3470 4831 3678 4885 fartum.

2115 4934 2168 4980 et
2200 4927 2269 4981 ab
2300 4928 2420 4996 ipso
2462 4926 2797 4997 quandoque
2844 4926 3203 4988 solvendum,
3248 4941 3351 4979 nec
3393 4940 3457 4979 ex
3504 4918 3679 4976 indivi-

2115 5018 2241 5073 duis
2282 5020 2630 5089 corpusculis
2680 5035 2779 5074 seu
2818 5020 3053 5082 atomis,
3100 5026 3161 5072 ut
3210 5016 3423 5072 ferebat
3482 5009 3679 5085 Epicuri

2115 5112 2408 5177 sententia,
2438 5114 2697 5183 qiuclihet
2719 5127 2971 5183 corpora,
2995 5120 3320 5182 mentesque
3352 5102 3678 5177 intelligentia

2116 5206 2565 5276 pranlitas,ficri.
2609 5205 2790 5261 Variis
2830 5206 3030 5261 deinde
3070 5204 3411 5275 argumentis
3455 5195 3670 5272 probavit

2114 5302 2379 5355 mundum
2404 5301 2469 5355 ab
2504 5301 2621 5369 ipsa
2659 5300 2924 5370 sapientia
2966 5307 3017 5353 et
3084 5298 3313 5361 ratione,
3351 5292 3560 5366 quando
3586 5282 3672 5357 ipSi

2113 5395 2339 5464 placuit,
2371 5393 2545 5449 fuisse
2579 5392 2884 5447 conditum.

2184 5485 2476 5548 Postridie,
2519 5493 2666 5542 cmtu
2712 5486 2767 5541 in
2800 5484 3049 5556 primarii
3096 5481 3387 5552 cujusdam
3430 5476 3555 5533 civis
3582 5471 3667 5526 do-

2112 5595 2261 5634 mum
2305 5588 2521 5643 coacto,
2560 5595 2727 5635 senex
2764 5594 2828 5635 ea
2879 5594 3004 5649 qua:
3034 5577 3257 5633 Nicetas
3291 5575 3500 5629 dixerat
3540 5578 3667 5621 sur-t-

2113 5672 2303 5727 matim
2336 5673 2554 5743 repetit,
2582 5681 2767 5744 atque,
2802 5672 3067 5727 adversus
3109 5671 3201 5725 illa
3230 5669 3531 5739 disputans,
3555 5670 3662 5713 ωηο

2112 5765 2290 5822 tendit
2320 5765 2568 5839 quaedam
2610 5764 2805 5836 injuste
2831 5774 2876 5821 et
2914 5764 3215 5819 inordinate
3256 5761 3401 5818 facta
3442 5768 3580 5819 esse;
3609 5762 3661 5803 ει
