3890 6192
256 311 391 367 ΗΠ

1353 304 1925 364 RECOGNITIONES.
1957 338 2026 349 —-
2057 306 2423 370 ΡΒΟἝΜΙΑ.

3364 318 3496 373 1⁸78

250 424 321 479 iis
348 430 531 479 autem
582 436 705 493 quae
746 421 902 492 juxta
950 420 1197 477 ordinem
1237 421 1407 483 fiunt,
1455 420 1705 491 quaadam
1756 424 1828 477 ab
1854 428 1900 484 Α
1930 438 2047 479 rum
2080 426 2347 495 sepulcra.
2378 425 2458 479 Ad
2488 424 2601 481 haec
2638 426 2836 497 Aquila
2882 429 3159 497 respondit
3203 430 3323 487 illas
3363 434 3497 487 deo-

248 517 360 572 alio
385 530 550 585 quam
579 515 647 569 ab
676 516 787 570 ulla
818 522 1001 569 mente
1032 512 1200 568 fuisse
1232 522 1438 569 creata.
1464 512 1668 566 Contra
1696 528 1825 568 vero

251 608 447 676 Aquila
490 622 554 661 ex
600 608 667 661 iis
697 622 818 676 qua
864 604 1165 661 secundum
1203 607 1451 660 ordinem
1496 605 1613 660 ﬁeri
1658 621 1825 661 senex

249 708 630 763 concesserat,
675 701 1078 770 agnoscendam
1122 715 1247 754 esse
1277 699 1375 753 Dei
1429 700 1824 770 providentiam

248 791 661 849 demonstravit.
707 792 877 847 Porro
918 794 1085 848 exiis
1131 809 1253 862 quae
1293 793 1608 846 inordinate
1658 792 1826 859 fiunt,

249 886 555 942 luculenter
589 886 860 949 ostendit,
893 886 957 939 ab
1002 887 1200 956 origine
1245 886 1429 939 mundi
1472 886 1609 939 nihil
1646 884 1827 941 eorum

248 978 442 1042 fuisse,
469 980 565 1035 sed
596 995 661 1034 ex
690 981 966 1048 impietate
1000 978 1282 1032 hominum
1316 993 1475 1033 suum
1507 980 1646 1032 mala
1678 994 1829 1033 sum-

247 1074 431 1142 psisse
462 1073 697 1127 initium.
730 1072 969 1142 Denique
999 1088 1123 1125 cum
1162 1072 1417 1126 omnibus
1453 1087 1574 1141 qua:
1602 1073 1704 1127 sibi
1736 1073 1825 1127 ob-

244 1166 598 1236 jiciebantur,
649 1165 769 1220 fuse
804 1166 1202 1235 respondisset,
1246 1166 1493 1219 ultimam
1542 1165 1691 1220 senis
1729 1166 1829 1219 ob-

245 1257 543 1327 jectionem
582 1272 686 1328 qua
713 1259 891 1311 omnia
917 1274 982 1312 ea:
1009 1260 1314 1311 necessitate
1334 1258 1532 1326 genesis
1555 1257 1657 1311 sibi
1688 1259 1831 1310 acci-

248 1349 403 1405 disse
418 1350 656 1411 dicebat,
690 1350 842 1403 fratri
876 1365 977 1403 suo
1014 1348 1304 1413 Clementi,
1333 1358 1557 1418 postem
1597 1349 1685 1403 die
1721 1349 1831 1404 sol-

247 1443 483 1498 vendam
515 1442 759 1511 reliquit.
783 1440 880 1497 llis
908 1441 1093 1505 dictis,
1119 1440 1316 1497 Petrus
1347 1441 1483 1495 nulli
1515 1441 1824 1505 hominum,

1928 532 2047 571 rum
2097 517 2311 573 fabulas
2354 534 2384 572 a
2434 519 2775 589 philosophis
2824 522 3055 591 aliisque
3100 522 3232 577 viris
3279 526 3500 593 sapien—

1927 611 2074 666 tibus
2100 611 2387 680 allegorice
2416 610 2586 666 fuisse
2616 612 2939 681 explicatas.
2964 612 3168 667 Contra
3198 624 3377 670 autem
3410 615 3501 671 Ni-

1927 712 2078 757 cetas
2109 704 2185 757 illi
2219 704 2480 757 continuo
2508 706 2751 758 ostendit
2793 705 2904 760 haec
2936 706 3159 759 deorum
3206 708 3436 761 crimina
3467 722 3501 765 a

1926 797 2251 865 pit-toribus,
2290 797 2660 866 sculptoribus
2705 808 2758 851 et
2800 798 2978 867 poetis
3025 814 3135 852 non
3184 800 3498 869 allegorice,

1927 888 2020 941 sed
2047 902 2239 956 reapse
2261 895 2313 941 et
2342 888 2409 941 ad
2442 889 2675 943 litteram
2706 890 2831 958 poni
2865 899 2991 944 ante
3014 891 3258 944 omnium
3283 892 3497 949 oculos.

1927 978 2146 1035 Nicetas
2182 988 2365 1035 tamen
2412 981 2513 1035 has
2557 982 2878 1052 allvgoricas
2934 982 3240 1037 fabularum
3281 988 3502 1056 exposi-

1926 1074 2124 1135 tiones,
2155 1082 2379 1143 rogante
2405 1071 2701 1137 Clemente,
2735 1086 2819 1129 est
2846 1085 3192 1145 prosecutus.
3225 1075 3362 1131 Tum
3403 1076 3503 1134 Pe-

1927 1172 2045 1219 trus
2077 1164 2415 1234 Scripturam
2459 1179 2670 1220 sacram
2704 1182 2814 1220 non
2854 1182 2920 1221 eo
2963 1183 3126 1222 sensu
3176 1170 3497 1239 allegorica,

1926 1254 2021 1309 sed
2051 1254 2180 1316 alia,
2224 1271 2385 1325 quam
2428 1258 2542 1325 ipse
2572 1256 2782 1321 docuit,
2825 1258 3085 1313 methodo
3113 1263 3500 1330 explicandam

1921 1368 2048 1410 esse
2090 1354 2497 1408 demonstravit.
2546 1350 2748 1406 Deinde
2796 1352 2862 1406 ad
2906 1350 3321 1406 Faustinianum
3362 1367 3500 1406 con-

1925 1460 2139 1511 versus,
2165 1444 2343 1514 ipsum
2379 1443 2445 1497 ad
2485 1444 2840 1511 proﬁtendam
2883 1443 3199 1513 religionem
3234 1442 3505 1498 Christia-

246 1535 357 1590 nisi
389 1534 488 1590 soli
522 1547 652 1589 vero
678 1533 975 1601 prophetae,
1001 1548 1121 1603 qua:
1146 1547 1177 1585 a
1209 1532 1320 1587 Deo
1348 1533 1434 1587 vel
1462 1533 1576 1587 fieri
1601 1533 1685 1587 vel
1716 1548 1826 1587 non
1925 1552 2074 1604 nam,
2104 1550 2227 1606 quae
2256 1534 2388 1589 nihil
2418 1535 2521 1589 nisi
2553 1546 2800 1589 sanctum
2832 1545 2885 1589 et
2919 1534 3208 1589 honestum
3236 1536 3502 1604 praecipit,

250 1627 367 1683 ﬁeri
395 1643 505 1682 non
546 1624 791 1697 possint,
830 1634 1109 1695 comperta
1139 1640 1262 1680 esse
1291 1625 1461 1692 dixit;
1496 1640 1598 1681 nec
1631 1641 1826 1695 quem-
1925 1641 2270 1697 summopere
2294 1626 2613 1679 adhortatus
2636 1632 2737 1678 est.
2762 1623 3021 1693 Denique,
3047 1623 3255 1677 reddita
3284 1623 3503 1691 mgrotis

248 1735 416 1789 quam
455 1720 525 1773 ab
562 1720 655 1772 illo
691 1718 955 1788 propheta
996 1718 1103 1771 hac
1141 1716 1209 1771 de
1236 1732 1313 1781 re,
1344 1717 1472 1779 nisi,
1503 1716 1671 1770 variis
1705 1716 1828 1785 phi—
1924 1726 2088 1786 atque
2116 1732 2149 1769 a
2184 1716 2429 1770 daemone
2460 1714 2699 1769 obsessis
2746 1714 3011 1779 sanitate,
3058 1713 3319 1783 populum
3369 1728 3503 1784 gau-

248 1812 611 1882 losophorum
654 1809 1053 1865 subtilitatibus
1085 1808 1293 1875 missis,
1324 1809 1543 1862 sincero
1579 1808 1825 1863 veritatis
1857 1797 1899 1852 Β
1926 1810 2140 1864 dentem
2168 1808 2459 1878 laetumque
2486 1807 2714 1861 dimisit.

249 1919 438 1960 amore
476 1904 731 1966 ducatur,
773 1902 889 1958 fore
931 1917 1171 1972 unquam
1202 1901 1531 1956 docendum.
1560 1901 1828 1955 Caeterum

248 1997 321 2052 ad
353 1997 783 2067 investigandam
809 1996 1088 2051 veritatem
1115 1994 1168 2048 id
1194 1993 1572 2047 tantummodo
1596 1992 1825 2063 requiri,

248 2097 312 2143 ut
339 2089 593 2145 homines
620 2104 750 2142 num
789 2087 1054 2156 prepheta
1086 2086 1176 2141 ille
1209 2101 1337 2141 vera
1368 2100 1583 2155 semper
1630 2084 1830 2155 praedi-

250 2183 414 2245 terit,
439 2182 728 2251 diligenter
760 2181 1061 2251 inquirant.

320 2272 473 2329 Lini
505 2288 627 2328 nom
651 2272 806 2328 initio
827 2272 1060 2327 traditur
1086 2270 1335 2340 sequenti
1367 2270 1454 2325 die
1486 2285 1637 2324 more
1666 2270 1831 2324 solito

247 2366 591 2436 disputatum
626 2365 817 2429 fuisse,
849 2371 1031 2418 utrum
1064 2364 1195 2417 nihil
1223 2374 1375 2416 extra
1420 2363 1629 2432 genesi»
1658 2363 1827 2431 ﬁeret.

248 2457 615 2525 Quamobrem
646 2458 898 2513 Clemens
918 2455 1085 2511 variis
1115 2457 1387 2510 rationum
1416 2454 1707 2511 momentis
1737 2454 1832 2510 de-

250 2550 580 2605 monstravit
611 2550 884 2604 hominem
915 2548 1088 2603 libero
1120 2548 1417 2602 voluntatis
1448 2546 1692 2613 arbitrio,
1722 2562 1831 2617 quo

254 2642 527 2713 quidlibet
553 2657 714 2712 agere
755 2648 933 2711 potest
960 2640 1046 2695 vel
1083 2655 1192 2694 non
1240 2654 1422 2709 agere,
1467 2654 1590 2695 esse
1630 2639 1829 2709 praedi-

256 2744 396 2791 tum.
442 2734 625 2790 Senex
666 2748 796 2789 vero
842 2733 1022 2804 arguit
1062 2747 1132 2787 ex
1177 2730 1690 2787 constellationibus
1731 2748 1831 2785 va-

254 2828 466 2899 riisque
506 2835 781 2883 astrorum
816 2824 1153 2895 aspectibus,
1189 2838 1329 2894 quos
1356 2832 1613 2878 accurate
1641 2839 1833 2879 recen-

252 2921 395 2985 suit,
427 2920 678 2975 homines
724 2920 812 2973 vel
857 2918 1032 2972 bonos
1080 2915 1232 2979 ﬁeri,
1264 2915 1349 2970 vel
1396 2915 1589 2970 malos.
1625 2913 1831 2969 Contra

250 3015 508 3071 Clemens
536 3014 698 3082 longa
726 3012 1063 3074 inductione,
1097 3024 1206 3078 qua
1234 3009 1402 3063 variae
1432 3009 1684 3063 nationes
1708 3023 1832 3063 eas-

252 3108 379 3163 dem
421 3121 637 3176 semper
665 3106 809 3175 leges
838 3111 891 3159 et
928 3103 1359 3158 consuetudines
1423 3110 1833 3171 quantumcun-

1994 1900 2126 1956 Post
2153 1901 2267 1955 haec
2301 1908 2483 1954 autem
2522 1900 2664 1953 inter
2695 1896 2907 1968 prandii
2954 1906 3247 1966 apparatus
3284 1894 3503 1951 Fausti—

1926 1996 2163 2060 nianus,
2221 2003 2494 2049 annuente
2543 1992 2703 2047 Petro
2732 2032 2748 2057 ,
2796 1991 3096 2061 Appionem
3145 1997 3201 2044 et
3252 1988 3503 2043 Anubio—

1924 2104 2081 2157 nem,
2103 2088 2196 2159 qui
2234 2086 2523 2142 Antiochia
2555 2085 2876 2140 Laodiceam
2914 2098 3040 2137 cum
3066 2082 3293 2138 Simone
3332 2097 3503 2137 vene-

1923 2194 2069 2249 rant,
2108 2184 2312 2239 invisit.
2346 2183 2485 2236 Tum
2512 2180 2725 2244 Simon,
2756 2189 2815 2234 ut
2838 2178 3071 2232 ministri
3102 2176 3352 2243 Caesaris,
3404 2176 3500 2246 qui

1921 2291 2046 2331 eum
2076 2276 2143 2330 ad
2174 2290 2360 2329 necem
2381 2274 2728 2344 quaerebant,
2758 2269 3177 2325 Faustinianum
3211 2269 3265 2322 in
3317 2269 3499 2324 locum

1924 2385 2087 2426 suum
2112 2369 2275 2422 morti
2305 2368 2613 2431 traderent,
2657 2366 2758 2436 ipsi
2792 2365 3017 2434 magicis
3046 2365 3257 2418 artibus
3301 2363 3497 2417 faciem

1924 2462 2247 2532 vultumque
2295 2476 2453 2515 suum
2508 2457 2791 2529 imposuit.
2841 2456 2975 2511 Tam
3049 2456 3315 2526 stupenda
3367 2470 3500 2511 vero

1924 2554 2269 2610 Faustiniani
2321 2550 2801 2607 transformatione
2850 2563 3021 2603 uxore
3087 2548 3323 2617 filiisque
3376 2548 3498 2618 ejus

1924 2646 2355 2718 obstupefactis,
2412 2644 2664 2715 promisit
2726 2641 2920 2696 Petrus
2972 2656 3032 2695 se
3096 2639 3501 2707 Faustiniano,

1922 2751 2212 2812 postquam
2245 2738 2486 2793 Simonis
2517 2736 2671 2790 vultu
2704 2735 2771 2789 ad
2809 2748 3027 2789 errores
3064 2732 3185 2802 ejus
3214 2732 3503 2786 destruen-

1923 2835 2023 2889 dos
2079 2847 2217 2887 usus
2280 2840 2466 2895 esset,
2532 2829 2821 2899 prisrinam
2880 2824 3073 2879 faciem
3136 2823 3499 2877 redditurum.

1923 2925 2293 2994 Quamobrem
2350 2923 2601 2977 eumdem
2669 2918 3085 2973 Faustinianum
3155 2916 3503 2971 Antiochiam

1926 3018 2096 3081 misit,
2130 3031 2241 3087 quo
2271 3016 2458 3069 turbas
2488 3027 2679 3067 omnes
2720 3027 2750 3063 a
2790 3009 2946 3079 Mago
2981 3010 3271 3063 adversum
3314 3022 3373 3061 se
3408 3021 3505 3060 ca-

1924 3110 2151 3165 lumniis
2180 3108 2550 3163 acerbissimis
2578 3108 2880 3160 concitatas
2905 3146 2918 3169 ,
2961 3103 3215 3159 simulata
3259 3099 3506 3169 ejusdem

251 3215 362 3270 que
390 3206 646 3269 aspectus
685 3197 925 3251 siderum
965 3196 1103 3249 varii
1134 3194 1369 3260 fuerint,
1417 3170 1676 3248 inviolate
1716 3209 1833 3249 ser-
1858 3170 1900 3228 δ’
1926 3201 2038 3257 γετί
2098 3200 2340 3255 Simonis
2399 3198 2719 3270 pmnuemia
2784 3198 3018 3252 sedaret,
3070 3192 3230 3261 Quod
3282 3191 3505 3262 quidem

253 3298 543 3353 vaverunt,
587 3290 643 3345 id
674 3290 870 3345 falsum
901 3303 1023 3343 esse
1062 3287 1318 3341 convicit.
1354 3286 1634 3340 Summam
1663 3301 1832 3355 argu-

256 3385 427 3439 menti
471 3383 620 3438 illius
663 3383 774 3437 vim
816 3388 869 3435 et
911 3379 1130 3450 pondus
1174 3378 1395 3449 agnovit
1437 3393 1627 3431 senex.
1680 3376 1831 3442 Qua-

254 3484 481 3546 propter
524 3482 585 3527 ut
627 3474 679 3527 id
728 3473 1061 3542 experientia
1111 3487 1211 3525 sua
1249 3471 1446 3525 falsum
1497 3486 1618 3525 esse
1662 3472 1835 3539 magis

257 3568 545 3638 magisque
576 3566 947 3636 persuaderet,
973 3565 1077 3619 sibi
1110 3579 1305 3617 nomen
1330 3578 1452 3617 esse
1478 3560 1836 3615 Faustiniano

256 3658 550 3713 confessus
583 3665 688 3721 est,
730 3665 783 3711 et
811 3647 1149 3726 quaecunque
1190 3656 1291 3710 sibi
1338 3655 1673 3718 acciderant,
1704 3656 1834 3711 bre-

256 3755 401 3809 viter
430 3752 691 3807 narravit.
726 3750 806 3804 Ab
837 3764 1008 3803 uxore
1039 3749 1222 3817 itaque
1256 3764 1354 3801 sua
1388 3746 1649 3800 Mathidia
1689 3745 1839 3801 ﬁliis-

255 3862 366 3915 que
388 3845 503 3901 suis
528 3844 745 3914 agnitus
765 3849 868 3904 est,
894 3842 1060 3910 iique,
1078 3840 1307 3894 dimisso
1334 3839 1553 3908 papulo,
1578 3854 1684 3891 una
1710 3854 1834 3892 cum

256 3937 443 4001 Petro,
488 3937 543 3991 in
574 3935 785 3998 eadem,
816 3933 909 3988 ubi
944 3934 1303 4002 disceptatum
1336 3932 1535 4000 fuerat,
1562 3932 1724 3989 domo
1752 3949 1839 3988 re-

257 4034 602 4084 manserunt.

333 4120 570 4175 Decmus
617 4133 778 4173 uses
834 4117 994 4172 docet
1050 4116 1328 4187 quomodo
1381 4115 1606 4180 Petrus,
1647 4123 1840 4171 exorto

262 4216 403 4277 sole,
433 4210 898 4279 FauStinianoque
928 4209 1107 4263 adhuc
1137 4209 1467 4271 dormiente,
1503 4209 1837 4263 Clementem

263 4308 572 4375 fratresque
616 4305 740 4373 ejus
777 4303 845 4358 de
889 4301 1127 4357 ineunda
1170 4318 1293 4356 cum
1340 4302 1433 4355 illo
1470 4301 1841 4369 disputatione

261 4399 548 4461 erudierit,
599 4396 963 4465 statueritque
1012 4394 1188 4448 cidem
1239 4392 1622 4457 Faustiniano,
1661 4400 1719 4447 ut
1771 4392 1836 4446 ad

1926 3292 2318 3348 Faustinianus
2361 3291 2530 3345 variis
2583 3290 2895 3345 ﬁctionibus
2924 3299 2978 3342 et
3024 3285 3327 3342 mendaciis
3367 3299 3513 3351 pra:-

1935 3375 2093 3438 stitit,
2138 3389 2204 3428 ac
2233 3382 2425 3443 postea
2463 3375 2647 3431 vultus
2694 3376 2960 3445 pristinus
3004 3392 3034 3429 a
3077 3376 3240 3431 Petro
3280 3378 3355 3432 illi
3390 3394 3512 3433 ont-

1935 3471 2067 3522 nino
2096 3468 2383 3523 restitutus
2413 3476 2516 3523 est.
2547 3467 2753 3522 Dehinc
2782 3467 2977 3523 Petrus
2999 3470 3197 3523 creatis
3229 3468 3516 3527 Laodicea

1936 3544 2194 3631 episcbpo
2228 3570 2281 3616 et
2311 3562 2669 3632 presbyteris,
2705 3578 2769 3615 ac
2801 3561 3011 3616 reddita
3046 3562 3206 3630 aegris
3238 3562 3513 3619 obsessis-

1937 3668 2044 3722 que
2075 3654 2329 3717 sanitate,
2359 3653 2739 3716 Antiochiam,
2778 3669 2886 3723 qua
2934 3652 3123 3707 Simon
3159 3654 3351 3723 pulsus
3396 3655 3513 3709 fue-

1937 3753 2044 3809 rat,
2077 3747 2385 3811 contendit,
2432 3755 2597 3816 atque
2626 3748 2703 3801 illi
2738 3747 2925 3801 urbem
2972 3747 3298 3817 ingredienti
3333 3748 3519 3804 omnis

1939 3839 2193 3908 populus,
2223 3846 2279 3893 et
2317 3854 2507 3894 omnes
2538 3839 2773 3907 majores
2803 3845 2958 3903 natu,
2990 3853 3054 3893 ac
3082 3839 3293 3894 nobiles
3333 3840 3515 3909 paeni-

1937 3932 2165 3984 tentiam
2215 3940 2460 4001 agentes,
2492 3933 2708 3987 iverunt
2756 3933 2993 3987 obviam.
3024 3932 3143 4001 Ipse
3170 3947 3304 3986 vero
3336 3933 3403 3987 de
3434 3939 3518 3986 tot

1940 4020 2221 4076 hominum
2272 4024 2630 4079 conversione
2678 4025 2883 4093 gratias
2932 4023 3041 4079 lleo
3070 4025 3277 4089 retulit,
3323 4040 3521 4083 omnes

1939 4122 2173 4183 aegrotos
2201 4116 2430 4180 sanavit,
2463 4124 2624 4186 atque
2655 4117 2798 4170 intra
2838 4126 3042 4186 septem
3078 4118 3195 4172 dies
3227 4118 3521 4172 duodecim

1941 4206 2108 4259 millia
2135 4206 2415 4260 hominum
2451 4223 2610 4263 sacro
2643 4208 2813 4262 abluit
2858 4209 3205 4278 baptismate.
3234 4207 3346 4265 Hos
3376 4210 3520 4263 inter

1942 4296 2297 4367 Theophilus,
2327 4300 2412 4353 vir
2443 4299 2626 4369 populi
2670 4300 2992 4369 primarius,
3039 4299 3226 4354 domus
3275 4317 3387 4355 sua:
3432 4303 3527 4355 in~

1941 4399 2141 4460 gentem
2191 4390 2467 4444 basilicam
2524 4390 2757 4444 ecclesia:
2802 4394 3008 4446 nomine
3054 4394 3411 4456 consecravit,
3462 4395 3521 4446 in

263 4489 678 4561 amplexandam
715 4487 1030 4557 religionem
1064 4485 1429 4540 Christianam
1459 4501 1581 4541 sese
1622 4500 1843 4553 compa-
1878 4504 1917 4556 ι)
1946 4499 2049 4554 qua
2082 4481 2242 4536 Petro
2283 4483 2521 4551 apostolo
2568 4484 2857 4536 constituta
2898 4493 2975 4537 est
3026 4484 3089 4537 ab
3141 4486 3283 4538 omni
3325 4486 3529 4553 populo.

263 4590 450 4645 raret,
490 4580 731 4635 dandum
777 4595 897 4635 esse
929 4579 1095 4633 unius
1124 4579 1249 4632 anni
1286 4578 1544 4647 spatium.
1577 4575 1711 4631 Cum
1745 4591 1844 4629 au-

265 4682 378 4728 tem
408 4672 796 4727 Faustinianus
835 4671 1035 4725 electo
1081 4670 1433 4731 surrexisset,
1467 4668 1534 4721 ab
1581 4668 1649 4724 iis
1690 4682 1841 4737 qua:-

268 4766 399 4821 sivit
437 4781 504 4818 an
535 4766 606 4819 sit
639 4765 692 4817 in
724 4763 1029 4818 substantia
1069 4770 1123 4816 et
1159 4761 1373 4815 actibus
1408 4760 1610 4813 bonum
1640 4765 1695 4811 et
1729 4773 1847 4812 ma-

270 4862 405 4916 lum.
443 4858 583 4913 Huic
610 4856 896 4927 quaestioni
928 4852 1208 4924 respondit
1243 4851 1517 4910 Clemens,
1557 4860 1718 4918 atque
1750 4865 1848 4903 ex-

269 4953 467 5025 positis
495 4952 563 5007 de
595 4952 739 5005 bono
770 4958 823 5005 et
866 4950 1009 5002 malo
1051 4947 1330 5001 stellarum
1374 4952 1596 5014 aspectu
1644 4943 1848 5012 princi-

270 5046 399 5116 piis,
430 5044 679 5115 probavit
708 5043 912 5096 nullam
944 5040 1070 5094 inde
1103 5037 1419 5092 hominibus
1452 5036 1655 5104 imponi
1688 5049 1849 5103 posse

274 5138 679 5193 necessitatem.
708 5134 880 5189 Porro
926 5139 1106 5187 autem
1138 5146 1262 5185 cum
1294 5129 1409 5183 haec
1436 5128 1694 5197 utrinque
1731 5127 1848 5181 dis-

274 5237 657 5300 ceptarentur,
710 5227 935 5288 Petrus,
992 5233 1241 5280 coactum
1297 5222 1490 5277 videns
1545 5219 1848 5289 populum,

276 5324 532 5391 deinceps
556 5322 623 5376 de
650 5319 953 5374 idololatria
979 5317 1242 5386 falsisque
1274 5314 1509 5369 deorum
1531 5311 1852 5366 numinibus

273 5416 441 5483 jussit
466 5416 754 5485 disputari.
794 5413 1059 5479 Quocirca
1087 5409 1343 5465 Clemens
1381 5405 1646 5473 originem
1682 5405 1854 5459 idolo-

277 5508 456 5561 latria:
486 5507 705 5570 evolvit,
746 5506 991 5575 dixitque
1032 5517 1159 5557 vera
1190 5499 1452 5555 falsorum
1487 5499 1713 5552 deorum
1747 5497 1855 5552 cri-

282 5601 457 5664 mina,
498 5600 553 5654 in
586 5600 886 5670 primisque
924 5596 1073 5652 Iovis
1124 5601 1313 5663 stupra
1342 5600 1397 5648 et
1427 5591 1693 5646 adulteria
1738 5605 1858 5644 om-

282 5692 446 5748 nibus
478 5708 601 5749 esse
652 5693 965 5756 notissima,
1009 5704 1075 5745 ac
1117 5687 1333 5741 tandem
1366 5686 1661 5741 etiamnum
1710 5690 1859 5739 stare

285 5783 443 5853 plura
484 5784 719 5842 filiorum
746 5784 889 5858 ejus,
930 5781 1213 5839 hominum
1255 5781 1443 5853 utique
1489 5778 1856 5851 nequissimo-

1944 4574 2220 4629 cathedra.
2264 4573 2507 4644 Denique
2544 4571 2957 4630 Faustinianum
2990 4576 3264 4645 baptismo
3312 4576 3519 4630 initiari

1944 4667 2332 4736 postulantem,
2374 4665 2591 4731 Petrus,
2622 4666 2830 4720 indicto
2878 4668 3019 4736 plebi
3060 4668 3292 4737 jejunio,
3342 4668 3522 4737 bapti-

1946 4760 2107 4822 zavit,
2140 4767 2192 4814 et
2226 4774 2565 4828 quaecunque
2608 4758 2875 4813 hactenus
2900 4760 2950 4813 ei
2976 4760 3340 4829 contigerant,
3368 4760 3531 4814 omni:

1950 4851 2147 4923 populo
2172 4851 2444 4921 exposuit.

2484 4940 2879 4997 ARTICULUS
2916 4940 2981 4997 ll.

2212 5036 2352 5105 Quid
2385 5047 2575 5091 veteres
2602 5036 2665 5089 de
2688 5036 2769 5089 his
2806 5035 2956 5088 libris
2994 5035 3271 5088 senserint.

2020 5132 2245 5185 Auctori
2281 5130 2509 5199 hujusce
2548 5128 2730 5198 operis
2756 5128 2803 5182 si
2829 5127 2960 5182 fides
2998 5127 3286 5189 habeatur,
3320 5123 3527 5181 Roma-

1951 5239 2056 5278 nus
2087 5222 2177 5276 ille
2211 5219 2334 5282 fuit,
2377 5234 2408 5274 e
2447 5218 2681 5273 Caesaris
2731 5214 2955 5279 familia,
2996 5214 3215 5267 nomine
3246 5212 3520 5275 Clemens,

1953 5314 2043 5368 cui
2093 5321 2247 5383 pater
2272 5310 2661 5365 Faustinianus
2688 5348 2704 5373 ,
2752 5316 2924 5363 mater
2966 5305 3220 5359 Mathidia
3246 5343 3262 5369 ,
3326 5303 3525 5358 fratres

1954 5405 2169 5460 Nicetes
2213 5410 2266 5459 et
2288 5401 2502 5472 Aquila,
2550 5402 2666 5471 ipse
2705 5400 3012 5471 praecipuus
3062 5396 3526 5464 charissimusque

1954 5497 2098 5551 Petri
2155 5494 2491 5564 discipulus;
2549 5492 2642 5561 qui
2697 5493 2882 5562 plures
2931 5488 3175 5557 ejusdem
3232 5485 3522 5555 apostolici

1956 5590 2250 5644 conciones
2298 5586 2806 5656 disputationesque
2853 5582 3075 5650 scriptis
3129 5578 3375 5640 tradidit,
3426 5592 3527 5630 va-

1959 5684 2179 5752 riosque
2216 5679 2428 5757 redegit
2478 5679 2532 5732 in
2579 5678 2767 5739 libros.
2816 5673 2941 5729 Haec
2988 5674 3078 5727 ille
3123 5678 3276 5733 tanta
3324 5668 3523 5757 ﬁducia

1959 5754 2225 5843 tantaque-
2245 5769 2649 5828 asseveratione
2676 5767 2926 5836 affirmat,
2954 5772 3013 5820 ut
3039 5763 3193 5821 multi
3226 5754 3527 5835 scriptdres
