1945 3096
187 153 258 184 “79

633 149 660 179 S.
678 149 875 178 CLEMENTIS
892 150 901 177 ι
919 148 1004 179 ΒΟΜ.
1021 149 1123 180 PONT.
1142 150 1258 180 OPERA
1275 151 1389 180 DUBIA.

1753 156 1823 186 ηερ

185 213 278 241 varias
302 211 427 246 eiusdem
458 210 551 246 operis
579 209 731 237 sententias
755 209 843 244 ipsius
872 208 983 236 nomine
996 210 1020 239 Α
1034 214 1097 236 nota
1112 210 1140 236 in
1151 210 1206 237 illis
1217 218 1343 245 expressa
1362 211 1501 245 reperitur.
1518 211 1553 238 Et
1563 211 1705 240 Clementis
1716 215 1827 249 quidem;

186 260 291 294 absque
310 258 366 284 ullo
380 257 511 291 scrupulo
531 256 619 283 citare
639 263 693 282 non
708 255 905 283 dubitaverint.
920 254 981 282 Pri-

185 313 248 333 ntus
263 305 335 332 inter
348 311 397 331 eos
417 303 498 330 nobis
522 302 644 329 occurrit
658 301 802 336 Origenes,
817 301 863 336 qui
877 301 928 329 hos
946 301 980 328 li-

184 352 251 380 bros
272 351 312 378 sic
335 349 448 376 laudat:
464 348 529 375 Tale
552 347 653 383 aliquid
670 348 734 374 dicit
756 352 781 374 et
795 346 889 375 Petrus
910 346 980 380 apud

185 395 356 427 Clementem,
379 394 504 429 quoniam
529 392 597 419 bona
620 400 698 427 opera
712 400 771 428 qua!
783 392 850 426 ﬁunt
866 400 883 418 a
894 391 981 426 fideli-

185 441 232 468 bus
245 441 280 470 _in
299 440 347 466 huc
367 439 465 467 satculo
486 439 524 465 eis
546 443 656 473 prosunt
682 438 722 470 “,
738 442 793 466 etc.
818 438 890 465 Alibi
916 444 981 464 vero

185 485 259 513 aliud
272 485 464 519 fragmentum,
477 485 616 520 superiore
627 485 707 521 longe
717 486 859 520 prolixius,
874 486 900 514 in
912 487 970 515 haec

183 531 328 565 exscripsit
354 530 435 558 verba
450 530 494 557 ":
518 529 551 556 Et
575 530 694 558 Clemens
722 531 873 564 Romanus,
895 531 970 559 Petri

183 577 297 611 apostoli
310 577 466 612 discipulus,
480 577 507 603 in
519 577 586 604 hanc
598 578 766 612 quaestionem
776 582 800 605 et
813 578 969 605 sententiam

183 631 244 649 cum
256 627 331 658 patre
343 622 481 650 Laodicete
494 624 521 649 in
532 622 750 655 Circuitionibus,
763 624 791 650 ἐν
802 624 863 655 ταῖς
873 623 971 659 Περιό-

183 668 237 701 δοις
250 668 364 700 loculus,
379 673 431 696 etc.
447 669 487 696 Ab
503 675 613 696 auctore
632 673 723 696 autem
740 669 833 703 Operis
848 670 972 705 imperfeo

184 714 221 740 cti
235 714 262 740 in
274 712 431 741 Matt/tcum
444 713 514 740 idem
527 714 622 741 titulus
634 714 676 741 his
688 714 764 741 libris
775 715 920 749 praellgitur
929 716 968 743 δίς

185 758 280 787 Petrus
294 761 365 794 apud
378 760 554 793 Clementem,
569 761 609 788 vel
624 769 630 787 :
646 759 720 788 Sicut
733 761 759 787 in
776 760 897 788 Historia
911 761 971 790 Cle—

185 806 279 833 mentis
295 805 389 833 Petrus
408 807 528 841 exponit.
542 806 590 834 His
604 807 713 842 adjungi
732 812 847 841 possunt
860 807 970 835 Aldhel-

185 859 264 883 mus.
280 851 448 879 Venerabilis
472 852 560 884 Beda.
588 858 686 880 auctor
707 853 831 880 Chronici
853 853 970 880 Alexan—

184 898 267 930 drini,
281 897 431 929 Frecull'us,
444 896 624 932 Nicephorus,
638 898 771 933 Georgius
784 898 933 931 Cedrcnus,
944 904 970 926 et

182 944 229 971 alii
248 943 384 975 nonnulli.
401 951 416 970 ιι
429 943 530 979 quibus
546 944 598 970 hoc
612 950 682 978 opus
699 942 795 970 eodetn
810 943 920 969 nomine
936 942 979 969 in-

183 991 314 1026 signitum
326 994 380 1018 est.

218 1035 271 1063 Alii
296 1043 362 1063 vero
389 1034 456 1062 illud
489 1034 562 1062 inter
588 1034 745 1069 apocrypha
770 1034 909 1069 rejiciunt.
938 1034 977 1063 Ita

180 1083 256 1111 enim
272 1083 306 1111 de
321 1090 353 1110 eo
365 1082 461 1110 Patres
480 1081 589 1109 concilii
607 1080 722 1108 Romani
735 1081 787 1109 sub
797 1080 907 1109 Gelasio
922 1087 978 1109 sta-

183 1134 268 1157 tuunt
281 1138 287 1156 :
305 1128 481 1156 Itinerarium
496 1127 602 1154 nomine
617 1126 693 1154 Petri
709 1128 834 1162 apostoli,
846 1128 916 1164 quod
930 1136 977 1162 ap-

180 1174 296 1210 pellatur
330 1174 416 1201 sancti
446 1172 588 1201 Clementis
617 1172 679 1200 libri
704 1173 975 1209 octo,apocryphum.

180 1221 236 1249 Pro
258 1226 316 1248 octo
341 1220 430 1248 critici
458 1220 607 1254 scriptores
630 1222 727 1254 putant
748 1219 893 1255 legendum
914 1227 976 1248 esse

179 1267 278 1294 decem.
300 1266 404 1293 Auctor
426 1273 492 1293 vero
519 1264 722 1296 Stichotnetriav,
752 1269 815 1300 post
828 1265 976 1301 Niccpliori

179 1313 482 1349 Constantinopolitani
507 1312 762 1347 Chronographiam
792 1312 894 1340 addita:
916 1313 975 1341 :Et

178 1369 237 1396 qua
254 1359 331 1391 Novi,
348 1359 452 1386 scilicet
467 1357 646 1388 Testamentl,
658 1362 721 1385 sunt
735 1358 886 1394 apocrypha
898 1368 907 1386 :
922 1358 974 1386 Iti-

179 1405 316 1433 nerarium
330 1404 404 1431 Petri
419 1412 508 1431 vorsus
523 1404 605 1432 2700.
628 1404 791 1440 Agobardus
806 1412 917 1439 quoque
933 1405 972 1433 ‘1:

177 1452 252 1480 Licet
282 1451 362 1479 iidem
385 1451 467 1483 libri,
495 1451 595 1488 inquit,
620 1451 673 1478 siut
695 1451 854 1486 apocryplti;
884 1451 974 1486 plera-

177 1506 227 1534 que
244 1503 330 1524 tamen
345 1505 378 1524 ea:
394 1497 427 1523 iis
445 1497 595 1523 testimonia
613 1496 781 1523 inueniuntur
796 1503 811 1522 a
822 1495 973 1522 doctoribus

1031 263 1089 290 qua
1100 256 1225 290 genuina,
1238 261 1264 283 et
1277 257 1395 283 omnium
1415 265 1543 285 consensu
1561 262 1662 294 recepta
1679 261 1732 286 sint
1755 262 1829 287 scri-

1029 306 1076 336 pta
1084 302 1145 335 jam
1157 303 1225 329 satis
1240 302 1330 338 liquet.
1350 302 1428 331 Unde
1441 303 1565 332 Valesius
1584 304 1626 331 bis
1642 305 1731 333 verbis
1748 305 1831 333 Petri

1030 352 1055 375 et
1089 346 1201 381 Apionis
1225 348 1418 384 disputationes
1446 350 1534 377 libros
1554 349 1771 385 Recoqnitionum
1793 353 1832 380 ab

1033 393 1155 421 Eusebio
1171 395 1331 430 designatos
1340 396 1478 431 opinatur.
1494 396 1572 430 Quod
1588 397 1610 424 si
1626 397 1727 425 dixeris
1743 406 1776 425 tn
1792 400 1828 426 iis

1031 447 1085 467 non
1101 439 1217 467 inveniri
1231 447 1302 475 quas
1314 440 1448 468 Eusebius
1461 440 1485 456 ”
1507 440 1575 468 dicit
1589 440 1662 467 Petri
1684 445 1711 468 et
1736 439 1828 476 Apio-

1031 485 1072 512 nis
1083 485 1287 520 disputationes,
1303 486 1449 521 respondet
1464 485 1605 520 Ruﬁnum,
1628 487 1712 521 hujus
1726 488 1828 522 operis

1030 531 1219 566 interpretem,
1238 531 1292 558 alia
1306 540 1391 567 penes
1410 540 1440 560 se
1456 532 1585 560 habuisse
1606 532 1767 560 eorutndem
1791 533 1828 559 li-

1029 576 1141 604 brorum
1156 578 1322 613 exemplaria
1350 579 1378 605 in
1393 578 1493 613 quibus
1503 579 1661 614 plura,qu:e
1675 579 1703 606 in
1716 580 1828 607 nostris

1028 630 1187 656 occurrunt,
1205 632 1258 652 non
1274 625 1554 660 repraesentabantur.

1064 668 1261 697 Verumtamen
1283 671 1407 705 quandiu
1423 679 1478 698 non
1498 671 1645 698 exstabunt
1665 671 1711 698 illa
1727 679 1826 699 exent-

1028 714 1126 749 plaria,
1145 723 1160 742 a
1175 716 1276 743 nostris
1293 719 1436 751 tantopere
1451 717 1648 751 discrepantia.
1667 717 1764 745 tandiu
1781 718 1826 744 in-

1027 763 1133 787 certum
1147 760 1200 787 erit
1216 765 1307 788 utrum
1330 761 1358 788 in
1374 762 1414 789 cis
1430 762 1471 789 vel
1487 762 1516 789 in
1531 762 1592 789 aliis
1604 761 1727 796 ejusdem
1751 763 1824 790 scri-

1028 806 1116 840 ptoris
1145 806 1225 834 libris
1248 807 1290 835 lue
1314 807 1516 843 disputationes
1544 808 1748 841 contineantur,
1775 813 1825 835 aut

1028 852 1137 880 tandem
1155 852 1208 880 illa:
1227 854 1290 880 sola:
1309 854 1427 888 speciale
1447 853 1558 889 aliquod
1573 855 1700 882 volumen
1715 856 1825 883 consti-

992 887 1014 915 Β
1030 898 1140 925 tuerint.
1154 897 1189 926 Ut
1202 902 1230 925 ut
1241 899 1289 930 sit,
1307 887 1447 927 nonnullis
1471 887 1587 928 forsitan
1604 900 1673 928 idetn
1685 900 1825 930 Eusebius

1029 944 1115 971 libros
1131 944 1346 979 Recogitilionum
1366 947 1475 973 nurnine
1486 947 1567 974 Actus
1576 946 1650 973 Petri
1666 948 1826 982 appellasse

1029 989 1176 1021 videbitur,
1195 998 1257 1016 cum
1278 991 1421 1025 scripsit"
1434 1001 1440 1018 :
1451 991 1560 1018 Librum
1582 1000 1659 1023 vero.
1675 993 1719 1027 qui
1733 992 1822 1020 Actus

1029 1036 1104 1063 Petri
1118 1037 1225 1069 dicitur,
1239 1043 1263 1064 et
1276 1037 1448 1073 anngelium
1465 1041 1522 1073 ejus
1535 1040 1638 1067 nomine
1649 1040 1821 1074 inscriptum,

1021 1082 1224 1114 Prtcdicatiunis
1248 1092 1349 1118 quoque
1366 1089 1390 1111 et
1398 1085 1573 1112 Reoelationis
1589 1085 1704 1120 ejusdem
1735 1085 1821 1113 libros

1027 1136 1076 1163 pro
1090 1128 1228 1156 catholicis
1244 1129 1351 1163 scriptis
1366 1138 1502 1165 nunquam
1516 1130 1621 1158 habitos
1633 1139 1690 1158 esse
1702 1137 1820 1160 constat.

1027 1174 1083 1204 Nec
1100 1176 1284 1203 vetustiorum
1299 1176 1446 1211 siquidem,
1463 1185 1515 1205 nec
1527 1179 1712 1205 recentiorum
1723 1178 1822 1206 Eccle-

1028 1221 1075 1249 siae
1092 1222 1258 1257 scriptorum
1276 1223 1434 1258 quisquam,
1462 1224 1608 1259 desumpto
1628 1232 1660 1251 ex
1684 1224 1719 1252 iis
1740 1225 1823 1252 libris

1028 1270 1184 1297 testimonio
1201 1277 1268 1297 usus
1281 1277 1402 1305 unquam
1420 1269 1505 1298 fuisse
1521 1271 1630 1305 legitur.
1645 1270 1706 1298 Non
1721 1279 1822 1299 sumus

1027 1315 1137 1350 quidem
1155 1316 1258 1348 nescii,
1294 1323 1343 1344 eos
1363 1316 1398 1344 de
1419 1317 1520 1351 quibus
1539 1317 1673 1345 Eusebius
1694 1317 1822 1352 disputat

1027 1362 1123 1394 libros,
1138 1362 1172 1390 ab
1186 1363 1318 1398 antiquis,
1334 1367 1364 1390 ut
1379 1363 1462 1397 paulo
1475 1367 1539 1391 ante
1552 1363 1680 1395 vidimus,
1697 1364 1822 1399 scripto-

1026 1408 1101 1435 ribus
1126 1407 1211 1436 fuisse
1236 1408 1345 1436 citatos.
1368 1408 1498 1435 Attamen
1520 1416 1574 1436 non
1599 1408 1663 1436 inde
1683 1409 1823 1436 continuo

1026 1454 1120 1481 inferri
1146 1455 1237 1486 debet,
1260 1455 1347 1488 illum,
1373 1462 1428 1482 non
1453 1454 1488 1482 de
1513 1454 1676 1487 Clementis,
1707 1455 1757 1483 sed
1784 1455 1821 1483 de

1025 1501 1139 1528 alterius
1158 1500 1301 1535 cujusdam
1325 1500 1404 1528 libris
1429 1501 1552 1528 locutum
1576 1509 1647 1529 esse.
1668 1500 1739 1528 Nam
1754 1521 1763 1533 ,
1790 1506 1821 1529 ut

177 1549 318 1579 usurpata.
345 1542 515 1570 Hltmberlus
537 1542 620 1569 ειίτιηι
635 1542 781 1577 episcopus
798 1540 886 1576 διινω
901 1541 973 1568 0³η-
986 1557 1007 1586 c
1025 1546 1176 1582 prudenter
1190 1546 1319 1574 observat
1330 1546 1475 1580 Valesius,
1493 1547 1530 1575 ibi
1546 1547 1658 1580 erravit,
1674 1552 1700 1575 et
1716 1555 1821 1575 memo-

177 1590 248 1618 didze
262 1589 459 1618 “:Clemenlis
486 1589 562 1620 liber,
589 1588 616 1615 id
641 1592 681 1615 est
707 1587 880 1615 ltinerarium
897 1587 971 1615 Petri

178 1636 292 1671 apostoli
315 1640 339 1663 et
362 1635 482 1663 Canones
505 1634 685 1669 apostolorum
710 1639 883 1661 numerantur
902 1635 971 1662 inter

177 1682 337 1718 apocrypha.
366 1681 415 1709 His
445 1681 552 1709 accedit
579 1680 718 1708 Honorius
738 1679 970 1715 Augustodunen-

176 1730 261 1758 uis“:
275 1728 395 1756 Clemens
407 1729 548 1763 scripsit...
565 1727 741 1754 Itinerarium
754 1726 828 1753 Petri
841 1731 866 1753 et
878 1726 971 1761 dispu-

177 1776 303 1802 tationem
317 1775 400 1807 Petri,
418 1778 444 1800 et
473 1774 595 1808 Apionis,
609 1778 633 1800 et
647 1773 732 1800 multa
746 1772 813 1805 alia,
828 1780 887 1808 qua:
901 1773 970 1799 inter

176 1821 324 1856 apocrypha
349 1825 531 1847 numerantur.
554 1821 625 1846 Ante
647 1827 696 1847 eos
716 1826 781 1846 vero
796 1818 968 1846 Athanasius

176 1868 280 1895 dixisse
295 1867 382 1894 fertur
391 1866 426 1892 ⁵⁸.
447 1866 547 1893 Iterum
563 1865 624 1892 libri
641 1865 709 1893 Noui
723 1865 894 1896 Testamenti,
910 1865 969 1900 qui-

176 1913 224 1940 bus
240 1912 443 1944 contradicitur,
461 1917 523 1939 sunt
540 1911 674 1939 Circuitus
690 1911 774 1944 Petri,
789 1914 843 1938 etc.

441 1968 639 1995 ARTICULUS
659 1967 704 1995 lll.

194 2015 264 2049 Quid
282 2014 421 2048 Eusebius,
435 2014 627 2049 Hieronymus,
646 2019 671 2040 et
684 2013 848 2048 Epiphanius
864 2012 895 2040 de
909 2013 950 2040 his

469 2050 544 2076 libris
561 2050 702 2077 senserint.

210 2097 389 2124 Arbitrantur
414 2095 539 2123 nonnulli
565 2095 761 2130 Hieronymum
785 2094 909 2122 eamdem
934 2095 968 2123 de

169 2143 218 2171 lliis
234 2143 309 2170 libris
327 2142 424 2169 tulisse
442 2141 618 2172 sententiam,
631 2141 677 2168 ubi
692 2141 762 2168 dixit
772 2141 794 2156 "
808 2150 814 2168 :
826 2139 901 2167 Libri
916 2150 966 2167 au-

175 2194 225 2215 tem
234 2197 246 2215 e
254 2188 347 2224 quibus
358 2187 557 2214 uuusActorum
564 2186 620 2221 ejus
628 2186 793 2219 inscribitur,
803 2187 872 2213 alius
882 2186 968 2214 Euan—

1021 1593 1062 1621 ria
1078 1593 1172 1628 lapsus
1192 1597 1234 1620 est
1250 1592 1404 1626 Eusebius;
1420 1594 1521 1628 quippe
1536 1594 1583 1628 qui
1605 1594 1729 1622 eamdem
1743 1594 1819 1630 Apo-

1021 1639 1156 1675 calypsin,
1175 1647 1224 1667 seu
1236 1638 1430 1667 Revelationem
1445 1639 1531 1671 Petri,
1544 1648 1626 1675 quam
1636 1640 1681 1667 hic
1696 1641 1731 1668 ab
1742 1642 1819 1669 anti-

1020 1688 1084 1721 quis
1104 1686 1217 1713 citatam
1234 1689 1326 1721 negat,
1343 1686 1406 1712 alibi
1423 1693 1437 1712 a
1448 1686 1589 1714 Clemente
1607 1686 1714 1713 laudari
1727 1691 1817 1714 testa-

1020 1737 1066 1760 tur
1075 1733 1098 1749 "
1112 1743 1118 1761 :
1130 1733 1251 1761 Clemens
1272 1733 1299 1760 in
1315 1732 1390 1759 libris
1403 1732 1608 1768 Hypotyposeon
1621 1732 1695 1760 Petri
1710 1736 1817 1768 Apoca-

1021 1779 1108 1815 lypsin
1133 1778 1239 1806 laudat.
1263 1777 1375 1805 Certum
1402 1781 1445 1805 est
1469 1782 1599 1813 praeterea
1621 1778 1733 1810 librum.
1767 1780 1816 1814 qui

1021 1825 1185 1852 Prtedicatio
1198 1824 1275 1851 Petri
1295 1824 1468 1855 inscribitur,
1489 1824 1523 1851 ab
1544 1823 1660 1859 Origene
1673 1825 1697 1841 ⁸⁷
1710 1830 1736 1852 et
1750 1826 1815 1853 aliis

1019 1871 1161 1898 nonnullis
1173 1869 1261 1897 fuisse
1276 1870 1400 1897 citatum.
1413 1869 1506 1896 Potuit
1517 1878 1582 1905 ergo
1592 1869 1729 1898 Eusebius
1741 1875 1771 1897 et
1785 1871 1815 1898 iu

1020 1917 1082 1943 aliis
1104 1916 1213 1943 duobus
1237 1914 1333 1947 libris,
1357 1923 1427 1949 quos
1452 1919 1659 1947 commemorat,
1685 1915 1815 1943 similiter

1019 1962 1119 1998 decipi.
1147 1961 1196 1989 His
1220 1965 1313 1989 tamen
1334 1961 1436 1996 opponi
1455 1965 1557 1996 potest,
1580 1961 1656 1988 illum
1675 1960 1709 1988 de
1732 1961 1814 1989 libris

1019 2016 1034 2035 a
1049 2008 1140 2040 Petro,
1156 2016 1211 2035 non
1231 2012 1323 2035 autem
1340 2014 1355 2034 a
1367 2006 1509 2034 Clemente
1528 2007 1641 2041 scriptis
1662 2007 1699 2034 ibi
1714 2007 1808 2042 dispu-

1019 2058 1087 2082 tare.
1114 2054 1250 2082 Cteterum
1276 2054 1300 2081 si
1321 2053 1458 2081 Eusebius
1474 2053 1502 2080 in
1516 2053 1608 2081 allatis
1633 2053 1703 2081 locis
1724 2054 1813 2082 libros

1018 2100 1235 2135 Recognitionum
1256 2099 1407 2127 Clementis
1434 2099 1545 2131 laudat,
1574 2100 1637 2128 illos
1659 2101 1813 2135 genuinum

1017 2145 1169 2173 Clementis
1193 2154 1263 2181 opus
1287 2154 1349 2174 esse
1373 2146 1484 2181 penitus
1512 2145 1659 2173 inliciatur.
1692 2145 1722 2173 Si
1745 2155 1813 2175 vero

1018 2199 1112 2219 eorum
1131 2199 1188 2218 non
1207 2191 1343 2224 meminit,
1365 2192 1436 2219 idem
1450 2200 1487 2219 ex
1500 2191 1563 2226 ejus
1572 2192 1682 2219 silentio
1698 2192 1814 2219 ducitur

173 2234 249 2268 gelii,
269 2234 360 2260 tertius
380 2232 702 2260 Prtedicationis...inter
716 2233 879 2268 apocryphas
897 2235 965 2261 scri-
981 2236 1002 2263 Ι)
1017 2239 1221 2270 argumentum.
1245 2235 1340 2270 Neque
1363 2235 1437 2263 enim
1463 2235 1509 2262 ille
1533 2239 1590 2262 tam
1613 2235 1709 2271 longas
1732 2236 1813 2264 lucu-

172 2284 264 2314 pturas
291 2283 458 2313 rcputantur.
489 2277 596 2305 Rursus
626 2285 691 2305 vero
716 2278 762 2305 ubi
786 2278 821 2306 de
846 2279 964 2313 ipsomet

173 2325 313 2352 Clemente
326 2324 439 2351 disserit
450 2324 488 2351 "2
502 2323 537 2350 Et
550 2324 695 2358 disputatio
703 2323 777 2350 Petri
790 2328 816 2351 et
840 2325 962 2359 Apionis,

173 2369 274 2403 inquit,
295 2377 374 2404 quant
391 2368 518 2396 Eusebius
538 2369 565 2395 in
588 2369 664 2395 tertio
679 2368 808 2396 Historia:
835 2370 960 2397 ecclesia-

172 2416 246 2441 stica:
268 2415 398 2441 volumine
420 2415 552 2449 coarguit.
575 2414 608 2440 Et
624 2422 654 2441 re
670 2414 778 2449 quidem
800 2416 860 2450 ipsa
874 2415 961 2443 Euse-

171 2461 234 2488 bius
252 2461 280 2487 in
294 2460 404 2491 eodem.
421 2468 502 2496 quem
520 2460 701 2495 Hieronymus
719 2461 796 2493 citat,
812 2461 882 2488 libro
903 2462 960 2489 haec

172 2507 257 2535 habet
276 2507 319 2532 ":
345 2506 461 2539 Quidam
482 2514 562 2540 porro
583 2506 638 2532 alia
660 2506 740 2533 etiam
760 2514 838 2541 opera
854 2509 960 2540 prolixa

171 2552 219 2580 sub
240 2553 297 2587 ejus
320 2553 424 2579 nomine
449 2552 505 2579 heri
543 2560 573 2579 ac
603 2552 796 2580 nudiustertius
822 2561 850 2579 ιη
871 2556 959 2582 lumen

170 2599 353 2634 protulerunt,
376 2603 441 2633 puta
464 2599 537 2626 Petri
565 2603 591 2626 et
619 2599 730 2633 Apionis
753 2599 956 2633 disputationes.

170 2654 283 2680 quorum
302 2645 372 2680 apud
393 2645 515 2680 antiquos
531 2644 607 2671 nulla
620 2646 726 2671 ontnino
743 2650 830 2672 exstat
848 2648 956 2674 mentio.

170 2691 261 2727 Neque
275 2692 344 2719 enim
360 2692 462 2718 sincera
477 2695 555 2718 rectae
567 2690 639 2725 ﬁdei,
653 2691 685 2718 ab
697 2692 825 2726 apostolis
839 2693 956 2726 traditw,

205 2763 227 2779 “
246 2762 366 2789 Tractat.
381 2762 415 2789 35
427 2762 455 2788 in
468 2761 563 2788 Matth.

1015 2281 1166 2313 brationes,
1180 2289 1250 2316 quas
1264 2289 1280 2308 a
1292 2281 1432 2309 Clemente
1447 2280 1586 2316 prolectas
1601 2289 1663 2310 esse
1674 2288 1816 2316 novrsset,

1013 2330 1068 2354 tam
1084 2328 1139 2355 alto
1153 2328 1241 2363 potuit
1252 2336 1373 2363 unquam
1387 2328 1527 2363 praeterire
1545 2329 1668 2357 silentio.

1048 2373 1155 2406 Quibus
1169 2378 1260 2402 autem
1276 2374 1442 2402 accuratiori
1457 2375 1599 2410 diligentia
1613 2376 1667 2402 hoc
1678 2375 1810 2405 Clemen—

1011 2419 1048 2447 tis
1062 2427 1132 2455 opus
1149 2420 1309 2447 examinare
1329 2420 1418 2452 licuit,
1433 2420 1452 2447 ii
1469 2421 1613 2449 certiorem
1626 2421 1662 2449 de
1682 2422 1730 2449 illo
1745 2431 1806 2450 sen-

1013 2466 1125 2493 tentiam
1143 2466 1243 2494 lerunt.
1260 2466 1316 2494 Hos
1331 2467 1403 2494 inter
1411 2467 1585 2501 Epiphanius.
1594 2468 1736 2496 tneniorize
1742 2477 1811 2503 pro-

1012 2512 1083 2538 didit
1099 2512 1267 2540 Clementem
1287 2516 1413 2541 nostrum
1428 2513 1463 2541 de
1473 2513 1548 2541 Petri
1564 2514 1734 2542 Circuitibus
1756 2515 1811 2543 ali-

1012 2558 1079 2593 quid
1098 2566 1192 2586 revera
1211 2559 1323 2594 scriptis
1337 2559 1496 2591 tradidisse,
1511 2560 1559 2587 sed
1575 2560 1642 2594 ejus.
1652 2561 1757 2596 scripta
1772 2562 1812 2590 ab

1012 2603 1148 2632 Ebionitis
1165 2605 1300 2633 haereticis
1319 2605 1388 2632 adeo
1405 2605 1491 2633 fuisse
1508 2611 1650 2640 corrupta,
1666 2610 1697 2633 ut
1708 2608 1811 2640 paucis

1010 2649 1083 2677 veris
1095 2650 1210 2682 relictis,
1222 2655 1320 2678 caetera
1335 2650 1389 2686 ipsi
1405 2651 1475 2678 falso
1486 2652 1682 2686 supposuerint
1690 2652 1725 2678 δεῖ
1736 2651 1807 2679 Sunt

1010 2699 1035 2721 et
1049 2694 1098 2721 alii
1112 2695 1184 2728 libri,
1198 2696 1300 2731 inquit,
1314 2695 1411 2731 quibus
1427 2701 1550 2729 utuntur,
1567 2696 1637 2723 velut
1649 2697 1725 2724 Petri
1741 2697 1806 2724 Cir-

583 2765 642 2796 post
657 2762 727 2799 init._
797 2760 1030 2799 Pliilocal.‘c._‘22,
1046 2764 1073 2790 in
1094 2764 1156 2791 ﬁne.
1194 2764 1217 2779 “
1236 2764 1304 2799 Cap.
1322 2764 1418 2791 ιο-Ξι.
1456 2765 1479 2781 ⁸⁷
1497 2764 1562 2799 Ιιὶὶιἒ
1576 2764 1613 2791 De
1624 2764 1737 2791 Judaic.
1753 2773 1806 2791 su-

187 2798 286 2835 erstit..
301 2804 362 2835 cap.
379 2798 423 2824 16.
456 2797 486 2835 ,⁵⁵
504 2797 532 2824 Ιιι
548 2795 727 2835 Responsurl
748 2795 898 2835 Nicet._lib.
936 2796 1036 2835 ‘f‘Lib.
1052 2799 1091 2826 De
1104 2799 1204 2826 lumine
1216 2795 1331 2832 Eccles.,
1347 2808 1410 2835 cap.
1429 2801 1473 2828 l5.
1510 2801 1533 2816 "
1552 2797 1582 2824 In
1603 2799 1750 2835 Synopsix
1781 2801 1806 2816 “

193 2833 228 2858 ib.
249 2832 287 2858 De
299 2833 390 2865 script.
406 2833 497 2859 eccles.
553 2832 575 2847 "
595 2831 662 2859 Eod.
679 2832 727 2859 lib.

172 2874 201 2893 ιιι
223 2866 306 2901 llist.,
323 2875 383 2901 cap.
408 2868 434 2896 ὅ.

171 2901 215 2932 so.
234 2899 247 2935 ε
269 2901 310 2928 ιδ.

774 2831 798 2846 ⁸³
816 2831 885 2870 Lib._
894 2840 924 2870 ιιι
943 2832 1028 2870 Hist.)
1049 2842 1111 2870 Cap.
1129 2835 1174 2862 '58.
1192 2835 1236 2870 κ’*
1257 2834 1286 2862 Ιιι
1313 2831 1406 2863 eutnd.
1435 2836 1500 2863 Eus.
1532 2831 1633 2862 locum:

483 2867 507 2884 ⁸⁶
537 2866 597 2895 Lib.
628 2875 654 2895 Vl
684 2867 771 2899 Hist.,
800 2875 861 2902 cap.
876 2867 918 2896 l4.
947 2869 978 2909 t"
1002 2866 1093 2898 Tom.-
1108 2878 1171 2904 sui,
1187 2869 1309 2905 Esposit.
1323 2870 1350 2898 in
1365 2870 1466 2907 Evang.
1481 2870 1580 2898 Joann.

1697 2835 1722 2850 ⁸⁵
1742 2834 1806 2864 Lib.

1652 2870 1675 2886 ⁵³
1696 2869 1803 2909 Hiems.
