3890 6192
272 258 415 316 (181

1386 254 1957 312 RECOGNITIONES.
1998 286 2067 297 ——
2099 252 2465 313 PROCEMIA.

3394 259 3536 316 “8‘2

271 370 453 422 cuitus
496 384 527 422 a
563 366 825 423 Clemente
866 372 1183 441 conscripti,
1214 372 1479 441 Περιόδοι
1520 374 1846 444 καλούμεναι

1957 366 2189 422 homines
2242 368 2312 422 ad
2358 377 2703 423 assertionem
2762 382 3065 444 aogmatum
3113 389 3327 429 suorum
3350 415 3365 438 ,
3439 380 3536 432 sub

271 458 527 528 Πέτρου.
560 457 675 525 Quo
710 460 764 513 in
798 460 959 524 libro,
1004 463 1187 531 paucis
1217 464 1350 517 veris
1395 463 1595 518 relictis
1617 506 1632 529 ,
1663 475 1849 519 scelera

270 561 698 620 supposuerant;
729 552 1167 619 quemadmodum
1194 551 1432 607 Clemens
1476 555 1585 623 ipse
1613 556 1851 609 omnibus

272 641 398 695 illos
442 642 615 696 modis
651 643 916 714 redarguit
949 645 1015 697 iis
1059 644 1301 714 epistolis
1335 645 1707 708 circularibus,
1736 664 1854 718 qua:

275 732 343 785 ab
370 749 427 787 eo
457 734 688 803 scriptce,
717 736 771 787 in
806 738 1160 791 sacrosanctis
1192 736 1443 791 Ecclesiis
1471 740 1739 808 leguntur.
1768 737 1854 791 Ea:

277 827 469 895 quibus
504 837 711 881 constat
739 828 888 899 longe
925 828 990 882 ab
1020 829 1109 895 iis,
1135 846 1255 899 qua:
1292 831 1348 884 in
1377 829 1709 886 Circuitibus
1741 831 1853 886 illis

275 917 373 972 sub
406 917 523 987 ejus
572 921 781 973 nomine
813 921 1117 976 adulterina
1153 930 1393 988 exstant,
1426 923 1571 975 illius
1604 923 1761 991 fidem
1791 939 1855 978 ac

276 1026 575 1065 sermonem
611 1012 962 1067 abhorruisse.
995 1012 1205 1068 Etenim
1231 1014 1586 1084 virginitatem
1615 1015 1852 1070 Clemens

275 1102 483 1170 docuit,
511 1102 606 1157 isti
636 1104 915 1173 repudiant
948 1121 967 1159 :
988 1106 1080 1159 ille
1111 1104 1310 1171 Eliam,
1338 1105 1593 1159 Davidem
1620 1118 1668 1160 et
1694 1106 1849 1161 Sam-

276 1211 497 1259 sonem,
543 1213 821 1266 omnesque
866 1197 1145 1266 prop/tetas
1184 1199 1550 1256 commendat.
1592 1197 1858 1254 Ebionita;

277 1286 631 1341 detestantur.
665 1287 841 1353 Quare
870 1289 925 1341 in
955 1288 1289 1344 Circuitibus
1320 1289 1439 1342 istis
1476 1306 1629 1341 suum
1671 1290 1740 1343 ad
1772 1292 1856 1345 in-

274 1379 525 1433 stitutum
561 1382 1029 1434 accommodarunt
1051 1382 1248 1447 omnia,
1272 1398 1333 1435 ac
1356 1382 1419 1435 de
1439 1380 1596 1435 Petro
1619 1380 1857 1453 plurima

270 1464 545 1518 mendacia
581 1466 968 1534 conﬁnxerunt.
1015 1464 1330 1534 Cujusmodi
1374 1475 1450 1520 est
1490 1468 1626 1520 inter
1668 1476 1859 1521 castera

270 1555 423 1610 illum
478 1558 812 1612 castimonia:
859 1575 1024 1612 causa
1077 1558 1300 1621 lavisse,
1350 1559 1490 1629 quod
1538 1561 1630 1614 isti
1684 1561 1860 1631 facere

270 1660 667 1706 consueverunt.
701 1650 836 1705 Tum
860 1650 924 1704 ab
954 1652 1207 1706 animatis
1246 1653 1508 1716 omnibus,
1534 1664 1584 1708 et
1605 1654 1856 1710 carnibus

1957 462 2191 517 virorum
2235 471 2544 516 sanctorum
2587 465 2796 519 nomine
2845 477 3095 536 tanquam
3151 468 3363 537 facilius
3423 486 3537 524 cre-

1957 554 2129 609 denda
2187 555 2518 609 inseruerunt
2579 572 2674 621 ea,
2732 574 2848 628 qua:
2910 559 2994 613 illi
3032 576 3124 614 nec
3178 561 3403 615 sensisse
3446 578 3539 615 nec

1959 646 2237 714 scripsisse
2286 647 2531 701 censendi
2578 658 2722 704 sunt.
2784 650 2843 704 In
2903 652 3222 721 praefatione
3254 669 3386 707 vero
3426 669 3541 710 sum

1956 738 2274 792 eorumdem
2321 738 2588 797 librorum
2642 740 3117 811 interpretationis
3161 745 3277 799 haec
3332 745 3536 801 habet:

1958 826 2097 881 Sunt
2129 837 2179 881 et
2211 828 2453 899 quadam
2482 828 2546 883 de
2580 830 2812 901 ingenito
2840 831 2950 886 Deo
2984 835 3257 905 genitoque
3285 835 3538 903 dissertet,

1954 928 2004 972 et
2043 920 2108 973 de
2148 920 2274 973 aliis
2312 921 2606 988 nonnullis,
2656 939 2794 994 quaz,
2827 935 2885 977 ut
2907 926 3040 979 nihil
3076 928 3304 995 amplius
3339 928 3539 996 dicam,

1955 1023 2287 1065 excesserunt
2329 1012 2736 1081 intelligentiam
2783 1027 3044 1072 nostram.
3094 1017 3225 1072 llam
3252 1035 3374 1089 ergo
3418 1029 3541 1074 tan-

1956 1118 2116 1170 quam
2138 1118 2299 1170 supra
2328 1105 2460 1156 vires
2492 1120 2634 1157 meas
2661 1114 2865 1169 essent,
2894 1106 3019 1161 aliis
3044 1124 3312 1163 reservare
3344 1112 3537 1176 malui,

1957 1210 2115 1261 quam
2145 1195 2316 1247 minus
2340 1195 2497 1262 plena
2524 1195 2779 1263 proferre.
2830 1197 3044 1262 Quibus
3091 1199 3183 1254 ille
3215 1202 3541 1269 posteriori-

1959 1284 2062 1339 bus
2100 1285 2284 1339 verbis
2336 1301 2450 1339 non
2498 1286 2739 1342 obscure
2790 1288 2991 1352 innuit,
3036 1289 3152 1344 haec
3202 1292 3386 1345 omnia
3416 1308 3446 1346 a
3481 1308 3541 1348 se

1958 1376 2201 1438 omissa,
2254 1391 2356 1430 nec
2389 1376 2580 1432 Latine
2639 1378 2870 1435 reddita.
2920 1378 3111 1436 Varios
3170 1381 3395 1452 insuper
3449 1383 3541 1438 ille

1960 1469 2151 1523 habuit
2198 1471 2607 1540 manuscriptos
2653 1471 2902 1536 codices,
2950 1487 2981 1526 a
3011 1488 3071 1528 se
3103 1474 3337 1530 invicem
3381 1476 3541 1549 longe

1959 1562 2229 1626 diversos,
2263 1569 2428 1632 atque
2459 1563 2514 1616 in
2542 1563 2872 1631 quibusdam
2896 1565 3184 1629 nonnulla,
3215 1580 3278 1619 ac
3307 1581 3371 1622 ea
3400 1583 3540 1637 pra!—

1960 1656 2148 1709 sertim
2195 1671 2318 1725 quae
2348 1655 2416 1709 de
2446 1655 2935 1712 transformatione
2971 1658 3156 1713 vultus
3195 1656 3538 1715 Faustiniani

270 1739 578 1811 reliquoque
626 1742 804 1806 omni,
849 1740 989 1811 quod
1038 1758 1197 1796 carne
1243 1754 1464 1807 constet,
1499 1744 1852 1808 abstinuisse;
1885 1728 1925 1780 Β
1955 1744 2235 1808 dicuntur,
2284 1760 2393 1798 non
2434 1747 2746 1801 occurrisse
2796 1749 3093 1802 observat:
3128 1746 3288 1809 Puto,
3335 1749 3534 1818 inquit,

270 1835 517 1902 quoniam
540 1833 604 1887 ab
635 1834 700 1887 iis
729 1844 838 1889 tam
872 1833 1040 1888 Ebion
1065 1834 1195 1888 olim
1217 1852 1378 1906 quam
1409 1836 1562 1890 hodie
1593 1836 1854 1891 Ebionitaa

264 1942 452 1979 omnes
489 1924 796 1981 abhorrent.
843 1925 923 1980 Re
948 1936 1130 1981 autem
1163 1943 1311 1990 vera,
1352 1929 1407 1982 in
1431 1928 1517 1984 his
1548 1931 1705 1985 lihris
1728 1930 1853 1983 dili-

262 2025 461 2087 genter
503 2017 831 2072 observatur
889 2016 1109 2071 Petrum
1171 2033 1337 2074 mane
1389 2020 1613 2076 lavisse.
1660 2021 1721 2075 ln
1764 2022 1853 2078 his

258 2108 433 2164 etiam
449 2106 647 2164 Petrus
673 2107 881 2164 dixisse
912 2108 1083 2163 fertur
1104 2108 1150 2140 "
1168 2124 1186 2160 :
1211 2108 1379 2163 Panis
1411 2111 1539 2164 mihi
1562 2111 1708 2166 solus
1732 2130 1852 2167 cum

262 2200 443 2265 olivis,
490 2210 540 2256 et
584 2218 710 2255 raro
754 2200 914 2255 etiam
958 2216 1076 2254 cum
1130 2200 1359 2255 oleribus
1412 2203 1467 2256 in
1502 2219 1602 2257 usu
1641 2213 1740 2259 est.
1792 2203 1852 2259 lu

260 2294 355 2349 his
384 2293 620 2364 denique
648 2294 907 2350 Christus
960 2295 1113 2350 solus
1154 2295 1358 2364 ubique
1379 2310 1544 2351 verus
1578 2294 1851 2366 Propheta

266 2384 448 2442 fuisse
502 2387 790 2442 asseritur.
841 2384 1017 2441 Porro
1068 2386 1115 2441 si
1163 2385 1502 2457 Epiphanius
1560 2390 1849 2451 nonnulla,

260 2492 392 2547 quae
422 2479 479 2533 in
510 2477 598 2533 his
626 2478 784 2534 libris
834 2478 1061 2533 minime
1088 2488 1410 2543 occurrunt,
1469 2480 1726 2535 retulisse
1770 2481 1853 2535 vi-

260 2563 483 2631 deatur,
520 2564 613 2620 ille
639 2565 888 2636 profecto
919 2567 976 2621 in
1002 2568 1253 2622 diversos
1281 2567 1349 2622 ab
1374 2568 1461 2635 iis,
1503 2569 1707 2639 quibus
1737 2568 1851 2625 Ru-

260 2659 413 2716 ﬁnus
442 2675 597 2717 suam
627 2662 796 2719 edidit
828 2664 1158 2728 versionem,
1194 2662 1416 2720 codices
1464 2665 1727 2724 incidisse
1766 2669 1851 2725 di-

259 2751 478 2808 cendus
506 2759 610 2808 est.

795 2843 1197 2900 ARTICULUS
1233 2845 1324 2902 IV.

481 2933 751 2992 Sententia
780 2935 959 3005 Ruﬁni
987 2947 1035 2991 et
1060 2937 1240 2993 Photii
1261 2938 1325 2994 de
1349 2940 1429 2994 his
1464 2940 1636 2997 libris.

1955 1834 2093 1905 quod
2125 1846 2174 1889 te
2200 1852 2306 1889 non
2337 1836 2505 1890 lateat
2526 1835 2809 1892 Clementis
2839 1838 2996 1907 hujus
3027 1840 3082 1892 in
3106 1838 3288 1893 Gra'co
3304 1838 3539 1908 ejusdem

1954 1925 2126 1995 operis
2177 1925 2578 1994 Ἀναγνώσεων,
2625 1926 2722 1981 hoc
2768 1938 2845 1982 est
2890 1927 3364 1999 Recognitionum,
3400 1931 3538 1986 duas

1952 2017 2208 2072 editiones
2258 2016 2462 2083 haberi,
2506 2029 2556 2073 et
2596 2018 2701 2073 duo
2741 2035 2963 2089 corpora
3009 2037 3121 2075 esse
3172 2020 3449 2087 librorum,
3481 2024 3540 2078 in

1953 2110 2246 2181 aliquantis
2278 2110 2487 2180 quidem
2517 2109 2749 2177 diversa,
2776 2112 2831 2165 in
2866 2112 3052 2166 multis
3096 2123 3270 2166 tamen
3304 2112 3538 2183 ejusdem

1952 2203 2284 2257 narrationis
2313 2201 2582 2272 :denique
2612 2217 2738 2270 pars
2784 2203 2978 2255 ultima
3024 2202 3183 2273 hujus
3238 2206 3433 2275 operis,
3482 2208 3540 2262 in

1950 2308 2055 2362 qua
2080 2291 2143 2347 de
2172 2293 2641 2364 transformatione
2672 2294 2906 2349 Simonis
2928 2295 3175 2365 refertur,
3200 2298 3256 2351 in
3279 2315 3383 2353 uno
3411 2315 3536 2352 cor-

1948 2397 2073 2450 pore
2104 2384 2348 2448 habetur,
2396 2386 2454 2439 in
2503 2386 2611 2439 alio
2656 2402 2760 2440 non
2796 2384 3039 2441 habetur.
3085 2386 3268 2443 Monet
3301 2389 3540 2459 denique

1950 2474 2237 2544 epistolam
2285 2474 2581 2531 Clementis
2637 2476 2705 2531 ad
2724 2475 2987 2532 Iacobum
3039 2476 3263 2533 fratrem
3295 2478 3536 2547 Domini,

1953 2578 2075 2633 quae
2118 2563 2247 2618 huic
2287 2564 2441 2635 operi
2490 2564 2712 2636 prmﬁxa
2754 2577 2891 2630 erat,
2940 2582 2971 2622 a
3000 2582 3059 2623 se
3088 2568 3264 2625 fuisse
3311 2578 3539 2641 praeter-

1954 2655 2222 2711 missam:
2250 2654 2551 2725 Epistolam
2590 2674 2718 2712 sane
2762 2659 2817 2712 in
2848 2676 2952 2729 qua
2996 2659 3133 2714 idem
3166 2659 3427 2729 Clemens,
3469 2663 3538 2717 ad

1950 2745 2215 2801 Iacobum
2248 2749 2469 2818 fratrem
2488 2749 2705 2804 Domini
2734 2751 3060 2807 scribens....
3090 2752 3207 2807 ideo
3238 2753 3357 2809 huic
3394 2757 3537 2824 operi

1951 2856 2055 2894 non
2080 2840 2408 2909 prccmisi....
2431 2841 2556 2911 quia
2585 2850 2635 2895 et
2667 2851 2895 2909 tempore
2918 2846 3178 2912 posterior
3207 2856 3308 2912 est,
3338 2857 3387 2902 et
3411 2848 3537 2903 olim

1950 2947 1985 2983 a
2013 2947 2095 2983 me
2134 2932 2483 3000 interpretata
2513 2940 2672 3001 atque
2695 2932 2860 2987 edita.

337 3023 536 3097 Opinio
585 3028 833 3097 ejusdem
890 3044 1108 3099 quoque
1136 3029 1321 3085 Ruﬁni
1374 3042 1478 3097 est,
1525 3034 1626 3089 hos
1676 3033 1848 3090 libros
1873 3071 1918 3134 ο
2019 3019 2442 3134 Ρῒξοιίυελγθτον
2474 3023 2569 3092 (illi
2610 3024 3003 3134 Plures‘e‘iajn
3053 3025 3576 3134 habiler‘aln

263 3136 298 3177 ε
321 3121 604 3177 Clemente
634 3121 881 3177 Romano
902 3121 1162 3192 pontiﬁce
1206 3132 1484 3195 exaratos,
1515 3142 1720 3199 eosque
1748 3128 1847 3184 de-

262 3219 525 3283 pravatos
554 3211 721 3268 luisse
750 3214 818 3267 ab
850 3213 1156 3282 haereticis;
1191 3216 1284 3270 sed
1315 3218 1469 3286 plura
1501 3234 1664 3288 quam
1691 3228 1846 3289 putat

262 3301 624 3374 Epiphanius,
670 3305 901 3374 integra,
927 3313 980 3359 et
1009 3305 1078 3360 ab
1108 3306 1228 3375 ipso
1258 3307 1539 3364 Clemente
1564 3325 1693 3365 vere
1716 3328 1845 3381 pro-

260 3394 431 3459 lecta,
460 3396 513 3449 in
547 3395 616 3449 iis
641 3410 741 3450 suo
771 3402 1013 3465 tempore
1053 3397 1367 3453 occurrisse
1413 3405 1670 3453 testatur.
1712 3398 1843 3468 Ejus

258 3487 456 3549 verba,
488 3487 614 3540 licet
646 3487 809 3556 paulo
836 3487 1158 3555 prolixiora,
1192 3489 1321 3557 quia
1355 3488 1423 3542 ad
1454 3505 1566 3543 rem
1595 3498 1841 3545 nostram

260 3594 375 3634 non
408 3594 603 3649 parmn
660 3579 892 3639 faciunt,
923 3580 1011 3633 hic
1036 3580 1452 3635 transcrilienda
1480 3597 1601 3637 esse
1633 3583 1846 3652 putavi-

260 3686 392 3726 mus
421 3671 487 3721 “:
523 3670 794 3733 Clemens,
842 3671 1058 3739 inquit,
1111 3673 1472 3740 apostolorum
1527 3674 1842 3742 discipulus,

260 3765 365 3834 qui
388 3762 640 3818 Romana:
674 3763 923 3818 Ecclesiae
955 3775 1074 3834 post
1114 3768 1381 3835 apostolos
1413 3775 1462 3820 et
1493 3767 1765 3836 episcopus
1794 3777 1845 3822 et

261 3863 477 3925 martyr
499 3855 734 3923 prcefuit,
776 3854 936 3910 libros
962 3854 1148 3922 edidit,
1175 3859 1265 3928 qui
1295 3855 1473 3911 Grtcce
1509 3858 1845 3926 appellantur

278 3945 747 4020 ’Δναγνωρισμὸς,
770 3946 823 3999 id
861 3944 1370 4017 ρειίῖθεοεηίιίοπιι
1413 3948 1597 4019 quibus
1636 3966 1753 4002 cum
1782 3966 1847 4003 ea:

263 4054 496 4107 persona
521 4036 665 4091 Petri
691 4039 918 4106 apostoli
940 4038 1185 4093 doctrina
1221 4040 1375 4110 quasi
1408 4056 1523 4093 vere
1553 4042 1845 4108 apostolica

264 4128 322 4181 in
357 4144 516 4198 quam
550 4129 793 4196 plurimis
822 4140 1136 4195 exponatur,
1171 4131 1227 4183 in
1256 4131 1519 4201 aliquibus
1559 4133 1638 4185 ita
1662 4131 1845 4187 Euno-

264 4221 363 4275 πιἱὶ
384 4219 576 4291 dogma
593 4221 877 4283 scribitur,
906 4231 962 4274 ut
1003 4222 1136 4276 nihil
1164 4222 1311 4275 aliud
1337 4240 1495 4293 quam
1523 4224 1631 4295 ipse
1660 4224 1844 4279 Euno—

263 4314 405 4366 mius
451 4312 723 4379 disputare
765 4315 1034 4379 credatur,
1071 4313 1273 4367 Filium
1315 4314 1416 4368 Dei
1452 4326 1750 4369 creaturam
1778 4334 1841 4371 ea:

1949 3112 2132 3182 operis
2174 3112 2395 3170 codices
2435 3129 2603 3168 manu
2629 3122 2910 3182 exaratos,
2935 3114 3003 3170 de
3042 3132 3108 3171 eo
3136 3118 3217 3172 sic
3242 3117 3434 3173 deﬁnit
3455 3120 3499 3151 “
3516 3135 3533 3173 :

1948 3206 2194 3276 Epistola
2243 3207 2541 3278 prce/igitur
2592 3217 2847 3277 tanquam
2897 3207 2967 3261 ad
3001 3206 3262 3264 Iacobum
3312 3213 3536 3281 fratrem

1946 3298 2185 3364 Domini,
2210 3307 2259 3353 et
2282 3298 2392 3354 haec
2416 3315 2579 3370 neque
2603 3298 2807 3364 eadem,
2840 3316 3003 3371 neque
3031 3310 3088 3355 ut
3117 3302 3181 3355 ab
3210 3306 3390 3358 eodem
3412 3321 3537 3375 pro-

1944 3389 2105 3459 fecta,
2129 3389 2220 3444 sed
2261 3391 2319 3444 in
2354 3390 2506 3445 libris
2532 3390 2807 3445 nonnullis
2848 3391 3009 3446 veluti
3051 3410 3083 3447 a
3109 3393 3270 3449 Petro
3295 3400 3536 3467 apostolo

1946 3488 2014 3536 ad
2036 3481 2297 3537 Iacobum
2339 3485 2506 3539 missa
2528 3500 2547 3537 :
2574 3486 2627 3538 in
2671 3485 2799 3541 aliis
2843 3504 3030 3542 rursus
3069 3498 3324 3561 tanquam
3360 3490 3535 3547 aClc-

1946 3582 2115 3628 mente
2138 3574 2206 3628 ad
2226 3573 2581 3633 Iacobum...
2606 3575 2797 3630 harum
2826 3578 2974 3645 prior
3001 3579 3233 3634 ostendit
3255 3581 3533 3648 ipsummet

1947 3666 2168 3721 Petrum
2199 3684 2281 3722 res
2312 3685 2344 3722 a
2375 3685 2431 3723 se
2468 3678 2645 3737 gestas
2691 3672 3068 3739 conscripsisse
3087 3711 3102 3735 ,
3136 3681 3186 3725 et
3206 3669 3409 3725 Iacobo
3440 3689 3530 3726 eas

1944 3760 2243 3828 postulanti
2294 3761 2505 3814 misisse
2553 3776 2571 3815 :
2614 3761 2789 3814 altera
2848 3779 2966 3817 vero
3008 3763 3168 3832 refert
3212 3761 3532 3819 Clementem

1946 3848 2094 3902 Petri
2139 3849 2299 3918 jussu
2362 3850 2573 3903 easdem
2630 3866 2712 3904 res
2774 3861 2947 3921 gestas
3010 3843 3215 3905 litteris
3262 3854 3526 3921 proditas,

1943 3953 2221 4014 postquam
2275 3943 2365 3996 ille
2406 3942 2525 4012 jam
2585 3944 2653 3997 ad
2713 3945 3073 3999 immortalem
3131 3950 3530 4016 commigrasset

1943 4031 2724 4098 vitam,Iacobotransmisisse.
2781 4033 2865 4087 Ea:
2891 4051 2992 4104 quo
3034 4037 3339 4104 conjectura
3381 4038 3531 4105 capi-

1945 4138 2032 4180 tur
2052 4128 2215 4192 fuisse
2244 4143 2326 4181 res
2348 4136 2523 4195 gestas
2550 4126 2609 4183 S.
2631 4126 2778 4181 Petri
2807 4126 3018 4191 editas;
3044 4138 3097 4181 at
3128 4145 3249 4181 cum
3276 4129 3527 4196 temporis

1946 4220 2327 4290 longinquitate
2354 4219 2595 4287 periisset
2626 4221 2817 4282 altera,
2853 4219 3007 4285 illam
3036 4219 3324 4274 Clementis
3356 4220 3528 4275 solam

1944 4311 2279 4379 perdurasse.
2328 4307 2397 4361 In
2437 4309 2679 4361 omnibus
2731 4310 2869 4361 enim
2921 4307 3090 4368 libris,
3141 4326 3268 4379 quos
3319 4310 3527 4380 quidem

264 4403 431 4457 nullis
455 4406 783 4459 exstantibus
811 4422 1137 4461 asseverans.
1163 4406 1294 4459 Tum
1315 4405 1501 4459 deinde
1525 4408 1684 4460 etiam
1710 4407 1843 4461 illud

1950 4401 2078 4455 mihi
2123 4401 2292 4455 videre
2332 4400 2553 4469 contigit
2592 4398 2725 4469 (non
2763 4416 2961 4468 paucos
3008 4400 3129 4453 illos
3166 4402 3366 4468 certe),
3410 4411 3527 4470 post

264 4495 518 4548 adulterii
542 4511 702 4564 genus
732 4496 1003 4558 inseritur,
1038 4506 1096 4549 ut
1125 4505 1375 4549 naturam
1398 4496 1600 4551 diaboli
1625 4508 1845 4552 ctetero-

263 4603 485 4657 rumque
516 4586 817 4640 daemonum
857 4603 961 4639 non
996 4588 1262 4655 propositi
1302 4586 1688 4659 voluntatisque
1727 4607 1843 4644 nta—

265 4680 407 4742 litia,
450 4679 540 4732 sed
581 4689 797 4747 excepta
837 4696 899 4732 ac
937 4690 1185 4749 separata
1236 4691 1494 4734 creatura:
1530 4682 1841 4749 produxerit

263 4769 520 4834 qualitas,
557 4769 647 4838 qui
676 4768 856 4837 utique
894 4769 947 4820 in
978 4770 1179 4822 cazteris
1221 4786 1426 4823 omnem
1468 4770 1841 4824 rationabilem

262 4860 519 4915 docuerat
585 4859 737 4912 liberi
800 4859 1014 4912 arbitrii
1068 4859 1325 4929 facultate
1370 4860 1645 4917 donatam.
1708 4862 1845 4917 Sunt

259 4956 426 5010 etiam
456 4953 717 5007 nonnulla
755 4952 906 5005 libris
937 4952 1051 5021 ejus
1084 4954 1310 5015 inserta,
1342 4970 1459 5023 qua:
1488 4955 1846 5010 ecclesiastica

264 5047 446 5116 regula
482 5046 695 5100 omnino
727 5062 831 5098 non
872 5046 1079 5111 recipit.
1134 5043 1847 5115 Quid,quteso,apostolicus

262 5140 365 5197 vir.
410 5139 515 5191 imo
541 5152 670 5205 pene
713 5136 988 5205 apostolus
1031 5152 1136 5192 non
1164 5151 1227 5189 ea
1256 5135 1441 5189 scribit
1476 5153 1588 5205 qua:
1617 5140 1849 5207 apostoli

263 5229 480 5293 dicunt;
519 5228 604 5281 cui
634 5226 842 5280 Paulus
878 5225 1147 5294 apostolus
1180 5226 1539 5280 testimonium
1568 5226 1712 5281 dedit
1752 5228 1841 5282 di-

264 5337 423 5374 cens:
455 5338 474 5370 ε
500 5319 634 5375 Cum
668 5319 929 5374 Clemente
969 5327 1017 5371 et
1057 5316 1390 5385 adjutoribus
1441 5320 1569 5373 meis
1612 5322 1838 5385 caeteris,

263 5428 486 5481 quorum
520 5412 735 5465 nomina
760 5419 883 5463 sunt
918 5409 971 5462 in
1011 5408 1145 5462 libro
1193 5408 1348 5472 vitta;
1375 5430 1392 5461 ›
1426 5420 1475 5463 et
1514 5412 1712 5465 scribat
1744 5413 1839 5468 hoc

264 5503 405 5571 quod
443 5504 596 5563 libris
640 5506 757 5560 vine
798 5505 1122 5558 contrarium
1153 5503 1375 5556 est?An
1414 5506 1468 5558 ia
1502 5508 1676 5576 potius
1718 5525 1834 5561 cre-
1868 5582 1871 5585 _

267 5593 492 5650 dendum
538 5606 647 5661 est,
701 5596 841 5664 quod
891 5612 1054 5666 supra
1102 5590 1368 5660 diximuS,
1420 5597 1559 5666 quod
1610 5597 1837 5656 perversi

1947 4494 2185 4547 diversas
2248 4492 2373 4545 illas
2418 4490 2709 4560 epistolas,
2755 4502 2909 4560 atque
2961 4492 3328 4560 inscriptiones
3387 4492 3525 4548 idem

1947 4586 2162 4641 omnino
2217 4585 2329 4637 sine
2385 4584 2681 4638 variatione
2712 4581 2809 4635 hoc
2844 4584 3012 4651 operis
3071 4583 3282 4636 initium
3319 4588 3523 4652 reperi:

1951 4698 1969 4730 ι
2001 4677 2106 4746 Ego
2137 4676 2379 4731 thmens
2398 4715 2412 4737 ,
2440 4693 2458 4726 ι
2502 4683 2551 4728 et
2581 4690 2697 4744 qute
2727 4672 2910 4727 ordine
2941 4675 3180 4743 deinceps
3209 4685 3517 4745 sequuntur.

1947 4768 2214 4837 Refertum
2241 4777 2316 4821 est
2350 4776 2525 4819 autem
2547 4766 2644 4819 hoc
2669 4780 2794 4833 opus
2829 4764 3073 4818 absurdis
3098 4766 3250 4834 nugis
3278 4782 3381 4819 non
3409 4768 3523 4820 sine

1947 4859 2189 4927 plurimis
2220 4873 2285 4912 ex
2315 4858 2429 4911 Arii
2459 4857 2702 4924 opinione
2730 4856 2783 4907 in
2806 4854 3010 4908 Filium
3041 4855 3517 4924 blasphemiis......

1947 4949 2078 5004 liber
2109 4959 2284 5003 tamen
2315 4948 2565 5002 Actorum
2591 4947 2735 5000 Petri
2758 4947 3127 5016 perspicuitate
3152 4964 3213 4999 ac
3239 4948 3519 5017 gravitate,

1950 5042 2122 5095 adhuc
2150 5042 2383 5111 puritate
2412 5049 2462 5094 et
2493 5040 2810 5093 vehementia
2844 5039 3066 5107 aliisque
3098 5039 3353 5092 orationis
3379 5039 3520 5092 doti-

1950 5134 2066 5196 bus,
2100 5151 2277 5188 rerum
2318 5134 2441 5187 item
2476 5133 2743 5186 variarum
2784 5130 3026 5185 doctrina
3064 5139 3269 5184 tantum
3299 5131 3519 5185 Consti-

1948 5227 2187 5280 tutiones
2234 5236 2486 5294 superat,
2541 5224 2692 5278 nulla
2737 5232 2793 5275 ut
2835 5222 2927 5276 hos
2978 5226 3113 5277 inter
3153 5225 3513 5291 comparatio,

1947 5319 2017 5371 ad
2057 5334 2344 5372 sermonem
2400 5315 2536 5387 quod
2593 5317 2800 5379 attinet,
2848 5315 2967 5384 ﬁeri
3025 5314 3324 5370 debeat.....
3358 5313 3516 5369 Hunc

1945 5411 2262 5466 Clementem
2312 5410 2540 5463 alterum
2584 5425 2616 5460 a
2641 5406 2798 5460 Petro
2833 5405 2977 5458 urbis
2999 5404 3176 5458 Roma:
3217 5407 3512 5473 episcopum

1942 5503 2106 5571 fuisse
2165 5501 2380 5571 quidam
2409 5508 2706 5560 autumant,
2740 5498 2837 5550 alii
2865 5512 2981 5549 vero
3010 5506 3291 5566 quartum;
3320 5496 3510 5549 Linum

1939 5596 2078 5649 enim
2115 5593 2497 5647 etAnacletum
2539 5592 2673 5645 inter
2713 5599 2989 5659 utrumque
3029 5591 3299 5660 pontiﬁces
3346 5589 3510 5645 exsti-

340 5739 390 5775 ⁸⁹
417 5737 538 5799 Lib.
564 5756 640 5800 vn
664 5740 852 5816 [ἔθεος.
931 5742 977 5776 ⁸⁸
1004 5740 1125 5799 Lib.
1154 5740 1231 5798 De
1255 5739 1425 5798 adult.
1457 5740 1546 5796 lib.
1589 5738 1804 5811 Origen.

1963 5734 2217 5791 Bibliolh.
2247 5734 2366 5792 cod.
2393 5749 2521 5790 ειη.
