3890 6192
416 301 558 357 “83

411 512 553 567 Hinc
580 512 805 580 colligas
840 510 893 562 in
932 506 1187 560 omnibus
1220 503 1395 557 Pbotii
1432 503 1715 558 codicibus
1750 503 1888 556 idem
1923 517 1988 556 ac

412 608 468 661 in
495 604 656 660 editis
686 600 893 656 nostris
923 598 1091 651 fuisse
1123 596 1305 665 operis
1337 595 1503 663 hujus
1540 595 1775 649 initium.
1817 592 1988 647 Porro

412 705 591 751 autem
624 694 825 754 nullus,
861 690 935 743 uti
964 688 1272 757 opinamur,
1309 687 1412 742 sibi
1454 686 1613 741 facile
1640 687 1987 757 persuadebit

412 786 517 840 hoc
547 784 689 838 idem
716 796 856 852 opus
886 779 953 832 ab
979 776 1355 831 eruditissimo
1390 776 1482 830 illo
1512 776 1630 830 viro
1667 776 1834 831 fuisse
1863 777 1985 833 Cle—

410 878 578 933 menti
612 875 1014 944 adjudicatum;
1046 878 1103 923 ut
1130 877 1252 938 pote
1281 868 1373 937 qui
1416 868 1546 921 illud
1575 869 1751 937 ipsum
1783 872 1979 923 absur-

407 972 494 1026 dis
521 970 681 1039 nugis
710 977 764 1023 et
786 966 1113 1019 Arianorum
1145 961 1499 1030 blasphemiis
1536 962 1812 1031 Oppletum
1857 977 1983 1018 esse

406 1071 655 1120 testetur.

940 1195 1336 1252 ARTICULUS
1374 1193 1437 1248 ν.

406 1292 688 1349 Sententia
713 1292 1059 1345 recentiorum
1094 1300 1365 1342 auctarum
1389 1286 1451 1339 de
1472 1286 1550 1339 his
1577 1284 1749 1348 libris,
1773 1294 1821 1339 et
1856 1282 1980 1355 quid

821 1360 883 1414 de
909 1360 1093 1414 iisdem
1118 1362 1183 1413 sit
1212 1357 1561 1413 sentiendum.

473 1476 658 1546 Neque
721 1492 848 1530 vero
896 1477 1224 1545 scriptorum
1273 1475 1641 1529 recentiorum
1695 1471 1979 1527 sententiae

400 1570 584 1624 minus
622 1584 784 1638 quam
834 1568 1208 1637 antiquiorum
1247 1583 1276 1620 a
1324 1583 1383 1622 se
1431 1566 1664 1620 invicem
1712 1564 1979 1619 dissident

399 1676 694 1731 secumque
724 1660 1066 1714 discordant.
1114 1658 1345 1725 Quidam
1392 1659 1535 1713 enim
1569 1673 1598 1710 a
1631 1655 1812 1710 Rufini
1862 1656 1979 1725 opi-

401 1756 562 1809 nione
601 1770 709 1809 non
740 1754 899 1823 longe
954 1754 1194 1815 abeunt,
1234 1760 1291 1807 ut
1334 1750 1657 1806 Lambertus
1703 1749 1970 1804 Gruterus
2003 1751 2043 1805 Β

400 1844 707 1901 Venradius
732 1890 745 1912 ,
779 1846 871 1915 qui
905 1844 971 1899 de
1008 1845 1093 1899 his
1128 1845 1285 1899 libris
1326 1846 1405 1899 sic
1452 1844 1619 1899 sentit
1656 1862 1669 1899 :
1704 1842 1974 1909 Quantum

398 1938 467 1991 ad
513 1937 966 2007 llecognitionum
1027 1935 1476 1991 Clementinarum
1547 1936 1708 1988 libros
1762 1934 1970 1995 attinet,

395 2046 483 2084 eos
535 2046 647 2084 vere
680 2028 934 2084 Clementi
966 2039 1149 2081 nostro
1180 2028 1410 2092 ascribo,
1448 2027 1654 2081 tametsi
1696 2034 1971 2093 corruptos

388 2140 502 2178 esse
532 2138 836 2192 agnoscam,
880 2131 935 2174 ut
966 2122 1170 2175 dicetur
1220 2122 1386 2189 infra.
1434 2118 1499 2172 Et
1528 2126 1675 2173 certe
1707 2118 1969 2187 quasdam

394 2215 484 2270 ille
517 2223 668 2270 notat
694 2214 1100 2284 corruptioncs,
1129 2214 1326 2283 quibus
1369 2228 1433 2267 ea
1478 2212 1661 2265 omnia
1694 2211 1971 2280 subjungit

392 2323 515 2378 qua
546 2310 612 2363 de
646 2306 985 2362 Faustiniani
1012 2308 1194 2361 vultus
1238 2305 1719 2360 transformatione
1770 2302 1968 2357 ibidem

393 2401 666 2470 leguntur.
722 2398 951 2465 Quidam
980 2410 1159 2452 autem
1211 2414 1334 2451 cum
1369 2396 1703 2451 Bellarmino
1744 2394 1811 2449 ad
1842 2393 1970 2465 Epi-

392 2491 577 2560 phanii
599 2492 924 2546 sententiam
946 2492 1119 2560 magis
1150 2492 1453 2555 inclinant;
1485 2498 1648 2558 atque
1668 2489 1768 2544 hos
1799 2488 1968 2544 libros

392 2583 461 2637 ab
519 2581 791 2638 haereticis
848 2582 989 2637 fmde
1046 2591 1335 2651 co:ruptos
1380 2597 1502 2636 esse
1531 2589 1806 2637 asserunt.
1861 2578 1967 2635 Sed

390 2674 736 2727 communior
783 2674 1016 2729 aliorum
1063 2673 1293 2741 hujusce
1342 2674 1604 2741 temporis
1649 2672 1968 2726 criticorum

390 2766 574 2835 opinio
603 2765 936 2820 C!emeutem
974 2766 1237 2819 librorum
1268 2764 1485 2818 illorum
1535 2772 1812 2819 auctorem
1842 2779 1967 2819 esse

391 2866 573 2928 negat,
634 2858 971 2927 aflirmatque
1020 2858 1142 2912 illos
1182 2857 1249 2910 ab
1275 2856 1458 2925 aliquo
1509 2856 1735 2911 secundi
1780 2856 1965 2911 saeculi

389 2951 655 3019 scriptore
695 2950 865 3004 fuisse
915 2949 1259 3018 depravatos,
1309 2964 1515 3019 eosque
1560 2951 1793 3019 repletos
1843 2963 1965 3003 esse

1304 294 1364 351 S.
1400 294 1806 351 CLEMENTIS
1838 296 1856 351 1
1892 292 2056 350 RUM.
2095 289 2295 347 PONT.
2331 290 2554 346 OPERA
2598 293 2823 350 DUBIA.

415 425 558 484 tisse,
603 435 665 473 ac
703 417 854 473 tertio
890 415 1097 469 demum
1130 413 1352 481 Trajam'
1394 428 1535 465 anno
1580 413 1738 465 vitam
1781 412 1981 480 ﬁnisse.
2014 416 2057 471 Α
2089 408 2284 465 Petrus
2330 408 2676 463 dialecticum
2722 408 3131 479 sophistamque
3182 407 3251 465 ibi
3314 412 3457 480 agit,

3532 296 3660 354 1184

3541 412 3663 479 ipso

2091 501 2311 556 Simone
2343 500 2499 570 Mago
2524 502 2681 570 longe
2713 501 3088 556 subtiliorem?
3113 501 3252 566 Quid
3285 518 3416 556 vero
3438 502 3508 557 de
3542 503 3667 572 ejus

2088 593 2301 647 ratione
2330 591 2571 655 vivendi,
2604 607 2762 646 mane
2792 591 3073 663 surgendi,
3134 593 3544 661 disputationes
3578 596 3669 649 in-

2087 684 2347 739 stituendi
2371 694 2425 739 et
2453 683 2774 744 ordinandi.
2817 684 2871 738 in
2916 685 3078 739 urbes
3110 684 3469 755 ingrediendi,
3493 694 3674 756 atque

2085 778 2155 832 ab
2183 778 2253 832 iis
2273 778 2365 847 qui
2395 778 2654 847 baptizati
2684 793 2792 831 non
2815 786 2994 839 erant,
3030 794 3149 833 sese
3185 782 3499 848 separandi,
3554 781 3667 835 dici

2084 870 2300 939 potest?
2326 867 2519 923 Nonne
2549 869 2663 923 haec
2702 870 2885 923 omnia
2915 871 3097 939 operis
3129 870 3291 939 hujus
3326 872 3666 943 suppositio-

2083 976 2206 1014 nem
2237 960 2519 1014 evidenter
2550 962 2825 1031 arguunt?
2853 960 2994 1027 Quid
3018 961 3196 1015 adhuc
3230 964 3403 1033 magis
3440 964 3667 1019 fabulo.

2083 1067 2204 1107 sum
2238 1067 2399 1123 quam
2437 1067 2501 1107 ea
2530 1052 2828 1123 disputatio
2865 1068 2973 1123 qua
3004 1055 3205 1124 singuli
3247 1056 3515 1124 apostoli,
3560 1073 3665 1112 suo

2081 1147 2285 1216 quique
2342 1146 2570 1208 ordine,
2633 1154 2824 1201 contra
2872 1145 3177 1217 Caipham,
3236 1146 3661 1213 Samaritanus,

2083 1235 2346 1301 Scribas,
2402 1238 2653 1306 aliosque
2710 1237 2921 1294 ludaeos
2971 1238 3285 1295 decertasse
3336 1240 3665 1311 ﬁnguntur!

2084 1327 2327 1398 Denique
2355 1330 2409 1383 in
2443 1337 2557 1383 toto
2599 1330 2692 1384 illo
2726 1345 2888 1398 opere
2927 1332 3107 1386 nullas
3150 1332 3621 1401 deprehendimus
3644 1374 3663 1398 ,

2078 1420 2200 1489 ejus
2246 1421 2336 1474 cui
2390 1421 2706 1485 ascribitur,
2768 1423 3026 1477 nimirum
3078 1424 3370 1479 Clementis
3415 1422 3661 1481 Romani

2080 1512 2377 1583 pontificis,
2428 1516 2803 1584 apostolorum
2831 1514 3111 1586 discipuli,
3154 1528 3313 1572 notas
3354 1518 3664 1590 nullosque

2079 1605 2446 1663 characteres.
2497 1607 2652 1673 Quod
2687 1607 2906 1679 quidem
2938 1625 3006 1664 ex
3046 1610 3162 1665 sola
3193 1626 3356 1680 quam
3395 1611 3662 1668 dedimus

2081 1697 2244 1766 hujus
2268 1700 2449 1769 cperis
2481 1700 2689 1771 analysi
2728 1701 2954 1757 cuilibet
2996 1718 3152 1773 aequo
3200 1720 3383 1760 rerum
3410 1706 3664 1760 estima—

2076 1789 2184 1843 tori
2218 1789 2379 1846 facile
2405 1793 2750 1862 probabitur.

2594 1884 2993 1941 ARTICULUS
3023 1884 3113 1941 Vl.

2077 1972 2222 2027 Num
2268 1975 2468 2054 aliquid
2490 1992 2534 2054 a_
2550 1975 2814 2033 Clemente
2835 1978 3125 2047 profectum
3169 1980 3250 2033 Iris
3278 1980 3335 2032 in
3382 1980 3538 2035 libris
3570 1998 3663 2054 sst-

2140 2049 2334 2128 persitg
2364 2056 2413 2100 et
2445 2049 2561 2118 quis
2602 2065 2781 2104 eorum
2821 2060 3025 2116 auctor,
3056 2066 3118 2103 ac
3156 2067 3258 2120 quo
3288 2060 3523 2120 tempore
3543 2053 3660 2107 sint

2144 2126 2347 2184 scripti.

2148 2206 2365 2273 Verum,
2406 2209 2646 2280 inquies,
2695 2212 2903 2268 nihilne
2950 2212 3095 2283 quod
3122 2213 3191 2267 ab
3216 2212 3334 2284 ipso
3365 2212 3658 2269 Clemente

2070 2300 2377 2369 profectum
2404 2303 2497 2367 sit,
2529 2312 2645 2359 toto
2680 2306 2733 2359 in
2760 2322 2922 2377 opere
2955 2307 3224 2376 reliquum
3257 2314 3343 2362 est
3372 2307 3661 2376 amplius?

2072 2389 2142 2446 Ut
2173 2392 2300 2448 huic
2346 2396 2637 2465 quaestioni
2687 2397 2779 2451 ﬁat
2828 2400 2985 2461 satis,
3020 2398 3425 2454 animadvertas
3486 2400 3655 2453 velim

2069 2498 2137 2539 es
2168 2482 2233 2539 iis
2262 2501 2383 2556 qua:
2433 2489 2764 2558 protulimus
2809 2492 3081 2545 rationum
3115 2492 3408 2546 momentis
3439 2491 3653 2560 colligi,

2067 2592 2161 2632 eos
2208 2594 2241 2632 a
2286 2595 2417 2634 vero
2461 2581 2620 2652 longe
2672 2582 2930 2637 aberrare
2987 2584 3080 2653 qui
3130 2583 3424 2636 maximam
3477 2581 3656 2651 hujus

2066 2670 2247 2738 aperis
2294 2680 2537 2740 partem,
2590 2674 2765 2744 iisque
2812 2680 3025 2728 tantum
3078 2690 3200 2744 qua:
3251 2674 3649 2728 haereticorum

2068 2762 2334 2829 pravitate
2376 2764 2590 2834 adjecta
2629 2774 2779 2831 sunt,
2825 2767 3089 2838 exceptis,
3137 2766 3402 2822 Clementi
3450 2774 3651 2820 nostro

2067 2853 2484 2921 adjudicandam
2516 2874 2638 2915 esse
2668 2861 3024 2916 arbitrantur.

2135 2943 2212 2999 De
2264 2945 2550 3017 Epiphanii
2601 2963 2781 3006 autem
2838 2953 3127 3015 sententia,
3176 2968 3299 3024 quae
3356 2952 3651 3011 bzereticos

391 3043 608 3107 fabulis,
644 3046 825 3113 nugis,
861 3043 1114 3105 somniis,
1151 3042 1473 3105 mendaciis,
1506 3051 1667 3113 atque
1690 3042 1961 3098 sermoni-
1990 3082 2031 3139 Ο
2069 3051 2238 3106 pauca
2267 3039 2352 3094 his
2384 3041 2436 3094 in
2471 3042 2645 3110 libris,
2677 3060 2705 3097 a
2737 3043 3015 3099 Clemente
3043 3047 3283 3116 scriptis,
3322 3047 3526 3099 intacta
3552 3064 3647 3102 re-

388 3135 491 3189 bus
524 3134 1095 3206 disputationibusque
1131 3136 1353 3206 ineptis,
1395 3137 1649 3193 absurdis
1676 3146 1731 3193 et
1757 3137 1963 3192 ridicu-

387 3227 490 3293 lis;
523 3243 585 3282 ac
614 3230 848 3299 denique
873 3229 925 3282 in
962 3230 1029 3283 iis
1064 3230 1289 3297 reperiri
1323 3229 1686 3301 fragmentum
1718 3248 1785 3286 ex
1820 3233 1961 3286 libro

387 3318 715 3375 Bardesanis
766 3321 929 3391 Syri,
979 3321 1245 3375 adversus
1292 3321 1538 3391 Abydam
1588 3333 1963 3378 astronomum

389 3413 571 3477 edito,
621 3413 843 3467 totidem
884 3413 1066 3468 verbis
1111 3414 1525 3483 transcriptum.
1572 3413 1961 3485 Fragmentum

386 3513 564 3561 autem
598 3505 723 3559 illud
757 3505 826 3560 ab
856 3505 940 3559 his
972 3504 1155 3559 verbis
1187 3506 1377 3575 incipit
1411 3506 1456 3537 “
1489 3525 1501 3561 :
1528 3504 1763 3577 Denique
1800 3508 1962 3577 primi

386 3594 561 3663 Seres,
594 3600 681 3668 qui
711 3597 863 3650 initio
895 3596 1036 3650 orbis
1075 3607 1249 3662 terrm,
1288 3606 1395 3654 etc.

456 3688 574 3743 Jam
605 3705 733 3744 vero
764 3690 830 3743 de
856 3688 943 3745 bis
977 3690 1136 3745 libris
1178 3690 1309 3761 quid
1355 3692 1723 3757 sentiendum,
1756 3693 1841 3749 vel
1871 3694 1959 3749 cui

385 3783 627 3854 opinioni
660 3781 1043 3837 adhaerendum
1068 3782 1161 3847 sit,
1200 3784 1247 3838 si
1280 3792 1525 3853 rogetur,
1560 3786 1806 3841 dicemus
1836 3788 1958 3843 illos

382 3892 451 3931 eo
484 3875 666 3942 modo,
685 3891 795 3944 quo
823 3890 991 3938 nunc,
1023 3883 1077 3930 et
1121 3890 1151 3928 a
1187 3882 1267 3929 tot
1314 3878 1533 3933 saeculis
1558 3887 1959 3949 reprwsentan-

384 3975 496 4032 tur,
549 3966 618 4021 ab
667 3966 945 4022 Clemente
999 3966 1247 4023 Romano
1311 3969 1590 4039 profectos
1644 3986 1757 4026 non
1812 3988 1952 4028 esse.

382 4057 611 4113 Constat
642 4058 788 4113 enim
808 4074 1149 4128 quaecunque
1180 4059 1247 4115 de
1278 4062 1579 4117 mutatione
1602 4064 1785 4120 vultus
1816 4062 1957 4118 Fau—

384 4150 631 4215 stiniani,
680 4159 734 4205 et
781 4158 968 4219 postea
1017 4152 1089 4205 ibi
1139 4161 1456 4217 narrantur,
1507 4156 1730 4211 omnino
1764 4156 1954 4211 ﬁctitia

380 4260 524 4307 esse,
575 4252 629 4299 ct
661 4250 845 4314 aperte
882 4242 1039 4299 falsa.
1087 4243 1153 4297 Et
1197 4260 1326 4299 vero
1371 4245 1457 4299 vel
1508 4246 1623 4301 sola
1668 4246 1955 4301 mendacia

379 4350 501 4405 qua:
526 4334 686 4391 Petro
707 4335 1076 4404 apostolorum
1108 4335 1341 4405 principi
1376 4336 1576 4392 ibidem
1610 4338 1951 4405 tribuuntur,

2066 3130 2291 3199 liquisse
2334 3136 2671 3202 pronuntiat,
2708 3138 2842 3191 certi
2886 3137 3090 3207 aliquid
3136 3139 3363 3194 delinire
3416 3139 3647 3197 difﬁcile

2062 3230 2166 3277 est.
2218 3224 2355 3279 Cum
2400 3228 2544 3281 enim
2587 3230 2827 3299 cpistolm
2870 3232 3068 3301 quibus
3117 3232 3367 3287 Clemens
3424 3232 3493 3287 de
3553 3234 3644 3286 sui

2063 3316 2245 3384 operis
2294 3316 2441 3371 facta
2501 3320 2569 3373 ab
2614 3320 2883 3377 haereticis
2932 3325 3283 3394 corruptione
3330 3339 3644 3394 conquere-

2064 3405 2245 3473 batur,
2300 3409 2367 3464 ad
2412 3426 2513 3466 nos
2571 3414 2958 3493 pervenerint,
2992 3415 3240 3471 divinare
3286 3418 3478 3485 utique
3526 3433 3646 3472 non

2062 3513 2357 3567 possumus
2385 3518 2506 3573 quae
2539 3504 2649 3560 sint
2682 3506 2772 3560 illa
2800 3521 2974 3577 pauca
3007 3524 3125 3578 quae
3146 3508 3383 3563 haeretici
3425 3510 3646 3581 integra

2061 3591 2423 3661 reliquerunt.
2460 3594 2805 3667 Quapropter
2842 3600 2948 3654 nisi
2981 3615 3045 3654 ea
3100 3615 3270 3669 pauca
3300 3602 3451 3655 clare
3481 3602 3642 3671 sigil-

2060 3681 2324 3753 latimque
2355 3685 2820 3753 demonstrentur,
2867 3690 3026 3745 nobis
3071 3690 3288 3746 facilius
3330 3695 3641 3763 persuade-

2059 3773 2206 3828 bitur
2239 3776 2375 3829 nihil
2418 3778 2474 3831 in
2515 3786 2631 3833 toto
2671 3796 2837 3850 opere
2884 3798 3104 3847 sanum,
3150 3783 3244 3838 sed
3283 3786 3471 3839 omnia
3511 3804 3642 3842 cor—

2059 3872 2221 3934 rupta
2267 3882 2390 3923 esse
2426 3876 2479 3924 et
2510 3869 2825 3941 depravata.
2872 3873 3141 3929 Caeterum
3192 3879 3239 3931 si
3292 3874 3641 3948 Epiphanius

2060 3973 2233 4027 pauca
2288 3961 2536 4030 quaedam
2597 3980 2697 4020 suo
2751 3974 2993 4037 tempore
3045 3968 3259 4023 sincera
3306 3978 3361 4025 et
3395 3975 3641 4041 genuina

2057 4054 2404 4121 compererit,
2438 4055 2528 4111 ille
2548 4056 2603 4111 in
2628 4059 2787 4122 alios,
2819 4062 2886 4113 ab
2914 4060 3005 4125 iis,
3028 4062 3123 4132 qui
3144 4078 3290 4117 nunc
3312 4076 3639 4134 supersunt,

2058 4146 2274 4202 codices
2299 4151 2701 4221 manuscriptos
2743 4152 3004 4209 incidisse
3048 4154 3195 4209 baud
3240 4156 3521 4213 immerito
3554 4160 3641 4214 rio

2056 4236 2238 4295 detur.

2126 4326 2296 4384 Porro
2325 4340 2504 4388 autem
2534 4336 2783 4405 quamvis
2812 4338 3076 4403 auctoris,
3112 4352 3141 4392 a
3180 4355 3291 4409 quo
3324 4355 3466 4411 Opus
3498 4342 3634 4397 illud

380 4428 434 4482 id
480 4427 841 4482 invictissime
881 4426 1282 4483 demonstrant.
1328 4426 1513 4498 Neque
1547 4429 1712 4483 etiam
1754 4437 1950 4484 caetera
1985 4413 2026 4467 Ῑ)
2056 4430 2372 4492 corruptum
2424 4426 2658 4494 prodiit.
2717 4443 2915 4483 nomen
2966 4430 3233 4487 baClcnUS
3289 4434 3634 4505 incognitum

379 4521 584 4584 omnia,
622 4536 743 4590 qua:
772 4520 825 4573 in
861 4520 1071 4590 reliquo
1107 4535 1273 4589 Opere
1319 4521 1568 4590 legimus,
1601 4523 1775 4592 magis
1826 4522 1951 4578 Clc—

378 4615 545 4669 menti
577 4612 943 4682 adjudicanda
982 4614 1142 4668 nobis
1184 4612 1457 4667 videntur.
1507 4612 1641 4666 Nam
1688 4614 1792 4668 iter
1840 4614 1947 4668 Ma-

378 4706 581 4768 thidize,
614 4706 868 4774 illiusque
900 4720 1025 4758 cum
1076 4703 1202 4759 filiis
1252 4705 1367 4759 suis
1413 4702 1603 4759 Niceta
1654 4714 1711 4760 et
1754 4704 1948 4775 Aquila

377 4796 740 4866 naufragium,
774 4796 851 4850 illi
883 4796 1101 4850 tandem
1153 4794 1363 4849 fortuiti
1410 4811 1701 4863 occursus,
1748 4797 1948 4867 quibus

378 4902 499 4943 sese
521 4888 753 4942 invicem
784 4902 847 4941 ac
880 4894 1086 4956 patrem
1109 4901 1268 4941 suum
1294 4884 1707 4942 Faustinianum
1739 4890 1950 4959 ipsum-

376 4992 484 5048 que
511 4979 845 5033 Clementem
878 4980 1164 5049 agnovisse
1188 4977 1459 5043 feruntur,
1497 4981 1663 5051 plane
1695 4979 1948 5035 fabulosa

375 5076 431 5124 et
457 5070 627 5139 gratis
653 5070 775 5122 lieta
809 5078 959 5126 sunt.
1005 5068 1111 5124 Fac
1143 5079 1322 5125 tamen
1356 5087 1420 5125 ea
1451 5088 1573 5127 esse
1619 5070 1947 5141 verissima;

374 5160 506 5231 quid
574 5168 755 5215 autem
819 5162 990 5231 magis
1041 5176 1070 5214 a
1123 5162 1603 5217 verisimilitudine
1648 5156 1946 5225 abhorret,

375 5267 540 5322 quam
591 5253 752 5307 verba
794 5261 847 5306 et
888 5268 1168 5308 sermones
1208 5270 1348 5323 quos
1398 5252 1593 5309 Petrus
1635 5254 1699 5309 ad
1733 5272 1864 5311 suos
1892 5262 1948 5309 et

374 5343 444 5397 ad
492 5345 748 5414 populum
793 5344 1053 5400 habuisse
1116 5346 1470 5415 perhibetur?
1539 5347 1713 5413 Quam
1763 5348 1950 5403 multa:

374 5436 539 5500 enim,
576 5435 716 5491 Deus
741 5436 901 5499 bone,
937 5435 1008 5489 ibi
1059 5446 1359 5491 occurrunt
1388 5453 1564 5508 nugas,
1598 5438 1834 5508 ineptiae.
1865 5438 1949 5492 fa-

377 5526 548 5581 bulae!
580 5544 743 5597 quam
771 5529 943 5583 multa
976 5530 1224 5598 puerilia,
1248 5530 1581 5599 perridicula
1614 5540 1666 5586 et
1697 5534 1937 5588 insulsa!

374 5630 538 5684 quam
584 5620 740 5673 multi
780 5636 994 5676 errores
1033 5630 1196 5689 atque
1232 5622 1550 5678 mendacia?
1592 5640 1755 5693 quam
1803 5626 1943 5684 belle

519 5770 561 5800 "
597 5770 750 5841 Apud
782 5774 979 5832 Euseb.
1011 5778 1104 5833 lib.
1142 5795 1194 5834 vi
1226 5778 1403 5850 Prien.
1438 5782 1676 5853 evangel.

2054 4524 2221 4586 atque
2248 4516 2646 4588 incompertum
2679 4520 2865 4586 fuerit,
2898 4524 3026 4593 quia
3049 4530 3233 4579 tamen
3265 4526 3399 4581 illud
3437 4528 3634 4587 Graece

2052 4608 2288 4676 primum
2313 4612 2640 4680 composuit,
2670 4627 2794 4667 eum
2839 4612 3087 4669 Graecum
3122 4617 3415 4685 quemdam
3450 4620 3633 4675 homi-

2053 4716 2176 4755 nem
2206 4701 2378 4758 fuisse
2408 4718 2538 4757 vero
2577 4714 2724 4759 certe
2753 4714 2839 4761 est
2879 4723 3139 4777 perquam
3180 4710 3550 4768 simillimum.
3584 4714 3637 4771 Is

2053 4806 2219 4860 porro
2273 4792 2595 4849 dialecticus
2649 4795 2752 4852 fuit
2796 4797 3219 4870 disputatorque
3276 4803 3633 4870 acerrimus,

2051 4889 2145 4956 qui
2193 4887 2372 4943 varias
2411 4889 2861 4959 philosophorum
2907 4892 3216 4961 opiniones,
3248 4897 3635 4967 astrologiam,

2053 4979 2458 5050 niytbologiam,
2496 4996 2688 5037 omnes
2738 4998 3075 5053 paganorum
3117 4984 3333 5040 fabulas
3375 4988 3637 5059 allegori-

2050 5088 2252 5140 casque
2293 5087 2480 5128 earum
2523 5072 3021 5143 interpretationes,
3072 5091 3137 5130 ac
3181 5078 3367 5134 varias
3408 5080 3633 5137 tandem

2050 5163 2324 5217 variorum
2350 5165 2669 5233 populorum
2704 5167 2869 5236 leges,
2920 5181 3129 5232 mores,
3163 5170 3633 5228 consuetudines—

2051 5271 2159 5324 que
2202 5259 2448 5326 apprime
2508 5257 2760 5313 callebat.
2810 5257 2918 5312 Sed
2971 5259 3064 5313 ille
3123 5260 3513 5316 haereticorum
3566 5280 3632 5321 ac

2054 5348 2325 5416 praecipue
2355 5346 2735 5403 Ebionitarum
2775 5351 3058 5407 erroribus
3104 5352 3331 5407 omnino
3366 5354 3631 5413 addictus

2051 5448 2187 5503 erat,
2220 5449 2382 5510 atque
2409 5457 2505 5497 eos
2534 5441 2590 5495 in
2617 5442 2734 5498 suis
2783 5442 3262 5500 lucubrationibus
3313 5444 3539 5504 facilius
3571 5462 3632 5505 ut

2054 5534 2389 5603 propinaret,
2438 5535 2658 5590 easdem
2688 5537 2948 5590 ementito
2970 5535 3291 5598 Clementis,
3337 5537 3627 5607 apostolo-

2053 5642 2176 5683 rum
2210 5625 2461 5699 discipuli
2482 5668 2497 5694 ,
2524 5643 2722 5700 magno
2749 5629 2970 5687 nomine
2989 5629 3216 5687 inscribi
3248 5629 3443 5687 voluit.
