3890 6192
238 301 381 357 1183

1320 297 1652 357 RECOCNI'l
1669 298 1891 356 IONES.
1927 332 1999 343 —
2036 299 2393 359 ΡιιοοειιιΑ.

3350 303 3497 361 1186

311 417 554 485 Denique
585 429 695 485 quo
740 421 985 485 tempore
1013 414 1234 471 eosdem
1278 416 1399 471 illos
1442 416 1612 471 libros
1642 416 1697 471 in
1731 418 1812 472 lu-
1839 427 1886 482 Α
1918 418 1986 474 iis
2016 434 2111 488 qui
2142 418 2265 472 illos
2288 419 2550 481 citarunt,
2596 418 2732 473 varii
2782 419 2924 473 tituli
2951 419 3323 490 praefiguntur.
3368 422 3485 475 Ali-

176 492 181 497 ’
235 528 358 568 cem
401 510 518 581 ipse
565 508 833 573 emiserit,
884 508 1045 577 paulo
1097 508 1392 579 proclivius
1434 515 1518 563 est
1562 509 1808 564 deﬁnire.

236 602 442 658 Verum
475 602 756 656 enimvero
786 616 908 655 cum
924 597 1189 670 Origenes
1210 616 1317 655 non
1341 599 1517 657 solum
1542 600 1664 657 illos
1676 603 1812 656 cita-

243 697 401 758 Verit,
436 694 532 749 sed
561 694 784 764 longum
812 694 975 748 etiam
1008 709 1075 747 ex
1121 694 1190 749 iis
1224 694 1633 763 transcripserit
1667 693 1814 764 frag-

238 794 507 849 mentum,
522 794 739 840 constat
754 786 972 841 eosdem
996 784 1230 855 Origene
1253 787 1370 855 ipso
1393 802 1515 841 esse
1536 788 1814 857 antiquio-

236 894 350 935 res.
376 877 491 932 Non
524 886 727 933 temere
764 878 927 948 igitur
954 878 1028 931 illi
1066 880 1306 933 secundo
1334 878 1589 934 Ecclesiae
1612 881 1813 937 saeculo

241 975 297 1028 in
334 975 531 1042 vulgus
579 972 850 1041 prodiisse
892 972 1171 1027 dicuntur.
1223 971 1377 1037 Quod
1424 972 1644 1042 quidem
1686 973 1813 1029 inde

239 1081 438 1120 rursus
472 1064 785 1118 conﬁrmari
838 1070 1038 1133 potest,
1084 1063 1231 1134 quod
1266 1063 1605 1121 Bardesanes
1639 1063 1812 1136 Syrus

240 1157 392 1211 aliud
419 1171 658 1227 quoque,
690 1155 769 1210 uti
807 1156 1065 1223 diximus,
1102 1154 1465 1225 fragmentum
1488 1172 1597 1210 non
1630 1157 1812 1212 minus

240 1248 554 1319 prolixum,
606 1248 661 1302 in
699 1263 860 1304 suum
894 1245 1162 1305 adversus
1228 1244 1561 1301 Marcionem
1611 1251 1810 1306 librum

236 1342 544 1396 transtulit.
582 1340 719 1394 Nam
768 1340 1103 1396 Bardesanes
1150 1342 1243 1396 ille
1292 1342 1441 1395 hunc
1465 1343 1715 1398 eumdem
1746 1345 1812 1399 li-

236 1432 399 1486 brum
424 1432 530 1487 sub
565 1431 777 1487 Soteris
804 1432 1144 1502 pontiﬁcatu,
1177 1432 1337 1502 paulo
1362 1440 1486 1502 post
1511 1435 1810 1491 secundum

236 1524 500 1578 saeculum
529 1524 767 1579 medium
808 1524 1047 1578 Antonio
1088 1524 1405 1593 imperatori
1451 1532 1809 1598 nuncupavit.

232 1613 359 1670 Jam
390 1631 522 1686 ergo
558 1616 862 1687 pervulgati
903 1628 1063 1671 erant
1107 1616 1185 1671 illi
1234 1616 1663 1688 Recognitionum
1690 1622 1811 1678 Cleo

233 1708 603 1764 mentinarum
633 1708 778 1763 libri.

753 1820 1152 1879 ARTICULUS
1190 1823 1300 1880 Vll.

234 1911 386 1967 Num
413 1912 469 1966 hi
487 1912 612 1989 libri
651 1914 721 1967 ad
752 1931 882 1989 nos,
930 1917 1113 1986 quales
1151 1916 1215 1989 ab
1253 1927 1470 1973 auctore
1508 1922 1813 1989 prodierunt

306 1987 661 2058 pervenerint;
695 2002 756 2039 ac
788 1985 851 2040 de
884 1985 1066 2041 eorum
1103 1988 1368 2058 utilitate,
1407 1985 1578 2045 titulis
1600 2002 1649 2047 et
1693 1995 1812 2047 edi-

307 2054 558 2110 tionibus.

308 2167 581 2224 Cmterum
612 2170 666 2224 hi
698 2171 846 2236 libri,
875 2173 1246 2242 quamtumvis
1275 2173 1569 2230 adulterini
1610 2174 1813 2232 fuerint

230 2262 604 2332 etcorrupti,
643 2262 713 2317 ad
760 2279 861 2318 nos
883 2273 1066 2320 tamen
1115 2268 1306 2337 quales
1355 2268 1425 2323 ab
1465 2278 1689 2325 auctore
1711 2287 1814 2326 suo

232 2354 428 2423 scripti
460 2353 677 2410 fuerant
710 2372 817 2411 non
852 2373 1167 2428 pervenere.
1197 2359 1339 2414 Nulli
1364 2362 1631 2432 siquidem
1666 2380 1815 2419 nunc

232 2456 535 2502 occurrunt
565 2464 755 2504 eorum
791 2448 962 2505 Graaci
993 2452 1212 2508 codices
1243 2456 1637 2527 manuscripti,
1673 2473 1813 2528 quos

231 2557 339 2595 suo
371 2547 614 2611 tempore
645 2540 956 2612 frequentes
991 2543 1160 2599 fuisse
1217 2543 1447 2602 Rufinus
1475 2545 1815 2619 Photiusque

232 2641 510 2688 testantur
532 2633 578 2664 ⁸³
617 2649 630 2685 :
665 2635 837 2689 solam
870 2635 1135 2692 habemus
1169 2637 1331 2706 hujus
1356 2638 1539 2709 operis
1564 2638 1813 2694 Latinam

233 2724 544 2779 versionem
565 2724 774 2790 Rufini,
806 2727 901 2797 qui
947 2728 1156 2797 plures,
1201 2736 1260 2782 ut
1296 2730 1631 2798 monuimus,
1662 2731 1815 2786 locos

232 2832 298 2871 se
328 2816 603 2882 omisisse,
650 2833 751 2872 nec
798 2817 991 2874 Latine
1026 2819 1253 2875 reddere
1296 2822 1537 2877 voluisse
1581 2822 1815 2893 ingenue

232 2906 525 2963 confessus
554 2915 661 2964 est.
700 2908 767 2963 Et
795 2926 854 2967 re
878 2911 1099 2981 quidem
1134 2928 1259 2969 vera
1300 2913 1603 2972 Cotelerius
1635 2918 1689 2971 in
1716 2932 1831 2973 sua

236 3000 434 3054 horum
462 3001 728 3057 librorum
748 3003 988 3059 editione
1017 3020 1084 3060 ex
1116 3006 1292 3062 tribus
1315 3023 1449 3063 mss.
1482 3006 1809 3076 Sorbonico,

234 3089 501 3147 'I'huaneo
527 3134 543 3160 ,
578 3102 633 3149 et
677 3094 1072 3152 Candeleriano
1123 3099 1365 3154 restituit
1421 3100 1808 3173 fragmentum,

1913 513 2132 581 quando
2154 512 2296 566 enim
2317 510 2600 566 Clementis
2627 510 2944 583 Recognitio,
2968 513 3051 567 vel
3068 511 3484 582 Recognitiones,

1916 602 2201 658 Clementis
2238 603 2606 668 Itinerarium,
2635 605 2765 659 liber
2796 604 3112 659 ltinerarius
3137 605 3488 660 Prwdicatio—

1916 696 1998 748 nis
2038 695 2207 761 Petri,
2248 695 2529 749 Clementis
2570 706 2735 766 gesta,
2767 698 2848 750 vel
2885 696 3150 762 Historia,
3194 708 3287 752 aut
3321 696 3489 753 Chro-

1915 788 2056 849 nica,
2088 790 2169 841 vel
2208 787 2492 855 Narratio,
2537 789 2830 859 aliquando
2875 806 3004 844 vero
3044 790 3187 843 Petri
3244 791 3486 860 Periodi,

1912 882 1998 934 vel
2028 880 2317 943 Circuitus,
2345 882 2427 935 vel
2452 881 2905 949 llinerarium,ve|
2930 882 3093 936 Actus
3122 884 3486 953 appellantur.

1914 973 1953 1027 li
1988 989 2154 1044 porro
2183 990 2248 1029 ex
2289 975 2505 1029 duobus
2550 990 2685 1030 mss.
2740 990 2865 1029 cum
2924 976 3092 1029 variis
3143 991 3489 1032 summorum

1914 1067 2277 1135 quorumdam
2307 1066 2621 1137 pontiﬁcum
2672 1067 2951 1136 epistolis,
3006 1077 3233 1123 curante
3278 1067 3489 1125 Joanne

1918 1157 2207 1222 Sichardo,
2253 1174 2396 1213 anno
2434 1159 2572 1214 1526
2599 1160 2739 1230 typis
2773 1160 2902 1214 editi
2929 1171 3074 1215 sunt.
3101 1160 3293 1216 Postea
3323 1161 3487 1215 Lam-

1914 1250 2101 1305 hertns
2161 1249 2427 1306 Gruterus
2476 1250 2781 1306 Venradius
2832 1255 3052 1307 eosdem
3112 1269 3304 1307 rursus
3347 1254 3489 1324 typis

1914 1343 2154 1406 excudit,
2190 1352 2353 1412 atque
2382 1344 2433 1397 in
2462 1344 2542 1397 eis
2587 1344 2835 1414 quaedam
2876 1360 2934 1399 se
2976 1344 3296 1399 emendasse
3339 1345 3491 1398 afﬁr-

1916 1444 2047 1488 mat.
2112 1434 2313 1488 Vernm
2366 1451 2490 1489 cum
2538 1437 2628 1489 ille
2672 1436 2771 1491 has
2811 1436 3218 1490 emendationes
3268 1452 3375 1490 non
3422 1452 3490 1490 ex

1914 1528 2309 1597 manuscriptis
2342 1545 2401 1583 se
2429 1530 2679 1583 hausisse
2708 1528 2926 1593 dixerit,
2957 1544 3051 1583 eas
3078 1528 3193 1581 suis
3218 1528 3489 1583 duntaxat

1917 1619 2251 1687 conjecturis
2277 1621 2493 1674 videtur
2520 1620 2691 1675 fuisse
2717 1629 3023 1676 assecutus.
3073 1620 3148 1674 Ex
3178 1621 3280 1675 hac
3306 1631 3487 1680 tamen

1915 1711 2155 1766 editione
2202 1713 2256 1766 iu
2306 1712 2637 1767 Bibliotheca
2682 1712 3020 1783 Lugdunensi
3056 1712 3108 1766 1ιί
3142 1712 3264 1766 libri
3296 1728 3491 1767 rursus

1843 1804 1887 1867 B
1914 1804 2105 1857 emissi
2133 1814 2262 1859 sunt
2288 1804 2343 1858 in
2380 1804 2581 1859 lucem.
2623 1804 2930 1860 Cotelerius
2975 1814 3155 1860 autem
3196 1806 3319 1861 illos
3364 1822 3489 1861 cum

1914 1897 2173 1966 operibus
2215 1896 2463 1963 Patrum,
2512 1898 2604 1968 qui
2653 1898 2993 1967 temporibus
3034 1899 3351 1969 apostolicis
3392 1897 3491 1954 flu-

1914 1999 2164 2056 ruerunt,
2195 1990 2462 2062 publicari
2500 1992 2699 2055 voluit,
2756 1991 3007 2061 hancque
3051 1992 3343 2047 editionem
3386 2006 3490 2061 ope

1915 2098 2011 2137 sex
2062 2099 2196 2138 mss.
2229 2083 2521 2147 codicum,
2573 2081 2837 2138 Sorbonaa
2873 2083 3157 2147 nimirum,
3201 2081 3488 2147 Thuaneo,

1915 2172 2061 2228 Petri
2082 2173 2415 2240 Candelerii,
2467 2173 2653 2245 Regis,
2708 2173 2855 2229 Petri
2895 2173 3081 2237 Petiti,
3124 2182 3179 2230 et
3221 2173 3491 2229 Carmeli-

1916 2275 2096 2321 tarum
2153 2266 2623 2322 Discalceatorum
2676 2283 2735 2322 se
2791 2267 3089 2322 adornasse
3139 2267 3486 2323 testificatur.

1914 2359 2095 2414 Alium
2122 2368 2383 2430 prazterea
2414 2360 2681 2427 codicem,
2706 2368 2831 2415 ante
2860 2375 3032 2414 annos
3057 2360 3491 2431 quadringentos

1915 2460 2242 2517 exaratum,
2295 2468 2363 2508 ex
2411 2452 2745 2508 bibliotheca
2799 2451 3114 2507 Colbertina
3167 2468 3335 2523 penes
3386 2465 3491 2507 nos

1916 2544 2228 2601 habuimus.

2418 2656 2817 2713 ARTICULUS
2856 2655 2992 2713 V'lll.

1916 2750 1994 2806 De
2020 2750 2183 2805 variis
2214 2750 2267 2803 in
2296 2749 2389 2804 hos
2423 2749 2589 2804 libros
2617 2751 2754 2803 notis
2783 2759 2831 2803 et
2854 2748 3326 2813 observationibus,
3356 2757 3402 2801 et
3426 2746 3491 2803 tle

2168 2820 2290 2875 aliis
2323 2820 2473 2875 libris
2506 2822 2570 2874 ab
2600 2822 2781 2874 eodem
2817 2830 3032 2872 auctore
3059 2818 3238 2875 editis.

1988 2911 2255 2969 Gruterus
2296 2914 2546 2984 quaedam
2597 2913 2653 2967 in
2689 2914 2789 2968 hos
2833 2910 3009 2966 libros
3036 2911 3211 2966 edidit
3256 2910 3488 2974 scholia,

1915 3022 2039 3076 qua:
2062 3021 2161 3060 nec
2191 3005 2373 3076 magni
2403 3013 2534 3059 sunt
2556 3004 2839 3068 momenti,
2870 3018 2971 3057 nec
3000 3004 3185 3057 multa:
3214 3002 3485 3057 utilitatis.

1919 3098 2309 3154 AtCotelerius
2353 3097 2627 3152 doctiores
2674 3096 3033 3165 utilioresque
3076 3095 3133 3149 in
3177 3094 3277 3149 hos
3320 3093 3491 3147 libros

231 3185 386 3253 quod
416 3183 550 3239 illud
582 3186 761 3257 ipsum
808 3203 933 3243 esse
980 3196 1156 3259 putat,
1203 3207 1313 3262 quo
1365 3202 1559 3249 auctor
1598 3205 1809 3263 noster,
1841 3174 1884 3232 (ἶ
1918 3190 2140 3260 scripsit
2193 3198 2352 3245 notas
2401 3196 2456 3243 et
2501 3188 2955 3250 observationes,
3005 3187 3207 3255 quibus
3246 3184 3490 3239 auctoris

232 3282 380 3332 teste
413 3274 634 3343 Rufino,
683 3277 746 3332 de
781 3280 1013 3350 ingenito
1062 3281 1168 3336 Deo
1198 3285 1471 3356 genitoque
1514 3286 1810 3355 disseruit;

234 3373 402 3438 atque
431 3368 555 3423 ideo
592 3370 739 3439 quod
766 3370 986 3428 Arianis
1017 3372 1243 3439 faveret,
1283 3377 1351 3431 ab
1375 3378 1565 3433 eodem
1612 3378 1813 3434 Ruﬁno

240 3458 314 3514 de
343 3460 615 3515 industria
647 3460 825 3517 fuerat
854 3467 1305 3535 praetermissum.
1358 3467 1625 3525 Praeterea
1658 3471 1703 3526 si
1734 3471 1813 3526 ei-

234 3551 362 3605 dem
408 3550 605 3608 Rulino
646 3553 949 3626 Photioque
980 3559 1110 3613 fides
1143 3560 1405 3614 habeatur
1439 3600 1454 3625 ,
1483 3560 1535 3615 hi
1571 3562 1696 3616 libri
1744 3564 1812 3617 ab

236 3642 599 3701 Eunomianis
626 3655 680 3700 et
718 3646 955 3713 Arianis,
981 3649 1303 3721 primigenio
1342 3650 1558 3705 illorum
1591 3660 1813 3708 auctore

234 3736 398 3804 longe
423 3739 839 3806 posterioribus,
867 3740 1147 3810 depravati
1177 3751 1305 3797 sunt
1326 3752 1379 3797 et
1411 3744 1719 3799 adulterati.

310 3828 654 3900 Quapropter
702 3834 952 3902 quamvis
1004 3834 1165 3888 iidem
1219 3834 1345 3888 libri
1400 3836 1653 3891 maximae.
1704 3836 1814 3892 sint

233 3923 613 3993 antiquitatis,
665 3925 842 3979 cautis
882 3934 1065 3980 tamen
1132 3926 1599 3997 prudentibusque
1641 3929 1813 3984 oculis

234 4014 450 4084 legendi
480 4024 628 4083 sunt,
674 4017 874 4086 quippe
916 4018 1010 4087 qui
1059 4018 1126 4072 ab
1169 4020 1236 4074 iis
1282 4019 1375 4090 qui
1410 4036 1630 4078 errores
1680 4038 1813 4078 suos

234 4122 462 4177 quoquo
484 4109 699 4163 tandem
732 4110 894 4164 modo
922 4110 1279 4165 disseminare
1309 4115 1610 4178 tentabant,
1646 4117 1812 4170 variis

234 4199 578 4269 temporibus
642 4213 890 4270 ueqmter
956 4206 1202 4273 corrupti
1271 4203 1495 4259 fuerint.
1573 4205 1814 4262 Possunt

235 4300 422 4345 tamen
446 4292 742 4361 aliquibus,
778 4308 886 4347 non
910 4296 1135 4349 omnino
1172 4295 1630 4366 imprudentibus,
1674 4316 1812 4355 non-

235 4384 375 4437 nihil
431 4385 700 4439 utilitatis'
732 4386 939 4441 idcirco
986 4387 1236 4456 adferre,
1285 4390 1431 4459 quod
1481 4391 1813 4449 Christiana

1915 3291 2098 3337 textus
2131 3281 2425 3351 corrigitur
2448 3288 2501 3334 et
2521 3280 2807 3334 enodatur.
2829 3277 3011 3331 Monet
3032 3286 3210 3330 tamen
3235 3274 3489 3344 majorem

1915 3374 2369 3447 Rccognitionum
2429 3382 2658 3442 partem,
2705 3370 2843 3443 quod
2890 3368 2958 3424 ad
3004 3368 3262 3420 humanas
3313 3366 3489 3436 potius

1913 3468 2226 3537 disciplinas
2262 3474 2515 3534 spectent,
2561 3480 2721 3534 quam
2763 3464 2832 3517 ad
2882 3461 3217 3531 theologiam,
3251 3460 3390 3513 notis
3420 3458 3490 3512 il-

1913 3560 2201 3614 lustratum
2221 3575 2276 3612 se
2304 3574 2409 3612 non
2438 3558 2610 3612 ivisse.
2651 3554 2772 3610 Non
2816 3570 3022 3626 paucas
3067 3560 3248 3606 tamen
3307 3550 3364 3604 in
3397 3565 3488 3606 res

1912 3651 2322 3722 philosophicas
2342 3649 2514 3704 edidit
2538 3648 3063 3703 animadversiones.
3086 3643 3271 3714 Neque
3300 3642 3489 3697 forsan

1910 3742 2020 3797 alia
2048 3743 2203 3814 plura
2236 3742 2306 3796 ab
2332 3757 2396 3796 eo
2428 3742 2717 3797 observata
2751 3739 3049 3794 lectoribus
3092 3738 3274 3791 minus
3303 3743 3489 3791 essent

1909 3834 2153 3905 jucunda
2175 3844 2228 3889 et
2243 3834 2418 3902 utilia,
2444 3835 2491 3890 si
2516 3849 2545 3887 a
2560 3832 2842 3905 proposito
2864 3831 3106 3887 auctoris
3128 3839 3277 3885 textu
3307 3828 3489 3883 rarius

1913 3928 2308 3999 digrederetur.

1986 4020 2165 4075 Unum
2200 4020 2286 4075 his
2318 4018 2576 4076 omnibus
2608 4014 2942 4081 addendum,
2969 4028 3165 4084 nempe
3207 4020 3486 4067 auctorem

1914 4122 2185 4178 nostrum,
2215 4112 2260 4166 si
2286 4112 2449 4165 ﬁdem
2499 4111 2737 4179 aliquam
2783 4114 3077 4170 mereatur,
3118 4105 3303 4174 plures
3350 4102 3488 4156 alios

1912 4219 1979 4258 ex
2011 4205 2080 4259 iis
2105 4220 2225 4274 quae
2254 4220 2283 4257 a
2313 4202 2477 4257 Petro
2504 4201 2753 4255 audierat
2802 4199 2973 4252 libros
3013 4194 3338 4250 confecisse.
3375 4191 3488 4248 llos

1914 4304 2096 4351 autem
2123 4297 2213 4351 ille
2245 4303 2500 4349 accurate
2519 4303 2802 4346 enumerat
2825 4290 2943 4359 (lib.
2990 4304 3029 4354 ι,
3060 4301 3142 4352 ιιι,
3173 4286 3250 4354 v),
3284 4284 3485 4336 librum

1912 4386 1990 4440 De
2020 4404 2137 4441 vero
2174 4385 2463 4456 Pmplieta,
2506 4385 2704 4439 librum
2760 4381 2837 4435 De
2880 4378 3231 4449 prwﬁnitione
3282 4374 3394 4436 Dei,
3426 4377 3483 4427 et

232 4475 517 4546 religionis
545 4478 793 4546 apologia
825 4479 933 4533 sint
963 4489 1018 4534 et
1046 4480 1311 4548 defensio,
1337 4499 1445 4553 qua
1486 4483 1684 4539 fabulae
1709 4502 1809 4556 pa-
1844 4485 2096 4573 Ddecem
2118 4480 2255 4534 alios
2285 4480 2353 4533 ab
2393 4478 2578 4539 editis,
2630 4475 3066 4573 Recognitionum
3104 4470 3484 4573 libros-nquio-

233 4583 527 4637 gsnorum,
544 4569 871 4634 idololatria,
899 4573 1189 4643 cultusque
1213 4574 1474 4632 falsorum
1496 4579 1807 4648 numinum,

233 4670 401 4729 atque
429 4675 617 4715 eorum
645 4663 740 4732 qui
769 4665 934 4719 astris
963 4666 1312 4723 influentibus
1343 4667 1559 4724 fatalem
1600 4670 1811 4727 homini

235 4752 621 4806 necessitatem
658 4754 862 4825 imponi
895 4756 1083 4813 dicunt
1116 4800 1131 4826 ,
1161 4774 1382 4815 errores
1422 4761 1812 4832 impugnantur

231 4850 295 4896 et
319 4842 695 4900 destruuntur.
742 4845 853 4903 Nec
898 4851 1063 4905 etiam
1092 4851 1312 4907 inutiles
1338 4854 1563 4907 omnino
1597 4854 1665 4908 iis
1689 4870 1812 4911 esse

233 4943 495 5003 poterunt
527 4937 621 5006 qui
655 4939 836 4994 varias
879 4942 1327 5014 philosophorum
1368 4945 1673 5014 opiniones,
1711 4961 1810 4999 va-

234 5026 349 5080 rios
391 5027 732 5084 diversorum
776 5035 1104 5105 populorum
1142 5052 1323 5092 mores
1359 5038 1814 5093 consuetudines-

234 5134 344 5187 que
423 5129 588 5192 atque
653 5124 973 5195 allegoricas
1040 5127 1351 5184 fabularum
1421 5131 1812 5202 explicationes

237 5212 511 5269 voluerint
542 5215 843 5283 addiscere.

313 5305 406 5363 His
446 5308 602 5364 libris
642 5320 695 5366 et
743 5311 799 5366 in
850 5316 1241 5387 manuscriptis
1279 5317 1597 5387 codicibus,
1659 5321 1811 5376 etab

311 5463 354 5495 ⁸³
391 5461 449 5519 lu
479 5464 736 5524 Biblioth.
766 5469 892 5527 cod.
917 5470 1021 5525 112
1046 5479 1102 5527 et
1132 5472 1255 5529 H5.

1915 4589 2037 4627 rum
2060 4572 2270 4642 singula
2293 4573 2493 4642 promit
2513 4576 2832 4640 argumenta
2860 4585 2872 4626 :
2896 4566 3033 4619 alios
3064 4571 3245 4616 autem
3272 4557 3486 4613 libellus

1914 4684 1981 4723 ex
2025 4666 2170 4723 Petri
2221 4665 2287 4720 ad
2321 4664 2714 4735 discipulorum
2763 4673 2987 4715 suorum
3023 4657 3367 4721 interrogata
3398 4658 3488 4701 re-

1916 4763 2133 4832 sponsis
2165 4759 2516 4828 compositos.
2548 4755 2740 4810 Utrum
2771 4764 2952 4807 tamen
2983 4749 3037 4803 hi
3065 4747 3187 4801 libri
3215 4745 3271 4799 in
3307 4743 3486 4832 lucem

1917 4831 2210 4924 aliquando
2268 4850 2455 4905 emissi
2510 4848 2715 4903 fuerint
2769 4845 2853 4899 vel
2907 4856 3048 4895 vana
3105 4831 3486 4892 tantummodo

1918 4945 2203 4999 mendacis
2228 4943 2512 5013 scriptoris
2540 4938 2906 4995 ostentatione
2945 4934 3069 4987 ﬁcte
3108 4928 3486 4993 fallaciterque

1914 5038 2287 5100 venditentur,
2317 5037 2371 5089 in
2396 5033 2621 5089 dubium
2670 5030 2863 5085 merito
2898 5023 3143 5082 revocari
3182 5024 3382 5091 potest.
3415 5015 3485 5067 At

1916 5130 1961 5186 si
1986 5129 2281 5199 aliquando
2308 5126 2629 5199 prodierunt
2659 5123 2713 5177 in
2735 5120 3037 5192 publicum,
3062 5115 3121 5169 hi
3164 5128 3275 5167 non
3300 5108 3485 5163 minus

1913 5241 2078 5297 quam
2109 5224 2183 5277 illi
2213 5222 2279 5277 de
2319 5221 2521 5291 quibus
2567 5218 2832 5272 hactenus
2880 5207 3311 5282 disputavimus,
3352 5214 3485 5271 sup-

1914 5319 2079 5390 positi
2112 5324 2237 5373 sunt
2264 5324 2316 5371 et
2344 5308 2655 5370 adulterini.
