  <div class='ocr_page' id='page_1' title='image "/cluster/home/n/w/nwhite01/storage/ocr_20150623/1/nnc1.0022106693/649.png"; bbox 0 0 3890 6192; ppageno 0'>
   <div class='ocr_carea' id='block_1_1' title="bbox 483 274 622 330">
    <p class='ocr_par' dir='ltr' id='par_1_1' title="bbox 483 274 622 330">
     <span class='ocr_line' id='line_1_1' title="bbox 483 274 622 330; baseline -0.022 0"><span class='ocrx_word' id='word_1_1' title='bbox 483 274 622 330; x_wconf 82' lang='grc'><strong>1187</strong></span> 
     </span>
    </p>
   </div>
   <div class='ocr_carea' id='block_1_2' title="bbox 1346 273 2895 338">
    <p class='ocr_par' dir='ltr' id='par_1_2' title="bbox 1346 273 2895 338">
     <span class='ocr_line' id='line_1_2' title="bbox 1346 273 2895 338; baseline 0.003 -6"><span class='ocrx_word' id='word_1_2' title='bbox 1346 273 1404 332; x_wconf 87' lang='lat' dir='ltr'><strong>S.</strong></span> <span class='ocrx_word' id='word_1_3' title='bbox 1447 274 1848 333; x_wconf 70' lang='grc' dir='ltr'><strong>ριειΕΝτιε</strong></span> <span class='ocrx_word' id='word_1_4' title='bbox 1882 277 1904 331; x_wconf 77' lang='grc'><strong>1</strong></span> <span class='ocrx_word' id='word_1_5' title='bbox 1944 278 2111 338; x_wconf 79' lang='lat' dir='ltr'><strong>ROM.</strong></span> <span class='ocrx_word' id='word_1_6' title='bbox 2151 278 2355 337; x_wconf 79' lang='lat' dir='ltr'><strong>PONT.</strong></span> <span class='ocrx_word' id='word_1_7' title='bbox 2395 278 2627 336; x_wconf 81' lang='lat' dir='ltr'><strong>OPERA</strong></span> <span class='ocrx_word' id='word_1_8' title='bbox 2670 280 2895 338; x_wconf 78' lang='lat' dir='ltr'><strong>DUBIA.</strong></span> 
     </span>
    </p>
   </div>
   <div class='ocr_carea' id='block_1_3' title="bbox 3610 281 3729 336">
    <p class='ocr_par' dir='ltr' id='par_1_3' title="bbox 3610 281 3729 336">
     <span class='ocr_line' id='line_1_3' title="bbox 3610 281 3729 336; baseline 0.017 -1"><span class='ocrx_word' id='word_1_9' title='bbox 3610 281 3729 336; x_wconf 77' lang='grc'><strong>1183</strong></span> 
     </span>
    </p>
   </div>
   <div class='ocr_carea' id='block_1_4' title="bbox 1116 562 3093 684">
    <p class='ocr_par' dir='ltr' id='par_1_4' title="bbox 1116 562 3093 684">
     <span class='ocr_line' id='line_1_4' title="bbox 1116 562 3093 684; baseline 0 -5"><span class='ocrx_word' id='word_1_10' title='bbox 1116 563 1227 679; x_wconf 83' lang='lat' dir='ltr'><strong>J.</strong></span> <span class='ocrx_word' id='word_1_11' title='bbox 1332 564 1462 677; x_wconf 92' lang='lat' dir='ltr'><strong>B.</strong></span> <span class='ocrx_word' id='word_1_12' title='bbox 1550 562 2326 681; x_wconf 83' lang='lat' dir='ltr'><strong>COTELERII</strong></span> <span class='ocrx_word' id='word_1_13' title='bbox 2410 564 3093 684; x_wconf 86' lang='lat' dir='ltr'><strong>JUDlCIUM</strong></span> 
     </span>
    </p>
   </div>
   <div class='ocr_carea' id='block_1_5' title="bbox 1537 790 2650 850">
    <p class='ocr_par' dir='ltr' id='par_1_5' title="bbox 1537 790 2650 850">
     <span class='ocr_line' id='line_1_5' title="bbox 1537 790 2650 850; baseline 0 -5"><span class='ocrx_word' id='word_1_14' title='bbox 1537 790 1627 845; x_wconf 86' lang='lat' dir='ltr'><strong>DE</strong></span> <span class='ocrx_word' id='word_1_15' title='bbox 1689 790 1920 849; x_wconf 87' lang='lat' dir='ltr'><strong>LIBRIS</strong></span> <span class='ocrx_word' id='word_1_16' title='bbox 1983 792 2455 850; x_wconf 85' lang='lat' dir='ltr'><strong>RECOGNITIO</strong></span> <span class='ocrx_word' id='word_1_17' title='bbox 2466 790 2650 847; x_wconf 71' lang='lat' dir='ltr'><strong>NUM.</strong></span> 
     </span>
    </p>
   </div>
   <div class='ocr_carea' id='block_1_6' title="bbox 1186 948 3003 1026">
    <p class='ocr_par' dir='ltr' id='par_1_6' title="bbox 1186 948 3003 1026">
     <span class='ocr_line' id='line_1_6' title="bbox 1186 948 3003 1026; baseline 0.001 -19"><span class='ocrx_word' id='word_1_18' title='bbox 1186 951 1407 1023; x_wconf 84' lang='lat' dir='ltr'><strong>(Patres</strong></span> <span class='ocrx_word' id='word_1_19' title='bbox 1436 953 1736 1022; x_wconf 74' lang='lat' dir='ltr'><strong>apostolici,</strong></span> <span class='ocrx_word' id='word_1_20' title='bbox 1761 961 1803 1007; x_wconf 84' lang='lat' dir='ltr'><strong>t.</strong></span> <span class='ocrx_word' id='word_1_21' title='bbox 1830 953 1873 1019; x_wconf 91' lang='lat' dir='ltr'><strong>l,</strong></span> <span class='ocrx_word' id='word_1_22' title='bbox 1903 969 1957 1024; x_wconf 91' lang='lat' dir='ltr'><strong>p.</strong></span> <span class='ocrx_word' id='word_1_23' title='bbox 1991 953 2118 1021; x_wconf 61' lang='lat'><strong>490,</strong></span> <span class='ocrx_word' id='word_1_24' title='bbox 2148 948 2574 1008; x_wconf 65' lang='lat' dir='ltr'><strong>cd.Amstaalod.</strong></span> <span class='ocrx_word' id='word_1_25' title='bbox 2601 952 2761 1017; x_wconf 63' lang='lat'><strong>1724,</strong></span> <span class='ocrx_word' id='word_1_26' title='bbox 2795 951 3003 1026; x_wconf 58' lang='lat' dir='ltr'><strong>in-fol.)</strong></span> 
     </span>
    </p>
   </div>
   <div class='ocr_carea' id='block_1_7' title="bbox 2080 1136 2147 1148">
    <p class='ocr_par' dir='ltr' id='par_1_7' title="bbox 2080 1136 2147 1148">
     <span class='ocr_line' id='line_1_7' title="bbox 2080 1136 2147 1148; baseline 0.03 -2"><span class='ocrx_word' id='word_1_27' title='bbox 2080 1136 2147 1148; x_wconf 73' lang='grc'><strong>.-</strong></span> 
     </span>
    </p>
   </div>
   <div class='ocr_carea' id='block_1_8' title="bbox 544 1252 3729 1327">
    <p class='ocr_par' dir='ltr' id='par_1_8' title="bbox 544 1252 3729 1327">
     <span class='ocr_line' id='line_1_8' title="bbox 544 1252 3729 1327; baseline 0 -20"><span class='ocrx_word' id='word_1_28' title='bbox 544 1254 820 1321; x_wconf 79' lang='lat' dir='ltr'><strong>Quantum</strong></span> <span class='ocrx_word' id='word_1_29' title='bbox 853 1267 919 1309; x_wconf 80' lang='lat' dir='ltr'><strong>ex</strong></span> <span class='ocrx_word' id='word_1_30' title='bbox 949 1269 1007 1309; x_wconf 86' lang='lat' dir='ltr'><strong>re</strong></span> <span class='ocrx_word' id='word_1_31' title='bbox 1036 1269 1177 1325; x_wconf 80' lang='lat' dir='ltr'><strong>Ipsa,</strong></span> <span class='ocrx_word' id='word_1_32' title='bbox 1209 1262 1456 1309; x_wconf 86' lang='lat' dir='ltr'><strong>veterum</strong></span> <span class='ocrx_word' id='word_1_33' title='bbox 1497 1256 1849 1322; x_wconf 81' lang='lat' dir='ltr'><strong>testimoniis,</strong></span> <span class='ocrx_word' id='word_1_34' title='bbox 1878 1272 1942 1313; x_wconf 82' lang='lat' dir='ltr'><strong>ac</strong></span> <span class='ocrx_word' id='word_1_35' title='bbox 1968 1273 2057 1313; x_wconf 89' lang='lat' dir='ltr'><strong>re-</strong></span> <span class='ocrx_word' id='word_1_36' title='bbox 2090 1264 2133 1318; x_wconf 72' lang='grc' dir='ltr'><strong>Α</strong></span> <span class='ocrx_word' id='word_1_37' title='bbox 2166 1254 2447 1313; x_wconf 85' lang='lat' dir='ltr'><strong>Chronicis</strong></span> <span class='ocrx_word' id='word_1_38' title='bbox 2502 1255 2814 1314; x_wconf 81' lang='lat' dir='ltr'><strong>Clementis.</strong></span> <span class='ocrx_word' id='word_1_39' title='bbox 2883 1254 3116 1312; x_wconf 79' lang='lat' dir='ltr'><strong>Ruﬁnus</strong></span> <span class='ocrx_word' id='word_1_40' title='bbox 3172 1272 3303 1311; x_wconf 88' lang='lat' dir='ltr'><strong>vero</strong></span> <span class='ocrx_word' id='word_1_41' title='bbox 3354 1271 3625 1327; x_wconf 84' lang='lat' dir='ltr'><strong>perorans</strong></span> <span class='ocrx_word' id='word_1_42' title='bbox 3671 1252 3729 1309; x_wconf 79' lang='lat' dir='ltr'><strong>ad</strong></span> 
     </span>
    </p>
   </div>
   <div class='ocr_carea' id='block_1_9' title="bbox 469 1346 2060 1421">
    <p class='ocr_par' dir='ltr' id='par_1_9' title="bbox 469 1346 2060 1421">
     <span class='ocr_line' id='line_1_9' title="bbox 469 1346 2060 1421; baseline 0.003 -21"><span class='ocrx_word' id='word_1_43' title='bbox 469 1348 781 1401; x_wconf 79' lang='lat' dir='ltr'><strong>centiorum</strong></span> <span class='ocrx_word' id='word_1_44' title='bbox 810 1346 1033 1416; x_wconf 86' lang='lat' dir='ltr'><strong>judiciis</strong></span> <span class='ocrx_word' id='word_1_45' title='bbox 1054 1347 1311 1417; x_wconf 78' lang='lat' dir='ltr'><strong>colligere</strong></span> <span class='ocrx_word' id='word_1_46' title='bbox 1337 1348 1484 1415; x_wconf 82' lang='lat' dir='ltr'><strong>licet,</strong></span> <span class='ocrx_word' id='word_1_47' title='bbox 1518 1348 1643 1403; x_wconf 85' lang='lat' dir='ltr'><strong>libri</strong></span> <span class='ocrx_word' id='word_1_48' title='bbox 1688 1350 1778 1405; x_wconf 90' lang='lat' dir='ltr'><strong>isti</strong></span> <span class='ocrx_word' id='word_1_49' title='bbox 1828 1350 2060 1421; x_wconf 78' lang='lat' dir='ltr'><strong>pseudo-</strong></span> 
     </span>
    </p>
   </div>
   <div class='ocr_carea' id='block_1_10' title="bbox 472 1439 2060 1513">
    <p class='ocr_par' dir='ltr' id='par_1_10' title="bbox 472 1439 2060 1513">
     <span class='ocr_line' id='line_1_10' title="bbox 472 1439 2060 1513; baseline 0.003 -21"><span class='ocrx_word' id='word_1_50' title='bbox 472 1439 725 1509; x_wconf 78' lang='lat' dir='ltr'><strong>pigrapbi</strong></span> <span class='ocrx_word' id='word_1_51' title='bbox 748 1448 877 1496; x_wconf 88' lang='lat' dir='ltr'><strong>sunt</strong></span> <span class='ocrx_word' id='word_1_52' title='bbox 905 1447 959 1495; x_wconf 88' lang='lat' dir='ltr'><strong>et</strong></span> <span class='ocrx_word' id='word_1_53' title='bbox 990 1440 1309 1511; x_wconf 76' lang='lat' dir='ltr'><strong>apocryphi,</strong></span> <span class='ocrx_word' id='word_1_54' title='bbox 1336 1442 1579 1496; x_wconf 87' lang='lat' dir='ltr'><strong>secundo</strong></span> <span class='ocrx_word' id='word_1_55' title='bbox 1605 1441 1805 1497; x_wconf 55' lang='lat' dir='ltr'><strong>saeculo</strong></span> <span class='ocrx_word' id='word_1_56' title='bbox 1836 1457 2060 1513; x_wconf 89' lang='lat' dir='ltr'><strong>compo-</strong></span> 
     </span>
    </p>
   </div>
   <div class='ocr_carea' id='block_1_11' title="bbox 474 1532 2057 1605">
    <p class='ocr_par' dir='ltr' id='par_1_11' title="bbox 474 1532 2057 1605">
     <span class='ocr_line' id='line_1_11' title="bbox 474 1532 2057 1605; baseline 0.001 -18"><span class='ocrx_word' id='word_1_57' title='bbox 474 1532 622 1587; x_wconf 82' lang='lat' dir='ltr'><strong>sitia</strong></span> <span class='ocrx_word' id='word_1_58' title='bbox 652 1533 771 1588; x_wconf 88' lang='lat' dir='ltr'><strong>viro</strong></span> <span class='ocrx_word' id='word_1_59' title='bbox 794 1533 956 1587; x_wconf 83' lang='lat' dir='ltr'><strong>docto</strong></span> <span class='ocrx_word' id='word_1_60' title='bbox 985 1533 1205 1603; x_wconf 84' lang='lat' dir='ltr'><strong>quidem</strong></span> <span class='ocrx_word' id='word_1_61' title='bbox 1235 1534 1391 1603; x_wconf 74' lang='lat' dir='ltr'><strong>juxta</strong></span> <span class='ocrx_word' id='word_1_62' title='bbox 1435 1549 1501 1588; x_wconf 91' lang='lat' dir='ltr'><strong>ac</strong></span> <span class='ocrx_word' id='word_1_63' title='bbox 1541 1535 1768 1593; x_wconf 86' lang='lat' dir='ltr'><strong>diserto.</strong></span> <span class='ocrx_word' id='word_1_64' title='bbox 1790 1534 1887 1590; x_wconf 89' lang='lat' dir='ltr'><strong>sed</strong></span> <span class='ocrx_word' id='word_1_65' title='bbox 1928 1535 2057 1605; x_wconf 89' lang='lat' dir='ltr'><strong>phi-</strong></span> 
     </span>
    </p>
   </div>
   <div class='ocr_carea' id='block_1_12' title="bbox 470 1625 2057 1697">
    <p class='ocr_par' dir='ltr' id='par_1_12' title="bbox 470 1625 2057 1697">
     <span class='ocr_line' id='line_1_12' title="bbox 470 1625 2057 1697; baseline -0.001 -18"><span class='ocrx_word' id='word_1_66' title='bbox 470 1625 704 1695; x_wconf 83' lang='lat' dir='ltr'><strong>losopho</strong></span> <span class='ocrx_word' id='word_1_67' title='bbox 762 1627 934 1697; x_wconf 80' lang='lat' dir='ltr'><strong>magis</strong></span> <span class='ocrx_word' id='word_1_68' title='bbox 994 1634 1048 1681; x_wconf 91' lang='lat' dir='ltr'><strong>et</strong></span> <span class='ocrx_word' id='word_1_69' title='bbox 1111 1626 1387 1697; x_wconf 82' lang='lat' dir='ltr'><strong>philologo</strong></span> <span class='ocrx_word' id='word_1_70' title='bbox 1445 1642 1609 1696; x_wconf 88' lang='lat' dir='ltr'><strong>quam</strong></span> <span class='ocrx_word' id='word_1_71' title='bbox 1669 1627 1946 1697; x_wconf 78' lang='lat' dir='ltr'><strong>theologo,</strong></span> <span class='ocrx_word' id='word_1_72' title='bbox 2000 1626 2057 1679; x_wconf 91' lang='lat' dir='ltr'><strong>in</strong></span> 
     </span>
    </p>
   </div>
   <div class='ocr_carea' id='block_1_13' title="bbox 471 1719 2054 1790">
    <p class='ocr_par' dir='ltr' id='par_1_13' title="bbox 471 1719 2054 1790">
     <span class='ocr_line' id='line_1_13' title="bbox 471 1719 2054 1790; baseline -0.003 -16"><span class='ocrx_word' id='word_1_73' title='bbox 471 1720 853 1790; x_wconf 74' lang='lat' dir='ltr'><strong>excogitandis</strong></span> <span class='ocrx_word' id='word_1_74' title='bbox 906 1728 1088 1775; x_wconf 88' lang='lat' dir='ltr'><strong>autem</strong></span> <span class='ocrx_word' id='word_1_75' title='bbox 1130 1719 1634 1790; x_wconf 84' lang='lat' dir='ltr'><strong>connectendisque</strong></span> <span class='ocrx_word' id='word_1_76' title='bbox 1677 1720 1819 1775; x_wconf 81' lang='lat' dir='ltr'><strong>lictis</strong></span> <span class='ocrx_word' id='word_1_77' title='bbox 1862 1732 2054 1773; x_wconf 89' lang='lat' dir='ltr'><strong>narra-</strong></span> 
     </span>
    </p>
   </div>
   <div class='ocr_carea' id='block_1_14' title="bbox 468 1811 2058 1885">
    <p class='ocr_par' dir='ltr' id='par_1_14' title="bbox 468 1811 2058 1885">
     <span class='ocr_line' id='line_1_14' title="bbox 468 1811 2058 1885; baseline -0.001 -18"><span class='ocrx_word' id='word_1_78' title='bbox 468 1814 717 1868; x_wconf 77' lang='lat' dir='ltr'><strong>tionibus</strong></span> <span class='ocrx_word' id='word_1_79' title='bbox 760 1814 920 1883; x_wconf 85' lang='lat' dir='ltr'><strong>plane</strong></span> <span class='ocrx_word' id='word_1_80' title='bbox 976 1814 1119 1868; x_wconf 83' lang='lat' dir='ltr'><strong>rudi.</strong></span> <span class='ocrx_word' id='word_1_81' title='bbox 1167 1811 1327 1884; x_wconf 84' lang='lat' dir='ltr'><strong>Isque</strong></span> <span class='ocrx_word' id='word_1_82' title='bbox 1398 1812 1618 1867; x_wconf 88' lang='lat' dir='ltr'><strong>videtur</strong></span> <span class='ocrx_word' id='word_1_83' title='bbox 1669 1812 2058 1885; x_wconf 87' lang='lat' dir='ltr'><strong>plerorumque</strong></span> 
     </span>
    </p>
   </div>
   <div class='ocr_carea' id='block_1_15' title="bbox 472 1905 2057 1978">
    <p class='ocr_par' dir='ltr' id='par_1_15' title="bbox 472 1905 2057 1978">
     <span class='ocr_line' id='line_1_15' title="bbox 472 1905 2057 1978; baseline -0.001 -17"><span class='ocrx_word' id='word_1_84' title='bbox 472 1915 568 1961; x_wconf 81' lang='lat' dir='ltr'><strong>aut</strong></span> <span class='ocrx_word' id='word_1_85' title='bbox 594 1908 789 1961; x_wconf 86' lang='lat' dir='ltr'><strong>saltem</strong></span> <span class='ocrx_word' id='word_1_86' title='bbox 815 1905 1181 1976; x_wconf 88' lang='lat' dir='ltr'><strong>quorumdam</strong></span> <span class='ocrx_word' id='word_1_87' title='bbox 1213 1906 1650 1978; x_wconf 84' lang='lat' dir='ltr'><strong>apocryphorum</strong></span> <span class='ocrx_word' id='word_1_88' title='bbox 1675 1920 1897 1976; x_wconf 85' lang='lat' dir='ltr'><strong>parens,</strong></span> <span class='ocrx_word' id='word_1_89' title='bbox 1935 1920 2057 1975; x_wconf 71' lang='lat' dir='ltr'><strong>qua:</strong></span> 
     </span>
    </p>
   </div>
   <div class='ocr_carea' id='block_1_16' title="bbox 470 1997 2056 2070">
    <p class='ocr_par' dir='ltr' id='par_1_16' title="bbox 470 1997 2056 2070">
     <span class='ocr_line' id='line_1_16' title="bbox 470 1997 2056 2070; baseline 0 -17"><span class='ocrx_word' id='word_1_90' title='bbox 470 2014 673 2053; x_wconf 90' lang='lat' dir='ltr'><strong>nomen</strong></span> <span class='ocrx_word' id='word_1_91' title='bbox 724 1997 871 2053; x_wconf 87' lang='lat' dir='ltr'><strong>Petri</strong></span> <span class='ocrx_word' id='word_1_92' title='bbox 922 1999 1007 2054; x_wconf 79' lang='lat' dir='ltr'><strong>vei</strong></span> <span class='ocrx_word' id='word_1_93' title='bbox 1058 1998 1356 2055; x_wconf 76' lang='lat' dir='ltr'><strong>Clementis</strong></span> <span class='ocrx_word' id='word_1_94' title='bbox 1406 1999 1815 2070; x_wconf 63' lang='lat' dir='ltr'><strong>praeferebant:</strong></span> <span class='ocrx_word' id='word_1_95' title='bbox 1872 1998 2056 2068; x_wconf 84' lang='lat' dir='ltr'><strong>qualia</strong></span> 
     </span>
    </p>
   </div>
   <div class='ocr_carea' id='block_1_17' title="bbox 469 2088 2051 2155">
    <p class='ocr_par' dir='ltr' id='par_1_17' title="bbox 469 2088 2051 2155">
     <span class='ocr_line' id='line_1_17' title="bbox 469 2088 2051 2155; baseline -0.001 -10"><span class='ocrx_word' id='word_1_96' title='bbox 469 2091 636 2145; x_wconf 86' lang='lat' dir='ltr'><strong>etiam</strong></span> <span class='ocrx_word' id='word_1_97' title='bbox 666 2091 832 2145; x_wconf 81' lang='lat' dir='ltr'><strong>Actus</strong></span> <span class='ocrx_word' id='word_1_98' title='bbox 865 2090 1036 2153; x_wconf 88' lang='lat' dir='ltr'><strong>Petri,</strong></span> <span class='ocrx_word' id='word_1_99' title='bbox 1088 2088 1345 2144; x_wconf 85' lang='lat' dir='ltr'><strong>Doctrina</strong></span> <span class='ocrx_word' id='word_1_100' title='bbox 1374 2089 1544 2155; x_wconf 87' lang='lat' dir='ltr'><strong>Petri,</strong></span> <span class='ocrx_word' id='word_1_101' title='bbox 1578 2090 1852 2144; x_wconf 73' lang='lat' dir='ltr'><strong>Iudicium</strong></span> <span class='ocrx_word' id='word_1_102' title='bbox 1882 2089 2051 2154; x_wconf 87' lang='lat' dir='ltr'><strong>Petri,</strong></span> 
     </span>
    </p>
   </div>
   <div class='ocr_carea' id='block_1_18' title="bbox 470 2185 2051 2258">
    <p class='ocr_par' dir='ltr' id='par_1_18' title="bbox 470 2185 2051 2258">
     <span class='ocr_line' id='line_1_18' title="bbox 470 2185 2051 2258; baseline 0.001 -18"><span class='ocrx_word' id='word_1_103' title='bbox 470 2187 818 2258; x_wconf 74' lang='lat' dir='ltr'><strong>Apocalypsis</strong></span> <span class='ocrx_word' id='word_1_104' title='bbox 865 2203 961 2244; x_wconf 88' lang='lat' dir='ltr'><strong>seu</strong></span> <span class='ocrx_word' id='word_1_105' title='bbox 1008 2185 1276 2242; x_wconf 82' lang='lat' dir='ltr'><strong>Revelatio</strong></span> <span class='ocrx_word' id='word_1_106' title='bbox 1320 2186 1489 2252; x_wconf 86' lang='lat' dir='ltr'><strong>Petri,</strong></span> <span class='ocrx_word' id='word_1_107' title='bbox 1532 2187 1856 2242; x_wconf 75' lang='lat' dir='ltr'><strong>Prtedicatio</strong></span> <span class='ocrx_word' id='word_1_108' title='bbox 1880 2187 2051 2252; x_wconf 88' lang='lat' dir='ltr'><strong>Petri,</strong></span> 
     </span>
    </p>
   </div>
   <div class='ocr_carea' id='block_1_19' title="bbox 472 2276 2053 2351">
    <p class='ocr_par' dir='ltr' id='par_1_19' title="bbox 472 2276 2053 2351">
     <span class='ocr_line' id='line_1_19' title="bbox 472 2276 2053 2351; baseline 0.001 -18"><span class='ocrx_word' id='word_1_109' title='bbox 472 2277 819 2351; x_wconf 77' lang='lat' dir='ltr'><strong>Evangelium</strong></span> <span class='ocrx_word' id='word_1_110' title='bbox 882 2276 1052 2346; x_wconf 87' lang='lat' dir='ltr'><strong>Petri,</strong></span> <span class='ocrx_word' id='word_1_111' title='bbox 1126 2279 1476 2345; x_wconf 85' lang='lat' dir='ltr'><strong>Clementina,</strong></span> <span class='ocrx_word' id='word_1_112' title='bbox 1527 2288 1694 2351; x_wconf 88' lang='lat' dir='ltr'><strong>atque</strong></span> <span class='ocrx_word' id='word_1_113' title='bbox 1748 2280 2053 2350; x_wconf 78' lang='lat' dir='ltr'><strong>Disputatio</strong></span> 
     </span>
    </p>
   </div>
   <div class='ocr_carea' id='block_1_20' title="bbox 472 2372 2053 2445">
    <p class='ocr_par' dir='ltr' id='par_1_20' title="bbox 472 2372 2053 2445">
     <span class='ocr_line' id='line_1_20' title="bbox 472 2372 2053 2445; baseline 0.002 -20"><span class='ocrx_word' id='word_1_114' title='bbox 472 2372 620 2427; x_wconf 81' lang='lat' dir='ltr'><strong>Petri</strong></span> <span class='ocrx_word' id='word_1_115' title='bbox 659 2382 710 2427; x_wconf 87' lang='lat' dir='ltr'><strong>et</strong></span> <span class='ocrx_word' id='word_1_116' title='bbox 761 2373 1001 2441; x_wconf 77' lang='lat' dir='ltr'><strong>Apionis.</strong></span> <span class='ocrx_word' id='word_1_117' title='bbox 1060 2372 1272 2440; x_wconf 84' lang='lat' dir='ltr'><strong>Quibus</strong></span> <span class='ocrx_word' id='word_1_118' title='bbox 1318 2389 1467 2428; x_wconf 88' lang='lat' dir='ltr'><strong>nunc</strong></span> <span class='ocrx_word' id='word_1_119' title='bbox 1504 2373 1643 2429; x_wconf 89' lang='lat' dir='ltr'><strong>addc</strong></span> <span class='ocrx_word' id='word_1_120' title='bbox 1664 2390 1730 2429; x_wconf 78' lang='lat' dir='ltr'><strong>ex</strong></span> <span class='ocrx_word' id='word_1_121' title='bbox 1754 2382 2053 2445; x_wconf 85' lang='lat' dir='ltr'><strong>conspectu</strong></span> 
     </span>
    </p>
   </div>
   <div class='ocr_carea' id='block_1_21' title="bbox 460 2462 2050 2533">
    <p class='ocr_par' dir='ltr' id='par_1_21' title="bbox 460 2462 2050 2533">
     <span class='ocr_line' id='line_1_21' title="bbox 460 2462 2050 2533; baseline 0.006 -16"><span class='ocrx_word' id='word_1_122' title='bbox 460 2462 709 2533; x_wconf 81' lang='lat' dir='ltr'><strong>Operum</strong></span> <span class='ocrx_word' id='word_1_123' title='bbox 756 2463 826 2520; x_wconf 87' lang='lat' dir='ltr'><strong>R.</strong></span> <span class='ocrx_word' id='word_1_124' title='bbox 883 2464 943 2519; x_wconf 90' lang='lat' dir='ltr'><strong>P.</strong></span> <span class='ocrx_word' id='word_1_125' title='bbox 974 2462 1206 2519; x_wconf 73' lang='lat' dir='ltr'><strong>Joannis</strong></span> <span class='ocrx_word' id='word_1_126' title='bbox 1261 2464 1544 2522; x_wconf 82' lang='lat' dir='ltr'><strong>Michaelis</strong></span> <span class='ocrx_word' id='word_1_127' title='bbox 1599 2465 1880 2525; x_wconf 80' lang='lat' dir='ltr'><strong>Vanslebii</strong></span> <span class='ocrx_word' id='word_1_128' title='bbox 1928 2471 2050 2526; x_wconf 91' lang='lat' dir='ltr'><strong>ord.</strong></span> 
     </span>
    </p>
   </div>
   <div class='ocr_carea' id='block_1_22' title="bbox 468 2554 2053 2625">
    <p class='ocr_par' dir='ltr' id='par_1_22' title="bbox 468 2554 2053 2625">
     <span class='ocr_line' id='line_1_22' title="bbox 468 2554 2053 2625; baseline 0.006 -16"><span class='ocrx_word' id='word_1_129' title='bbox 468 2554 919 2620; x_wconf 63' lang='lat' dir='ltr'><strong>Praedicatorum,</strong></span> <span class='ocrx_word' id='word_1_130' title='bbox 981 2556 1281 2625; x_wconf 86' lang='lat' dir='ltr'><strong>Epistolam</strong></span> <span class='ocrx_word' id='word_1_131' title='bbox 1324 2556 1473 2612; x_wconf 88' lang='lat' dir='ltr'><strong>Petri</strong></span> <span class='ocrx_word' id='word_1_132' title='bbox 1502 2558 1571 2613; x_wconf 87' lang='lat' dir='ltr'><strong>ad</strong></span> <span class='ocrx_word' id='word_1_133' title='bbox 1595 2558 1913 2618; x_wconf 80' lang='lat' dir='ltr'><strong>Clementem</strong></span> <span class='ocrx_word' id='word_1_134' title='bbox 1942 2564 2053 2619; x_wconf 82' lang='lat' dir='ltr'><strong>lin-</strong></span> 
     </span>
    </p>
   </div>
   <div class='ocr_carea' id='block_1_23' title="bbox 2159 1348 3730 1419">
    <p class='ocr_par' dir='ltr' id='par_1_23' title="bbox 2159 1348 3730 1419">
     <span class='ocr_line' id='line_1_23' title="bbox 2159 1348 3730 1419; baseline -0.001 -16"><span class='ocrx_word' id='word_1_135' title='bbox 2159 1350 2581 1405; x_wconf 85' lang='lat' dir='ltr'><strong>translationem</strong></span> <span class='ocrx_word' id='word_1_136' title='bbox 2617 1365 2775 1406; x_wconf 87' lang='lat' dir='ltr'><strong>suam</strong></span> <span class='ocrx_word' id='word_1_137' title='bbox 2830 1349 3361 1405; x_wconf 83' lang='lat' dir='ltr'><strong>Commentariorum</strong></span> <span class='ocrx_word' id='word_1_138' title='bbox 3402 1348 3657 1419; x_wconf 79' lang='lat' dir='ltr'><strong>Origeuis</strong></span> <span class='ocrx_word' id='word_1_139' title='bbox 3683 1350 3730 1402; x_wconf 87' lang='lat' dir='ltr'><strong>in</strong></span> 
     </span>
    </p>
   </div>
   <div class='ocr_carea' id='block_1_24' title="bbox 2161 1440 3727 1513">
    <p class='ocr_par' dir='ltr' id='par_1_24' title="bbox 2161 1440 3727 1513">
     <span class='ocr_line' id='line_1_24' title="bbox 2161 1440 3727 1513; baseline 0 -18"><span class='ocrx_word' id='word_1_140' title='bbox 2161 1441 2459 1513; x_wconf 87' lang='lat' dir='ltr'><strong>Epistolam</strong></span> <span class='ocrx_word' id='word_1_141' title='bbox 2485 1442 2554 1497; x_wconf 84' lang='lat' dir='ltr'><strong>ad</strong></span> <span class='ocrx_word' id='word_1_142' title='bbox 2578 1441 2857 1499; x_wconf 88' lang='lat' dir='ltr'><strong>Romanos</strong></span> <span class='ocrx_word' id='word_1_143' title='bbox 2889 1458 2996 1497; x_wconf 93' lang='lat' dir='ltr'><strong>non</strong></span> <span class='ocrx_word' id='word_1_144' title='bbox 3027 1442 3245 1512; x_wconf 88' lang='lat' dir='ltr'><strong>quidem</strong></span> <span class='ocrx_word' id='word_1_145' title='bbox 3260 1442 3415 1510; x_wconf 81' lang='lat' dir='ltr'><strong>juxta</strong></span> <span class='ocrx_word' id='word_1_146' title='bbox 3449 1440 3727 1502; x_wconf 77' lang='lat' dir='ltr'><strong>editiones,</strong></span> 
     </span>
    </p>
   </div>
   <div class='ocr_carea' id='block_1_25' title="bbox 2162 1533 3729 1605">
    <p class='ocr_par' dir='ltr' id='par_1_25' title="bbox 2162 1533 3729 1605">
     <span class='ocr_line' id='line_1_25' title="bbox 2162 1533 3729 1605; baseline -0.001 -17"><span class='ocrx_word' id='word_1_147' title='bbox 2162 1551 2350 1589; x_wconf 86' lang='lat' dir='ltr'><strong>verum</strong></span> <span class='ocrx_word' id='word_1_148' title='bbox 2378 1552 2444 1590; x_wconf 79' lang='lat' dir='ltr'><strong>ex</strong></span> <span class='ocrx_word' id='word_1_149' title='bbox 2475 1536 2685 1605; x_wconf 83' lang='lat' dir='ltr'><strong>Optimo</strong></span> <span class='ocrx_word' id='word_1_150' title='bbox 2716 1550 2820 1590; x_wconf 89' lang='lat' dir='ltr'><strong>ms.</strong></span> <span class='ocrx_word' id='word_1_151' title='bbox 2871 1535 3213 1590; x_wconf 65' lang='lat' dir='ltr'><strong>bibliotheca:</strong></span> <span class='ocrx_word' id='word_1_152' title='bbox 3251 1533 3517 1598; x_wconf 73' lang='lat' dir='ltr'><strong>Thuanae,</strong></span> <span class='ocrx_word' id='word_1_153' title='bbox 3550 1534 3631 1589; x_wconf 89' lang='lat' dir='ltr'><strong>sic</strong></span> <span class='ocrx_word' id='word_1_154' title='bbox 3658 1533 3729 1587; x_wconf 83' lang='lat' dir='ltr'><strong>lo-</strong></span> 
     </span>
    </p>
   </div>
   <div class='ocr_carea' id='block_1_26' title="bbox 2162 1625 3728 1699">
    <p class='ocr_par' dir='ltr' id='par_1_26' title="bbox 2162 1625 3728 1699">
     <span class='ocr_line' id='line_1_26' title="bbox 2162 1625 3728 1699; baseline -0.001 -18"><span class='ocrx_word' id='word_1_155' title='bbox 2162 1628 2387 1699; x_wconf 87' lang='lat' dir='ltr'><strong>quitur:</strong></span> <span class='ocrx_word' id='word_1_156' title='bbox 2418 1627 2549 1682; x_wconf 84' lang='lat' dir='ltr'><strong>Post</strong></span> <span class='ocrx_word' id='word_1_157' title='bbox 2606 1628 2703 1682; x_wconf 82' lang='lat' dir='ltr'><strong>hoc</strong></span> <span class='ocrx_word' id='word_1_158' title='bbox 2756 1644 2885 1682; x_wconf 89' lang='lat' dir='ltr'><strong>sane</strong></span> <span class='ocrx_word' id='word_1_159' title='bbox 2934 1638 3087 1683; x_wconf 81' lang='lat' dir='ltr'><strong>vocat</strong></span> <span class='ocrx_word' id='word_1_160' title='bbox 3134 1645 3225 1682; x_wconf 88' lang='lat' dir='ltr'><strong>nos</strong></span> <span class='ocrx_word' id='word_1_161' title='bbox 3260 1643 3410 1696; x_wconf 86' lang='lat' dir='ltr'><strong>opus,</strong></span> <span class='ocrx_word' id='word_1_162' title='bbox 3443 1625 3586 1697; x_wconf 80' lang='lat' dir='ltr'><strong>quod</strong></span> <span class='ocrx_word' id='word_1_163' title='bbox 3616 1626 3728 1681; x_wconf 70' lang='lat' dir='ltr'><strong>olim</strong></span> 
     </span>
    </p>
   </div>
   <div class='ocr_carea' id='block_1_27' title="bbox 2160 1719 3726 1792">
    <p class='ocr_par' dir='ltr' id='par_1_27' title="bbox 2160 1719 3726 1792">
     <span class='ocr_line' id='line_1_27' title="bbox 2160 1719 3726 1792; baseline -0.003 -17"><span class='ocrx_word' id='word_1_164' title='bbox 2160 1722 2371 1792; x_wconf 84' lang='lat' dir='ltr'><strong>quidem</strong></span> <span class='ocrx_word' id='word_1_165' title='bbox 2412 1722 2708 1786; x_wconf 79' lang='lat' dir='ltr'><strong>iniunctum</strong></span> <span class='ocrx_word' id='word_1_166' title='bbox 2749 1730 2849 1784; x_wconf 88' lang='lat' dir='ltr'><strong>est.</strong></span> <span class='ocrx_word' id='word_1_167' title='bbox 2897 1721 2987 1776; x_wconf 87' lang='lat' dir='ltr'><strong>sed</strong></span> <span class='ocrx_word' id='word_1_168' title='bbox 3040 1738 3235 1791; x_wconf 82' lang='lat' dir='ltr'><strong>nunca</strong></span> <span class='ocrx_word' id='word_1_169' title='bbox 3263 1720 3413 1775; x_wconf 88' lang='lat' dir='ltr'><strong>beato</strong></span> <span class='ocrx_word' id='word_1_170' title='bbox 3448 1719 3726 1775; x_wconf 77' lang='lat' dir='ltr'><strong>Gaudentio</strong></span> 
     </span>
    </p>
   </div>
   <div class='ocr_carea' id='block_1_28' title="bbox 2159 1811 3725 1885">
    <p class='ocr_par' dir='ltr' id='par_1_28' title="bbox 2159 1811 3725 1885">
     <span class='ocr_line' id='line_1_28' title="bbox 2159 1811 3725 1885; baseline -0.003 -16"><span class='ocrx_word' id='word_1_171' title='bbox 2159 1816 2401 1885; x_wconf 86' lang='lat' dir='ltr'><strong>episcopo</strong></span> <span class='ocrx_word' id='word_1_172' title='bbox 2448 1815 2793 1869; x_wconf 77' lang='lat' dir='ltr'><strong>vehementius</strong></span> <span class='ocrx_word' id='word_1_173' title='bbox 2826 1821 3157 1885; x_wconf 83' lang='lat' dir='ltr'><strong>perurgetur,</strong></span> <span class='ocrx_word' id='word_1_174' title='bbox 3213 1811 3505 1868; x_wconf 81' lang='lat' dir='ltr'><strong>Clementis</strong></span> <span class='ocrx_word' id='word_1_175' title='bbox 3545 1813 3725 1867; x_wconf 74' lang='lat' dir='ltr'><strong>scilicet</strong></span> 
     </span>
    </p>
   </div>
   <div class='ocr_carea' id='block_1_29' title="bbox 2159 1907 3725 1979">
    <p class='ocr_par' dir='ltr' id='par_1_29' title="bbox 2159 1907 3725 1979">
     <span class='ocr_line' id='line_1_29' title="bbox 2159 1907 3725 1979; baseline -0.002 -16"><span class='ocrx_word' id='word_1_176' title='bbox 2159 1909 2390 1963; x_wconf 82' lang='lat' dir='ltr'><strong>Romani</strong></span> <span class='ocrx_word' id='word_1_177' title='bbox 2441 1910 2692 1979; x_wconf 83' lang='lat' dir='ltr'><strong>episcopi,</strong></span> <span class='ocrx_word' id='word_1_178' title='bbox 2748 1910 3114 1978; x_wconf 85' lang='lat' dir='ltr'><strong>apostolorum</strong></span> <span class='ocrx_word' id='word_1_179' title='bbox 3161 1907 3365 1961; x_wconf 88' lang='lat' dir='ltr'><strong>comitis</strong></span> <span class='ocrx_word' id='word_1_180' title='bbox 3424 1923 3492 1960; x_wconf 86' lang='lat' dir='ltr'><strong>ac</strong></span> <span class='ocrx_word' id='word_1_181' title='bbox 3536 1922 3725 1961; x_wconf 74' lang='lat' dir='ltr'><strong>succes-</strong></span> 
     </span>
    </p>
   </div>
   <div class='ocr_carea' id='block_1_30' title="bbox 2159 1999 3725 2073">
    <p class='ocr_par' dir='ltr' id='par_1_30' title="bbox 2159 1999 3725 2073">
     <span class='ocr_line' id='line_1_30' title="bbox 2159 1999 3725 2073; baseline -0.004 -17"><span class='ocrx_word' id='word_1_182' title='bbox 2159 2003 2323 2066; x_wconf 83' lang='lat' dir='ltr'><strong>seris,</strong></span> <span class='ocrx_word' id='word_1_183' title='bbox 2353 2001 2417 2057; x_wconf 84' lang='lat' dir='ltr'><strong>de</strong></span> <span class='ocrx_word' id='word_1_184' title='bbox 2461 2002 2829 2073; x_wconf 84' lang='lat' dir='ltr'><strong>Recognitione</strong></span> <span class='ocrx_word' id='word_1_185' title='bbox 2871 2001 3015 2069; x_wconf 88' lang='lat' dir='ltr'><strong>libri,</strong></span> <span class='ocrx_word' id='word_1_186' title='bbox 3060 2010 3116 2054; x_wconf 88' lang='lat' dir='ltr'><strong>ut</strong></span> <span class='ocrx_word' id='word_1_187' title='bbox 3163 2002 3220 2054; x_wconf 89' lang='lat' dir='ltr'><strong>in</strong></span> <span class='ocrx_word' id='word_1_188' title='bbox 3246 1999 3503 2055; x_wconf 83' lang='lat' dir='ltr'><strong>Latinum</strong></span> <span class='ocrx_word' id='word_1_189' title='bbox 3535 2008 3725 2054; x_wconf 74' lang='lat' dir='ltr'><strong>uertan-</strong></span> 
     </span>
    </p>
   </div>
   <div class='ocr_carea' id='block_1_31' title="bbox 2160 2089 3726 2165">
    <p class='ocr_par' dir='ltr' id='par_1_31' title="bbox 2160 2089 3726 2165">
     <span class='ocr_line' id='line_1_31' title="bbox 2160 2089 3726 2165; baseline -0.005 -16"><span class='ocrx_word' id='word_1_190' title='bbox 2160 2105 2265 2150; x_wconf 91' lang='lat' dir='ltr'><strong>tur.</strong></span> <span class='ocrx_word' id='word_1_191' title='bbox 2303 2093 2371 2149; x_wconf 88' lang='lat' dir='ltr'><strong>In</strong></span> <span class='ocrx_word' id='word_1_192' title='bbox 2415 2111 2518 2165; x_wconf 84' lang='lat' dir='ltr'><strong>quo</strong></span> <span class='ocrx_word' id='word_1_193' title='bbox 2570 2111 2744 2164; x_wconf 90' lang='lat' dir='ltr'><strong>opere,</strong></span> <span class='ocrx_word' id='word_1_194' title='bbox 2795 2094 2921 2149; x_wconf 84' lang='lat' dir='ltr'><strong>bene</strong></span> <span class='ocrx_word' id='word_1_195' title='bbox 2972 2093 3092 2147; x_wconf 83' lang='lat' dir='ltr'><strong>noui</strong></span> <span class='ocrx_word' id='word_1_196' title='bbox 3142 2092 3281 2163; x_wconf 88' lang='lat' dir='ltr'><strong>quod</strong></span> <span class='ocrx_word' id='word_1_197' title='bbox 3319 2091 3559 2148; x_wconf 83' lang='lat' dir='ltr'><strong>laborem</strong></span> <span class='ocrx_word' id='word_1_198' title='bbox 3591 2089 3726 2145; x_wconf 82' lang='lat' dir='ltr'><strong>labor</strong></span> 
     </span>
    </p>
   </div>
   <div class='ocr_carea' id='block_1_32' title="bbox 2158 2184 3725 2257">
    <p class='ocr_par' dir='ltr' id='par_1_32' title="bbox 2158 2184 3725 2257">
     <span class='ocr_line' id='line_1_32' title="bbox 2158 2184 3725 2257; baseline -0.006 -14"><span class='ocrx_word' id='word_1_199' title='bbox 2158 2188 2513 2257; x_wconf 85' lang='lat' dir='ltr'><strong>multiplicata</strong></span> <span class='ocrx_word' id='word_1_200' title='bbox 2555 2198 2699 2243; x_wconf 87' lang='lat' dir='ltr'><strong>sorte</strong></span> <span class='ocrx_word' id='word_1_201' title='bbox 2745 2187 3013 2255; x_wconf 86' lang='lat' dir='ltr'><strong>suscipiet.</strong></span> <span class='ocrx_word' id='word_1_202' title='bbox 3066 2184 3415 2255; x_wconf 76' lang='lat' dir='ltr'><strong>Satisfaciam</strong></span> <span class='ocrx_word' id='word_1_203' title='bbox 3439 2197 3573 2238; x_wconf 84' lang='lat' dir='ltr'><strong>sane</strong></span> <span class='ocrx_word' id='word_1_204' title='bbox 3598 2184 3650 2236; x_wconf 79' lang='lat' dir='ltr'><strong>in</strong></span> <span class='ocrx_word' id='word_1_205' title='bbox 3673 2197 3725 2234; x_wconf 83' lang='lat' dir='ltr'><strong>eo</strong></span> 
     </span>
    </p>
   </div>
   <div class='ocr_carea' id='block_1_33' title="bbox 2157 2275 3723 2341">
    <p class='ocr_par' dir='ltr' id='par_1_33' title="bbox 2157 2275 3723 2341">
     <span class='ocr_line' id='line_1_33' title="bbox 2157 2275 3723 2341; baseline -0.004 -6"><span class='ocrx_word' id='word_1_206' title='bbox 2157 2281 2347 2336; x_wconf 86' lang='lat' dir='ltr'><strong>amicis</strong></span> <span class='ocrx_word' id='word_1_207' title='bbox 2388 2282 2539 2337; x_wconf 82' lang='lat' dir='ltr'><strong>meis.</strong></span> <span class='ocrx_word' id='word_1_208' title='bbox 2584 2279 2738 2334; x_wconf 87' lang='lat' dir='ltr'><strong>Dabo</strong></span> <span class='ocrx_word' id='word_1_209' title='bbox 2793 2280 2951 2333; x_wconf 88' lang='lat' dir='ltr'><strong>titulo</strong></span> <span class='ocrx_word' id='word_1_210' title='bbox 3006 2295 3192 2333; x_wconf 88' lang='lat' dir='ltr'><strong>nomen</strong></span> <span class='ocrx_word' id='word_1_211' title='bbox 3258 2295 3458 2341; x_wconf 79' lang='lat' dir='ltr'><strong>meum,</strong></span> <span class='ocrx_word' id='word_1_212' title='bbox 3509 2275 3723 2332; x_wconf 80' lang='lat' dir='ltr'><strong>auctoris</strong></span> 
     </span>
    </p>
   </div>
   <div class='ocr_carea' id='block_1_34' title="bbox 2157 2365 3723 2440">
    <p class='ocr_par' dir='ltr' id='par_1_34' title="bbox 2157 2365 3723 2440">
     <span class='ocr_line' id='line_1_34' title="bbox 2157 2365 3723 2440; baseline -0.004 -13"><span class='ocrx_word' id='word_1_213' title='bbox 2157 2372 2502 2427; x_wconf 81' lang='lat' dir='ltr'><strong>nihilominus</strong></span> <span class='ocrx_word' id='word_1_214' title='bbox 2554 2373 2810 2428; x_wconf 80' lang='lat' dir='ltr'><strong>vocabulo</strong></span> <span class='ocrx_word' id='word_1_215' title='bbox 2859 2381 3214 2440; x_wconf 82' lang='lat' dir='ltr'><strong>permanente.</strong></span> <span class='ocrx_word' id='word_1_216' title='bbox 3254 2367 3398 2423; x_wconf 86' lang='lat' dir='ltr'><strong>Nam</strong></span> <span class='ocrx_word' id='word_1_217' title='bbox 3422 2365 3723 2437; x_wconf 79' lang='lat' dir='ltr'><strong>RuﬁniCle-</strong></span> 
     </span>
    </p>
   </div>
   <div class='ocr_carea' id='block_1_35' title="bbox 2156 2464 3721 2523">
    <p class='ocr_par' dir='ltr' id='par_1_35' title="bbox 2156 2464 3721 2523">
     <span class='ocr_line' id='line_1_35' title="bbox 2156 2464 3721 2523; baseline -0.005 -2"><span class='ocrx_word' id='word_1_218' title='bbox 2156 2484 2302 2523; x_wconf 85' lang='lat' dir='ltr'><strong>mens</strong></span> <span class='ocrx_word' id='word_1_219' title='bbox 2348 2469 2685 2523; x_wconf 88' lang='lat' dir='ltr'><strong>inscribetur.</strong></span> <span class='ocrx_word' id='word_1_220' title='bbox 2722 2466 2948 2523; x_wconf 75' lang='lat' dir='ltr'><strong>Accedit</strong></span> <span class='ocrx_word' id='word_1_221' title='bbox 2990 2466 3057 2521; x_wconf 86' lang='lat' dir='ltr'><strong>ad</strong></span> <span class='ocrx_word' id='word_1_222' title='bbox 3110 2464 3351 2520; x_wconf 89' lang='lat' dir='ltr'><strong>nominis</strong></span> <span class='ocrx_word' id='word_1_223' title='bbox 3390 2464 3721 2523; x_wconf 86' lang='lat' dir='ltr'><strong>varietatem,</strong></span> 
     </span>
    </p>
   </div>
   <div class='ocr_carea' id='block_1_36' title="bbox 2155 2556 3725 2629">
    <p class='ocr_par' dir='ltr' id='par_1_36' title="bbox 2155 2556 3725 2629">
     <span class='ocr_line' id='line_1_36' title="bbox 2155 2556 3725 2629; baseline -0.006 -18"><span class='ocrx_word' id='word_1_224' title='bbox 2155 2559 2330 2615; x_wconf 89' lang='lat' dir='ltr'><strong>multo</strong></span> <span class='ocrx_word' id='word_1_225' title='bbox 2377 2559 2606 2629; x_wconf 87' lang='lat' dir='ltr'><strong>majoris</strong></span> <span class='ocrx_word' id='word_1_226' title='bbox 2658 2558 2922 2613; x_wconf 90' lang='lat' dir='ltr'><strong>momenti</strong></span> <span class='ocrx_word' id='word_1_227' title='bbox 2972 2556 3261 2611; x_wconf 86' lang='lat' dir='ltr'><strong>diversitas</strong></span> <span class='ocrx_word' id='word_1_228' title='bbox 3308 2560 3500 2608; x_wconf 79' lang='lat' dir='ltr'><strong>textus</strong></span> <span class='ocrx_word' id='word_1_229' title='bbox 3533 2567 3598 2606; x_wconf 87' lang='lat' dir='ltr'><strong>ac</strong></span> <span class='ocrx_word' id='word_1_230' title='bbox 3621 2565 3725 2621; x_wconf 84' lang='lat' dir='ltr'><strong>per-</strong></span> 
     </span>
    </p>
   </div>
   <div class='ocr_carea' id='block_1_37' title="bbox 467 2625 3718 2729">
    <p class='ocr_par' dir='ltr' id='par_1_37' title="bbox 467 2625 3718 2729">
     <span class='ocr_line' id='line_1_37' title="bbox 467 2625 3718 2729; baseline -0.002 -25"><span class='ocrx_word' id='word_1_231' title='bbox 467 2667 573 2722; x_wconf 75' lang='lat' dir='ltr'><strong>gua</strong></span> <span class='ocrx_word' id='word_1_232' title='bbox 607 2650 942 2721; x_wconf 67' lang='lat' dir='ltr'><strong>Ethiopica.</strong></span> <span class='ocrx_word' id='word_1_233' title='bbox 992 2652 1321 2708; x_wconf 81' lang='lat' dir='ltr'><strong>inscribitur</strong></span> <span class='ocrx_word' id='word_1_234' title='bbox 1348 2669 1488 2724; x_wconf 86' lang='lat' dir='ltr'><strong>opus</strong></span> <span class='ocrx_word' id='word_1_235' title='bbox 1514 2670 1579 2709; x_wconf 77' lang='lat' dir='ltr'><strong>ex</strong></span> <span class='ocrx_word' id='word_1_236' title='bbox 1603 2663 1717 2710; x_wconf 86' lang='lat' dir='ltr'><strong>toto</strong></span> <span class='ocrx_word' id='word_1_237' title='bbox 1739 2666 1795 2711; x_wconf 89' lang='lat' dir='ltr'><strong>et</strong></span> <span class='ocrx_word' id='word_1_238' title='bbox 1821 2674 1889 2713; x_wconf 80' lang='lat' dir='ltr'><strong>ex</strong></span> <span class='ocrx_word' id='word_1_239' title='bbox 1918 2674 2049 2729; x_wconf 80' lang='lat' dir='ltr'><strong>par-</strong></span> <span class='ocrx_word' id='word_1_240' title='bbox 2083 2625 2126 2679; x_wconf 78' lang='lat' dir='ltr'><strong>B</strong></span> <span class='ocrx_word' id='word_1_241' title='bbox 2155 2651 2337 2705; x_wconf 86' lang='lat' dir='ltr'><strong>versio</strong></span> <span class='ocrx_word' id='word_1_242' title='bbox 2370 2671 2383 2706; x_wconf 90' lang='lat'>:</span> <span class='ocrx_word' id='word_1_243' title='bbox 2414 2625 2564 2707; x_wconf 81' lang='lat' dir='ltr'><strong>varie</strong></span> <span class='ocrx_word' id='word_1_244' title='bbox 2613 2651 2815 2722; x_wconf 85' lang='lat' dir='ltr'><strong>quippe</strong></span> <span class='ocrx_word' id='word_1_245' title='bbox 2847 2659 2900 2707; x_wconf 88' lang='lat' dir='ltr'><strong>et</strong></span> <span class='ocrx_word' id='word_1_246' title='bbox 2928 2649 3147 2705; x_wconf 83' lang='lat' dir='ltr'><strong>miseris</strong></span> <span class='ocrx_word' id='word_1_247' title='bbox 3192 2646 3369 2702; x_wconf 86' lang='lat' dir='ltr'><strong>modis</strong></span> <span class='ocrx_word' id='word_1_248' title='bbox 3412 2646 3718 2707; x_wconf 85' lang='lat' dir='ltr'><strong>distractus,</strong></span> 
     </span>
    </p>
   </div>
   <div class='ocr_carea' id='block_1_38' title="bbox 462 2744 2052 2814">
    <p class='ocr_par' dir='ltr' id='par_1_38' title="bbox 462 2744 2052 2814">
     <span class='ocr_line' id='line_1_38' title="bbox 462 2744 2052 2814; baseline 0.007 -17"><span class='ocrx_word' id='word_1_249' title='bbox 462 2746 641 2809; x_wconf 85' lang='lat' dir='ltr'><strong>tibus,</strong></span> <span class='ocrx_word' id='word_1_250' title='bbox 694 2744 859 2814; x_wconf 88' lang='lat' dir='ltr'><strong>idque</strong></span> <span class='ocrx_word' id='word_1_251' title='bbox 914 2746 999 2799; x_wconf 83' lang='lat' dir='ltr'><strong>vel</strong></span> <span class='ocrx_word' id='word_1_252' title='bbox 1040 2759 1069 2799; x_wconf 91' lang='lat' dir='ltr'><strong>a</strong></span> <span class='ocrx_word' id='word_1_253' title='bbox 1099 2744 1405 2812; x_wconf 89' lang='lat' dir='ltr'><strong>Clemente,</strong></span> <span class='ocrx_word' id='word_1_254' title='bbox 1453 2748 1539 2804; x_wconf 92' lang='lat' dir='ltr'><strong>vel</strong></span> <span class='ocrx_word' id='word_1_255' title='bbox 1587 2763 1618 2803; x_wconf 90' lang='lat' dir='ltr'><strong>a</strong></span> <span class='ocrx_word' id='word_1_256' title='bbox 1646 2748 1829 2806; x_wconf 88' lang='lat' dir='ltr'><strong>Petro.</strong></span> <span class='ocrx_word' id='word_1_257' title='bbox 1856 2752 1899 2805; x_wconf 83' lang='lat' dir='ltr'><strong>A</strong></span> <span class='ocrx_word' id='word_1_258' title='bbox 1928 2752 2052 2809; x_wconf 89' lang='lat' dir='ltr'><strong>Cle-</strong></span> 
     </span>
    </p>
   </div>
   <div class='ocr_carea' id='block_1_39' title="bbox 466 2835 2054 2912">
    <p class='ocr_par' dir='ltr' id='par_1_39' title="bbox 466 2835 2054 2912">
     <span class='ocr_line' id='line_1_39' title="bbox 466 2835 2054 2912; baseline 0.006 -23"><span class='ocrx_word' id='word_1_259' title='bbox 466 2842 657 2891; x_wconf 90' lang='lat' dir='ltr'><strong>mente</strong></span> <span class='ocrx_word' id='word_1_260' title='bbox 702 2843 954 2900; x_wconf 87' lang='lat' dir='ltr'><strong>vocatur,</strong></span> <span class='ocrx_word' id='word_1_261' title='bbox 1012 2835 1298 2893; x_wconf 87' lang='lat' dir='ltr'><strong>Clementis</strong></span> <span class='ocrx_word' id='word_1_262' title='bbox 1346 2836 1744 2912; x_wconf 84' lang='lat' dir='ltr'><strong>Recognitiones</strong></span> <span class='ocrx_word' id='word_1_263' title='bbox 1785 2849 1843 2898; x_wconf 87' lang='lat' dir='ltr'><strong>et</strong></span> <span class='ocrx_word' id='word_1_264' title='bbox 1896 2842 2054 2898; x_wconf 84' lang='lat' dir='ltr'><strong>Reco-</strong></span> 
     </span>
    </p>
   </div>
   <div class='ocr_carea' id='block_1_40' title="bbox 465 2927 2049 2999">
    <p class='ocr_par' dir='ltr' id='par_1_40' title="bbox 465 2927 2049 2999">
     <span class='ocr_line' id='line_1_40' title="bbox 465 2927 2049 2999; baseline 0.006 -18"><span class='ocrx_word' id='word_1_265' title='bbox 465 2929 674 2999; x_wconf 87' lang='lat' dir='ltr'><strong>gnitio;</strong></span> <span class='ocrx_word' id='word_1_266' title='bbox 704 2928 993 2985; x_wconf 85' lang='lat' dir='ltr'><strong>Clementis</strong></span> <span class='ocrx_word' id='word_1_267' title='bbox 1069 2927 1441 2997; x_wconf 85' lang='lat' dir='ltr'><strong>Itinerarium,</strong></span> <span class='ocrx_word' id='word_1_268' title='bbox 1520 2931 1702 2999; x_wconf 87' lang='lat' dir='ltr'><strong>Gesta,</strong></span> <span class='ocrx_word' id='word_1_269' title='bbox 1784 2933 2049 2998; x_wconf 82' lang='lat' dir='ltr'><strong>Historia.</strong></span> 
     </span>
    </p>
   </div>
   <div class='ocr_carea' id='block_1_41' title="bbox 469 3018 2054 3091">
    <p class='ocr_par' dir='ltr' id='par_1_41' title="bbox 469 3018 2054 3091">
     <span class='ocr_line' id='line_1_41' title="bbox 469 3018 2054 3091; baseline 0.006 -18"><span class='ocrx_word' id='word_1_270' title='bbox 469 3018 747 3087; x_wconf 68' lang='lat' dir='ltr'><strong>Historia&quot;,</strong></span> <span class='ocrx_word' id='word_1_271' title='bbox 779 3021 1046 3078; x_wconf 84' lang='lat' dir='ltr'><strong>Chronica</strong></span> <span class='ocrx_word' id='word_1_272' title='bbox 1079 3064 1094 3087; x_wconf 88' lang='lat'><strong>,</strong></span> <span class='ocrx_word' id='word_1_273' title='bbox 1121 3030 1176 3079; x_wconf 91' lang='lat' dir='ltr'><strong>et</strong></span> <span class='ocrx_word' id='word_1_274' title='bbox 1202 3022 1460 3080; x_wconf 83' lang='lat' dir='ltr'><strong>Clemens.</strong></span> <span class='ocrx_word' id='word_1_275' title='bbox 1486 3024 1531 3078; x_wconf 81' lang='grc' dir='ltr'><strong>Α</strong></span> <span class='ocrx_word' id='word_1_276' title='bbox 1556 3023 1742 3091; x_wconf 88' lang='lat' dir='ltr'><strong>Petro,</strong></span> <span class='ocrx_word' id='word_1_277' title='bbox 1776 3026 1924 3083; x_wconf 84' lang='lat' dir='ltr'><strong>Petri</strong></span> <span class='ocrx_word' id='word_1_278' title='bbox 1949 3028 2054 3082; x_wconf 87' lang='lat' dir='ltr'><strong>Pe-</strong></span> 
     </span>
    </p>
   </div>
   <div class='ocr_carea' id='block_1_42' title="bbox 464 3113 2051 3190">
    <p class='ocr_par' dir='ltr' id='par_1_42' title="bbox 464 3113 2051 3190">
     <span class='ocr_line' id='line_1_42' title="bbox 464 3113 2051 3190; baseline 0.006 -23"><span class='ocrx_word' id='word_1_279' title='bbox 464 3113 607 3168; x_wconf 83' lang='lat' dir='ltr'><strong>riodi</strong></span> <span class='ocrx_word' id='word_1_280' title='bbox 650 3120 706 3170; x_wconf 85' lang='lat' dir='ltr'><strong>et</strong></span> <span class='ocrx_word' id='word_1_281' title='bbox 751 3114 1097 3171; x_wconf 85' lang='lat' dir='ltr'><strong>ltinerarium</strong></span> <span class='ocrx_word' id='word_1_282' title='bbox 1130 3132 1149 3181; x_wconf 87' lang='lat'><em>;</em></span> <span class='ocrx_word' id='word_1_283' title='bbox 1182 3117 1333 3172; x_wconf 86' lang='lat' dir='ltr'><strong>Petri</strong></span> <span class='ocrx_word' id='word_1_284' title='bbox 1361 3119 1548 3187; x_wconf 80' lang='lat' dir='ltr'><strong>Actus,</strong></span> <span class='ocrx_word' id='word_1_285' title='bbox 1582 3134 1681 3190; x_wconf 85' lang='lat' dir='ltr'><strong>per</strong></span> <span class='ocrx_word' id='word_1_286' title='bbox 1713 3120 2051 3176; x_wconf 82' lang='lat' dir='ltr'><strong>Clementem</strong></span> 
     </span>
    </p>
   </div>
   <div class='ocr_carea' id='block_1_43' title="bbox 464 3208 2048 3284">
    <p class='ocr_par' dir='ltr' id='par_1_43' title="bbox 464 3208 2048 3284">
     <span class='ocr_line' id='line_1_43' title="bbox 464 3208 2048 3284; baseline 0.004 -22"><span class='ocrx_word' id='word_1_287' title='bbox 464 3208 701 3272; x_wconf 89' lang='lat' dir='ltr'><strong>scilicet,</strong></span> <span class='ocrx_word' id='word_1_288' title='bbox 734 3209 825 3263; x_wconf 88' lang='lat' dir='ltr'><strong>alii</strong></span> <span class='ocrx_word' id='word_1_289' title='bbox 855 3209 925 3265; x_wconf 89' lang='lat' dir='ltr'><strong>ab</strong></span> <span class='ocrx_word' id='word_1_290' title='bbox 955 3209 1183 3266; x_wconf 79' lang='lat' dir='ltr'><strong>Actibus</strong></span> <span class='ocrx_word' id='word_1_291' title='bbox 1232 3209 1382 3267; x_wconf 88' lang='lat' dir='ltr'><strong>Petri</strong></span> <span class='ocrx_word' id='word_1_292' title='bbox 1441 3214 1600 3284; x_wconf 82' lang='lat' dir='ltr'><strong>quasi</strong></span> <span class='ocrx_word' id='word_1_293' title='bbox 1628 3210 1793 3269; x_wconf 87' lang='lat' dir='ltr'><strong>Petro</strong></span> <span class='ocrx_word' id='word_1_294' title='bbox 1823 3222 2048 3281; x_wconf 89' lang='lat' dir='ltr'><strong>actore;</strong></span> 
     </span>
    </p>
   </div>
   <div class='ocr_carea' id='block_1_44' title="bbox 464 3302 2052 3379">
    <p class='ocr_par' dir='ltr' id='par_1_44' title="bbox 464 3302 2052 3379">
     <span class='ocr_line' id='line_1_44' title="bbox 464 3302 2052 3379; baseline 0.003 -22"><span class='ocrx_word' id='word_1_295' title='bbox 464 3313 518 3357; x_wconf 89' lang='lat' dir='ltr'><strong>et</strong></span> <span class='ocrx_word' id='word_1_296' title='bbox 548 3302 853 3373; x_wconf 79' lang='lat' dir='ltr'><strong>Disputatio</strong></span> <span class='ocrx_word' id='word_1_297' title='bbox 883 3303 1031 3359; x_wconf 85' lang='lat' dir='ltr'><strong>Petri</strong></span> <span class='ocrx_word' id='word_1_298' title='bbox 1059 3322 1179 3359; x_wconf 87' lang='lat' dir='ltr'><strong>cum</strong></span> <span class='ocrx_word' id='word_1_299' title='bbox 1206 3306 1429 3376; x_wconf 80' lang='lat' dir='ltr'><strong>Apione,</strong></span> <span class='ocrx_word' id='word_1_300' title='bbox 1486 3314 1635 3363; x_wconf 85' lang='lat' dir='ltr'><strong>recte</strong></span> <span class='ocrx_word' id='word_1_301' title='bbox 1659 3308 1803 3363; x_wconf 88' lang='lat' dir='ltr'><strong>enim</strong></span> <span class='ocrx_word' id='word_1_302' title='bbox 1827 3315 2052 3379; x_wconf 84' lang='lat' dir='ltr'><strong>putatur</strong></span> 
     </span>
    </p>
   </div>
   <div class='ocr_carea' id='block_1_45' title="bbox 466 3395 2049 3465">
    <p class='ocr_par' dir='ltr' id='par_1_45' title="bbox 466 3395 2049 3465">
     <span class='ocr_line' id='line_1_45' title="bbox 466 3395 2049 3465; baseline 0.006 -19"><span class='ocrx_word' id='word_1_303' title='bbox 466 3408 595 3463; x_wconf 90' lang='lat' dir='ltr'><strong>pars</strong></span> <span class='ocrx_word' id='word_1_304' title='bbox 621 3408 747 3449; x_wconf 88' lang='lat' dir='ltr'><strong>esse</strong></span> <span class='ocrx_word' id='word_1_305' title='bbox 779 3395 982 3465; x_wconf 87' lang='lat' dir='ltr'><strong>operis.</strong></span> <span class='ocrx_word' id='word_1_306' title='bbox 1033 3395 1215 3451; x_wconf 80' lang='lat' dir='ltr'><strong>Codex</strong></span> <span class='ocrx_word' id='word_1_307' title='bbox 1260 3396 1589 3453; x_wconf 73' lang='lat' dir='ltr'><strong>Oxonieusis</strong></span> <span class='ocrx_word' id='word_1_308' title='bbox 1620 3417 1633 3453; x_wconf 90' lang='lat'><strong>:</strong></span> <span class='ocrx_word' id='word_1_309' title='bbox 1668 3398 1734 3455; x_wconf 88' lang='lat' dir='ltr'><strong>B.</strong></span> <span class='ocrx_word' id='word_1_310' title='bbox 1762 3398 2049 3455; x_wconf 85' lang='lat' dir='ltr'><strong>Clementis</strong></span> 
     </span>
    </p>
   </div>
   <div class='ocr_carea' id='block_1_46' title="bbox 469 3484 2045 3561">
    <p class='ocr_par' dir='ltr' id='par_1_46' title="bbox 469 3484 2045 3561">
     <span class='ocr_line' id='line_1_46' title="bbox 469 3484 2045 3561; baseline 0.006 -23"><span class='ocrx_word' id='word_1_311' title='bbox 469 3484 694 3540; x_wconf 84' lang='lat' dir='ltr'><strong>Romani</strong></span> <span class='ocrx_word' id='word_1_312' title='bbox 732 3484 1078 3542; x_wconf 86' lang='lat' dir='ltr'><strong>Itinerarium</strong></span> <span class='ocrx_word' id='word_1_313' title='bbox 1117 3492 1185 3543; x_wconf 92' lang='lat' dir='ltr'><strong>ad</strong></span> <span class='ocrx_word' id='word_1_314' title='bbox 1227 3488 1490 3545; x_wconf 72' lang='lat' dir='ltr'><strong>Iacobum</strong></span> <span class='ocrx_word' id='word_1_315' title='bbox 1539 3491 1763 3561; x_wconf 81' lang='lat' dir='ltr'><strong>fratrem</strong></span> <span class='ocrx_word' id='word_1_316' title='bbox 1807 3492 2045 3549; x_wconf 87' lang='lat' dir='ltr'><strong>Domini.</strong></span> 
     </span>
    </p>
   </div>
   <div class='ocr_carea' id='block_1_47' title="bbox 465 3577 2050 3641">
    <p class='ocr_par' dir='ltr' id='par_1_47' title="bbox 465 3577 2050 3641">
     <span class='ocr_line' id='line_1_47' title="bbox 465 3577 2050 3641; baseline 0.006 -10"><span class='ocrx_word' id='word_1_317' title='bbox 465 3577 887 3634; x_wconf 86' lang='lat' dir='ltr'><strong>Carmelitarum</strong></span> <span class='ocrx_word' id='word_1_318' title='bbox 939 3580 1395 3638; x_wconf 85' lang='lat' dir='ltr'><strong>discalceatorum</strong></span> <span class='ocrx_word' id='word_1_319' title='bbox 1440 3584 1497 3638; x_wconf 92' lang='lat' dir='ltr'><strong>in</strong></span> <span class='ocrx_word' id='word_1_320' title='bbox 1538 3584 1641 3639; x_wconf 90' lang='lat' dir='ltr'><strong>bac</strong></span> <span class='ocrx_word' id='word_1_321' title='bbox 1673 3586 1847 3641; x_wconf 88' lang='lat' dir='ltr'><strong>urbe:</strong></span> <span class='ocrx_word' id='word_1_322' title='bbox 1884 3585 2050 3641; x_wconf 88' lang='lat' dir='ltr'><strong>Itine-</strong></span> 
     </span>
    </p>
   </div>
   <div class='ocr_carea' id='block_1_48' title="bbox 466 3667 2048 3732">
    <p class='ocr_par' dir='ltr' id='par_1_48' title="bbox 466 3667 2048 3732">
     <span class='ocr_line' id='line_1_48' title="bbox 466 3667 2048 3732; baseline 0.006 -11"><span class='ocrx_word' id='word_1_323' title='bbox 466 3668 671 3722; x_wconf 84' lang='lat' dir='ltr'><strong>rarium</strong></span> <span class='ocrx_word' id='word_1_324' title='bbox 695 3667 999 3726; x_wconf 84' lang='lat' dir='ltr'><strong>Clementis.</strong></span> <span class='ocrx_word' id='word_1_325' title='bbox 1029 3672 1377 3729; x_wconf 72' lang='lat' dir='ltr'><strong>Bibliotheca:</strong></span> <span class='ocrx_word' id='word_1_326' title='bbox 1413 3672 1690 3731; x_wconf 78' lang='lat' dir='ltr'><strong>Thuaneae</strong></span> <span class='ocrx_word' id='word_1_327' title='bbox 1721 3694 1735 3732; x_wconf 90' lang='lat'><strong>:</strong></span> <span class='ocrx_word' id='word_1_328' title='bbox 1764 3675 1921 3732; x_wconf 86' lang='lat' dir='ltr'><strong>Liber</strong></span> <span class='ocrx_word' id='word_1_329' title='bbox 1942 3677 2048 3731; x_wconf 87' lang='lat' dir='ltr'><strong>lti-</strong></span> 
     </span>
    </p>
   </div>
   <div class='ocr_carea' id='block_1_49' title="bbox 464 3760 2050 3825">
    <p class='ocr_par' dir='ltr' id='par_1_49' title="bbox 464 3760 2050 3825">
     <span class='ocr_line' id='line_1_49' title="bbox 464 3760 2050 3825; baseline 0.008 -12"><span class='ocrx_word' id='word_1_330' title='bbox 464 3761 711 3815; x_wconf 86' lang='lat' dir='ltr'><strong>nerarius</strong></span> <span class='ocrx_word' id='word_1_331' title='bbox 746 3760 1157 3819; x_wconf 76' lang='lat' dir='ltr'><strong>Prwdicationis</strong></span> <span class='ocrx_word' id='word_1_332' title='bbox 1187 3764 1354 3821; x_wconf 89' lang='lat' dir='ltr'><strong>Petri.</strong></span> <span class='ocrx_word' id='word_1_333' title='bbox 1394 3766 1496 3822; x_wconf 75' lang='lat' dir='ltr'><strong>Ms.</strong></span> <span class='ocrx_word' id='word_1_334' title='bbox 1534 3765 1601 3823; x_wconf 73' lang='grc' dir='ltr'><strong>ν.</strong></span> <span class='ocrx_word' id='word_1_335' title='bbox 1632 3769 1702 3823; x_wconf 92' lang='lat' dir='ltr'><strong>cl.</strong></span> <span class='ocrx_word' id='word_1_336' title='bbox 1734 3767 1882 3825; x_wconf 78' lang='lat' dir='ltr'><strong>Petri</strong></span> <span class='ocrx_word' id='word_1_337' title='bbox 1909 3772 2050 3825; x_wconf 87' lang='lat' dir='ltr'><strong>Can-</strong></span> 
     </span>
    </p>
   </div>
   <div class='ocr_carea' id='block_1_50' title="bbox 464 3852 2042 3931">
    <p class='ocr_par' dir='ltr' id='par_1_50' title="bbox 464 3852 2042 3931">
     <span class='ocr_line' id='line_1_50' title="bbox 464 3852 2042 3931; baseline 0.006 -24"><span class='ocrx_word' id='word_1_338' title='bbox 464 3852 707 3910; x_wconf 91' lang='lat' dir='ltr'><strong>delerii:</strong></span> <span class='ocrx_word' id='word_1_339' title='bbox 759 3853 919 3910; x_wconf 88' lang='lat' dir='ltr'><strong>Gesta</strong></span> <span class='ocrx_word' id='word_1_340' title='bbox 980 3856 1289 3914; x_wconf 86' lang='lat' dir='ltr'><strong>Clementis.</strong></span> <span class='ocrx_word' id='word_1_341' title='bbox 1346 3858 1514 3931; x_wconf 82' lang='lat' dir='ltr'><strong>Regis</strong></span> <span class='ocrx_word' id='word_1_342' title='bbox 1558 3859 2042 3928; x_wconf 87' lang='lat' dir='ltr'><strong>Christianissimi,</strong></span> 
     </span>
    </p>
   </div>
   <div class='ocr_carea' id='block_1_51' title="bbox 2152 2733 3719 2814">
    <p class='ocr_par' dir='ltr' id='par_1_51' title="bbox 2152 2733 3719 2814">
     <span class='ocr_line' id='line_1_51' title="bbox 2152 2733 3719 2814; baseline -0.008 -17"><span class='ocrx_word' id='word_1_343' title='bbox 2152 2743 2388 2807; x_wconf 89' lang='lat' dir='ltr'><strong>divisus,</strong></span> <span class='ocrx_word' id='word_1_344' title='bbox 2448 2743 2830 2814; x_wconf 87' lang='lat' dir='ltr'><strong>interpolatus,</strong></span> <span class='ocrx_word' id='word_1_345' title='bbox 2888 2748 3107 2804; x_wconf 90' lang='lat' dir='ltr'><strong>auctus,</strong></span> <span class='ocrx_word' id='word_1_346' title='bbox 3157 2739 3426 2799; x_wconf 87' lang='lat' dir='ltr'><strong>minutus,</strong></span> <span class='ocrx_word' id='word_1_347' title='bbox 3491 2733 3719 2806; x_wconf 82' lang='lat' dir='ltr'><strong>atquein</strong></span> 
     </span>
    </p>
   </div>
   <div class='ocr_carea' id='block_1_52' title="bbox 2153 2828 3718 2905">
    <p class='ocr_par' dir='ltr' id='par_1_52' title="bbox 2153 2828 3718 2905">
     <span class='ocr_line' id='line_1_52' title="bbox 2153 2828 3718 2905; baseline -0.004 -16"><span class='ocrx_word' id='word_1_348' title='bbox 2153 2835 2539 2905; x_wconf 85' lang='lat' dir='ltr'><strong>compendium</strong></span> <span class='ocrx_word' id='word_1_349' title='bbox 2591 2836 2846 2891; x_wconf 87' lang='lat' dir='ltr'><strong>redactus</strong></span> <span class='ocrx_word' id='word_1_350' title='bbox 2896 2834 3019 2901; x_wconf 81' lang='lat' dir='ltr'><strong>fuit,</strong></span> <span class='ocrx_word' id='word_1_351' title='bbox 3049 2848 3151 2888; x_wconf 88' lang='lat' dir='ltr'><strong>nec</strong></span> <span class='ocrx_word' id='word_1_352' title='bbox 3178 2847 3291 2887; x_wconf 88' lang='lat' dir='ltr'><strong>non</strong></span> <span class='ocrx_word' id='word_1_353' title='bbox 3323 2846 3425 2901; x_wconf 82' lang='lat' dir='ltr'><strong>per</strong></span> <span class='ocrx_word' id='word_1_354' title='bbox 3453 2828 3718 2885; x_wconf 64' lang='lat' dir='ltr'><strong>haereticos</strong></span> 
     </span>
    </p>
   </div>
   <div class='ocr_carea' id='block_1_53' title="bbox 2152 2923 3719 2999">
    <p class='ocr_par' dir='ltr' id='par_1_53' title="bbox 2152 2923 3719 2999">
     <span class='ocr_line' id='line_1_53' title="bbox 2152 2923 3719 2999; baseline -0.008 -16"><span class='ocrx_word' id='word_1_355' title='bbox 2152 2935 2469 2999; x_wconf 88' lang='lat' dir='ltr'><strong>corruptus,</strong></span> <span class='ocrx_word' id='word_1_356' title='bbox 2494 2926 2718 2983; x_wconf 85' lang='lat' dir='ltr'><strong>insertis</strong></span> <span class='ocrx_word' id='word_1_357' title='bbox 2744 2925 2935 2982; x_wconf 87' lang='lat' dir='ltr'><strong>multis</strong></span> <span class='ocrx_word' id='word_1_358' title='bbox 2973 2923 3257 2980; x_wconf 80' lang='lat' dir='ltr'><strong>erroribus</strong></span> <span class='ocrx_word' id='word_1_359' title='bbox 3285 2939 3301 2988; x_wconf 91' lang='lat'><strong>;</strong></span> <span class='ocrx_word' id='word_1_360' title='bbox 3331 2936 3570 2991; x_wconf 85' lang='lat' dir='ltr'><strong>quorum</strong></span> <span class='ocrx_word' id='word_1_361' title='bbox 3610 2933 3719 2990; x_wconf 84' lang='lat' dir='ltr'><strong>par-</strong></span> 
     </span>
    </p>
   </div>
   <div class='ocr_carea' id='block_1_54' title="bbox 2150 3011 3714 3086">
    <p class='ocr_par' dir='ltr' id='par_1_54' title="bbox 2150 3011 3714 3086">
     <span class='ocr_line' id='line_1_54' title="bbox 2150 3011 3714 3086; baseline -0.004 -7"><span class='ocrx_word' id='word_1_362' title='bbox 2150 3033 2260 3081; x_wconf 86' lang='lat' dir='ltr'><strong>tem</strong></span> <span class='ocrx_word' id='word_1_363' title='bbox 2315 3024 2510 3079; x_wconf 87' lang='lat' dir='ltr'><strong>tollere</strong></span> <span class='ocrx_word' id='word_1_364' title='bbox 2555 3022 2712 3077; x_wconf 84' lang='lat' dir='ltr'><strong>labor</strong></span> <span class='ocrx_word' id='word_1_365' title='bbox 2769 3020 2983 3077; x_wconf 84' lang='lat' dir='ltr'><strong>exstitit</strong></span> <span class='ocrx_word' id='word_1_366' title='bbox 3006 3034 3134 3075; x_wconf 89' lang='lat' dir='ltr'><strong>cum</strong></span> <span class='ocrx_word' id='word_1_367' title='bbox 3179 3015 3362 3073; x_wconf 78' lang='lat' dir='ltr'><strong>Ruﬁni</strong></span> <span class='ocrx_word' id='word_1_368' title='bbox 3392 3011 3714 3086; x_wconf 70' lang='lat' dir='ltr'><strong>interpretis.</strong></span> 
     </span>
    </p>
   </div>
   <div class='ocr_carea' id='block_1_55' title="bbox 2150 3114 3059 3187">
    <p class='ocr_par' dir='ltr' id='par_1_55' title="bbox 2150 3114 3059 3187">
     <span class='ocr_line' id='line_1_55' title="bbox 2150 3114 3059 3187; baseline -0.004 -14"><span class='ocrx_word' id='word_1_369' title='bbox 2150 3118 2432 3173; x_wconf 89' lang='lat' dir='ltr'><strong>tumillius</strong></span> <span class='ocrx_word' id='word_1_370' title='bbox 2464 3117 2559 3187; x_wconf 90' lang='lat' dir='ltr'><strong>qui</strong></span> <span class='ocrx_word' id='word_1_371' title='bbox 2588 3114 2876 3186; x_wconf 89' lang='lat' dir='ltr'><strong>Epitomen</strong></span> <span class='ocrx_word' id='word_1_372' title='bbox 2906 3114 3059 3169; x_wconf 73' lang='lat' dir='ltr'><strong>fecit.</strong></span> 
     </span>
    </p>
   </div>
   <div class='ocr_carea' id='block_1_56' title="bbox 2223 3198 3711 3275">
    <p class='ocr_par' dir='ltr' id='par_1_56' title="bbox 2223 3198 3711 3275">
     <span class='ocr_line' id='line_1_56' title="bbox 2223 3198 3711 3275; baseline -0.003 -12"><span class='ocrx_word' id='word_1_373' title='bbox 2223 3208 2405 3265; x_wconf 82' lang='lat' dir='ltr'><strong>Ruﬁni</strong></span> <span class='ocrx_word' id='word_1_374' title='bbox 2458 3207 2685 3273; x_wconf 86' lang='lat' dir='ltr'><strong>Torani,</strong></span> <span class='ocrx_word' id='word_1_375' title='bbox 2726 3208 2861 3270; x_wconf 89' lang='lat' dir='ltr'><strong>sive,</strong></span> <span class='ocrx_word' id='word_1_376' title='bbox 2911 3213 2972 3261; x_wconf 89' lang='lat' dir='ltr'><strong>ut</strong></span> <span class='ocrx_word' id='word_1_377' title='bbox 3017 3204 3113 3259; x_wconf 91' lang='lat' dir='ltr'><strong>alii</strong></span> <span class='ocrx_word' id='word_1_378' title='bbox 3158 3203 3463 3275; x_wconf 85' lang='lat' dir='ltr'><strong>appellant,</strong></span> <span class='ocrx_word' id='word_1_379' title='bbox 3491 3198 3711 3258; x_wconf 64' lang='lat' dir='ltr'><strong>Turni.</strong></span> 
     </span>
    </p>
   </div>
   <div class='ocr_carea' id='block_1_57' title="bbox 2154 3295 3711 3369">
    <p class='ocr_par' dir='ltr' id='par_1_57' title="bbox 2154 3295 3711 3369">
     <span class='ocr_line' id='line_1_57' title="bbox 2154 3295 3711 3369; baseline -0.008 -10"><span class='ocrx_word' id='word_1_380' title='bbox 2154 3302 2433 3367; x_wconf 88' lang='lat' dir='ltr'><strong>Torannii,</strong></span> <span class='ocrx_word' id='word_1_381' title='bbox 2503 3301 2795 3365; x_wconf 86' lang='lat' dir='ltr'><strong>Turranii,</strong></span> <span class='ocrx_word' id='word_1_382' title='bbox 2861 3299 3141 3369; x_wconf 85' lang='lat' dir='ltr'><strong>Tyrannii,</strong></span> <span class='ocrx_word' id='word_1_383' title='bbox 3192 3313 3318 3354; x_wconf 85' lang='lat' dir='ltr'><strong>esse</strong></span> <span class='ocrx_word' id='word_1_384' title='bbox 3355 3295 3711 3367; x_wconf 64' lang='lat' dir='ltr'><strong>prafationem</strong></span> 
     </span>
    </p>
   </div>
   <div class='ocr_carea' id='block_1_58' title="bbox 2151 3389 3711 3466">
    <p class='ocr_par' dir='ltr' id='par_1_58' title="bbox 2151 3389 3711 3466">
     <span class='ocr_line' id='line_1_58' title="bbox 2151 3389 3711 3466; baseline -0.009 -15"><span class='ocrx_word' id='word_1_385' title='bbox 2151 3412 2277 3452; x_wconf 92' lang='lat' dir='ltr'><strong>cum</strong></span> <span class='ocrx_word' id='word_1_386' title='bbox 2307 3394 2558 3466; x_wconf 88' lang='lat' dir='ltr'><strong>sequenti</strong></span> <span class='ocrx_word' id='word_1_387' title='bbox 2584 3395 2837 3449; x_wconf 89' lang='lat' dir='ltr'><strong>versione</strong></span> <span class='ocrx_word' id='word_1_388' title='bbox 2878 3392 3055 3464; x_wconf 84' lang='lat' dir='ltr'><strong>stylus</strong></span> <span class='ocrx_word' id='word_1_389' title='bbox 3084 3391 3305 3456; x_wconf 87' lang='lat' dir='ltr'><strong>clamat,</strong></span> <span class='ocrx_word' id='word_1_390' title='bbox 3330 3389 3711 3455; x_wconf 80' lang='lat' dir='ltr'><strong>ostenduntque</strong></span> 
     </span>
    </p>
   </div>
   <div class='ocr_carea' id='block_1_59' title="bbox 2152 3479 3707 3555">
    <p class='ocr_par' dir='ltr' id='par_1_59' title="bbox 2152 3479 3707 3555">
     <span class='ocr_line' id='line_1_59' title="bbox 2152 3479 3707 3555; baseline -0.006 -9"><span class='ocrx_word' id='word_1_391' title='bbox 2152 3486 2490 3555; x_wconf 75' lang='lat' dir='ltr'><strong>Gennadius,</strong></span> <span class='ocrx_word' id='word_1_392' title='bbox 2523 3486 2845 3551; x_wconf 81' lang='lat' dir='ltr'><strong>Adhelmus,</strong></span> <span class='ocrx_word' id='word_1_393' title='bbox 2898 3484 3225 3542; x_wconf 80' lang='lat' dir='ltr'><strong>Anastasius</strong></span> <span class='ocrx_word' id='word_1_394' title='bbox 3255 3479 3707 3538; x_wconf 58' lang='lat' dir='ltr'><strong>Bibliotheca-ius,</strong></span> 
     </span>
    </p>
   </div>
   <div class='ocr_carea' id='block_1_60' title="bbox 2152 3569 3710 3653">
    <p class='ocr_par' dir='ltr' id='par_1_60' title="bbox 2152 3569 3710 3653">
     <span class='ocr_line' id='line_1_60' title="bbox 2152 3569 3710 3653; baseline -0.009 -17"><span class='ocrx_word' id='word_1_395' title='bbox 2152 3590 2317 3653; x_wconf 89' lang='lat' dir='ltr'><strong>atque</strong></span> <span class='ocrx_word' id='word_1_396' title='bbox 2347 3581 2465 3652; x_wconf 89' lang='lat' dir='ltr'><strong>ipse</strong></span> <span class='ocrx_word' id='word_1_397' title='bbox 2490 3578 2725 3634; x_wconf 75' lang='lat' dir='ltr'><strong>Rufinus</strong></span> <span class='ocrx_word' id='word_1_398' title='bbox 2758 3597 2772 3633; x_wconf 91' lang='lat'><strong>:</strong></span> <span class='ocrx_word' id='word_1_399' title='bbox 2806 3577 3048 3647; x_wconf 89' lang='lat' dir='ltr'><strong>itemque</strong></span> <span class='ocrx_word' id='word_1_400' title='bbox 3098 3575 3551 3630; x_wconf 79' lang='lat' dir='ltr'><strong>Excalceatorum</strong></span> <span class='ocrx_word' id='word_1_401' title='bbox 3598 3569 3710 3626; x_wconf 75' lang='lat' dir='ltr'><strong>Car-</strong></span> 
     </span>
    </p>
   </div>
   <div class='ocr_carea' id='block_1_61' title="bbox 2150 3658 3711 3740">
    <p class='ocr_par' dir='ltr' id='par_1_61' title="bbox 2150 3658 3711 3740">
     <span class='ocr_line' id='line_1_61' title="bbox 2150 3658 3711 3740; baseline -0.01 -11"><span class='ocrx_word' id='word_1_402' title='bbox 2150 3673 2460 3729; x_wconf 89' lang='lat' dir='ltr'><strong>melitarum</strong></span> <span class='ocrx_word' id='word_1_403' title='bbox 2492 3671 2652 3735; x_wconf 89' lang='lat' dir='ltr'><strong>liber,</strong></span> <span class='ocrx_word' id='word_1_404' title='bbox 2685 3669 2777 3740; x_wconf 89' lang='lat' dir='ltr'><strong>qui</strong></span> <span class='ocrx_word' id='word_1_405' title='bbox 2802 3669 2883 3725; x_wconf 88' lang='lat' dir='ltr'><strong>sic</strong></span> <span class='ocrx_word' id='word_1_406' title='bbox 2923 3667 3118 3739; x_wconf 90' lang='lat' dir='ltr'><strong>incipit</strong></span> <span class='ocrx_word' id='word_1_407' title='bbox 3150 3684 3166 3722; x_wconf 88' lang='lat'><strong>:</strong></span> <span class='ocrx_word' id='word_1_408' title='bbox 3217 3664 3402 3726; x_wconf 77' lang='lat' dir='ltr'><strong>Ruﬁni</strong></span> <span class='ocrx_word' id='word_1_409' title='bbox 3450 3658 3711 3735; x_wconf 73' lang='lat' dir='ltr'><strong>presbyteri</strong></span> 
     </span>
    </p>
   </div>
   <div class='ocr_carea' id='block_1_62' title="bbox 2148 3756 3712 3836">
    <p class='ocr_par' dir='ltr' id='par_1_62' title="bbox 2148 3756 3712 3836">
     <span class='ocr_line' id='line_1_62' title="bbox 2148 3756 3712 3836; baseline -0.006 -18"><span class='ocrx_word' id='word_1_410' title='bbox 2148 3765 2398 3836; x_wconf 75' lang='lat' dir='ltr'><strong>prwfatio</strong></span> <span class='ocrx_word' id='word_1_411' title='bbox 2425 3764 2493 3818; x_wconf 91' lang='lat' dir='ltr'><strong>ad</strong></span> <span class='ocrx_word' id='word_1_412' title='bbox 2534 3762 2887 3818; x_wconf 85' lang='lat' dir='ltr'><strong>Gaudentium</strong></span> <span class='ocrx_word' id='word_1_413' title='bbox 2942 3761 3242 3830; x_wconf 84' lang='lat' dir='ltr'><strong>pontiﬁcem</strong></span> <span class='ocrx_word' id='word_1_414' title='bbox 3290 3761 3347 3814; x_wconf 88' lang='lat' dir='ltr'><strong>in</strong></span> <span class='ocrx_word' id='word_1_415' title='bbox 3388 3756 3712 3813; x_wconf 71' lang='lat' dir='ltr'><strong>Itinerarim</strong></span> 
     </span>
    </p>
   </div>
   <div class='ocr_carea' id='block_1_63' title="bbox 2151 3844 3711 3922">
    <p class='ocr_par' dir='ltr' id='par_1_63' title="bbox 2151 3844 3711 3922">
     <span class='ocr_line' id='line_1_63' title="bbox 2151 3844 3711 3922; baseline -0.009 -9"><span class='ocrx_word' id='word_1_416' title='bbox 2151 3857 2455 3922; x_wconf 87' lang='lat' dir='ltr'><strong>Clementis,</strong></span> <span class='ocrx_word' id='word_1_417' title='bbox 2482 3856 2547 3911; x_wconf 93' lang='lat' dir='ltr'><strong>ab</strong></span> <span class='ocrx_word' id='word_1_418' title='bbox 2566 3873 2625 3912; x_wconf 84' lang='lat' dir='ltr'><strong>eo</strong></span> <span class='ocrx_word' id='word_1_419' title='bbox 2646 3871 2711 3911; x_wconf 80' lang='lat' dir='ltr'><strong>ea:</strong></span> <span class='ocrx_word' id='word_1_420' title='bbox 2740 3854 2922 3910; x_wconf 80' lang='lat' dir='ltr'><strong>Grceco</strong></span> <span class='ocrx_word' id='word_1_421' title='bbox 2947 3856 3000 3908; x_wconf 91' lang='lat' dir='ltr'><strong>in</strong></span> <span class='ocrx_word' id='word_1_422' title='bbox 3037 3852 3288 3907; x_wconf 88' lang='lat' dir='ltr'><strong>Latinum</strong></span> <span class='ocrx_word' id='word_1_423' title='bbox 3318 3865 3636 3907; x_wconf 72' lang='lat' dir='ltr'><strong>conversum.</strong></span> <span class='ocrx_word' id='word_1_424' title='bbox 3657 3844 3711 3899; x_wconf 81' lang='grc' dir='ltr'><strong>Ει</strong></span> 
     </span>
    </p>
   </div>
   <div class='ocr_carea' id='block_1_64' title="bbox 464 3936 3712 4035">
    <p class='ocr_par' dir='ltr' id='par_1_64' title="bbox 464 3936 3712 4035">
     <span class='ocr_line' id='line_1_64' title="bbox 464 3936 3712 4035; baseline -0.002 -35"><span class='ocrx_word' id='word_1_425' title='bbox 464 3953 520 4000; x_wconf 88' lang='lat' dir='ltr'><strong>et</strong></span> <span class='ocrx_word' id='word_1_426' title='bbox 544 3942 809 4001; x_wconf 70' lang='lat' dir='ltr'><strong>Sorbonae</strong></span> <span class='ocrx_word' id='word_1_427' title='bbox 847 3955 1074 4012; x_wconf 59' lang='lat' dir='ltr'><strong>nostrae,</strong></span> <span class='ocrx_word' id='word_1_428' title='bbox 1103 3956 1268 4015; x_wconf 81' lang='lat' dir='ltr'><strong>atque</strong></span> <span class='ocrx_word' id='word_1_429' title='bbox 1312 3949 1459 4006; x_wconf 87' lang='lat' dir='ltr'><strong>Petri</strong></span> <span class='ocrx_word' id='word_1_430' title='bbox 1506 3950 1670 4008; x_wconf 85' lang='lat' dir='ltr'><strong>Petiti</strong></span> <span class='ocrx_word' id='word_1_431' title='bbox 1723 3956 2045 4027; x_wconf 78' lang='lat' dir='ltr'><strong>typographi</strong></span> <span class='ocrx_word' id='word_1_432' title='bbox 2076 3976 2119 4035; x_wconf 69' lang='grc' dir='ltr'>ο</span> <span class='ocrx_word' id='word_1_433' title='bbox 2152 3958 2278 4022; x_wconf 89' lang='lat' dir='ltr'><strong>post</strong></span> <span class='ocrx_word' id='word_1_434' title='bbox 2311 3950 2711 4022; x_wconf 63' lang='lat' dir='ltr'><strong>praefationem,</strong></span> <span class='ocrx_word' id='word_1_435' title='bbox 2748 3947 3161 4016; x_wconf 88' lang='lat' dir='ltr'><strong>Clementisque</strong></span> <span class='ocrx_word' id='word_1_436' title='bbox 3190 3944 3255 3999; x_wconf 90' lang='lat' dir='ltr'><strong>ad</strong></span> <span class='ocrx_word' id='word_1_437' title='bbox 3287 3942 3556 3999; x_wconf 80' lang='lat' dir='ltr'><strong>Jacobum</strong></span> <span class='ocrx_word' id='word_1_438' title='bbox 3594 3936 3712 4035; x_wconf 37' lang='lat' dir='ltr'><strong>cpi-</strong></span> 
     </span>
    </p>
   </div>
   <div class='ocr_carea' id='block_1_65' title="bbox 462 4037 2045 4109">
    <p class='ocr_par' dir='ltr' id='par_1_65' title="bbox 462 4037 2045 4109">
     <span class='ocr_line' id='line_1_65' title="bbox 462 4037 2045 4109; baseline 0.008 -18"><span class='ocrx_word' id='word_1_439' title='bbox 462 4038 597 4109; x_wconf 77' lang='lat' dir='ltr'><strong>regii</strong></span> <span class='ocrx_word' id='word_1_440' title='bbox 627 4056 641 4093; x_wconf 91' lang='lat'><strong>:</strong></span> <span class='ocrx_word' id='word_1_441' title='bbox 670 4037 915 4093; x_wconf 85' lang='lat' dir='ltr'><strong>Historia</strong></span> <span class='ocrx_word' id='word_1_442' title='bbox 964 4038 1271 4099; x_wconf 78' lang='lat' dir='ltr'><strong>Clementis.</strong></span> <span class='ocrx_word' id='word_1_443' title='bbox 1321 4043 1481 4100; x_wconf 83' lang='lat' dir='ltr'><strong>Liber</strong></span> <span class='ocrx_word' id='word_1_444' title='bbox 1534 4044 1916 4103; x_wconf 86' lang='lat' dir='ltr'><strong>Monachensis</strong></span> <span class='ocrx_word' id='word_1_445' title='bbox 1960 4048 2045 4103; x_wconf 86' lang='lat' dir='ltr'><strong>bi-</strong></span> 
     </span>
    </p>
   </div>
   <div class='ocr_carea' id='block_1_66' title="bbox 461 4127 2043 4209">
    <p class='ocr_par' dir='ltr' id='par_1_66' title="bbox 461 4127 2043 4209">
     <span class='ocr_line' id='line_1_66' title="bbox 461 4127 2043 4209; baseline 0.008 -24"><span class='ocrx_word' id='word_1_446' title='bbox 461 4127 790 4186; x_wconf 65' lang='lat' dir='ltr'><strong>bliothecae:</strong></span> <span class='ocrx_word' id='word_1_447' title='bbox 825 4130 884 4187; x_wconf 90' lang='lat' dir='ltr'><strong>S.</strong></span> <span class='ocrx_word' id='word_1_448' title='bbox 931 4131 1191 4206; x_wconf 82' lang='lat' dir='ltr'><strong>Martyris</strong></span> <span class='ocrx_word' id='word_1_449' title='bbox 1249 4134 1531 4191; x_wconf 84' lang='lat' dir='ltr'><strong>Clementis</strong></span> <span class='ocrx_word' id='word_1_450' title='bbox 1590 4140 1822 4209; x_wconf 88' lang='lat' dir='ltr'><strong>episcopi</strong></span> <span class='ocrx_word' id='word_1_451' title='bbox 1861 4142 2043 4197; x_wconf 80' lang='lat' dir='ltr'><strong>Roma:</strong></span> 
     </span>
    </p>
   </div>
   <div class='ocr_carea' id='block_1_67' title="bbox 464 4221 2044 4303">
    <p class='ocr_par' dir='ltr' id='par_1_67' title="bbox 464 4221 2044 4303">
     <span class='ocr_line' id='line_1_67' title="bbox 464 4221 2044 4303; baseline 0.008 -27"><span class='ocrx_word' id='word_1_452' title='bbox 464 4221 523 4277; x_wconf 90' lang='lat' dir='ltr'><strong>S.</strong></span> <span class='ocrx_word' id='word_1_453' title='bbox 556 4221 708 4278; x_wconf 87' lang='lat' dir='ltr'><strong>Petri</strong></span> <span class='ocrx_word' id='word_1_454' title='bbox 732 4224 983 4295; x_wconf 86' lang='lat' dir='ltr'><strong>discipuli</strong></span> <span class='ocrx_word' id='word_1_455' title='bbox 1011 4224 1272 4281; x_wconf 83' lang='lat' dir='ltr'><strong>Narratio</strong></span> <span class='ocrx_word' id='word_1_456' title='bbox 1321 4230 1487 4283; x_wconf 89' lang='lat' dir='ltr'><strong>missa</strong></span> <span class='ocrx_word' id='word_1_457' title='bbox 1528 4230 1597 4284; x_wconf 91' lang='lat' dir='ltr'><strong>ad</strong></span> <span class='ocrx_word' id='word_1_458' title='bbox 1634 4230 1895 4287; x_wconf 79' lang='lat' dir='ltr'><strong>Iacobum</strong></span> <span class='ocrx_word' id='word_1_459' title='bbox 1929 4236 2044 4303; x_wconf 85' lang='lat' dir='ltr'><strong>fra-</strong></span> 
     </span>
    </p>
   </div>
   <div class='ocr_carea' id='block_1_68' title="bbox 464 4315 2045 4393">
    <p class='ocr_par' dir='ltr' id='par_1_68' title="bbox 464 4315 2045 4393">
     <span class='ocr_line' id='line_1_68' title="bbox 464 4315 2045 4393; baseline 0.011 -26"><span class='ocrx_word' id='word_1_460' title='bbox 464 4322 596 4369; x_wconf 86' lang='lat' dir='ltr'><strong>trem</strong></span> <span class='ocrx_word' id='word_1_461' title='bbox 628 4315 865 4381; x_wconf 87' lang='lat' dir='ltr'><strong>Domini,</strong></span> <span class='ocrx_word' id='word_1_462' title='bbox 891 4320 1191 4389; x_wconf 78' lang='lat' dir='ltr'><strong>episcopum</strong></span> <span class='ocrx_word' id='word_1_463' title='bbox 1242 4320 1753 4393; x_wconf 80' lang='lat' dir='ltr'><strong>Hierosolymorum.</strong></span> <span class='ocrx_word' id='word_1_464' title='bbox 1804 4324 2045 4384; x_wconf 83' lang='lat' dir='ltr'><strong>Joannes</strong></span> 
     </span>
    </p>
   </div>
   <div class='ocr_carea' id='block_1_69' title="bbox 462 4404 2041 4483">
    <p class='ocr_par' dir='ltr' id='par_1_69' title="bbox 462 4404 2041 4483">
     <span class='ocr_line' id='line_1_69' title="bbox 462 4404 2041 4483; baseline 0.008 -23"><span class='ocrx_word' id='word_1_465' title='bbox 462 4404 840 4464; x_wconf 82' lang='lat' dir='ltr'><strong>Antiochenus</strong></span> <span class='ocrx_word' id='word_1_466' title='bbox 876 4412 931 4464; x_wconf 85' lang='lat' dir='ltr'><strong>in</strong></span> <span class='ocrx_word' id='word_1_467' title='bbox 959 4410 1278 4481; x_wconf 85' lang='lat' dir='ltr'><strong>Appendice</strong></span> <span class='ocrx_word' id='word_1_468' title='bbox 1329 4412 1549 4467; x_wconf 90' lang='lat' dir='ltr'><strong>concilii</strong></span> <span class='ocrx_word' id='word_1_469' title='bbox 1597 4412 1952 4483; x_wconf 85' lang='lat' dir='ltr'><strong>Basileensis,</strong></span> <span class='ocrx_word' id='word_1_470' title='bbox 1985 4415 2041 4472; x_wconf 92' lang='lat' dir='ltr'><strong>in</strong></span> 
     </span>
    </p>
   </div>
   <div class='ocr_carea' id='block_1_70' title="bbox 2152 4028 3713 4113">
    <p class='ocr_par' dir='ltr' id='par_1_70' title="bbox 2152 4028 3713 4113">
     <span class='ocr_line' id='line_1_70' title="bbox 2152 4028 3713 4113; baseline -0.012 -14"><span class='ocrx_word' id='word_1_471' title='bbox 2152 4044 2375 4107; x_wconf 81' lang='lat' dir='ltr'><strong>stolam,</strong></span> <span class='ocrx_word' id='word_1_472' title='bbox 2400 4043 2665 4113; x_wconf 87' lang='lat' dir='ltr'><strong>scriptum</strong></span> <span class='ocrx_word' id='word_1_473' title='bbox 2692 4042 2857 4097; x_wconf 87' lang='lat' dir='ltr'><strong>habet</strong></span> <span class='ocrx_word' id='word_1_474' title='bbox 2892 4060 2904 4095; x_wconf 94' lang='lat'>:</span> <span class='ocrx_word' id='word_1_475' title='bbox 2933 4038 3210 4094; x_wconf 84' lang='lat' dir='ltr'><strong>Itinerarii</strong></span> <span class='ocrx_word' id='word_1_476' title='bbox 3252 4035 3542 4091; x_wconf 83' lang='lat' dir='ltr'><strong>Clementis</strong></span> <span class='ocrx_word' id='word_1_477' title='bbox 3588 4028 3713 4086; x_wconf 85' lang='lat' dir='ltr'><strong>Petri</strong></span> 
     </span>
    </p>
   </div>
   <div class='ocr_carea' id='block_1_71' title="bbox 2152 4124 3711 4205">
    <p class='ocr_par' dir='ltr' id='par_1_71' title="bbox 2152 4124 3711 4205">
     <span class='ocr_line' id='line_1_71' title="bbox 2152 4124 3711 4205; baseline -0.008 -16"><span class='ocrx_word' id='word_1_478' title='bbox 2152 4137 2380 4205; x_wconf 86' lang='lat' dir='ltr'><strong>apostoli</strong></span> <span class='ocrx_word' id='word_1_479' title='bbox 2440 4136 2761 4190; x_wconf 85' lang='lat' dir='ltr'><strong>successoris</strong></span> <span class='ocrx_word' id='word_1_480' title='bbox 2826 4132 2958 4187; x_wconf 90' lang='lat' dir='ltr'><strong>liber</strong></span> <span class='ocrx_word' id='word_1_481' title='bbox 2997 4133 3202 4203; x_wconf 88' lang='lat' dir='ltr'><strong>primus</strong></span> <span class='ocrx_word' id='word_1_482' title='bbox 3258 4130 3451 4199; x_wconf 82' lang='lat' dir='ltr'><strong>incipit</strong></span> <span class='ocrx_word' id='word_1_483' title='bbox 3481 4145 3514 4181; x_wconf 92' lang='lat' dir='ltr'><strong>a</strong></span> <span class='ocrx_word' id='word_1_484' title='bbox 3545 4124 3711 4193; x_wconf 80' lang='lat' dir='ltr'><strong>Ruﬁno</strong></span> 
     </span>
    </p>
   </div>
   <div class='ocr_carea' id='block_1_72' title="bbox 2152 4213 3710 4297">
    <p class='ocr_par' dir='ltr' id='par_1_72' title="bbox 2152 4213 3710 4297">
     <span class='ocr_line' id='line_1_72' title="bbox 2152 4213 3710 4297; baseline -0.01 -16"><span class='ocrx_word' id='word_1_485' title='bbox 2152 4227 2446 4283; x_wconf 87' lang='lat' dir='ltr'><strong>traductus.</strong></span> <span class='ocrx_word' id='word_1_486' title='bbox 2479 4226 2635 4294; x_wconf 80' lang='lat' dir='ltr'><strong>Quod</strong></span> <span class='ocrx_word' id='word_1_487' title='bbox 2664 4226 2710 4283; x_wconf 91' lang='lat' dir='ltr'><strong>si</strong></span> <span class='ocrx_word' id='word_1_488' title='bbox 2740 4225 2866 4297; x_wconf 90' lang='lat' dir='ltr'><strong>quis</strong></span> <span class='ocrx_word' id='word_1_489' title='bbox 2903 4224 3163 4294; x_wconf 87' lang='lat' dir='ltr'><strong>objecerit</strong></span> <span class='ocrx_word' id='word_1_490' title='bbox 3208 4222 3498 4293; x_wconf 85' lang='lat' dir='ltr'><strong>epistolam</strong></span> <span class='ocrx_word' id='word_1_491' title='bbox 3523 4213 3710 4273; x_wconf 86' lang='lat' dir='ltr'><strong>Paulini</strong></span> 
     </span>
    </p>
   </div>
   <div class='ocr_carea' id='block_1_73' title="bbox 2149 4313 3709 4392">
    <p class='ocr_par' dir='ltr' id='par_1_73' title="bbox 2149 4313 3709 4392">
     <span class='ocr_line' id='line_1_73' title="bbox 2149 4313 3709 4392; baseline -0.01 -15"><span class='ocrx_word' id='word_1_492' title='bbox 2149 4322 2241 4386; x_wconf 72' lang='lat'><strong>47,</strong></span> <span class='ocrx_word' id='word_1_493' title='bbox 2274 4321 2321 4377; x_wconf 93' lang='lat' dir='ltr'><strong>is</strong></span> <span class='ocrx_word' id='word_1_494' title='bbox 2350 4335 2677 4392; x_wconf 88' lang='lat' dir='ltr'><strong>responsum</strong></span> <span class='ocrx_word' id='word_1_495' title='bbox 2722 4319 2855 4375; x_wconf 83' lang='lat' dir='ltr'><strong>feret</strong></span> <span class='ocrx_word' id='word_1_496' title='bbox 2881 4333 2983 4373; x_wconf 90' lang='lat' dir='ltr'><strong>nec</strong></span> <span class='ocrx_word' id='word_1_497' title='bbox 3010 4318 3160 4372; x_wconf 87' lang='lat' dir='ltr'><strong>illam</strong></span> <span class='ocrx_word' id='word_1_498' title='bbox 3204 4332 3331 4372; x_wconf 87' lang='lat' dir='ltr'><strong>esse</strong></span> <span class='ocrx_word' id='word_1_499' title='bbox 3371 4313 3604 4370; x_wconf 72' lang='lat' dir='ltr'><strong>indubia:</strong></span> <span class='ocrx_word' id='word_1_500' title='bbox 3630 4324 3709 4365; x_wconf 80' lang='lat' dir='ltr'><strong>au-</strong></span> 
     </span>
    </p>
   </div>
   <div class='ocr_carea' id='block_1_74' title="bbox 2151 4406 3705 4479">
    <p class='ocr_par' dir='ltr' id='par_1_74' title="bbox 2151 4406 3705 4479">
     <span class='ocr_line' id='line_1_74' title="bbox 2151 4406 3705 4479; baseline -0.008 -11"><span class='ocrx_word' id='word_1_501' title='bbox 2151 4414 2445 4478; x_wconf 88' lang='lat' dir='ltr'><strong>ctoritatis,</strong></span> <span class='ocrx_word' id='word_1_502' title='bbox 2474 4428 2573 4469; x_wconf 91' lang='lat' dir='ltr'><strong>nec</strong></span> <span class='ocrx_word' id='word_1_503' title='bbox 2589 4413 2643 4467; x_wconf 91' lang='lat' dir='ltr'><strong>in</strong></span> <span class='ocrx_word' id='word_1_504' title='bbox 2662 4426 2727 4467; x_wconf 85' lang='lat' dir='ltr'><strong>ea</strong></span> <span class='ocrx_word' id='word_1_505' title='bbox 2765 4410 3099 4467; x_wconf 87' lang='lat' dir='ltr'><strong>mentionem</strong></span> <span class='ocrx_word' id='word_1_506' title='bbox 3131 4408 3247 4464; x_wconf 81' lang='lat' dir='ltr'><strong>ﬁeri</strong></span> <span class='ocrx_word' id='word_1_507' title='bbox 3278 4406 3705 4479; x_wconf 76' lang='lat' dir='ltr'><strong>Recognitionusl.</strong></span> 
     </span>
    </p>
   </div>
   <div class='ocr_carea' id='block_1_75' title="bbox 465 4586 3703 4617">
    <p class='ocr_par' dir='ltr' id='par_1_75' title="bbox 465 4586 3703 4617">
     <span class='ocr_line' id='line_1_75' title="bbox 465 4586 3703 4617; baseline 0 -6"><span class='ocrx_word' id='word_1_508' title='bbox 465 4586 3703 4617; x_wconf 52' lang='lat' dir='ltr'><strong>mm</strong></span> 
     </span>
    </p>
   </div>
   <div class='ocr_carea' id='block_1_76' title="bbox 1112 4794 2955 4921">
    <p class='ocr_par' dir='ltr' id='par_1_76' title="bbox 1112 4794 2955 4921">
     <span class='ocr_line' id='line_1_76' title="bbox 1112 4794 2955 4921; baseline 0.001 -5"><span class='ocrx_word' id='word_1_509' title='bbox 1112 4794 1117 4795; x_wconf 22' lang='grc' dir='ltr'>ί</span> <span class='ocrx_word' id='word_1_510' title='bbox 1225 4803 1408 4916; x_wconf 91' lang='lat' dir='ltr'><strong>DE</strong></span> <span class='ocrx_word' id='word_1_511' title='bbox 1487 4801 2161 4921; x_wconf 84' lang='lat' dir='ltr'><strong>AUCTORE</strong></span> <span class='ocrx_word' id='word_1_512' title='bbox 2241 4802 2955 4919; x_wconf 87' lang='lat' dir='ltr'><strong>ANONYMO</strong></span> 
     </span>
    </p>
   </div>
   <div class='ocr_carea' id='block_1_77' title="bbox 986 5038 3193 5137">
    <p class='ocr_par' dir='ltr' id='par_1_77' title="bbox 986 5038 3193 5137">
     <span class='ocr_line' id='line_1_77' title="bbox 986 5038 3193 5137; baseline -0.001 -7"><span class='ocrx_word' id='word_1_513' title='bbox 986 5038 2011 5137; x_wconf 84' lang='lat' dir='ltr'><strong>RECOGNITIONUM</strong></span> <span class='ocrx_word' id='word_1_514' title='bbox 2087 5039 3193 5136; x_wconf 86' lang='lat' dir='ltr'><strong>CLEMENTINARUM.</strong></span> 
     </span>
    </p>
   </div>
   <div class='ocr_carea' id='block_1_78' title="bbox 540 5225 3637 5360">
    <p class='ocr_par' dir='ltr' id='par_1_78' title="bbox 540 5225 3637 5360">
     <span class='ocr_line' id='line_1_78' title="bbox 540 5225 3637 5360; baseline 0.001 -77"><span class='ocrx_word' id='word_1_515' title='bbox 540 5225 867 5305; x_wconf 71' lang='lat' dir='ltr'><strong>(GLLLAND.,</strong></span> <span class='ocrx_word' id='word_1_516' title='bbox 922 5227 1038 5288; x_wconf 86' lang='lat' dir='ltr'><strong>Vet.</strong></span> <span class='ocrx_word' id='word_1_517' title='bbox 1091 5231 1249 5290; x_wconf 86' lang='lat' dir='ltr'><strong>Patr.</strong></span> <span class='ocrx_word' id='word_1_518' title='bbox 1304 5234 1373 5299; x_wconf 85' lang='lat' dir='ltr'><strong>ll,</strong></span> <span class='ocrx_word' id='word_1_519' title='bbox 1430 5248 1606 5301; x_wconf 61' lang='grc' dir='ltr'>χχιιι,</span> <span class='ocrx_word' id='word_1_520' title='bbox 1643 5248 1710 5289; x_wconf 75' lang='lat' dir='ltr'><strong>ea:</strong></span> <span class='ocrx_word' id='word_1_521' title='bbox 1762 5232 2010 5289; x_wconf 81' lang='lat' dir='ltr'><strong>Historia</strong></span> <span class='ocrx_word' id='word_1_522' title='bbox 2036 5233 2329 5360; x_wconf 57' lang='lat' dir='ltr'><strong>Lititgrpria</strong></span> <span class='ocrx_word' id='word_1_523' title='bbox 2359 5233 2681 5306; x_wconf 80' lang='lat' dir='ltr'><strong>Aquileiensi</strong></span> <span class='ocrx_word' id='word_1_524' title='bbox 2714 5232 2781 5291; x_wconf 67' lang='grc' dir='ltr'><strong>ν.</strong></span> <span class='ocrx_word' id='word_1_525' title='bbox 2812 5234 2875 5292; x_wconf 89' lang='lat' dir='ltr'><strong>C.</strong></span> <span class='ocrx_word' id='word_1_526' title='bbox 2904 5231 3051 5290; x_wconf 85' lang='lat' dir='ltr'><strong>Justi</strong></span> <span class='ocrx_word' id='word_1_527' title='bbox 3093 5228 3411 5301; x_wconf 83' lang='lat' dir='ltr'><strong>Fontanini,</strong></span> <span class='ocrx_word' id='word_1_528' title='bbox 3456 5228 3550 5287; x_wconf 86' lang='lat' dir='ltr'><strong>lib.</strong></span> <span class='ocrx_word' id='word_1_529' title='bbox 3590 5246 3637 5291; x_wconf 71' lang='grc' dir='ltr'><strong>ν.</strong></span> 
     </span>
     <span class='ocr_line' id='line_1_79' title="bbox 1952 5321 2222 5360; baseline 0 0"><span class='ocrx_word' id='word_1_530' title='bbox 1952 5321 2075 5360; x_wconf 81' lang='lat' dir='ltr'><strong>can.</strong></span> <span class='ocrx_word' id='word_1_531' title='bbox 2183 5336 2222 5360; x_wconf 88' lang='lat'><strong>..</strong></span> 
     </span>
    </p>
   </div>
   <div class='ocr_carea' id='block_1_79' title="bbox 1952 5321 2222 5377">
    <p class='ocr_par' dir='ltr' id='par_1_79' title="bbox 1952 5321 2222 5377">
     <span class='ocr_line' id='line_1_80' title="bbox 1952 5321 2222 5377; baseline -0.015 -17"><span class='ocrx_word' id='word_1_532' title='bbox 1952 5321 2075 5377; x_wconf 90' lang='lat' dir='ltr'><strong>cap.</strong></span> <span class='ocrx_word' id='word_1_533' title='bbox 2108 5321 2222 5376; x_wconf 65' lang='lat'><strong>10.;</strong></span> 
     </span>
    </p>
   </div>
   <div class='ocr_carea' id='block_1_80' title="bbox 1661 5579 2450 5645">
    <p class='ocr_par' dir='ltr' id='par_1_80' title="bbox 1661 5579 2450 5645">
     <span class='ocr_line' id='line_1_81' title="bbox 1661 5579 2450 5645; baseline 0.001 -3"><span class='ocrx_word' id='word_1_534' title='bbox 1661 5579 2038 5644; x_wconf 88' lang='lat' dir='ltr'><strong>SYNOPSIS</strong></span> <span class='ocrx_word' id='word_1_535' title='bbox 2069 5580 2450 5645; x_wconf 83' lang='lat' dir='ltr'><strong>CAPITUM.</strong></span> 
     </span>
    </p>
   </div>
   <div class='ocr_carea' id='block_1_81' title="bbox 536 5688 1613 5770">
    <p class='ocr_par' dir='ltr' id='par_1_81' title="bbox 536 5688 1613 5770">
     <span class='ocr_line' id='line_1_82' title="bbox 536 5688 1613 5770; baseline 0.01 -28"><span class='ocrx_word' id='word_1_536' title='bbox 536 5688 581 5770; x_wconf 53' lang='grc' dir='ltr'><strong>ξε</strong></span> <span class='ocrx_word' id='word_1_537' title='bbox 609 5691 1261 5770; x_wconf 58' lang='lat' dir='ltr'><strong>Auctorﬂecognitionum</strong></span> <span class='ocrx_word' id='word_1_538' title='bbox 1287 5698 1613 5770; x_wconf 58' lang='lat' dir='ltr'><strong>inquiritur.</strong></span> 
     </span>
    </p>
   </div>
   <div class='ocr_carea' id='block_1_82' title="bbox 540 5757 2672 5847">
    <p class='ocr_par' dir='ltr' id='par_1_82' title="bbox 540 5757 2672 5847">
     <span class='ocr_line' id='line_1_83' title="bbox 540 5757 2672 5847; baseline 0.009 -34"><span class='ocrx_word' id='word_1_539' title='bbox 540 5757 602 5813; x_wconf 81' lang='lat' dir='ltr'><strong>ll.</strong></span> <span class='ocrx_word' id='word_1_540' title='bbox 656 5761 904 5827; x_wconf 75' lang='lat' dir='ltr'><strong>Ejusdem</strong></span> <span class='ocrx_word' id='word_1_541' title='bbox 937 5757 1071 5822; x_wconf 51' lang='lat' dir='ltr'><strong>anas</strong></span> <span class='ocrx_word' id='word_1_542' title='bbox 1100 5757 1375 5828; x_wconf 47' lang='lat' dir='ltr'><strong>statuitur:</strong></span> <span class='ocrx_word' id='word_1_543' title='bbox 1414 5768 1523 5825; x_wconf 87' lang='lat' dir='ltr'><strong>Cur</strong></span> <span class='ocrx_word' id='word_1_544' title='bbox 1547 5786 1674 5829; x_wconf 77' lang='lat' dir='ltr'><strong>auus</strong></span> <span class='ocrx_word' id='word_1_545' title='bbox 1698 5772 1851 5829; x_wconf 89' lang='lat' dir='ltr'><strong>titulo</strong></span> <span class='ocrx_word' id='word_1_546' title='bbox 1879 5770 2307 5847; x_wconf 81' lang='lat' dir='ltr'><strong>Recognitionum</strong></span> <span class='ocrx_word' id='word_1_547' title='bbox 2342 5773 2672 5846; x_wconf 84' lang='lat' dir='ltr'><strong>inscriptum.</strong></span> 
     </span>
    </p>
   </div>
  </div>
