3890 6192
230 280 373 340 H89

1347 285 1924 345 RECOGNlTlONES.
1958 318 2028 329 -—-
2062 286 2427 346 PROJIMIA.

3378 291 3507 347 HQ"

306 397 399 476 lli._
436 397 676 476 Censura
735 398 1189 472 Gelasiipapaz-dc
1214 400 1695 473 Recognitionibus.
1758 403 1944 475 Opem
1998 405 2247 474 pretium.
2299 402 2500 459 Auctor
2530 401 2842 460 catholicus.
2889 404 3101 476 Aliquot
3162 402 3507 459 recentiorum

390 468 473 521 iud
480 471 659 525 icium.

308 536 398 592 IV.
427 538 825 617 Recognitiones
856 540 1069 597 Gra'cas
1093 551 1211 612 post
1240 559 1425 596 earum
1458 545 1884 611 translationem,
1912 563 1946 599 a
1998 543 2234 601 Paulino
2267 545 2318 599 Ν
2326 546 2483 600 olano
2524 545 2733 614 [rustra
2765 554 3044 611 tentatam,
3069 545 3290 617 Ruﬁnus
3322 543 3513 600 Latins

380 612 654 666 convertit.

308 676 373 732 V.
416 679 623 758 Rogata
654 692 855 737 sancta:
878 682 1095 748 Salviae,
1143 682 1323 754 Ruﬁni
1350 684 1586 754 prwfecti
1640 687 1891 755 prtrtorio
1932 689 2157 753 sororis,
2210 704 2342 757 opus
2380 688 2705 758 aggreditur,
2743 685 2881 756 quod
2915 684 3209 742 Gaudentio
3252 686 3509 741 Brixiano

379 752 621 823 episcopo
653 764 943 823 nuncupat.

446 816 606 897 [erus
638 816 973 897 prte[ationis
1006 833 1211 897 auctor,
1236 834 1287 878 et
1312 823 1745 897 Recognitionum
1770 830 2051 896 interpres,
2079 825 2327 897 Ruﬁnus.

455 889 789 966 Bellarinini
815 896 961 966 locus
986 896 1131 947 circa
1161 889 1875 965 Clementis'Recognitiones
1900 889 2234 966 expenditur.

310 959 444 1016 \lll.
486 960 565 1015 De
601 965 826 1032 epistola
868 964 1301 1035 Recognitionum
1360 968 1511 1021 libris
1562 959 1795 1023 adnexa.
1822 959 2009 1038 Operis
2032 968 2193 1023 editio
2224 967 2484 1040 quomodo
2514 970 2797 1022 adornata.

1836 1139 1909 1154 Δ-ο

304 1270 346 1326 1.
388 1269 541 1326 Libri
572 1270 1001 1345 Recognitionum
1035 1276 1200 1330 alium
1226 1273 1387 1346 plane
1408 1291 1438 1331 a
1464 1282 1661 1331 sancto
1692 1275 1814 1331 Cle-
1841 1280 1888 1338 Α
1916 1281 2024 1329 tem
2048 1275 2181 1330 illuc
2210 1291 2337 1331 eum
2367 1278 2688 1333 convolasse
2712 1276 3091 1335 animadvertit
3121 1279 3352 1337 Huetius
3371 1280 3512 1353 (25).

230 1371 437 1428 mente,
496 1371 621 1433 post
662 1363 884 1419 Petrum
955 1367 1119 1423 tertio
1162 1367 1252 1422 vel
1297 1376 1496 1437 quarto
1559 1367 1822 1423 Romana:

228 1453 496 1510 Ecclesiae
528 1457 804 1525 pontiﬁce,
835 1458 1195 1513 architectum
1236 1459 1563 1515 habuerunt.
1591 1459 1673 1515 Ad
1700 1461 1820 1530 ejus

230 1556 449 1603 aetatem
482 1551 627 1619 quod
660 1551 873 1611 attinet.
910 1566 1034 1606 eum
1062 1561 1188 1607 ante
1225 1551 1512 1623 Origenem
1568 1552 1822 1609 ﬂoruisse

232 1636 290 1689 in
317 1648 601 1708 comperto
629 1646 733 1695 est.
766 1639 1032 1711 Origenes
1059 1642 1228 1707 enim,
1271 1644 1363 1713 qui
1398 1642 1501 1697 sub
1527 1640 1822 1713 Elagabalo

225 1727 432 1784 ﬂorere
460 1732 647 1800 coepit,
680 1732 893 1802 primus
946 1734 1192 1788 omnium
1251 1734 1563 1790 testimonia
1603 1750 1671 1790 ex
1702 1734 1817 1799 illo,

228 1826 496 1891 tanquam
522 1823 922 1895 scriptorejam
947 1832 1100 1889 noto,
1143 1833 1197 1882 et
1260 1823 1546 1881 Clementis
1598 1828 1823 1883 nomine

232 1914 460 1983 quidem
490 1915 774 1980 distincto,
806 1918 974 1972 semel
1008 1927 1171 1988 atque
1195 1919 1392 1974 iterum
1441 1918 1644 1989 promit
1679 1918 1817 1990 (l8).

232 2002 604 2070 Quamobrem
634 2006 961 2062 Clementini
992 2008 1175 2077 operis
1227 2006 1421 2063 artifex
1469 2008 1700 2079 Origene
1725 2008 1822 2078 ju-

229 2095 362 2151 nior
410 2098 523 2153 dici
574 2114 687 2153 non
728 2107 927 2169 potest,
976 2102 1072 2156 sed
1109 2102 1272 2171 paulo
1301 2100 1485 2155 senior
1518 2118 1533 2169 ;
1566 2099 1711 2172 quod
1737 2100 1823 2153 ni-

230 2184 439 2239 mirum
465 2184 533 2239 ad
563 2192 781 2255 tempus
808 2187 1126 2256 scriptionis
1152 2187 1409 2257 pertinet.
1460 2185 1601 2242 Ante
1625 2184 1820 2257 Orige-

223 2289 384 2343 nem,
419 2294 517 2334 seu
570 2279 793 2334 tertium
845 2278 1056 2335 Christi
1096 2279 1315 2334 Domini
1351 2278 1633 2344 saeculum,
1659 2294 1822 2334 nemo

229 2385 482 2442 unquam
534 2369 934 2441 Recognitiones
983 2372 1244 2436 laudavit,
1296 2387 1459 2427 nemo
1523 2370 1823 2426 Clementi-

224 2472 437 2517 ‘norum
487 2461 821 2515 mentionem
886 2460 1035 2518 fecit.
1121 2460 1273 2516 Libri
1326 2468 1608 2517 auctorem
1656 2462 1821 2517 tertio

229 2551 459 2607 demum
490 2550 696 2605 Christi
728 2552 927 2607 saeculo
953 2552 1179 2619 vixisse,
1198 2552 1308 2607 duo
1332 2552 1593 2624 produnt.
1613 2550 1817 2616 Unum,

232 2642 387 2712 quod
432 2657 501 2696 ex
556 2640 885 2698 Bardesanis
940 2640 1065 2713 Syri
1120 2643 1339 2715 dialogo
1383 2642 1461 2699 De
1491 2644 1604 2714 fato
1630 2654 1822 2698 contra
1858 2632 1900 2687 Β

232 2732 468 2789 Άὺὶάειω
509 2733 870 2805 astrologum,
929 2733 1185 2789 laciniam
1234 2735 1373 2791 bene
1402 2736 1618 2807 longam
1650 2736 1823 2790 sul'fua

236 2833 421 2889 ratus,
470 2839 627 2880 suam
672 2824 823 2882 fecit.
880 2825 1153 2895 Alterum,
1182 2827 1330 2898 quod
1364 2827 1433 2883 de
1462 2828 1685 2883 civitate
1713 2827 1827 2882 Ro.

234 2932 425 2982 mana,
485 2916 747 2973 universo
803 2918 922 2973 orbi
982 2918 1282 2985 dominata,
1340 2934 1451 2975 non
1483 2920 1718 2977 obscure
1744 2922 1827 2977 lo-

234 3019 463 3080 quatur.
516 3008 683 3081 Atqui
734 3010 1075 3069 Bardesanes
1100 3016 1205 3068 sub
1235 3012 1304 3068 Μ.
1331 3013 1553 3070 Aurelio
1579 3013 1827 3086 Augusto

230 3102 425 3159 iloruit
469 3103 615 3158 circa
667 3118 871 3159 annum
918 3105 1043 3170 l7l,
1067 3106 1157 3160 cui
1181 3105 1468 3177 Dialogum
1494 3122 1656 3163 suum
1682 3123 1826 3161 nun-

235 3191 486 3262 CUpavit.
539 3192 826 3247 Caracalla
881 3209 1015 3249 vero
1065 3194 1212 3249 circa
1244 3209 1450 3249 annum
1470 3194 1602 3262 215,
1632 3204 1824 3267 gentes

234 3280 494 3338 Itoniano
550 3283 781 3355 imperio
829 3285 1125 3355 subiectas,
1172 3288 1523 3358 propriisque
1552 3295 1713 3342 antea
1744 3288 1824 3342 le-

232 3371 406 3443 gibus
429 3388 582 3438 usas,
608 3374 665 3427 in
697 3372 863 3430 Urbis
889 3389 1074 3430 rerum
1104 3375 1339 3431 dominae
1380 3376 1529 3447 jura,
1552 3376 1829 3431 constitu-

236 3466 393 3522 tione
430 3467 596 3532 edita,
628 3467 842 3537 primus
880 3469 1125 3524 omnium
1157 3470 1599 3540 transirejussit.
1632 3470 1711 3524 Ex
1739 3468 1829 3527 his

236 3559 611 3631 perspicimus
650 3568 988 3632 quantopere
1040 3562 1322 3629 fallantur,
1362 3564 1455 3634 qui
1500 3562 1829 3620 Clementinl

237 3652 533 3721 scriptoris
588 3660 804 3709 aetatem
860 3655 1059 3709 saeculo
1111 3671 1151 3709 ιι
1194 3656 1465 3726 praefinire
1514 3656 1826 3713 voluerunt.

239 3743 453 3799 Horum
488 3761 682 3816 agmen
724 3745 880 3801 ducit
935 3744 1253 3805 Blondellus
1292 3748 1428 3821 (l9),
1463 3748 1552 3805 cui
1576 3764 1827 3806 accesse-

238 3843 375 3892 runt
404 3835 711 3894 Cotelerius
735 3837 847 3910 (20)
869 3845 923 3894 et
947 3836 1183 3896 Grabius
1223 3839 1360 3912 (2i).
1390 3840 1618 3895 Cunctis
1646 3846 1829 3895 tamen

241 3929 315 3984 ad
355 3929 500 3984 hanc
549 3930 793 3987 eamdem
824 3932 1169 3991 sententiam
1195 3935 1483 4003 prceiverat
1517 3933 1706 3991 Sixtus
1734 3932 1830 3992 Se-

238 4023 437 4079 nensis
478 4022 616 4093 (22).

320 4112 382 4169 ll.
417 4113 729 4172 Dodwellus
750 4128 1062 4188 compactas
1085 4127 1273 4175 censet
1289 4118 1687 4191 Recognitiones
1715 4121 1831 4194 (23)

241 4205 393 4263 inter
415 4223 545 4263 ann.
580 4224 702 4264 air-ae
733 4211 975 4280 vulgaris
1001 4210 1108 4266 2l8
1127 4219 1182 4267 et
1219 4212 1346 4269 2'51.
1377 4213 1574 4270 Verius
1602 4213 1833 4272 dixisset

240 4298 391 4356 inter
418 4315 548 4355 ann.
577 4300 677 4355 2H
714 4310 768 4357 et
787 4301 915 4358 217.
948 4301 1160 4358 Etenim
1210 4320 1355 4360 anno
1396 4305 1496 4361 2H
1552 4308 1705 4363 solus
1731 4306 1834 4363 im-

241 4407 443 4463 perare
488 4392 655 4463 carpit
696 4392 998 4458 Caracalla,
1055 4412 1229 4462 novae,
1290 4413 1457 4469 quam
1499 4397 1635 4464 dixi,
1696 4414 1834 4454 con-

244 4484 554 4539 stitutionis
568 4494 781 4554 auctor,
820 4486 873 4540 in
902 4486 1336 4558 Recognitionum
1388 4489 1546 4545 libris
1576 4491 1830 4546 laudatae.

244 4576 374 4631 Mox
420 4578 612 4633 eodem
656 4594 802 4635 anno
840 4580 968 4644 217,
994 4580 1285 4637 Caracalla
1306 4583 1596 4639 occiditur.
1632 4579 1728 4640 His
1754 4599 1837 4640 re-

242 4668 472 4737 pellitur
502 4670 777 4726 maximus
806 4669 955 4726 Petri
989 4671 1169 4727 Allixii
1200 4674 1410 4744 lapsus,
1463 4675 1665 4730 aientis
1694 4674 1833 4745 (24),

250 4757 832 4833 pseudo-Clementem
867 4761 1073 4818 vixisse
1111 4780 1213 4817 non
1240 4763 1334 4817 diu
1363 4774 1485 4819 ante
1518 4765 1832 4835 Sulpicium,

246 4860 377 4905 ante
405 4867 568 4922 quem
595 4860 775 4909 tamen
808 4870 873 4909 cc
915 4871 1090 4913 annos
1126 4857 1284 4913 vixit.
1308 4855 1593 4929 Origenes,
1620 4859 1832 4928 primus

249 4942 688 5014 Rscognitionum
760 4962 963 5017 praeco,
1019 4947 1315 5005 Caracallae
1386 4950 1523 5004 iram
1593 4949 1829 5021 fugiens.

248 5035 584 5091 Alexandria
610 5038 667 5092 in
696 5037 1043 5096 Palaestinam
1086 5043 1263 5112 primo
1306 5042 1560 5098 secessit.
1609 5041 1702 5099 Bis
1730 5058 1833 5097 au-

1855 3982 1902 4043 C

1920 1360 2083 1422 Prius
2140 1364 2401 1437 Origenis
2451 1368 2556 1423 iter
2610 1369 2664 1423 in
2707 1367 3078 1435 Palaestinam,
3121 1373 3212 1427 ubi
3245 1372 3513 1429 Caesarea:

1921 1456 2113 1526 pedem
2140 1458 2276 1521 ﬁxit,
2302 1467 2606 1530 sanctoque
2638 1460 2951 1516 Alexandro
3004 1461 3508 1535 Hierosolymorum

1930 1557 2190 1612 episcopo
2239 1545 2513 1613 innotuit,
2559 1548 2629 1601 ab
2688 1545 2880 1601 lluetio
2915 1549 3152 1618 illigatur
3203 1563 3348 1602 anno
3404 1548 3511 1601 Do-

1934 1635 2073 1690 mini
2102 1637 2228 1691 2l5.
2265 1637 2340 1692 Ex
2376 1638 2481 1693 hoc
2526 1639 2739 1703 itinere,
2784 1650 2910 1710 post
2938 1658 3139 1697 cassum
3169 1642 3509 1699 Caracallam

1931 1744 2078 1783 anno
2115 1730 2241 1795 217,
2270 1729 2532 1801 Origenes
2575 1729 2966 1804 Hierosolymis
3004 1736 3383 1792 Alexandriam
3429 1752 3513 1791 re-

1932 1819 2083 1887 dux,
2136 1836 2321 1877 secum
2377 1822 2775 1894 Recognitiones
2834 1827 3024 1882 tulisse
3078 1827 3340 1883 dicendus
3391 1834 3507 1893 est,

1934 1911 2077 1965 unde
2136 1912 2251 1982 ipse
2291 1914 2521 1979 ,illarum
2577 1917 2874 1972 sententias
2928 1918 3043 1973 suis
3089 1917 3511 1975 Commentariis

1934 2005 2261 2073 admiscuit;
2292 2024 2529 2078 quorum
2560 2020 2685 2067 octo
2711 2012 2922 2080 priores
2958 2020 3136 2067 tomos
3166 2013 3219 2067 in
3252 2014 3506 2069 Genesim

1934 2097 2209 2153 Eusebius
2262 2113 2329 2153 ex
2374 2108 2525 2155 tomo
2553 2116 2744 2155 eorum
2779 2116 2925 2156 nono
2955 2102 3192 2157 ostendit
3225 2102 3337 2173 (26)
3380 2103 3508 2158 Ale-

1934 2189 2176 2245 xandria:
2216 2188 2388 2247 fuisse
2441 2193 2818 2263 conscriptos,
2858 2202 2914 2247 et
2966 2195 3185 2264 quidem
3224 2205 3343 2266 post
3382 2194 3508 2252 Ori-

1933 2284 2085 2353 genis
2124 2283 2226 2337 iter
2264 2284 2395 2338 illud
2455 2284 2694 2354 primum
2752 2288 2806 2341 in
2847 2286 3212 2344 Palaestinam.
3255 2287 3511 2359 Recogni-

1936 2384 2104 2428 tiones
2143 2389 2275 2429 vero
2314 2374 2368 2428 in
2425 2372 2715 2431 Palaestina
2754 2379 3143 2441 conciunatas.
3184 2395 3307 2435 cum
3346 2364 3510 2434 Blonc

1932 2467 2075 2523 dello
2116 2466 2274 2537 facile
2309 2467 2609 2531 credimus,
2648 2470 3087 2539 quandoquidem
3128 2471 3181 2526 in
3224 2470 3332 2525 illis
3371 2472 3512 2525 thro-

1933 2576 2032 2615 nus
2082 2557 2582 2629 Hierosolymitante
2628 2560 2881 2617 Ecclesia:
2934 2579 3097 2634 supra
3148 2572 3373 2619 caeteros
3409 2580 3509 2619 ex-

1935 2654 2164 2708 tollitur.

2003 2746 2271 2801 Caeterum
2304 2746 2457 2816 operi
2491 2761 2557 2801 ex
2584 2756 2906 2817 argumento
2931 2762 3037 2801 vox
3077 2742 3510 2817 Recogm‘tiannm

1934 2838 2182 2894 adhaesit.
2214 2834 2516 2909 Recognitio
2538 2836 2703 2904 enim,
2729 2839 2842 2894 sive
2866 2836 3102 2908 Agnitio,
3129 2855 3196 2894 ex
3216 2834 3511 2894 Aristotele

1934 2930 1990 2987 in
2019 2934 2148 2988 Arte
2181 2935 2407 3003 poetica,
2441 2930 2638 3000 oritur,
2668 2948 2789 2988 cum
2822 2933 3073 2989 homines
3115 2932 3244 2988 olim
3276 2932 3417 2989 inter
3449 2948 3510 2988 se

1935 3025 2399 3097 coniunctissimi,
2437 3025 2654 3081 tandem
2701 3025 2903 3080 multos
2941 3034 3065 3096 post
3103 3040 3267 3080 casus
3299 3023 3355 3080 in
3399 3033 3509 3080 tra-

1934 3116 2132 3186 goadiis
2180 3125 2234 3171 et
2278 3116 2564 3171 comoediis
2611 3130 2671 3171 se
2709 3125 2901 3170 mutuo
2947 3131 3047 3171 nec
3085 3116 3307 3185 opinato
3339 3131 3511 3187 agno-

1935 3216 2115 3263 scunt.
2146 3207 2223 3264 Ita
2259 3209 2417 3279 plane
2445 3208 2501 3263 in
2531 3206 2637 3263 hac
2674 3206 3204 3278 pseudo-Clementis
3229 3222 3511 3263 commen~

1932 3299 2140 3354 tatione
2183 3298 2578 3365 Faustiniano,
2613 3298 2888 3354 Mathidia:
2925 3314 2992 3354 ac
3032 3297 3194 3363 ﬁliis,
3240 3296 3531 3367 Clementi,

1930 3381 2138 3439 Fausto
2169 3392 2224 3439 et
2249 3382 2513 3440 Faustino
2547 3385 2839 3455 contingit.
2887 3384 3074 3455 Itaque
3133 3400 3259 3439 cum
3312 3382 3515 3440 inscri-

1931 3472 2140 3541 ptione,
2200 3471 2433 3526 formam
2491 3473 2657 3527 etiam
2708 3473 2977 3543 poeticam
3027 3488 3167 3544 opus
3212 3474 3513 3545 accepisse,

1930 3578 2063 3618 vero
2092 3578 2356 3634 perquam
2389 3562 2570 3619 simile
2603 3562 2662 3618 ﬁt
2694 3563 2973 3619 Dodwello
3007 3563 3144 3635 (27).

2002 3654 2091 3712 Ill.
2134 3654 2385 3713 Celasius
2441 3655 2680 3727 pontifex
2736 3657 2793 3712 in
2844 3656 3078 3714 Decreto
3130 3658 3390 3730 genuino,
3445 3673 3515 3714 ex

1930 3749 2226 3806 veterrima
2284 3750 2477 3805 codice
2526 3748 2816 3815 Vaticano,
2857 3750 2987 3804 olim
3016 3766 3047 3804 a
3083 3766 3171 3807 me
3198 3751 3345 3805 edito
3376 3749 3514 3822 (εδ),

1932 3841 2077 3896 hanc
2122 3855 2416 3897 censuram
2466 3840 2531 3896 de
2577 3838 3037 3913 Recognitionibus
3081 3855 3112 3896 a
3149 3841 3349 3897 Ruﬁno
3376 3856 3515 3896 con-

1932 3932 2110 3988 versis
2188 3931 2608 4003 pronuntiavit:
2663 3930 3047 3999 Itinerarium,
3110 3936 3319 3990 nomine
3363 3933 3517 3989 Petri

1934 4024 2183 4093 apostoli,
2235 4022 2374 4095 quod
2416 4023 2719 4095 appellatur
2794 4026 2968 4079 sancti
3022 4024 3327 4090 Clementis,
3386 4041 3518 4096 apo-

1932 4117 2210 4189 cryphum.
2264 4116 2459 4174 Nullus
2513 4119 2625 4182 hic,
2672 4127 2732 4173 ut
2775 4119 2831 4174 in
2882 4120 3098 4174 caeteris
3155 4119 3513 4185 editionibus,

1932 4209 2203 4264 librorum
2242 4225 2507 4267 numerus
2542 4211 2868 4281 explicatur,
2911 4211 3039 4281 quia
3070 4210 3118 4264 is
3148 4210 3417 4279 pendebat
3447 4226 3518 4266 ex

1934 4302 2167 4357 arbitrio
2220 4302 2594 4360 librariorum.
2664 4302 2941 4369 Gelasins,
2996 4304 3169 4358 sancti
3229 4301 3516 4358 Clementis

1938 4411 2078 4464 opus
2124 4393 2344 4465 quidem
2390 4394 2671 4462 appellari,
2702 4411 2816 4449 non
2844 4412 2974 4458 esse,
3008 4393 3185 4461 dixit;
3216 4394 3376 4464 eique
3410 4410 3505 4465 pu-

1934 4486 2133 4541 blicam
2178 4486 2469 4541 lectionem
2521 4494 2576 4541 et
2623 4488 2946 4542 canonicam
3000 4486 3388 4542 auctoritatem
3418 4502 3519 4540 vo-

1933 4577 2132 4632 cabulo
2159 4577 2444 4647 apocryplu'
2480 4576 2840 4646 abjudicavit.
2890 4577 3168 4634 Gelasium
3196 4577 3253 4632 in
3281 4578 3519 4632 concilio

1933 4668 2182 4725 Romano
2236 4684 2344 4723 ιιι
2400 4669 2787 4739 episcoporum
2840 4668 2920 4727 sic
2967 4669 3337 4735 deﬁnientem,
3392 4668 3518 4726 Cle-

1935 4761 2209 4819 mentinas
2269 4760 2669 4831 Recognitiones
2711 4777 2743 4816 a
2800 4760 3001 4816 Ruﬁno
3062 4762 3360 4818 translatas
3410 4762 3517 4818 sub

1939 4857 2163 4912 nomine
2216 4853 2493 4909 ltinerarii
2577 4854 2873 4916 indicasse,
2931 4854 3078 4910 haud
3127 4854 3511 4911 dubitandum.

1938 4948 2059 5004 Non
2084 4948 2207 5004 ideo
2236 4957 2418 5003 tamen
2465 4952 2675 5018 privata
2726 4948 3025 5004 auctoritas
3079 4949 3221 5019 apud
3248 4950 3514 5019 plurimos

1940 5042 2202 5099 Ecclesiae
2256 5040 2463 5097 Latina:
2511 5043 2811 5113 scriptores
2851 5041 2963 5098 illis
2987 5040 3177 5096 deluit.
3207 5040 3283 5097 De
3310 5040 3517 5097 Graecis

330 5204 1365 5296 (18)Origen.,mtom.'IIIUCon‘iment:
1410 5212 1479 5296 in.
1510 5210 1723 5296 Cenem,
1765 5210 1831 5296 ad
1866 5219 1909 5274 ι)
1951 5215 2124 5296 __(_2'a')
2164 5216 2377 5282 Dodw.,
2440 5216 2669 5273 Dissert.
2731 5233 2788 5272 γι
2840 5218 2896 5271 in
2948 5217 3118 5286 Iren.,
3175 5217 3203 5291 ᾗ
3253 5236 3332 5288 xi,
3387 5237 3513 5296 pag.

255 5290 378 5350 cap.
401 5290 452 5350 γι,
490 5276 598 5343 Mi
628 5276 969 5350 in‘Philocal.
1001 5294 1123 5350 cap.
1146 5282 1239 5347 22,
1269 5290 1323 5337 et
1351 5280 1407 5335 in
1439 5282 1731 5336 Comment.
1765 5280 1833 5335 ad

257 5346 452 5400 Matth.
487 5363 639 5409 xxvi,
675 5346 729 5402 6.
1070 5346 1086 5350 ’
1227 5346 1231 5347 ί

330 5417 474 5492 (19)-
505 5416 765 5492 Blon_dell.
790 5459 806 5484 ,
866 5416 1173 5492 {relegem
1191 5490 1199 5492 _
1236 5420 1303 5474 ad
1377 5420 1830 5492 pseudo-lsidor.,

257 5487 587 5562 pagi‘59,_et
617 5488 846 5562 Censu_r.
869 5487 1055 5562 _Epist._
1085 5491 1111 5543 l
1143 5487 1493 5562 Clem.,jaag.
1521 5492 1610 5546 28.

255 5557 447 5681 ⁴8220)
486 5557 721 5613 Coteler.
779 5557 958 5614 Judic.
1024 5559 1093 5615 de
1146 5562 1272 5617 libr.
1338 5557 1649 5634 Recognit.,
1708 5575 1827 5633 pag.

326 5666 440 5781 ἷξε)
478 5697 1092 5781 (ὶῖιιβ-,δρίείιέρηιοηιρ
1128 5722 1251 5781 pas.
1284 5709 1545 5773 277-279.

327 5766 441 5839 (22)
484 5768 624 5827 sm.
659 5766 813 5841 Sen,
848 5774 988 5833 Bibl.
1024 5766 1209 5834 ubi“:

1937 5287 2123 5428 Μῗέιι)
2164 5358 2352 5423 Allix.,
2381 5358 2559 5412 Diatr.
2594 5358 2658 5412 de
2696 5375 2822 5414 ann.
2851 5368 2901 5414 et
2930 5378 3097 5417 mens.
3126 5361 3297 5417 natat.
3329 5360 3465 5417 Dom
3496 5404 3513 5429 ,

1939 5431 2327 5623 pa§25zﬂueL
2387 5500 2694 5572 Origenian.
2752 5502 2848 5557 lib.
2900 5517 2940 5567 ι,
2985 5502 3154 5572 capit.
3201 5502 3257 5567 2,
3290 5503 3347 5570 ι,
3381 5501 3514 5577 ξγι,

1939 5587 2003 5623 na
2048 5613 2059 5623 .
2172 5613 2182 5623 .

1936 5570 2396 5714 pa%2§i)0:Euseh..
2430 5642 2573 5700 Hist.
2614 5644 2766 5706 eccl.,
2791 5644 2886 5699 lib.
2919 5658 2997 5707 vI,
3026 5659 3146 5714 cap.
3176 5642 3264 5698 i9.

2034 5710 2126 5784 27)
2164 5710 2381 5784 l_)odvv.,
2416 5713 2452 5768 ι.
2491 5731 2561 5770 c..
2596 5730 2718 5784 pag.
2743 5715 2867 5768 444.

2035 5645 2129 5778 26;
2171 5645 2396 5706 Euseh..
2430 5645 2573 5700 Hist.
2614 5645 2766 5706 eccl.,
2791 5645 2886 5699 lib.
2919 5658 2997 5707 vI,
3026 5659 3146 5714 cap.
3176 5645 3264 5698 i9.

2007 5645 2124 5855 ἐξ)
2163 5710 2395 5840 ἓὲἓῖἔιῖ.
2889 5799 3046 5854 pagg.
3079 5784 3337 5842 517—551.
