3890 6192
480 301 613 358 1181

1333 292 1390 353 S.
1432 290 1829 351 CLEMENTIS
1868 292 1886 347 I
1920 291 2092 346 11011.
2128 290 2333 348 PONT.
2376 290 2597 347 OPERA
2642 290 2855 346 DUBIA.

3593 291 3725 346 1192

477 435 588 475 non
624 415 833 484 loquor.
868 409 1092 482 (Verum
1122 409 1226 465 hac
1260 410 1327 465 de
1358 427 1420 467 re
1455 427 1578 465 mox
1610 410 1877 479 agendum
1921 408 1947 481 ᾗ
1984 424 2055 472 vi,
2086 420 2133 477 Α
2161 411 2278 480 quis
2322 409 2566 477 fallatur,
2622 406 2881 476 ejusmodi
2933 404 3043 458 ha'c
3102 412 3222 458 sunt
3267 405 3493 459 numeris
3545 420 3726 462 notata

476 510 569 563 ubi
602 506 669 562 de
702 503 880 557 Rufini
940 502 1191 556 versione
1248 500 1487 570 Latina.)
1549 500 1818 555 Cmterum
1852 499 1949 552 hos
1982 499 2044 550 li-

476 600 627 663 bros,
681 607 991 665 quanquam
1046 593 1388 661 apocryphos,
1445 592 1497 647 id
1548 597 1631 646 est
1687 589 1917 661 publicae
1950 604 2045 642 au-

476 686 757 741 ctoritatis
787 688 1060 753 expertes,
1092 698 1215 735 cum
1248 683 1359 735 sint
1384 683 1630 735 maxima:
1674 679 2041 749 antiquitatis,

473 796 583 834 non
640 792 835 848 parum
889 774 1097 828 fructus
1158 774 1365 828 idcirco
1416 774 1628 827 adferre
1688 788 1869 843 posse,
1920 787 2042 825 cum

475 870 724 940 Nourryo
772 867 883 936 (9.9)
940 867 1230 921 sentimus.
1311 865 1446 918 Nam
1527 865 1855 920 Christiana:
1920 865 2045 918 reli-

472 962 650 1033 gionis
696 959 953 1028 Apologia
986 965 1152 1022 sunt;
1184 964 1237 1010 et
1272 956 1559 1027 gentilium
1592 956 1803 1020 fabulm,
1834 955 2045 1010 cultus-

475 1070 581 1123 que
639 1050 867 1112 ethnici,
920 1048 1125 1117 fatique
1173 1058 1511 1103 assertorum
1563 1064 1799 1133 errores,
1860 1048 1915 1102 in
1963 1049 2044 1102 eis

467 1145 803 1200 refutantur.
835 1143 1019 1213 Neque
1049 1144 1240 1197 inutile
1270 1158 1407 1213 opus
1436 1144 1502 1195 lis
1542 1157 1663 1196 esse
1696 1142 1915 1211 poterit,
1950 1142 2043 1211 qui

472 1234 924 1305 philosophorum
982 1234 1291 1303 opiniones,
1352 1232 1595 1301 gentium
1658 1247 1860 1293 mores,
1912 1246 2044 1283 con-

472 1322 789 1377 suetudines
838 1322 1266 1392 allegoricasqne
1295 1322 1600 1375 fabularum
1653 1322 2044 1392 explicationes

468 1416 615 1469 scire
647 1414 940 1467 voluerint.
975 1412 1081 1467 Nec
1115 1429 1247 1467 sane
1279 1413 1437 1468 facile
1483 1421 1629 1468 esset
1685 1413 1915 1483 plurima
1941 1412 2043 1466 La-

476 1506 717 1559 tinorum
775 1505 893 1558 loca
955 1505 1279 1574 intelligere.
1347 1506 1392 1560 si
1442 1505 1525 1560 his
1581 1503 2042 1574 Recognitionibus

470 1610 803 1652 careremus.
849 1594 961 1649 Hoc
1003 1597 1164 1649 etiam
1216 1596 1416 1650 fatetur
1461 1605 1652 1650 auctor
1707 1596 2043 1666 praefationis

473 1686 539 1739 ad
573 1703 766 1741 novam
813 1685 1070 1741 Cotelorii
1120 1687 1437 1750 editionem,
1487 1689 1581 1757 qui
1631 1690 1766 1744 alias
1798 1689 1865 1744 de
1890 1704 2040 1745 more

2157 502 2267 554 suis
2294 501 2444 555 locis.
2480 510 2535 551 ut
2561 503 2676 571 quis
2702 498 2976 552 observare
3024 498 3209 555 possit.
3248 495 3311 549 Hi
3362 497 3495 550 uazvi
3524 511 3558 550 a
3588 497 3721 552 Gru-

2155 604 2274 643 tero
2305 588 2589 657 explicati,
2640 602 2732 640 sea:
2789 601 3019 641 numero
3049 594 3197 649 sunt,
3237 588 3331 657 qui
3377 588 3515 657 apud
3556 589 3729 658 ipsum

2153 682 2324 735 videri
2356 689 2605 752 possunt.
2635 681 2712 752 (In
2737 682 2983 736 eamdem
3001 680 3217 736 Gruteri
3242 685 3567 737 sententiam
3585 683 3731 738 vide-

2155 775 2232 828 sis
2269 791 2389 844 qme
2437 775 2670 829 inferius
2698 790 2761 829 ex
2813 773 3038 829 Marano
3083 777 3199 831 viro
3246 777 3570 832 doctissimo
3608 785 3731 833 sunt

2155 863 2435 927 adnotata,
2468 865 2559 918 ubi
2599 880 2779 920 sermo
2802 864 2865 919 de
2906 864 3248 920 Clementinis
3275 867 3405 937 (53).
3444 867 3733 925 Postreun

2152 955 2274 1009 loco
2298 957 2658 1027 adjungamus
2690 955 2935 1027 Hugonis
2978 957 3153 1012 Grotii
3192 960 3259 1014 de
3282 960 3368 1015 his
3396 960 3559 1016 libris
3585 962 3720 1029 judi.

2151 1046 2296 1099 cium
2327 1046 2437 1117 (54)
2467 1066 2478 1100 ;
2516 1046 2967 1117 Recognitionum,
3031 1049 3139 1111 ait,
3170 1050 3257 1117 qui
3300 1047 3556 1101 dicuntur
3589 1050 3727 1111 libri,

2150 1147 2367 1191 eatenus
2424 1137 2563 1207 apud
2615 1156 2695 1191 me
2751 1140 2944 1201 valent,
2993 1148 3247 1207 quatenus
3298 1140 3529 1191 aliorum
3579 1140 3729 1192 dictis

2152 1240 2464 1299 congruunt.
2498 1229 2828 1290 Ca'teroquin
2875 1232 3036 1299 probo
3085 1231 3375 1284 cardiualis
3404 1231 3635 1284 Baronii
3671 1231 3730 1288 de

2153 1324 2216 1375 iis
2244 1323 2524 1393 judicium,
2554 1324 2644 1394 qui
2673 1339 2737 1377 ea:
2789 1322 3105 1392 Epiphanio,
3158 1323 3345 1392 Ruﬁno
3370 1324 3622 1392 aliisque,
3651 1324 3730 1376 di-

2152 1416 2244 1478 cit,
2285 1414 2393 1467 illis
2454 1414 2604 1469 libris
2656 1414 2889 1483 plurima
2936 1416 3100 1485 fuisse
3136 1426 3341 1479 assuta,
3386 1426 3435 1469 et
3483 1417 3626 1469 inter
3673 1433 3731 1468 ea

2153 1523 2329 1560 omnes
2356 1507 2481 1559 illas
2513 1506 2726 1575 fabulas
2751 1506 2814 1561 de
2843 1509 2929 1571 iis,
2983 1524 3099 1577 qua:
3139 1507 3396 1563 ϐρέξαι-ιω
3427 1507 3621 1577 fecisse
3654 1507 3731 1560 di-

2150 1596 2292 1649 citur
2317 1596 2509 1651 Petrus
2540 1607 2725 1650 contra
2755 1596 3041 1652 Simonem.

2223 1690 2489 1745 Czcternm
2519 1690 2761 1744 omnium
2813 1689 2983 1745 ferme
3030 1690 3284 1745 ordinum
3332 1690 3729 1744 catholicorum

471 1792 574 1832 suo
607 1792 712 1829 non
750 1792 921 1845 pauca
963 1792 1247 1846 perperam
1282 1777 1439 1834 dicit.
1492 1777 1788 1835 Librorum
1834 1782 2045 1852 analysi
2079 1768 2121 1823 Β
2149 1783 2448 1849 scriptores
2504 1778 2770 1833 Clementi
2834 1776 3082 1833 Romano
3137 1777 3535 1847 Recognitioxes
3580 1776 3731 1846 abju—

473 1868 802 1937 pertexenda
840 1868 1281 1937 supersedetnus,
1346 1886 1472 1924 cum
1504 1871 1557 1925 id
1585 1873 1903 1943 praestiterit
1934 1874 2053 1928 lau-

465 1959 637 2014 datus
661 1958 944 2031 Nourryns
976 1959 1091 2031 (50)
1134 1960 1268 2031 (vide
1297 1963 1501 2035 supra).

544 2052 805 2116 Quamvis
840 2062 1017 2107 autem
1049 2055 1344 2125 genuinum
1375 2066 1428 2110 et
1455 2054 1777 2125 primarium
1811 2054 2053 2127 Recogni-

466 2144 678 2195 Itiommt
710 2144 997 2208 artificem,
1058 2146 1310 2201 doctrina
1372 2162 1667 2217 rerumque
1707 2149 1969 2203 varietate
1997 2158 2052 2205 et

470 2235 627 2304 copia
663 2235 941 2291 abundare
970 2253 1079 2292 non
1124 2237 1484 2305 diﬂiteamur;
1531 2239 1914 2311 philosophum
1966 2246 2051 2294 ta-

471 2341 595 2378 men
626 2340 684 2379 se
713 2326 963 2395 prodere,
1018 2343 1179 2383 nemo
1232 2344 1339 2382 non
1391 2328 1576 2383 videt:
1630 2337 1683 2383 at
1730 2330 2049 2384 catholicum

464 2424 637 2476 certe.
679 2417 927 2486 quamvis
952 2418 1283 2489 philologum
1317 2420 1490 2489 magis
1515 2436 1676 2491 quam
1714 2422 2044 2494 theologum.

464 2504 724 2561 Cotelerii
756 2508 922 2563 verba
980 2526 1088 2564 non
1121 2511 1431 2579 praeteribo,
1492 2513 1659 2567 totius
1709 2523 2048 2569 conmenta-

472 2598 639 2652 tionis
689 2608 1008 2669 argumenta
1040 2602 1308 2672 complexi
1338 2602 1391 2655 in
1425 2618 1537 2658 sua:
1562 2604 1821 2659 editionis
1852 2606 2047 2675 prafa-

473 2688 643 2752 tione,
706 2690 796 2744 ubi
847 2698 1006 2745 vocat
1056 2702 1337 2762 syntagma
1385 2693 1708 2763 theologicis,
1756 2694 2042 2760 historicis,

471 2780 846 2850 pliilosopllicis
876 2793 924 2836 et
958 2785 1288 2855 astrologicis
1321 2784 1473 2839 rebus
1502 2787 1776 2855 refertum.
1810 2785 2045 2841 Accedat

470 2874 634 2930 etiam
661 2874 936 2939 Barthius,
962 2877 1055 2947 qui
1090 2877 1263 2933 libros
1302 2878 1377 2930 ait
1411 2876 1521 2947 (51)
1555 2878 1800 2947 antiquos
1843 2894 1973 2945 esse,
1994 2888 2045 2932 et

469 2964 729 3020 bonarum
755 2984 928 3020 rerum
984 2968 1183 3038 plenos.
1243 2967 1473 3024 Eosdem
1520 2971 2045 3038 saapenumeroillu-

471 3064 647 3121 strat,
706 3065 760 3113 et
816 3058 929 3112 acri
976 3060 1139 3113 etiam
1199 3073 1432 3114 censura
1490 3060 1843 3131 perstringit,
1900 3073 2042 3116 vrtus

2153 1870 2359 1925 dicant.

2228 1960 2409 2015 Primo
2439 1974 2504 2013 ex
2531 1958 2888 2013 cardiualium
2941 1965 3127 2011 senatu
3173 1954 3466 2019 Baronius,
3492 1956 3729 2026 pruden-

2151 2054 2224 2107 tia
2263 2061 2315 2107 et
2347 2053 2611 2123 gravitate
2638 2050 2997 2105 admirandus
3047 2048 3182 2120 (55).
3218 2046 3516 2102 Barunium
3543 2048 3728 2103 subse.

2151 2145 2337 2216 quitur
2366 2143 2723 2197 Bellarminus
2749 2141 2881 2213 (56).

2222 2235 2300 2289 Ex
2332 2236 2517 2289 ordine
2545 2237 2904 2305 episcoporum
2921 2231 3153 2289 Carolus
3176 2230 3377 2286 Bovius
3401 2227 3728 2285 Ostunensis

2152 2330 2382 2382 antistes
2411 2328 2547 2396 (57).

2222 2418 2299 2473 Ex
2377 2419 2561 2473 ordine
2640 2417 3067 2472 Prwdicatorum
3140 2415 3475 2471 Franciscus
3553 2412 3727 2469 Victo-

2147 2510 2233 2563 ria
2283 2507 2418 2581 (58).

2220 2602 2296 2656 Ex
2326 2601 2639 2672 presbyteris
2664 2599 2943 2655 Societatis
2968 2597 3097 2653 Iesu
3117 2598 3447 2654 Benedictus
3480 2598 3726 2653 Percn‘us

2149 2694 2285 2767 (59),
2312 2694 2551 2749 Joannes
2582 2693 2816 2749 Lor-inus
2851 2692 2985 2762 (40),
3020 2690 3277 2747 Nicolaus
3311 2690 3572 2747 Serarius
3598 2690 3721 2760 (11),

2146 2788 2419 2842 Antonius
2449 2785 2785 2842 Possevinus
2816 2785 2951 2856 (42).

2216 2878 2293 2933 Ex
2324 2878 2611 2933 Academia
2640 2875 2953 2931 Lovaniensi
3000 2875 3240 2933 Joannes
3275 2875 3478 2931 Driedo
3512 2876 3643 2947 (45).

2216 2970 2295 3025 Ex
2340 2971 2627 3026 Academia
2654 2970 2950 3025 Parisiensi
3001 2969 3209 3025 Natalis
3232 2969 3376 3024 Beda
3406 2970 3550 3043 (44).

2215 3062 2305 3118 ιγ.
2339 3063 2497 3119 Nunc
2524 3080 2654 3120 vero
2680 3063 2746 3118 de
2785 3062 2980 3117 Latina
3015 3062 3449 3133 Recognitionum
3479 3063 3716 3118 versione

467 3148 825 3219 fragmentum
856 3152 1159 3222 appellans,
1186 3160 1239 3205 ct
1268 3152 1457 3206 Latine
1510 3168 1861 3218 conversum,
1921 3170 2044 3209 cum
2073 3138 2114 3195 ο
2150 3156 2440 3226 agendum.
2477 3155 2739 3210 Paulinus
2789 3153 3032 3209 Nolanus
3083 3152 3340 3207 Ruﬁnum
3386 3170 3460 3209 ex
3483 3154 3720 3209 cmnohio

470 3242 712 3296 nondum
742 3260 901 3311 genus
931 3243 1136 3296 dicendi
1181 3243 1526 3297 barbarismis
1560 3243 1843 3297 admodum
1873 3246 2046 3312 inqui—

470 3343 653 3386 natum
681 3344 835 3398 esset,
874 3351 964 3388 nec
1010 3337 1222 3389 mistam
1261 3336 1387 3389 olim
1427 3334 1712 3390 Gothorum
1742 3345 1833 3389 aut
1859 3337 2045 3390 talium

469 3424 700 3478 illuviem
754 3426 913 3489 oleat,
960 3427 1057 3481 etsi
1118 3427 1228 3480 suis
1282 3428 1441 3481 etiam
1493 3428 1652 3481 nwvis
1706 3444 1809 3482 non
1843 3436 2042 3483 careat.

471 3514 605 3571 item
635 3518 935 3581 concludit,
970 3518 1221 3573 bonorum
1257 3520 1576 3573 monitorum
1613 3521 1789 3590 gratia
1822 3534 1880 3575 se
1908 3521 2040 3574 talia

470 3608 703 3662 libenter
730 3610 1007 3679 perlegere
1040 3629 1052 3664 :
1088 3620 1217 3674 tam,
1262 3610 1458 3681 inquit,
1504 3611 1567 3663 de
1609 3627 1789 3664 eorum
1829 3612 2046 3666 veritate

470 3698 664 3760 securi,
697 3715 853 3769 quam
886 3700 932 3751 si
957 3698 1258 3769 Apuleium,
1293 3710 1383 3755 aut
1423 3701 1762 3770 Apollonium
1791 3703 2044 3773 aliquem,

470 3786 549 3840 vel
576 3786 957 3841 Philostratum
988 3791 1323 3846 volveremus.
1366 3790 1535 3846 Becte
1563 3790 1779 3861 quidem
1813 3792 1887 3845 ita
1917 3808 2047 3847 ceu-

472 3886 553 3932 set
587 3878 839 3935 Barthius
872 3880 939 3934 de
966 3882 1194 3937 veritate
1222 3882 1503 3949 historica,
1536 3884 1581 3937 si
1607 3883 1749 3937 hanc
1772 3882 2044 3938 interdum

471 3978 707 4043 Spectes.
734 3970 852 4024 Non
885 3973 961 4027 ita
1014 3973 1083 4028 de
1112 3973 1386 4045 dogmate,
1437 3980 1504 4031 de
1560 3991 1670 4047 quo
1703 3975 1861 4029 aliter
1883 3974 2045 4029 Lam-

471 4064 659 4118 bertus
688 4061 955 4120 Gruterus
988 4065 1098 4137 (32)
1130 4085 1144 4120 :
1193 4065 1471 4137 Nusquam
1502 4084 1627 4131 non,
1649 4068 1847 4138 inquit,
1867 4066 1923 4119 in
1951 4065 2047 4119 hoc

477 4156 614 4210 libro
645 4156 944 4225 defenditur
974 4158 1191 4212 liberum
1210 4160 1433 4214 hominis
1471 4162 1773 4225 arbitrium,
1801 4160 2047 4229 baptismi

466 4257 516 4302 et
548 4248 879 4304 eucharistia:
928 4252 1024 4315 vis,
1068 4254 1348 4307 necessitas
1381 4271 1443 4307 ac
1492 4254 1744 4325 dignitas.
1780 4253 2046 4308 Prwterea

470 4342 686 4395 trinitas
765 4360 1111 4413 personarum
1176 4345 1333 4399 unius
1406 4344 1536 4411 Dei,
1620 4344 2047 4415 providentiaque

472 4442 809 4489 astruuntur.
852 4434 1078 4489 [locetur
1104 4435 1225 4489 item
1257 4452 1359 4491 non
1403 4437 1777 4490 contemnenda
1803 4454 1915 4491 esse
1944 4437 2044 4490 mi-

470 4528 660 4579 racula
692 4525 760 4579 ad
791 4536 1087 4596 martyrum
1111 4528 1353 4598 sepulcra
1376 4528 1539 4583 edita.
1571 4527 1675 4584 Sed
1697 4537 1818 4582 sunt
1842 4529 1923 4582 hic
1957 4537 2041 4582 ta—

472 4632 589 4670 men
634 4617 737 4672 loci
764 4618 1000 4690 quidam,
1034 4619 1194 4673 veluti
1241 4620 1396 4685 nazvi,
1451 4637 1580 4691 quos
1621 4621 1765 4688 pium
1801 4620 2042 4675 lectorem

471 4707 551 4761 uel
575 4717 725 4762 caute
770 4708 953 4779 legere,
1002 4711 1079 4766 vel
1131 4719 1397 4782 suspectos
1447 4712 1637 4769 habere
1690 4722 1909 4783 Oportet.
1963 4710 2045 4767 Ne

543 4842 660 4905 (9.9)
686 4843 914 4910 Nourr.,
958 4853 1155 4917 Appar.
1214 4847 1283 4901 ad
1314 4847 1457 4904 Bibl.
1500 4846 1643 4913 PP.,
1674 4857 1805 4904 tom.
1852 4845 1895 4912 1,
1930 4847 2047 4902 Dis-

469 4923 748 4989 scr-tLAxIL
773 4924 876 4970 art.
912 4917 1117 4989 7,_pag.
1142 4920 1269 4974 223.

550 4982 670 5059 (go)
697 4983 927 5059 δοκι-τη
963 4982 1099 5059 ιξσξ
1124 5006 1247 5059 pag.
1278 4987 1402 5044 2H.

550 5054 661 5170 (51)
697 5053 906 5118 Barth.,
937 5053 1155 5113 Advers.
1191 5053 1285 5113 lib.
1318 5075 1441 5116 ιιν,
1472 5074 1591 5128 cap.
1617 5058 1670 5113 5.

550 5124 639 5170 132
705 5123 941 5170 Gruter-
974 5129 1167 5170 Drmfnt
1233 5130 1297 5170 ml
1369 5133 1604 5170 (Ulmum
1669 5158 1670 5167 η

548 5123 661 5192 (52)
705 5123 944 5190 Gruter.,
972 5129 1185 5186 Prtefat.
1232 5130 1300 5183 ad
1369 5123 1621 5188 Clement.
1669 5128 1798 5183 edit.
1848 5125 2040 5182 Colon.

466 5189 703 5263 Ag‘rip'p.
729 5194 889 5250 1569.

544 5260 742 5337 (ζ’)ὅυιι
766 5263 1051 5337 [fronemus
1079 5267 1146 5322 ad
1179 5267 1527 5330 Clementina,
1560 5268 1790 5327 huiusce
1822 5266 1970 5323 Patr.
1999 5276 2042 5322 t.

470 5328 539 5392 11,
556 5328 747 5393 initio,
785 5329 942 5389 Ebt'l‘.

550 5402 662 5475 (liti)
689 5401 864 5475 Crot.,
893 5406 1029 5474 Opp.
1065 5415 1196 5460 tom.
1227 5406 1317 5468 lll,
1348 5422 1469 5475 pag.
1502 5406 1628 5461 488.

554 5472 663 5547 (ὖξὶ)
696 5471 1006 5547 Baron.,ad
1054 5492 1183 5547 ann.
1208 5478 1296 5542 5i,
1324 5471 1583 5547 §'cét.xxx
1627 5484 1848 5547 etccxcr
1871 5494 1889 5545 ;
1911 5493 2041 5534 ann.

486 5539 568 5605 11,
604 5539 631 5610 §
669 5559 725 5605 ι,
753 5558 881 5601 ann.
912 5546 1003 5611 Μ,
1048 5545 1074 5618 §
1136 5539 1297 5601 xxxvi
1322 5539 1493 5602 :vann.
1537 5547 1628 5611 51,
1678 5545 1705 5618 §
1743 5539 1886 5615 ι.ιιι;⁷
1912 5564 2041 5604 ann.

484 5609 604 5667 102.
654 5609 680 5677 ᾗ
714 5628 848 5669 ιιιι.

592 5649 604 5667 ο
654 5628 680 5669 ἢ
714 5628 848 5669 XX".

556 5679 667 5761 (δεῖ)
702 5680 975 5742 Bellarm..
1009 5686 1084 5740 De
1109 5690 1288 5761 script.
1320 5688 1468 5754 eccl.,
1495 5703 1617 5761 pag.
1642 5688 1732 5755 52,
1754 5696 1806 5744 et
1835 5688 1927 5743 lih.
1980 5703 2018 5741 ιι

480 5744 556 5800 De
593 5744 738 5805 Rom.
773 5764 941 5822 pont.,
974 5772 1092 5831 cap.
1115 5758 1170 5818 2.

2146 3245 2323 3301 Pineti
2380 3244 2607 3300 Ruinam
2642 3247 2870 3309 iturum,
2921 3261 3018 3315 per
3064 3245 3279 3299 litteras
3332 3244 3719 3299 humanissime

2144 3339 2401 3393 salutavit
2434 3339 2570 3410 (15),
2628 3338 2820 3409 gratiis
2874 3337 3053 3391 amico
3110 3336 3334 3400 habitis,
3371 3337 3528 3407 quod
3579 3334 3720 3393 sede

2143 3429 2350 3485 Graecis
2408 3429 2607 3485 litteris
2641 3429 2904 3485 attentius
2949 3428 3328 3498 perdiscendis
3357 3428 3719 3483 commonuis-

2145 3531 2248 3586 set,
2282 3532 2572 3591 postquam
2616 3520 2866 3573 Latinam
2912 3515 3149 3587 Operum
3206 3517 3381 3571 sancti
3436 3515 3718 3571 Clementis

2145 3613 2214 3668 ab
2244 3628 2303 3668 se
2332 3611 2651 3666 adornatam
2701 3608 3020 3673 editionem,
3076 3608 3146 3662 ad
3189 3607 3445 3661 eumdem
3475 3605 3716 3660 Ruﬁnum

2144 3702 2550 3757 transmiserat.
2592 3699 2689 3754 Vir
2710 3707 2936 3755 sanctus
2979 3706 3033 3753 et
3063 3696 3515 3753 modestissimus
3561 3698 3717 3767 impe-

2144 3794 2286 3847 ritiae
2314 3808 2426 3848 sua:
2453 3792 2662 3857 tribuit,
2692 3791 2836 3861 quod
2869 3789 3069 3843 alicubi
3112 3804 3335 3844 sensum
3364 3790 3543 3860 magis
3568 3804 3714 3858 quam

2143 3884 2330 3946 verba,
2363 3884 2567 3953 quippe
2623 3883 2690 3936 ab
2745 3895 2804 3935 se
2862 3896 2973 3935 non
3029 3881 3329 3945 intellecta,
3368 3879 3713 3933 converterit.

2148 3975 2253 4031 Sed
2282 3974 2572 4030 Paulinum
2606 3974 2783 4044 ipsum
2840 3974 3154 4043 loquentem
3201 3971 3493 4026 audiamus
3522 3987 3536 4023 :
3572 3969 3702 4024 Sane

2148 4068 2343 4139 inquit,
2376 4066 2513 4138 quod
2545 4067 2825 4121 admonere
2853 4064 3092 4135 dignaris
3133 4065 3325 4133 affectu
3351 4063 3469 4129 illo,
3504 4079 3602 4134 quo
3627 4076 3713 4113 nos

2144 4163 2278 4215 sicut
2303 4171 2350 4215 te
2375 4160 2578 4232 diligis,
2622 4169 2679 4213 ut
2722 4159 2957 4213 studium
3004 4158 3059 4209 in
3092 4155 3289 4211 Crwcis
3317 4156 3511 4211 litteris
3544 4165 3709 4209 atten-

2147 4256 2251 4308 tius
2282 4270 2511 4317 sumam,
2542 4252 2758 4306 libenter
2787 4250 2986 4320 accipio
3010 4264 3027 4301 :
3050 4248 3140 4302 sed
3167 4250 3381 4317 implere
3406 4266 3512 4303 non
3539 4247 3709 4307 valeo;

2146 4348 2250 4401 nisi
2282 4347 2418 4415 forte
2448 4345 2712 4400 desideria
2761 4360 2877 4396 mea
2926 4342 3143 4411 adjuvat
3172 4340 3454 4404 Dominus,
3507 4350 3563 4394 ut
3593 4340 3705 4393 diu-

2150 4438 2255 4491 tius
2284 4437 2550 4490 consortio
2608 4444 2696 4489 tuo
2740 4433 3007 4505 perfruar.
3063 4430 3209 4485 Nam
3238 4432 3499 4503 quomodo
3552 4430 3711 4500 profe-

2148 4539 2291 4582 ctum
2318 4544 2502 4597 capere
2552 4537 2731 4597 potero
2784 4525 3037 4580 sermonis
3071 4524 3255 4593 ignoti,
3287 4524 3337 4577 si
3372 4523 3507 4577 desit
3551 4540 3581 4575 ιι
3620 4537 3707 4591 quo

2148 4621 2395 4691 ignorata
2455 4620 2799 4674 condiscam.’
2856 4615 3025 4673 Credo
3078 4616 3218 4669 enim
3262 4615 3317 4667 in
3376 4615 3709 4669 translatione

2147 4715 2317 4768 sancti
2340 4711 2646 4775 Clementis,
2681 4720 2873 4782 prater
2901 4708 3037 4761 alias
3087 4706 3283 4778 ingenii
3328 4707 3430 4761 mei
3473 4705 3707 4775 defectio—

2217 4850 2331 4983 (57)
2361 4849 2517 4930 Bov.,
2544 4847 2764 4903 meat.
2796 4845 2864 4899 ad
2891 4843 3072 4899 Const.
3104 4852 3274 4910 opust.
3626 4910 3636 4921 .

2218 4923 2310 4983 (58
2362 4918 2601 4983 Victor.,
2635 4928 2767 4973 tom.
2796 4916 2862 4981 ll,
2893 4915 3087 4969 Retect.
3113 4929 3225 4979 ιιι,
3254 4911 3334 4968 De
3364 4922 3471 4968 art.
3503 4928 3636 4982 magi

2218 4911 2331 4988 (58)
2362 4911 2601 4985 Victdr.,
2635 4928 2767 4973 tom.
2796 4916 2862 4981 ll,
2893 4915 3087 4969 Retect.
3113 4929 3225 4979 ιιι,
3254 4911 3334 4968 De
3364 4922 3471 4968 art.
3503 4911 3701 4982 magia,

2249 5008 2374 5044 ιιν.

2150 4990 2176 5062 5
2211 5008 2562 5129 ῗέὂῖὗριιθτη
2602 5060 2656 5113 in
2695 5057 2902 5120 Genes.,
2937 5055 3033 5109 lib.
3077 5068 3139 5117 ιι,
3172 5059 3364 5124 quaest.
3411 5053 3466 5117 1,
3497 5065 3614 5123 pag.
3640 5048 3702 5101 ιθ

2144 5131 2273 5185 edit.
2309 5132 2332 5184 1
2369 5129 2528 5183 Rom.

2217 5201 2330 5269 (40)
2358 5200 2569 5265 Lorin.,
2600 5200 2655 5253 in
2684 5199 3009 5269 Act._apost.
3042 5209 3163 5269 cap.
3197 5209 3311 5253 ιιι,
3337 5191 3365 5263 §
3394 5207 3469 5269 ιιἶ

2218 5260 2329 5338 (At)
2360 5260 2568 5332 Serar.,
2624 5281 2752 5323 tom.
2806 5260 3093 5335 1,ὀριιεο.
3112 5260 3191 5318 ’άε
3228 5260 3420 5330 apost.,
3452 5260 3479 5329 §
3517 5274 3554 5323 ι,
3585 5271 3691 5327 pag.

2144 5340 2233 5405 27,
2262 5339 2390 5393 edit.
2421 5339 2657 5409 Mogunt.
2686 5339 2843 5392 1611.

2218 5410 2328 5475 (42)
2359 5409 2604 5474 Possev.,
2619 5411 2672 5463 in
2706 5412 2959 5477 Apparait.

2217 5473 2330 5549 (45)
2386 5473 2597 5542 Dried.,
2650 5473 2794 5549 tom.
2832 5476 3006 5549 IADe_
3035 5475 3163 5529 eccl.
3218 5473 3417 5549 dogm.,
3464 5476 3599 5539 part.
3642 5479 3689 5524 ν»

2146 5543 2239 5607 111).
2272 5567 2345 5611 Iv,
2377 5565 2497 5619 cap.
2528 5550 2583 5612 5,
2619 5549 2712 5603 fol.
2740 5545 2808 5619 Α,
2832 5547 2966 5619 edit_.
2989 5546 3194 5619 Lovan.
3223 5543 3381 5599 157%.

2240 5610 2339 5689 14)
2361 5610 2527 5689 Beda,
2565 5610 2732 5689 contr.
2763 5610 3502 5689 Jac._Fabr.,propos._103.

2240 5682 2331 5749 65)
2362 5682 2602 5748 Paulin..
2630 5688 2802 5757 Epist.
2850 5684 2943 5752 L6,
2978 5687 3050 5742 at.
3084 5682 3174 5752 47,
3198 5682 3347 5739 num.
3370 5682 3422 5736 Ξ.
