3890 6192
192 348 349 407 1105

1346 351 1912 411 RECOCNITIONES.
1948 386 2016 395 —
2046 356 2406 411 PROOMIIA.

3310 358 3448 416 1194

192 484 319 531 nes,
351 466 485 520 hanc
532 473 581 519 te
627 464 957 533 potissimum
1012 464 1288 533 imperitia:
1327 480 1455 521 mea:
1510 469 1781 536 penuriam
1812 478 1853 531 Α
1886 469 1973 523 cui
2006 469 2251 525 eamdem
2286 470 2402 539 ipse
2440 468 2829 540 spoponderat,
2856 468 3051 524 Brixiae
3083 470 3137 525 in
3161 471 3288 526 sede
3308 470 3451 527 Gau-

186 558 585 623 considerasse,
644 554 783 626 quod
833 555 1017 626 aliqua
1055 556 1109 609 in
1150 556 1336 626 quibus
1393 558 1678 627 intelligere
1702 560 1779 613 vel

183 652 488 721 exprimere
508 648 663 703 verba
689 665 792 702 non
822 649 987 718 potui,
1040 665 1195 703 sensu
1224 651 1397 719 potius
1436 651 1773 719 apprehenso,

184 742 272 797 vel
305 750 362 794 ut
389 742 561 795 verius
592 741 792 802 dicam,
858 740 1072 801 opinata
1112 739 1508 795 transtulerim:
1538 758 1639 812 quo
1662 758 1777 795 ma-

182 834 271 903 gis
296 848 420 902 egeo
454 830 823 885 misericordia
860 830 977 894 Dei,
1000 839 1057 882 ut
1079 830 1364 899 pleniorem
1395 830 1525 884 mihi
1584 832 1661 884 tui
1684 848 1773 886 co-

183 926 339 994 piam
372 923 612 987 tribuat;
638 924 762 993 quia
789 938 884 991 pro
913 921 1113 976 divitiis
1150 923 1250 976 erit
1281 923 1529 991 pauperi,
1588 932 1644 975 ut
1674 923 1774 976 mi-

183 1031 283 1068 ras
324 1030 358 1067 a
387 1014 568 1067 divitis
598 1030 778 1067 mensa
832 1012 1098 1075 cadentes,
1157 1014 1311 1067 arido
1341 1014 1572 1082 famelici
1597 1014 1770 1069 cordis

184 1120 283 1157 ore
310 1103 577 1173 colligere.
628 1101 704 1157 De
731 1102 1014 1157 Clemente
1066 1101 1314 1158 Romano
1362 1103 1649 1158 Paulinum
1680 1104 1770 1158 hic

184 1193 346 1262 loqui
373 1208 481 1246 non
507 1200 593 1248 est
615 1209 715 1248 cur
764 1195 1055 1264 quisquam
1084 1195 1295 1251 dubitet
1338 1212 1460 1251 cum
1485 1196 1768 1252 Ileriberto

187 1282 523 1357 Rosweydo.
574 1283 687 1339 Suo
733 1286 880 1340 enim
920 1287 967 1340 is
1009 1286 1230 1341 nomine
1284 1287 1353 1341 ab
1395 1286 1767 1345 Alexandrino

186 1377 451 1445 aliisque,
486 1377 629 1447 apud
657 1385 869 1432 veteres
893 1379 1333 1433 antonomastice
1375 1394 1433 1435 se
1461 1379 1766 1451 distingue-

182 1469 306 1526 bat.
326 1467 579 1532 Ruﬁnus,
611 1469 703 1539 qui
729 1468 1100 1525 Clementinas
1114 1468 1507 1541 Recognitiones
1524 1472 1577 1525 in
1592 1473 1763 1529 libros

183 1577 221 1615 ι
244 1561 538 1616 distinctas
593 1576 699 1615 una
727 1576 850 1616 cum
888 1561 1010 1617 aliis
1052 1562 1191 1618 bene
1237 1564 1422 1619 multis
1450 1562 1761 1621 Graecorum

182 1652 477 1707 codicibus
515 1667 583 1706 ex
631 1652 853 1708 Oriente
903 1668 1089 1709 secum
1146 1656 1425 1723 attulerat,
1468 1657 1524 1712 in
1552 1656 1762 1713 Italiam

184 1744 385 1809 redux,
415 1743 647 1799 Paulino
709 1744 908 1814 hospiti
958 1732 1399 1815 interpretandas
1453 1750 1764 1804 commoda-

182 1844 366 1891 verat.
428 1835 533 1892 Sed
588 1835 853 1892 Paulinus
901 1836 1407 1907 interpretationem
1463 1855 1772 1911 aggressus,

184 1928 441 1983 ultimam
464 1928 516 1983 ei
540 1943 760 1983 manum
786 1943 1132 1999 nequaquam
1170 1930 1456 2001 imposuit,
1488 1934 1635 2003 quod
1658 1932 1775 1988 Ru-

186 2020 339 2075 ﬁnus
364 2034 431 2074 ex
463 2021 764 2091 specimine
796 2022 865 2075 ad
898 2037 957 2077 se
1005 2022 1213 2088 misso,
1241 2039 1361 2078 eam
1399 2025 1584 2081 minus
1611 2040 1779 2081 accu-

184 2120 309 2168 rate
332 2111 643 2169 confectam
696 2112 1170 2183 deprehendisset,
1221 2123 1473 2171 sanctum
1501 2117 1681 2173 virum
1705 2126 1765 2172 ut

184 2204 374 2274 majus
409 2204 652 2259 studium
683 2204 740 2259 in
764 2203 969 2261 Gmcis
1017 2206 1214 2262 litteris
1242 2217 1487 2277 poneret,
1516 2210 1775 2267 benevole

185 2296 461 2352 hortatus.
479 2296 604 2351 Ilaec
633 2299 815 2353 omnia
838 2298 997 2353 nobis
1020 2299 1199 2369 prodit
1216 2298 1496 2355 Paulinus.
1518 2298 1747 2373 Roswey
1763 2330 1780 2342 -

183 2384 295 2441 dus
319 2395 503 2440 monet
532 2386 588 2441 in
619 2389 786 2455 notis,
816 2388 1066 2459 Ruﬁnum
1097 2390 1175 2444 vel
1202 2389 1491 2445 Paulinum
1515 2392 1768 2463 interpre-

186 2477 443 2531 tationem
462 2478 828 2548 interpolasse,
862 2480 940 2535 vel
982 2479 1047 2535 de
1087 2498 1215 2535 novo
1265 2480 1619 2538 Clementinos
1647 2485 1772 2538 illos

186 2571 428 2626 vertisse.
465 2571 558 2627 Vir
584 2573 779 2628 doctus
812 2573 867 2627 in
897 2588 957 2628 re
988 2574 1137 2626 clara
1186 2573 1389 2629 haerere
1422 2592 1531 2631 non
1562 2576 1769 2632 debuit.

190 2660 307 2716 Hoc
329 2662 475 2717 enim
505 2667 781 2733 posterius
830 2665 1200 2721 certissimum
1255 2673 1359 2722 cst.
1415 2666 1601 2739 Neque
1622 2667 1772 2725 Ruﬁ-

186 2771 299 2811 nus
323 2757 555 2810 alienam
584 2757 1116 2827 interpretationem,
1150 2765 1205 2812 et
1234 2760 1302 2813 ab
1348 2776 1406 2817 se
1430 2776 1539 2815 non
1572 2762 1772 2831 proba-

187 2854 326 2910 tam,
359 2847 464 2901 sibi
494 2855 832 2917 usurpasset.
866 2847 1019 2903 Hanc
1053 2847 1340 2921 Roswcydi
1376 2852 1769 2910 dubitationem

188 2938 327 2993 illud
360 2940 493 2993 satis
522 2942 801 3006 convellit,
842 2941 987 3011 quod
1028 2940 1314 3008 Paulinus.
1347 2944 1527 3014 aliqua
1555 2949 1608 3000 in
1653 2949 1770 3017 qui-

191 3028 290 3083 bus
322 3029 612 3100 intelligere
670 3030 825 3083 verba
883 3047 986 3085 non
1029 3034 1219 3099 potuit,
1267 3050 1423 3088 sensu
1472 3036 1647 3103 potius
1676 3051 1771 3106 ap.

188 3122 444 3191 prehenso
474 3137 534 3177 se
588 3122 823 3177 vertisse
877 3123 1042 3178 dicat.
1080 3123 1310 3179 Rulinus
1359 3141 1510 3190 vero,
1547 3144 1650 3181 non
1678 3144 1767 3180 so-
1794 3155 1834 3211 ο

192 3212 303 3267 lum
327 3230 359 3266 a
389 3215 679 3278 sententiis,
734 3214 824 3268 sed
863 3231 955 3268 nec
983 3233 1015 3269 α
1042 3216 1366 3271 sermonibus
1395 3216 1603 3287 quidem
1635 3219 1765 3273 satis

188 3308 692 3377 elocutionibusque,
721 3323 779 3361 se
802 3307 1128 3364 discessisse
1152 3310 1438 3379 proﬁtetur
1464 3330 1476 3366 :
1509 3327 1627 3381 qua:
1657 3328 1761 3375 res,

191 3399 392 3470 inquit,
423 3400 659 3470 quamvis
689 3400 865 3453 minus
898 3410 1145 3455 ornatum
1172 3442 1186 3465 ,
1219 3402 1384 3472 magis
1413 3414 1584 3457 tamen
1615 3402 1769 3472 ﬁdele

190 3493 522 3549 narrationis
552 3492 724 3547 reddit
753 3493 1037 3564 eloquium.

262 3583 328 3639 ν.
348 3582 577 3639 Ruﬁnus
629 3584 777 3639 hunc
822 3599 935 3641 sua:
988 3583 1339 3639 Clementinte
1387 3584 1765 3640 translationis

187 3678 433 3733 laborem
485 3686 826 3746 susceperat,
876 3688 1100 3747 rogatus
1149 3676 1279 3732 olim
1322 3690 1353 3729 a
1384 3686 1572 3732 sancta
1596 3676 1764 3733 Silvia

186 3768 420 3835 virgine,
449 3782 609 3836 quam
635 3764 899 3822 Paulinus
954 3767 1140 3821 laudat
1191 3767 1441 3822 scribens
1495 3768 1563 3823 ad
1599 3767 1765 3825 Seve-

187 3873 310 3913 rum
345 3857 481 3928 (46),
510 3872 628 3912 eam
652 3865 906 3922 testatus,
956 3858 1242 3912 multorum
1284 3874 1348 3912 ea:
1382 3857 1592 3913 Oriente
1620 3878 1765 3913 mar-

190 3958 366 4019 tyrum
392 3950 652 4019 reliquias
680 3951 736 4004 in
766 3947 975 4004 Italiam
997 3949 1341 4006 convexisse.
1377 3950 1452 4006 De
1481 3951 1573 4005 illa
1606 3950 1761 4005 Ruﬁ-

188 4057 296 4097 nus
328 4041 383 4095 in
414 4042 641 4112 prologo
693 4042 876 4112 operis
923 4040 1250 4096 Clementini
1302 4042 1370 4097 ad
1399 4040 1761 4099 Gaudentium

186 4133 507 4187 Brixianum
551 4134 914 4204 episc0pum:
970 4130 1106 4198 Nos,
1164 4134 1366 4205 inquit,
1414 4152 1544 4206 quos
1598 4146 1648 4191 et
1680 4137 1761 4190 in-

187 4229 323 4299 genii
354 4228 583 4281 tenuitas
606 4228 779 4281 minus
800 4237 1087 4296 promptos,
1117 4236 1168 4280 et
1195 4236 1402 4281 senecta
1432 4229 1549 4298 jam
1582 4228 1761 4283 tardos

189 4317 360 4371 reddit
384 4334 446 4371 ac
467 4334 668 4387 segnes,
688 4333 814 4386 opus
837 4317 974 4388 quod
1004 4317 1129 4371 olim
1159 4318 1464 4373 veneranda:
1499 4320 1762 4373 memoria:
1792 4383 1800 4390 _

189 4408 358 4464 Silvia
378 4407 705 4476 injunxerat,
759 4416 817 4459 ut
854 4406 1169 4460 Clementem
1202 4416 1397 4460 nostra:
1428 4406 1621 4477 lingua:
1643 4407 1761 4460 red-

1881 561 2049 615 dentii
2082 561 2226 616 diem
2277 562 2526 625 obiisset,
2585 562 2678 616 ubi
2726 561 2845 631 ejus
2900 577 3101 633 corpus
3132 564 3363 633 quiescit
3392 564 3449 619 in

1877 652 1991 708 aede
2022 651 2207 707 Sancti
2236 651 2537 717 Laurentii,
2563 652 2931 723 recoliturque
2972 654 3231 707 memoria
3269 654 3356 708 die
3380 654 3449 709 15

1879 741 2192 797 Decembris
2224 740 2359 812 (47).
2387 740 2687 809 Palladius,
2705 742 2799 812 qui
2833 741 2892 796 in
2921 740 3164 795 Historia
3184 740 3450 798 Lausiaca

1874 845 1935 887 se
1987 845 2114 885 cum
2173 830 2339 886 Silvia
2389 840 2459 881 ιιι
2514 845 2692 885 annos
2751 840 2943 901 agente
2990 828 3285 901 Egyptum
3346 844 3445 900 pe-

1876 921 2030 976 tiisse
2076 929 2307 976 testatur
2346 920 2494 992 (18),
2530 918 2801 987 Salvium,
2842 920 2977 974 alias
3024 916 3353 984 Silvaniarii,
3392 926 3447 972 et

1876 1012 2056 1082 Ruﬁni
2084 1012 2416 1081 eas-praefecti
2463 1028 2696 1067 sororem
2748 1020 2926 1066 vocat.
2964 1009 3022 1063 In
3060 1009 3230 1065 veteri
3263 1016 3447 1064 tamen

1878 1103 2122 1175 ejusdem
2172 1103 2431 1159 Historia:
2476 1119 2590 1160 suae
2634 1103 2913 1169 versione,
2968 1117 3092 1173 qua:
3148 1100 3448 1157 Paradisus

1874 1195 2176 1251 Heraclidis
2208 1194 2547 1257 inscribitur,
2599 1206 2710 1246 non
2740 1189 3037 1245 Silvaniam
3067 1205 3160 1244 aut
3187 1187 3445 1251 Saluiam.

1868 1288 1964 1344 sed
1994 1286 2216 1344 Silviam
2260 1287 2394 1341 dicit
2442 1284 2579 1357 (19).
2608 1282 2848 1354 Uterque
2893 1297 3060 1348 vero,
3091 1281 3368 1337 Palladius
3396 1292 3449 1336 et

1867 1381 2207 1446 Heraclides,
2236 1380 2394 1435 initio
2425 1379 2621 1451 capitis
2669 1376 3056 1448 subsequentis
3096 1377 3155 1431 ll.
3209 1390 3294 1430 cc.
3348 1390 3448 1428 au-

1866 1481 1987 1527 ctor
2015 1481 2121 1537 est,
2157 1479 2406 1527 sanctam
2436 1469 2811 1541 Olympiadem
2857 1467 3105 1526 ecclesiae
3137 1464 3244 1521 (ΞΡ.
3269 1464 3454 1520 diaco-

1868 1569 2101 1631 nissam,
2155 1563 2336 1620 Silviae
2394 1564 2644 1634 egregias
2697 1563 2932 1617 virtutes
2990 1560 3095 1616 sibi
3149 1557 3446 1613 imitandae

1871 1657 2250 1729 proposuisse.
2283 1656 2460 1710 Tanta
2515 1654 2775 1709 nimirum
2813 1652 2996 1707 Silviae
3028 1651 3131 1706 fuit
3175 1648 3447 1705 claritudo

1873 1760 1927 1807 et
1953 1751 2098 1806 tanta
2126 1751 2458 1813 sanctitatis,
2503 1756 2565 1803 ut
2588 1749 2710 1804 aliis
2754 1748 2808 1803 in
2853 1746 3159 1816 exemplum
3192 1743 3443 1799 daretur!

1877 1844 2217 1900 Vocabulum
2262 1841 2615 1911 ex-prtefecti,
2664 1840 2851 1895 Graece
2894 1837 2988 1891 τοῦ
3018 1836 3124 1891 ἀπὸ
3168 1836 3447 1907 ἐπάρχων,

1876 1952 1988 1992 non
2026 1944 2111 1993 est
2132 1950 2232 1991 cur
2259 1932 2640 1989 Tillemontius
2691 1930 2759 1986 ad
2789 1937 3004 1999 tempus
3034 1927 3246 1982 itineris
3270 1925 3448 1980 Palla-

1875 2030 1952 2085 dii
1975 2043 2101 2084 cum
2130 2027 2299 2084 Silvia
2338 2028 2394 2082 in
2442 2024 2760 2097 ABgyptum,
2808 2023 2923 2079 sive
2962 2022 3031 2076 ad
3086 2035 3290 2074 annum
3319 2019 3446 2082 588,

1875 2119 2224 2178 referendum
2271 2119 2420 2174 dicat
2450 2118 2587 2190 (50),
2625 2132 2749 2172 cum
2795 2130 2921 2171 vere
2950 2113 3016 2167 ad
3063 2127 3265 2168 annum
3314 2110 3445 2174 49.0,

1875 2226 1985 2282 quo
2037 2210 2315 2267 scribebat
2356 2208 2652 2271 Palladius,
2706 2205 2899 2261 referri
2950 2204 3163 2260 debeat.
3216 2201 3447 2257 Ruﬁnus

1874 2304 2042 2368 enim,
2068 2300 2251 2357 Silviae
2281 2301 2469 2365 frater,
2486 2309 2541 2356 et
2556 2298 2848 2371 praefectus
2876 2297 3130 2368 praetorio
3156 2296 3211 2349 in
3227 2293 3450 2349 Oriente

1875 2394 1979 2449 sub
2005 2393 2240 2449 Arcadio
2273 2394 2541 2463 Augusto,
2592 2390 2852 2445 aﬁ'ectatae
2904 2385 3211 2455 tyrannidis
3256 2398 3448 2455 ptenas

1875 2486 1974 2540 luit
1993 2484 2496 2555 Constantinopoli,
2532 2499 2565 2538 v
2594 2478 2716 2536 Kal.
2751 2478 3096 2543 Decembris,
3142 2494 3196 2533 a.
3236 2474 3294 2532 d.
3320 2476 3445 2539 595,

1874 2577 2118 2650 adeoque
2149 2585 2274 2649 post
2324 2591 2527 2631 annum
2558 2574 2685 2639 588,
2721 2589 2790 2629 ex
2841 2571 3205 2637 Philostorgio
3253 2568 3364 2641 (51)
3394 2573 3453 2624 et

1871 2684 1940 2728 es
1969 2668 2196 2725 Socrate
2226 2666 2571 2740 (52).Ruﬁno
2596 2665 2767 2721 fratre
2811 2663 3050 2726 sublato,
3087 2659 3261 2716 Silvia
3291 2673 3452 2714 soror

1874 2763 1925 2817 in
1956 2762 2162 2818 Italiam
2196 2761 2431 2831 trajecit,
2460 2759 2553 2814 ubi
2578 2758 2768 2813 aderat
2798 2772 2941 2810 anno
2977 2754 3103 2820 598,
3124 2771 3190 2810 ex
3219 2752 3451 2808 Paulino

1873 2852 2007 2926 (55).
2043 2852 2158 2909 IIoc
2184 2853 2332 2908 enim
2380 2867 2526 2906 anno
2566 2859 2692 2921 post
2749 2847 2948 2903 festum
2964 2848 3288 2901 Sanctorum
3316 2858 3447 2914 apo-

1872 2947 2139 3002 stolorum
2167 2943 2315 3000 Petri
2349 2951 2403 2999 et
2424 2942 2603 3008 Pauli,
2659 2948 2718 2994 ut
2753 2939 2994 2994 diximus
3042 2937 3153 3009 (54)
3177 2936 3442 2991 Paulinus

1871 3036 2147 3092 Victorem
2183 3037 2239 3091 in
2284 3034 2637 3106 Aquitaniam
2669 3032 2736 3086 ad
2767 3029 3029 3086 Severum
3057 3028 3267 3083 dimisit
3321 3042 3448 3083 cum

1870 3128 2029 3181 citata
2050 3126 2277 3197 epistola
2310 3126 2398 3187 51,
2426 3127 2514 3178 cui
2536 3137 2634 3193 pro
2656 3120 3073 3177 consecratione
3106 3133 3259 3173 nowe
3294 3116 3447 3185 basi-

1870 3219 1987 3274 lica:
2011 3217 2217 3273 addidit
2245 3215 2569 3287 particulam
2597 3214 2963 3269 sanctissima:
3010 3210 3217 3274 crucis,
3240 3224 3307 3262 ex
3336 3207 3447 3263 Μαι

1868 3310 2013 3368 lania
2042 3310 2407 3379 impetratam.
2436 3306 2543 3362 Sed
2576 3321 2686 3361 non
2737 3305 2812 3359 ita
2844 3302 3051 3359 addidit
3081 3316 3268 3357 sacros
3297 3301 3449 3355 uinco

1868 3417 1956 3457 res
1983 3417 2013 3455 a
2040 3401 2243 3457 Severo
2272 3401 2564 3470 expetitos,
2605 3398 2805 3469 quibus
2856 3411 3045 3451 carere
3072 3409 3133 3450 se
3162 3393 3323 3449 dixit.
3349 3391 3448 3448 Vi-

1867 3501 2074 3550 ctorem
2117 3501 2299 3548 tamen
2330 3493 2427 3558 ait,
2460 3509 2603 3562 spem
2647 3490 2882 3561 ejusdem
2937 3488 3126 3559 gratite
3178 3487 3447 3555 copiosam

1866 3583 2054 3639 habere
2106 3602 2138 3638 a
2189 3593 2378 3638 sancta
2433 3588 2628 3648 Silvia,
2668 3598 2785 3653 qua:
2841 3580 2923 3634 illi
2971 3580 3034 3634 de
3078 3580 3365 3634 multarunt
3390 3579 3446 3632 in

1868 3675 2081 3730 Oriente
2127 3684 2421 3745 martyrum
2461 3674 2700 3744 reliquiis
2750 3671 3132 3741 spopondisset.
3166 3670 3307 3740 Ergo
3336 3667 3446 3724 Sil-

1864 3766 1951 3821 via
1970 3780 2036 3820 ex
2064 3763 2285 3820 Oriente
2322 3764 2377 3818 in
2422 3763 2635 3817 Italiam
2666 3760 2733 3816 ad
2770 3761 2905 3815 illud
2955 3768 3172 3829 tempus
3203 3768 3445 3813 reverte-

1862 3865 1967 3912 rat.
1995 3856 2108 3912 Ilac
2136 3872 2264 3912 vero
2290 3856 2435 3911 circa
2465 3856 2624 3911 linem
2656 3855 2841 3910 saeculi
2896 3869 2947 3907 tv
2992 3852 3190 3907 Brixiae
3222 3851 3444 3906 demor-

1863 3960 1978 4015 tua,
2018 3948 2358 4005 Gaudentius
2390 3950 2543 4005 urbis
2588 3948 2883 4018 episcopus
2923 3946 3045 4016 jure
3085 3943 3428 4000 hiereditsrio

1863 4043 2240 4099 Clementinas
2272 4042 2665 4113 Recognitiones
2720 4040 2995 4111 poposcit,
3039 4054 3179 4109 quas
3209 4036 3443 4093 Ruﬁnus

1863 4144 2054 4190 noster
2108 4134 2290 4190 Silvia:
2348 4135 2551 4188 viventi
2601 4133 2810 4203 pridem
2853 4132 3243 4202 spoponderat.
3293 4127 3441 4183 Idem

1864 4227 2094 4284 Ruﬁnus
2140 4228 2243 4283 sub
2276 4230 2435 4281 tinem
2492 4223 2860 4297 perorationis
2916 4221 3439 4278 commentariorum

1863 4316 2114 4387 Origcnis
2147 4319 2201 4372 in
2228 4317 2380 4371 Pauli
2412 4314 2710 4387 Epistolam
2741 4315 2806 4368 ad
2847 4313 3146 4378 Romanos,
3175 4313 3263 4367 bis
3314 4327 3441 4366 ver-

1865 4409 1949 4463 bis
1982 4409 2140 4463 ﬁdem
2165 4423 2319 4463 suam
2365 4406 2672 4461 Gaudentio
2724 4390 3100 4475 obligaverat:
3161 4401 3291 4456 Post
3342 4402 3437 4455 hoc

187 4498 450 4562 deremus,
475 4507 526 4551 et
563 4509 618 4550 tu
676 4496 917 4564 deinceps
943 4496 1065 4564 jure
1105 4494 1441 4550 hazreditario
1486 4498 1757 4567 poscebas,
1798 4514 1834 4567 ο
1862 4517 1991 4554 sane
2018 4510 2167 4553 vocat
2222 4516 2316 4552 nos
2358 4514 2508 4567 opus,
2551 4496 2688 4567 quod
2722 4497 2850 4550 olim
2903 4494 3111 4566 quidem
3140 4494 3437 4562 injunctum

192 4588 311 4643 licet
366 4588 562 4642 multas
591 4600 705 4655 post
738 4603 937 4651 moras,
988 4594 1163 4639 tamen
1213 4587 1499 4656 aliquando
1525 4590 1759 4643 restitui-

190 4696 327 4733 mus.
361 4678 610 4733 Pra'dam
660 4696 764 4732 non
817 4694 1056 4746 parvam,
1106 4679 1409 4734 Grtrcorum
1437 4679 1758 4734 bibliothecis

188 4779 440 4838 ereptam,
473 4777 773 4823 nostrorum
819 4770 999 4823 usibus
1045 4778 1095 4822 et
1124 4769 1441 4823 utilitatibus
1488 4778 1761 4823 converta—

191 4877 329 4923 mus,
399 4869 457 4913 ut
514 4876 643 4930 quos
686 4862 916 4930 propriis
964 4878 1065 4914 non
1124 4875 1422 4929 possumus,
1471 4860 1757 4931 peregrinis

190 4953 485 5008 nutriamus
528 4952 815 5006 alimentis.
850 4950 993 5005 Nam
1025 4960 1073 5006 et
1127 4952 1296 5006 solent
1326 4954 1569 5006 suaviora
1594 4953 1759 5007 videri

188 5046 481 5115 peregrina,
512 5043 773 5097 interdum
805 5053 854 5098 et
914 5045 1151 5099 utiliora.
1208 5044 1297 5097 Ait
1331 5043 1581 5109 Ruﬁnus,
1612 5042 1758 5097 Gau-

190 5138 430 5193 dentium
478 5135 817 5190 hazreditario
863 5136 984 5206 jure
1035 5136 1104 5189 ab
1160 5152 1220 5191 se
1266 5136 1584 5206 poposcisse
1612 5136 1756 5190 hanc

191 5226 630 5293 translationem,
664 5235 949 5298 propterea
984 5228 1131 5298 quod
1165 5235 1354 5283 sancta
1387 5225 1555 5282 Silvia
1578 5228 1752 5299 virgo,

269 5382 381 5453 (l6)
410 5380 591 5446 Paul.,
617 5382 783 5453 epist.
811 5382 901 5445 51,
932 5381 1003 5453 ali.
1037 5382 1123 5436 11.

188 5450 369 5594 wgf];
395 5450 685 5577 5Bollandi,
745 5452 868 5507 Act.
922 5451 1022 5507 SS.
1070 5452 1265 5523 April.,
1315 5459 1449 5507 tom.
1484 5450 1575 5518 III,
1626 5466 1750 5525 pag.

259 5590 373 5732 ἕω)
410 5593 651 5659 Pallad.,
696 5592 839 5647 Hist.
865 5590 1054 5657 Laus.,
1083 5608 1204 5663 cap.
1236 5592 1358 5648 142.

281 5664 368 5732 19)
394 5664 599 5718 Parad.
662 5662 902 5729 Heracl.,
933 5680 1054 5732 cap.
1091 5664 1182 5728 42,
1214 5679 1334 5732 pag.

259 5659 368 5733 (49)
394 5664 599 5718 Parad.
662 5662 902 5729 Heracl.,
933 5680 1054 5734 cap.
1091 5659 1182 5728 Η,
1214 5679 1334 5735 pag.
1366 5659 1501 5728 97⁸7,
1532 5662 1663 5719 edit.
1693 5663 1749 5732 2,

188 5731 471 5791 Roswevd.

265 5794 641 5874 (50)'Tillem.,
669 5805 830 5861 Hem.
860 5803 1010 5871 eccl.,
1041 5813 1174 5862 tom.
1218 5803 1312 5874 XI,
1347 5820 1469 5878 pag.
1501 5803 1626 5865 659.

501 5900 775 5962 Parnm.
821 5900 937 5961 Gn.
978 5900 1027 5962 Ι.

1862 4602 1939 4645 est
2007 4592 2059 4660 (a
2090 4589 2301 4660 Silvia).
2355 4589 2459 4645 Sed
2509 4604 2647 4642 nunc
2701 4589 2843 4659 (post
2887 4586 3069 4640 Silvia:
3116 4584 3370 4655 mortem)
3402 4602 3435 4637 a

1862 4682 2012 4735 beato
2060 4680 2655 4749 Gaudentiorepiscopo
2702 4678 3048 4734 vehementius
3104 4688 3431 4747 perurgctur,

1861 4771 2141 4827 Clementis
2172 4770 2369 4825 scilicet
2394 4770 2617 4825 Romani
2658 4767 2903 4838 episcopi,
2932 4769 3294 4837 apostolorum
3344 4784 3435 4820 co-

1860 4865 2003 4917 mitis
2028 4879 2047 4917 :
2068 4879 2291 4934 quorum
2318 4872 2375 4916 ut
2416 4860 2805 4916 successoribus
2843 4860 3026 4914 darent
3065 4860 3430 4930 cognitionem,

1859 4953 1983 5008 libri
2010 4970 2043 5007 a
2073 4953 2221 5007 nobis
2243 4954 2298 5007 in
2329 4952 2579 5008 Latinum
2613 4962 2902 5008 vertuntur.

1928 5041 2271 5114 Rosweydus
2324 5044 2379 5097 in
2410 5044 2557 5099 notis
2613 5043 2683 5098 ad
2734 5042 2950 5098 Paulini
3000 5043 3286 5113 epistolam
3339 5040 3430 5107 47,

1857 5148 1977 5203 quae
2008 5133 2063 5187 in
2093 5148 2233 5188 nova
2262 5133 2500 5189 editione
2546 5141 2631 5189 est
2658 5133 2748 5199 46,
2808 5142 3039 5204 postque
3065 5148 3189 5190 eum
3221 5131 3430 5188 Cotele—

1857 5228 1974 5281 rius
2028 5227 2092 5283 ad
2125 5226 2555 5297 Recognitiones,
2606 5243 2759 5297 aeque
2804 5229 3072 5299 ancipites
3100 5234 3247 5291 sunt,
3287 5223 3430 5279 Gau-

1932 5382 2042 5451 (st)
2097 5380 2469 5453 Philostorg-,
2528 5382 2622 5439 lib.
2687 5399 2773 5449 ιι,
2819 5398 2939 5453 cap.
2999 5385 3065 5449 δ,
3130 5382 3263 5440 edit.
3322 5378 3428 5437 Go-

1856 5452 2023 5506 thofr.
2388 5452 2395 5453 ί

1928 5521 2039 5592 (52)
2072 5520 2310 5592 Socrat.,
2337 5522 2433 5577 lib.
2468 5540 2523 5587 v,
2550 5538 2672 5592 cap.
2704 5524 2763 5579 I.

1952 5592 2040 5654 55)
2089 5591 2329 5657 Paulin.,
2355 5593 2527 5657 Epist.
2565 5591 2656 5656 51.
2692 5595 2765 5649 al.
2795 5594 2878 5649 ll.

1952 5661 2041 5726 54)
2070 5660 2325 5725 Fontan.,

1928 5662 2041 5731 (54)
2070 5662 2325 5725 Fontan.,
2362 5662 2505 5719 Hist.
2565 5662 2753 5721 Litter.
2804 5665 3009 5735 Aquil.,
3056 5663 3154 5720 lib.
3190 5678 3264 5729 tv,
3296 5675 3413 5733 cap.

1854 5730 1908 5801 5,
1942 5730 2081 5803 ειη,
2126 5748 2247 5806 pag.
2286 5733 2403 5789 194.

1894 5774 1908 5801 ’
1942 5769 2081 5803 'Ill’
2127 5769 2247 5803 γωδ.
2290 5769 2403 5789 Ιυτι

3029 5898 3108 5960 38
