3890 6192
443 376 584 433 “95

440 493 618 548 dentio
661 488 923 543 Brixiano
978 481 1240 551 episcopo,
1305 489 1376 525 an

442 583 573 640 illud
605 592 743 652 opus
770 549 1134 643 inscripserit.
1178 568 1297 621 Alio
1323 564 1456 619 abiit
1496 561 1707 631 primus
1746 552 1871 608 libri
1894 549 2015 604 vul-

444 687 600 749 gator
630 643 869 729 lacobus
900 667 1076 721 Faber
1117 657 1485 730 Stapulensis,
1523 648 1878 707 Gaudentium
1908 643 2023 713 glo-

444 772 646 825 riosum
698 763 897 821 Christi
957 766 1247 826 martyrem
1294 750 1495 821 pariter
1549 756 1599 799 et
1638 740 2023 796 Ariminensem

443 865 741 933 episcopum
786 870 898 927 prze
924 852 1100 907 oculis
1120 845 1335 901 habens
1362 864 1376 898 :
1400 841 1493 912 qui
1541 846 1726 892 tamen
1759 832 1863 889 sub
1886 829 2025 885 Con-

445 956 649 1013 stantio
666 952 932 1019 Augusto,
966 950 1119 999 tanto
1148 945 1294 1002 ante,
1332 950 1430 1006 pro
1455 931 1677 988 Christo
1703 923 2023 994 sanguinem

447 1048 684 1105 fuderat.
714 1016 879 1096 Varie
902 1037 1074 1093 variis
1104 1034 1208 1089 hoc
1238 1037 1399 1102 pacto
1441 1036 1649 1082 serram
1671 1016 2023 1076 ducentibus,

446 1151 651 1213 quanto
675 1136 870 1192 melius
900 1131 1069 1185 David
1093 1124 1410 1181 Blondellus
1462 1119 1530 1175 de
1578 1111 1848 1171 Brixiensi
1908 1119 2028 1162 om-

447 1197 581 1287 iiino
643 1226 911 1283 intellexit
953 1220 1095 1293 (55)!
1161 1213 1425 1270 Ruﬁnum
1478 1211 1532 1264 in
1590 1203 1907 1277 praefatione
1962 1197 2028 1252 ad

447 1320 810 1378 Gaudentium
836 1317 941 1370 hoc
971 1313 1175 1368 diserte
1205 1304 1652 1376 comprobantem
1690 1295 1980 1353 audiamus
2012 1311 2025 1345 :

452 1412 570 1471 Tibi
600 1411 811 1485 quidem
835 1402 1119 1468 Gaudenti,
1170 1406 1486 1455 nostrorum
1513 1394 1670 1448 decus
1702 1391 1904 1460 insigne
1932 1386 2031 1442 do—

449 1517 686 1568 ctorum,
746 1509 925 1555 tantus
982 1490 1181 1567 ingenii
1241 1494 1404 1563 vigor,
1461 1486 1567 1541 into
1624 1494 1776 1539 tanta
1814 1480 2031 1550 spiritus

455 1599 631 1671 gratia
660 1602 768 1653 est,
791 1600 867 1648 ~ut
904 1590 949 1642 si
984 1585 1108 1657 quid
1141 1601 1172 1637 a
1207 1593 1256 1636 te
1290 1581 1449 1633 etiam
1488 1573 1790 1647 quotidiani
1826 1570 2027 1639 eloquii

457 1720 600 1757 more
631 1699 863 1761 dicitur;
892 1696 939 1747 si
966 1691 1092 1763 quid
1122 1693 1178 1743 in
1218 1685 1445 1741 ecclesia
1485 1681 1841 1739 declamatur,
1881 1676 1936 1729 id
1972 1675 2028 1727 in

1301 355 1359 410 S.
1400 342 1858 407 CLEMENTISI
1898 337 2068 394 ROM.
2111 330 2315 389 RON'I'.
2356 326 2586 383 OPERA
2614 320 2840 378 DUBIA.

1430 464 1749 523 Novariensi
1793 458 2027 513 Ruﬁnus
2057 464 2100 518 Α
2133 453 2387 518 superest
2442 441 2715 497 dubitatio
2768 438 2902 507 quin
2939 430 3264 487 Gaudentius
3309 424 3584 496 episcopu
3612 421 3697 476 cui

3558 301 3694 362 ωε

2125 514 2359 596 Ruﬁnus
2408 536 2725 592 Clementem
2781 544 2944 587 suum
2992 520 3355 593 nuncupavit,
3390 519 3552 573 fuerit
3575 514 3699 569 Bri-

2124 633 2338 689 xianus.
2373 642 2481 680 non
2510 624 2669 677 alius.

2198 721 2283 775 VI.
2314 719 2438 774 Haec
2467 718 2643 773 fusius
2676 717 3003 786 prosecutus
3038 722 3158 762 sum
3201 711 3419 775 propter
3448 696 3705 754 doctissi-

2128 830 2251 869 mos
2271 813 2440 875 viros,
2473 809 2685 863 Sixtum
2723 805 3018 859 Senensem
3043 799 3155 870 (57)
3184 806 3239 852 et
3266 794 3565 849 Robertum
3589 788 3705 843 Bel-

2126 907 2416 961 larminum
2442 902 2555 975 (58)
2596 896 2961 955 venerabilem
3003 889 3355 953 cardinalem,
3389 884 3485 956 qui
3526 878 3703 934 Ruﬁni

2128 971 2500 1069 praefationem
2531 971 2599 1046 ad
2625 986 2991 1044 Gaudentium
3028 996 3128 1052 pro
3155 975 3527 1034 commentitia
3550 971 3708 1025 nimis

2128 1059 2356 1159 propere
2397 1084 2729 1139 habuerunt.
2776 1072 3095 1131 Bellarmini
3135 1068 3407 1140 proferam
3451 1059 3707 1118 verbaob

2129 1152 2365 1250 glossam
2410 1189 2574 1245 quam
2626 1170 2877 1224 Labbeus
2920 1165 3028 1219 illis
3079 1158 3357 1215 adnectit:
3390 1153 3542 1208 Sicut
3589 1152 3709 1215 ipse

2131 1243 2555 1340 Recognitiones
2578 1262 2717 1332 [also
2745 1260 2972 1328 fortasse
2995 1253 3298 1308 tribuuntur
3320 1243 3612 1306 Clementi,
3639 1243 3710 1295 ita

2129 1335 2418 1421 etiam'non
2452 1368 2529 1413 est
2560 1351 2867 1410 incredibile
2890 1348 3027 1419 falso
3068 1345 3179 1399 illis
3221 1341 3530 1409 adjunctam
3553 1335 3710 1404 fuisse

2132 1454 2497 1528 praefationem
2520 1448 2698 1518 Ruﬁni
2718 1443 2872 1515 quasi
2896 1437 3211 1508 interpretis.
3241 1431 3323 1487 Ad
3346 1432 3461 1485 haec
3482 1428 3565 1483 sic
3581 1424 3711 1481 scri-

2133 1517 2214 1605 bit
2246 1517 2501 1602 Labbeus
2530 1540 2643 1613 (59)
2679 1559 2691 1593 :
2732 1536 2926 1590 Verum
2967 1533 3317 1599 imposturam
3360 1538 3465 1576 non
3506 1517 3710 1589 agnovit

2137 1637 2463 1699 Gennadius,
2501 1610 2592 1687 nec
2608 1610 2723 1700 ejus
2749 1640 2995 1697 sequaces
3021 1620 3289 1676 Honorius
3309 1624 3360 1671 et
3377 1610 3708 1668 Tritltemius.

2136 1731 2269 1786 Post
2297 1727 2561 1783 Joannem
2586 1720 2937 1783 Rainoldum,
2970 1722 3285 1771 nostrorum
3300 1707 3709 1776 exscriptorem,

457 1808 614 1862 libris
638 1802 849 1863 haberi.
878 1810 923 1854 et
954 1798 1020 1851 ad
1061 1791 1476 1850 instructionem
1518 1785 1656 1840 tradi
1683 1782 1904 1853 posteris
1939 1780 2030 1833 de-
2064 1819 2109 1880 Β
2136 1780 2453 1877 ἷιζξωὲέηω
2477 1780 3127 1884 apocryphorum"eodem
3151 1817 3214 1855 ac
3239 1798 3423 1853 smus
3440 1807 3498 1852 ει
3518 1794 3712 1849 Ben”.

461 1911 599 1964 beat.
629 1904 773 1959 Infra
797 1916 927 1957 vero
947 1918 960 1955 :
979 1896 1213 1968 /Equum
1236 1902 1312 1947 est
1336 1907 1461 1947 sane
1485 1888 1603 1952 tibi,
1628 1886 1717 1957 qui
1741 1885 1848 1939 ltosc
1872 1882 2030 1935 etiam

460 2014 645 2069 Graece
687 2007 883 2079 legeris
916 2004 1001 2076 (ne
1040 2002 1174 2072 forte
1211 2002 1268 2054 in
1316 1997 1580 2067 aliquibus
1619 2010 1651 2046 a
1679 1991 1825 2045 nobis
1858 2004 2033 2042 serua-

463 2116 574 2159 tum
626 2098 993 2156 translationis
1046 2094 1280 2147 ordinem
1329 2086 1536 2157 putes),
1585 2080 2031 2153 interpretationis

461 2193 907 2250 nostrazindicare
930 2186 1225 2241 consilium.
1251 2179 1376 2236 Haec
1396 2177 1568 2247 elogia
1591 2175 1645 2229 in
1670 2170 2030 2229 Gaudentium

457 2278 777 2346 episcopum
805 2289 835 2326 a
866 2270 1066 2325 Ruﬁno
1094 2273 1377 2338 congesta,
1428 2263 1523 2318 uni
1569 2260 1829 2315 Brixiano
1864 2253 2041 2325 aptari

460 2372 729 2437 possunt;
763 2372 1025 2435 praeterea
1062 2357 1289 2414 nemini.
1337 2354 1388 2409 Is
1421 2352 1567 2409 enim
1598 2349 1702 2405 fuit
1743 2347 1929 2400 doctor
1957 2343 2042 2398 vel

462 2468 727 2512 tractator
779 2454 1037 2525 insignis.
1090 2453 1168 2506 Ita
1221 2449 1369 2505 enim
1418 2445 1514 2516 qui
1562 2442 1786 2498 verbum
1832 2437 1926 2492 Dei
1954 2450 2041 2491 sa-

461 2565 697 2618 crasque
727 2547 941 2601 litteras
973 2545 1059 2598 vel
1103 2556 1237 2597 voce
1266 2539 1353 2594 vel
1384 2538 1589 2606 scripto
1614 2535 1952 2603 exponerent
1980 2541 2044 2579 ac

463 2644 745 2705 docerent,
779 2640 847 2694 ab
870 2633 1261 2693 ecclesiasticis
1293 2629 1655 2701 scriptoribus
1684 2624 1889 2696 passim
1911 2620 2041 2683 dici,

466 2732 750 2791 adnotavit
806 2729 1139 2784 Franciscus
1186 2722 1560 2780 Bernardinus
1590 2714 1881 2771 Ferrarius
1907 2710 2043 2783 (56),

464 2837 534 2881 ex
563 2821 873 2879 Gaudentio
895 2819 1157 2873 Brixiano
1184 2813 1493 2884 exemplum
1542 2809 1707 2864 etiam
1743 2803 2045 2861 adducens,

467 2934 499 2973 a
525 2932 635 2988 quo
667 2914 946 2970 Sermones
978 2911 1086 2974 sui,
1120 2910 1175 2963 in
1227 2906 1448 2962 ecclesia
1475 2900 1782 2963 declamati,
1807 2903 1868 2950 ut
1897 2892 2047 2948 Ruﬁ—

2143 1912 2326 1966 minus
2359 1882 2941 1978 spectavitGerardus
2977 1894 3220 1950 Joannes
3248 1888 3502 1953 Vossius,
3547 1882 3714 1953 Ruﬁni

2143 1998 2221 2054 uel
2265 1972 2485 2051 alterius
2541 1991 2636 2046 sub
2691 1989 2805 2059 ejus
2854 1986 3064 2041 nomine
3116 1979 3487 2054 praelationem
3540 1972 3713 2045 appel-

2143 2092 2266 2147 lans
2310 2088 2445 2159 (60).
2479 2084 2591 2140 lmo
2634 2081 2777 2138 infra
2826 2079 3025 2135 nedum
3068 2073 3445 2147 praelationem
3511 2082 3715 2137 prorsus

2144 2184 2413 2254 ﬁctitiam,
2448 2177 2541 2233 sed
2577 2184 2632 2231 et
2664 2175 2833 2229 libros
2863 2174 3011 2242 ipsos
3050 2165 3486 2237 Recognitionum
3523 2160 3586 2213 ab
3622 2158 3717 2212 alio

2145 2288 2311 2345 quam
2342 2288 2371 2325 a
2402 2268 2601 2323 Ruﬁno
2644 2263 2955 2323 translatos,
2996 2275 3054 2314 se
3074 2256 3299 2313 credere
3326 2253 3502 2308 malle
3530 2248 3720 2320 signiﬁ—

2146 2342 2255 2419 cat.
2286 2362 2485 2417 Vossio
2509 2358 2578 2413 ad
2606 2371 2852 2412 errorem
2894 2353 3184 2424 praziverat
3221 2348 3432 2416 Gaspar
3478 2342 3720 2397 Barthius

2148 2460 2234 2513 bis
2264 2456 2445 2511 verbis
2479 2451 2633 2522 (ﬁl):
2678 2446 3113 2517 Recognitionum
3148 2438 3429 2495 Clementis
3463 2436 3612 2488 titulo
3643 2435 3717 2485 in-

2148 2548 2333 2618 scripti
2367 2545 2511 2606 tibri,
2548 2541 2864 2597 Clementem
2891 2551 2953 2589 ne
2998 2541 3265 2587 auctorem
3290 2537 3338 2581 et
3368 2525 3616 2595 Rufinum
3650 2523 3723 2574 in-

2151 2615 2427 2711 terpretem
2467 2634 2713 2697 habeant,
2745 2647 2849 2683 non
2877 2638 2954 2681 est
2996 2624 3156 2695 facile
3189 2620 3446 2675 decidere.
3472 2616 3616 2670 Viris
3642 2615 3721 2667 lit-

2149 2734 2398 2783 teratura
2425 2719 2821 2778 excultissimis
2844 2714 3045 2769 nollem
3072 2712 3187 2765 haec
3210 2708 3565 2765 excidissent.
3588 2703 3721 2757 Nun-

2152 2818 2283 2890 quid
2315 2814 2531 2871 dillicile
2572 2818 2656 2867 est
2702 2806 2959 2870 decidere,
2993 2803 3136 2874 quod
3175 2804 3355 2871 spissa
3398 2806 3457 2853 et
3500 2793 3718 2864 locuples

2152 2917 2399 2964 veterum
2460 2908 2944 2959 monumentorum
3015 2894 3315 2949 auctoritas
3382 2882 3720 2957 comprobat?

467 3026 574 3066 nus
600 3008 750 3080 loqui
783 3013 951 3069 amat,
982 3009 1242 3056 tractatus
1265 2999 1524 3053 dicuntur
1554 2994 1608 3047 in
1636 2988 1955 3062 praefatione
1982 2984 2047 3037 ad

2157 2999 2324 3054 Nihili
2353 3011 2482 3066 ergo
2502 3002 2587 3049 est
2607 2990 2841 3045 Ruﬁnus
2871 2990 2987 3057 ipse
3008 2986 3061 3039 in
3084 2981 3431 3054 peroratione
3455 2977 3719 3033 Commen-

468 3101 813 3157 Benivolum.
860 3096 1007 3153 Idem
1052 3091 1288 3148 eximius
1326 3088 1557 3142 antistes
1600 3099 1660 3138 se
1713 3076 2050 3148 comperisse

2157 3092 2423 3148 lariorum
2452 3084 2704 3156 Origenis
2734 3083 2788 3135 in
2819 3079 2975 3133 Pauli
3008 3075 3308 3147 Epistolam
3341 3071 3407 3125 ad
3442 3070 3717 3125 Romanos,

471 3195 567 3256 ait,
596 3212 627 3247 a
652 3191 874 3247 notariis
926 3188 1152 3241 latenter
1189 3179 1465 3252 appositis,
1500 3181 1771 3230 tractatus
1806 3180 1937 3225 suos
1987 3181 2050 3221 ex
2081 3168 2123 3224 C
2165 3185 2281 3248 ubi,
2310 3180 2604 3236 Gaudentio
2641 3176 2880 3245 episcopo
2910 3179 3236 3239 perurgente,
3272 3180 3331 3219 se
3367 3176 3583 3233 Operam
3608 3159 3721 3212 dare

469 3301 567 3341 ore
594 3282 867 3353 loquentis
896 3279 1178 3334 collectos.
1233 3273 1349 3327 Hoc
1401 3270 1544 3325 idem
1599 3265 1775 3335 inquit
1816 3261 2048 3315 Ruﬁnus
2159 3278 2258 3338 an,
2310 3283 2369 3329 ut
2406 3272 2723 3328 Clementem
2764 3264 3021 3320 Latinum
3065 3258 3266 3314 faciat?
3313 3255 3484 3310 Nihili
3527 3252 3719 3306 Ceam-

471 3375 558 3429 bis
604 3343 787 3427 verbis
817 3390 830 3425 :
894 3368 954 3423 Si
984 3365 1108 3438 quid
1136 3382 1169 3417 a
1200 3372 1270 3429 te,
1300 3362 1460 3416 etiam
1515 3354 1817 3428 quotidiani
1859 3349 2052 3421 eloquii

2157 3368 2283 3423 dius
2312 3364 2445 3437 (62),
2479 3358 2762 3417 Clementis
2792 3352 3019 3408 Romani
3061 3348 3497 3419 Recognitionum
3520 3343 3671 3397 libros
3694 3351 3719 3389 a

474 3483 618 3521 more
648 3464 867 3527 dicitur,
898 3457 1095 3531 siquid
1138 3459 1194 3511 in
1230 3454 1452 3511 ecclesia
1500 3449 1855 3509 declamatur,
1909 3453 1957 3499 et
1985 3441 2052 3496 ad
2156 3428 2356 3515 Ruﬁn‘o
2400 3428 2593 3511 Latine
2639 3449 2885 3507 redditos
2936 3442 3212 3499 narrans?
3263 3438 3513 3509 Longum
3547 3434 3602 3488 ﬁt
3636 3428 3719 3483 iw-

475 3557 876 3610 instructionem
928 3549 1068 3603 tradi
1108 3546 1342 3602 videmus
1376 3561 1395 3598 :
1451 3542 1520 3597 ab
1568 3541 1635 3595 iis
1668 3538 1927 3593 nimirum
1961 3534 2057 3605 qui
2158 3550 2580 3612 conﬁciendum,
2608 3546 2655 3600 Si
2681 3543 2817 3597 alios
2838 3537 3035 3594 deinde
3068 3550 3181 3589 rem
3211 3531 3459 3587 eamde
3490 3532 3721 3582 “summ

478 3649 744 3709 notarios,
774 3660 838 3701 ca
864 3644 1047 3699 omnia
1074 3643 1215 3696 clam
1260 3643 1610 3708 excepturos,
1641 3628 2055 3687 subtnittebant.

479 3740 840 3801 Gaudentius,
874 3746 1018 3791 teste
1072 3733 1290 3796 Ruﬁno,
1345 3730 1556 3783 ercas
1584 3725 1791 3779 litteras
1846 3718 2057 3775 calluit.

481 3832 685 3899 Quidni
718 3845 866 3897 vero,
892 3828 986 3899 qui
1021 3841 1209 3883 sacras
1261 3818 1731 3893 peregrinationes
1758 3828 1854 3884 per
1875 3812 2063 3866 Orien-

481 3938 591 3983 tem
624 3941 684 3981 se
714 3922 1029 3991 suscepisse
1063 3926 1317 3980 testatur,
1347 3915 1438 3968 ubi
1470 3924 1713 3980 eousque
1759 3906 1903 3961 fama
1943 3904 2064 3974 ejus

483 4022 749 4075 virtutum
780 4015 1051 4088 pervenit,
1080 4019 1140 4065 ut
1177 4006 1535 4064 Orientalium
1569 4001 1862 4074 praesulum
1897 4012 2064 4052 suasu

484 4111 784 4184 episcopali
812 4108 988 4172 oneri,
1018 4114 1141 4177 post
1165 4100 1445 4156 Pliilastrii
1476 4097 1707 4158 obitum,
1734 4109 1765 4148 a
1794 4091 1909 4146 suis
1969 4103 2067 4159 per

489 4208 814 4279 legationem
863 4217 929 4258 eo
981 4200 1207 4255 missam
1260 4194 1362 4249 sibi
1405 4189 1747 4251 denuntiato,
1809 4184 2069 4237 humeros

489 4275 880 4370 supposuerit?
907 4292 1111 4348 Ibidem
1140 4288 1337 4343 Joanni
1376 4284 1773 4354 Chrysostomo
1826 4275 2069 4331 nondum

489 4394 751 4462 episcopo
815 4387 1007 4443 stricta
1072 4376 1479 4437 necessitudine
1538 4370 1800 4435 adhaesit;
1862 4382 2071 4437 proque

491 4458 578 4547 eo,
602 4458 952 4553 postmodum
985 4476 1306 4545 episcopatu
1365 4468 1603 4538 deiecto,
1635 4463 1848 4532 legatus
1880 4458 2069 4513 Eccle-

2161 3657 2482 3718 percurrere
2510 3639 2690 3696 velim.
2717 3635 2785 3687 At
2815 3630 3054 3686 indictos
3103 3626 3257 3681 abire
3278 3638 3384 3677 non
3415 3620 3589 3691 patiar
3608 3628 3721 3670 non—

2163 3701 2363 3790 itullos.
2417 3726 2745 3784 Anastasius
2803 3717 3262 3775 Bibliothecarius
3311 3714 3368 3767 in
3408 3710 3630 3782 epistola
3667 3701 3722 3755 ad

2161 3824 2427 3880 Joannem
2460 3819 2760 3873 Diaconum
2789 3814 2902 3885 (6³5)
2931 3832 2944 3866 2
2979 3809 3318 3868 Clementem,
3342 3804 3442 3868 ait,
3474 3814 3612 3872 quem
3633 3797 3725 3848 lin-

2169 3919 2308 3986 ]inus
2346 3923 2542 3968 nostra:
2572 3910 2765 3979 lingua:
2798 3904 3087 3966 redditum,
3118 3900 3419 3953 restitutum
3462 3904 3508 3948 et
3536 3889 3726 3946 redeam

2170 4019 2293 4070 teut,
2336 4005 2403 4059 ad
2453 4000 2806 4057 Gaudentium
2849 3994 3103 4057 scribens,
3149 3989 3344 4044 innuit.
3388 3986 3467 4042 De
3505 3983 3727 4037 versione

2173 4102 2303 4155 item
2360 4094 2543 4150 Ruﬁni
2595 4105 2760 4163 agens
2811 4095 3038 4144 sanctus
3095 4083 3372 4146 Isidorus,
3423 4072 3728 4147 Hispalensis

2173 4195 2487 4264 episcopus,
2526 4201 2593 4242 ex
2615 4170 2682 4240 ea
2710 4180 3085 4238 testimonium
3113 4174 3339 4231 adducit
3369 4173 3501 4243 (61).
3523 4170 3727 4223 Sanctus

2172 4256 2493 4339 A-ldbel—mus
2525 4277 2712 4334 laudat
2746 4274 2858 4346 (65)
2893 4269 3242 4326 Itinerarium
3269 4264 3420 4320 Petri
3448 4266 3591 4334 (sunt
3626 4256 3729 4312 Cle-

2172 4376 2373 4432 mentis
2389 4367 2827 4442 Recognitiones),
2841 4364 3032 4433 Ruﬁno
3044 4363 3099 4415 in
3118 4359 3372 4414 Latinum
3387 4372 3449 4411 es:
3463 4354 3727 4409 Grecorum

2175 4466 2501 4522 bibliothecis
2530 4441 2783 4517 uertente.
2824 4457 2907 4511 Ad
2944 4456 3060 4509 haec
3106 4451 3254 4508 Beda
3306 4441 3727 4519 Recognitionibns

496 4528 578 4547 ννν
604 4528 951 4553 τντν-η-ηη
994 4528 1044 4545 'r
1090 4528 1095 4529 γ
1180 4528 1195 4543 ι
1433 4528 1451 4538 -
1590 4528 1597 4530 .
1694 4528 1717 4532 -

496 4576 592 4631 sia:
643 4572 908 4628 Romana:
958 4561 1499 4632 ConstantinOpolim
1569 4556 1777 4611 missus
1834 4559 1939 4607 est.
1985 4548 2065 4604 Ad

2177 4562 2348 4616 utitur
2406 4554 2543 4628 (66).
2592 4552 2727 4607 Item
2759 4546 3078 4619 Agobardus
3136 4542 3272 4613 (67),
3319 4530 3724 4603 Freculfus(63).

496 4666 744 4736 ejusdem
801 4660 1093 4718 Gaudentii
1145 4650 1474 4712 sermonem'
1515 4650 1618 4716 l6,
1692 4642 2073 4719 Clirysostomi

2178 4626 2512 4705 Hincmarus
2542 4644 2657 4716 (69)
2683 4651 2737 4698 et
2767 4637 3045 4694 Honorius
3075 4636 3213 4710 (70).
3274 4631 3409 4687 Tam
3436 4626 3637 4685 disertis
3660 4630 3725 4673 te-

498 4760 785 4832 epistolam
814 4755 939 4819 184,
982 4750 1210 4806 Palladii
1255 4746 1563 4817 Dialogum,
1589 4759 1711 4813 cap.
1742 4742 1797 4804 4,
1837 4747 1891 4795 et
1919 4736 2079 4791 Nice-
2180 4739 2357 4795 slibus
2388 4715 2697 4791 consonant
2748 4727 3182 4799 Recognitionum
3213 4723 3433 4778 codices
3464 4715 3725 4783 mss.platte

2012 4829 2041 4832 ._
2448 4826 2479 4832 _
2540 4827 2559 4832 -
2607 4826 2619 4832 -
2650 4826 2660 4832 .
2896 4821 2929 4832 Δο
3371 4814 3393 4832 0
3423 4820 3590 4832 ____..--
3632 4804 3725 4832 [ὶηη

501 4804 785 4832 -ςιι-υ-ν--η-
820 4804 939 4819 η-.
983 4804 1005 4806 -
1110 4804 1113 4805 ν
1420 4804 1443 4817 ..
1552 4804 1558 4808 .
1659 4804 1675 4813 .

501 4854 734 4924 phorum
758 4847 1045 4904 Callistum
1075 4844 1169 4898 lib.
1221 4855 1346 4905 XIII,
1399 4853 1521 4908 cap.
1574 4835 1667 4890 22.
1710 4832 1898 4903 Itaque
1930 4829 2081 4884 nulla
2182 4846 2397 4893 omnes,
2437 4826 2619 4896 Ruﬁni
2648 4821 2965 4893 interpretis
3010 4834 3210 4874 nomen
3254 4814 3609 4886 prmia-emes,
3632 4804 3725 4869 Quo

575 5028 690 5100 (55)
711 5022 1004 5100 B_londcll.,
1048 5016 1513 5100 Rando-Isidor”
1542 5030 1665 5085 pag.
1685 5013 1776 5069 28.

741 5081 1002 5156 Ρθῖητ.ξ
1062 5091 1140 5145 De
1190 5092 1283 5144 rit.
1354 5081 1564 5143 sacrari
1619 5081 1814 5147 conc.,
1880 5081 1977 5135 lib.
2034 5095 2083 5147 ι,

507 5164 628 5240 cap.
654 5164 709 5224 2.

582 5220 709 5310 ἴδη)
731 5236 877 5310 sm.
908 5233 1065 5310 ξω,
1094 5230 1235 5285 Bibl.
1266 5230 1364 5285 lib.
1390 5244 1453 5292 ιι,
1485 5242 1608 5297 pag.
1631 5225 1720 5291 ss,
1753 5222 1847 5279 ubi
1874 5222 1941 5276 de
1968 5220 2092 5276 Cle-

511 5308 685 5366 menti
719 5308 987 5376 Ilecognit.

588 5362 700 5449 iss)
744 5362 1021 5442 Belliit‘m.,
1054 5372 1257 5438 Catal.,
1285 5371 1353 5425 ad
1375 5386 1505 5425 ann.
1536 5368 1663 5432 590,
1694 5381 1818 5437 pag.
1846 5364 1972 5427 155,
2001 5362 2094 5417 ubi

515 5451 582 5505 tle
620 5450 835 5503 Ruﬁno.

591 5502 895 5589 (593155.,
924 5516 1150 5570 Dissert.
1175 5511 1361 5581 philol.
1387 5510 1453 5565 de
1474 5510 1654 5578 script.
1685 5505 1837 5573 eccl.,
1866 5511 2001 5559 tom.
2030 5502 2095 5567 ll,

520 5605 644 5659 pag.
684 5590 808 5644 509.

598 5661 709 5728 (60)
751 5658 934 5721 Voss.,
960 5657 1037 5710 De
1065 5656 1216 5728 Hist.
1238 5652 1356 5728 Gr_.,
1388 5651 1487 5705 lib.
1524 5665 1588 5714 II,
1618 5664 1740 5728 cap.
1767 5646 1820 5702 9.

598 5720 714 5851 (61)
750 5728 958 5790 Barth.,
990 5723 1359 5806 Aduers.,_lib.
1386 5738 1507 5786 XLV,
1541 5736 1663 5789 cap.
1698 5720 1749 5773 5.

603 5797 693 5851 (62
750 5796 1017 5851 Gennad..
1047 5795 1123 5849 De
1145 5803 1323 5851 script.
1355 5793 1507 5851 eccl.,
1534 5806 1653 5851 cap.
1688 5789 1749 5843 I7

603 5789 714 5858 (62)
750 5789 1017 5860 Gennad,
1047 5795 1123 5849 De
1145 5797 1323 5862 script.
1355 5793 1507 5856 eccl.,
1534 5806 1653 5860 cap.
1688 5789 1771 5845 I7.

603 5866 718 5936 (65)
754 5868 971 5935 Anast.,
995 5869 1137 5924 inter
1192 5859 1329 5935 Opp.
1355 5859 1655 5928 Sirmond.,
1694 5870 1826 5917 tom.
1860 5859 1950 5927 III,
1983 5875 2105 5933 pag.

2261 5050 2374 5153 (64)
2414 5077 2635 5139 lsidor.,
2670 5074 2748 5153 De
2778 5078 2891 5125 nat.
2925 5086 3057 5134 rer.,
3089 5082 3251 5137 capp.
3282 5064 3347 5118 Π
3377 5070 3431 5117 et
3458 5060 3541 5122 51,
3568 5064 3614 5109 et
3634 5050 3729 5105 Ori-

2189 5145 2297 5222 ρὶπί·
2324 5145 2421 5205 ιῖιλ
2452 5164 2538 5222 Ub.
2565 5145 2802 5222 cep-1;
2873 5213 2886 5222 .
2981 5211 2992 5222 .
3196 5208 3208 5219 .
3337 5218 3439 5222 ___
3504 5190 3686 5222 ne..."

2867 5211 3017 5268 laud.
3060 5207 3291 5278 Virgin.,
3334 5218 3457 5274 pag.
3504 5197 3598 5253 5l6
3619 5191 3724 5247 edit.

2193 5288 2369 5347 Londi
2404 5288 2692 5342 Warthon.

2733 5354 3020 5433 Hexaemz,
3044 5350 3132 5433 ’Ἆῤ
3184 5362 3343 5433 οξξυρ-
3380 5343 3446 5433 ξ’
3474 5338 3553 5433 ,ξ’
3576 5328 3722 5433 λζᾶ

2198 5398 2383 5498 Gelli“;
2644 5398 3156 5498 715617;;
3191 5398 3444 5471 iﬂetrract;
3473 5398 3549 5463 ad
3575 5398 3722 5461 eutnd.

2200 5505 2307 5559 loc.
2331 5493 2387 5556 et
2421 5501 2492 5553 De
2515 5509 2619 5552 rat.
2650 5493 2828 5564 temp.,
2854 5510 2976 5563 cap.
3009 5493 3062 5546 5.

2855 5546 3073 5618 .lu'daic.
3101 5569 3351 5627 superst.,
3379 5568 3491 5620 cap.
3523 5546 3599 5601 l6.

2275 5641 2366 5713 (68
2424 5639 2656 5713 Ereculli
2734 5637 3086 5713 Chron._tom.
3115 5632 3181 5713 ll:
3346 5643 3403 5689 ll,

2275 5617 2387 5713 (eis
2421 5617 3086 5713 ἓΐὲἑιῖι“ίί“”ᾱιιξοηηξοιη.
3115 5617 3181 5713 n;
3209 5630 3303 5713 lib.
3342 5617 3403 5689 ’u,
3431 5617 3642 5713 cauti

2424 5687 3104 5772 illini-inanimirdivort.
3152 5687 3463 5753 Lat/tonet
3496 5687 3721 5750 il‘etberyu

2278 5801 2328 5837 [ι.
2397 5824 2411 5837 .

2208 5802 2328 5840 030.
2356 5802 2411 5838 θ.

2432 5850 2661 5917 Ilonor.,
2691 5847 2765 5903 De
2792 5848 2977 5906 lamin.
3007 5841 3211 5899 Eccles.
3231 5856 3381 5911 ,cap.
3419 5836 3496 5895 l5.
