3890 6192
201 352 344 409 H97

1300 347 1875 406 RECOGNITIONES.
1912 379 1985 391 ω-
2017 349 2376 406 ΡῐιΟαΞΜΙΑ.

3332 337 3475 410 tios

200 470 389 525 minus
428 483 559 540 ergo
582 469 733 525 viros
774 469 1064 541 insigniter
1105 469 1321 535 doctos,
1356 469 1423 524 ad
1454 468 1561 522 alia
1599 482 1797 539 prape-
1823 475 1870 533 Α
1899 468 2157 539 thealogo
2204 467 2462 539 Dionysio
2502 465 2725 523 Petavio
2755 465 2890 539 (79),
2924 465 3225 522 Photiams
3257 467 3478 522 codices

201 568 391 616 rantes
430 560 546 615 haec
595 559 855 632 fugerint,
896 577 1007 616 non
1050 568 1138 616 est
1195 558 1575 631 ambigendum
1608 578 1621 612 :
1654 559 1793 614 alias

202 668 320 708 rem
351 659 558 708 certam
604 668 707 723 pro
739 661 1051 708 commento
1090 667 1201 707 non
1244 652 1587 706 habuissent.
1624 649 1667 703 E
1704 650 1795 719 ju—

200 744 456 799 nioribus
508 742 839 808 Cotelerius,
892 742 1077 798 Ruﬁni
1123 758 1249 798 esse
1295 741 1667 813 praefationem
1725 739 1795 795 ad

202 836 576 892 Gaudentium
617 837 775 907 juxta
817 852 883 892 ac
923 837 1233 893 versionem
1281 837 1451 892 totius
1491 834 1695 905 operis,
1726 848 1796 889 ex

203 929 350 1000 stylo
378 929 543 983 etiam
573 929 797 999 probari
842 931 918 984 ait
961 930 1074 1001 (71)
1101 949 1114 984 :
1148 936 1203 984 et
1235 928 1487 983 codicum
1529 926 1796 982 vetustio-

200 1033 328 1072 rum
358 1018 618 1088 prsesidio
640 1026 928 1090 utramque
952 1020 1150 1075 Ruﬁno
1172 1019 1433 1075 vindicat.
1467 1015 1622 1073 Unus
1648 1016 1797 1071 enim

202 1124 370 1179 quem
400 1110 609 1176 laudat,
659 1110 743 1165 sic
785 1111 978 1182 incipit
1016 1130 1029 1165 :
1090 1108 1274 1180 Ruﬁni
1330 1107 1621 1179 presbyteri
1660 1122 1799 1176 prte-
1872 1120 1879 1123 ‘

203 1203 342 1273 fatio
404 1203 476 1256 ad
534 1202 895 1259 Gaudentium
953 1205 1257 1274 pontiﬁcem
1325 1203 1381 1256 in
1452 1199 1799 1256 Itinerarium

204 1295 526 1361 Clementis;
554 1297 619 1352 ab
650 1315 712 1353 ea
751 1314 817 1352 ea:
853 1296 1037 1353 Graeca
1080 1300 1136 1353 in
1176 1298 1428 1352 Latinum
1468 1313 1796 1352 conversum.

194 1390 275 1445 Et
328 1400 452 1462 post
504 1393 909 1462 przefatianem,
969 1392 1373 1462 Clementisque
1419 1391 1487 1446 ad
1536 1389 1799 1444 Jacobum

194 1485 524 1556 epistolam,
576 1486 651 1540 ita
687 1486 850 1541 habet
889 1504 903 1541 :
963 1484 1241 1539 Itinerarii
1288 1483 1594 1549 Clementis,
1654 1480 1802 1537 Petri

206 1575 441 1644 apostoli
486 1576 829 1641 successoris,
874 1575 1006 1630 liber
1048 1576 1252 1645 primus
1295 1576 1503 1645 incipit,
1531 1592 1564 1627 a
1608 1572 1802 1643 Ruﬁno

205 1668 512 1724 traductus.
542 1668 815 1725 Caeterum
849 1668 1214 1723 Bellarminus
1258 1667 1500 1738 agnovit,
1549 1665 1801 1721 Clemen-

204 1760 358 1816 tinas
393 1759 791 1832 Recognitiones
819 1775 849 1813 a
894 1758 1092 1814 Ruﬁno
1130 1772 1425 1813 conversas
1453 1776 1466 1811 :
1499 1772 1650 1821 nam,
1701 1754 1804 1809 Ba-

205 1853 370 1907 ronio
392 1831 578 1922 judice
606 1852 743 1924 (72),
776 1867 926 1906 nemo
951 1859 1029 1905 est
1054 1851 1143 1922 qui
1164 1848 1408 1903 dubitare
1434 1846 1641 1910 debeat,
1676 1862 1796 1900 cum
1831 1831 1872 1888 Β

205 1944 518 2000 Gennadius
565 1944 661 1999 hoc
696 1944 869 2014 ipsum
897 1943 961 1998 de
990 1942 1182 2013 Ruﬁna
1216 1949 1455 1996 testetur.
1516 1939 1583 1992 Et
1614 1946 1796 1993 tamen

204 2037 504 2109 Dupinium
529 2037 717 2093 audire
738 2039 896 2093 nobis
918 2036 1186 2105 contingit
1212 2034 1349 2105 (75),
1381 2032 1604 2089 omnino
1635 2031 1797 2085 aliam

202 2131 540 2185 'sententiam
602 2128 934 2186 Bellarmino
992 2128 1354 2190 tribuentem,
1413 2140 1534 2180 eam
1589 2123 1799 2179 scilicet

202 2236 376 2291 quam
421 2220 799 2277 refutavimus.
832 2220 944 2276 Nec
986 2222 1170 2275 minus
1200 2221 1378 2290 spisso
1418 2232 1605 2273 errore
1646 2220 1800 2269 tanto

207 2320 339 2368 ante
367 2313 638 2369 irretitum
682 2313 1147 2383 deprehendimus
1191 2310 1544 2367 Anastasium
1590 2306 1799 2362 Biblio-

202 2405 517 2459 thecarium
552 2405 607 2460 in
645 2405 877 2476 epistola
908 2405 1071 2460 modo
1102 2404 1358 2467 adducta,
1391 2416 1626 2474 cumque
1656 2400 1749 2456 illo
1770 2415 1802 2455 e

200 2497 528 2567 junioribus
556 2494 778 2552 Petrum
816 2496 1093 2552 Danielem
1126 2496 1383 2552 lluetium
1414 2494 1549 2566 (74),
1584 2493 1801 2565 quando

205 2593 330 2647 haec
361 2591 546 2656 verba,
594 2590 796 2662 quibus
832 2588 1064 2644 Ruﬁnus
1116 2588 1491 2658 praefationem
1536 2601 1692 2641 suam
1732 2584 1802 2639 ad

206 2681 578 2737 Gaudentium
603 2682 943 2752 auspicatur,
962 2690 1022 2733 ut
1053 2678 1368 2735 Clementem
1390 2685 1585 2733 nostra:
1609 2675 1804 2747 lingua

205 2773 572 2839 redderemus,
604 2773 678 2826 ita
705 2777 1056 2842 acceperunt,
1081 2770 1234 2841 quasi
1253 2768 1647 2839 Recognitianes
1671 2766 1805 2837 ipsa:

206 2866 406 2922 Latine
465 2868 675 2935 scripta:
720 2866 959 2935 primum
1011 2863 1264 2926 fuissent,
1303 2860 1651 2930 postmodum
1708 2859 1805 2912 de-

208 2959 473 3030 perditus,
519 2967 574 3015 et
605 2958 824 3013 demum
867 2972 898 3010 a
936 2955 1135 3010 Ruﬁno
1162 2971 1191 3008 e
1223 2952 1430 3008 Crwcia
1481 2953 1538 3006 in
1583 2950 1805 3005 Latium

210 3050 502 3115 restitutae,
560 3064 672 3103 non
701 3064 729 3103 e
780 3046 961 3101 Graeco
991 3045 1290 3100 translatio.
1325 3043 1395 3096 At
1432 3043 1591 3112 plane
1633 3039 1802 3103 aliud,

208 3157 325 3197 non
353 3142 457 3197 hoc
486 3141 709 3212 scripsit
732 3138 989 3202 Ruﬁnus,
1022 3138 1164 3208 apud
1196 3151 1356 3207 quem
1392 3134 1496 3189 viri
1528 3133 1675 3188 docti
1701 3132 1809 3201 pri-

209 3235 322 3290 mis
352 3240 562 3291 tantum
592 3232 826 3297 voculis,
859 3233 937 3286 uti
959 3231 1038 3297 ﬁt,
1067 3230 1266 3301 raptim
1294 3227 1551 3299 perlectis
1581 3227 1636 3281 in
1657 3241 1811 3281 erro-

212 3339 333 3379 rem
367 3323 588 3377 adducti
617 3330 767 3378 sunt.
1310 3344 1313 3347 ν

287 3410 403 3466 Vll.
437 3410 549 3467 Nec
601 3413 820 3482 penitus
865 3412 1026 3467 nobis
1081 3408 1494 3482 praetereundus
1542 3413 1629 3461 est
1675 3405 1813 3459 alter

213 3503 533 3557 Bellarmini
556 3503 733 3567 locus,
761 3503 851 3558 ubi
890 3504 1004 3558 hate
1056 3502 1121 3558 de
1152 3502 1518 3566 Clementinis
1560 3498 1814 3569 Recogni-

213 3591 450 3645 tionibus
492 3593 684 3647 scribit
717 3593 829 3664 (75)
866 3611 879 3646 :
917 3594 1068 3647 Teste
1090 3592 1410 3663 Epiphanio,
1450 3590 1639 3645 hwresi
1682 3602 1814 3649 xxx,

214 3687 463 3743 Clemens
488 3684 598 3755 ipse
641 3693 866 3738 testatur
907 3684 1186 3739 Circuitus
1233 3682 1402 3745 Petri,
1434 3700 1467 3735 a
1495 3698 1550 3736 se
1581 3680 1817 3734 conscri-

210 3786 360 3848 ptas,
398 3776 463 3830 ab
492 3777 755 3837 haereticis
787 3776 1100 3845 depravatos
1140 3776 1324 3846 fuisse.
1355 3773 1450 3828 Vir
1478 3779 1814 3845 purpuratus

212 3870 339 3924 haec
380 3870 567 3925 hausit
596 3887 628 3926 e
655 3871 869 3941 magnis
908 3869 1217 3923 Annalibus
1241 3866 1377 3938 (76).
1400 3863 1602 3921 Verum
1636 3862 1815 3918 Lucas

213 3962 544 4018 Holstenius
573 3978 685 4017 non
710 3963 817 4017 hoc
845 3962 1032 4016 dicere
1063 3958 1428 4031 Epiphanium
1457 3958 1685 4018 detexit.
1719 3954 1816 4010 sed

212 4074 287 4115 ex
314 4057 593 4127 encyclicis
622 4055 858 4125 epistolis
897 4053 1035 4107 beati
1082 4052 1363 4108 Clementis
1411 4066 1527 4121 qua:
1555 4050 1609 4102 in
1651 4046 1818 4102 eccleo

215 4151 318 4205 siis
352 4150 613 4219 leguntur,
643 4146 908 4201 Periodos
949 4146 1081 4199 istas
1119 4143 1376 4213 falsitatis
1414 4140 1672 4195 convinci.
1707 4136 1818 4193 Ne-

216 4260 325 4315 que
347 4242 486 4296 enim
509 4255 793 4311 congruere
814 4256 932 4292 cum
964 4237 1104 4309 style
1129 4237 1301 4292 sancti
1327 4234 1631 4297 Clementis,
1657 4247 1819 4301 neque

215 4353 344 4391 cum
372 4334 485 4405 ejus
513 4332 735 4388 docendi
758 4334 935 4387 modo.
965 4329 1145 4387 Verba
1177 4339 1306 4386 sunt
1330 4327 1593 4383 llolstenii
1624 4327 1678 4380 in
1712 4340 1815 4379 no-

217 4429 297 4483 tis
322 4444 459 4483 mss.
494 4427 561 4481 ad
592 4425 905 4481 Bellarmini
941 4424 1283 4492 Catslogum,
1325 4422 1380 4475 in
1410 4420 1598 4475 Musca
1626 4426 1818 4473 nostra

1895 562 2070 632 magis
2089 562 2260 617 fuisse
2273 562 2619 631 depravatos,
2639 574 2803 630 quam
2823 561 2894 615 sit
2907 560 3284 631 interpretatio
3295 557 3480 613 Ruﬁni

1896 656 1992 725 qui
2018 671 2080 710 ea
2113 655 2418 719 sustulerit,
2448 668 2569 723 quae
2598 653 2665 707 ab
2708 652 3003 716 haereticis,
3040 652 3343 721 praesertim
3370 650 3483 706 Eu—

1897 746 2196 811 nomianis,
2222 746 2455 816 ingesta,
2503 745 2645 800 idem
2686 743 2917 800 Ruﬁnus
2947 752 3235 799 monuerat
3265 745 3320 797 in
3345 758 3485 815 opu-

1899 839 2055 893 sculo
2098 837 2176 893 De
2227 838 2614 892 adulteratione
2666 838 2921 892 librorum
2969 836 3232 908 Origenis,
3284 837 3485 908 quippe

1898 946 2045 1003 quae,
2067 929 2258 986 eodem
2277 928 2475 985 Ruﬁno
2504 938 2664 995 teste,
2689 930 3048 984 ecclesiastica
3068 929 3251 999 regula
3274 930 3484 983 omnino

1899 1042 2005 1081 non
2045 1025 2282 1093 recipiat.
2330 1023 2437 1079 Sed
2474 1024 2737 1079 memoria
2787 1023 3142 1094 repetendum
3187 1036 3293 1086 est,
3335 1022 3486 1077 binas

1900 1115 2337 1188 Recognitianum
2387 1123 2599 1171 veteres
2655 1115 2908 1169 editiones
2940 1130 2970 1168 a
3014 1114 3212 1169 Ruﬁno
3255 1115 3489 1170 indicari

1900 1210 1957 1266 in
1985 1209 2305 1282 praefatione
2345 1208 2414 1263 ad
2454 1206 2820 1263 Gaudentium
2852 1227 2864 1261 :
2900 1206 3060 1271 Puta,
3110 1207 3309 1277 inquit,
3349 1212 3488 1277 quod

1901 1319 2007 1359 non
2043 1313 2090 1358 te
2122 1298 2436 1374 (Gaudenti)
2478 1300 2663 1363 lateat,
2710 1300 2992 1355 Clementis
3020 1299 3178 1368 hujus
3213 1300 3267 1352 in
3306 1296 3491 1353 Graeco

1901 1394 2135 1464 ejusdem
2161 1394 2331 1463 aperis
2358 1392 2760 1461 Ἀναγνὼσεων,
2782 1392 2877 1447 hac
2903 1402 2979 1446 est
3011 1391 3489 1462 Recognitionum,

1904 1502 2040 1543 DUAS
2071 1501 2361 1541 EDITIONES
2404 1486 2608 1550 haberi,
2643 1487 2699 1539 in
2744 1485 3037 1556 aliquantis
3074 1485 3281 1554 quidem
3326 1483 3495 1538 direr-

1904 1594 2031 1643 sas;
2063 1578 2116 1632 in
2153 1578 2335 1632 multis
2369 1586 2565 1643 tamen,
2605 1576 2841 1646 ejusdem
2880 1576 3228 1631 narrationis.
3258 1575 3493 1644 Denique

1906 1685 2030 1738 pars
2058 1668 2250 1721 ultima
2286 1668 2443 1737 hujus
2482 1672 2680 1738 aperis,
2704 1671 2757 1721 in
2787 1685 2890 1739 qua
2923 1667 2987 1721 de
3024 1666 3496 1736 transformatione

1909 1759 2140 1815 Simonis
2173 1759 2421 1827 refertur,
2452 1759 2506 1811 in
2548 1774 2649 1813 uno
2680 1773 2922 1813 CORPORE
2962 1758 3206 1812 habetur.
3235 1756 3369 1810 Sunt
3396 1774 3495 1810 au-

1903 1862 2005 1907 tem
2026 1861 2077 1907 et
2107 1850 2352 1923 quaedam
2382 1852 2436 1903 in
2468 1866 2717 1914 uraooue
2749 1866 2991 1905 conpone
3032 1850 3096 1903 de
3125 1849 3355 1920 ingenito
3387 1847 3496 1901 Deo

1902 1944 2177 2015 genitoque
2204 1944 2456 2011 disserta,
2488 1953 2537 1997 et
2565 1942 2629 1996 de
2669 1943 2793 1997 aliis
2824 1942 3113 2005 nonnullis,
3147 1957 3284 2011 quae,
3323 1948 3380 1992 ut
3409 1941 3495 1992 ni-

1904 2036 1981 2090 hil
2004 2037 2230 2107 amplius
2250 2037 2447 2101 dicant,
2467 2045 2802 2090 excesserunt
2819 2033 3216 2104 intelligentiam
3234 2041 3494 2086 nostram.

1904 2126 2023 2184 Jam
2048 2128 2275 2199 dispice,
2308 2143 2602 2200 quamnam
2626 2126 2953 2182 Clementinl
2982 2125 3167 2196 aperis
3204 2123 3497 2180 editionem

1904 2220 2243 2293 Epiphanius
2272 2229 2324 2275 et
2363 2221 2591 2275 Photius
2622 2234 2857 2275 censura
2891 2218 3339 2288 perstrinxerint.
3374 2215 3495 2270 Non

1906 2319 2055 2367 certe
2082 2328 2243 2383 quam
2286 2312 2517 2367 Ruﬁnus
2542 2308 2733 2367 Latine
2762 2310 3050 2364 convertit.
3088 2308 3215 2363 Haec
3252 2308 3397 2363 enim
3430 2309 3500 2362 ab

1907 2406 2290 2462 hereticorum
2354 2406 2837 2478 depravationibus
2891 2412 3086 2472 vacat;
3144 2404 3503 2474 eamdemque

1908 2499 2072 2554 etiam
2103 2498 2290 2555 Graece
2328 2502 2590 2571 scriptam
2635 2511 2885 2563 vacasse,
2917 2514 3019 2553 nos
3058 2501 3281 2552 credere
3308 2498 3504 2566 jubent

1908 2591 2012 2647 viri
2040 2593 2215 2648 sancti
2241 2591 2505 2647 Paulinus
2537 2600 2592 2647 et
2612 2591 2971 2655 Gaudentius,
2998 2589 3090 2661 qui
3108 2605 3226 2644 eam
3249 2605 3344 2661 per
3367 2591 3505 2644 ami-

1910 2682 2034 2739 cum
2060 2682 2216 2738 Latio
2254 2683 2562 2739 donandam
2600 2683 2950 2738 studuerunt.

1982 2773 2249 2831 Caeterum
2282 2772 2520 2830 Jacobus
2564 2771 2740 2828 Faber
2768 2773 2824 2827 in
2871 2771 3116 2841 margine
3168 2768 3506 2841 praefationis

1912 2863 2097 2922 Ruﬁni
2144 2867 2214 2921 ad
2264 2866 2651 2931 Gaudentium,
2692 2865 2785 2918 ubi
2835 2864 2900 2918 de
2944 2865 3177 2934 ingenito
3234 2865 3507 2934 genitoque

1914 2958 2022 3013 Deo
2065 2959 2265 3028 agitur,
2296 2958 2413 3013 haec
2452 2958 2617 3013 verba
2655 2957 2980 3011 adnotavit:
3009 2955 3147 3010 Pars
3190 2955 3291 3008 illa
3336 2954 3398 3009 de
3432 2957 3511 3008 in-

1913 3052 2087 3121 genito
2116 3051 2391 3121 genitoque
2420 3049 2553 3114 Dea,
2584 3050 2920 3119 cognoscitur
2944 3047 3007 3101 ab
3040 3046 3303 3101 Eunomia
3328 3057 3419 3101 aut
3440 3048 3507 3101 ab

1916 3141 2039 3195 aliis
2070 3142 2162 3212 qui
2195 3139 2447 3194 Eunomii
2474 3141 2828 3211 sequebantur
2860 3157 3087 3205 errares,
3118 3141 3339 3203 ritiata;
3372 3150 3429 3192 ut
3458 3150 3508 3193 et

1913 3232 2138 3301 epistola
2183 3230 2347 3285 Pauli
2393 3232 2461 3284 ad
2504 3230 2808 3286 Corinthios
2855 3249 2888 3284 a
2930 3230 3203 3285 Marciane
3260 3241 3511 3300 corrupta

1913 3324 2109 3393 fuerat.
2156 3321 2349 3380 Merito
2399 3324 2563 3392 igitur
2592 3323 2726 3376 illud
2760 3322 3011 3376 Eunomii
3059 3324 3509 3392 interpretandum

1915 3434 2018 3471 non
2047 3417 2169 3486 fuit,
2203 3425 2259 3469 ut
2296 3433 2455 3486 neque
2485 3414 2727 3469 Marcion
2758 3416 2811 3468 in
2841 3413 3033 3469 Paulo.
3069 3413 3215 3469 Istud
3261 3412 3510 3468 scliolion

1916 3509 1972 3563 in
2000 3509 2214 3564 caeteris
2242 3506 2600 3571 editionihus,
2639 3515 2692 3561 et
2725 3509 2779 3560 in
2813 3508 2930 3577 ipsa
2955 3506 3320 3572 Coteleriana,
3361 3504 3511 3559 desi—

1915 3602 2175 3668 deratur;
2206 3601 2423 3656 etiamsi
2470 3600 2525 3654 in
2565 3600 2882 3656 Coloniensi
2925 3599 3055 3653 anni
3087 3598 3225 3654 1547
3259 3598 3512 3653 scholion

1918 3694 2195 3765 persimile
2237 3693 2303 3747 ad
2347 3710 2498 3745 oram
2540 3693 2812 3763 legeretur
2859 3691 2943 3746 his
2983 3691 3208 3745 verbis:
3244 3688 3512 3757 Corrupta

1918 3787 2028 3842 hazc
2060 3788 2224 3857 fuisse
2258 3787 2497 3854 suspicor
2526 3785 2590 3837 ab
2620 3782 2907 3839 Eunomia.
2932 3782 3374 3853 quemadmodum
3397 3783 3508 3849 cpi»

1918 3879 2059 3934 stola
2104 3878 2268 3932 Pauli
2298 3878 2367 3931 ad
2422 3876 2727 3932 Corinthios
2768 3893 2800 3929 a
2838 3872 3130 3929 Marciane.
3166 3874 3289 3929 Haec
3334 3882 3517 3929 tamen

1917 3986 2037 4043 qum
2083 3971 2137 4024 in
2190 3970 2469 4025 Clemente
2522 3984 2643 4034 suo,
2678 3977 2736 4022 ut
2765 3967 2847 4021 ab
2904 3966 3177 4021 lnereticis
3229 3972 3515 4035 corrupta.

1920 4062 2267 4135 praetermisit
2309 4059 2563 4125 Rufinus,
2610 4061 2834 4131 reliquae
2860 4059 2980 4128 ejus
3028 4058 3271 4113 versioni
3313 4059 3519 4112 inserta

1918 4154 2119 4225 reperit
2142 4151 2446 4208 Cotelerius
2474 4152 2530 4205 in
2553 4152 2729 4206 tribus
2754 4149 3060 4213 codicibus,
3089 4146 3514 4209 Candeleriano,

1923 4246 2228 4301 S'orbonico
2258 4253 2312 4300 et
2354 4245 2585 4299 Thuano
2618 4263 2630 4297 :
2667 4253 2903 4311 suntque
2934 4240 3110 4294 decem
3153 4240 3330 4307 capita
3375 4238 3519 4292 inter

1920 4337 2158 4408 primum
2187 4345 2242 4390 et
2274 4335 2658 4390 duodecunum
2691 4332 2902 4395 clausa,
2926 4330 2993 4385 de
3022 4330 3225 4399 quibus
3253 4328 3331 4382 ait
3355 4348 3367 4383 :
3406 4327 3519 4383 Ne-

1921 4428 2030 4481 scio
2050 4426 2167 4498 quis
2191 4426 2377 4496 igitur,
2408 4422 2547 4495 quod
2581 4440 2612 4475 a
2635 4420 2826 4491 Ruﬁno
2858 4421 3275 4489 prwtermissum
3319 4418 3517 4488 fuerat,

219 4527 528 4575 serv'dlum.
570 4515 808 4585 Lapsum
853 4515 991 4569 ιθηιί
1023 4514 1125 4568 Vil‘i
1166 4512 1428 4576 indica“.
1473 4526 1542 4566 ne
1576 4510 1671 4564 um
1699 4524 1819 4564 ³η]-
1850 4538 1894 4593 D
1921 4519 2023 4573 sibi
2071 4518 2314 4585 sumpsit,
2359 4524 2419 4569 ut
2458 4517 2912 4583 interpretaretur.
2975 4511 3091 4566 lloe
3143 4520 3519 4567 assumentum

218 4610 375 4682 plius
403 4609 474 4665 ob
495 4610 730 4665 dicentis
754 4609 1139 4663 auctoritatem
1180 4606 1251 4660 sit
1280 4619 1447 4660 causa
1472 4600 1815 4663 offensionis,

221 4712 290 4757 ut
312 4716 488 4772 nuper
513 4699 616 4754 fuit
641 4699 798 4754 alteri
838 4698 959 4753 viro
989 4699 1173 4761 docto,
1207 4712 1367 4766 quem
1409 4695 1691 4765 corrigens
1721 4706 1821 4745 no-

220 4795 442 4851 minare
471 4809 581 4849 non
615 4792 811 4857 debeo,
844 4807 913 4847 ne
942 4790 1239 4845 amicitiam
1269 4806 1390 4860 quae
1425 4787 1560 4843 mihi
1587 4801 1713 4841 eum
1754 4800 1822 4843 eo

220 4885 542 4951 intercedit,
568 4883 765 4939 laedere
790 4882 993 4937 videar.
1023 4879 1169 4935 Idem
1198 4878 1538 4950 Epiphanius
1569 4876 1822 4931 Clemen-

219 4981 379 5035 tinos
433 4976 608 5032 libros
648 4974 820 5030 fuisse
870 4973 940 5028 ab
986 4970 1256 5031 Ebionitis
1307 4977 1599 5039 corruptos
1650 4974 1823 5023 testa-

222 5082 322 5127 tur
372 5068 508 5141 (77).
561 5066 792 5122 Photius
834 5064 996 5120 etiam
1045 5070 1206 5117 vocat
1245 5061 1358 5134 (78)
1390 5060 1642 5130 refertum
1691 5074 1823 5128 opus

222 5162 479 5221 absurdis
507 5162 682 5232 nugis,
715 5177 819 5215 non
843 5160 955 5213 sine
975 5156 1217 5226 pluribus
1247 5171 1311 5210 ea:
1338 5154 1457 5208 Arii
1495 5152 1741 5223 opinione
1769 5151 1826 5205 in

224 5260 437 5315 Filium
483 5256 841 5326 blasphemiis.
874 5252 1002 5309 Haec
1039 5259 1333 5307 suaserunt
1368 5249 1549 5320 magni
1585 5246 1826 5303 nominis

304 5463 418 5536 (τι)
457 5462 660 5528 Gotel.,
695 5461 751 5517 in
805 5460 983 5517 Judic.
1028 5458 1097 5515 de
1137 5457 1296 5513 libris
1349 5453 1644 5526 Recognit.,
1698 5468 1822 5526 pag.

219 5538 335 5592 484
367 5537 501 5591 edit.
533 5550 670 5591 nov.

305 5607 421 5675 (72)
459 5605 689 5669 Baron.,
721 5605 788 5661 ad
815 5620 946 5675 ann,
976 5600 1117 5675 ψει
1143 5598 1336 5675 §_xxn.

306 5670 421 5747 (75)
462 5676 688 5747 Dupin.,
702 5685 847 5747 tam.
878 5674 942 5729 Ill
970 5670 1230 5747 Biblioth.

306 5739 421 5814 (74)
460 5739 645 5814 Huet.,
676 5739 769 5800 'De
798 5746 932 5803 clar.
958 5746 1202 5814 interpr.,
1241 5744 1370 5814 pag.
1397 5739 1514 5795 151.

306 5752 400 5814 (74
460 5752 645 5814 Huet.,
690 5752 769 5800 De
798 5752 932 5803 clar.
958 5752 1202 5812 interpr.,
1241 5756 1365 5813 pag.
1397 5752 1514 5795 151.

305 5752 426 5890 (75;
461 5817 742 5885 Bellarm.,
769 5814 845 5873 De
866 5817 1046 5885 script.
1074 5813 1283 5883 eccles.,
1308 5811 1375 5869 ad
1398 5826 1528 5879 ann,
1558 5807 1649 5867 92.

1921 4610 2125 4681 prodit,
2172 4610 2229 4665 ni
2286 4608 2469 4675 fallor,
2512 4607 2820 4662 versionem
2871 4603 3053 4658 Ruﬁni
3103 4605 3407 4674 antiquitus
3452 4604 3520 4657 ad

1920 4702 2110 4757 Graeca
2140 4700 2472 4771 exemplaria
2509 4698 2846 4769 recognitum
2876 4704 2929 4750 et
2961 4697 3239 4752 collatam.

1992 4793 2131 4850 Vlll.
2160 4795 2315 4848 Nunc
2337 4793 2405 4847 ad
2429 4779 2717 4861 epistolam
2747 4788 3182 4858 Recognitiouum
3206 4786 3364 4842 libris
3390 4786 3522 4842 sub-

1917 4886 2121 4957 jectam
2172 4883 2544 4939 deveniamus.
2583 4882 2769 4951 Romae
2808 4896 2873 4934 ex
2925 4878 3135 4933 uadibus
3177 4877 3371 4950 Populi
3410 4877 3523 4933 Ro-

1922 4978 2094 5041 mani,
2132 4986 2277 5031 anno
2324 4976 2483 5038 1591,
2521 4975 2843 5045 prodierunt
2890 4971 3135 5042 epistola:
3160 4976 3521 5041 jsummorum

1924 5070 2266 5144 pontiﬁcum,
2299 5068 2476 5123 tribus
2507 5067 2673 5121 tomis
2703 5065 2977 5121 distinctae
3007 5083 3019 5118 :
3056 5064 3111 5118 in
3142 5078 3378 5134 quorum
3408 5062 3513 5133 pri-

1925 5179 2016 5218 mo
2045 5171 2173 5217 ante
2207 5176 2399 5216 omnes
2422 5161 2558 5215 alias
2590 5166 2773 5214 exstat
2793 5172 2915 5228 qua:
2944 5156 3146 5211 dicitur
3175 5154 3521 5210 Clementina

1927 5255 1996 5311 ad
2048 5253 2309 5309 Jacobum
2370 5252 2593 5306 fratrem
2653 5250 2867 5305 Domini
2951 5246 3149 5302 Ruﬁno
3203 5245 3518 5316 interprete.

2004 5452 2118 5526 (76)
2153 5450 2380 5517 Baron.,
2425 5447 2493 5502 ad
2535 5462 2663 5503 ann.
2695 5446 2786 5519 il,
2835 5445 2864 5517 §
2930 5462 2984 5511 ι,
3019 5452 3072 5501 et
3117 5442 3182 5498 ad
3231 5457 3360 5497 alin.
3400 5440 3517 5507 l02,

2159 5591 2201 5647 E
2243 5591 2381 5664 iph.,
2418 5588 2562 5645 Hier.
2592 5605 2720 5652 xxx,
2761 5588 2904 5659 διν.

2006 5596 2121 5731 (Ἱεζ
2160 5609 2347 5726 ΡΚοῑη
2381 5660 2523 5715 Bibl.
2558 5660 2684 5731 cod.
2716 5674 2877 5731 cxm.

2032 5660 2121 5726 78)
2160 5660 2347 5726 Phot.,
2381 5660 2523 5715 Bibl.
2558 5660 2684 5715 cod.
2716 5674 2877 5713 cxm.

2032 5668 2121 5731 78)
2160 5668 2347 5726 Phot.,
2381 5668 2523 5715 Bibl.
2558 5668 2684 5715 cod.
2716 5674 2877 5713 cxm.

1939 5807 1969 5885 ⁵
2158 5734 2369 5801 Petav.,
2394 5730 2795 5803 Dogm.Theol.,
2820 5728 2917 5786 lib.
2948 5743 2968 5785 ι
3015 5727 3098 5786 De
3122 5727 3298 5797 Trin.,
3324 5741 3445 5802 cap.
3466 5729 3522 5796 ὃ,
