3890 6192
506 324 644 389 1199

1357 332 1412 389 S.
1445 331 1842 387 CLEMENTIS
1882 334 1902 387 ι
1944 332 2112 394 ROM.
2156 336 2357 396 PONT.
2402 338 2629 395 OPERA
2669 337 2893 393 DCBIA.

3602 340 3717 398 1299

502 448 642 541 Huic
665 463 786 520 pag.
813 449 845 501 7
873 446 1181 541 adnectitur
1209 448 1393 541 spuria
1416 445 1832 541 appendixeum
1860 446 2075 541 epigra-
2106 484 2150 541 Α
2178 451 2583 521 exemplaribus
2599 449 2801 505 Gratcis
2818 464 2937 504 eam
2957 448 3111 505 libris
3140 448 3559 521 Recognitionum
3603 471 3719 525 prte-

501 540 606 612 phe
626 540 693 598 ad
718 553 870 594 oram
903 556 919 595 :
954 536 1388 606 Compendiolum
1411 536 1536 607 ﬁdei
1570 536 1911 591 Christianis.
1936 536 2076 591 Lab-

499 632 656 695 beus,
702 631 796 700 qui
841 637 987 684 tomo
1022 629 1042 682 ι
1081 628 1462 692 Conciliorum,
1495 642 1616 698 pag.
1660 626 1749 691 89,
1801 627 1953 683 illam.
1992 627 2077 681 in-

496 723 689 787 seruit,
715 722 782 776 de
820 721 1190 776 additamento
1234 724 1307 773 ita
1337 719 1527 775 scribit
1562 738 1573 773 :
1610 717 1710 771 llic
1741 715 1930 771 desinit
1962 719 2074 786 epi-

496 817 636 873 stola
654 818 708 869 in
737 814 1050 885 quibusdam
1071 813 1337 867 codicibus
1362 828 1380 866 .'
1404 822 1593 866 caetera
1616 820 1737 866 sunt
1762 812 1868 864 vice
1892 826 2077 879 appen-

495 909 628 964 dicis
686 908 871 961 addita
927 910 1071 961 circa
1124 922 1320 959 annum
1361 905 1487 970 800,
1536 914 1593 957 ut
1652 902 1875 958 videtur.
1927 901 2074 957 Idem

495 998 666 1053 ferme
710 1000 785 1051 ait
837 996 1181 1051 Mabillonius
1228 994 1364 1066 (80).
1398 993 1592 1049 Petrus
1646 992 1861 1049 Crabbe
1916 1006 2075 1048 assu-

494 1097 676 1143 mento
704 1088 1051 1157 conjunctam
1081 1086 1365 1156 epistolam
1390 1084 1696 1139 inseruerat
1718 1092 1865 1138 tomo
1889 1083 1910 1138 I
1940 1081 2075 1138 Con-

493 1181 757 1244 ciliorum,
806 1195 927 1250 pag.
962 1178 1029 1233 14
1071 1178 1201 1233 edit.
1245 1176 1440 1232 Colon.
1473 1176 1630 1233 1558.
1661 1176 1729 1230 At
1775 1174 2072 1231 Sichardus

493 1274 551 1328 in
598 1275 774 1343 prima
828 1288 926 1328 sua
979 1271 1409 1342 Recognitionum
1459 1269 1700 1325 editione
1753 1269 1882 1324 anni
1932 1266 2071 1323 1526

490 1373 699 1435 quartae
728 1380 791 1419 ex
835 1364 1080 1433 epistolis
1125 1362 1443 1426 Clementis,
1476 1362 1827 1432 appendicem
1871 1361 1945 1415 ita
1988 1360 2073 1414 in-

491 1457 752 1527 scriptam
805 1455 1157 1524 subjecerat:
1201 1452 1579 1522 Compendium
1634 1452 1779 1522 ﬁdei.
1831 1452 1963 1518 Quae
2014 1452 2069 1507 in

489 1550 655 1603 altera
684 1548 804 1617 ejus
833 1548 1073 1602 editione
1111 1546 1239 1600 anni
1271 1546 1409 1600 1556
1438 1545 1542 1616 ipsi
1567 1544 1811 1615 epistolae
1839 1543 2068 1614 conjun-

488 1638 651 1708 gitur.
690 1636 955 1691 Gruterus
998 1650 1237 1707 quoque,
1282 1633 1607 1689 Sichardum
1649 1640 1891 1696 secutus,
1931 1646 2065 1686 con-

482 1730 664 1799 junxit
708 1737 833 1799 post
882 1726 1299 1784 Constitutiones
1371 1730 1718 1800 apostolicus,
1772 1740 1897 1796 pag.
1936 1724 2062 1789 545,

2182 543 2307 610 poni
2339 543 2578 597 solitam.
2607 542 2959 611 Postponitur
2988 549 3168 597 tamen
3193 544 3250 598 in
3288 546 3471 601 codice
3499 545 3722 606 Palatino

2178 634 2299 690 sine
2321 634 2506 703 spuria
2534 634 2852 703 appendice.
2887 633 3140 702 Epistolae
3169 634 3273 705 ipsi
3300 636 3513 691 additur
3541 640 3593 694 in
3627 643 3721 695 col-

2177 723 2507 780 lectionibus
2542 723 2814 779 Vaticanis
2856 723 3049 781 lsidori
3087 726 3210 782 cod.
3243 727 3368 793 629,
3412 727 3506 784 fol.
3540 731 3653 797 l2'l,
3678 743 3723 787 et

2175 815 2299 869 cod.
2313 814 2437 879 650,
2483 816 2575 871 fol.
2609 816 2663 871 6.

2245 904 2386 970 Quin
2415 921 2545 977 ergo
2588 908 2883 963 Clementis
2913 909 3141 981 epistola
3181 910 3249 964 ad
3291 910 3554 968 Jacobum
3580 932 3719 985 quam

2176 993 2409 1051 Ruﬁnus
2436 996 2682 1051 Latinam
2716 997 2864 1065 fecit,
2887 1014 2951 1054 ea
2970 1000 3041 1055 sit
3057 1016 3190 1070 pura
3208 1010 3336 1070 puta
3353 1018 3471 1072 qua:
3502 1006 3721 1060 omnium

2174 1086 2429 1142 manibus
2454 1088 2664 1152 teritur,
2684 1087 2807 1157 jure
2839 1090 3039 1159 ambigi
3063 1092 3286 1160 nequit;
3319 1108 3417 1147 nec
3442 1110 3573 1149 sane
3586 1096 3723 1150 dubi-

2174 1184 2253 1231 tat
2283 1178 2641 1234 Bellarminus
2672 1181 2804 1250 (84).
2842 1182 3072 1252 ipsemet
3114 1183 3422 1241 Blondellus
3469 1187 3571 1242 hoc
3600 1188 3721 1242 idem

2174 1274 2310 1329 satis
2341 1275 2563 1341 evincit,
2597 1275 2847 1345 quamvis
2877 1292 2988 1331 suae
3012 1286 3173 1332 sectae
3200 1279 3347 1333 virus
3372 1294 3613 1336 censuras
3638 1283 3722 1335 im-

2172 1364 2419 1421 misceat.
2451 1366 2755 1423 Cotelerius
2797 1382 2921 1421 cum
2981 1382 3103 1439 post
3152 1369 3546 1442 Recognitiones
3593 1388 3721 1426 eam-

2170 1452 2291 1509 dem
2343 1457 2630 1526 epistolam
2686 1458 2869 1516 Grazee
2902 1472 2953 1516 et
2981 1462 3170 1519 Latine
3213 1466 3329 1520 sine
3377 1467 3489 1520 ullo
3535 1466 3722 1521 addita-

2169 1551 2353 1598 mento
2384 1545 2667 1612 edidisset,
2699 1564 2824 1603 mox
2868 1549 3050 1604 Ruﬁni
3082 1552 3580 1623 interpretationem
3607 1557 3720 1612 sub-

2167 1633 2319 1704 jecit,
2352 1634 2419 1690 ad
2450 1644 2667 1692 veteres
2704 1638 2973 1695 editiones
3005 1646 3059 1693 et
3086 1640 3303 1695 codices
3333 1658 3467 1697 mss.
3500 1643 3567 1698 de
3592 1658 3722 1698 more

2170 1725 2443 1791 collatam,
2475 1734 2529 1782 ct
2558 1728 2611 1781 in
2653 1732 2829 1799 capita
2862 1729 2933 1785 20
2962 1730 3273 1786 distinctam
3300 1753 3313 1787 :
3342 1749 3575 1804 quorum
3602 1735 3719 1789 duo-

485 1838 650 1893 qnam
681 1830 862 1876 tamen
923 1819 1099 1875 Faber
1153 1830 1278 1874 ante
1334 1818 1693 1890 disjunxerat.
1741 1816 2063 1873 Theodorus
2094 1819 2137 1881 Β
2165 1816 2551 1873 devicesimum
2575 1821 2728 1875 citari
2755 1823 3067 1878 observavit
3090 1825 3143 1878 in
3165 1826 3399 1881 concilio
3434 1843 3451 1881 ι
3479 1826 3719 1883 Vasensi.

484 1910 798 1968 Bibliander
845 1910 985 1965 libro
1027 1909 1315 1979 inscripto,
1362 1906 1669 1964 Christiana
1706 1916 1757 1962 et
1798 1906 2061 1961 catholica

482 2004 747 2067 doctrina,
779 2002 1004 2058 Basileaa
1047 2017 1144 2072 per
1170 2000 1435 2055 Jacobum
1468 1998 1699 2053 Parcum
1749 1997 1907 2059 1550,
1938 2012 2061 2067 pag.

479 2094 608 2161 22L
640 2094 885 2150 eamdem
918 2093 1203 2164 epistolam
1238 2090 1429 2161 Ruﬁno
1463 2092 1762 2161 interprete
1808 2088 2063 2153 inseruit,

481 2189 576 2243 sed
609 2186 789 2241 ablata
820 2185 1138 2256 appendice.
1172 2183 1248 2237 Ea
1272 2191 1455 2238 tamen
1494 2184 1612 2237 sine
1640 2181 1860 2236 nomine
1896 2180 2065 2234 inter-

480 2279 669 2349 pretis,
731 2287 785 2333 et
841 2278 960 2333 sine
1008 2276 1307 2347 appendice
1360 2275 1566 2330 dudum
1622 2274 1830 2328 inserta
1890 2271 2067 2326 fuerat

477 2387 601 2441 pag.
635 2370 665 2423 7
708 2371 934 2425 alterius
980 2369 1128 2433 libri,
1171 2369 1251 2436 sic
1289 2364 1573 2438 praenotati
1612 2384 1627 2421 :
1662 2365 1917 2434 Epistola:
1962 2365 2066 2417 ali-

474 2469 600 2531 quot
626 2461 878 2524 illustres,
907 2476 1089 2530 graves
1114 2467 1165 2512 et
1196 2458 1439 2524 eruditw,
1464 2468 1616 2512 extra
1649 2456 1931 2510 bibliorum
1974 2472 2064 2508 ca-

475 2564 659 2601 nonem
685 2549 826 2609 licet,
852 2548 1159 2616 apostolica:
1206 2557 1381 2601 tamen
1413 2556 1462 2601 et
1483 2546 1605 2617 pice.
1646 2545 1899 2615 Augustte
1938 2544 2065 2600 Vin-

474 2638 1267 2710 delicorum,perAleJ:andrum
1297 2638 1701 2710 Wegssenhorm
1730 2637 1887 2702 15'29,
1919 2638 1974 2690 in
2006 2635 2085 2692 8‘-

550 2727 790 2784 Primam
848 2729 990 2784 inter
1045 2729 1310 2799 epistolas
1371 2727 1804 2800 pseudo-lsidori
1861 2734 2065 2781 temere

477 2818 690 2881 statuit,
726 2818 818 2889 qui
846 2832 965 2873 eam
1013 2818 1301 2872 virulentis
1346 2814 1494 2871 notis
1520 2816 1587 2870 de
1616 2830 1767 2869 more
1816 2813 2061 2883 conligit,

474 2907 812 2965 Blondellus.
842 2907 1043 2974 Quanti
1086 2923 1206 2963 eam
1241 2906 1431 2962 fecerit
1474 2904 1802 2960 Franciscus
1847 2904 2067 2959 Turria.

476 3017 603 3065 nus,
636 3000 762 3056 inde
808 3007 1025 3055 constat
1064 2999 1211 3069 quod
1255 3013 1374 3053 eam
1416 3005 1469 3052 et
1515 3012 1613 3067 pro
1644 3012 1771 3051 vera
1812 3003 2052 3057 tueatur,

474 3101 529 3148 ct
568 3091 773 3148 Latina:
804 3092 1044 3147 versioni
1091 3090 1432 3153 roborandus,
1467 3106 1535 3145 ex
1575 3089 1763 3144 codice
1794 3086 2059 3142 Vaticano

473 3184 725 3239 Graecum
759 3183 880 3252 ejus
911 3193 1221 3237 contextum
1251 3198 1360 3235 non
1383 3181 1549 3235 semel
1582 3181 1806 3235 advocet
1832 3178 1965 3250 (81).
1990 3179 2060 3231 At
2086 3159 2129 3219 (ἶ

473 3273 733 3333 Ruﬁnum
757 3274 1030 3330 versionis
1068 3281 1347 3329 auctorem
1374 3288 1517 3336 esse,
1551 3285 1674 3325 cum
1714 3278 1895 3325 careat
1936 3286 2058 3340 pro-

475 3366 612 3435 logo,
643 3380 751 3418 non
784 3364 1022 3418 admittit
1053 3362 1188 3433 (82).
1222 3362 1358 3427 Quis
1383 3376 1513 3417 vero
1541 3362 1777 3432 ignorat,
1802 3358 2056 3413 Rulinum

475 3456 811 3526 longioribus
857 3465 1066 3510 tantum
1098 3452 1411 3508 Graecorum
1458 3454 1701 3522 scriptis,
1745 3468 1857 3506 non
1907 3452 2056 3505 brevi

474 3563 538 3601 ac
567 3547 801 3619 simplici
822 3548 1090 3618 epistolae,
1116 3562 1181 3601 ex
1206 3544 1470 3600 Gennadii
1493 3546 1783 3610 sententia,
1814 3542 2056 3613 prologos

472 3638 605 3694 dare
630 3639 925 3694 debuisse?
956 3637 1212 3708 Epistula:
1248 3637 1626 3705 antiquitatem
1665 3636 1863 3690 astruit
1902 3633 2059 3687 testi—

474 3733 717 3787 monium
745 3730 954 3797 Ruﬁni,
985 3731 1053 3785 ab
1077 3732 1136 3785 se
1158 3731 1285 3784 olim
1316 3731 1740 3796 iuterpretatam,
1770 3736 1925 3797 atque
1954 3725 2059 3781 edi-

474 3836 585 3879 tam
616 3824 985 3879 asseverantis
1018 3823 1071 3877 in
1102 3823 1423 3893 praefatione
1441 3821 1507 3874 ad
1540 3819 1933 3881 Gaudentium;
1957 3817 2058 3871 Re-

472 3915 856 3987 cognitionibus
881 3930 990 3969 non
1023 3916 1382 3985 praemissam,
1408 3914 1535 3984 quia
1558 3925 1782 3981 tempore
1802 3913 2057 3980 posterior

472 4014 573 4071 est,
603 4008 803 4074 nempe
848 4002 1305 4073 Recognitionibus
1335 4019 1364 4057 a
1407 4004 1701 4065 Clemente,
1736 4008 1796 4054 ut
1836 4002 2058 4070 putaba-

472 4104 586 4158 tur,
621 4102 780 4149 antea
809 4094 1159 4164 conscriptis.
1191 4093 1338 4149 Istud
1365 4094 1545 4149 Ruﬁni
1580 4092 1866 4148 consilium
1896 4090 2058 4145 Cote-

473 4187 643 4242 lerius
675 4192 921 4249 secutus,
944 4202 1063 4241 eam
1088 4194 1142 4241 et
1170 4188 1284 4257 ipse
1306 4184 1809 4256 OperiClementino
1836 4188 2057 4253 postpo-

474 4278 605 4341 suit,
640 4277 769 4333 licet
797 4277 979 4332 codici
1003 4277 1352 4333 Cartnelitico
1384 4276 1644 4332 insertam
1687 4276 1828 4329 inter
1858 4273 2056 4343 precia—

475 4370 679 4425 tionem
709 4376 763 4424 et
816 4368 1213 4441 Recognitiones
1251 4369 1566 4439 reperis’set.
1592 4367 1690 4443 Alta
1718 4380 1851 4421 sane
1892 4364 2054 4419 etiam

474 4460 692 4515 codices
720 4461 920 4531 quibus
949 4478 1084 4518 usus
1116 4460 1218 4515 fuit
1264 4459 1628 4530 Stapulensis,
1662 4457 1920 4511 insertam
1958 4456 2055 4509 ha-

477 4551 843 4608 bueruntzet
899 4551 1125 4609 Pbotius
1175 4566 1391 4623 quoque
1445 4557 1631 4620 aperte
1683 4549 1758 4602 ait
1812 4547 1947 4619 (85),
1998 4547 2054 4601 in

549 4728 662 4869 (80)
704 4727 930 4796 Mabill.,
959 4730 1197 4784 Analect.
1229 4738 1362 4785 tom.
1397 4729 1437 4790 1,
1474 4742 1593 4798 pag.
1632 4726 1754 4782 142.

572 4800 631 4853 81
701 4798 978 4865 Turrian.,
1012 4802 1105 4857 lib.
1132 4816 1190 4867 ll,
1216 4815 1374 4869 capp.
1407 4800 1441 4853 5
1469 4810 1523 4853 et
1566 4798 1655 4863 15,
1695 4813 1754 4868 pr

572 4796 662 4869 81)
701 4798 978 4865 Turrian.,
1012 4802 1105 4857 lib.
1132 4816 1190 4867 ll,
1216 4815 1374 4870 capp.
1407 4800 1441 4853 5
1469 4796 1523 4853 et
1552 4796 1655 4863 15,
1695 4812 1794 4868 pro
1842 4796 2051 4851 Canon.

478 4877 662 5148 ap
703 4940 781 4995 ld.
811 4941 967 5005 ibid.,
1002 4941 1099 4997 lib.
1131 4958 1204 5006 ιν,
1240 4954 1360 5010 cap.
1391 4938 1483 4995 et.

573 5010 662 5076 83)
699 5008 880 5075 Phot.,
907 5011 1029 5067 cod.
1065 5026 1220 5066 cxnt.

573 5079 662 5148 84)
702 5079 979 5146 Bellarm.,
1012 5081 1087 5136 De
1128 5082 1279 5137 Rom.
1315 5079 1483 5148 ponti]

573 5008 662 5076 83)
699 5008 880 5075 Phot.,
907 5011 1029 5067 cod.
1065 5026 1220 5066 cxnt.

573 5079 979 5162 84).Rellarm.,
1012 5081 1087 5136 De
1128 5082 1279 5137 Rom.
1315 5079 1527 5149 pontif.,
1558 5078 1654 5134 lib.
1696 5092 1757 5144 ll,
1802 5092 1919 5147 cap.
1964 5076 2051 5139 ﬂ,

484 5160 611 5217 post
666 5158 789 5206 init.

553 5219 665 5291 (85)
705 5222 859 5291 Apud
888 5221 1084 5287 Labb.,
1114 5229 1245 5291 tom.
1276 5221 1365 5289 111,
1390 5236 1514 5291 pag.
1542 5219 1702 5275 1158.

552 5288 667 5427 (58%;)
709 5288 943 5361 Capitul.
976 5309 1081 5362 reg.
1116 5290 1340 5354 Franc.,
1377 5288 1508 5345 (oni.
1535 5291 1600 5353 ll,
1639 5304 1764 5378 pag.
1791 5288 1950 5345 1127.

651 5360 670 5431 )
708 5362 862 5431 Apud
893 5364 1087 5431 Labb.,
1122 5370 1253 5418 tom.
1290 5362 1380 5431 IX,
1414 5376 1536 5431 pag.
1566 5362 1690 5418 M6.

757 5362 862 5432 pud
893 5364 1087 5432 Labb.,
1122 5370 1253 5418 tom.
1290 5362 1380 5431 IX,
1414 5376 1536 5434 pag.
1566 5362 1690 5418 M6.

2087 4520 2135 4579 D

2167 1922 2313 1963 anno
2345 1910 2449 1964 142
2474 1912 2769 1977 celebrato,
2810 1930 2932 1970 can.
2976 1915 3009 1970 6
3052 1916 3189 1987 (85),
3230 1918 3285 1972 in
3338 1918 3720 1988 Capitularibus

2166 2014 2353 2070 regum
2377 2000 2710 2058 Francorum
2743 2006 2879 2076 (86),
2909 2006 3074 2077 inque
3104 2010 3337 2064 concilio
3370 2010 3594 2066 Mctensi
3614 2025 3718 2064 can.

2166 2089 2235 2143 12
2271 2091 2405 2161 (87).
2456 2093 2671 2149 Citatur
2726 2113 2941 2167 quoque
2978 2114 3009 2151 a
3048 2098 3269 2155 Nicolao
3310 2102 3351 2164 l,
3393 2103 3553 2172 epist.
3585 2102 3666 2163 49,
3696 2115 3721 2154 a

2163 2181 2373 2238 Joanne
2396 2183 2532 2247 Vill,
2557 2188 2718 2257 epist.
2760 2188 2883 2253 234,
2910 2197 2963 2244 et
2993 2205 3024 2244 a
3052 2189 3311 2261 Gregorio
3342 2191 3453 2258 Vll,
3494 2194 3586 2248 lib.
3614 2206 3719 2256 VIII,

2164 2274 2325 2344 epist.
2349 2275 2439 2329 21.
2467 2276 2549 2332 Ad
2584 2279 2704 2348 ejus
2733 2281 3066 2352 epigraphen
3106 2291 3258 2345 tanto
3279 2293 3403 2340 ante
3423 2286 3622 2349 ,allusit
3648 2283 3721 2337 Si-

2163 2363 2361 2420 donius
2382 2366 2475 2421 lib.
2513 2383 2588 2434 vt,
2620 2368 2779 2437 epist.
2807 2371 2860 2435 1,
2891 2371 3246 2442 eamdemque
3284 2372 3720 2428 Bibliothecarius

2173 2450 2228 2504 in
2249 2451 2509 2508 Clemente
2525 2455 2782 2513 laudavit.
2806 2460 3200 2530 Antiquissima
3217 2476 3339 2517 esse
3358 2462 3597 2517 craiitur
3614 2478 3721 2531 per-

2170 2539 2298 2599 inde
2338 2562 2403 2601 ac
2431 2559 2559 2603 sunt
2587 2551 2710 2607 libri
2739 2552 3193 2624 Recognitionum.
3223 2553 3293 2608 At
3319 2553 3583 2610 Clementi
3610 2565 3718 2609 ante

2164 2633 2521 2701 Blondellum,
2556 2639 2795 2708 quinque
2839 2640 3080 2711 insignes
3129 2639 3186 2695 S.
3220 2639 3286 2696 R.
3322 2640 3382 2695 E.
3434 2639 3718 2694 cardinales

2163 2728 2608 2795 altjudicavcrant
2638 2750 2651 2784 :
2695 2728 3109 2786 Turrecremata
3140 2732 3273 2803 (88),
3318 2733 3570 2786 Cusanus
3599 2730 3715 2800 (89),

2163 2816 2428 2875 Baronius
2458 2821 2592 2891 (90),
2634 2820 2991 2878 Bellarminus
3018 2822 3128 2891 (91)
3165 2830 3219 2876 et
3261 2820 3558 2875 Perronius
3599 2819 3713 2886 (0‘2).

2163 2908 2238 2962 Et
2293 2911 2689 2980 antiquioribus
2742 2912 2883 2967 idem
2945 2921 3240 2969 sanxerant
3289 2910 3487 2967 Petrus
3546 2913 3715 2966 Corne-

2163 3011 2279 3054 stor
2306 3002 2439 3072 (95),
2473 3018 2535 3057 ac
2565 3012 2751 3073 postea
2776 3003 3050 3060 Marsilius
3075 3004 3372 3059 Patavinus
3396 3005 3530 3073 (94),
3552 3013 3601 3058 et
3624 3000 3715 3055 Go-

2163 3092 2379 3147 belinus
2416 3093 2657 3148 Persona
2709 3094 2841 3164 (95).
2888 3093 2963 3149 De
3008 3093 3239 3165 epistola
3288 3095 3324 3149 5
3378 3093 3711 3149 Clementina.

2161 3184 2321 3253 cujus
2368 3184 2744 3254 interpretatio
2794 3184 2992 3239 Ruﬁno
3041 3186 3205 3239 etiam
3251 3184 3544 3247 tribuitur,
3598 3180 3712 3236 nihil

2160 3275 2364 3341 dicam,
2396 3292 2520 3330 cum
2566 3277 2770 3348 liqueat
2795 3291 2914 3331 eam
2955 3273 3022 3329 ad
3067 3274 3262 3331 lsidori
3289 3291 3505 3330 merces
3530 3274 3592 3328 de
3617 3281 3711 3324 toto

2161 3373 2433 3435 spectare.

2231 3456 2505 3511 llactenus
2529 3458 2932 3513 eruditissimus
2968 3456 3308 3513 Fontaninus
3334 3475 3350 3513 :
3379 3473 3445 3513 ex
3476 3456 3711 3524 cuiusm—

2160 3563 2282 3602 men
2305 3561 2467 3618 opere
2486 3548 2573 3600 illa
2590 3556 2798 3602 tantum
2824 3551 3220 3619 excerpsimus,
3248 3564 3371 3618 quae
3396 3548 3466 3601 ad
3497 3560 3602 3600 rem
3629 3557 3701 3596 no

2160 3646 2329 3693 stram
2357 3639 2701 3709 potissimum
2748 3640 3109 3710 pertinebant,
3147 3655 3319 3710 eaque
3359 3655 3460 3711 pro
3504 3632 3710 3692 instituti

2159 3730 2336 3785 nostri
2372 3731 2582 3785 ratione
2617 3731 2966 3800 digessimus.
2996 3732 3169 3787 Porro
3206 3733 3271 3786 ad
3309 3730 3709 3801 Ret-agnitionem

2157 3822 2450 3877 editionem
2488 3830 2733 3876 nostram
2777 3824 2922 3893 quod
2960 3825 3173 3886 attinet,
3219 3827 3496 3894 exemplar
3521 3822 3711 3877 Cotele-

2158 3910 2393 3977 rianum,
2434 3913 2675 3965 omnium
2705 3912 3237 3981 praestantissimum,
3278 3914 3425 3984 typis
3466 3911 3713 3968 excuden-

2158 3998 2289 4053 dum
2325 4002 2669 4057 tradidimus.
2704 4000 2989 4058 Lectiones
3021 4005 3297 4059 variantes
3325 4006 3561 4074 potiores
3587 4016 3714 4056 mar-

2157 4091 2265 4160 gini
2295 4092 2593 4161 appositas,
2629 4093 2745 4147 suis
2789 4094 2926 4149 locis
2954 4094 3319 4149 restituimus.
3354 4094 3587 4149 Editoris
3624 4091 3713 4145 ob-

2159 4184 2496 4239 servationes
2525 4185 2697 4238 textui
2729 4184 3092 4241 subdidimus.
3126 4185 3255 4252 Quae
3283 4195 3468 4241 autem
3499 4186 3605 4241 suis
3626 4200 3713 4236 no-

2157 4276 2230 4331 tis
2282 4275 2514 4329 intexuit
2568 4273 2634 4329 γ.
2666 4275 2730 4331 C.
2781 4286 2964 4331 vetera
3011 4287 3384 4339 monumenta,
3435 4293 3503 4330 ne
3553 4274 3713 4343 Operis

2158 4364 2319 4425 lectio
2351 4364 2514 4417 nimis
2551 4363 2929 4433 impediretur,
2970 4366 3027 4419 in
3071 4364 3442 4435 Appendiccm
3485 4362 3709 4434 Βετορηὶ-

2162 4455 2386 4508 tionibus
2417 4454 2717 4525 subjectam
2750 4455 3062 4525 rejecimus.

2233 4728 2344 4798 (88)
2387 4726 2687 4798 Turrecr,
2713 4724 2917 4798 Summ.
2946 4724 3119 4787 Eccl..
3158 4728 3254 4782 lib.
3292 4742 3354 4788 ll,
3387 4743 3510 4797 cap.
3538 4726 3645 4798 lfll.

2233 4794 2347 4869 (89)
2384 4798 2615 4869 Cusum,
2648 4794 3157 4869 Concordtgatnol”
3190 4800 3284 4852 lib.
3314 4815 3397 4861 ιιι,
3423 4794 3540 4867 cap.
3577 4796 3626 4848 2.

2229 4864 2342 4937 (90)
2378 4868 2603 4932 Baron.,
2633 4866 2711 4937 ad
2728 4880 2867 4937 ann.
2897 4864 2986 4929 69,
3016 4866 3043 4937 §
3070 4883 3179 4922 xw.

2257 4933 2345 5005 91)
2382 4934 2945 5007 Βειιειτωι,ί1)είεενὶρε.
2958 4933 3119 5007 gave!”
3144 4939 3209 4991 ad
3229 4952 3357 4991 ann.
3385 4937 3475 4997 92,
3499 4952 3610 5007 pag.
3631 4933 3705 4987 51.

2252 5004 2341 5070 92)
2381 5007 2636 5068 Perron.,
2666 5006 2723 5059 in
2745 5006 2927 5063 iterat.
2949 5004 3201 5075 Respons.
3228 5013 3297 5061 ad
3330 5025 3439 5077 reg.
3466 5004 3704 5061 Brittium.

2252 5096 2281 5132 l.
2314 5080 2402 5132 51.
2433 5093 2556 5132 patr.
2591 5075 2714 5130 159.

2160 5094 2281 5141 cap.
2314 5093 2402 5141 oi,
2433 5093 2556 5141 pag.
2591 5093 2714 5130 που.

2227 5094 2281 5149 p.
2314 5093 2402 5141 'ol,
2433 5093 2556 5147 pag.
2591 5093 2714 5130 1ου.

2232 5148 2347 5219 (95)
2385 5145 2831 5219 Comest.,_ﬂist.
2859 5145 2979 5219 Αᾳ.
3006 5156 3223 5219 Δαροδιη
3252 5163 3373 5219 cap.
3405 5149 3522 5203 Illi.

2251 5218 2611 5342 94%7Marsil.,
2664 5216 2853 5270 Patav.
2911 5216 3187 5287 Defensor.
3253 5216 3396 5287 pain,
3456 5225 3591 5289 part.
3648 5225 3703 5272 tl.

2251 5305 2285 5342 ι.
2394 5331 2406 5342 .

2163 5305 2285 5358 cap.

2237 5331 2607 5433 I(’95-)hobel"
2637 5355 2940 5425 Cosmord.,
2965 5365 3110 5414 aetat.
3140 5375 3217 5424 vt,
3250 5373 3372 5431 cap.
3402 5359 3451 5412 7.
