3890 6192
1429 279 2003 341 RECOGNITIONES.
2043 278 2405 336 PROG'JMIA.
3399 273 3535 331 ηοθ

291 287 440 348 ηθδ

447 433 3429 459 ‘——————-————n——-————-——————-————————-—————-—-———————

1584 598 2267 737 RUPIng

1316 811 1876 886 AQUILEIENSIS
1914 809 2409 875 PRESBYTER]

1894 991 1948 1031 IN

662 1150 759 1244 S.
836 1150 1513 1243 CLEMENTIS
1594 1148 2618 1244 RECOGNITIONUM
2701 1147 3134 1241 LIBROS

1493 1370 2327 1501 PR/EFATIO

1397 1614 1488 1672 AD
1523 1612 1985 1671 GAUDENTIUM
2022 1611 2435 1670 EPISCOPUM.

1876 1795 1943 1807 ..ι-υ

356 1927 479 1984 Tibi
496 1929 740 2000 quidem,
763 1926 1031 1986 Gaudenti
1064 1928 1195 2001 (98),
1210 1936 1524 1984 nostrorum
1548 1927 1717 1983 decus
1742 1928 1957 1999 insigne
1989 1928 2300 1993 doctorum,
2334 1934 2520 1982 tantus
2552 1927 2753 1998 ingenii
2780 1928 2954 1999 vigor,
2986 1929 3094 1985 imo
3117 1937 3270 1983 tanta
3305 1930 3539 1999 spiritus

279 2023 461 2096 gratia
492 2032 595 2086 est,
630 2030 689 2077 ut
716 2022 761 2078 si
784 2023 914 2093 quid
942 2040 971 2077 a
1006 2032 1057 2078 te
1085 2023 1249 2077 etiam
1282 2021 1589 2092 quotidiani
1619 2020 1823 2090 eloquii
1856 2036 2008 2075 more
2056 2021 2282 2084 dicitur,
2327 2019 2371 2074 si
2405 2018 2536 2090 quid
2567 2021 2622 2074 in
2653 2020 2889 2075 ecclesia
2944 2021 3308 2089 declamatur,
3360 2022 3415 2076 id
3468 2024 3525 2079 in

279 2112 443 2168 libris
469 2112 656 2167 haberi
686 2120 740 2167 et
764 2112 833 2167 ad
865 2113 1289 2170 instructionem
1322 2112 1465 2167 tradi
1500 2112 1736 2182 posteris
1765 2110 1984 2168 debeat.
2009 2111 2122 2167 Nos
2145 2121 2350 2175 tamen,
2387 2126 2526 2181 quos
2561 2119 2614 2166 et
2638 2111 2839 2182 ingenii
2862 2113 3101 2169 tenuitas
3129 2115 3314 2170 minus
3339 2131 3532 2191 prom-

278 2208 429 2269 ptos,
461 2209 517 2256 et
543 2203 906 2272 senectajam
930 2202 1118 2258 tardos
1150 2203 1329 2258 reddit
1356 2217 1421 2256 ac
1453 2218 1669 2273 segnes,
1694 2218 1835 2274 Opus
1877 2202 2025 2273 quod
2057 2203 2186 2257 olim
2216 2201 2538 2257 veneranda
2589 2204 2865 2258 memoria
2909 2204 3064 2276 virgo
3096 2203 3266 2260 Silvia
3299 2206 3413 2279 (99)
3448 2207 3537 2262 in-

272 2280 577 2362 junxerat,
596 2301 653 2346 ut
681 2291 1017 2349 Clementem
1044 2302 1250 2351 nostra
1277 2296 1475 2368 lingua
1500 2296 1856 2351 redderemus
1883 2294 2056 2366 (100),
2094 2303 2149 2350 et
2179 2302 2238 2348 tu
2261 2294 2521 2364 deinceps
2538 2295 2665 2366 jure
2684 2296 3033 2353 bareditario
3077 2298 3367 2368 poscebas,
3401 2300 3531 2355 licet

278 2384 483 2440 multas
514 2394 634 2456 post
656 2403 861 2450 moras,
901 2394 1085 2443 tamen
1111 2390 1411 2459 aliquando
1438 2387 1805 2449 restituimus,
1845 2387 2213 2458 pradamque,
2242 2394 2301 2440 ut
2326 2388 2545 2458 opinor,
2580 2404 2689 2442 non
2719 2405 2966 2459 parvam,
2992 2389 3312 2463 Gracorum
3349 2391 3543 2454 biblio-

276 2477 458 2532 thecis
482 2489 746 2547 ereptam,
778 2488 1095 2536 nostrorum
1121 2483 1315 2538 usibus
1343 2490 1399 2538 et
1420 2481 1750 2537 utilitatibus
1784 2485 2196 2543 convectamus,
2231 2487 2289 2534 ut
2317 2496 2455 2550 quos
2478 2478 2717 2550 propriis
2742 2496 2850 2534 non
2880 2496 3202 2551 possumus,
3227 2482 3539 2552 peregrinis

276 2571 593 2626 nutriamus
624 2573 922 2629 alimoniis.
954 2573 1093 2628 Nam
1135 2582 1190 2630 et
1221 2577 1398 2632 solent
1424 2580 1678 2633 suaviora
1703 2575 1877 2631 videri
1904 2576 2211 2645 peregrina,
2232 2574 2504 2629 interdum
2529 2590 2659 2629 vero
2679 2585 2733 2629 et
2765 2575 3004 2631 utiliora.
3032 2574 3278 2646 Denique
3297 2578 3542 2650 peregri-

277 2678 412 2718 num
432 2671 516 2718 est
541 2680 678 2733 pene
700 2681 861 2720 omne
887 2666 1035 2736 quod
1062 2668 1328 2723 medelam
1351 2668 1680 2739 corporibus
1710 2666 1945 2731 confert,
1970 2666 2116 2736 quod
2140 2665 2347 2721 morbis
2377 2666 2640 2733 occurrit,
2665 2666 2810 2736 quod
2842 2682 3051 2723 venena
3080 2668 3325 2740 depellit.
3350 2667 3540 2725 Judaa

277 2754 514 2810 balsami
542 2755 861 2827 lacrymam,
896 2755 1059 2812 Creta
1089 2772 1306 2813 comam
1331 2757 1596 2813 dictamni
1631 2755 1822 2823 mittit,
1852 2755 2056 2810 Arabia
2084 2764 2391 2809 aromatum
2418 2754 2604 2819 ﬂores,
2624 2762 2678 2809 et
2702 2757 2978 2825 spicarum
3011 2759 3167 2813 nardi
3195 2758 3349 2814 India
3378 2774 3537 2831 sege-

278 2855 391 2903 tem
419 2850 591 2917 metit,
619 2866 739 2920 qua
770 2852 914 2921 apud
946 2867 1069 2915 nos,
1103 2852 1319 2907 etiamsi
1349 2851 1690 2922 aliquantulo
1720 2864 1886 2920 quam
1919 2848 2177 2918 proprius
2203 2862 2333 2918 ager
2380 2846 2589 2914 attulit,
2624 2846 2885 2904 fractiora
2938 2830 3315 2919 perveniunt,
3347 2830 3538 2905 odoris

275 2950 465 2996 tamen
490 2942 722 3012 gratiam
753 2944 971 3013 vimque
1000 2942 1256 2998 medendi
1290 2943 1557 3013 integram
1589 2946 1831 2996 servant.
1869 2936 2104 3006 Suscipe
2138 2937 2327 3007 igitur,
2380 2936 2562 2991 anime
2594 2936 2692 2998 mi,
2738 2937 3057 2994 redeuntem
3092 2940 3161 2994 ad
3198 2949 3252 2996 te
3280 2940 3537 2997 Clemen-

276 3034 393 3085 tem
423 3039 696 3095 nostrum,
731 3034 950 3104 suscipe
974 3033 1087 3102 jam
1111 3031 1440 3087 Romanum.
1468 3030 1579 3086 Nec
1613 3030 1853 3093 mireris,
1887 3029 1934 3083 si
1983 3027 2124 3084 forte
2161 3027 2261 3083 tibi
2300 3027 2355 3081 in
2396 3042 2464 3082 eo
2512 3028 2697 3083 minus
2740 3030 2904 3085 solito
2935 3027 3164 3088 ﬂoridus
3209 3034 3538 3105 eloquentia

276 3126 468 3180 vultus
499 3134 781 3195 appareat.
825 3126 973 3181 Nihil
998 3126 1245 3189 interest,
1296 3124 1596 3179 dummodo
1622 3137 1819 3178 sensus
1847 3121 1990 3177 idem
2025 3119 2222 3190 sapiat.
2245 3118 2571 3189 Peregrinas
2602 3135 2733 3191 ergo
2760 3137 2972 3181 merces
3001 3124 3175 3178 multo
3202 3123 3257 3179 in
3293 3128 3529 3198 patriam

275 3214 482 3273 sudore
511 3218 939 3274 transvehimus.
974 3216 1042 3271 Et
1073 3217 1262 3273 nescio
1295 3231 1457 3287 quam
1478 3224 1668 3286 gratus
1697 3230 1784 3269 me
1830 3214 2034 3268 civium
2064 3213 2253 3266 vultus
2282 3210 2505 3281 accipit,
2538 3227 2737 3281 magna
2769 3214 2874 3268 sibi
2918 3213 3142 3271 Gracia
3177 3218 3358 3287 spolia
3387 3221 3540 3278 defe-

274 3316 517 3374 tentem,
547 3316 603 3364 et
632 3310 881 3366 occultos
911 3309 1194 3380 sapientia
1230 3309 1520 3365 thesauros
1557 3312 1761 3361 nostra
1796 3306 1994 3376 lingua
2020 3305 2173 3359 clave
2199 3310 2559 3359 reserantem.
2595 3301 2702 3359 Sed
2726 3306 2871 3361 votis
2902 3307 3015 3363 tuis
3057 3308 3235 3365 faveat
3265 3310 3432 3381 Deus,
3469 3324 3532 3371 ut

274 3399 467 3453 nullus
488 3399 650 3455 nobis
685 3400 910 3455 sinister
939 3399 1157 3464 oculus,
1189 3414 1290 3454 nec
1322 3398 1648 3467 cujusquam
1680 3397 1882 3451 lividus
1913 3401 2173 3450 occurrat
2209 3402 2486 3463 aspectus,
2511 3409 2582 3450 ne
2610 3402 2855 3450 extremo
2895 3398 3128 3470 prodigii
3155 3417 3374 3472 genere,
3403 3422 3531 3464 cum

274 3491 416 3546 nihil
447 3491 725 3547 invideant
755 3492 830 3545 illi
857 3492 1056 3561 quibus
1086 3491 1357 3555 aufertur,
1392 3490 1660 3546 livescant
1688 3495 1873 3544 tamen
1897 3488 1989 3543 isti
2013 3487 2217 3558 quibus
2236 3485 2542 3542 confertur.
2576 3486 2820 3558 .IEquum
2852 3498 2936 3546 est
2976 3507 3131 3558 sane,
3160 3494 3260 3551 tibi
3292 3498 3388 3568 qui
3411 3498 3533 3556 hac

272 3582 443 3638 etiam
476 3584 552 3654 (l)
583 3582 769 3639 Graec
797 3584 994 3653 legeris
1022 3584 1114 3655 (ne
1155 3583 1296 3640 forte
1327 3586 1384 3640 in
1433 3584 1708 3655 aliquibus
1759 3584 1941 3638 minus
1988 3598 2018 3637 a
2075 3582 2234 3637 nobis
2265 3590 2543 3638 servatum
2598 3584 2979 3640 translationis
3025 3589 3276 3644 ordinem
3322 3594 3535 3663 putes),

274 3674 751 3745 interpretationis
780 3688 981 3731 nostra
1010 3676 1253 3733 indicare
1277 3677 1594 3733 consilium.
1623 3676 1765 3732 Puto
1795 3675 1942 3746 quod
1974 3690 2085 3728 non
2119 3681 2173 3729 te
2213 3674 2399 3739 lateat,
2436 3673 2732 3731 Clementis
2761 3676 2925 3745 hujus
2975 3678 3029 3732 in
3071 3678 3261 3737 Graco
3291 3682 3534 3753 ejusdem

273 3767 463 3837 operis
504 3767 905 3837 Ἀναγνὼσεων,
932 3769 1038 3823 hoc
1059 3777 1143 3825 est
1172 3768 1626 3841 Recogm'tionum,
1652 3770 1791 3825 duas
1816 3768 2088 3824 editiones
2117 3767 2329 3832 haberi,
2368 3772 2424 3823 et
2454 3765 2564 3822 duo
2592 3782 2825 3839 corpora
2856 3785 2981 3826 esse
3012 3772 3302 3839 librorum,
3334 3776 3391 3831 in
3423 3776 3528 3829 alia-

274 3862 498 3934 quantis
527 3862 748 3931 quidem
782 3863 998 3919 diversa
1027 3862 1127 3934 (2),
1161 3863 1215 3917 in
1245 3863 1432 3919 multis
1474 3871 1661 3918 tamen
1692 3861 1939 3932 ejusdem
1971 3861 2327 3916 narrationis.
2379 3858 2639 3930 Denique‘
2666 3876 2794 3930 pars
2823 3862 3017 3918 ultima
3049 3865 3215 3937 hujus
3233 3870 3440 3938 operis,
3471 3869 3533 3924 in

276 3970 393 4027 qua
420 3956 489 4011 de
511 3955 1002 4011 transformatione
1037 3954 1277 4012 Simonis
1308 3957 1567 4021 refertur,
1602 3958 1658 4011 in
1684 3972 1797 4011 uno
1825 3971 2056 4025 corpore
2092 3954 2347 4017 habetur,
2399 3954 2456 4009 in
2488 3954 2597 4009 alio
2646 3957 2865 4026 penitus
2916 3974 3026 4013 non
3084 3961 3335 4018 habetur.
3389 3964 3535 4020 Sunt

273 4057 460 4105 autem
474 4048 789 4119 etquadam
810 4048 864 4102 in
881 4056 1111 4119 utroque
1127 4064 1356 4118 corpore
1369 4048 1436 4103 de
1462 4048 1705 4117 ingenito
1726 4047 1835 4103 Deo
1856 4046 2237 4118 genitoque('5)
2252 4046 2509 4111 disserta,
2528 4054 2583 4100 et
2602 4046 2671 4101 de
2692 4048 2814 4104 aliis
2838 4052 3140 4117 nonnullis,
3165 4066 3373 4125 qua,ut
3398 4059 3534 4114 nihil

276 4142 519 4211 amplius
538 4140 740 4204 dicam,
771 4148 1129 4196 excesserunt
1154 4140 1567 4210 intelligentiam
1594 4147 1861 4194 nostram.
1896 4137 2022 4191 Hac
2051 4154 2181 4207 ergo
2212 4151 2335 4207 ego,
2366 4144 2627 4207 tanquam
2653 4156 2773 4209 qua
2786 4157 2951 4211 supra
2974 4143 3120 4200 vires
3150 4162 3299 4203 meas
3324 4159 3530 4215 essent,

277 4233 403 4290 aliis
437 4246 723 4289 reservare
759 4233 949 4297 malui,
976 4247 1140 4303 quam
1172 4233 1356 4287 minus
1391 4232 1547 4303 plena
1568 4231 1836 4301 proferre.
1865 4229 1921 4283 lu
1948 4230 2164 4285 cateris
2194 4237 2668 4298 autem,quantum
2694 4233 2993 4302 potuimus,
3015 4252 3234 4306 operam
3258 4240 3530 4308 dedimus,

1580 4473 1945 4530 COTELERII
1996 4475 2227 4532 ΝΟΤΛΕ.

353 4635 793 4708 (98)_Gaudenti._
848 4633 1050 4708 Omnes
1104 4632 1321 4689 codices
1380 4648 1543 4708 manu
1596 4636 1802 4708 exarati
1836 4675 1852 4699 ,

277 4703 421 4777 quos
441 4703 627 4777 videre
665 4706 797 4777 mihi
841 4706 1098 4777 contigit;
1140 4719 1231 4777 sex
1253 4742 1268 4766 ,
1294 4773 1305 4777 ᾳ
1337 4703 1583 4777 scilicet,
1612 4704 1851 4777 habent,

276 4772 419 4847 papa
447 4774 728 4847 Gaudenti.
766 4772 1014 4845 Intellige
1040 4772 1405 4829 Gaudentium
1440 4772 1848 4839 Novariensem,

278 4845 376 4903 seu
402 4847 586 4914 potius
615 4845 969 4914 Brixiensem.

350 4912 464 4986 (99)
500 4915 671 4986 iYirgo
700 4913 901 4984 Sylvia.
933 4913 1109 4986 Etiam
1144 4912 1604 4986 mss._Candeler.
1636 4916 1853 4986 etHCar-

274 4982 455 5055 melit.
499 4982 653 5055 Virg'o
677 4982 885 5039 nomine
926 4984 1109 5038 Silvia.
1132 4983 1302 5055 Apud
1334 4982 1854 5055 Pralladium,Histo-

275 5058 374 5108 rite
402 5054 686 5109 Lausidcaz
743 5072 865 5124 cap.
900 5055 1022 5124 Hi.
1056 5054 1277 5119 Σαλϐία,
1310 5054 1492 5109 minus
1524 5055 1679 5118 bene,
1706 5064 1854 5110 recte

278 5124 452 5195 Silvia
481 5128 535 5195 in
566 5123 871 5179 Heraclidis
901 5123 1198 5195 quadiso,
1231 5139 1352 5195 cap.
1394 5124 1463 5178 42
1485 5164 1499 5186 ,
1532 5134 1585 5179 et
1622 5126 1852 5195 epistola

280 5196 339 5249 Η
378 5194 435 5251 S.
474 5194 710 5264 Paulini.
742 5195 861 5248 Alia
890 5209 920 5247 a
954 5193 1173 5247 Silvana
1202 5194 1366 5249 vidua
1388 5233 1406 5260 ,
1464 5195 1534 5250 de
1567 5193 1676 5264 qua
1713 5196 1854 5251 scri-

278 5274 465 5336 ptores
482 5265 625 5336 Vita
657 5263 715 5336 ξ.
756 5264 1190 5334 Chrysostomid

351 5334 499 5409 (100)
538 5333 976 5409 Ut__Clemen£em
1021 5344 1216 5388 nostra
1260 5335 1851 5409 linguareddefemus.

278 5402 585 5460 Romanum
631 5406 829 5475 lingua
872 5404 1265 5475 Romanorum.
1308 5402 1540 5460 Inferius
1581 5425 1593 5459 :
1638 5404 1853 5471 Suscipe

275 5476 459 5544 igitur.
492 5477 664 5545 anime
694 5474 764 5529 mi
793 5478 920 5544 (ms.
966 5474 1192 5529 Candel.
1217 5476 1582 5545 magnanime,
1611 5476 1849 5545 Carmel.

276 5547 352 5598 mi
382 5545 625 5607 Domine,
652 5544 769 5601 Pet.
801 5549 873 5600 mi
891 5546 1102 5615 amice),
1136 5544 1431 5615 redeuntem
1451 5544 1518 5597 ad
1545 5556 1590 5599 te
1612 5544 1853 5601 Clemen-

278 5624 382 5668 tem
416 5625 655 5675 nastrum
686 5630 705 5667 :
740 5619 941 5684 suscipe
968 5614 1086 5685 jam
1124 5614 1437 5685 Romanum.
1471 5614 1633 5669 Gravi
1676 5617 1850 5685 siqui-

260 5685 400 5771 ,dem
428 5702 616 5771 errore
647 5687 973 5771 Anastasius
1000 5684 1478 5771 Bibliothecarius',
1512 5684 1757 5771 E‘pis't‘olg
1782 5686 1851 5739 ad

260 5753 540 5831 fJoannem
559 5757 842 5814 diaconum
867 5757 1181 5826 Romanum,
1204 5772 1305 5812 nec
1325 5757 1602 5813 intellecto
1626 5754 1846 5825 Ruﬁno,

1957 4628 2190 4714 scribit":
2230 4627 2477 4714 Quinimo
2517 4632 2655 4714 sicut
2681 4639 2729 4681 et
2762 4632 2935 4714 ipsum
2962 4648 3177 4714 quoque
3207 4633 3529 4714 Clementem

1955 4716 2116 4772 quem
2138 4698 2359 4767 Ru/inus
2389 4700 2808 4772 nostraqlinguce
2844 4698 3137 4766 redditum,
3186 4700 3525 4772 restitutum,

1955 4768 2005 4846 et
2024 4768 2325 4846 redeuntem
2349 4770 2417 4822 ad
2445 4768 2798 4846 Gaudentium
2820 4771 3049 4846 scribens
3076 4774 3249 4826 innuit
3272 4790 3289 4836 ;
3311 4785 3361 4827 et
3387 4768 3529 4846 quod

1954 4840 2145 4893 Latine
2168 4841 2406 4913 scriptus
2438 4840 2625 4913 fuerit,
2660 4849 2708 4893 et
2739 4841 2993 4913 amissus,
3059 4859 3345 4913 rursusque
3386 4840 3528 4899 recc,-

1955 4922 2099 4980 ptus,
2130 4911 2403 4978 signanter
2444 4910 2669 4964 ostendi!
2698 4928 2715 4965 :
2751 4924 2873 4963 cum
2922 4910 3152 4967 Ruﬁnus
3180 4910 3370 4967 contra
3415 4932 3528 4971 non

1956 4983 2189 5036 obscure
2233 4980 2501 5049 signiticet
2557 4981 2608 5035 id
2657 4981 2799 5049 quod
2849 4997 2938 5036 res
2982 4990 3084 5044 est,
3133 4982 3526 5049 Recognitiones

1956 5049 2427 5123 primitusGrace
2457 5051 2691 5123 scriptas
2718 5120 2726 5123 _
2756 5049 2946 5123 fuisse.
3014 5051 3208 5109 Postea
3260 5049 3522 5122 Carmel.,

1956 5120 2475 5192 magnaisibigratia
2500 5122 2670 5191 spolia
2693 5120 3027 5189 deferentem.

2029 5179 2105 5259 (vi)
2147 5191 2247 5245 Ms.
2274 5179 2543 5259 Detjam'.

2050 5264 2104 5318 9.)
2147 5262 2246 5317 Ms.
2280 5260 2453 5317 Cand.
2484 5270 2538 5318 et
2556 5261 2617 5317 P.
2647 5262 2883 5316 diversa.

2050 5265 2083 5316 2
2147 5265 2246 5317 Ms.
2280 5265 2453 5317 Cand.
2484 5270 2538 5318 et
2556 5265 2617 5317 Ρ.
2647 5265 2883 5316 diversa.

2026 5265 2104 5405 (εξ
2144 5333 2221 5389 De
2256 5332 2483 5405 ingenito
2523 5332 2653 5397 Deo,
2693 5333 2982 5405 genimque,
3006 5339 3121 5405 etc.
3154 5331 3211 5386 In
3237 5334 3519 5391 sublimis-

1955 5403 2092 5462 sima
2140 5405 2242 5458 hac
2286 5404 2616 5470 quastione,
2661 5403 3117 5472 quemadmodum
3158 5405 3461 5473 appellatur
3489 5420 3523 5459 a

1953 5475 2254 5531 Claudiano
2291 5473 2584 5537 Mamerto;
2618 5483 2670 5526 et
2700 5474 2770 5544 in,
2794 5473 2917 5527 aliis
2961 5473 3285 5542 quibusdam
3320 5475 3520 5544 depra-

1955 5555 2110 5601 vatas
2141 5546 2310 5601 fuisse
2338 5545 2706 5600 Clementinas
2740 5543 3133 5612 Recognilioues
3181 5558 3277 5612 per
3304 5543 3519 5598 hareti-

1954 5632 2071 5677 cos,
2101 5616 2381 5671 Ebionitas
2401 5657 2415 5681 ,
2446 5613 2681 5669 Arianos
2701 5654 2714 5675 ,
2743 5624 2798 5669 et
2826 5613 3194 5666 Eunomianos
3214 5653 3228 5673 ,
3252 5612 3519 5669 discimus

1954 5687 2023 5741 ab
2054 5686 2389 5810 Egiphlanio,
2416 5684 2624 5760 _Rufino
2644 5726 2657 5751 ,
2684 5683 2893 5741 Pholio.
2936 5682 3071 5740 Vide
3103 5683 3243 5739 inl’ra
3267 5724 3279 5750 ,
3306 5684 3401 5740 lib.
3456 5694 3519 5734 lu

1954 5772 2075 5810 can.
2149 5796 2163 5810 .
2186 5773 2216 5810 e
2243 5774 2291 5810 c.

1954 5772 2075 5833 cap.
2108 5766 2163 5824 2,
2186 5766 2291 5814 etc.
