3890 6192
416 276 557 331 1907
1268 270 1328 325 S.
1370 265 1757 325 CLEMENTIS
1790 264 1811 321 l
1848 264 2019 324 ROM.
2059 264 2265 322 PONT.
2301 265 2533 324 OPEBA
2574 266 2804 327 DUBIA.

416 403 527 443 non
558 383 735 440 solum
771 398 802 438 a
837 380 1147 448 sententiis,
1175 381 1270 439 sed
1294 397 1365 438 ne
1393 396 1425 435 a
1455 382 1802 438 sermonibus
1840 380 2059 450 quidem
2082 382 2217 436 satis
2239 380 2752 454 elocutionibusquo
2777 383 3079 440 discedere.
3128 382 3260 452 Quae
3282 400 3370 441 res
3399 387 3659 456 quamvis

414 479 599 532 minus
617 486 896 540 ornatum,
922 475 1097 546 magis
1128 482 1311 529 tamen
1336 474 1492 528 fidele
1517 473 1849 528 narrationis
1878 472 2056 527 reddit
2077 471 2380 541 eloquium.
2406 472 2703 542 Epistolam
2733 490 2886 538 sane,
2921 476 2975 528 in
2997 491 3103 545 qua
3132 475 3272 531 idem
3300 474 3562 531 Clemens
3592 475 3662 531 ad

413 569 677 625 Jacobum
708 569 930 625 fratrem
956 568 1172 623 Domini
1199 569 1448 623 scribens
1479 566 1546 622 de
1574 567 1726 621 obitu
1756 565 1975 621 nuntiat
1994 564 2142 621 Petri
2172 565 2273 636 (4),
2302 572 2358 622 et
2380 565 2527 635 quod
2569 582 2628 621 se
2656 568 2939 638 reliquerit
2967 582 3343 623 successorem
3366 568 3655 623 cathedra

412 672 469 721 et
496 665 760 720 doctrina:
792 680 926 727 suae,
960 664 1015 718 in
1036 678 1145 734 qua
1174 663 1338 719 etiam
1369 662 1437 717 de
1465 662 1613 716 omni
1644 660 1835 717 ordine
1862 660 2242 715 ecclesiastico
2261 664 2595 726 continetur,
2616 662 2738 718 ideo
2763 679 2911 719 nunc
2932 662 3059 717 huic
3077 662 3227 733 Operi
3251 678 3359 717 non
3389 663 3661 733 praemisi,

414 760 544 831 quia
570 767 626 815 et
654 769 900 828 tempore
923 757 1197 828 posterior
1228 764 1335 820 est,
1361 764 1416 810 et
1445 756 1577 810 olim
1610 771 1641 810 a
1667 771 1754 810 me
1788 755 2145 824 interpretata
2165 763 2221 811 et
2255 754 2419 811 edita.
2452 754 2557 810 Sed
2588 755 2732 825 quod
2755 756 2811 811 in
2831 771 2894 811 ea
2920 756 3199 811 nonnullis
3222 755 3459 812 fortasse
3497 758 3663 813 vide-

413 854 565 910 bitur
596 854 1023 922 inconsequens,
1052 850 1100 907 si
1129 850 1218 904 hic
1244 850 1587 919 explanetur,
1613 864 1722 903 non
1754 855 1885 919 puto
1913 848 2215 903 absurdum
2240 849 2430 904 videri.
2463 848 2694 915 Quidam
2724 851 2868 905 enim
2902 852 3207 920 requirunt,
3234 850 3513 921 quomodo
3534 864 3665 906 cum

413 944 586 1002 Linus
611 953 665 1001 et
686 944 875 1000 Cletus
905 944 982 1015 (5)
1008 944 1063 998 in
1088 945 1224 998 urbe
1243 942 1415 998 Roma
1446 954 1573 997 ante
1598 940 1933 996 Clementem
1979 940 2127 996 hunc
2152 939 2355 996 fuerint
2384 941 2651 1012 episcopi,
2685 942 2801 1012 ipse
2832 942 3083 999 Clemens
3113 943 3182 997 ad
3210 941 3479 997 Iacobum
3517 944 3667 998 scri-

411 1040 571 1103 bens,
598 1040 705 1096 sibi
739 1038 935 1094 dicata
966 1037 1129 1094 Petro
1151 1036 1383 1093 docendi
1408 1036 1723 1092 cathedram
1756 1035 2033 1093 traditam.
2059 1033 2230 1105 Cujus
2258 1034 2335 1089 rei
2359 1034 2501 1091 hanc
2530 1035 2840 1105 accepimus
2853 1051 2976 1092 esse
3007 1035 3289 1099 rationem,
3314 1036 3462 1105 quod
3488 1034 3669 1090 Linus

413 1143 470 1191 et
492 1134 680 1189 Cletus
710 1131 936 1187 fuerunt
966 1129 1188 1201 quidem
1218 1137 1346 1185 ante
1376 1129 1710 1184 Clementem
1758 1126 2001 1196 episcopi
2046 1126 2103 1181 in
2146 1126 2280 1181 urbe
2314 1124 2509 1191 Roma,
2537 1127 2631 1182 sed
2657 1114 2954 1197 superstite
2982 1126 3169 1193 Petro,
3200 1128 3455 1182 videlicet
3489 1136 3555 1181 ut
3586 1124 3669 1182 illi

412 1227 766 1299 episc0patus
798 1236 986 1278 curam
1009 1229 1281 1291 gererent,
1315 1220 1431 1289 ipse
1456 1234 1584 1274 vero
1601 1218 1943 1288 apostolatus
1974 1215 2223 1287 impleret
2252 1215 2511 1281 officium,
2536 1218 2679 1272 sicut
2708 1218 2981 1273 invenitur
2996 1219 3157 1275 etiam
3185 1218 3326 1288 apud
3349 1218 3665 1274 Caesaream

414 1318 634 1380 fecisse,
665 1315 756 1370 ubi
788 1329 913 1369 cum
944 1312 1061 1383 ipse
1083 1320 1230 1367 esset
1257 1326 1519 1383 prmsens,
1553 1310 1875 1365 Zacchaeum
1900 1318 2082 1363 tamen
2116 1322 2147 1362 a
2174 1324 2233 1364 se
2281 1308 2596 1364 ordinatum
2629 1309 2863 1364 habebat
2892 1310 3227 1380 episcopum.
3262 1308 3329 1362 Et
3358 1309 3463 1363 hoc
3496 1310 3666 1363 modo

413 1418 708 1479 utrumque
737 1420 925 1462 verum
965 1403 1257 1468 videbitur,
1288 1410 1346 1457 ut
1370 1410 1424 1458 et
1453 1403 1529 1456 illi
1562 1409 1686 1456 ante
1705 1402 2040 1457 Clementem
2070 1410 2427 1456 numerentur
2450 1402 2717 1473 episcopi,
2736 1410 2791 1459 et
2815 1401 3067 1458 Clemens
3096 1410 3277 1456 tamen
3305 1411 3431 1471 post
3444 1403 3665 1457 obitum

413 1502 563 1561 Petri
593 1500 828 1556 docendi
859 1498 1164 1567 susceperit
1190 1495 1399 1552 sedem.
1435 1495 1541 1551 Sed
1575 1496 1689 1566 jam
1723 1495 2027 1561 videamus,
2061 1496 2311 1553 scribens
2348 1494 2555 1553 Iacobo
2593 1495 2750 1552 fratri
2794 1496 3028 1564 Domini,
3061 1498 3244 1569 operis
3274 1498 3361 1552 sui
3403 1497 3668 1556 Clemens

413 1594 531 1666 ipse
553 1592 700 1666 quod
731 1598 915 1648 sumat
943 1592 1283 1646 narrationis
1307 1590 1549 1644 initium.

3511 268 3658 329 am

426 1722 3665 1750 Μ

1020 1886 2039 1985 RECOGNITIONUM
2114 1890 2472 1979 LIBER
2542 1890 2837 1979 PBIM
2858 1889 3029 1981 US.

2006 2106 2075 2123 ι-

491 2224 531 2281 l.
573 2224 686 2296 Ego
724 2222 976 2279 Clemens
1022 2221 1077 2276 in
1122 2220 1257 2275 urbe
1285 2218 1455 2274 Roma
1484 2225 1667 2277 natus.
1701 2232 1766 2272 ex
1813 2215 1987 2286 prima
2015 2219 2062 2276 Α
2092 2211 2169 2267 Ex
2199 2227 2309 2283 quo
2351 2210 2552 2265 factum
2599 2216 2704 2274 est,
2750 2216 2807 2264 ut
2854 2210 3093 2280 lugerem
3144 2208 3497 2279 postmodum
3551 2225 3667 2275 eos,

418 2323 577 2372 aetate
621 2313 896 2386 pudicitiae
946 2310 1189 2367 studium
1232 2308 1375 2379 gessi
1409 2307 1509 2379 (θ),
1542 2307 1672 2362 dum
1704 2322 1790 2361 me
1818 2305 1986 2359 animi

420 2401 654 2457 intentio
683 2400 832 2455 velut
859 2398 1096 2454 vinculis
1144 2396 1473 2467 quibusdam
1518 2394 1905 2450 sollicitudinis
1934 2401 1987 2449 et

418 2493 673 2549 mceroris
703 2508 733 2545 a
756 2506 925 2562 puero
956 2491 1213 2544 innexum
1236 2495 1464 2543 teneret.
1489 2486 1668 2542 inerat
1684 2486 1830 2541 enim
1852 2485 1985 2539 mihi

420 2585 680 2656 cogitatio
724 2584 1015 2657 (incertum
1068 2598 1199 2637 sane
1240 2581 1382 2636 unde
1398 2580 1608 2637 initium
1650 2579 1987 2649 sumpserit),

420 2669 617 2734 crebro
644 2675 713 2731 ad
741 2677 1057 2733 memoriam
1085 2690 1256 2729 meam
1293 2674 1660 2729 conditionem
1690 2673 1990 2728 mortalita-

421 2768 498 2824 tis
546 2767 859 2833 adducens,
911 2766 1182 2836 simulque
1229 2766 1577 2821 discutiens:
1614 2773 1871 2821 utrumne
1918 2765 1991 2821 sit

420 2858 556 2915 mihi
606 2860 786 2930 aliqua
843 2858 954 2913 vita
1004 2866 1127 2929 post
1177 2865 1427 2921 mortem,
1476 2873 1544 2910 an
1591 2857 1727 2911 nihil
1768 2856 1992 2914 omnino

420 2957 608 3022 postea
640 2951 742 3005 sim
766 2949 1005 3015 futurus,
1030 2948 1077 3005 si
1117 2964 1226 3005 non
1257 2946 1452 3003 fuerim
1478 2956 1767 3018 antequam
1795 2964 1989 3004 nasce-

418 3054 531 3107 rer,
547 3041 632 3095 vel
656 3041 703 3096 si
732 3040 883 3095 nulla
912 3054 1138 3109 prorsus
1168 3038 1288 3093 vitae
1314 3037 1477 3108 hujus
1504 3039 1607 3094 erit
1638 3046 1760 3109 post
1782 3038 1990 3093 obitum

415 3132 751 3197 recordatio,
784 3139 837 3186 et
870 3132 942 3185 ita
970 3129 1308 3185 immensitas
1336 3128 1599 3199 temporis
1628 3135 1824 3183 cuncta
1855 3128 1993 3184 obli-

417 3225 569 3281 vioni
615 3238 679 3279 ac
729 3224 949 3281 silentio
977 3222 1146 3287 dabit,
1182 3228 1243 3275 ut
1289 3236 1398 3275 non
1446 3222 1621 3276 solum
1654 3236 1764 3276 non
1796 3220 1989 3283 simus,

420 3317 517 3372 sed
565 3332 743 3387 neque
789 3314 937 3385 quod
987 3312 1274 3378 fuerimus,
1319 3311 1587 3368 habeatur
1618 3313 1671 3367 in
1706 3314 1990 3371 memoria.

422 3402 531 3460 Sed
576 3413 633 3461 et
685 3402 819 3458 illud
867 3402 1190 3458 versabatur
1218 3402 1273 3455 in
1300 3411 1538 3472 pectore,
1571 3402 1788 3473 quando
1816 3402 1993 3458 factus

420 3499 493 3555 sit
519 3496 779 3561 mundus,
808 3496 896 3551 vel
925 3502 1215 3565 antequam
1244 3495 1416 3559 fieret,
1443 3494 1573 3565 quid
1602 3502 1741 3559 erat,
1778 3503 1874 3549 aut
1903 3512 1996 3553 ve-

418 3605 484 3645 ro
528 3604 743 3659 semper
792 3587 976 3643 fuerit.
1007 3585 1140 3641 Nam
1169 3595 1375 3641 certum
1406 3587 1713 3650 videbatur,
1757 3588 1901 3657 quod
1946 3588 1991 3643 si
2025 3569 2066 3623 Β

419 3686 565 3735 esset
597 3677 799 3741 factus,
834 3685 981 3732 esset
1009 3685 1061 3732 et
1090 3677 1335 3745 profecto
1364 3678 1679 3740 solvendus,
1710 3687 1765 3731 et
1807 3678 1851 3733 si
1882 3679 1993 3731 soi-

421 3779 601 3834 vatur,
635 3767 766 3839 quid
794 3768 990 3822 iterum
1018 3768 1161 3822 erit?
1183 3767 1297 3824 Nisi
1332 3767 1470 3823 forte
1496 3769 1698 3823 oblivio
1720 3780 1918 3824 cuncta
1939 3775 1992 3822 et

421 3860 698 3916 silentium
734 3865 898 3929 teget,
941 3867 1034 3912 aut
1066 3856 1204 3913 forte
1251 3859 1457 3929 aliquid
1508 3861 1636 3927 erit,
1669 3860 1812 3931 quod
1846 3877 1992 3915 nunc

422 3948 630 4005 sentire
659 3948 975 4002 mortalium
1010 3963 1118 4002 non
1147 3951 1329 4018 pote'st
1353 3964 1530 4004 mens.

492 4038 557 4096 ll.
597 4037 722 4094 Haec
751 4048 803 4094 et
831 4038 916 4095 his
948 4039 1168 4105 similia,
1200 4039 1386 4095 nescio
1417 4039 1581 4107 unde,
1615 4040 1990 4097 indesinenter

422 4131 605 4186 animo
632 4131 936 4195 revolvens,
966 4130 1247 4185 nimietate
1287 4131 1541 4187 mmroris
1594 4132 1987 4189 incredibiliter

421 4219 790 4284 tabescebam,
818 4227 872 4276 et
904 4217 1051 4290 quod
1072 4228 1157 4275 est
1186 4220 1427 4291 gravius,
1458 4222 1505 4276 si
1528 4222 1747 4291 quando
1774 4238 1993 4292 respue.

420 4323 481 4365 re
508 4324 538 4362 a
567 4324 654 4365 me
676 4309 1052 4378 hujuscemodi
1082 4325 1245 4366 curas
1273 4312 1419 4367 velut
1448 4311 1629 4367 minus
1657 4313 1817 4368 utiles
1840 4314 1991 4383 cogi-

420 4398 624 4461 tabam,
653 4398 947 4454 validiores
978 4400 1032 4454 in
1066 4415 1149 4454 me
1176 4399 1373 4455 fluctus
1401 4401 1831 4457 sollicitudinum
1857 4420 1990 4458 con-

422 4489 737 4560 surgebant.
772 4488 946 4545 Inerat
969 4490 1113 4545 enim
1146 4490 1277 4544 mihi
1302 4506 1485 4546 comes
1512 4493 1737 4561 optima,
1760 4509 1881 4563 quae
1906 4511 1991 4551 me

425 4580 708 4651 quiescere
759 4596 869 4635 non
920 4580 1145 4642 sineret.
1179 4580 1608 4638 immortalitatis
1662 4586 1882 4653 cupido.
1920 4585 1993 4641 Ut

424 4670 571 4725 enim
597 4680 718 4740 post
748 4687 929 4727 rerum
959 4671 1137 4727 exitus
1167 4672 1373 4739 docuit,
1404 4683 1459 4729 et
1489 4677 1660 4745 gratia
1692 4675 1786 4731 Dei
1814 4679 1992 4733 omni-

421 4764 661 4835 potentis
684 4765 939 4830 ostendit,
963 4765 1077 4820 haec
1106 4782 1192 4821 me
1221 4766 1389 4821 animi
1418 4768 1648 4824 intentio
1673 4770 1739 4824 ad
1764 4771 1991 4841 inquisi-

2089 2321 2228 2378 quos
2256 2304 2410 2375 prius
2444 2306 2703 2374 ignorans
2733 2302 2922 2357 beatos
2953 2301 3253 2357 credebam.
3282 2354 3291 2357 _

2159 2398 2249 2454 ill.
2291 2396 2459 2469 igitur
2512 2411 2637 2450 cum
2682 2408 2712 2448 a
2758 2396 2932 2465 prima
2977 2402 3136 2449 aetate
3184 2394 3238 2449 in
3279 2394 3670 2465 hujuscemodi

2090 2492 2395 2544 animorum
2437 2486 2736 2542 intentione
2770 2500 3037 2551 versarer,
3072 2486 3296 2555 cupiens
3323 2488 3540 2557 aliquid
3589 2487 3671 2541 di-

2092 2590 2266 2646 scere,
2322 2578 2770 2650 philosophorum
2823 2576 3230 2647 frequentabam
3279 2578 3532 2645 scholas,
3580 2579 3671 2635 ubi

2090 2676 2227 2730 nihil
2261 2674 2430 2739 aliud,
2464 2690 2627 2743 quam
2656 2674 2968 2744 doginatum
3005 2674 3334 2727 assertiones
3383 2681 3437 2727 et
3490 2672 3671 2743 impu—

2091 2769 2377 2841 gnationes
2407 2768 2656 2823 videbam
2701 2766 2786 2836 agi
2819 2766 2938 2821 sine
2986 2764 3111 2829 fine,
3158 2764 3486 2828 certamina,
3523 2773 3670 2819 artes

2093 2860 2533 2931 syllogismorum
2568 2858 3091 2926 conclusionumque
3138 2855 3331 2926 agitari
3366 2856 3664 2911 versutias.

2093 2949 2158 3004 Et
2206 2951 2252 3003 si
2291 2949 2510 3019 quando
2554 2947 2773 3018 quidem
2820 2947 3099 3002 obtinebat
3147 2946 3237 3000 hic
3279 2960 3490 3009 sermo,
3525 2946 3664 3016 quod

2095 3040 2417 3095 immortalis
2444 3046 2591 3094 esset
2616 3038 2819 3102 anima,
2839 3038 3181 3109 gratulabar;
3214 3036 3261 3092 si
3290 3035 3519 3106 quando
3546 3049 3666 3090 vero

2094 3130 2424 3200 arguebatur
2476 3130 2633 3200 quasi
2663 3130 2929 3195 mortalis,
2962 3145 3086 3183 cum
3139 3129 3363 3183 tristitia
3417 3126 3667 3181 discede—

2095 3223 2239 3277 bant.
2268 3220 2531 3276 Neutrum
2576 3231 2756 3277 tamen
2804 3223 2859 3278 in
2903 3222 3069 3277 corde
3115 3235 3236 3275 meo
3276 3219 3666 3274 ﬁrmitudinem

2094 3314 2340 3368 veritatis
2369 3314 2719 3379 tenebat,sed
2746 3314 2850 3370 hoc
2877 3321 3087 3369 tantum
3116 3311 3513 3382 intelligebam,
3531 3306 3669 3381 quod

2097 3408 2381 3461 sententiae
2410 3422 2473 3462 ac
2500 3407 2847 3461 definitiones
2869 3422 3073 3470 rerum,
3095 3421 3201 3459 non
3226 3418 3322 3474 pro
3350 3413 3557 3457 natura
3588 3403 3667 3458 sui

2097 3516 2160 3554 ac
2191 3501 2418 3555 veritate
2448 3513 2758 3561 causarum,
2789 3498 2884 3553 sed
2933 3513 3033 3567 pro
3085 3498 3312 3569 ingeniis
3369 3495 3668 3551 defenden-

2094 3594 2250 3653 tium,
2287 3591 2435 3647 falsa:
2479 3591 2927 3662 imaginarentur,
2961 3599 3055 3645 aut
3093 3606 3249 3651 verte,
3278 3603 3454 3658 eoque
3498 3588 3667 3658 magis

2093 3683 2149 3737 in
2184 3682 2453 3752 profundo
2479 3683 2717 3751 pectoris
2739 3682 3048 3746 cruciabar,
3075 3682 3218 3752 quod
3246 3697 3424 3751 neque
3461 3677 3669 3752 aliquid

2093 3789 2159 3828 ex
2189 3773 2294 3836 his,
2319 3789 2438 3842 quae
2465 3773 2807 3838 dicebantur,
2836 3780 3093 3842 tanquam
3119 3772 3330 3826 firmum
3362 3780 3557 3827 tenere
3577 3786 3670 3841 po-

2093 3872 2285 3930 teram,
2313 3880 2487 3934 neque
2539 3865 2776 3933 abjicere
2821 3864 3153 3919 desiderium
3189 3863 3546 3933 requirendi;
3579 3863 3668 3917 sed

2093 3965 2298 4025 quanto
2334 3956 2507 4025 magis
2537 3955 2809 4024 negligere
2839 3953 3084 4007 conabar
3114 3968 3177 4006 ac
3204 3968 3486 4022 spernere,
3523 3961 3669 4005 tanta

2098 4047 2403 4109 ardentius,
2432 4054 2493 4100 ut
2524 4061 2689 4114 supra
2718 4045 2852 4108 dixi,
2887 4046 3033 4099 velut
3061 4059 3185 4097 cum
3226 4044 3463 4113 quadam
3520 4043 3669 4096 vola-

2099 4146 2243 4206 ptate
2270 4136 2503 4192 latenter
2534 4136 2779 4205 irrepens
2810 4135 3184 4204 hujuscemodi
3213 4133 3667 4204 cogitatio,men-

2096 4236 2203 4281 tem
2230 4234 2392 4296 atque
2418 4227 2656 4280 animum
2692 4226 3029 4295 possidebat.

2168 4317 2256 4372 IV.
2297 4318 2701 4390 Coangustatns
2744 4320 2906 4391 igitur
2934 4318 3248 4373 inventione
3294 4332 3509 4377 rerum,
3557 4317 3668 4371 aie-

2099 4408 2219 4462 bam
2249 4410 2389 4477 apud
2424 4410 2800 4479 memetipsum
2833 4429 2845 4463 :
2877 4408 3015 4475 Quid
3065 4408 3299 4462 inaniter
3329 4408 3664 4470 laboramus,

2092 4514 2215 4553 cum
2268 4499 2593 4554 manifestus
2624 4500 2696 4554 sit
2727 4501 2989 4554 terminus
3019 4499 3239 4553 rerum?
3269 4497 3325 4552 Si
3357 4499 3508 4552 enim
3550 4506 3666 4568 post

2097 4598 2325 4644 mortem
2378 4604 2487 4644 non
2533 4605 2651 4655 ero,
2686 4605 2831 4645 nunc
2861 4589 3135 4659 superﬂuo
3176 4588 3430 4655 crucior;
3464 4590 3512 4643 si
3545 4605 3666 4645 vero

2097 4682 2201 4737 erit
2249 4682 2383 4736 mihi
2430 4681 2537 4735 vita
2572 4689 2694 4751 post
2722 4681 2955 4745 obitum,
2988 4695 3271 4736 servemus
3299 4680 3377 4734 illi
3410 4681 3538 4735 vitm
3583 4679 3663 4733 sui

2098 4775 2356 4844 temporis
2383 4781 2583 4835 motus,
2612 4788 2681 4828 ne
2712 4772 2851 4828 forte
2883 4773 2988 4838 his,
3021 4790 3143 4842 qua:
3172 4788 3319 4828 nunc
3344 4775 3549 4842 patior.
3571 4773 3664 4826 ali-

423 4857 625 4913 tionem
652 4858 920 4923 veritatis,
950 4868 1004 4914 et
1032 4860 1362 4931 agnitionem
1392 4876 1535 4917 vera:
1576 4862 1716 4918 lucis
1746 4863 1990 4922 adduxit.
2022 4862 2062 4917 C
2095 4880 2201 4935 qua
2246 4880 2331 4920 me
2382 4864 2458 4919 ibi
2507 4864 2748 4919 tristiora
2779 4863 3075 4932 excipiant,
3106 4863 3213 4920 nisi
3241 4864 3329 4932 pie
3374 4879 3441 4919 ac
3490 4863 3664 4919 sobrie

1731 5015 2095 5075 COTELERII
2164 5017 2375 5073 NOT/E
2388 5061 2400 5073 .

492 5148 570 5233 μ)
612 5149 687 5233 _De
734 5149 879 5233 obitu
920 5151 1145 5233 nuntiat_
1174 5152 1341 5233 Ιζειιέἔ
1388 5150 1465 5207 Ita
1511 5154 1986 5233 omnes_cod_i_ces.

423 5218 721 5294 Epistoia_m
752 5220 1045 5294 Clementis
1081 5221 1149 5275 ad
1188 5220 1459 5294 Iacobum
1492 5224 1733 5294 praeponi
1775 5226 1991 5280 solitam

423 5238 721 5345 ιἜιεῑοωηι
752 5238 1045 5275 Clementis
1081 5238 1149 5275 au
1188 5238 1450 5278 Jaconum
1492 5238 1733 5294 praeponi
1775 5238 1991 5280 sontam

420 5293 461 5345 li
506 5292 610 5371 ris,
644 5288 1071 5371 fiecogrtitionunt
1092 5329 1107 5352 ,
1142 5293 1492 5371 apertendicit
1523 5292 1771 5371 Dhotins.
1816 5294 1993 5371 Atque

426 5361 615 5415 eadem
644 5360 696 5413 in
728 5360 917 5429 codice
946 5360 1305 5417 Carmeiiticaa
1337 5362 1685 5417 Bibliotheca:
1703 5360 1987 5429 inseritur,

424 5430 565 5503 inter
594 5429 775 5503 R_nfini
810 5428 1187 5503 Praefationem
1246 5447 1310 5486 ac
1349 5434 1503 5503 ipsas
1567 5428 1985 5503 Recognitioncs.

499 5499 575 5570 (5)
614 5499 781 5553 Linus
812 5508 864 5572 et
890 5498 1089 5572 Cletus,
1117 5516 1213 5555 seu
1250 5498 1434 5572 potius
1465 5498 1772 5572 Arnacfetus,
1801 5517 1859 5559 ut
1890 5505 1989 5558 ha-

426 5567 564 5642 bent
582 5585 797 5642 quoque
826 5569 1217 5642 Cand.,Carm.
1248 5567 1302 5625 et
1330 5571 1447 5642 Pet.
1474 5571 1667 5629 Fuisse
1695 5576 1795 5629 hos
1826 5574 1985 5642 duos,

429 5638 580 5691 urbis
609 5638 810 5712 Roma:
835 5638 1153 5712 episcopos,
1190 5642 1292 5712 s_ub
1329 5640 1491 5696 Petro
1519 5638 1991 5712 apostolo,existi;

430 5656 580 5691 III'UIS
610 5656 793 5691 “orna!
835 5656 1153 5762 BRISCthIS‘,
1190 5656 1292 5695 SUD
1330 5656 1491 5696 I’Bll‘O
1519 5656 1783 5712 apostolo,
1800 5656 1991 5700 θλιειι-

430 5716 579 5763 mant
609 5722 731 5763 cum
776 5706 857 5761 Ru
901 5723 971 5763 no
1045 5710 1176 5775 eda,
1203 5709 1491 5778 Rabanus,
1532 5713 1738 5786 iiaymo
1760 5756 1773 5781 ,
1805 5716 1897 5786 qui
1931 5716 1997 5773 dc

2092 5156 2220 5210 vltis
2273 5152 2642 5207 Romanorum
2698 5151 3019 5222 pontificum
3050 5152 3433 5222 scripserunt,
3480 5158 3665 5222 auctor

2093 5225 2351 5278 Chronici
2398 5220 2782 5292 episcOporum
2835 5220 3197 5286 Metensium,
3246 5223 3469 5291 aliique.
3528 5221 3662 5292 Lege

2095 5290 2456 5365 Epiphanium
2510 5290 2710 5365 haeresi
2748 5291 2855 5365 27,
2895 5295 2950 5355 6,
2991 5301 3046 5346 et
3082 5308 3206 5365 quae
3238 5290 3553 5365 notavimus
3598 5290 3659 5343 ad

2095 5361 2260 5434 caput
2300 5364 2368 5418 46
2401 5362 2523 5417 libri
2556 5377 2638 5434 ivu
2663 5361 2899 5434 (Consul.
2936 5361 3133 5434 apost.,
3184 5364 3313 5417 item
3364 5362 3656 5416 Marianum

2096 5431 2341 5497 Scotum,
2390 5449 2455 5487 ac
2483 5432 2767 5500 epistolam
2795 5431 2988 5486 Joanni
3024 5433 3088 5486 ill
3124 5434 3407 5487 tributam.

2165 5505 2243 5572 (6)
2267 5499 2549 5555 Pudicitia:
2572 5503 2806 5554 studium
2831 5502 2986 5572 gessi.
3012 5501 3078 5555 Et
3098 5502 3291 5572 lgnatii
3312 5499 3659 5572 interpolator

2098 5570 2269 5643 Epist.
2295 5574 2363 5627 ad
2389 5570 2845 5643 Philadelpltinos,
2870 5579 2935 5625 n°
2958 5572 3011 5635 4,
3034 5570 3369 5627 Clementem
3401 5585 3523 5622 cum
3554 5570 3658 5643 vir-

2099 5640 2315 5713 ginibus
2361 5640 2824 5706 collocatgouod
2856 5653 2983 5713 tum
3036 5658 3220 5713 prosa,
3263 5648 3380 5697 tum
3404 5642 3657 5695 οωωιηα

2103 5714 2420 5774 Aldhelmus
2441 5712 2749 5770 celebravit.

2246 5727 2420 5770 elmus
2441 5727 2749 5770 CCICDI‘ZVII.
