3890 6192
239 290 388 347 9209

1443 285 2021 345 RECOGNITIONUM
2056 287 2183 346 LIB.
2224 287 2264 343 Ι.

3365 287 3504 345 1210

237 410 452 473 vixero,
484 414 539 463 et
569 407 869 464 secundum
901 408 1288 463 nonnullorum
1312 409 1613 465 sententias
1641 409 1815 479 philo-
1847 416 1893 475 Α
1921 411 2023 465 sim
2060 409 2115 462 in
2148 406 2377 477 imperio
2413 405 2616 462 Tiberii
2658 407 2911 475 Ctesaris,
2952 410 3111 467 initio
3151 427 3219 466 ex
3262 409 3504 469 Orientis

241 504 562 573 sephorum,
594 501 1094 573 Pyriphlegethonti
1146 500 1311 557 fluvio
1347 503 1433 557 vel
1465 501 1720 565 Tartaro,
1756 510 1818 557 ut

242 594 513 667 Sisyphus
559 602 614 649 et
660 593 875 666 Tityus,
908 604 961 650 et
1000 605 1060 650 ut
1088 595 1241 650 lxion
1274 609 1339 649 ac
1367 594 1630 650 Tantalus
1659 600 1818 649 aeter-

239 687 332 741 nis
359 688 414 740 in
448 686 663 741 inferno
696 687 980 757 suppliciis
1008 687 1214 743 tradar.
1249 685 1315 739 Et
1342 701 1535 741 rursus
1558 684 1690 738 mihi
1714 684 1819 754 ipsi

238 779 641 849 respondebam
678 797 692 834 :
726 778 831 834 Sed
864 779 979 833 haec
1012 779 1206 833 fabula:
1234 784 1497 839 sunt,aut
1528 778 1573 833 si
1606 777 1679 830 ita
1712 784 1818 843 est,

237 874 294 926 in
329 874 494 927 rebus
521 872 703 928 dubiis
744 880 966 943 praestat
996 873 1084 942 pie
1115 872 1320 926 vivere.
1356 870 1463 924 Sed
1497 871 1691 924 iterum
1731 884 1821 924 re-

236 968 499 1037 putaham
535 982 771 1030 mecum,
806 966 1081 1036 quomodo
1118 981 1335 1036 possem
1367 964 1470 1019 sub
1502 964 1708 1018 incerto
1731 963 1821 1033 ju-

236 1060 407 1115 stitiaa
458 1059 703 1127 praemio,
755 1073 785 1111 a
836 1058 1047 1129 peccati
1096 1074 1182 1113 me
1226 1056 1454 1111 libidine
1504 1054 1822 1110 continere?

237 1154 474 1208 Maxime
504 1168 628 1206 cum
663 1152 849 1215 etiam,
883 1167 1004 1221 qua:
1048 1152 1120 1205 sit
1148 1152 1263 1219 ipsa
1289 1149 1524 1219 justitia,
1559 1164 1683 1219 quae
1712 1147 1821 1203 Deo

212 1244 474 1313 .placeat,
503 1242 646 1313 apud
690 1257 777 1297 me
827 1242 1092 1296 habeatur
1139 1241 1431 1305 incertum,
1465 1249 1519 1295 et
1552 1256 1730 1310 neque
1774 1240 1819 1297 si

236 1336 570 1392 immortalis
610 1335 681 1391 sit
726 1336 931 1399 anima,
963 1349 1026 1389 ac
1058 1335 1147 1399 sit,
1178 1350 1300 1405 qua:
1342 1334 1549 1404 aliquid
1600 1348 1823 1404 sperare

234 1429 435 1499 possit,
469 1441 784 1498 agnoscam,
815 1442 993 1497 neque
1023 1427 1154 1496 quid
1185 1427 1320 1481 certi
1352 1426 1595 1480 futurum
1628 1427 1701 1480 sit
1730 1440 1826 1481 no-

232 1519 429 1574 verim.
455 1517 566 1573 Nec
596 1527 778 1573 tamen
802 1518 1085 1589 quiescere
1115 1518 1183 1573 ab
1214 1518 1593 1588 hujuscemodi
1618 1518 1823 1589 cogita-

237 1611 487 1665 tionibus
518 1626 766 1681 possum.

307 1700 375 1756 ν.
416 1701 559 1768 Quid
609 1702 775 1771 igitur
820 1700 1056 1757 faciam?
1094 1700 1390 1773 Egyptum
1418 1709 1622 1772 petam,
1656 1708 1823 1771 atque

1918 500 2169 571 partibus
2218 506 2458 569 sumpto,
2509 502 2754 569 pervenit
2802 502 2868 556 ad
2910 518 3032 570 nos,
3066 511 3121 558 et
3163 520 3257 574 per
3286 506 3502 576 singula

1920 593 2334 655 convalesccns,
2380 593 2527 647 velut
2573 607 2603 647 a
2646 592 2757 649 Deo
2792 594 2970 651 bonus
3014 597 3231 667 quidam
3279 600 3505 655 nuntius

1920 685 2146 749 missus,
2177 684 2497 739 universum
2544 683 2790 755 replebat
2819 688 3030 751 orbem,
3063 704 3165 742 nec
3196 690 3507 758 patiebatur

1920 776 2163 833 divinam
2197 780 2534 833 voluntatem
2562 778 2781 834 silentio
2816 779 2923 849 tegi
2955 779 3053 849 (7).
3095 778 3510 835 Diffundcbatur

1921 887 2051 943 ergo
2079 886 2175 940 per
2204 871 2417 941 singula
2445 870 2587 935 loca,
2634 868 2990 937 annuntians,
3025 873 3168 943 quod
3212 882 3357 928 esset
3386 875 3509 943 qui-

1921 961 2049 1017 dam
2098 963 2154 1017 in
2199 962 2410 1026 Judaaa,
2445 963 2537 1032 qui
2571 971 2790 1032 sumpto
2835 978 2864 1015 a
2897 969 3144 1034 tempore
3174 967 3317 1021 veris
3346 981 3508 1021 exor-

1922 1053 2015 1108 dio
2033 1054 2136 1124 (8),
2153 1070 2381 1125 regnum
2405 1054 2500 1110 Dei
2524 1055 2925 1125 evangelizaret
2944 1054 3173 1125 Iudaeis,
3198 1058 3362 1128 idque
3384 1073 3512 1129 per-

1922 1153 2179 1215 cepturos
2225 1148 2433 1203 diceret
2479 1164 2595 1213 eos,
2628 1148 2719 1217 qui
2750 1149 3132 1208 mandatorum
3178 1167 3404 1205 suorum
3452 1157 3508 1207 et

1922 1236 2188 1294 doctrina:
2219 1240 2470 1296 instituta
2499 1251 2833 1298 servassent.
2871 1242 2941 1297 Ut
2971 1252 3149 1298 autem
3177 1259 3358 1298 sermo
3386 1244 3508 1314 ejus

1925 1329 2029 1385 fide
2066 1330 2287 1401 dignus,
2321 1348 2385 1387 ac
2412 1332 2715 1389 divinitatis
2760 1334 2955 1404 plenus
3001 1350 3124 1390 esse
3171 1335 3506 1399 crederetur,

1921 1422 2153 1477 virtutes
2179 1422 2402 1486 multas,
2437 1430 2491 1477 et
2522 1424 2678 1495 signa
2716 1440 2779 1480 ac
2822 1426 3072 1497 prodigia
3116 1426 3253 1479 mira
3297 1425 3510 1483 eﬂicere

1919 1512 2172 1582 jussione
2201 1512 2317 1569 sola
2341 1514 2653 1581 dicebatur,
2688 1516 2762 1571 ita
2796 1526 2875 1582 ut,
2917 1526 3175 1589 tanquam
3206 1534 3236 1572 a
3267 1518 3374 1575 Deo
3418 1535 3512 1590 po-

1925 1611 2176 1661 testatem
2206 1605 2434 1672 habens,
2467 1607 2667 1663 surdos
2699 1607 2903 1664 faceret
2931 1609 3119 1665 audire
3141 1619 3195 1666 et
3226 1625 3403 1667 caecos
3427 1612 3510 1685 vi-_-

1926 1696 2074 1763 dere,
2107 1699 2333 1755 claudos
2357 1700 2617 1771 erigeret,
2650 1709 2814 1772 atque
2863 1716 3082 1757 omnem
3137 1702 3507 1758 inﬁrmitatem

233 1791 312 1845 ibi
346 1791 724 1862 hierophantis
754 1792 841 1846 vel
885 1791 1166 1862 prophetis
1201 1792 1292 1862 qui
1344 1793 1521 1864 adytis
1550 1800 1817 1862 przesunt,
1852 1797 1893 1852 Β
1921 1799 2262 1862 cunctosque
2303 1792 2579 1849 daemones
2627 1809 2694 1849 ex
2744 1794 3057 1851 hominibus
3087 1795 3369 1867 effugaret,
3413 1797 3507 1852 sed

236 1883 450 1939 amicus
479 1882 706 1946 elliciar,
734 1890 788 1939 et
812 1884 1043 1953 pecunia
1072 1884 1143 1939 ab
1172 1886 1253 1940 eis
1282 1883 1571 1941 invitatum
1602 1899 1819 1956 magum

233 1975 527 2045 precabor,
558 1982 618 2027 ut
647 1974 847 2030 educat
892 1974 1023 2027 mihi
1054 1975 1292 2031 animam
1326 1975 1393 2030 de
1433 1974 1683 2039 infernis,
1726 1991 1823 2045 per

232 2082 359 2124 eam
409 2082 572 2138 quam
617 2068 1050 2122 necromantiam
1084 2076 1301 2131 vocant,
1334 2077 1591 2139 tanquam
1625 2070 1692 2123 de
1722 2069 1825 2121 ali-

235 2175 349 2231 quo
376 2160 595 2231 negotio
624 2160 914 2215 consulere
942 2161 1203 2229 cupienti.
1242 2161 1370 2214 Mihi
1392 2177 1545 2216 evero
1574 2160 1688 2215 hazc
1719 2161 1825 2215 erit

235 2252 572 2307 consultatio
599 2271 612 2306 :
647 2251 694 2306 si
722 2250 1048 2306 immortalis
1077 2261 1161 2307 est
1190 2253 1392 2307 anima.
1433 2251 1692 2308 Probatio
1721 2268 1823 2307 au-

234 2352 348 2399 tem
378 2347 594 2411 animae,
625 2345 771 2415 quod
804 2345 1132 2401 immortalis
1166 2347 1257 2409 sit,
1292 2361 1402 2400 non
1452 2363 1521 2402 ex
1572 2362 1638 2403 eo
1678 2345 1824 2417 quod

234 2436 501 2507 loquitur,
532 2437 639 2491 erit
670 2436 800 2490 mihi
829 2442 999 2499 certa,
1033 2436 1118 2491 vel
1148 2451 1213 2489 ex
1236 2451 1302 2491 eo
1328 2437 1473 2507 quod
1504 2436 1691 2502 audio,
1729 2438 1824 2493 sed

233 2546 302 2586 ex
334 2546 399 2585 eo
429 2530 575 2600 quod
604 2529 795 2597 video;
823 2536 882 2583 ut
912 2530 1088 2584 oculis
1118 2529 1254 2585 meis
1276 2542 1508 2585 cernens
1540 2547 1681 2595 eam,
1705 2547 1826 2586 cer-

234 2622 508 2677 tissimam
537 2623 604 2677 de
638 2622 853 2693 reliquo
884 2622 1311 2678 immortalitatis
1341 2623 1462 2691 ejus
1492 2625 1821 2679 sententiam

233 2722 476 2770 teneam.
507 2713 697 2785 Neque
726 2717 872 2770 enim
904 2715 1047 2769 ultra
1094 2716 1292 2786 peterit
1332 2718 1616 2771 veritatem
1648 2718 1822 2782 visus,

234 2809 531 2865 verborum
572 2807 787 2862 fallacia
838 2819 890 2864 et
938 2809 1144 2863 auditio
1191 2810 1398 2863 incerta
1437 2809 1677 2864 turbare.
1719 2806 1828 2864 Ve—

239 2907 550 2954 rumtamen
583 2899 725 2954 hanc
760 2900 933 2970 ipsam
965 2900 1414 2955 deliberationem
1452 2916 1627 2955 meam
1664 2902 1825 2956 retuli

238 2990 307 3045 ad
355 2990 647 3059 quemdam
695 2988 1019 3043 familiarem
1071 3004 1251 3044 meum
1284 2988 1696 3060 philosophum,
1729 2989 1823 3061 qui

237 3082 376 3136 mihi
404 3081 698 3136 consilium
731 3081 902 3149 dedit,
933 3097 1003 3138 ne
1041 3082 1145 3137 hoc
1179 3080 1357 3138 facere
1388 3083 1666 3139 auderem.
1699 3081 1826 3139 Sive

1923 1890 1979 1938 et
2007 1884 2221 1940 oblatos
2249 1884 2353 1941 sibi
2387 1896 2636 1942 mortuos
2670 1888 2981 1953 suscitaret,
3018 1888 3266 1959 leprosos
3291 1906 3509 1961 quoque

1925 1975 2140 2031 eminus
2169 1977 2362 2033 videns
2396 1986 2637 2044 curaret,
2667 1988 2721 2035 et
2748 1974 2885 2034 nihil
2916 1982 3139 2035 omnino
3166 1990 3330 2046 esset,
3363 1982 3509 2054 quod

1923 2069 1975 2124 ei
1998 2069 2335 2139 impossibile
2364 2070 2663 2125 videretur.
2696 2070 2822 2127 Hac
2846 2080 2901 2127 et
2932 2072 3126 2127 horum
3159 2073 3358 2129 similia
3381 2090 3511 2145 pro-

1924 2175 2085 2215 cessu
2123 2161 2407 2230 temporis,
2454 2163 2666 2218 crebris
2709 2162 2823 2232 jam
2866 2179 2977 2217 non
3026 2164 3365 2233 rumoribus,
3414 2165 3510 2221 scd

1927 2250 2235 2307 manifestis
2265 2252 2669 2321 quodammodo
2707 2253 3121 2309 adventantium
3152 2271 3217 2312 ex
3248 2256 3354 2310 illis
3385 2271 3515 2327 par-

1925 2344 2076 2398 tibus
2106 2344 2315 2399 nuntiis
2347 2344 2728 2409 firmabantur,
2756 2354 2810 2402 ct
2838 2347 2954 2417 ipsa
2978 2348 3091 2418 jam
3123 2364 3221 2419 per
3244 2347 3364 2404 dies
3395 2349 3512 2404 sin-

1927 2436 2087 2506 gulos
2117 2436 2195 2490 rei
2229 2436 2433 2493 veritas
2462 2438 2801 2507 patescebat.

1998 2528 2115 2583 Vll.
2160 2529 2401 2599 Denique
2432 2531 2487 2584 in
2521 2532 2654 2587 urbe
2686 2548 2780 2602 per
2812 2532 2930 2586 loca
2963 2541 3268 2589 conventus
3311 2534 3426 2589 ﬁeri
3458 2545 3513 2590 et

1927 2620 1995 2675 de
2022 2622 2127 2677 hoc
2158 2638 2413 2679 sermone
2444 2625 2691 2689 tractari,
2720 2631 2885 2691 atque
2932 2625 2988 2678 in
3033 2625 3395 2683 admiratione
3426 2643 3514 2684 res

1927 2712 2118 2768 haberi
2148 2715 2335 2785 coepit,
2368 2716 2621 2785 quisnam
2652 2716 2701 2771 is
2730 2724 2899 2781 esset,
2932 2717 3028 2787 qui
3064 2719 3403 2788 apparuerit,
3426 2720 3513 2775 vel

1926 2804 2059 2874 quid
2084 2807 2258 2860 nuntii
2286 2821 2317 2860 a
2351 2806 2462 2862 Deo
2490 2806 2805 2863 hominibus
2840 2807 3165 2876 detulisset;
3198 2809 3373 2865 donec
3408 2811 3512 2866 sub

1927 2897 2117 2952 eodem
2147 2914 2292 2953 anno
2324 2899 2409 2951 vir
2436 2898 2660 2969 quidam
2696 2905 2885 2953 astans
2934 2900 2990 2953 in
3039 2900 3194 2955 urbis
3224 2901 3346 2955 loco
3372 2901 3516 2955 cele-

1926 2989 2189 3053 berrimo,
2222 2990 2585 3059 proclamaret
2615 2987 2682 3043 ad
2713 2989 2997 3059 populum,
3034 2988 3226 3057 dicens
3260 3010 3272 3045 :
3316 2990 3516 3046 Audite

1927 3096 2035 3144 me,
2063 3095 2097 3134 o
2140 3081 2289 3135 cives
2330 3078 2600 3147 Romani;
2636 3078 2809 3136 Filius
2849 3080 2942 3135 Dei
2973 3081 3129 3136 adest
3169 3082 3225 3136 in
3268 3083 3515 3152 partibus

237 3174 411 3241 enim,
446 3175 645 3245 inquit,
672 3175 924 3230 evocanti
956 3189 1115 3245 mago
1142 3191 1249 3229 non
1284 3176 1504 3231 obediat
1528 3176 1732 3242 anima,
1765 3184 1826 3232 tu
1854 3161 1895 3219 C
1927 3170 2148 3235 Iudaeae,
2182 3171 2508 3241 promittens
2537 3172 2791 3226 omnibus
2836 3174 3148 3228 volentibus
3200 3174 3390 3229 audire
3430 3191 3513 3240 se,

236 3274 367 3338 post
417 3267 533 3322 hazc
581 3274 839 3338 tanquam
870 3268 1005 3321 nihil
1038 3284 1159 3323 esse
1186 3276 1385 3338 putans
1413 3278 1535 3339 post
1568 3275 1819 3330 mortem.

238 3358 644 3429 desperabilius
672 3359 841 3419 vives,
874 3358 1076 3429 quippe
1104 3359 1198 3429 qui
1244 3368 1297 3414 et
1347 3360 1537 3413 illicita
1574 3366 1824 3415 tentave-

240 3452 345 3507 ris.
380 3450 437 3505 Si
463 3467 594 3507 vero
639 3459 693 3507 et
743 3452 945 3522 aliquid
980 3451 1053 3505 ibi
1090 3451 1275 3507 videre
1320 3451 1418 3506 tibi
1449 3452 1601 3507 visus
1633 3451 1823 3515 fueris,

241 3557 367 3613 qua:
396 3541 494 3596 tibi
519 3541 731 3611 religio,
762 3550 856 3595 aut
883 3555 1004 3611 quae
1036 3540 1209 3609 pictas
1241 3556 1307 3594 ex
1339 3540 1547 3595 illicitis
1580 3539 1827 3593 tradetur

240 3645 294 3693 et
328 3634 548 3706 impiis?
584 3633 825 3689 Exosum
851 3648 1090 3703 namque
1121 3632 1407 3687 Divinilati
1444 3632 1825 3702 hujuscemodi

241 3725 524 3796 negotium
576 3722 779 3785 ferunt,
813 3730 867 3778 et
897 3723 1177 3778 adversari
1222 3722 1390 3777 Deum
1439 3722 1525 3777 his
1578 3722 1672 3793 qui
1708 3723 1827 3776 ani-

244 3833 369 3872 mas
392 3823 517 3886 post
547 3816 951 3871 absolutionem
983 3830 1276 3884 corporum
1308 3825 1527 3869 vexant.
1546 3814 1659 3885 Ego
1676 3831 1824 3883 vero,

243 3908 337 3963 his
381 3907 607 3970 auditis,
654 3906 862 3977 pigrior
911 3905 1133 3976 quidem
1186 3922 1306 3960 sum
1349 3906 1593 3961 redditus
1624 3908 1690 3961 ad
1724 3908 1827 3963 hoc

241 4001 394 4072 quod
424 4001 705 4071 parabam,
736 4015 839 4054 nec
862 4006 1043 4054 tamen
1076 4016 1469 4070 usquequaque
1492 4008 1585 4055 aut
1612 4002 1831 4058 deside-

243 4094 392 4149 rium
437 4108 640 4164 ponere
681 4100 958 4162 poteram,
996 4100 1091 4146 aut
1138 4092 1442 4147 molestiam
1482 4094 1831 4164 cogitationis

245 4188 338 4256 abj
351 4188 515 4242 icere.

316 4278 407 4334 Vl.
452 4281 515 4334 Et
544 4296 613 4335 ne
637 4280 799 4349 longa
826 4288 951 4331 utar
977 4277 1313 4340 narratione,
1346 4292 1471 4331 eum
1498 4277 1587 4332 his
1618 4294 1717 4348 ego
1741 4294 1836 4333 co-

243 4374 533 4445 gitationis
554 4388 686 4429 mea:
715 4372 935 4427 aestibus
969 4369 1227 4440 agitarer,
1253 4368 1396 4422 fama
1426 4370 1674 4439 quaedam
1709 4386 1835 4425 sen~

1926 3263 2095 3319 vitam
2123 3270 2407 3327 aeternam,
2435 3262 2481 3319 si
2511 3263 2637 3333 quis
2662 3270 2843 3317 tamen
2874 3262 2950 3335 (9)
2985 3264 3287 3319 secundum
3316 3266 3513 3323 volun.-

1928 3359 2095 3406 tatem
2116 3353 2258 3423 ejus,
2291 3367 2321 3405 a
2349 3367 2458 3421 quo
2488 3351 2691 3406 missus
2722 3360 2806 3406 est
2840 3351 2933 3407 Dei
2966 3352 3165 3419 Patris,
3194 3361 3350 3409 actus
3377 3372 3510 3411 suos

1929 3447 2212 3504 direxerit.
2233 3446 2463 3517 Propter
2491 3445 2635 3516 quod
2659 3447 3039 3501 convertimini
3073 3463 3103 3501 a
3136 3448 3291 3503 malis
3316 3449 3383 3502 ad
3416 3450 3517 3504 bo-

1930 3556 2023 3607 na,
2052 3556 2083 3594 a
2106 3539 2500 3608 temporalibus
2533 3537 2601 3593 ad
2628 3548 2851 3594 aeterna.
2881 3538 3175 3609 Agnoscite
3196 3557 3365 3595 unum
3393 3557 3519 3600 esse

1930 3633 2103 3688 Deum
2133 3632 2257 3687 cceli
2284 3638 2551 3701 terraeque
2579 3640 2870 3696 rectorem,
2896 3632 2950 3685 in
2974 3633 3132 3700 cujus
3158 3633 3326 3702 justis
3356 3648 3519 3704 aspe-

1933 3725 2116 3782 ctibus
2166 3740 2265 3779 vos
2315 3723 2505 3793 injusti
2558 3723 2827 3777 mundum
2858 3724 2977 3793 ejus
3007 3724 3284 3786 habitatis.
3317 3723 3421 3779 Sed
3468 3729 3517 3783 si

1931 3816 2314 3873 convertimini
2334 3824 2388 3872 et
2410 3815 2710 3871 secundum
2739 3816 3076 3871 voluntatem
3102 3817 3222 3887 ejus
3245 3819 3425 3889 agitis,
3445 3820 3515 3876 ad

1932 3910 2178 3965 futurum
2210 3911 2470 3965 saaculum
2502 3911 2785 3967 venientes
2835 3917 2889 3965 et
2931 3911 3119 3965 aeterni
3145 3910 3344 3979 etl'ecti,
3378 3912 3519 3967 inef-

1933 4002 2193 4058 fabilibus
2233 4003 2354 4069 ejus
2402 4002 2562 4058 bonis
2611 4018 2675 4056 ac
2707 4002 2947 4073 praamiis
2980 4001 3358 4071 perfruamini.
3388 4004 3518 4059 Erat

1936 4105 2118 4152 autem
2144 4096 2229 4149 vir
2260 4097 2383 4159 iste,
2414 4095 2508 4165 qui
2543 4096 2656 4150 hmc
2688 4095 3013 4165 loquebatur
3045 4095 3110 4147 ad
3141 4096 3421 4165 populum,
3448 4113 3516 4152 ex

1937 4186 2180 4243 Orientis
2226 4188 2496 4257 partibus,
2540 4188 2762 4241 natione
2802 4185 3062 4240 llehrwus
3106 4186 3244 4257 (i0),
3295 4188 3518 4244 noznine

1941 4278 2242 4343 Barnabas,
2276 4282 2368 4350 qui
2400 4297 2458 4335 se
2483 4281 2647 4335 etiam
2673 4296 2838 4334 unum
2866 4294 2930 4333 ex
2957 4280 3078 4348 ejus
3099 4280 3383 4348 discipulis
3402 4282 3448 4350 (l
3466 4283 3516 4352 l)

1943 4386 2067 4425 esse
2100 4371 2335 4438 dicebat,
2369 4376 2708 4440 missumque
2737 4371 2808 4425 ob
2831 4370 2954 4433 hoc,
2987 4377 3045 4423 ut
3070 4370 3185 4423 haec
3207 4369 3519 4427 volentibus

1562 4484 1928 4539 COTELERII
1986 4484 2222 4541 ΝΟΤίΕ.

320 4610 399 4679 (7)
455 4609 602 4678 Tegi.
654 4607 713 4660 In
763 4604 1055 4671 Frecull‘o,
1100 4613 1292 4674 tegere,
1342 4599 1490 4673 quod
1536 4600 1823 4671 reSpondel

1945 4603 2392 4679 Alexandrinum,
2423 4599 2717 4679 Eusebium
2733 4608 2803 4679 .et
2844 4596 3225 4679 Epiphanium.
3259 4594 3349 4679 Sic
3375 4610 3515 4679 (lim-

243 4680 460 4751 (ἶηοοᾲ
498 4679 731 4746 στέγειν.
1064 4746 1075 4751 _
1272 4743 1303 4751 η
1383 4741 1433 4751 _,
1506 4748 1513 4751 Α
1624 4740 1637 4751 ,
1717 4740 1727 4751 ,

324 4751 400 4822 (8)
425 4740 645 4822 Sumpta
667 4766 698 4802 a
722 4758 950 4822 tempore
970 4743 1356 4822 veris‘cxord‘io.
1383 4740 1828 4822 Martyrologium

244 4810 567 4891 Hieronymi
598 4810 855 4873 dictum}
904 4814 1333 4891 Kalend._df_aii.
1369 4810 1829 4891 lijitizint_pi'mdi-

242 4882 477 4948 cationis
512 4890 726 4943 Domini
756 4889 925 4942 nostri
956 4887 1083 4940 Jesu
1116 4886 1336 4940 Christi.
1369 4882 1827 4935 Wandalbcrtus:

364 4960 541 5015 Maias
572 4961 749 5029 prima
773 4968 951 5012 sacrat
977 4957 1176 5029 Christi
1200 4951 1756 5029 doctrinaKulendas.

324 5032 405 5103 (9)
447 5030 506 5085 Si
536 5023 650 5101 quis
680 5037 1021 5103 tamen,_etc._
1044 5026 1327 5103 Freculfus
1364 5043 1376 5077 :
1410 5023 1826 5103 Sinoni-tamen,

243 5112 304 5160 et
330 5092 1118 5173 direxerint,quemadmodum
1143 5099 1196 5150 in
1229 5095 1437 5173 Garmco.
1468 5092 1643 5173 Simili
1672 5092 1831 5173 unedo

243 5180 448 5245 postea
479 5188 540 5224 ac
560 5160 796 5241 prteiniis
821 5171 977 5245 abest
1005 5184 1033 5245 ᾳ
1066 5165 1316 5245 Freculfo
1340 5173 1393 5218 ct
1419 5180 1450 5218 a
1474 5162 1697 5245 (armis:
1733 5160 1835 5245 No:

247 5232 423 5299 ianda
460 5232 680 5311 quoque
716 5240 871 5311 varia
901 5234 1445 5311 lectiondocendirpro
1488 5232 1698 5285 dicendi
1718 5239 1834 5311 iuet

248 5299 494 5388 utraque
534 5299 864 5361 co'nferenda
909 5320 1033 5360 cum
1066 5303 1269 5357 Graecis
1309 5299 1577 5371 Epitomes
1619 5315 1683 5354 ac
1711 5299 1831 5353 Cle-

248 5386 632 5433 mentinorum.

326 5448 450 5523 (10)
482 5444 714 5501 Natione
759 5445 1036 5523 Hebra’us.
1087 5442 1390 5523 Bar‘nabam
1439 5439 1699 5523 Cvprium
1749 5438 1835 5521 fa-

248 5511 413 5574 ciunt
436 5517 759 5587 lnterpretes
791 5517 858 5570 ad
888 5517 1009 5587 Act.
1037 5531 1108 5577 1v,
1135 5514 1224 5576 56,
1259 5527 1475 5587 necnon
1495 5511 1833 5587 Epiphanius

250 5588 453 5645 haeresi
508 5582 607 5652 50',
672 5604 723 5643 c.
773 5587 867 5653 25,
914 5585 1274 5655 Hieronymus
1296 5583 1405 5655 ~in_
1437 5582 1727 5655 Catalogo,
1780 5592 1834 5636 et

251 5657 566 5716 Alexander
589 5651 890 5713 monachus
917 5657 971 5709 in
1001 5651 1261 5711 Encomio
1288 5653 1343 5706 S.
1373 5651 1654 5706 Barnabm.

332 5729 448 5799 (ll)
480 5728 652 5785 Unum
674 5745 737 5784 ea;
758 5729 869 5791 eius
900 5726 1197 5797 discipulis.
1224 5723 1299 5778 lta
1328 5720 1468 5795 apud
1498 5723 1833 5783 Clementem

1944 4691 2051 4746 que
2084 4678 2137 4730 in
2164 4672 2435 4746 Cloronicq
2456 4682 2648 4746 vocato
2679 4664 3348 4746 .4lea?_anilr‘itto,nDprothei
3368 4664 3518 4746 ‘Sgn-

1935 4732 2071 4812 o'psi,
2114 4739 2535 4812 etLaudatione
2574 4737 2888 4812 Alexandri.
2923 4734 3027 4812 Sed
3054 4732 3197 4812 Beda
3226 4740 3406 4812 negat,
3428 4732 3519 4786 in-

1935 4801 2093 4865 li'rmo
2116 4805 2297 4864 'nixus
2337 4810 2711 4863 fundamento.
2744 4804 2968 4870 Mirum,
3009 4804 3206 4873 inquit,
3232 4801 3517 4857 Retracta-

1934 4884 2084 4936 tione
2135 4882 2189 4934 in
2233 4881 2367 4934 Acta
2424 4881 2819 4950 apo~tolorum,
2863 4876 2929 4928 ad
2973 4889 3103 4950 cap.
3155 4873 3208 4934 4,
3258 4874 3518 4950 quomodo

1936 4954 2071 5006 [tunc
2104 4950 2431 5010 Barnabam,
2460 4943 2551 5020 qui
2573 4961 2753 5017 postea
2800 4964 2917 5020 cum
2965 4943 3518 5020 Paulo_gentinm_est

1939 5024 2213 5076 ordinatus
2246 5012 2512 5089 apostolus
2538 5012 2665 5083 ,ἀε
2708 5027 2821 5085 post
2854 5015 3210 5089 longum__ejus
3241 5012 3520 5089 contuber—

1939 5095 2084 5146 nium
2117 5082 2347 5160 Cyprnm
2378 5092 2514 5144 unde
2535 5101 2681 5142 ortus
2705 5082 3312 5160 fuerat,_ﬁrwd_icaturns
3339 5082 3514 5145 rediit,

1941 5155 2203 5217 Eusebius
2234 5168 2287 5215 in
2319 5162 2557 5215 Historia
2613 5155 3006 5217 ecclesiastica,
3041 5155 3105 5207 de
3142 5170 3358 5205 numero
3404 5169 3518 5206 esse

1938 5250 2041 5288 va
2070 5233 2448 5304 discipulorum
2484 5231 2689 5304 [gemini
2719 5227 3011 5283 Saluatoris
3044 5224 3361 5304 arbitratur,
3396 5239 3517 5274 cum

1939 5300 2221 5373 manifeste
2250 5303 2445 5355 scribat
2496 5302 2554 5354 Β.
2615 5300 2784 5352 Lucas
2826 5314 2944 5373 eum
2993 5304 3109 5363 post
3158 5300 3518 5373 ascensione-nr

1940 5364 2155 5428 Domini
2203 5374 2270 5427 ad
2301 5374 2675 5441 discipulatum
2719 5368 3078 5445 apostoloritm
3122 5365 3370 5445 venisse;
3412 5364 3519 5445 nisi

1939 5447 2074 5515 forte
2123 5432 2584 5513 putandum'est,
2641 5432 2761 5495 enni
2816 5440 2962 5505 prius
3010 5438 3087 5515 ita
3133 5432 3518 5515 discipulatam

1942 5501 2143 5572 Christi
2190 5526 2445 5578 secutum,
2490 5524 2545 5566 ut
2575 5501 2824 5565 necdum-
2854 5507 3229 5578 renuntiaverit
3274 5501 3517 5578 omnibus

1940 5603 2057 5658 qum
2107 5573 2443 5658 possidebat),
2487 5582 2847 5658 quoduntrum
2906 5577 3216 5648 evungelicw
3261 5573 3511 5631 doctrina

1941 5653 2254 5721 convenerit,
2286 5656 2451 5712 cuivis
2488 5653 2745 5723 facillime
2762 5658 2927 5713 patet.
