3890 6192
464 256 601 317 19η

1322 258 1379 319 ε.
1421 258 1869 317 CLEMENTISI
1909 259 2077 318 RD].
2119 260 2325 319 PONT.
2364 263 2597 322 OPERA
2636 264 2870 324 DUBIA.

3595 272 3717 329 1212

463 376 753 433 indicaret.
784 373 995 443 Quibus
1020 388 1122 446 ego
1156 372 1383 440 auditis.
1413 390 1541 432 cum
1571 375 1781 447 reliqua
1806 377 2052 433 multitu-
2081 382 2130 439 Α
2157 378 2503 450 omnipotens
2522 379 2859 437 abscondita
2878 380 3033 437 vobis
3049 380 3377 438 voluntatem
3400 398 3725 456 suam,quo|

460 468 589 523 dine
622 469 778 538 sequi
808 483 933 523 eum
958 466 1101 537 coepi
1126 473 1182 521 et
1219 466 1431 532 audire,
1464 482 1587 537 quae
1620 467 1849 523 diceret.
1884 466 2049 524 Intel—

460 560 693 631 ligebam
725 574 859 616 sane
907 559 1055 630 quod
1105 558 1244 613 nihil
1289 557 1593 614 dialecticas
1634 559 1771 616 artis
1812 568 1961 615 esset
1991 560 2047 615 in

459 653 700 722 homine,
733 653 831 710 sed
860 652 1186 725 simpliciter
1208 660 1262 708 et
1286 653 1495 723 absque
1518 652 1631 707 ullo
1653 652 1871 707 dicendi
1895 651 2043 717 fuco,

459 764 585 821 qua:
630 747 879 803 audisset
926 761 959 800 a
1004 744 1147 800 Filio
1190 743 1286 800 Dei
1320 744 1405 799 vel
1433 743 1684 805 vidisset,
1724 752 2042 815 exponeret.

455 840 802 897 Assertiones
830 837 977 892 enim
1013 851 1145 892 suas
1192 850 1304 890 non
1352 843 1801 905 argumentorum
1845 837 2045 891 virtute

455 929 758 995 mtmicbat,
791 929 887 985 sed
916 928 1213 983 verborum
1269 934 1323 984 et
1379 927 1738 991 mirabilium,
1772 944 1894 999 quae
1944 943 2042 982 an-

453 1022 775 1086 nuntiabat,
822 1027 991 1076 testes
1029 1020 1253 1082 multos,
1301 1034 1366 1075 ex
1414 1019 1533 1090 ipso
1581 1020 1747 1075 etiam
1801 1021 2041 1075 circum-

452 1121 635 1170 stante
662 1112 886 1184 p0pulo,
916 1110 1276 1183 producebat.

524 1226 659 1283 Vlll.
698 1224 900 1281 Verum
933 1224 1196 1295 quoniam
1232 1222 1300 1278 ad
1329 1236 1416 1286 ea,
1450 1237 1575 1293 quae
1628 1223 1844 1277 sincere
1889 1221 2039 1276 diee-

448 1319 673 1382 bantur,
704 1318 936 1372 libenter
965 1330 1210 1369 annuere
1236 1314 1473 1384 populus
1519 1321 1573 1369 et
1625 1312 1879 1385 amplecti
1920 1327 2037 1368 ser-

448 1425 667 1469 munem
701 1408 1004 1481 simplicem
1035 1407 1224 1477 carpit,
1254 1406 1310 1461 hi
1341 1407 1438 1477 qui
1479 1406 1584 1462 sibi
1635 1405 1837 1461 eruditi
1881 1404 2035 1461 vide-

445 1509 651 1563 bantur
674 1506 761 1561 vel
790 1502 1130 1575 philosophi,
1164 1499 1347 1557 ridere
1376 1499 1655 1555 hominem
1682 1513 1746 1553 ac
1774 1512 2036 1567 spernere

443 1608 682 1664 cepere,
711 1600 767 1647 et
800 1590 1257 1663 syllogismorum
1300 1589 1354 1643 in
1394 1604 1519 1646 eum
1556 1588 1863 1644 tendiculas
1887 1589 2035 1643 velut

444 1684 788 1740 validissima
819 1698 973 1736 arma
1011 1680 1365 1752 proferre.At
1387 1680 1479 1737 ille
1524 1680 1811 1736 interritus
1839 1686 1895 1735 et
1920 1680 2034 1736 vel-

446 1788 508 1835 ut
553 1780 912 1835 deliramenta
947 1779 1191 1848 argutias
1222 1792 1413 1831 eorum
1444 1776 1676 1841 ducens,
1710 1793 1780 1833 ne
1808 1791 2035 1849 respon-

445 1876 600 1929 sione
630 1872 846 1943 quidem
880 1871 1076 1941 dignos
1112 1869 1414 1939 judicabat,
1447 1870 1542 1925 sed
1572 1886 1636 1925 ea
1665 1886 1788 1939 quae
1830 1886 2033 1941 pr0po-

443 1972 651 2030 sucrat,
682 1964 1081 2034 exsequebatur
1112 1962 1441 2032 intrepidus.
1483 1961 1729 2032 Denique
1772 1978 1898 2017 cum
1945 1962 2031 2017 lo-

440 2061 628 2131 quenti
660 2059 708 2113 ei
740 2057 962 2129 quidam
995 2056 1397 2127 proposuisset,
1436 2070 1538 2110 cur
1565 2056 1641 2110 ita
1674 2055 1853 2112 factus
1885 2063 2032 2111 esset

441 2152 603 2205 culex
634 2150 770 2220 (l2),
805 2157 864 2204 ut
895 2164 1021 2203 cum
1060 2148 1134 2203 sit
1166 2147 1369 2202 animal
1401 2146 1685 2217 exiguum,
1714 2152 1769 2200 et
1802 2161 1897 2200 sex
1934 2146 2031 2200 ha-

440 2243 566 2299 beat
611 2242 798 2313 pedes,
833 2242 1060 2310 insuper
1087 2240 1285 2295 addita:
1316 2239 1429 2295 sint
1456 2239 1504 2293 ei
1536 2248 1591 2294 et
1616 2238 1735 2301 alte,
1768 2237 2030 2307 elephan-

439 2344 529 2393 tus
555 2351 685 2391 vero
715 2351 839 2389 cum
870 2335 945 2391 sit
973 2335 1212 2387 immane
1242 2332 1443 2387 animal
1466 2346 1643 2402 neque
1666 2331 1783 2387 alas
1805 2331 2025 2395 habeat,

437 2438 675 2501 quatuor
704 2436 914 2483 tantum
949 2425 1115 2497 pedes
1150 2425 1346 2480 habeat
1378 2443 1390 2476 :
1423 2424 1491 2479 ad
1512 2424 1627 2478 haec
1651 2424 1741 2479 ille
1763 2439 1830 2479 ne
1854 2423 2029 2494 respi-

437 2522 594 2576 ciens
632 2520 875 2590 quidem,
912 2533 1223 2573 sermonem
1272 2532 1456 2581 suum,
1492 2532 1656 2586 quem
1713 2517 2027 2586 importuna

438 2613 745 2685 propositio
773 2612 1161 2680 interruperat,
1192 2610 1517 2665 continuata
1552 2609 1854 2663 intentione
1903 2618 2027 2676 per-

440 2706 658 2776 agebat,
694 2703 799 2758 hac
831 2705 949 2761 sola
981 2703 1354 2758 admonitione
1385 2718 1482 2773 per
1504 2702 1749 2771 singulas
1778 2714 2027 2769 quasque

433 2797 865 2868 interruptiones
892 2798 1074 2851 addita
1111 2816 1123 2851 :
1155 2794 1266 2851 Nos
1291 2795 1412 2865 ejus
1444 2795 1539 2865 qui
1568 2795 1718 2850 misit
1758 2808 1861 2848 nos
1901 2807 2026 2847 ver-

435 2892 505 2948 ha
538 2892 791 2961 factaque
824 2890 1099 2945 mirabilia
1130 2891 1459 2945 annuntiare
1487 2889 1647 2944 vobis
1696 2889 1759 2942 in
1802 2887 2025 2942 manda-

434 2986 510 3043 tis
538 2985 827 3049 habemus,
862 2982 1131 3053 fidemque
1156 2997 1345 3037 eorum
1380 2997 1502 3053 quae
1529 2980 1783 3043 dicimus,
1815 2994 1927 3034 non
1956 2994 2023 3033 ex

434 3076 775 3149 argumentis
821 3081 939 3129 arte
992 3074 1261 3144 qumsitis,
1297 3072 1391 3129 sed
1424 3089 1491 3128 ex
1526 3072 1682 3126 vobis
1713 3071 1850 3141 ipsis
1892 3086 2023 3141 pro-

434 3168 617 3224 ductis
646 3167 885 3222 testibus
916 3164 1265 3221 confirmare.
1295 3164 1548 3235 Agnosco
1574 3165 1720 3219 enim
1752 3163 2021 3233 plurimos

436 3268 622 3319 astare
651 3259 708 3313 in
737 3258 918 3314 medio
939 3266 1181 3315 vestrum
1202 3273 1269 3312 ex
1301 3258 1407 3324 his,
1428 3273 1568 3328 quos
1595 3271 1704 3310 una
1732 3255 2021 3312 nobiscum

433 3350 659 3407 memini
691 3350 914 3406 audisse
942 3365 1065 3421 quae
1093 3350 1425 3413 audivimus,
1462 3358 1518 3404 et
1544 3348 1750 3404 vidisse
1776 3364 1896 3419 quae
1937 3348 2023 3403 vi—

433 3441 639 3497 dimus.
676 3440 759 3495 Sit
789 3449 969 3497 autem
1015 3443 1070 3496 in
1101 3449 1284 3496 vestra
1312 3450 1599 3511 potestate,
1648 3440 1731 3495 vel
1775 3440 2021 3509 recipere

430 3545 554 3601 quae
583 3532 995 3595 annuutiamus,
1028 3532 1113 3586 vel
1138 3548 1416 3601 spernere.
1438 3530 1549 3586 Nos
1582 3531 1728 3585 enim
1760 3533 1907 3601 quod
1931 3547 2021 3585 ex-

432 3620 621 3692 pedire
650 3623 805 3678 vobis
834 3625 1110 3687 novimus,
1142 3631 1327 3678 tacere
1362 3638 1474 3676 non
1524 3637 1843 3692 possumus,
1888 3622 2018 3692 quia

430 3714 612 3777 nobis,
650 3714 697 3768 si
726 3721 1029 3777 taceamus,
1056 3715 1318 3769 damnum
1371 3722 1476 3780 est,
1520 3715 1678 3770 vobis
1716 3730 1866 3779 vero,
1897 3730 2018 3784 qua:

430 3803 691 3869 dicimus,
725 3806 770 3861 si
799 3821 909 3859 non
940 3805 1250 3875 recipiatis,
1287 3805 1579 3876 pernicies.
1616 3804 1720 3860 Sed
1753 3812 1807 3859 et
1834 3803 2017 3860 stultis

432 3896 906 3966 prepositiouibus
936 3897 1136 3953 vestris
1163 3896 1495 3966 respondere
1513 3896 1770 3967 perfacile
1788 3898 2013 3967 possim,

431 3988 480 4043 si
511 3988 757 4043 veritatis
786 3988 1062 4044 discendae
1098 4003 1267 4043 causa
1315 3989 1656 4057 quzereretis,
1707 3988 1776 4043 de
1822 3988 2016 4043 culicis

430 4078 557 4134 dico
589 4086 754 4149 atque
782 4078 1089 4148 elephantis
1112 4078 1414 4133 differentia
1436 4096 1451 4145 ;
1483 4079 1579 4134 sed
1605 4094 1752 4134 nunc
1775 4080 1843 4134 de
1861 4094 2017 4134 crea-

430 4169 571 4225 turis
599 4168 783 4224 dicere
814 4167 971 4222 vobis
1000 4166 1207 4238 aliquid
1240 4168 1539 4223 absurdum
1581 4176 1686 4233 est,
1727 4184 1852 4224 cum
1873 4183 1904 4222 a
1925 4184 2017 4223 vo—

428 4259 515 4317 bis
546 4260 661 4329 ipse
691 4259 935 4314 Omnium
964 4258 1193 4313 Creator
1217 4266 1271 4311 et
1299 4256 1564 4312 Conditor
1597 4257 1903 4328 ignoretur.

498 4348 590 4405 ιχ.
636 4348 761 4403 Haec
793 4357 975 4404 autem
1006 4364 1132 4403 cum
1161 4348 1411 4412 dixisset,
1448 4348 1592 4403 velut
1624 4365 1687 4402 ex
1721 4362 1833 4402 uno
1880 4361 2014 4401 con-

2152 473 2431 545 agnitione
2471 475 2558 528 sui
2598 473 2847 544 praevidit
2875 474 3149 546 indignos,
3174 476 3318 530 sicut
3364 491 3431 532 ex
3480 477 3575 533 bis
3618 495 3723 549 quae

2150 579 2298 619 nunc
2322 564 2506 635 agitis,
2536 579 2732 620 sanum
2755 565 3091 635 sapientibus
3116 567 3292 639 palam
3318 576 3420 623 est.
3447 565 3597 624 Nam
3613 585 3725 624 cum

2148 654 2381 711 videatis
2402 656 2790 727 prmdicatores
2816 657 3117 714 voluntatis
3144 657 3238 713 Dei
3268 659 3588 727 advenisse,
3609 663 3723 732 quia

2149 748 2354 802 nullam
2407 763 2589 804 sermo
2635 764 2827 805 eorum
2874 752 3243 819 grammatica:
3272 752 3405 809 artis
3438 756 3722 810 scientiam

2148 840 2453 913 profitetur,
2486 841 2583 897 sed
2614 842 2958 912 simplicibus
3003 851 3059 897 et
3088 845 3348 914 impolitis
3378 847 3721 901 sermonibus

2146 934 2429 1003 perferunt
2459 935 2527 989 ad
2560 950 2657 991 vos
2686 936 2870 991 divina
2900 936 3177 1000 mandata,
3211 938 3286 991 ita
3322 946 3384 993 ut
3412 952 3613 994 omnes
3637 940 3721 1010 qui

2146 1026 2399 1089 audiunt,
2427 1027 2584 1098 sequi
2617 1027 2831 1097 possint
2861 1036 2916 1083 et
2948 1028 3251 1099 intelligere
3279 1046 3401 1100 qua:
3428 1030 3719 1099 dicuntur;

2144 1117 2334 1172 ridetis
2361 1118 2555 1173 salutis
2586 1126 2785 1174 vestrae
2809 1119 3092 1175 ministros
3117 1128 3171 1175 et
3197 1120 3444 1187 nuntios,
3478 1122 3716 1192 ignoran-

2141 1216 2225 1265 tes
2287 1210 2415 1279 quia
2446 1216 2650 1276 vestra,
2679 1210 2773 1280 qui
2800 1210 2954 1265 vobis
2980 1210 3138 1281 periti
3188 1218 3243 1267 et
3284 1213 3614 1284 eloquentes
3644 1214 3718 1267 vi-

2139 1302 2365 1363 demini,
2385 1301 2768 1358 condemnatio
2784 1311 2887 1370 est,
2914 1305 3061 1374 quod
3088 1305 3233 1375 apud
3254 1314 3505 1375 agrestes
3526 1312 3582 1362 et
3601 1308 3716 1362 bar-

2140 1390 2313 1447 baros
2331 1392 2565 1447 habetur
2592 1393 2842 1449 veritatis
2870 1396 3232 1465 agnitio.Quze
3258 1411 3382 1452 cum
3410 1397 3485 1452 ad
3510 1413 3609 1453 vos
3636 1398 3719 1452 ad-

2138 1484 2370 1547 venerit,
2402 1500 2503 1539 nec
2529 1486 2687 1556 quasi
2721 1486 2936 1557 hospita
2967 1490 3287 1559 suscipitur,
3319 1506 3443 1561 quae
3484 1492 3594 1547 nisi
3639 1494 3713 1547 in-

2138 1577 2500 1646 temperantia
2529 1585 2713 1632 vestra
2742 1585 2795 1633 et
2824 1578 2993 1633 libido
3017 1579 3329 1645 obsisteret,
3355 1582 3501 1637 civis
3530 1599 3649 1638 esse
3667 1592 3713 1638 et

2136 1669 2431 1723 vernacula
2453 1668 2769 1736 debuisset;
2796 1678 2856 1723 ut
2883 1686 2951 1725 ex
2982 1670 3068 1728 his
3091 1675 3420 1742 arguamini,
3441 1676 3594 1745 quod
3614 1693 3708 1729 non

2135 1761 2381 1816 veritatis
2429 1761 2591 1816 amici
2630 1770 2685 1817 et
2717 1761 3051 1832 philosophi,
3083 1766 3179 1819 sed
3224 1767 3516 1834 jactantiaa
3549 1778 3711 1825 secta-

2136 1858 2307 1915 tores,
2339 1862 2393 1907 et
2420 1853 2697 1924 vaniloqui
2730 1854 2888 1919 estis,
2920 1856 3014 1925 qui
3040 1856 3322 1912 veritatem
3354 1873 3471 1914 non
3503 1860 3559 1913 in
3590 1862 3708 1914 sime

2135 1943 2371 2013 plicibus
2402 1945 2606 2010 verbis,
2638 1946 2733 2001 sed
2764 1946 2818 2000 in
2853 1948 3088 2004 versutis
3134 1956 3189 2003 et
3233 1950 3455 2007 callidis
3498 1952 3709 2008 creditis

2134 2035 2403 2100 habitare,
2424 2046 2473 2093 et
2499 2038 2924 2094 innumerabilia
2941 2040 3233 2098 verborum
3256 2041 3543 2111 profertis,
3560 2045 3705 2099 unius

2132 2129 2283 2185 verbi
2318 2145 2667 2201 nequaquam
2698 2132 2875 2202 pretio
2910 2133 3251 2203 pensitanda.
3285 2133 3431 2200 Quid
3463 2152 3593 2206 ergo
3622 2153 3709 2206 pu-

2131 2222 2262 2277 tatis
2293 2222 2537 2276 futurum
2580 2222 2649 2277 de
2676 2223 2855 2288 vobis,
2886 2238 2985 2280 vos
3012 2239 3046 2278 o
3080 2225 3257 2279 omnis
3301 2226 3469 2281 turba
3506 2226 3708 2282 Caeco-

2131 2330 2274 2381 rum,
2306 2316 2352 2370 si
2381 2319 2487 2370 erit
2505 2316 2772 2385 judicium
2790 2316 2905 2382 Dei,
2932 2317 3076 2373 sicut
3098 2318 3200 2373 iste
3222 2317 3394 2375 dicit?
3413 2317 3523 2374 Sed
3549 2334 3703 2381 nunc,

2129 2408 2445 2464 omittentes
2481 2408 2659 2463 ridere
2711 2408 2766 2462 in
2816 2407 3113 2479 perniciem
3140 2408 3307 2465 vestri
3333 2410 3517 2465 virum
3550 2410 3702 2474 hunc,

2129 2498 2459 2570 respondeat
2483 2500 2615 2554 mihi
2644 2500 2739 2571 qui
2769 2500 2884 2555 vult
2905 2517 2972 2556 ex
3002 2501 3179 2565 vobis,
3203 2503 3469 2572 quoniam
3498 2503 3703 2573 quidem

2129 2592 2249 2647 solo
2280 2592 2481 2647 latratu
2514 2602 2699 2647 vestro
2748 2593 3058 2649 obturbatis
3101 2594 3265 2648 etiam
3299 2610 3498 2650 eorum
3530 2610 3697 2657 aures,

2127 2685 2221 2755 qui
2252 2686 2392 2741 salvi
2424 2701 2546 2741 esse
2575 2686 2789 2749 volunt,
2822 2693 2875 2740 et
2907 2694 3118 2741 mentes
3146 2701 3266 2757 qua:
3309 2687 3380 2740 ad
3425 2687 3585 2741 fidem
3615 2701 3699 2755 pa-

2128 2783 2260 2830 rata:
2292 2784 2443 2839 sunt.
2477 2777 2543 2831 ad
2575 2776 2912 2831 inﬁdelitatis
2935 2778 3148 2846 lapsum
3207 2777 3414 2833 vestris
3452 2777 3693 2833 obturbao

2127 2868 2370 2924 tionibus
2408 2868 2699 2923 declinatis
2732 2888 2745 2923 :
2776 2884 2897 2939 qua:
2931 2869 3087 2923 vobis
3116 2868 3219 2924 erit
3248 2885 3497 2940 unquam
3528 2868 3689 2928 venia,

2126 2962 2219 3031 qui
2263 2960 2574 3016 Divinitatis
2617 2963 2892 3026 nuntium,
2923 2962 3327 3032 promittentem
3358 2963 3522 3018 vobis
3562 2958 3690 3031 agni-

2126 3054 2330 3108 tionem
2364 3052 2481 3118 Dei,
2502 3054 2693 3109 ridetis
2725 3064 2779 3110 et
2802 3052 3019 3125 injuriis
3042 3053 3294 3110 adicitis?
3325 3072 3497 3126 quem
3525 3056 3690 3123 utique

2124 3146 2341 3201 etiamsi
2371 3147 2509 3201 nihil
2541 3147 2789 3203 veritatis
2819 3146 3055 3213 aﬂerret,
3090 3162 3189 3218 pro
3219 3148 3339 3217 ipso
3400 3158 3577 3203 tamen
3604 3147 3685 3200 be.

2123 3238 2406 3309 nignitatis
2430 3254 2555 3309 erga
2588 3255 2684 3294 vos
2714 3241 3017 3312 proposito,
3050 3246 3266 3312 gratum
3307 3248 3687 3312 acceptumque

2122 3330 2325 3386 habere
2352 3331 2647 3387 deberetis.

2190 3424 2261 3481 Χ.
2303 3423 2429 3479 Haec
2455 3432 2509 3479 et
2540 3425 2628 3480 his
2658 3425 2861 3481 similia
2888 3440 3013 3480 cum
3032 3439 3420 3496 prosequerer,
3440 3426 3684 3496 plurimus

2121 3516 2353 3572 astantis
2386 3515 2571 3586 populi
2603 3514 2857 3573 fremitus
2884 3514 3438 3579 concitabatur,dum
3467 3516 3555 3569 alii
3586 3513 3683 3568 vel-

2120 3617 2180 3664 ut
2221 3625 2349 3682 erga
2390 3609 2660 3679 hospitem
2704 3610 3061 3665 miseratione
3090 3616 3469 3673 moverentur,
3501 3620 3683 3662 meum-

2119 3719 2227 3774 que
2257 3717 2568 3759 sermonem
2594 3708 2654 3756 ut
2682 3709 3082 3773 consequenter
3108 3700 3354 3755 habiturn
3386 3701 3679 3771 probarent,

2118 3796 2209 3849 alii
2241 3794 2550 3866 petulantes
2589 3802 2645 3850 et
2691 3793 2901 3857 stolidi,
2927 3793 2983 3847 in
3020 3807 3108 3848 me
3136 3806 3355 3862 quoque
3386 3790 3603 3861 pariter,
3630 3792 3681 3840 ut

2119 3887 2174 3940 in
2205 3886 2533 3951 Barnabam,
2564 3884 2811 3941 ell‘renati
2865 3883 3034 3938 animi
3082 3882 3429 3937 iracundiam
3459 3879 3681 3936 concita-

2117 3986 2258 4033 rent.
2286 3976 2391 4034 Sed
2422 3994 2547 4033 cum
2574 3976 2646 4031 ad
2674 3991 2956 4046 vesperam
2982 3974 3093 4044 jam
3118 3974 3423 4029 declinaret
3451 3974 3581 4035 dies,
3603 3985 3679 4039 ap-

2116 4072 2386 4139 prehensa
2422 4068 2688 4125 Barnabm
2715 4068 2961 4129 dextera,
2992 4067 3364 4122 obluctantem
3396 4066 3522 4120 licet
3545 4078 3673 4124 eum,

2115 4164 2184 4217 ad
2229 4178 2406 4218 meam
2459 4172 2641 4218 tamen
2671 4160 2871 4217 adduxi
2904 4160 3149 4226 domum,
3179 4167 3343 4230 atque
3374 4160 3453 4215 ibi
3480 4170 3677 4213 manere

2118 4254 2243 4319 feci,
2282 4270 2351 4312 ne
2379 4254 2505 4325 quis
2538 4253 2678 4310 forte
2706 4270 2771 4309 ex
2806 4253 3028 4307 indocili
3053 4252 3216 4322 vulgo
3245 4251 3497 4321 injiceret
3515 4250 3560 4306 ei
3582 4262 3677 4302 rua-

2115 4364 2241 4404 nus.
2271 4346 2640 4417 Aliquantulis
2668 4345 2834 4416 igitur
2856 4343 3050 4400 diebus
3079 4360 3187 4397 una
3215 4342 3406 4412 positi,
3424 4343 3675 4397 disseren-

429 4457 619 4505 sensu,
657 4441 1069 4510 indisciplinato
1098 4455 1193 4494 ore
1219 4455 1412 4495 omnes
1461 4439 1626 4496 sinml
1655 4440 1827 4494 risum
1856 4438 2015 4493 dede-
2049 4453 2087 4503 ι)
2115 4448 2168 4495 te
2200 4456 2265 4495 eo
2298 4436 2561 4511 [paucis],
2596 4451 2907 4491 sermonem
2934 4435 3181 4489 veritatis
3229 4434 3467 4489 libenter
3503 4429 3670 4486 audie-

428 4548 512 4596 re,
543 4533 791 4588 incutere
822 4533 872 4588 ei
902 4532 1288 4587 verecundiam
1319 4548 1383 4589 ac
1410 4532 1690 4590 silentium
1734 4534 2015 4604 imponere

429 4625 735 4697 cupientes,
767 4624 1172 4695 barbarumque
1193 4636 1247 4680 et
1269 4626 1453 4681 minus
1481 4640 1629 4680 sanae
1656 4626 1856 4681 mentis
1884 4641 2010 4682 eum

430 4722 823 4777 acclamantes.
855 4720 967 4791 Ego
990 4736 1121 4777 vero
1150 4736 1275 4775 cum
1310 4720 1425 4775 haec
1450 4721 1528 4775 ita
1560 4720 1674 4777 fieri
1705 4736 2008 4785 cernerem,

428 4812 548 4867 telo
576 4809 814 4882 quodam
847 4810 1035 4865 nescio
1068 4810 1213 4864 unde
1242 4810 1503 4879 repletus,
1538 4824 1602 4864 ac
1635 4810 1893 4881 religioso
1922 4808 2007 4865 fu—

427 4916 553 4958 rore
584 4916 908 4967 succensus,
942 4902 1103 4957 silere
1126 4917 1235 4955 non
1274 4902 1447 4973 potui,
1480 4900 1575 4957 sed
1607 4917 1731 4957 cum
1763 4901 1913 4956 omni
1941 4900 2008 4955 li-

428 4992 641 5051 bertate
686 4994 1032 5064 proclamans
1072 5011 1088 5049 :
1126 4992 1453 5049 Rectissime
1504 4992 1648 5049 Deus
1672 5036 1687 5061 ,
1739 4992 1962 5065 inquam
1994 5025 2011 5052 9

2114 4535 2276 4599 bam;
2306 4532 2532 4602 urgebat
2558 4538 2739 4585 tamen
2772 4527 3192 4599 profectionem,
3229 4525 3427 4581 dicens
3450 4540 3505 4582 se
3545 4522 3668 4578 diem

2114 4625 2312 4681 festum
2362 4622 2645 4694 religionis
2692 4636 2825 4685 suas,
2858 4620 2954 4691 qui
2998 4619 3330 4682 immineret,
3362 4611 3667 4673 omnimodis

2113 4718 2255 4787 apud
2285 4714 2527 4769 Iudaeam
2558 4713 2983 4777 celebraturum,
3016 4711 3201 4782 ibique
3228 4710 3298 4767 de
3326 4712 3535 4781 reliquo
3559 4718 3665 4761 cum

2116 4810 2231 4865 suis
2274 4807 2489 4861 civibus
2541 4818 2606 4859 ac
2654 4804 2919 4860 fratribus
2948 4818 3391 4873 permansurum.
3418 4801 3667 4859 evidenter

2115 4900 2369 4955 indicans
2409 4897 2624 4968 injuriae
2656 4911 2716 4951 se
2743 4896 2973 4950 horrore
3000 4895 3338 4965 perculsum.

2177 4989 2267 5049 XI.
2310 4990 2553 5061 Denique
2594 5002 2719 5043 cum
2762 5003 2863 5061 ego
2898 4987 3135 5043 dicerem
3164 5005 3178 5040 :
3213 4983 3295 5041 Tu
3318 4985 3450 5051 mihi
3475 4986 3662 5037 tantum

1732 5188 2097 5247 COTELERII
2152 5188 2387 5246 NOTE.

417 5407 426 5419 ,
503 5349 615 5419 (12)
657 5349 766 5405 Cur
803 5348 1097 5417 ita'factus
1140 5360 1271 5404 esset
1302 5347 1877 5419 culeleieronymus,
1905 5347 1978 5400 l.r

431 5422 679 5476 aduersus
711 5420 1050 5490 Pelagianos,
1086 5420 1116 5471 7
1158 5438 1172 5473 :
1216 5419 1499 5487 Elephanti
1545 5430 1705 5473 tanta:
1750 5419 1925 5481 molis,
1954 5428 2004 5471 et

430 5490 648 5560 gryphas
681 5491 732 5543 in
751 5507 848 5543 sua
876 5492 1132 5560 gravitate
1160 5501 1465 5549 causentur,
1498 5506 1593 5543 cur
1622 5490 1892 5559 quaternis
1916 5503 2004 5556 pe-

430 5510 490 5560 gr
529 5510 648 5559 pnes
681 5510 732 5543 in
751 5510 848 5543 sua
876 5510 1132 5560 gravitate
1160 5510 1465 5549 causentur,
1498 5510 1593 5543 cur
1622 5510 1892 5559 quaternis
1916 5510 2004 5556 pe-

430 5510 585 5615 dihlus
633 5560 915 5622 incedant,
966 5577 1084 5613 cum
1132 5576 1326 5614 musca:
1370 5560 1684 5629 calicesque,
1726 5573 1777 5612 et
1813 5569 2005 5613 cratera

434 5630 735 5699 hujusmodi
777 5632 1071 5683 animantia
1110 5631 1205 5684 sub
1244 5632 1484 5699 pennulis
1518 5647 1665 5684 senos
1700 5630 1853 5697 pedes
1907 5629 2004 5685 Ita.

434 5698 625 5764 beant;
667 5708 716 5755 ct
760 5700 923 5771 aliqui
958 5698 1249 5757 vermiculi
1277 5702 1419 5770 sint,
1451 5702 1541 5771 qui
1584 5701 1744 5756 tantis
1783 5699 2003 5770 pedibus

2107 5354 2378 5409 scateant,
2415 5354 2472 5417 ut
2502 5343 2913 5417 innumerabiles
2956 5343 3119 5417 simul
3155 5352 3332 5417 motus
3368 5341 3509 5417 nulla

2109 5415 2529 5484 comprehendat.
2566 5414 2632 5467 Et
2665 5429 2752 5477 in,
2781 5425 2967 5469 contra
2995 5413 3273 5485 Ruﬁnum,
3304 5412 3337 5467 8
3370 5432 3384 5467 :
3422 5410 3551 5480 Ergo
3569 5410 3654 5485 nisi

2109 5486 2203 5538 tibi
2226 5487 2484 5539 rationem
2509 5485 2807 5550 reddidero,
2834 5501 2998 5554 quare
3025 5484 3272 5552 formica,
3308 5497 3519 5554 parvum
3553 5484 3651 5554 atti-

2107 5558 2217 5627 mal
2239 5566 2288 5609 et
2316 5566 2587 5627 punctum,
2613 5566 2670 5608 ut
2694 5557 2772 5608 ita
2791 5548 2987 5619 dicam,
3012 5548 3271 5627 corporis,
3297 5548 3389 5607 ses;
3408 5548 3653 5627 pedes/.m-

2109 5626 2263 5750 ᾄσαι
2294 5616 2413 5682 cum
2436 5616 2775 5694 elephantus,
2818 5616 3188 5693 tanta'mol'es,
3219 5616 3445 5693 quatuor
3462 5616 3651 5691 pedibu

2109 5713 2222 5750 ηερε
2264 5713 2340 5750 ατ.

2109 5713 2340 5753 incedat.
