3890 6192
304 303 449 360 1113

1138 280 1152 307 ¹
1522 288 2090 360 necocnmosun
2128 299 2261 360 LIB.
2296 302 2336 356 ι.

3412 302 3546 358 1214

288 421 412 491 ejus
436 420 561 485 viri,
591 435 753 492 quem
784 420 1103 492 apparuisse
1126 419 1285 486 dicis,
1308 436 1516 492 expone
1538 420 1865 485 doctrinam,
1897 429 1944 487 Α
2039 417 2177 474 Χιιί.
2219 418 2288 474 At
2320 417 2750 489 benignissimus
2798 417 3012 487 Petrus,
3059 419 3247 475 audito
3296 423 3542 487 nomine,

287 525 347 572 et
366 530 467 587 ego
499 516 637 570 meis
670 516 1019 572 sermonibus
1053 522 1147 570 tua
1176 514 1323 570 dicta
1360 530 1715 585 componens,
1746 530 1865 569 om-

285 607 591 679 nipotentis
633 606 729 663 Dei
773 624 1004 679 regnum
1043 608 1423 678 iustitiamque
1454 606 1781 677 praedicabo,
1812 614 1866 661 et

286 708 415 771 post
442 700 559 754 haec
587 700 633 755 si
665 700 927 762 volueris,
960 700 1125 754 etiam
1166 698 1434 769 navigabo
1475 706 1676 763 tecum,
1708 697 1866 752 valde

284 794 436 848 enim
464 792 649 847 videre
680 791 841 862 cupio
864 789 1129 855 Iudaeam,
1158 791 1439 846 vobiscum
1470 787 1722 844 fortassis
1748 804 1867 859 per-

283 893 456 955 petuo
496 899 910 954 permansurus.
974 882 1057 937 Ad
1125 883 1240 937 haec
1282 883 1373 937 ille
1406 901 1419 939 :
1452 881 1556 945 Tu,
1589 881 1785 952 inquit,
1816 881 1864 937 si

282 974 507 1045 quidem
538 973 722 1030 videre
754 975 834 1029 vis
864 976 1097 1043 patriam
1127 981 1395 1039 nostram,
1428 983 1481 1030 et
1505 973 1719 1029 discere
1745 988 1866 1043 qua:

282 1066 586 1129 desideras,
618 1064 731 1134 jam
756 1080 902 1120 nunc
933 1081 1145 1120 mecum
1176 1067 1381 1135 pariter
1408 1065 1637 1136 naviga;
1665 1064 1711 1120 si
1735 1081 1864 1121 vero

280 1168 338 1214 te
370 1161 572 1230 aliquid
603 1168 769 1223 tenet,
799 1159 954 1229 signa
999 1159 1101 1214 tibi
1148 1158 1500 1214 habitationis
1532 1167 1734 1213 nostra:
1764 1158 1862 1214 de-

278 1252 612 1321 relinquam,
644 1259 703 1306 ut
734 1267 857 1306 cum
886 1253 1069 1307 venire
1091 1250 1351 1316 volueris,
1383 1252 1627 1307 invenire
1656 1267 1759 1307 nos
1784 1250 1863 1305 fa-

279 1344 388 1397 cile
416 1344 594 1413 possis
615 1360 645 1413 ;η
663 1358 763 1413 ego
789 1344 935 1398 enim
960 1344 1201 1399 crastino
1228 1343 1329 1398 iter
1358 1342 1660 1413 aggrediar.
1690 1342 1861 1409 Quem

279 1436 379 1490 ubi
407 1436 743 1489 immobilem
787 1435 919 1499 vidi,
948 1434 1206 1490 descendi
1250 1450 1375 1490 cum
1424 1436 1545 1505 ipso
1579 1451 1753 1505 usque
1793 1436 1861 1490 ad

280 1532 525 1595 portum,
557 1540 621 1579 ac
649 1526 940 1595 diligenter
964 1526 1034 1581 ab
1059 1542 1126 1581 eo
1154 1528 1331 1597 signa,
1362 1543 1483 1597 qua:
1510 1526 1745 1590 dixerat,
1772 1526 1864 1580 ha-

279 1615 567 1672 bitationis
593 1618 801 1687 accepi,
834 1617 1025 1673 dicens
1049 1619 1098 1674 ei
1128 1638 1140 1673 :
1168 1620 1295 1688 quia
1325 1618 1432 1673 nisi
1460 1618 1861 1688 aliquantulum

276 1707 529 1775 pecunia:
558 1708 872 1762 necessario
909 1707 1041 1761 mihi
1070 1716 1217 1764 esset
1259 1724 1289 1763 a
1330 1709 1670 1764 debitoribus
1701 1724 1861 1779 repo-

1966 527 2263 568 accurrens
2313 512 2564 583 protinus
2614 512 2830 565 inhaesit
2876 512 3083 567 osculis
3132 513 3290 578 meis,
3323 522 3377 569 et
3421 525 3547 585 post

1965 603 2081 658 haec
2107 618 2233 658 cum
2263 604 2453 659 sedere
2484 619 2570 659 me
2598 602 2837 668 fecisset,
2872 605 2948 657 ait
2978 621 2992 658 :
3025 603 3169 659 Bene
3197 603 3373 660 fecisti
3404 622 3544 677 prae—

1964 695 2261 752 dicatorem
2290 695 2531 751 veritatis
2552 694 2789 764 hospitio
2809 695 3047 765 recipere
3069 695 3390 759 Barnabam,
3409 698 3546 752 nihil

1961 788 2169 843 veritus
2222 787 2404 858 p0puli
2459 786 2783 842 insanientis
2837 786 3115 853 furorem;
3163 788 3355 843 beatus
3412 789 3545 844 eris.

1966 873 2119 929 Sicut
2146 877 2291 931 enim
2322 885 2379 930 tu
2398 877 2632 947 legatum
2660 877 2907 932 veritatis
2925 879 3073 932 omni
3092 879 3299 933 honore
3313 878 3538 951 dignum

1962 965 2191 1034 duxisti,
2226 967 2299 1021 ita
2335 975 2387 1022 te
2417 983 2637 1038 quoque
2688 969 3128 1038 peregrinantem
3182 976 3237 1024 et
3272 969 3543 1037 hospitem

1964 1060 2167 1114 veritas
2198 1059 2315 1129 ipsa
2346 1059 2629 1129 suscipiet,
2650 1066 2704 1113 et
2726 1058 2898 1113 civem
2926 1059 3161 1129 propriae
3194 1059 3348 1115 urbis
3377 1060 3549 1115 ascri-

1963 1146 2075 1211 bet,
2118 1154 2172 1200 et
2198 1153 2327 1200 tunc
2360 1147 2456 1202 tibi
2488 1147 2595 1202 erit
2624 1147 2881 1218 gaudium
2924 1163 3204 1219 magnum,
3234 1151 3382 1218 quod
3429 1151 3548 1205 exi-

1962 1230 2122 1310 guam
2152 1254 2300 1292 nunc
2330 1238 2653 1309 impartiens
2691 1240 2947 1309 gratiam,
2993 1248 3324 1295 aeternorum
3374 1242 3547 1297 bono-

1962 1346 2085 1384 rum
2132 1330 2308 1385 haeres
2357 1331 2636 1387 scriberis.
2664 1331 2824 1387 Nunc
2855 1348 2988 1403 ergo
3028 1348 3098 1387 ne
3134 1334 3351 1388 labores
3374 1346 3545 1404 expo-

1961 1439 2091 1479 nere
2118 1423 2251 1477 mihi
2289 1425 2530 1478 animum
2568 1432 2757 1487 tuum;
2791 1431 2989 1477 cuncta
3026 1423 3171 1477 enim
3199 1423 3267 1477 de
3294 1430 3348 1477 te
3388 1432 3442 1478 et
3477 1424 3544 1479 de

1961 1515 2209 1570 moribus
2235 1516 2345 1569 tuis
2374 1514 2653 1568 Barnabas
2692 1513 2836 1569 ﬁdeli
2869 1528 3121 1568 sermone
3142 1512 3381 1579 edocuit,
3406 1528 3544 1583 quo-

1960 1608 2093 1662 tidie
2124 1623 2261 1678 pene
2286 1614 2341 1663 et
2371 1606 2744 1661 indesinenter
2784 1606 3055 1661 bonorum
3084 1613 3303 1659 tuorum
3334 1621 3541 1660 memo-

1960 1702 2098 1755 riam
2131 1708 2402 1771 repetens.
2425 1700 2490 1754 Et
2510 1707 2570 1754 ut
2598 1701 2694 1755 tibi
2719 1700 2978 1767 breviter,
3003 1707 3262 1769 tanquam
3295 1699 3539 1753 unanimi

278 1797 569 1863 scendum,
601 1798 738 1852 nihil
787 1798 1010 1853 omnino
1042 1800 1313 1855 dillerrem
1336 1841 1350 1865 ,
1386 1800 1643 1856 velociter
1671 1809 1854 1856 tamen
1884 1779 1926 1840 Β
1950 1793 2062 1863 jam
2089 1792 2286 1856 amico.
2314 1792 2460 1862 quod
2486 1793 2541 1846 in
2570 1807 2628 1847 νϐ
2650 1800 2734 1846 εει
2754 1791 3031 1854 deﬁniam.
3053 1790 3100 1845 εί
3124 1790 3261 1846 nihil
3290 1797 3374 1844 εει
3394 1789 3540 1859 ψιοά

278 1890 541 1960 insequar
585 1890 689 1945 iter
720 1897 893 1947 tuum.
928 1890 1063 1946 Cum
1110 1892 1226 1946 inec
1271 1891 1557 1957 dixissem,
1588 1908 1860 1949 commen-

277 1981 411 2035 dato
441 1998 507 2037 eo
533 1982 798 2036 attentius
826 1982 935 2047 his,
965 1983 1060 2053 qui
1087 1983 1213 2038 navi
1242 1990 1532 2053 praeerant,
1566 2000 1857 2054 regressus

276 2092 403 2133 sum
426 2077 621 2131 tristis.
654 2075 901 2131 Habebat
927 2077 1072 2131 enim
1102 2092 1188 2131 me
1220 2075 1528 2130 recordatio
1558 2084 1857 2131 consuetu-

273 2168 425 2223 dinis
456 2169 586 2223 boni
617 2168 854 2239 hospitis
884 2176 938 2221 et
968 2168 1159 2239 optimi
1189 2168 1371 2224 amici.

350 2257 467 2313 Xll.
509 2258 711 2314 Diebus
736 2267 917 2313 autem
949 2259 1142 2329 paucis
1182 2265 1509 2323 remoratus,
1540 2265 1595 2314 et
1622 2258 1707 2314 his
1735 2274 1857 2328 quae

272 2349 617 2405 debebantur
661 2364 727 2403 ex
770 2356 925 2424 parte
983 2348 1167 2419 aliqua
1231 2345 1529 2419 proﬂigatis
1575 2347 1856 2420 (plurima

272 2442 427 2498 enim
460 2441 755 2498 festinandi
794 2441 976 2498 studio
1003 2440 1239 2513 neglexi,
1273 2456 1341 2496 ne
1376 2456 1405 2494 a
1436 2442 1717 2511 proposito
1760 2440 1857 2495 im-

272 2537 564 2613 pedirer),
618 2537 904 2608 cnavigavi
950 2538 1215 2593 continuo
1245 2536 1302 2589 in
1331 2534 1597 2598 Judzeam,
1632 2542 1686 2589 et
1730 2542 1857 2605 post

273 2630 398 2685 dies
429 2628 743 2699 quindecim
776 2630 1079 2685 Caesaream
1098 2628 1392 2695 Stratonis,
1428 2642 1550 2699 qua:
1579 2634 1663 2682 est
1692 2626 1859 2682 Palae-

274 2720 438 2776 stina
487 2722 619 2777 urbs
665 2721 925 2787 maxima,
956 2721 1217 2793 appulsus
1265 2736 1407 2775 sum.
1440 2719 1687 2790 Cumque
1729 2718 1855 2773 navi

271 2825 557 2882 egressus,
588 2811 883 2881 hospitium
907 2826 1229 2881 quaererem,
1260 2825 1481 2865 rumore
1508 2811 1694 2882 pepuli
1713 2824 1858 2865 com-

270 2904 396 2975 peri
451 2903 594 2974 quod
626 2902 818 2959 Petrus
849 2903 1089 2973 quidam,
1122 2902 1271 2958 illius
1310 2902 1404 2972 qui
1450 2904 1506 2955 in
1548 2901 1732 2956 Judaia
1761 2917 1855 2971 ap-

270 2992 482 3063 paruit,
512 3000 567 3047 et
612 2993 769 3064 signa
815 2993 986 3047 multa
1015 3008 1080 3047 ac
1110 2992 1359 3063 prodigia
1392 2991 1655 3048 divinitus
1704 3003 1856 3063 gesta

269 3088 422 3141 inter
465 3085 715 3140 homines
754 3082 1016 3149 ostendit,
1049 3083 1355 3155 discipulus
1403 3083 1851 3155 probatissimus,

271 3179 521 3235 crastino
562 3193 686 3233 cum
736 3176 958 3232 Simone
1010 3177 1247 3248 quodam
1280 3176 1630 3231 Samaritana
1659 3192 1725 3231 ex
1755 3192 1852 3231 ca-

272 3270 437 3326 stello
484 3268 791 3325 Getbonum
839 3268 953 3341 (l3)
979 3308 995 3334 ,
1049 3268 1340 3323 habiturus
1371 3275 1518 3323 esset
1559 3267 1853 3324 verborum

270 3362 747 3433 quaestionumque
798 3370 1096 3416 certamen.
1127 3359 1342 3427 Quibus
1371 3374 1473 3430 ego
1502 3360 1725 3425 auditis,
1761 3375 1854 3415 ro-

269 3454 468 3526 gabam
497 3454 862 3510 demonstrari
891 3454 1023 3508 mihi
1049 3454 1168 3523 ejus
1194 3452 1488 3523 hospitium
1514 3470 1528 3521 ;
1557 3452 1703 3523 quod
1727 3467 1852 3507 cum

267 3546 620 3616 reperissem,
652 3555 817 3618 atque
859 3553 985 3601 ante
1027 3545 1172 3602 fores
1200 3545 1594 3609 constitissem,
1638 3546 1852 3616 ingere-

267 3636 399 3693 bam
443 3637 692 3707 janitori,
723 3638 975 3707 quisnam
1007 3653 1184 3693 essem
1219 3647 1381 3709 atque
1410 3637 1556 3692 unde
1587 3636 1850 3691 adventa-

266 3748 422 3801 rem;
453 3741 506 3788 et
535 3748 663 3787 ecce
690 3731 967 3785 Barnabas
993 3730 1314 3800 procedens,
1346 3730 1532 3785 statim
1564 3736 1623 3782 ut
1648 3744 1734 3784 me
1762 3729 1848 3783 vi-

265 3819 371 3886 dit,
399 3820 454 3873 in
480 3820 796 3890 complexus
822 3834 974 3874 meos
998 3817 1262 3881 cucurrit,
1293 3819 1489 3888 gaudio
1512 3818 1844 3888 lacrymans,

267 3922 437 3982 atque
484 3913 883 3984 apprehensum
916 3928 1003 3968 me
1033 3926 1197 3966 manu
1242 3910 1626 3966 introducebat
1656 3910 1722 3965 ad
1752 3909 1852 3965 Pe-

267 4012 442 4059 trum.
473 4002 645 4071 Quem
674 4019 799 4059 cum
825 4004 959 4058 mihi
988 4004 1202 4059 eminus
1226 4002 1588 4060 ostendisset:
1612 4003 1712 4058 llic
1737 4011 1842 4071 est,

265 4098 468 4166 inquit,
501 4095 717 4161 Petrus,
750 4112 909 4167 quem
942 4096 1041 4151 tibi
1068 4097 1364 4150 maximum
1394 4112 1514 4153 esse
1545 4098 1599 4151 in
1628 4096 1721 4152 Dei
1754 4112 1843 4152 sa-

264 4190 477 4261 pientia
505 4190 774 4254 dicebam,
795 4190 993 4259 cuique
1010 4190 1077 4244 de
1097 4201 1149 4244 te
1174 4206 1366 4245 rursus
1391 4191 1509 4245 sine
1537 4192 1843 4263 cessatione

264 4283 485 4337 locutus
539 4297 681 4337 sum.
729 4280 1016 4351 ingredere
1058 4281 1224 4351 igitur
1283 4290 1542 4352 tanquam
1608 4282 1747 4338 bene
1790 4284 1840 4337 ei

265 4374 543 4445 cognitus.
574 4370 769 4427 Omnia
809 4372 953 4427 enim
983 4388 1105 4442 quae
1132 4374 1187 4426 in
1216 4381 1270 4428 te
1312 4382 1438 4430 sunt
1482 4375 1645 4439 bona,
1673 4376 1841 4430 veris-

1962 1890 2019 1937 te
2056 1883 2336 1952 impediat,
2366 1882 2471 1938 iter
2501 1897 2599 1953 age
2620 1882 2933 1948 nobiscum,
2962 1889 3017 1937 et
3058 1882 3186 1937 audi
3231 1898 3541 1937 sermonem

1958 1977 2229 2042 veritatis,
2266 1992 2429 2047 quem
2474 1977 2713 2030 habituri
2768 1992 2959 2033 sumus
2988 1992 3087 2047 per
3132 1977 3250 2032 loca
3298 1977 3537 2040 singula,

1958 2082 2246 2138 usquequo
2271 2068 2339 2122 ad
2368 2067 2546 2138 ipsam
2578 2067 2738 2122 nobis
2780 2068 3208 2137 perveniendum
3236 2069 3308 2123 sit
3346 2068 3537 2123 urbem

1957 2157 2216 2225 Romam;
2242 2166 2297 2214 et
2324 2174 2473 2214 nunc
2498 2166 2556 2213 tu
2587 2162 2631 2214 si
2663 2159 2795 2229 quid
2827 2159 3132 2220 desideras.
3161 2160 3351 2214 dicito.

2027 2248 2168 2305 XIV.
2206 2251 2451 2321 Cumque
2478 2252 2526 2305 ei
2553 2251 2953 2320 exposuissem,
2984 2253 3113 2321 quid
3145 2252 3388 2307 abinitio
3412 2268 3542 2323 pro-

1957 2341 2120 2413 positi
2150 2343 2434 2413 gesserim,
2462 2352 2516 2398 et
2540 2344 2816 2414 quomodo
2843 2359 2941 2414 per
2968 2344 3161 2401 inanes
3197 2345 3403 2402 ell‘usus
3435 2348 3537 2401 sim

1956 2436 2288 2507 quaestiones
2321 2434 2411 2508 [et
2445 2436 2536 2491 illa
2568 2439 2909 2508 omnia,quee
2939 2438 3060 2506 tibi,
3091 2438 3312 2494 domine
3342 2441 3415 2494 mi
3442 2439 3539 2495 Ja-

1957 2526 2118 2592 cobe,
2151 2525 2206 2579 in
2227 2526 2514 2597 principiis
2529 2527 2784 2592 indicavi,
2805 2529 2881 2582 uti
2902 2543 2969 2583 ne
2983 2529 3170 2584 eadem
3192 2537 3431 2599 repetam
3445 2529 3536 2602 “],

1957 2617 2195 2674 libenter
2234 2619 2483 2689 promisi,
2520 2634 2647 2674 cum
2693 2620 2813 2692 ipso
2842 2637 2932 2678 me
2964 2622 3070 2677 iter
3100 2629 3386 2690 acturum;
3434 2624 3540 2677 hoc

1957 2722 2041 2767 est
2068 2712 2237 2777 enim,
2270 2714 2377 2778 aio,
2420 2715 2567 2785 quod
2607 2715 2963 2786 cupidissime
2998 2717 3404 2788 exspectabam.
3429 2715 3538 2773 Ve-

1956 2809 2264 2858 rumtamen
2311 2804 2465 2872 prius
2511 2804 2649 2858 mihi
2675 2805 2838 2875 cupio
2867 2806 3135 2862 rationem
3159 2808 3410 2864 veritatis
3440 2824 3534 2862 ex-

1956 2893 2121 2964 poni,
2150 2901 2210 2948 ut
2245 2894 2439 2962 sciam,
2472 2897 2520 2951 si
2552 2897 2823 2963 mortalis,
2857 2912 2928 2953 an
2958 2899 3281 2955 immortalis
3310 2900 3382 2955 sit
3419 2901 3539 2954 ani-

1956 3001 2066 3049 ma,
2094 2993 2150 3041 et
2199 2989 2249 3042 si
2293 2986 2642 3053 immortalis,
2672 2997 2855 3044 utrum
2886 3006 2986 3060 pro
3019 2991 3104 3047 his
3133 3007 3255 3062 quae
3284 2992 3374 3047 hic
3403 2993 3536 3063 agit,

1958 3079 2193 3135 ducatur
2239 3080 2309 3135 ad
2348 3082 2640 3151 judicium.
2674 3082 2780 3139 Sed
2816 3092 2871 3139 et
2902 3102 3023 3156 quae
3051 3087 3380 3157 sitjustitia,
3414 3105 3537 3160 quae

1954 3171 2067 3227 Deo
2090 3173 2325 3243 placeat,
2364 3176 2506 3230 scire
2530 3175 2947 3232 desidero.Tum
2976 3187 3258 3246 praeterea,
3286 3181 3332 3238 si
3356 3180 3536 3239 factus

1954 3270 2040 3319 est
2068 3265 2329 3331 mundus,
2364 3268 2448 3322 vel
2479 3285 2648 3338 quare
2676 3269 2874 3335 factus,
2901 3281 2994 3325 aut
3025 3272 3070 3327 si
3101 3273 3397 3329 solvendus
3426 3280 3532 3339 est,

1954 3372 2025 3410 an
2056 3356 2110 3411 in
2138 3358 2334 3415 melius
2362 3360 2731 3426 renovandus,
2764 3369 2859 3415 aut
2896 3363 2941 3417 si
2986 3365 3209 3419 omnino
3254 3372 3377 3435 post
3420 3366 3535 3423 hare

1950 3464 2063 3504 non
2094 3451 2198 3505 erit
2222 3450 2483 3516 mundus,
2514 3459 2568 3507 et
2596 3468 2665 3508 ne
2693 3469 2790 3523 per
2817 3454 3031 3524 singula
3060 3457 3399 3526 progrediar,
3419 3459 3533 3514 haec

1951 3550 2117 3612 atque
2145 3543 2339 3598 borum
2369 3545 2567 3600 similia
2592 3554 2653 3601 ut
2683 3562 2743 3602 se
2773 3547 3032 3613 habeant,
3053 3550 3265 3605 discere
3287 3567 3373 3606 me
3394 3554 3533 3609 velle

1950 3636 2231 3707 respondi.
2263 3636 2348 3691 Ad
2375 3637 2492 3692 hazc
2534 3636 2728 3693 Petrus
2761 3658 2776 3694 :
2809 3639 3072 3704 Breviter,
3104 3641 3301 3712 inquit,
3335 3642 3457 3709 tibi,
3477 3661 3531 3700 'o

1949 3726 2222 3793 Clemens,
2257 3744 2442 3784 rerum
2469 3729 2753 3785 scientiam
2780 3731 3015 3798 tradam,
3046 3741 3101 3787 et
3139 3735 3389 3789 ausculta
3410 3736 3526 3805 jam

1948 3835 2117 3875 DUIIC.

2018 3912 2134 3968 XV.
2179 3910 2443 3971 Voluntas
2492 3914 2587 3970 Dei
2641 3922 2695 3971 et
2737 3918 3029 3972 consilium
3074 3919 3232 3973 latuit
3279 3920 3528 3979 homines

1946 4008 2134 4064 multis
2183 4024 2251 4064 ex
2297 4009 2504 4063 causis.
2545 4009 2730 4065 Primo
2779 4010 2998 4080 quidem
3045 4027 3146 4083 pro
3186 4013 3529 4070 institutione

1946 4101 2109 4165 mala,
2142 4114 2242 4170 pro
2269 4098 2649 4155 sodalitatibus
2694 4100 2973 4173 pessimis,
3007 4117 3107 4172 pro
3132 4106 3528 4163 consuetudine

1944 4206 2201 4262 nequam,
2235 4206 2336 4261 pro
2370 4191 2661 4261 colloquiis
2707 4207 2817 4246 non
2868 4192 3057 4257 bonis,
3110 4208 3211 4263 pro
3263 4210 3528 4264 praesum-

1943 4286 2223 4356 ptionibus
2264 4286 2446 4342 minus
2477 4285 2738 4353 rectis“,
2785 4300 2886 4356 pro
2928 4286 3032 4353 his,
3074 4287 3317 4357 inquam,
3348 4292 3526 4345 omni-

1940 4376 2066 4441 bus,
2098 4378 2331 4447 primum
2359 4393 2535 4443 error,
2569 4377 2765 4433 deinde
2788 4384 3155 4448 contemptus,
3184 4386 3297 4432 tum
3331 4380 3524 4436 inlide-

170 4470 175 4473 ’
262 4469 403 4523 sime
428 4464 711 4537 comperit,
741 4472 797 4520 et
820 4464 1129 4534 religiosum
1158 4466 1493 4536 propositum
1524 4474 1679 4521 tuum
1708 4466 1834 4521 dili-
1869 4509 1914 4562 Β
1938 4466 2068 4523 litas
2096 4475 2149 4523 et
2167 4470 2370 4525 malitia
2396 4471 2532 4541 (M),
2559 4470 2789 4525 avaritia
2819 4487 3038 4541 quoque
3064 4478 3117 4525 et
3138 4487 3278 4526 vana
3304 4473 3523 4542 jactan-

262 4564 457 4629 genter
483 4556 723 4627 agnovit,
753 4571 817 4610 ex
848 4571 959 4625 quo
982 4563 1036 4610 et
1065 4572 1281 4612 summo
1331 4558 1601 4613 desiderio
1656 4559 1836 4629 agitur

260 4646 483 4704 videndi
519 4654 590 4701 te.
623 4644 780 4701 Unde
813 4660 1067 4715 magnum
1097 4647 1148 4701 ei
1178 4647 1338 4703 hodie
1370 4664 1569 4703 munus
1614 4650 1752 4704 meis
1781 4656 1836 4703 te

263 4737 521 4793 manibus
549 4734 751 4801 ollero;
791 4734 1060 4806 simulque
1084 4736 1265 4792 oblato
1308 4754 1415 4800 me.
1460 4739 1535 4793 ait
1565 4758 1578 4793 :
1613 4737 1712 4794 Hic
1750 4747 1836 4795 est

261 4829 541 4893 Clemens,
569 4827 746 4884 Petre.

1941 4557 2037 4622 tia,
2070 4558 2285 4628 aliaque
2312 4560 2399 4615 bis
2430 4560 2630 4615 similia
2676 4560 2842 4625 mala,
2874 4565 3024 4615 velut
3066 4560 3252 4618 fumus
3299 4563 3520 4633 quidam

1938 4649 2264 4719 immensus,
2296 4651 2609 4707 universam
2646 4652 2870 4706 domum
2908 4652 3072 4721 hujus
3117 4654 3307 4709 mundi
3340 4656 3520 4724 reple-

1938 4740 2037 4805 vit,
2068 4748 2121 4795 et
2170 4741 2542 4797 habitantibus
2589 4743 2922 4799 intrinsecus
2967 4743 3521 4815 intuendipCondito-

1941 4847 2056 4888 rem
2081 4848 2264 4897 suum,
2290 4840 2570 4903 aspectum
2595 4834 2828 4889 liberum
2856 4850 2965 4892 non
2994 4835 3165 4901 dedit,
3195 4852 3373 4908 neque
3394 4852 3517 4910 qua:

339 5019 385 5050 “
423 5015 554 5082 Quae
582 5017 740 5073 uncis
775 5017 1133 5091 inclusimus,
1170 5019 1369 5091 desunt
1401 5019 1457 5073 in
1493 5026 1727 5091 utroque
1772 5017 1934 5091 codd.
1966 5019 2149 5091 Lipss.
2177 5029 2231 5075 et
2273 5021 2332 5073 in
2365 5021 2690 5091 quibusdam
2724 5022 2865 5075 aliis.
2928 5022 2972 5053 ⁸⁸
3010 5022 3183 5078 Codd.
3213 5020 3390 5091 Lipss.
3427 5020 3513 5075 his

259 5104 501 5164 pergunt
544 5103 668 5167 cap.
713 5102 829 5158 seq.
882 5090 1171 5145 vocabulis
1197 5106 1209 5141 :
1240 5089 1575 5160 Impossibile
1598 5087 1725 5160 ergo
1757 5087 1822 5143 de
1847 5090 2000 5145 rebus
2022 5087 2238 5159 divinis,
2270 5087 2401 5159 etc.§
2434 5092 2647 5163 reliqua
2678 5091 2895 5148 desunt.

1558 5222 1929 5317 COTELERII
1960 5261 2193 5319 nom-3.

338 5472 453 5548 (βξ)
510 5471 596 5526 Ex
627 5472 859 5548 rastello
908 5470 1245 5548 Gefhonum._
1276 5472 1353 5528 De
1396 5470 1617 5548 nomine
1663 5469 1828 5539 hujus

255 5542 370 5598 vici
393 5540 582 5598 Graeco
608 5544 844 5599 diximus
864 5544 928 5598 ad
958 5540 1389 5600 constitutiones.
1418 5541 1621 5595 Latinae
1644 5549 1825 5594 autem

256 5614 637 5735 expressionis
663 5614 955 5669 varietates
993 5613 1206 5694 videbis
1235 5613 1323 5667 hic
1343 5654 1359 5677 ,
1387 5620 1443 5667 et
1477 5612 1617 5666 inira
1648 5612 1825 5692 capite

260 5684 319 5735 Ἰ.
358 5682 769 5735 ibrin.0uibus
791 5682 1100 5735 addeallam
1140 5682 1368 5735 Freculﬁ
1398 5692 1529 5735 tom.
1562 5681 1625 5735 ll.
1660 5683 1753 5735 lib.
1781 5697 1819 5735 l.

260 5684 319 5748 '1,
338 5681 461 5739 libri
480 5682 769 5749 u.Quibus
791 5682 1100 5739 addealiam
1140 5682 1368 5739 Freculli
1398 5692 1529 5736 tom.
1562 5681 1625 5746 ll,
1660 5682 1753 5736 lib.
1781 5697 1819 5747 ι,

258 5768 386 5825 cap.
431 5754 524 5813 20.
564 5754 644 5810 De
680 5755 823 5822 vico,
855 5754 1066 5826 inquit,
1095 5756 1183 5825 qui
1222 5754 1417 5809 dicitur
1454 5750 1652 5832 Cia/io.
1684 5753 1830 5831 Cor-,

1934 5478 2094 5543 rupte
2117 5471 2257 5543 apud
2298 5470 2672 5543 Philastrium,
2722 5474 2777 5527 in
2820 5470 3041 5525 Simone
3075 5489 3089 5526 :
3123 5469 3199 5525 De
3228 5471 3354 5525 villa
3385 5489 3501 5543 qua

1933 5538 2016 5596 est,
2036 5538 2247 5596 Cit/{eus
2280 5545 2525 5596 vocitata.
2551 5542 2719 5597 Porro
2749 5544 2990 5599 scribere
3015 5550 3233 5611 pratstat
3253 5559 3351 5613 per
3376 5538 3500 5598 {vel

1930 5628 1976 5679 εν
2006 5627 2307 5695 semper
2330 5630 2361 5695 ξι
2381 5630 2417 5695 ςη
2435 5621 2617 5695 stre"
2640 5632 2666 5665 ν
2686 5629 2969 5695 quam“
2999 5629 3055 5695 eo

2000 5681 2122 5757 (M)_
2157 5680 2289 5734 Tum
2324 5680 2612 5757 infidelitas
2650 5680 2719 5740 ρι’
2740 5683 2966 5739 malitia.
3003 5684 3232 5743 Ruﬁnus
3261 5683 3517 5757 legebat...

1928 5751 2180 5825 πανηρια,
2210 5768 2321 5809 non
2351 5751 2590 5825 πορνεία.
