3890 6192
404 294 543 350 1215

1277 284 1335 341 S.
1376 277 1817 339 CLEMENTISI
1854 275 2021 335 ROM.
2063 273 2265 331 PONT.
2303 272 2534 329 OPERA
2572 272 2795 329 DUBIA.

3505 271 3656 327 {2H5

400 410 451 463 ei
473 412 659 462 essent
686 404 883 476 placita
913 398 1405 473 pervidendi.Quid
1438 399 1603 465 igitur
1635 399 1720 452 his
1747 397 1839 466 qui
1865 401 1993 450 sunt
2021 396 2064 452 Α
2092 407 2214 461 qua:
2238 391 2302 444 ad
2326 407 2410 445 me
2441 391 2656 444 locutus
2681 397 2785 451 est,
2818 388 2870 442 in
2894 386 3135 443 ordinem
3162 385 3432 457 redigens,
3451 386 3668 442 librum

400 498 737 555 intrinsecus
768 495 1023 551 convenit
1038 494 1060 547 ἵ
1065 495 1086 564 ξ
1110 494 1215 547 nisi
1257 502 1314 547 ut
1345 508 1411 546 ex
1440 491 1645 545 intimis
1672 489 1985 559 pnecordiis

399 592 641 645 clamore
673 588 906 660 prolato,
935 585 1200 638 auxilium
1242 583 1496 636 invocent
1526 582 1669 650 ejus,
1701 595 1862 650 quem
1895 594 1985 632 so-

401 680 517 735 lum
544 680 739 734 domus
783 678 932 732 fumo
965 676 1170 745 repleta
1214 690 1323 727 non
1364 674 1589 735 claudit,
1633 683 1689 725 ut
1718 670 1985 724 accedens

403 773 611 843 aperiat
653 771 879 839 januam
908 768 1127 831 domus,
1162 781 1270 836 quo
1319 766 1492 835 possit
1538 764 1719 817 fumus
1764 761 1983 831 quidem

402 864 495 936 qui
524 862 855 916 intrinsecus
877 858 1129 922 habetur,
1158 857 1397 919 excludi,
1428 856 1520 908 lux
1549 870 1677 907 vero
1706 854 1836 907 solis
1863 866 1988 923 quae

402 955 751 1010 extrinsecus
785 950 1115 1021 resplendet,
1145 949 1351 1003 induci.

478 1042 618 1098 XVI.
661 1042 818 1096 Hunc
845 1057 975 1110 ergo
1000 1041 1093 1110 qui
1123 1040 1187 1095 ad
1224 1039 1488 1094 auxilium
1511 1038 1726 1102 domus,
1756 1036 1985 1105 caligine

403 1134 746 1206 ignorantia;
774 1140 827 1187 et
857 1133 1111 1185 vitiorum
1162 1131 1309 1185 fumo
1356 1131 1593 1199 repletze.
1627 1128 1983 1198 perquiritur,

403 1230 557 1282 illum
600 1242 724 1281 esse
756 1226 1013 1286 dicimus,
1049 1223 1143 1292 qui
1188 1222 1494 1291 appellatur
1538 1236 1701 1275 verus
1749 1220 1984 1290 prophe-

403 1330 457 1375 ta
492 1320 627 1390 (I5),
662 1320 754 1389 qui
786 1319 937 1374 solus
973 1317 1281 1369 illuminare
1317 1314 1526 1369 animas
1561 1314 1843 1367 hominum
1888 1327 1987 1381 po-

404 1418 531 1472 test,
567 1410 640 1462 ita
678 1418 735 1462 ut
767 1408 942 1462 oculis
964 1406 1079 1461 suis
1110 1405 1253 1458 viam
1286 1403 1484 1458 salutis
1512 1402 1793 1456 evidenter
1824 1400 1988 1469 inspi-

402 1498 571 1551 ciant.
602 1497 772 1550 Aliter
802 1496 947 1549 enim
978 1493 1316 1564 impossibile
1344 1502 1427 1547 est
1448 1532 1462 1555 ,
1495 1490 1563 1545 de
1594 1492 1756 1546 rebus
1786 1490 1986 1544 divinis

401 1589 731 1657 aeternisque
758 1602 1111 1655 cognoscere,
1144 1585 1249 1638 nisi
1292 1584 1384 1653 qui
1433 1584 1501 1637 ah
1550 1584 1656 1637 isto
1689 1597 1816 1637 vero
1855 1597 1985 1652 pro-

403 1680 563 1749 pheta
596 1678 872 1739 didicerit;
912 1677 1101 1747 “quia
1132 1678 1272 1731 sicut
1296 1676 1411 1745 ipse
1441 1674 1604 1745 paulo
1632 1682 1758 1729 ante
1787 1688 1987 1729 memo-

2088 481 2155 535 de
2187 498 2315 536 vero
2358 482 2615 552 propheta
2647 481 2974 549 conscripsi,
3009 495 3244 549 eumque
3274 479 3342 533 de
3372 480 3668 545 Caesarea,

2089 574 2157 628 ad
2189 584 2262 635 te,
2298 576 2417 643 ipso
2449 574 2694 642 iubente,
2725 573 3027 629 transmisi.
3060 570 3282 625 Dicebat
3309 571 3458 625 enim
3503 587 3677 625 man-

2086 667 2273 722 datum
2312 682 2369 721 se
2401 666 2679 735 accepisse
2720 666 2817 720 abs
2858 676 2929 728 te,
2964 672 3022 717 ut
3049 679 3143 733 per
3168 662 3414 731 singulos
3452 677 3667 727 annos,

2087 760 2133 813 si
2164 773 2272 828 qua
2314 764 2499 812 essent
2539 772 2569 810 a
2612 772 2671 811 se
2711 757 2855 810 dicta
2887 764 3165 827 gestaque,
3199 753 3266 808 ad
3297 762 3351 808 te
3379 752 3677 825 descripta

2085 849 2482 903 transmitteret
2501 847 2566 902 ⁸⁷.
2604 846 2813 903 Interea
2846 848 3001 901 initio
3039 844 3305 903 sermonis
3352 844 3465 908 sui,
3500 861 3677 914 quem

2088 941 2262 1008 prima
2296 938 2382 993 die
2412 939 2600 993 habuit
2630 938 2697 992 ad
2721 954 2806 993 me
2830 939 2896 995 de
2924 954 3053 993 vero
3077 936 3339 1007 propheta
3367 943 3420 990 et
3445 935 3517 993 de
3541 938 3679 996 aliis

2087 1030 2359 1100 plurimis,
2393 1044 2516 1083 cum
2552 1044 2638 1084 me
2666 1030 3017 1085 instruxisset
3054 1028 3369 1099 plenissime
3394 1069 3410 1093 ,
3454 1030 3681 1085 addidit

2088 1123 2251 1178 etiam
2291 1122 2405 1177 htec
2434 1139 2447 1173 :
2482 1120 2648 1185 Vide,
2702 1122 2909 1192 inquit,
2942 1124 3008 1177 de
3038 1123 3264 1193 reliquo,
3295 1132 3351 1179 et
3396 1124 3683 1178 interesto

2089 1214 2412 1268 tractatibus
2448 1213 2584 1268 meis
2613 1232 2628 1280 ;
2668 1230 2829 1282 quos,
2855 1215 2899 1267 si
2931 1215 3148 1284 quando
3179 1217 3484 1270 necessitas
3517 1224 3680 1269 attu-

2089 1306 2232 1368 lerit,
2268 1307 2478 1364 habebo
2516 1322 2640 1361 cum
2674 1307 2759 1363 his
2807 1307 2901 1377 qui
2948 1308 3362 1374 contradicunt;
3396 1308 3683 1362 adversus

2090 1413 2229 1468 quos
2262 1397 2579 1467 disputans,
2605 1398 2769 1453 etiam
2796 1400 2840 1453 si
2874 1397 3011 1454 forte
3043 1399 3267 1454 inferior
3292 1400 3450 1455 visus
3485 1400 3677 1465 fuero,

2088 1503 2199 1543 non
2229 1490 2478 1553 verebor,
2512 1505 2580 1544 ne
2606 1490 2744 1543 forte
2768 1496 2825 1543 tu
2856 1488 2923 1545 de
2946 1490 3055 1553 his,
3082 1506 3202 1559 quae
3226 1490 3321 1543 tibi
3355 1504 3385 1542 a
3416 1505 3510 1543 me
3542 1498 3682 1543 sunt

2088 1581 2312 1646 tradita,
2349 1581 2404 1635 in
2432 1581 2658 1635 dubium
2698 1590 2910 1646 venias,
2954 1583 3082 1652 quia
3112 1583 3323 1637 etiamsi
3364 1598 3470 1652 ego
3517 1583 3681 1637 visus

2091 1672 2246 1729 fuero
2277 1674 2547 1744 superari,
2577 1689 2687 1728 non
2721 1682 2901 1729 tamen
2936 1674 3140 1728 idcirco
3170 1682 3222 1728 et
3244 1690 3330 1738 ea,
3358 1688 3487 1743 qua:
3510 1675 3683 1728 nobis

402 1772 588 1834 rabas,
623 1769 754 1825 ﬁdes
784 1784 963 1823 rerum
996 1783 1401 1837 causarumque
1438 1766 1743 1826 sententia},
1775 1780 1873 1834 pro
1905 1764 1989 1819 in—
2020 1762 2062 1820 Β
2092 1781 2254 1821 verus
2282 1767 2548 1836 propheta
2588 1766 2831 1831 tradidit,
2857 1765 3068 1820 inﬁrma
3100 1766 3451 1821 videbuntur.
3499 1764 3685 1836 Spero

402 1862 578 1933 geniis
630 1864 803 1932 magis
857 1859 1266 1916 defendentium
1314 1859 1707 1929 ponderantur.
1744 1855 1899 1912 Unde
1934 1863 1989 1911 et

404 1955 593 2009 eadem
624 1970 791 2008 causa
843 1970 989 2007 nunc
1033 1952 1184 2022 justa
1208 1992 1222 2013 ,
1257 1968 1402 2006 nunc
1434 1959 1655 2019 putatur
1685 1950 1909 2019 injusta,
1936 1958 1991 2005 et

404 2046 551 2117 quod
604 2045 767 2100 modo
814 2061 1004 2099 verum
1057 2045 1363 2109 videbatur,
1417 2046 1642 2098 alterius
1688 2044 1989 2100 assertione

406 2137 606 2192 falsum
635 2136 869 2191 videtur.
902 2137 1009 2191 Ista
1040 2136 1106 2191 de
1158 2151 1323 2191 causa
1361 2135 1640 2206 religionis
1688 2152 1752 2189 ac
1816 2137 1989 2205 pieta-

405 2232 478 2288 tis
530 2230 663 2285 ﬁdes
711 2232 824 2286 veri
879 2229 1157 2301 propheta:
1201 2230 1551 2300 przesentiam
1580 2229 1897 2300 postulavit,
1931 2235 1989 2281 ut

403 2322 522 2391 ipse
550 2322 707 2377 nobis
734 2320 937 2375 diceret
965 2322 1031 2375 de
1066 2321 1318 2390 singulis,
1350 2327 1510 2389 prout
1537 2336 1595 2375 se
1631 2321 1747 2389 ipsa
1787 2320 1989 2374 veritas

402 2412 592 2476 habet,
662 2422 717 2468 et
763 2412 987 2466 doceret
1028 2410 1302 2481 quomodo
1349 2420 1597 2481 oporteat
1643 2411 1710 2467 de
1757 2412 1987 2482 singulis

402 2504 573 2559 credi.
601 2503 666 2557 Et
714 2504 836 2558 ideo
888 2512 1015 2558 ante
1060 2504 1244 2557 omnia
1291 2503 1448 2559 ﬁdem
1500 2504 1799 2577 pmphetze,
1841 2505 1988 2558 omni

401 2612 529 2650 cum
550 2597 957 2651 examinatione
977 2606 1193 2667 oportet
1212 2599 1452 2667 probari;
1472 2614 1633 2667 quem
1652 2614 1774 2651 cum
1792 2612 1989 2667 cogno-

403 2689 546 2744 veris
579 2704 705 2742 vere
735 2704 857 2743 esse
886 2690 1231 2758 prophetam,
1250 2690 1318 2743 de
1344 2690 1554 2759 reliquo
1576 2698 1771 2742 cuneta
1794 2690 1841 2742 ei
1868 2705 1987 2743 cre-

402 2778 500 2834 das
535 2786 769 2847 oportet,
810 2794 912 2833 nec
944 2780 1085 2833 ultra
1132 2780 1407 2835 discutere
1457 2797 1581 2835 eum
1630 2797 1726 2851 per
1774 2781 1987 2849 singula

401 2885 524 2941 qua:
545 2868 811 2933 docuerit,
842 2870 934 2925 sed
965 2871 1166 2926 habere
1201 2870 1355 2924 ﬁrma
1384 2880 1437 2926 et
1470 2879 1660 2926 sancta
1688 2886 1809 2941 quae
1834 2872 1985 2934 dicit,

404 2977 639 3033 quaeque
674 2962 925 3031 quamvis
955 2961 1057 3016 ﬁde
1084 2962 1290 3031 suscipi
1320 2961 1626 3021 videantur.
1675 2961 1989 3017 antehabita

404 3064 586 3110 tamen
638 3054 962 3125 probatione
1010 3054 1327 3108 creduntur.
1366 3053 1504 3107 Cum
1549 3055 1694 3111 enim
1723 3056 1889 3109 semel
1920 3071 1988 3111 ex

403 3148 559 3204 initio
589 3146 869 3216 propheta:
904 3147 1107 3201 veritas
1137 3147 1445 3200 examinata
1488 3146 1813 3210 constiterit,
1862 3148 1991 3202 reli-
2016 3116 2061 3178 Ο

402 3255 513 3311 qua
545 3239 763 3294 demum
790 3237 891 3293 ﬁde
908 3239 1177 3293 audienda
1205 3245 1333 3293 sunt
1364 3246 1419 3293 et
1446 3239 1700 3301 tenenda,
1731 3254 1837 3309 qua
1860 3256 1984 3295 eum

402 3330 685 3386 doctorem
706 3330 953 3385 veritatis
977 3346 1096 3385 esse
1119 3330 1233 3399 jam
1260 3337 1495 3384 constat.
1524 3330 1587 3384 Et
1611 3332 1753 3386 sicut
1774 3340 1983 3386 certum

401 3431 508 3487 est,
540 3429 739 3477 cuncta
770 3421 1068 3476 secundum
1090 3421 1334 3475 veritatis
1361 3422 1599 3490 regulam
1622 3422 1793 3475 teneri
1821 3437 1984 3491 opor-

405 3523 540 3577 tere,
575 3530 695 3585 quae
728 3514 792 3568 ad
825 3513 1063 3567 divinam
1094 3514 1377 3567 scientiam
1409 3521 1679 3582 spectant,
1714 3514 1787 3567 ita
1818 3514 1981 3568 indu-

406 3609 635 3663 bitatum
662 3612 767 3669 est,
792 3619 821 3658 a
852 3605 1002 3657 nullo
1034 3606 1140 3658 alio
1171 3606 1278 3659 nisi
1308 3604 1376 3659 ab
1404 3604 1521 3674 ipso
1553 3607 1673 3659 solo
1703 3605 1828 3661 sciri
1860 3621 1986 3675 pos-

405 3716 485 3767 se,
514 3699 659 3768 quod
690 3713 881 3754 verum
913 3708 1016 3753 est.

476 3788 637 3844 XVII.
674 3789 737 3843 Et
769 3790 854 3843 his
882 3789 1067 3857 dictis,
1092 3796 1203 3841 tam
1239 3788 1371 3842 mihi
1399 3796 1585 3859 aperte
1606 3796 1660 3843 et
1694 3799 1801 3843 tam
1835 3789 1984 3843 dilu-

404 3881 548 3944 cide,
573 3880 699 3949 quis
729 3879 831 3934 iste
868 3885 1014 3932 esset
1048 3878 1341 3947 propheta,
1377 3885 1433 3931 et
1469 3876 1743 3947 quomodo
1773 3877 1984 3931 inveni-

405 3980 576 4035 retur,
610 3970 884 4040 eXposuit,
916 3978 974 4023 ut
996 3984 1096 4039 ego
1127 3968 1257 4021 mihi
1296 3976 1421 4022 ante
1451 3969 1641 4023 oculos
1684 3968 1904 4032 habere,
1929 3976 1983 4025 et

405 4082 570 4122 manu
629 4070 977 4119 contrectare
1023 4061 1237 4116 viderer
1293 4063 1675 4131 probationes,
1724 4077 1863 4132 quas
1915 4064 1983 4118 de

406 4159 726 4230 prophetica
758 4158 986 4212 veritate
1030 4156 1356 4226 protulerat,
1405 4156 1723 4227 ingentique
1762 4166 1984 4227 stupore

405 4253 689 4322 deﬁgerer,
722 4249 996 4321 quomodo
1035 4265 1097 4303 ea
1132 4264 1252 4317 qua:
1290 4264 1481 4303 omnes
1519 4258 1805 4318 quaerunt,
1853 4258 1981 4307 ante

406 4346 595 4398 oculos
643 4344 823 4414 posita
858 4342 1042 4396 nullus
1078 4340 1245 4397 videt.
1300 4339 1457 4396 Unde
1499 4342 1727 4411 juhente
1774 4358 1861 4408 eo,
1919 4358 1980 4399 ea

2092 1864 2276 1912 tamen
2308 1858 2452 1927 quod
2489 1872 2590 1912 nec
2638 1858 2693 1911 in
2737 1857 3198 1928 disputationibus
3238 1873 3603 1926 superemur,
3634 1859 3685 1911 si

2088 1948 2251 2004 modo
2292 1949 2646 2003 rationabiles
2678 1949 2788 2005 sint
2818 1950 3092 2004 auditores
3115 1956 3167 2003 et
3192 1948 3355 2002 amici
3388 1949 3683 2009 veritatis,

2088 2042 2183 2112 qui
2211 2040 2525 2097 discernere
2556 2042 2774 2095 valeant
2803 2042 2911 2097 vim
2959 2042 3301 2111 speciemque
3345 2041 3685 2107 verborum,

2088 2143 2142 2190 et
2174 2149 2470 2205 agnoscere
2510 2135 2602 2204 qui
2658 2150 2840 2189 sermo
2874 2150 2939 2189 ex
2968 2142 3083 2187 arte
3112 2133 3409 2203 sophistica
3464 2134 3683 2196 veniat,

2087 2241 2199 2280 non
2234 2226 2520 2280 veritatem
2553 2228 2868 2290 continens,
2912 2226 3007 2281 sed
3049 2225 3342 2297 imaginem
3388 2226 3681 2287 veritatis.

2085 2326 2142 2373 et
2172 2319 2265 2389 qui
2315 2319 2385 2373 sit
2425 2320 2517 2389 qui
2566 2319 2888 2389 simpliciter
2945 2334 3009 2373 ac
3054 2318 3175 2373 sine
3217 2317 3342 2372 fuco
3381 2319 3685 2388 prolatus,

2089 2425 2307 2465 omnem
2330 2412 2437 2465 vim
2472 2426 2580 2466 non
2613 2412 2666 2465 in
2694 2412 2877 2481 specie
2901 2418 2952 2466 et
2978 2419 3192 2473 ornatu,
3227 2409 3320 2464 sed
3349 2412 3404 2464 in
3437 2411 3688 2465 veritate

2090 2510 2143 2557 et
2175 2503 2394 2558 ratione
2417 2504 2716 2572 possideat.

2162 2592 2349 2649 XVIII.
2392 2594 2473 2648 Ad
2516 2594 2630 2649 lucc
2676 2610 2816 2665 ego:
2845 2593 3233 2665 Omnipotenti,
3265 2598 3495 2663 inquam
3518 2635 3533 2657 ,
3575 2594 3687 2649 Deo

2092 2688 2299 2755 gratias
2330 2702 2453 2757 ago,
2476 2687 2604 2756 quia
2629 2695 2687 2739 ut
2707 2686 3033 2749 desideravi,
3063 2676 3364 2741 instructus
3385 2702 3541 2741 sum.
3582 2685 3685 2741 Ve-

2091 2785 2400 2832 rumtamen
2447 2776 2515 2833 de
2553 2794 2639 2832 me
2690 2778 2745 2831 in
2795 2786 3005 2833 tantum
3051 2794 3172 2834 esse
3206 2779 3372 2835 debes
3414 2795 3680 2844 securus,

2090 2869 2237 2941 quod
2260 2870 2327 2923 de
2348 2870 2433 2923 his
2459 2885 2580 2939 qua:
2605 2870 2769 2925 didici
2796 2872 2894 2927 abs
2916 2882 2990 2935 te,
3019 2873 3069 2925 in
3092 2872 3313 2927 dubium
3346 2876 3544 2931 venire
3571 2893 3679 2931 non

2092 2963 2324 3031 possim,
2358 2971 2419 3015 ut
2451 2964 2496 3018 si
2523 2972 2577 3017 tu
2605 2963 2720 3032 ipse
2751 2964 2883 3018 velis
2916 2964 3208 3035 aliquando
3237 2966 3397 3021 ﬁdem
3430 2983 3618 3023 meam
3651 2984 3679 3021 a

2092 3068 2223 3107 vero
2272 3054 2536 3123 propheta
2571 3053 2871 3111 transferre
2892 3096 2907 3115 .
2937 3058 3159 3113 omnino
3192 3072 3299 3111 non
3330 3059 3564 3127 possis;
3606 3062 3677 3114 ita

2092 3147 2256 3218 pleno
2282 3148 2481 3217 Spiritu
2517 3147 2708 3211 hausi,
2739 3161 2860 3217 quae
2898 3148 3194 3205 tradidisti.
3244 3148 3308 3202 Et
3343 3165 3414 3204 ne
3445 3152 3681 3220 putes“

2093 3255 2355 3311 magnum
2386 3240 2484 3295 tibi
2527 3255 2612 3295 me
2641 3238 2844 3309 aliquid
2877 3239 3144 3310 polliceri,
3176 3240 3318 3309 quod
3347 3241 3418 3293 ab
3441 3240 3557 3297 hac
3578 3242 3681 3297 ﬁde

2092 3348 2284 3402 negem
2326 3348 2411 3387 me
2450 3347 2611 3402 posse
2645 3332 2969 3395 transferri,
3001 3341 3211 3387 certum
3252 3339 3338 3387 est
3380 3334 3535 3402 apud
3572 3350 3677 3399 me,

2090 3426 2219 3496 quia
2259 3428 2577 3495 quicunque
2616 3425 2897 3479 hominum
2946 3425 3087 3478 hanc
3128 3424 3194 3479 de
3234 3441 3363 3478 vero
3405 3428 3681 3497 propheta

2092 3518 2365 3586 acceperit
2396 3516 2686 3580 rationem,
2712 3517 2963 3571 dubitare
2988 3518 3128 3570 ultra
3156 3517 3221 3571 de
3243 3518 3477 3573 veritate
3504 3521 3679 3574 nulla.

2091 3615 2253 3663 tenus
2275 3611 2493 3677 poterit.
2519 3608 2582 3663 Et
2602 3608 2724 3663 ideo
2752 3609 2967 3663 conﬁdo
2992 3609 3055 3664 de
3079 3610 3181 3663 hoc
3204 3609 3396 3663 divino
3419 3610 3679 3681 dOgmate

2092 3701 2311 3755 coalitus
2343 3699 2583 3763 delinito,
2613 3701 2670 3754 in
2700 3717 2810 3770 quo
2845 3701 3024 3756 omnis
3061 3717 3151 3756 ars
3180 3702 3408 3757 malitiae
3440 3718 3676 3774 supera-

2091 3798 2199 3845 tur.
2258 3791 2536 3847 Adversus
2584 3792 2922 3863 prophetiam
2965 3794 3164 3847 etenim
3204 3810 3389 3863 neque
3432 3810 3529 3851 ars
3571 3799 3681 3851 ulla

2091 3894 2240 3939 stare
2271 3884 2520 3945 suIIicict,
2554 3899 2730 3953 neque
2760 3884 3157 3953 sophismatum
3197 3886 3679 3956 syllogismorum-

2090 3991 2197 4045 que
2218 3976 2489 4031 versutize.
2528 3975 2635 4029 Sed
2666 3979 2846 4031 omnis
2877 3979 2970 4046 qui
3000 3976 3236 4031 audierit
3267 3979 3333 4033 de
3371 3996 3511 4034 vero
3553 3997 3676 4050 pro-

2091 4066 2271 4137 pheta,
2296 4081 2522 4121 necesse
2540 4072 2623 4123 est
2645 4074 2704 4119 ut
2726 4069 2909 4121 statim
2933 4068 3263 4122 desiderium
3292 4071 3483 4138 capiat
3504 4071 3679 4141 ipsius

2090 4160 2335 4214 veritatis
2360 4199 2375 4223 ,
2416 4174 2517 4214 nec
2562 4160 2703 4213 ultra
2738 4161 2840 4214 sub
2880 4163 3173 4215 occasione
3205 4162 3319 4215 veri
3350 4164 3674 4231 qumrendi,

2088 4250 2337 4305 diversos
2367 4253 2604 4321 patietur
2626 4268 2861 4306 errores.
2881 4251 3109 4323 Propter
3130 4251 3295 4323 quod,
3323 4253 3556 4309 domine
3582 4255 3675 4317 ini,

2090 4359 2123 4397 ο
2165 4342 2360 4409 Petre,
2391 4344 2519 4399 nolo
2548 4345 2626 4400 sis
2660 4346 2806 4399 ultra
2850 4346 3137 4409 sollicitus,
3175 4354 3441 4417 tanquam
3493 4348 3565 4402 de
3612 4363 3676 4401 eo

481 4476 525 4506 “
549 4474 679 4541 Quae
706 4482 1013 4552 sequuntur
1035 4490 1208 4552 usque
1239 4474 1305 4527 ad
1335 4476 1687 4552 ﬁnemghujus
1717 4494 1862 4552 (ξιιμ,
1887 4480 2087 4535 desunt
2118 4480 2172 4533 in
2207 4489 2439 4552 utroque
2468 4482 2628 4536 codd.
2663 4482 2844 4552 Lipss.
2889 4483 2929 4514 "’
2956 4482 3261 4537 Vocabula:
3291 4480 3443 4537 Unde
3457 4485 3675 4552 jubeant:

405 4560 561 4619 eo_—_-
593 4549 968 4619 transmitteret
1023 4561 1131 4600 non
1197 4545 1452 4615 leguntur
1502 4548 1555 4602 in
1600 4545 1978 4619 eoddILipss.

409 4615 571 4675 codd.
610 4615 668 4669 Li
675 4632 793 4686 pss.

2093 4552 2138 4582 ⁶⁸
2211 4550 2280 4605 Et
2346 4570 2409 4605 ne
2458 4563 2607 4621 putes
2648 4550 3012 4622 —'pervcniat
3070 4554 3269 4608 desunt
3321 4554 3379 4608 in
3439 4550 3675 4623 utroque

1706 4772 2071 4830 COTELERII
2122 4772 2351 4831 ΝΟΤᾸ).

481 4900 594 4970 (15)
635 4901 739 4977 ρᾳὶ
760 4902 1057 4977 appellatur
1082 4920 1230 4977 veras
1260 4904 1529 4977 propheta.
1549 4904 1779 4959 Locutio
1816 4922 1979 4959 usur-
2009 4911 2053 4967 D
2082 4906 2282 4961 Griecze
2305 4908 2581 4977 Epitomcs
2619 4910 2724 4965 ista
2756 4911 2974 4975 omisit,
2998 4911 3277 4966 Catholica
3298 4927 3434 4967 vero
3460 4913 3666 4969 substi-

411 4980 537 5045 pata
580 4973 797 5045 quidem
836 4974 903 5025 ab
935 4973 1225 5027 AmbrOsio
1256 4976 1309 5027 in
1341 4974 1536 5045 psalm.
1563 4991 1753 5039 cxvm,
1796 4977 1883 5039 65,
1921 4986 1976 5030 et

412 5040 480 5095 ab
503 5052 722 5095 auctore
750 5040 1257 5096 Commentariorum
1292 5040 1348 5096 in
1378 5043 1802 5099 Lamentationes
1829 5045 1980 5100 Jcre-

410 5112 532 5164 mite
558 5110 701 5180 apud
722 5110 1109 5182 Hieronymum
1138 5115 1204 5167 ad
1229 5130 1287 5178 ιι,
1314 5114 1366 5177 9,
1392 5116 1607 5169 merito.
1645 5114 1844 5171 Verum
1884 5132 1979 5170 su-

414 5190 600 5254 specta
630 5181 687 5254 _in
720 5181 805 5235 his
836 5184 1081 5254 lib_ris,in
1109 5186 1338 5254 epistola
1366 5185 1431 5238 ad
1463 5184 1745 5250 Jacobum,
1780 5188 1833 5239 in
1861 5185 1983 5241 Cle-

411 5250 693 5329 mentinis,
727 5258 800 5329 ut‘
809 5262 861 5329 et
892 5250 1178 5329 Propheta,
1217 5254 1981 5329 atqueAPgophetagveritatis;

410 5321 539 5388 quia
564 5328 721 5391 _teste
752 5320 1084 5391 Epiphanio,
1116 5320 1307 5379 haeresi
1338 5325 1429 5386 50,
1460 5320 1695 5379 Ebiontei
1728 5320 1987 5381 Periodo-

409 5404 533 5443 rum
549 5388 709 5464 _Petri
734 5388 1195 5464 Clementinarum
1233 5395 1669 5464 interpolatores,
1693 5395 1975 5451 Christum

449 5460 763 5534 rophetam,
785 5468 839 5515 et
881 5463 1198 5534 prophetam
1240 5460 1485 5519 veritatis
1524 5460 1797 5534 appellare
1838 5468 1983 5522 sole-

486 5532 767 5603 nt;_quasi
792 5547 1000 5603 merum
1032 5533 1337 5601 hominem;
1367 5535 1524 5603 juxta
1553 5532 1983 5603 argumentatio-

412 5613 537 5651 nem
587 5598 885 5675 ’ξ’ἰιίξεκξοιίξ
934 5605 989 5656 in
1028 5603 1228 5675 eodem
1273 5598 1577 5675 Epiphanio
1618 5598 1815 5661 haeresi
1866 5608 1975 5671 54,

413 5681 566 5743 num,
591 5668 645 5731 3,
666 5668 997 5745 _Ilebrmique
1023 5673 1077 5727 in
1101 5672 1250 5745 Nilo,
1280 5668 1438 5739 ιίἰ).ἰ,
1456 5675 1617 5745 epist.
1646 5676 1767 5741 127,
1792 5684 1847 5730 et
1868 5668 1983 5745 opil-

415 5736 632 5793 uioncm
665 5736 994 5796 Esseuorum
1027 5744 1170 5810 apud
1199 5736 1569 5801 I’hilastriuin.
1604 5736 1764 5802 Unde"
1786 5736 1981 5804 auct-or

2083 4978 2206 5055 tuit.
2233 4979 2410 5055 Atque
2452 4995 2517 5055 ett
2563 4980 2684 5055 istis
2723 4983 3020 5055 castigabis
3055 4998 3322 5055 errorem,
3359 4999 3457 5055 seu
3488 4986 3670 5055 potius

2084 5049 2449 5119 ignorantiam
2490 5048 2591 5103 hac
2630 5052 2684 5105 in
2722 5048 2907 5119 parte,
2949 5053 3171 5106 Davidis
3213 5048 3521 5115 Blondelli',
3564 5055 3665 5107 viri

2084 5119 2221 5173 alias
2250 5118 2577 5191 doctissimi,
2603 5121 2659 5174 in
2701 5118 3106 5191 Prolegomenis
3142 5122 3209 5176 ad
3247 5124 3664 5191 pseudonido-

2084 5204 2228 5255 rum,
2252 5204 2374 5256 cap.
2408 5190 2493 5251 Η,
2521 5205 2585 5261 p._
2599 5192 2686 5245 56.
2718 5190 2961 5261 Denique
2990 5194 3095 5247 huc
3127 5190 3309 5248 facere
3339 5194 3562 5249 videtur
3584 5196 3662 5247 lo-

2087 5274 2192 5346 cus
2234 5259 2763 5346 corrtiptusllsidori
2798 5259 3049 5346 libilvm;
3086 5262 3389 5346 Originum,
3439 5280 3563 5335 cap.
3587 5264 3658 5344 _5:

2092 5328 2353 5383 Ebionita:
2375 5328 2643 5405 Christum
2661 5348 2752 5401 per
2770 5333 3073 5405 prophetam
3102 5328 3297 5405 satam,
3323 5328 3529 5393 verum:
3568 5336 3661 5405 ju-

2085 5408 2225 5452 stum
2251 5409 2440 5470 putant
2466 5400 2856 5470 e/fcctum,lnisi
2889 5404 3111 5457 doceret
3134 5402 3380 5457 Historia
3414 5400 3661 5459 ecclesia-

2081 5470 2217 5544 stica
2240 5484 2269 5522 a
2305 5469 2504 5544 Ruﬁno
2531 5487 2709 5535 versa,
2729 5469 2830 5544 legi
2861 5473 3086 5536 debere,
3119 5470 3394 5527 Christum
3424 5491 3517 5541 per
3540 5491 3662 5544 pro-

2079 5539 2275 5613 fectum
2312 5541 2514 5613 solum,
2556 5544 2726 5595 virum
2756 5539 2967 5612 justum
3002 5552 3194 5613 putant
3233 5539 3511 5613 effectum,
3540 5539 3659 5613 'quo

2080 5610 2439 5696 rnodoetiam
2478 5613 2702 5696 quidam
2717 5610 2962 5696 “veteres
3002 5610 3126 5693 libri
3170 5610 3308 5696 _mss.
3346 5610 3656 5696 apocrypha

2082 5678 2323 5755 Epistola
2357 5678 2602 5747 Lentuli;
2630 5684 2683 5735 in
2713 5681 3254 5755 Orthodomgraphis
3292 5698 3309 5738 :
3337 5678 3434 5755 qii
3458 5678 3653 5739 dicitur

2084 5767 2115 5801 a
2148 5750 2384 5829 gentiam
2414 5757 2663 5822 propheta
2686 5754 2944 5809 veritatis.
