3890 6192
252 340 394 395 4217

1516 332 2085 391 RECOGNITIONUM
2127 332 2252 387 LIB.
2289 334 2327 388 1.

3384 321 3524 381 ms

246 455 344 525 qui
386 451 598 508 nesciat
637 453 766 522 quid
800 452 1102 521 acceperit,
1168 452 1234 505 et‘
1261 462 1524 521 quantum
1555 452 1658 507 sibi
1686 465 1837 507 corn-
1865 453 1912 510 Α
1943 456 1996 503 et
2029 464 2059 503 a
2086 464 2218 519 quo,
2243 456 2297 503 et
2322 462 2420 519 per
2448 462 2609 518 quem
2643 446 2725 502 vel
2762 452 2984 517 propter
3011 458 3203 515 quem;
3241 450 3423 498 utrum
3455 443 3525 498 ab

247 548 485 602 missum
522 546 595 600 sit
624 545 905 610 muneris;
950 552 1138 599 certus
1182 552 1333 611 esto,
1370 545 1517 615 quod
1555 545 1748 599 scienti
1784 551 1838 599 et

246 638 579 710 intelligenti
620 638 852 707 gratiam
904 637 1221 700 contulisti,
1264 652 1365 692 nec
1411 636 1569 692 facile
1610 651 1836 707 possum

241 731 457 802 decipi,
493 744 595 801 pro
626 744 691 784 eo
730 728 909 799 quod,
951 745 1075 800 quae
1122 731 1215 785 diu
1264 731 1683 794 desiderabam,
1726 731 1838 785 cito

242 824 437 880 videor
469 822 722 892 adeptus.
756 820 946 877 Potest
992 824 1142 877 enim
1184 823 1303 879 fieri
1336 832 1395 878 ut
1431 824 1573 879 alius
1618 823 1839 879 deside-

240 933 377 973 rans
406 916 517 971 cito
552 914 914 986 adipiscatur,
938 915 1079 972 alius
1114 932 1216 972 nec
1249 916 1406 973 tarde
1434 916 1503 971 ad
1526 916 1838 973 desiderata

243 1008 558 1080 perveniat.

314 1098 458 1153 XIX.
500 1099 567 1154 Et
608 1098 840 1165 Petrus,
878 1099 967 1156 his
998 1115 1029 1155 a
1057 1117 1145 1157 me
1176 1102 1381 1159 auditis
1411 1121 1423 1156 :
1464 1101 1681 1157 Gratias
1713 1117 1834 1174 ago,

241 1191 456 1262 inquit,
496 1190 609 1246 Deo
654 1206 797 1260 meo,
830 1201 883 1248 et
914 1209 1013 1265 pro
1046 1195 1225 1250 salute
1256 1204 1378 1259 tua,
1408 1202 1461 1250 et
1504 1211 1603 1265 pro
1650 1196 1839 1265 requie

242 1298 400 1350 mea;
434 1283 592 1339 valde
626 1285 771 1338 enim
802 1285 1069 1353 delector,
1120 1288 1247 1357 quia
1290 1287 1629 1343 intellexisse
1666 1298 1718 1342 te
1757 1289 1839 1341 vi-

240 1376 372 1439 deo,
418 1386 622 1448 quanta
658 1378 730 1432 sit
762 1381 989 1435 virtutis
1035 1381 1371 1451 pr0pheticaa
1401 1380 1741 1451 magnitudo,
1784 1388 1837 1435 et

242 1470 377 1540 quia
402 1512 416 1533 ,
457 1479 517 1525 ut
556 1472 638 1526 ais
660 1511 673 1535 ,
708 1488 810 1527 nec
834 1473 881 1527 si
912 1489 1012 1544 ego
1040 1475 1156 1544 ipse
1177 1474 1393 1545 cupiam
1416 1516 1431 1541 ,
1473 1474 1619 1545 quod
1655 1474 1832 1529 absit!

243 1571 440 1632 potero
480 1571 533 1619 te
562 1572 936 1621 transverlere
968 1566 1024 1620 in
1059 1567 1222 1621 aliam
1265 1566 1441 1621 fidem.
1482 1566 1560 1620 Ex
1599 1567 1700 1621 hoc
1720 1566 1834 1636 jam

244 1656 431 1726 incipe
480 1672 605 1713 esse
652 1658 977 1724 nobiscum,
1028 1667 1083 1715 et
1136 1660 1383 1715 crastina
1432 1659 1521 1713 die
1568 1661 1835 1715 interesto

242 1747 721 1820 disputationibus
753 1753 1002 1820 nostris;
1035 1754 1142 1809 erit
1187 1754 1334 1808 enim
1384 1754 1518 1807 mihi
1552 1763 1834 1809 certamen

242 1860 375 1899 cum
409 1842 633 1900 Simone
659 1843 835 1917 Mago.
868 1844 1117 1917 Cumque
1147 1847 1262 1902 haec
1292 1846 1544 1911 dixisset,
1578 1849 1828 1915 secessit,

240 1946 305 1994 ut
339 1940 522 1995 cibum
545 1948 764 2011 caperet
788 1955 915 1994 cum
945 1940 1062 1995 suis
1088 1939 1226 2010 (16),
1260 1955 1347 1995 me
1372 1948 1554 1995 autem
1582 1957 1833 1997 seorsum

239 2032 395 2087 vesci
425 2030 613 2101 jussit.
664 2030 733 2085 Et
778 2040 905 2102 post
943 2031 1129 2086 cibum
1168 2047 1293 2085 cum
1342 2032 1559 2086 laudem
1592 2033 1836 2089 dedisset

241 2122 358 2177 Deo
388 2131 441 2179 et
466 2124 672 2194 gratias
703 2124 927 2195 egisset,
960 2124 1124 2179 etiam
1156 2123 1321 2195 hujus
1344 2125 1517 2195 ipsius
1546 2124 1672 2179 facti
1702 2126 1836 2181 mihi

239 2213 486 2269 reddidit
518 2215 810 2281 rationem,
841 2222 897 2271 et
928 2216 1157 2281 addidit,
1192 2216 1383 2272 dicens
1413 2236 1425 2271 :
1466 2216 1567 2273 Det
1595 2218 1695 2273 tibi
1725 2217 1834 2274 Do-

238 2306 429 2361 minus
478 2308 755 2377 exaequari
803 2309 964 2365 nobis
1011 2309 1069 2364 in
1118 2310 1376 2366 omnibus
1404 2350 1418 2376 ,
1470 2319 1531 2366 ut
1577 2321 1836 2383 percepto

238 2397 572 2468 baptismate
601 2400 785 2470 possis
825 2400 893 2455 ad
935 2401 1182 2457 eamdem
1213 2403 1503 2458 nobiscum
1536 2406 1836 2461 convenire

240 2505 515 2545 mensam.
554 2490 621 2546 Et
656 2492 742 2548 bis
783 2492 947 2549 dictis
971 2534 985 2558 ,
1017 2496 1305 2565 quiescere
1344 2512 1431 2552 me
1473 2498 1672 2567 jussit;
1718 2498 1833 2568 jam

238 2582 391 2636 enim
426 2582 492 2637 ad
536 2598 789 2673 somnum
816 2593 870 2641 et
898 2595 1095 2642 natura
1125 2590 1398 2660 corporis,
1430 2599 1483 2645 et
1514 2592 1659 2645 ratio
1689 2597 1832 2645 tem-

243 2674 405 2744 poris
438 2674 727 2733 invitabat.

314 2765 435 2824 XX.
476 2767 705 2825 Postera
741 2785 871 2827 vero
899 2773 988 2829 die
1018 2775 1324 2831 matutinus
1344 2775 1409 2829 ad
1434 2792 1535 2831 nos
1570 2777 1839 2846 ingredie-

236 2860 406 2915 liatur
428 2860 745 2932 Zacchaeus,
770 2871 825 2919 et
855 2880 981 2920 cum
1016 2868 1331 2932 salutasset,
1359 2868 1435 2922 ait
1465 2870 1532 2923 ad
1563 2869 1785 2924 Petrum
1816 2888 1829 2924 :

238 2954 432 3010 Dill‘ert
463 2954 652 3012 Simon
684 2959 1002 3015 certaminis
1040 2958 1184 3015 diem
1218 2960 1273 3014 in
1301 2960 1647 3016 undecimam
1680 2979 1836 3019 men-

238 3049 321 3105 sis
378 3050 701 3120 prtesentis,
757 3067 881 3123 quae
936 3060 1023 3108 est
1076 3063 1201 3123 post
1242 3064 1450 3125 septem
1485 3055 1621 3111 dies.
1676 3053 1833 3111 Tunc

1940 556 2071 608 uno,
2104 556 2173 594 an
2214 557 2243 594 a
2277 540 2517 604 duobus,
2552 556 2619 594 an
2667 556 2697 593 a
2746 539 2935 593 multis
2968 553 3227 608 accepere
3260 538 3522 593 substan-

1940 633 2108 701 tiam;
2140 642 2194 688 et
2230 641 2416 688 utrum
2445 648 2511 687 ex
2546 633 2716 687 nullis
2749 632 3135 687 substantibus
3157 672 3172 696 ,
3215 644 3283 683 an
3314 646 3377 685 ex
3420 629 3522 682 ali-

1939 727 2141 796 quibus
2181 735 2401 797 sumpta
2448 726 2594 790 sint,
2642 736 2696 781 et
2742 725 3039 791 adornata;
3082 735 3195 779 tum
3250 724 3296 779 si
3342 725 3524 793 aliqua

1939 822 2116 876 virtus
2156 830 2241 875 est
2272 821 2326 875 in
2354 820 2664 882 altissimis,
2694 826 2788 873 aut
2829 820 2883 872 in
2912 816 3178 883 infernis;
3216 816 3263 870 si
3305 824 3391 870 est
3425 816 3527 868 ali-

1939 912 2071 983 quid
2107 913 2302 967 mclius
2334 914 2615 976 omnibus,
2648 918 2741 966 aut
2771 911 2988 965 cunctis
3016 909 3282 974 inferius;
3318 910 3363 963 si
3396 914 3527 963 sunt

1940 1006 2106 1077 aliqui
2138 1014 2343 1067 motus,
2382 1014 2475 1059 aut
2503 1007 2669 1070 nulli;
2703 1006 2749 1060 si
2779 1006 2895 1059 hazc
2924 1020 3045 1075 quae
3066 1003 3340 1063 videntur,
3368 1010 3526 1055 erant

1940 1116 2178 1169 semper,
2218 1108 2274 1155 et
2302 1107 2507 1165 erunt;
2560 1100 2605 1154 si
2654 1101 2917 1153 exstitere
2963 1099 3114 1151 nullo
3155 1104 3440 1167 operante,
3471 1103 3527 1149 et

1940 1192 2093 1247 nullo
2131 1194 2377 1247 solvente
2408 1192 2741 1246 dilabentur.
2783 1190 2862 1253 Si,
2898 1191 3142 1260 inquam,
3176 1206 3239 1243 ex
3284 1190 3369 1244 bis
3416 1188 3523 1242 ini-

1941 1285 2075 1339 tium
2105 1285 2383 1355 aeceperit
2431 1284 2762 1354 disputatio,
2789 1292 2922 1353 puto
2947 1281 3093 1352 quod
3125 1297 3187 1335 ea
3224 1296 3346 1351 quae
3375 1294 3523 1349 quael

1940 1386 2150 1441 rentur,
2185 1377 2434 1447 diligenti
2470 1376 2881 1431 examinatione
2926 1376 3180 1429 discussa
3216 1373 3377 1426 facile
3414 1372 3529 1424 cla-

1939 1480 2177 1525 rescant.
2215 1470 2353 1523 Cum
2400 1477 2582 1525 autem
2628 1470 2743 1523 haec
2792 1468 3091 1523 claruerint
3119 1507 3132 1529 ,
3165 1481 3355 1521 eorum
3404 1478 3529 1531 quae

1939 1571 2268 1634 sequuntur,
2291 1564 2345 1617 in
2376 1572 2629 1634 promptu
2658 1562 2960 1632 reperietur
2992 1560 3218 1631 agnitio.
3252 1558 3366 1629 Ego
3393 1556 3525 1627 quid

1940 1658 2205 1711 senserim
2236 1657 2474 1727 protuli;
2508 1656 2641 1726 quid
2664 1656 2827 1711 etiam
2860 1654 2957 1709 tibi
2984 1652 3254 1716 videatur,
3280 1652 3527 1707 indicare

1938 1764 2006 1804 ne
2034 1750 2230 1818 pigeat.
3185 1789 3191 1797 .

2011 1841 2152 1896 XXI.
2188 1841 2271 1896 Ad
2302 1841 2417 1897 haec
2456 1840 2655 1896 Petrus
2690 1854 2704 1892 :
2752 1839 2883 1904 Dic,
2926 1838 3134 1911 inquit,
3174 1838 3393 1895 interim
3436 1837 3526 1892 Si-

1937 1936 2117 2004 moni,
2151 1934 2313 1990 faciat
2347 1943 2406 1989 ut
2437 1936 2597 2000 libet,
2639 1943 2823 1989 certus
2882 1935 3049 2004 quod,
3102 1934 3289 1988 divina
3338 1932 3530 1986 Provi-

1937 2029 2123 2082 dentia
2156 2028 2423 2099 largiente
2446 2067 2460 2091 ,
2492 2044 2711 2099 semper
2757 2045 2856 2083 nos
2891 2029 3133 2083 inveniet
3185 2036 3424 2098 paratos.
3462 2024 3529 2078 Et

1940 2123 2236 2179 Zaccliznus
2281 2123 2501 2193 quidem
2533 2139 2655 2193 qua:
2688 2123 2961 2188 audierat,
3002 2136 3263 2190 egressus
3306 2127 3389 2174 est
3437 2117 3526 2170 Si-

1938 2219 2087 2273 moni
2120 2218 2392 2272 nuntiare.
2430 2215 2629 2273 Petrus
2672 2230 2805 2272 Vero
2839 2216 3144 2286 respiciens
3187 2214 3255 2267 ad
3301 2227 3403 2267 nos
3427 2251 3440 2274 ,
3474 2215 3529 2263 et

1938 2310 2249 2381 intelligens
2277 2310 2662 2364 contristatum
2702 2324 2789 2364 me
2816 2324 2940 2364 esse
2972 2323 3072 2378 pro
3100 2306 3363 2360 dilatione
3400 2317 3525 2356 cer-

1938 2404 2195 2467 taminis,
2250 2405 2324 2457 ait
2355 2422 2367 2457 :
2398 2402 2503 2469 Qui
2556 2403 2733 2457 credit
2782 2401 2984 2458 summi
3033 2400 3127 2455 Dei
3179 2400 3527 2471 providentia

1936 2494 2248 2565 dispensari
2282 2495 2571 2561 mundum,
2603 2511 2714 2549 non
2755 2494 2937 2559 debet,
2976 2509 3009 2549 o
3048 2494 3223 2549 amice.
3248 2494 3525 2560 Clemens,

1936 2586 2003 2641 de
2028 2588 2263 2658 singulis
2294 2602 2415 2658 qua:
2446 2603 2668 2659 quoque
2712 2588 2873 2642 modo
2906 2588 3185 2654 accidunt,
3226 2604 3527 2660 aspernan-

1936 2687 2022 2735 ter
2044 2682 2314 2751 accipere,
2347 2689 2534 2737 certus
2561 2681 2707 2752 quod
2729 2681 2945 2751 justitia
2962 2681 3083 2746 Dei,
3108 2683 3272 2737 etiam
3297 2698 3383 2747 ea,
3407 2698 3529 2753 qua:

1937 2774 2214 2843 superflua
2244 2775 2507 2829 videntur
2533 2781 2631 2827 aut
2660 2776 2961 2836 contraria,
2987 2776 3041 2828 in
3074 2790 3410 2847 unoquoque
3439 2792 3531 2831 no-

1937 2866 2087 2934 gotio
2141 2875 2458 2937 opportuno
2510 2866 2661 2921 exitu
2710 2869 3156 2938 competentith
3208 2868 3527 2937 dispensat,

1936 2960 2213 3031 praecipue
2256 2969 2440 3014 tamen
2481 2975 2611 3031 erga
2643 2975 2738 3014 eos
2798 2961 2893 3030 qui
2927 2976 3052 3014 eum
3081 2960 3408 3016 familiarius
3436 2977 3534 3016 co-

1936 3053 2087 3120 lunt;
2119 3058 2173 3107 et
2205 3051 2388 3107 ideo"o
2421 3053 2515 3122 qui
2556 3054 2625 3107 de
2662 3052 2782 3115 his,
2817 3062 2878 3106 ut
2923 3052 3059 3117 dixi,
3107 3062 3295 3107 certus
3334 3062 3438 3117 est,
3481 3053 3529 3108 si

238 3142 388 3196 enim
422 3143 593 3214 magis
626 3159 860 3198 vacuum
903 3145 1009 3199 sibi
1055 3145 1400 3216 disceptandi
1441 3159 1653 3217 tempus
1688 3149 1833 3204 allir-
1860 3157 1904 3215 ο
1937 3144 2069 3215 quid
2100 3145 2319 3199 eveniat
2348 3153 2542 3198 contra
2581 3144 2936 3207 sententiam,
2970 3145 3121 3198 novit
3169 3159 3268 3213 pro
3294 3160 3359 3199 eo
3387 3159 3529 3198 moc-

238 3241 377 3288 mat.
408 3233 515 3290 Sed
538 3246 591 3292 et
614 3238 747 3292 mibi
765 3238 983 3293 videtur
1006 3240 1510 3309 comperendinatio
1530 3242 1649 3305 eius
1668 3244 1835 3299 etiam

241 3327 410 3382 nobis
451 3343 577 3384 esse
615 3331 966 3397 necessaria,
997 3338 1057 3385 ut
1101 3333 1289 3402 plures
1340 3336 1693 3397 conveniant,
1742 3340 1836 3407 qui

236 3419 635 3489 disputationis
664 3430 869 3478 nostrae
897 3425 982 3479 vel
1011 3424 1293 3481 auditores
1323 3427 1407 3481 vel
1434 3427 1652 3496 judices
1680 3428 1830 3482 ﬁant.

242 3508 639 3568 Verumtamen
679 3515 723 3569 si
754 3516 1039 3585 probabile
1072 3518 1168 3572 tibi
1211 3518 1446 3583 videtur,
1483 3520 1627 3574 inter
1652 3536 1836 3579 moras

236 3617 330 3667 ea,
363 3619 486 3674 qua:
528 3605 583 3659 in
628 3610 1064 3663 controversiam
1105 3610 1293 3666 venire
1332 3626 1493 3681 posse
1524 3613 1832 3683 opinamur,

236 3695 387 3749 inter
409 3698 781 3769 nosmetipsos
808 3701 961 3770 prius
981 3700 1434 3768 discutiamus,et
1458 3705 1838 3776 unusquisque

235 3797 521 3856 nostrum,
551 3807 674 3846 ctun
711 3808 833 3862 qua:
862 3795 1217 3864 proponenda
1249 3796 1359 3851 sint
1382 3808 1435 3852 et
1462 3814 1582 3867 quae
1606 3814 1837 3868 respon—

239 3878 451 3943 denda,
485 3882 825 3951 cognoverit,
867 3883 1011 3952 apud
1042 3884 1400 3954 semetipsum
1436 3894 1752 3955 pertractet,
1790 3886 1836 3942 si

236 3980 391 4026 recte
422 3986 484 4027 se
512 3972 771 4038 habeant,
805 3983 899 4028 aut
925 3975 971 4029 si
1003 3974 1252 4031 invenire
1282 3977 1483 4047 poterit
1504 3978 1711 4048 aliquid
1733 3978 1834 4032 ad-

235 4064 526 4120 versarius
555 4065 701 4136 quod
729 4067 976 4137 objiciat,
1010 4076 1103 4122 aut
1126 4084 1235 4138 quo
1264 4070 1478 4139 objecta
1513 4070 1832 4128 frustretur.

238 4157 300 4211 Si
336 4172 464 4212 vero
497 4172 564 4211 ex
589 4159 741 4213 omni
774 4160 967 4225 latere,
1002 4176 1125 4230 quae
1157 4176 1187 4214 a
1214 4163 1375 4217 nobis
1404 4162 1641 4219 dicenda
1673 4173 1829 4229 sunt,

232 4248 503 4304 claruerit
535 4265 660 4305 esse
690 4253 923 4316 munita,
958 4252 1034 4305 ita
1058 4253 1280 4308 demum
1315 4255 1655 4311 conﬁdenter
1684 4274 1833 4327 qua:-

232 4341 441 4397 stionis
487 4341 705 4397 ineatur
754 4343 1065 4398 exordium.
1123 4345 1190 4399 Et
1226 4347 1448 4417 quidem
1476 4348 1519 4379 ⁸³
1548 4363 1670 4402 mea
1718 4351 1832 4405 haec

230 4440 323 4489 est
374 4436 677 4501 sententia,
727 4438 873 4507 quod
926 4448 1051 4492 ante
1088 4440 1271 4493 omnia
1314 4441 1523 4511 requiri
1557 4450 1829 4512 Oporteat,

1938 3254 2118 3292 rorem
2150 3237 2217 3291 dc
2257 3238 2455 3293 animis
2487 3239 2779 3308 expellere,
2814 3238 3024 3292 meliori
3056 3238 3328 3293 sententia
3360 3237 3531 3290 mani-

1939 3329 2140 3385 festum
2173 3330 2405 3393 habens,
2444 3331 2590 3400 quod
2614 3330 3027 3400 dispensatione
3051 3330 3182 3383 boni
3214 3328 3329 3397 Dei,
3362 3332 3528 3384 etiam

1937 3423 2083 3493 quod
2112 3424 2451 3477 contrarium
2485 3431 2729 3493 putatur,
2765 3430 3014 3477 vertatur
3050 3423 3107 3476 in
3139 3422 3350 3478 melius.
3388 3422 3527 3478 Pro—

1938 3526 2059 3588 pter
2088 3516 2254 3587 quod,
2289 3524 2322 3570 ο
2354 3515 2632 3579 Clemens,
2664 3515 2985 3569 etiamnunc
3016 3531 3126 3568 non
3155 3523 3207 3569 te
3237 3515 3529 3570 contristet

1938 3610 2078 3681 Magi
2113 3608 2357 3665 Simonis
2386 3609 2490 3663 ista
2514 3608 2724 3663 dilatio.
2752 3608 2932 3663 Credo
2954 3609 3100 3661 enim
3130 3607 3277 3678 quod
3307 3623 3404 3677 per
3433 3607 3526 3663 Dei

1936 3703 2337 3774 providentiam
2382 3709 2599 3771 gestum
2650 3702 2721 3754 sit
2774 3699 2842 3753 ad
2893 3699 3188 3753 utilitatem
3236 3707 3417 3763 tuam,
3466 3705 3529 3751 ut

1939 3801 2147 3871 possim
2189 3799 2289 3854 ti'bi
2337 3800 2607 3853 rationem
2643 3797 2766 3852 fidei
2806 3807 3037 3861 nostras,
3075 3797 3130 3849 in
3170 3795 3273 3849 hac
3319 3804 3526 3865 septem

1937 3892 2152 3947 dierum
2194 3890 2797 3960 comperendinatione,
2826 3892 3033 3958 absque
3073 3888 3260 3958 aliquo
3293 3888 3528 3958 strepitu

1936 4002 2037 4058 per
2065 3986 2316 4040 ordinem
2344 3999 2512 4039 consc
2536 3991 2750 4052 lllClllCl‘
2773 3998 3046 4052 exponere
3074 3979 3376 4036 secundum
3409 3990 3527 4034 tra-

1937 4079 2203 4133 ditioncm
2225 4078 2268 4107 ⁷¹
2303 4077 2415 4130 veri
2448 4076 2748 4145 prOphetze,
2772 4076 2866 4144 qui
2900 4074 3052 4128 solus
3075 4074 3201 4135 scit,
3231 4088 3353 4143 quae
3384 4072 3530 4127 facta

1938 4181 2102 4237 sunt,
2139 4178 2198 4225 ut
2232 4169 2375 4223 facta
2408 4169 2541 4230 sint,
2579 4175 2632 4225 et
2663 4183 2785 4236 quae
2817 4168 2974 4231 fiunt,
3008 4175 3069 4219 ut
3112 4165 3263 4228 fiant,
3297 4182 3529 4235 quaeque

1936 4268 2138 4323 erunt,
2192 4270 2250 4314 ut
2299 4267 2492 4323 erunt;
2547 4272 2671 4327 qua:
2718 4264 2901 4311 tamen
2956 4255 3246 4309 manifeste
3303 4257 3526 4325 quidem

1936 4356 2104 4418 dicta,
2128 4370 2238 4407 non
2263 4363 2446 4406 tamen
2474 4350 2766 4404 manifeste
2796 4349 3001 4418 scripta
3028 4356 3177 4412 sunt,
3205 4349 3257 4401 in
3288 4356 3523 4412 tantmn,

1938 4455 1998 4502 ut
2020 4462 2146 4501 cum
2178 4447 2458 4515 leguntur,
2494 4444 2723 4513 intelligi
2756 4441 2875 4496 sine
2908 4442 3221 4509 expositore
3254 4458 3363 4494 non
3397 4458 3526 4510 pos-

232 4526 372 4596 quid
412 4527 483 4581 sit
511 4528 756 4582 omnium
806 4528 1046 4598 primum
1070 4571 1085 4595 ,
1141 4532 1345 4602 quidve
1396 4509 1824 4601 immediatum,
1860 4509 1912 4567 D
1938 4540 2049 4595 sint
2092 4509 2316 4608 propter
2354 4544 2643 4607 peccatum
2672 4509 2818 4605 quod
2848 4533 3155 4587 coadolevit
3188 4509 3524 4595 hominibus,

230 4619 386 4690 quod
417 4621 580 4675 etiam
610 4636 835 4678 causam
864 4639 988 4679 esse
1018 4626 1262 4679 omnium
1292 4641 1414 4697 qure
1438 4638 1586 4694 sunt,
1621 4629 1826 4685 docen—

230 4712 369 4766 dum
396 4720 510 4780 est;
542 4713 740 4770 deinde
770 4723 968 4771 cuncta
1009 4732 1131 4788 qua:
1169 4728 1324 4784 sunt,
1358 4720 1405 4775 si
1456 4719 1602 4775 facta
1654 4734 1823 4787 sunt,

1937 4634 2081 4688 sicut
2110 4630 2367 4700 superius
2398 4630 2657 4684 diximus.
2701 4627 2910 4681 Idcirco
2947 4626 3111 4694 igitur
3148 4624 3527 4693 cxplanabun-

1937 4732 2029 4779 tur
2055 4723 2152 4779 tibi
2186 4738 2285 4793 per
2315 4737 2401 4776 me
2437 4721 2645 4786 omnia,
2678 4728 2739 4774 ut
2770 4718 2825 4771 in
2860 4718 2945 4771 his
2972 4734 3093 4787 qua:
3127 4718 3331 4787 scripta
3375 4725 3523 4781 sunt,

407 4852 1109 4941 Ψέῖυίάεηιτιῖερρνὶᾳηιν
1136 4862 1339 4941 agnitio
1379 4879 1485 4917 non
1521 4866 1843 4936 iegunturin
1872 4879 2106 4941 utroque
2136 4871 2297 4926 codd.
2317 4869 2495 4941 Lipss.
2574 4869 2621 4899 ⁷⁰
2662 4866 2731 4921 Et
2759 4865 3004 4920 ideo—in
3030 4861 3214 4919 melius
3244 4858 3444 4914 desunt
3470 4859 3525 4913 in

227 4924 397 4983 codd.
443 4925 504 4981 Li
508 4942 624 4997 pss.

719 4927 763 4957 ⁷¹
797 4926 1095 4983 Secundum
1129 4926 1800 5008 traditionem—agnoscas
1838 4926 2041 4998 desunt
2073 4926 2129 4997 in
2161 4942 2320 4998 codd.

2418 4943 2553 5011 ipss.

1546 5107 1912 5168 COTELERH
1962 5112 2196 5169 NOTAE.

306 5268 425 5393 (16?
462 5268 712 5333 Secessit,
742 5279 801 5325 ut
832 5271 1006 5324 cibum
1032 5282 1240 5341 caperet
1259 5291 1377 5328 cum
1400 5275 1533 5337 suis,
1558 5282 1664 5331 etc.
1693 5273 1828 5333 Pas-

306 5358 344 5393 ιι
418 5341 508 5393 lic.
558 5341 717 5393 Anud
766 5342 1129 5393 Athanasium
1175 5343 1299 5393 Lib-
1373 5345 1437 5393 de
1500 5346 1821 5393 viminimm-

228 5341 508 5415 amillio.
558 5341 1129 5415 ApuduAthanasium
1175 5343 1299 5399 Lib.
1373 5345 1437 5399 de
1500 5346 1823 5415 virginitate,

229 5430 294 5489 p._
332 5411 470 5465 1052
506 5427 520 5464 :
563 5409 695 5489 _'E_&v
723 5409 779 5465 δὲ
809 5413 1005 5489 ερρερῇ
1040 5415 1427 5489 κατηχουμέγη
1475 5416 1533 5489 ἐν
1558 5409 1829 5489 τ’ραπγέςημ

231 5476 313 5551 μὴ
352 5482 694 5551 ωνευχέσθω
715 5476 1004 5605 rerum};
1042 5476 1433 5551 πιστῦν,ὀύδὲ
1470 5487 1544 5557 μὴ
1589 5476 1832 5551 {caeleste

231 5555 429 5605 φαγεῖν
458 5550 551 5603 τὸν
582 5551 713 5605 ὡωυ.
745 5570 774 5604 ν
803 5570 895 5604 σου
932 5555 1046 5605 μετ’
1078 5555 1267 5605 αὐτῆς.
1300 5555 1698 5605 Canitnlarium
1732 5559 1826 5605 lib-

229 5550 429 5622 φάγείν
458 5550 568 5626 ’τὴνΔ
582 5550 774 5626 ψῳμόν
798 5570 895 5626 gou
932 5555 1046 5626 per”
1078 5550 1273 5624 αὑτῆςέ
1300 5550 1699 5626 Capitularium
1732 5550 1826 5612 lib.

228 5602 311 5689 in,
325 5602 481 5692 'c's‘p;
503 5620 575 5675 92
596 5602 616 5678 ἐ
630 5602 763 5677 Νόῇ
789 5602 1267 5692 ιὲἑέαῖὸὶιρὶὲὲάἴῗέ
1292 5602 1828 5683 εἷιῖῖἶῖὶὶὶὲὲὶιῖἧιὲἰιῖἑ

231 5692 586 5756 manducare,
609 5709 701 5745 nec
720 5692 959 5746 osculum
985 5695 1061 5748 eis
1090 5695 1239 5758 dare,
1272 5697 1350 5750 vel
1373 5715 1465 5751 ave
1487 5698 1597 5753 illis
1617 5698 1792 5752 dicere
1808 5715 1826 5752 :

229 5772 437 5835 quanto
486 5763 837 5837 magisucum
862 5766 1365 5837 _ea;rommunicatis
1424 5776 1490 5821 ab
1564 5770 1826 5837 episcopo,

232 5832 333 5889 aut
359 5847 479 5889 cum
506 5832 830 5904 gentilibus?
862 5832 1163 5904 Episcopos
1194 5844 1374 5893 tamen
1402 5854 1525 5894 cum
1553 5832 1830 5896 Constan-

1921 5281 2054 5341 :tino
2086 5277 2705 5354 imperatoremondum
2748 5275 3023 5354 baptizato
3065 5269 3522 5354 epulatosfuisse

1936 5354 2097 5407 testis
2139 5343 2397 5423 e'stplide
2421 5343 3345 5423 dignuslﬂusebius,.quatnvisei.
3383 5343 3521 5423 nolit

1935 5423 2164 5477 credere
2214 5413 2554 5490 Nicephorits
2619 5419 2898 5490 Callistus.
2932 5415 3067 5490 Sed
3118 5413 3517 5490 etuChristiani

1936 5493 2093 5547 multi
2126 5508 2237 5547 non
2276 5482 2413 5546 adeo
2449 5505 2478 5544 a
2512 5491 2738 5560 paganis
2771 5488 3156 5560 refugiebant;
3182 5482 3337 5560 Unde
3369 5482 3519 5535 Non—

1936 5578 2063 5616 nam
2097 5570 2327 5616 matrem
2362 5552 2527 5615 suam
2560 5552 2746 5614 laudat
2784 5552 3081 5625 Gregorius
3113 5552 3515 5616 Nazianzenus,

1934 5633 2080 5701 quod
2125 5634 2335 5703 cibum,
2359 5648 2484 5687 cum
2525 5630 2793 5685 idolorum
2833 5628 3136 5703 cultoribus
3172 5632 3524 5703 communem

1934 5694 2221 5775 nunquam
2252 5702 2535 5775 habuerit,
2587 5700 2967 5775 ne_c_gen_til_is_
2997 5697 3213 5775 femina:
3258 5694 3521 5775 manili“

1934 5769 2182 5830 dextram
2208 5773 2482 5843 injecerit,
2525 5781 2619 5828 aut
2649 5769 2799 5827 labra
2835 5769 3003 5825 labris
3034 5769 3337 5824 miscuerit.
