  <div class='ocr_page' id='page_1' title='image "/cluster/home/n/w/nwhite01/storage/ocr_20150623/1/nnc1.0022106693/665.png"; bbox 0 0 3890 6192; ppageno 0'>
   <div class='ocr_carea' id='block_1_1' title="bbox 420 318 558 375">
    <p class='ocr_par' dir='ltr' id='par_1_1' title="bbox 420 318 558 375">
     <span class='ocr_line' id='line_1_1' title="bbox 420 318 558 375; baseline -0.036 0"><span class='ocrx_word' id='word_1_1' title='bbox 420 318 558 375; x_wconf 71' lang='grc'><strong>1219</strong></span> 
     </span>
    </p>
   </div>
   <div class='ocr_carea' id='block_1_2' title="bbox 1307 291 2831 363">
    <p class='ocr_par' dir='ltr' id='par_1_2' title="bbox 1307 291 2831 363">
     <span class='ocr_line' id='line_1_2' title="bbox 1307 291 2831 363; baseline -0.012 1"><span class='ocrx_word' id='word_1_2' title='bbox 1307 308 1359 363; x_wconf 85' lang='lat' dir='ltr'><strong>S.</strong></span> <span class='ocrx_word' id='word_1_3' title='bbox 1401 304 1797 362; x_wconf 79' lang='lat' dir='ltr'><strong>CLEMENTIS</strong></span> <span class='ocrx_word' id='word_1_4' title='bbox 1838 306 1857 357; x_wconf 91' lang='lat' dir='ltr'><strong>I</strong></span> <span class='ocrx_word' id='word_1_5' title='bbox 1892 303 2059 360; x_wconf 75' lang='lat' dir='ltr'><strong>ROM.</strong></span> <span class='ocrx_word' id='word_1_6' title='bbox 2100 298 2304 355; x_wconf 80' lang='lat' dir='ltr'><strong>PONT.</strong></span> <span class='ocrx_word' id='word_1_7' title='bbox 2342 293 2568 351; x_wconf 65' lang='lat' dir='ltr'><strong>OPERA</strong></span> <span class='ocrx_word' id='word_1_8' title='bbox 2603 291 2831 347; x_wconf 70' lang='lat' dir='ltr'><strong>DL&#39;BIA.</strong></span> 
     </span>
    </p>
   </div>
   <div class='ocr_carea' id='block_1_3' title="bbox 3526 288 3668 344">
    <p class='ocr_par' dir='ltr' id='par_1_3' title="bbox 3526 288 3668 344">
     <span class='ocr_line' id='line_1_3' title="bbox 3526 288 3668 344; baseline 0.007 -1"><span class='ocrx_word' id='word_1_9' title='bbox 3526 288 3668 344; x_wconf 67' lang='lat'><strong>129.0</strong></span> 
     </span>
    </p>
   </div>
   <div class='ocr_carea' id='block_1_4' title="bbox 415 406 3669 501">
    <p class='ocr_par' dir='ltr' id='par_1_4' title="bbox 415 406 3669 501">
     <span class='ocr_line' id='line_1_4' title="bbox 415 406 3669 501; baseline -0.009 -12"><span class='ocrx_word' id='word_1_10' title='bbox 415 432 655 491; x_wconf 78' lang='lat' dir='ltr'><strong>dilucide</strong></span> <span class='ocrx_word' id='word_1_11' title='bbox 707 444 828 501; x_wconf 58' lang='lat' dir='ltr'><strong>quas</strong></span> <span class='ocrx_word' id='word_1_12' title='bbox 886 429 958 483; x_wconf 94' lang='lat' dir='ltr'><strong>sit</strong></span> <span class='ocrx_word' id='word_1_13' title='bbox 1002 424 1273 481; x_wconf 87' lang='lat' dir='ltr'><strong>sententia</strong></span> <span class='ocrx_word' id='word_1_14' title='bbox 1325 423 1655 494; x_wconf 87' lang='lat' dir='ltr'><strong>legislatoris</strong></span> <span class='ocrx_word' id='word_1_15' title='bbox 1698 436 1985 491; x_wconf 80' lang='lat' dir='ltr'><strong>agnoscas.</strong></span> <span class='ocrx_word' id='word_1_16' title='bbox 2018 425 2064 481; x_wconf 77' lang='grc' dir='ltr'>Α</span> <span class='ocrx_word' id='word_1_17' title='bbox 2094 432 2200 471; x_wconf 91' lang='lat' dir='ltr'><strong>non</strong></span> <span class='ocrx_word' id='word_1_18' title='bbox 2230 412 2435 475; x_wconf 83' lang='lat' dir='ltr'><strong>omnia,</strong></span> <span class='ocrx_word' id='word_1_19' title='bbox 2466 412 2593 480; x_wconf 85' lang='lat' dir='ltr'><strong>quia</strong></span> <span class='ocrx_word' id='word_1_20' title='bbox 2625 419 2882 477; x_wconf 89' lang='lat' dir='ltr'><strong>tanquam</strong></span> <span class='ocrx_word' id='word_1_21' title='bbox 2913 406 3203 461; x_wconf 89' lang='lat' dir='ltr'><strong>vernacula</strong></span> <span class='ocrx_word' id='word_1_22' title='bbox 3236 406 3431 461; x_wconf 78' lang='lat' dir='ltr'><strong>anima:</strong></span> <span class='ocrx_word' id='word_1_23' title='bbox 3450 412 3669 461; x_wconf 58' lang='lat' dir='ltr'><strong>mearet</strong></span> 
     </span>
    </p>
   </div>
   <div class='ocr_carea' id='block_1_5' title="bbox 485 513 1991 592">
    <p class='ocr_par' dir='ltr' id='par_1_5' title="bbox 485 513 1991 592">
     <span class='ocr_line' id='line_1_5' title="bbox 485 513 1991 592; baseline -0.009 -14"><span class='ocrx_word' id='word_1_24' title='bbox 485 522 651 578; x_wconf 79' lang='lat' dir='ltr'>XXII.</span> <span class='ocrx_word' id='word_1_25' title='bbox 683 521 930 592; x_wconf 85' lang='lat' dir='ltr'><strong>Cumque</strong></span> <span class='ocrx_word' id='word_1_26' title='bbox 962 518 1077 573; x_wconf 58' lang='lat' dir='ltr'><strong>haec</strong></span> <span class='ocrx_word' id='word_1_27' title='bbox 1116 518 1367 582; x_wconf 80' lang='lat' dir='ltr'><strong>dixisset,</strong></span> <span class='ocrx_word' id='word_1_28' title='bbox 1396 528 1669 585; x_wconf 78' lang='lat' dir='ltr'><strong>exponere</strong></span> <span class='ocrx_word' id='word_1_29' title='bbox 1713 514 1844 567; x_wconf 91' lang='lat' dir='ltr'><strong>mibi</strong></span> <span class='ocrx_word' id='word_1_30' title='bbox 1874 513 1991 565; x_wconf 89' lang='lat' dir='ltr'><strong>sin-</strong></span> 
     </span>
    </p>
   </div>
   <div class='ocr_carea' id='block_1_6' title="bbox 416 605 1991 687">
    <p class='ocr_par' dir='ltr' id='par_1_6' title="bbox 416 605 1991 687">
     <span class='ocr_line' id='line_1_6' title="bbox 416 605 1991 687; baseline -0.008 -17"><span class='ocrx_word' id='word_1_31' title='bbox 416 617 542 687; x_wconf 88' lang='lat' dir='ltr'><strong>gula</strong></span> <span class='ocrx_word' id='word_1_32' title='bbox 584 616 653 671; x_wconf 88' lang='lat' dir='ltr'><strong>de</strong></span> <span class='ocrx_word' id='word_1_33' title='bbox 700 615 825 677; x_wconf 86' lang='lat' dir='ltr'><strong>his,</strong></span> <span class='ocrx_word' id='word_1_34' title='bbox 888 628 1009 682; x_wconf 74' lang='lat' dir='ltr'><strong>quae</strong></span> <span class='ocrx_word' id='word_1_35' title='bbox 1054 612 1109 665; x_wconf 91' lang='lat' dir='ltr'><strong>in</strong></span> <span class='ocrx_word' id='word_1_36' title='bbox 1157 608 1460 679; x_wconf 76' lang='lat' dir='ltr'><strong>quaestione</strong></span> <span class='ocrx_word' id='word_1_37' title='bbox 1499 622 1623 661; x_wconf 85' lang='lat' dir='ltr'><strong>esse</strong></span> <span class='ocrx_word' id='word_1_38' title='bbox 1666 605 1991 659; x_wconf 80' lang='lat' dir='ltr'><strong>videbantur</strong></span> 
     </span>
    </p>
   </div>
   <div class='ocr_carea' id='block_1_7' title="bbox 416 694 1990 778">
    <p class='ocr_par' dir='ltr' id='par_1_7' title="bbox 416 694 1990 778">
     <span class='ocr_line' id='line_1_7' title="bbox 416 694 1990 778; baseline -0.009 -16"><span class='ocrx_word' id='word_1_39' title='bbox 416 707 551 778; x_wconf 89' lang='lat' dir='ltr'><strong>legis</strong></span> <span class='ocrx_word' id='word_1_40' title='bbox 581 705 838 776; x_wconf 89' lang='lat' dir='ltr'><strong>capitulis</strong></span> <span class='ocrx_word' id='word_1_41' title='bbox 872 703 1077 772; x_wconf 84' lang='lat' dir='ltr'><strong>coepit,</strong></span> <span class='ocrx_word' id='word_1_42' title='bbox 1106 702 1176 755; x_wconf 93' lang='lat' dir='ltr'><strong>ab</strong></span> <span class='ocrx_word' id='word_1_43' title='bbox 1204 700 1361 753; x_wconf 90' lang='lat' dir='ltr'><strong>initio</strong></span> <span class='ocrx_word' id='word_1_44' title='bbox 1407 709 1672 753; x_wconf 63' lang='lat' dir='ltr'><strong>creaturae</strong></span> <span class='ocrx_word' id='word_1_45' title='bbox 1712 711 1886 765; x_wconf 87' lang='lat' dir='ltr'><strong>usque</strong></span> <span class='ocrx_word' id='word_1_46' title='bbox 1921 694 1990 748; x_wconf 87' lang='lat' dir='ltr'><strong>ad</strong></span> 
     </span>
    </p>
   </div>
   <div class='ocr_carea' id='block_1_8' title="bbox 416 790 1983 869">
    <p class='ocr_par' dir='ltr' id='par_1_8' title="bbox 416 790 1983 869">
     <span class='ocr_line' id='line_1_8' title="bbox 416 790 1983 869; baseline -0.01 -14"><span class='ocrx_word' id='word_1_47' title='bbox 416 800 472 855; x_wconf 89' lang='lat' dir='ltr'><strong>id</strong></span> <span class='ocrx_word' id='word_1_48' title='bbox 498 798 785 869; x_wconf 89' lang='lat' dir='ltr'><strong>temporis,</strong></span> <span class='ocrx_word' id='word_1_49' title='bbox 810 811 920 867; x_wconf 92' lang='lat' dir='ltr'><strong>quo</strong></span> <span class='ocrx_word' id='word_1_50' title='bbox 947 795 1011 849; x_wconf 91' lang='lat' dir='ltr'><strong>ad</strong></span> <span class='ocrx_word' id='word_1_51' title='bbox 1038 810 1161 849; x_wconf 91' lang='lat' dir='ltr'><strong>eum</strong></span> <span class='ocrx_word' id='word_1_52' title='bbox 1192 792 1497 847; x_wconf 71' lang='lat' dir='ltr'><strong>Caesaream</strong></span> <span class='ocrx_word' id='word_1_53' title='bbox 1522 790 1811 844; x_wconf 85' lang='lat' dir='ltr'><strong>devolutus</strong></span> <span class='ocrx_word' id='word_1_54' title='bbox 1842 803 1983 841; x_wconf 87' lang='lat' dir='ltr'><strong>sum.</strong></span> 
     </span>
    </p>
   </div>
   <div class='ocr_carea' id='block_1_9' title="bbox 416 882 1989 949">
    <p class='ocr_par' dir='ltr' id='par_1_9' title="bbox 416 882 1989 949">
     <span class='ocr_line' id='line_1_9' title="bbox 416 882 1989 949; baseline -0.008 -5"><span class='ocrx_word' id='word_1_55' title='bbox 416 890 541 944; x_wconf 73' lang='lat' dir='ltr'><strong>Haec</strong></span> <span class='ocrx_word' id='word_1_56' title='bbox 574 889 709 943; x_wconf 83' lang='lat' dir='ltr'><strong>milii</strong></span> <span class='ocrx_word' id='word_1_57' title='bbox 753 889 966 949; x_wconf 89' lang='lat' dir='ltr'><strong>dicens,</strong></span> <span class='ocrx_word' id='word_1_58' title='bbox 1006 886 1196 941; x_wconf 87' lang='lat' dir='ltr'><strong>dilatio</strong></span> <span class='ocrx_word' id='word_1_59' title='bbox 1229 884 1468 938; x_wconf 87' lang='lat' dir='ltr'><strong>Simonis</strong></span> <span class='ocrx_word' id='word_1_60' title='bbox 1502 882 1765 944; x_wconf 86' lang='lat' dir='ltr'><strong>contulit,</strong></span> <span class='ocrx_word' id='word_1_61' title='bbox 1806 888 1866 933; x_wconf 92' lang='lat' dir='ltr'><strong>ut</strong></span> <span class='ocrx_word' id='word_1_62' title='bbox 1891 894 1989 949; x_wconf 90' lang='lat' dir='ltr'><strong>per</strong></span> 
     </span>
    </p>
   </div>
   <div class='ocr_carea' id='block_1_10' title="bbox 414 976 1986 1048">
    <p class='ocr_par' dir='ltr' id='par_1_10' title="bbox 414 976 1986 1048">
     <span class='ocr_line' id='line_1_10' title="bbox 414 976 1986 1048; baseline -0.007 -12"><span class='ocrx_word' id='word_1_63' title='bbox 414 983 663 1036; x_wconf 87' lang='lat' dir='ltr'><strong>ordinem</strong></span> <span class='ocrx_word' id='word_1_64' title='bbox 689 989 890 1035; x_wconf 91' lang='lat' dir='ltr'><strong>cuncta</strong></span> <span class='ocrx_word' id='word_1_65' title='bbox 914 992 1323 1048; x_wconf 80' lang='lat' dir='ltr'><strong>cognoscerem.</strong></span> <span class='ocrx_word' id='word_1_66' title='bbox 1357 976 1528 1039; x_wconf 82' lang='lat' dir='ltr'><strong>Alias,</strong></span> <span class='ocrx_word' id='word_1_67' title='bbox 1560 976 1757 1045; x_wconf 86' lang='lat' dir='ltr'><strong>inquit,</strong></span> <span class='ocrx_word' id='word_1_68' title='bbox 1788 988 1986 1029; x_wconf 89' lang='lat' dir='ltr'><strong>secun—</strong></span> 
     </span>
    </p>
   </div>
   <div class='ocr_carea' id='block_1_11' title="bbox 416 1064 1987 1142">
    <p class='ocr_par' dir='ltr' id='par_1_11' title="bbox 416 1064 1987 1142">
     <span class='ocr_line' id='line_1_11' title="bbox 416 1064 1987 1142; baseline -0.006 -15"><span class='ocrx_word' id='word_1_69' title='bbox 416 1073 544 1127; x_wconf 90' lang='lat' dir='ltr'><strong>dum</strong></span> <span class='ocrx_word' id='word_1_70' title='bbox 586 1088 648 1127; x_wconf 89' lang='lat' dir='ltr'><strong>ea</strong></span> <span class='ocrx_word' id='word_1_71' title='bbox 692 1087 815 1142; x_wconf 66' lang='lat' dir='ltr'><strong>qum</strong></span> <span class='ocrx_word' id='word_1_72' title='bbox 860 1070 1240 1141; x_wconf 87' lang='lat' dir='ltr'><strong>opportunitas</strong></span> <span class='ocrx_word' id='word_1_73' title='bbox 1281 1068 1553 1123; x_wconf 89' lang='lat' dir='ltr'><strong>sermonis</strong></span> <span class='ocrx_word' id='word_1_74' title='bbox 1595 1066 1862 1131; x_wconf 88' lang='lat' dir='ltr'><strong>attulerit,</strong></span> <span class='ocrx_word' id='word_1_75' title='bbox 1918 1064 1987 1118; x_wconf 90' lang='lat' dir='ltr'><strong>de</strong></span> 
     </span>
    </p>
   </div>
   <div class='ocr_carea' id='block_1_12' title="bbox 415 1155 1988 1231">
    <p class='ocr_par' dir='ltr' id='par_1_12' title="bbox 415 1155 1988 1231">
     <span class='ocr_line' id='line_1_12' title="bbox 415 1155 1988 1231; baseline -0.005 -15"><span class='ocrx_word' id='word_1_76' title='bbox 415 1161 647 1230; x_wconf 81' lang='lat' dir='ltr'><strong>singulis</strong></span> <span class='ocrx_word' id='word_1_77' title='bbox 679 1161 1008 1231; x_wconf 85' lang='lat' dir='ltr'><strong>quibusque,</strong></span> <span class='ocrx_word' id='word_1_78' title='bbox 1045 1175 1166 1229; x_wconf 69' lang='lat' dir='ltr'><strong>quae</strong></span> <span class='ocrx_word' id='word_1_79' title='bbox 1189 1174 1335 1214; x_wconf 92' lang='lat' dir='ltr'><strong>nunc</strong></span> <span class='ocrx_word' id='word_1_80' title='bbox 1364 1156 1805 1227; x_wconf 84' lang='lat' dir='ltr'><strong>compendiosius</strong></span> <span class='ocrx_word' id='word_1_81' title='bbox 1845 1155 1988 1209; x_wconf 89' lang='lat' dir='ltr'><strong>dixi-</strong></span> 
     </span>
    </p>
   </div>
   <div class='ocr_carea' id='block_1_13' title="bbox 416 1248 1985 1319">
    <p class='ocr_par' dir='ltr' id='par_1_13' title="bbox 416 1248 1985 1319">
     <span class='ocr_line' id='line_1_13' title="bbox 416 1248 1985 1319; baseline -0.004 -12"><span class='ocrx_word' id='word_1_82' title='bbox 416 1268 560 1315; x_wconf 89' lang='lat' dir='ltr'><strong>mus,</strong></span> <span class='ocrx_word' id='word_1_83' title='bbox 606 1253 770 1307; x_wconf 89' lang='lat' dir='ltr'><strong>latius</strong></span> <span class='ocrx_word' id='word_1_84' title='bbox 798 1253 1155 1315; x_wconf 83' lang='lat' dir='ltr'><strong>disseremus,</strong></span> <span class='ocrx_word' id='word_1_85' title='bbox 1190 1260 1249 1306; x_wconf 95' lang='lat' dir='ltr'><strong>ut</strong></span> <span class='ocrx_word' id='word_1_86' title='bbox 1278 1251 1578 1307; x_wconf 88' lang='lat' dir='ltr'><strong>secundum</strong></span> <span class='ocrx_word' id='word_1_87' title='bbox 1619 1265 1681 1304; x_wconf 86' lang='lat' dir='ltr'><strong>ea</strong></span> <span class='ocrx_word' id='word_1_88' title='bbox 1708 1264 1829 1319; x_wconf 71' lang='lat' dir='ltr'><strong>qua:</strong></span> <span class='ocrx_word' id='word_1_89' title='bbox 1868 1248 1985 1319; x_wconf 93' lang='lat' dir='ltr'><strong>pol-</strong></span> 
     </span>
    </p>
   </div>
   <div class='ocr_carea' id='block_1_14' title="bbox 413 1336 1986 1416">
    <p class='ocr_par' dir='ltr' id='par_1_14' title="bbox 413 1336 1986 1416">
     <span class='ocr_line' id='line_1_14' title="bbox 413 1336 1986 1416; baseline -0.002 -16"><span class='ocrx_word' id='word_1_90' title='bbox 413 1345 597 1401; x_wconf 87' lang='lat' dir='ltr'><strong>licitus</strong></span> <span class='ocrx_word' id='word_1_91' title='bbox 647 1361 765 1400; x_wconf 91' lang='lat' dir='ltr'><strong>sum</strong></span> <span class='ocrx_word' id='word_1_92' title='bbox 812 1346 934 1409; x_wconf 85' lang='lat' dir='ltr'><strong>tibi,</strong></span> <span class='ocrx_word' id='word_1_93' title='bbox 979 1346 1193 1416; x_wconf 86' lang='lat' dir='ltr'><strong>plenius</strong></span> <span class='ocrx_word' id='word_1_94' title='bbox 1218 1346 1285 1401; x_wconf 90' lang='lat' dir='ltr'><strong>de</strong></span> <span class='ocrx_word' id='word_1_95' title='bbox 1307 1336 1560 1399; x_wconf 84' lang='lat' dir='ltr'><strong>omnibus</strong></span> <span class='ocrx_word' id='word_1_96' title='bbox 1584 1342 1986 1413; x_wconf 79' lang='lat' dir='ltr'><strong>perfectiusque</strong></span> 
     </span>
    </p>
   </div>
   <div class='ocr_carea' id='block_1_15' title="bbox 412 1434 1983 1510">
    <p class='ocr_par' dir='ltr' id='par_1_15' title="bbox 412 1434 1983 1510">
     <span class='ocr_line' id='line_1_15' title="bbox 412 1434 1983 1510; baseline -0.005 -16"><span class='ocrx_word' id='word_1_97' title='bbox 412 1456 711 1510; x_wconf 88' lang='lat' dir='ltr'><strong>cognoscas</strong></span> <span class='ocrx_word' id='word_1_98' title='bbox 733 1440 803 1494; x_wconf 77' lang='lat'><strong>&quot;.</strong></span> <span class='ocrx_word' id='word_1_99' title='bbox 849 1439 987 1505; x_wconf 82' lang='lat' dir='ltr'><strong>Quia</strong></span> <span class='ocrx_word' id='word_1_100' title='bbox 1013 1454 1143 1508; x_wconf 83' lang='lat' dir='ltr'><strong>ergo</strong></span> <span class='ocrx_word' id='word_1_101' title='bbox 1191 1439 1451 1492; x_wconf 88' lang='lat' dir='ltr'><strong>hodierna</strong></span> <span class='ocrx_word' id='word_1_102' title='bbox 1501 1436 1679 1491; x_wconf 89' lang='lat' dir='ltr'><strong>adhuc</strong></span> <span class='ocrx_word' id='word_1_103' title='bbox 1701 1434 1861 1488; x_wconf 90' lang='lat' dir='ltr'><strong>nobis</strong></span> <span class='ocrx_word' id='word_1_104' title='bbox 1888 1450 1983 1487; x_wconf 91' lang='lat' dir='ltr'><strong>su-</strong></span> 
     </span>
    </p>
   </div>
   <div class='ocr_carea' id='block_1_16' title="bbox 412 1528 1986 1602">
    <p class='ocr_par' dir='ltr' id='par_1_16' title="bbox 412 1528 1986 1602">
     <span class='ocr_line' id='line_1_16' title="bbox 412 1528 1986 1602; baseline -0.002 -16"><span class='ocrx_word' id='word_1_105' title='bbox 412 1540 594 1602; x_wconf 88' lang='lat' dir='ltr'><strong>perest</strong></span> <span class='ocrx_word' id='word_1_106' title='bbox 615 1532 754 1596; x_wconf 90' lang='lat' dir='ltr'><strong>dies,</strong></span> <span class='ocrx_word' id='word_1_107' title='bbox 787 1547 851 1587; x_wconf 92' lang='lat' dir='ltr'><strong>ex</strong></span> <span class='ocrx_word' id='word_1_108' title='bbox 878 1532 961 1585; x_wconf 89' lang='lat' dir='ltr'><strong>his</strong></span> <span class='ocrx_word' id='word_1_109' title='bbox 992 1546 1113 1601; x_wconf 66' lang='lat' dir='ltr'><strong>quae</strong></span> <span class='ocrx_word' id='word_1_110' title='bbox 1142 1530 1307 1584; x_wconf 89' lang='lat' dir='ltr'><strong>dilata</strong></span> <span class='ocrx_word' id='word_1_111' title='bbox 1340 1536 1488 1591; x_wconf 91' lang='lat' dir='ltr'><strong>sunt,</strong></span> <span class='ocrx_word' id='word_1_112' title='bbox 1523 1530 1646 1583; x_wconf 87' lang='lat' dir='ltr'><strong>volo</strong></span> <span class='ocrx_word' id='word_1_113' title='bbox 1671 1528 1769 1583; x_wconf 91' lang='lat' dir='ltr'><strong>tibi</strong></span> <span class='ocrx_word' id='word_1_114' title='bbox 1793 1544 1986 1583; x_wconf 85' lang='lat' dir='ltr'><strong>rursus</strong></span> 
     </span>
    </p>
   </div>
   <div class='ocr_carea' id='block_1_17' title="bbox 411 1620 1982 1693">
    <p class='ocr_par' dir='ltr' id='par_1_17' title="bbox 411 1620 1982 1693">
     <span class='ocr_line' id='line_1_17' title="bbox 411 1620 1982 1693; baseline -0.003 -15"><span class='ocrx_word' id='word_1_115' title='bbox 411 1640 474 1678; x_wconf 89' lang='lat' dir='ltr'><strong>ea</strong></span> <span class='ocrx_word' id='word_1_116' title='bbox 501 1638 622 1693; x_wconf 70' lang='lat' dir='ltr'><strong>quae</strong></span> <span class='ocrx_word' id='word_1_117' title='bbox 656 1624 802 1678; x_wconf 91' lang='lat' dir='ltr'><strong>dicta</strong></span> <span class='ocrx_word' id='word_1_118' title='bbox 827 1637 956 1678; x_wconf 83' lang='lat' dir='ltr'><strong>sunt</strong></span> <span class='ocrx_word' id='word_1_119' title='bbox 986 1623 1223 1677; x_wconf 81' lang='lat' dir='ltr'><strong>breviter</strong></span> <span class='ocrx_word' id='word_1_120' title='bbox 1246 1623 1466 1685; x_wconf 86' lang='lat' dir='ltr'><strong>iterare,</strong></span> <span class='ocrx_word' id='word_1_121' title='bbox 1498 1629 1558 1675; x_wconf 93' lang='lat' dir='ltr'><strong>ut</strong></span> <span class='ocrx_word' id='word_1_122' title='bbox 1582 1620 1756 1690; x_wconf 87' lang='lat' dir='ltr'><strong>magis</strong></span> <span class='ocrx_word' id='word_1_123' title='bbox 1786 1620 1884 1675; x_wconf 90' lang='lat' dir='ltr'><strong>tibi</strong></span> <span class='ocrx_word' id='word_1_124' title='bbox 1916 1620 1982 1674; x_wconf 89' lang='lat' dir='ltr'><strong>ad</strong></span> 
     </span>
    </p>
   </div>
   <div class='ocr_carea' id='block_1_18' title="bbox 413 1711 1984 1782">
    <p class='ocr_par' dir='ltr' id='par_1_18' title="bbox 413 1711 1984 1782">
     <span class='ocr_line' id='line_1_18' title="bbox 413 1711 1984 1782; baseline -0.001 -15"><span class='ocrx_word' id='word_1_125' title='bbox 413 1716 730 1768; x_wconf 88' lang='lat' dir='ltr'><strong>memoriam</strong></span> <span class='ocrx_word' id='word_1_126' title='bbox 786 1722 1135 1769; x_wconf 84' lang='lat' dir='ltr'><strong>revocentur.</strong></span> <span class='ocrx_word' id='word_1_127' title='bbox 1182 1711 1247 1766; x_wconf 85' lang='lat' dir='ltr'><strong>Et</strong></span> <span class='ocrx_word' id='word_1_128' title='bbox 1294 1712 1421 1767; x_wconf 89' lang='lat' dir='ltr'><strong>exin</strong></span> <span class='ocrx_word' id='word_1_129' title='bbox 1468 1713 1633 1782; x_wconf 69' lang='lat' dir='ltr'><strong>erepit</strong></span> <span class='ocrx_word' id='word_1_130' title='bbox 1679 1712 1782 1765; x_wconf 89' lang='lat' dir='ltr'><strong>hoc</strong></span> <span class='ocrx_word' id='word_1_131' title='bbox 1823 1712 1984 1766; x_wconf 93' lang='lat' dir='ltr'><strong>modo</strong></span> 
     </span>
    </p>
   </div>
   <div class='ocr_carea' id='block_1_19' title="bbox 2091 497 3670 576">
    <p class='ocr_par' dir='ltr' id='par_1_19' title="bbox 2091 497 3670 576">
     <span class='ocr_line' id='line_1_19' title="bbox 2091 497 3670 576; baseline -0.006 -14"><span class='ocrx_word' id='word_1_132' title='bbox 2091 507 2331 576; x_wconf 84' lang='lat' dir='ltr'><strong>ingenita</strong></span> <span class='ocrx_word' id='word_1_133' title='bbox 2356 504 2546 559; x_wconf 84' lang='lat' dir='ltr'><strong>effecta</strong></span> <span class='ocrx_word' id='word_1_134' title='bbox 2579 510 2728 565; x_wconf 92' lang='lat' dir='ltr'><strong>sunt,</strong></span> <span class='ocrx_word' id='word_1_135' title='bbox 2761 516 2882 571; x_wconf 75' lang='lat' dir='ltr'><strong>qua:</strong></span> <span class='ocrx_word' id='word_1_136' title='bbox 2906 498 3115 553; x_wconf 80' lang='lat' dir='ltr'><strong>dixisti.</strong></span> <span class='ocrx_word' id='word_1_137' title='bbox 3141 497 3381 552; x_wconf 86' lang='lat' dir='ltr'><strong>Nimium</strong></span> <span class='ocrx_word' id='word_1_138' title='bbox 3411 500 3562 553; x_wconf 90' lang='lat' dir='ltr'><strong>enim</strong></span> <span class='ocrx_word' id='word_1_139' title='bbox 3591 502 3670 554; x_wconf 83' lang='lat' dir='ltr'><strong>si-</strong></span> 
     </span>
    </p>
   </div>
   <div class='ocr_carea' id='block_1_20' title="bbox 2090 590 3672 663">
    <p class='ocr_par' dir='ltr' id='par_1_20' title="bbox 2090 590 3672 663">
     <span class='ocr_line' id='line_1_20' title="bbox 2090 590 3672 663; baseline -0.003 -10"><span class='ocrx_word' id='word_1_140' title='bbox 2090 600 2247 655; x_wconf 91' lang='lat' dir='ltr'><strong>tienti</strong></span> <span class='ocrx_word' id='word_1_141' title='bbox 2287 597 2420 651; x_wconf 91' lang='lat' dir='ltr'><strong>mihi</strong></span> <span class='ocrx_word' id='word_1_142' title='bbox 2450 596 2831 650; x_wconf 88' lang='lat' dir='ltr'><strong>dulcissimum</strong></span> <span class='ocrx_word' id='word_1_143' title='bbox 2862 593 3117 663; x_wconf 89' lang='lat' dir='ltr'><strong>poculum</strong></span> <span class='ocrx_word' id='word_1_144' title='bbox 3159 592 3470 661; x_wconf 76' lang='lat' dir='ltr'><strong>porrexisti.</strong></span> <span class='ocrx_word' id='word_1_145' title='bbox 3505 590 3579 645; x_wconf 81' lang='lat' dir='ltr'><strong>Et</strong></span> <span class='ocrx_word' id='word_1_146' title='bbox 3602 608 3672 649; x_wconf 84' lang='lat' dir='ltr'><strong>ne</strong></span> 
     </span>
    </p>
   </div>
   <div class='ocr_carea' id='block_1_21' title="bbox 2088 684 3671 763">
    <p class='ocr_par' dir='ltr' id='par_1_21' title="bbox 2088 684 3671 763">
     <span class='ocr_line' id='line_1_21' title="bbox 2088 684 3671 763; baseline -0.004 -17"><span class='ocrx_word' id='word_1_147' title='bbox 2088 690 2333 763; x_wconf 74' lang='lat' dir='ltr'><strong>putes“,</strong></span> <span class='ocrx_word' id='word_1_148' title='bbox 2366 688 2510 759; x_wconf 81' lang='lat' dir='ltr'><strong>quod</strong></span> <span class='ocrx_word' id='word_1_149' title='bbox 2538 702 2722 742; x_wconf 89' lang='lat' dir='ltr'><strong>rerum</strong></span> <span class='ocrx_word' id='word_1_150' title='bbox 2749 687 3054 748; x_wconf 91' lang='lat' dir='ltr'><strong>immemor,</strong></span> <span class='ocrx_word' id='word_1_151' title='bbox 3086 684 3269 738; x_wconf 79' lang='lat' dir='ltr'><strong>verbis</strong></span> <span class='ocrx_word' id='word_1_152' title='bbox 3298 693 3348 738; x_wconf 87' lang='lat' dir='ltr'><strong>te</strong></span> <span class='ocrx_word' id='word_1_153' title='bbox 3374 699 3671 755; x_wconf 86' lang='lat' dir='ltr'><strong>occupem,</strong></span> 
     </span>
    </p>
   </div>
   <div class='ocr_carea' id='block_1_22' title="bbox 2085 776 3671 853">
    <p class='ocr_par' dir='ltr' id='par_1_22' title="bbox 2085 776 3671 853">
     <span class='ocr_line' id='line_1_22' title="bbox 2085 776 3671 853; baseline -0.005 -16"><span class='ocrx_word' id='word_1_154' title='bbox 2085 785 2197 853; x_wconf 90' lang='lat' dir='ltr'><strong>jam</strong></span> <span class='ocrx_word' id='word_1_155' title='bbox 2232 797 2381 837; x_wconf 90' lang='lat' dir='ltr'><strong>nunc</strong></span> <span class='ocrx_word' id='word_1_156' title='bbox 2425 796 2547 850; x_wconf 79' lang='lat' dir='ltr'><strong>qua:</strong></span> <span class='ocrx_word' id='word_1_157' title='bbox 2576 779 2723 833; x_wconf 88' lang='lat' dir='ltr'><strong>dicta</strong></span> <span class='ocrx_word' id='word_1_158' title='bbox 2753 783 2880 831; x_wconf 87' lang='lat' dir='ltr'><strong>sunt</strong></span> <span class='ocrx_word' id='word_1_159' title='bbox 2911 778 2966 831; x_wconf 90' lang='lat' dir='ltr'><strong>in</strong></span> <span class='ocrx_word' id='word_1_160' title='bbox 2999 777 3322 829; x_wconf 85' lang='lat' dir='ltr'><strong>memoriam</strong></span> <span class='ocrx_word' id='word_1_161' title='bbox 3350 776 3671 839; x_wconf 85' lang='lat' dir='ltr'><strong>revocabo;</strong></span> 
     </span>
    </p>
   </div>
   <div class='ocr_carea' id='block_1_23' title="bbox 2090 865 3668 945">
    <p class='ocr_par' dir='ltr' id='par_1_23' title="bbox 2090 865 3668 945">
     <span class='ocr_line' id='line_1_23' title="bbox 2090 865 3668 945; baseline -0.008 -16"><span class='ocrx_word' id='word_1_162' title='bbox 2090 876 2146 929; x_wconf 91' lang='lat' dir='ltr'><strong>in</strong></span> <span class='ocrx_word' id='word_1_163' title='bbox 2173 890 2285 945; x_wconf 93' lang='lat' dir='ltr'><strong>quo</strong></span> <span class='ocrx_word' id='word_1_164' title='bbox 2318 888 2405 927; x_wconf 93' lang='lat' dir='ltr'><strong>me</strong></span> <span class='ocrx_word' id='word_1_165' title='bbox 2436 871 2733 941; x_wconf 88' lang='lat' dir='ltr'><strong>plurimum</strong></span> <span class='ocrx_word' id='word_1_166' title='bbox 2761 868 2914 938; x_wconf 86' lang='lat' dir='ltr'><strong>juvat</strong></span> <span class='ocrx_word' id='word_1_167' title='bbox 2942 867 3079 920; x_wconf 89' lang='lat' dir='ltr'><strong>ordo</strong></span> <span class='ocrx_word' id='word_1_168' title='bbox 3107 865 3501 935; x_wconf 86' lang='lat' dir='ltr'><strong>disputationis</strong></span> <span class='ocrx_word' id='word_1_169' title='bbox 3540 875 3668 920; x_wconf 65' lang='lat' dir='ltr'><strong>tum.</strong></span> 
     </span>
    </p>
   </div>
   <div class='ocr_carea' id='block_1_24' title="bbox 2089 957 3673 1034">
    <p class='ocr_par' dir='ltr' id='par_1_24' title="bbox 2089 957 3673 1034">
     <span class='ocr_line' id='line_1_24' title="bbox 2089 957 3673 1034; baseline -0.005 -14"><span class='ocrx_word' id='word_1_170' title='bbox 2089 966 2303 1020; x_wconf 85' lang='lat' dir='ltr'><strong>Etenim</strong></span> <span class='ocrx_word' id='word_1_171' title='bbox 2353 964 2481 1034; x_wconf 86' lang='lat' dir='ltr'><strong>quia</strong></span> <span class='ocrx_word' id='word_1_172' title='bbox 2533 968 2936 1030; x_wconf 88' lang='lat' dir='ltr'><strong>consequenter</strong></span> <span class='ocrx_word' id='word_1_173' title='bbox 2967 957 3174 1011; x_wconf 88' lang='lat' dir='ltr'><strong>directa</strong></span> <span class='ocrx_word' id='word_1_174' title='bbox 3208 963 3337 1010; x_wconf 91' lang='lat' dir='ltr'><strong>sunt</strong></span> <span class='ocrx_word' id='word_1_175' title='bbox 3375 965 3433 1012; x_wconf 87' lang='lat' dir='ltr'><strong>et</strong></span> <span class='ocrx_word' id='word_1_176' title='bbox 3471 957 3673 1012; x_wconf 86' lang='lat' dir='ltr'><strong>librate</strong></span> 
     </span>
    </p>
   </div>
   <div class='ocr_carea' id='block_1_25' title="bbox 2086 1047 3669 1125">
    <p class='ocr_par' dir='ltr' id='par_1_25' title="bbox 2086 1047 3669 1125">
     <span class='ocr_line' id='line_1_25' title="bbox 2086 1047 3669 1125; baseline -0.007 -15"><span class='ocrx_word' id='word_1_177' title='bbox 2086 1056 2360 1118; x_wconf 88' lang='lat' dir='ltr'><strong>ordinata,</strong></span> <span class='ocrx_word' id='word_1_178' title='bbox 2394 1070 2516 1125; x_wconf 79' lang='lat' dir='ltr'><strong>quae</strong></span> <span class='ocrx_word' id='word_1_179' title='bbox 2548 1053 2713 1115; x_wconf 90' lang='lat' dir='ltr'><strong>dicis,</strong></span> <span class='ocrx_word' id='word_1_180' title='bbox 2739 1050 2944 1104; x_wconf 88' lang='lat' dir='ltr'><strong>idcirco</strong></span> <span class='ocrx_word' id='word_1_181' title='bbox 2970 1059 3025 1103; x_wconf 92' lang='lat' dir='ltr'><strong>et</strong></span> <span class='ocrx_word' id='word_1_182' title='bbox 3058 1048 3218 1102; x_wconf 79' lang='lat' dir='ltr'><strong>facile</strong></span> <span class='ocrx_word' id='word_1_183' title='bbox 3245 1047 3312 1101; x_wconf 91' lang='lat' dir='ltr'><strong>ad</strong></span> <span class='ocrx_word' id='word_1_184' title='bbox 3340 1047 3669 1101; x_wconf 88' lang='lat' dir='ltr'><strong>memoriam</strong></span> 
     </span>
    </p>
   </div>
   <div class='ocr_carea' id='block_1_26' title="bbox 2086 1138 3672 1208">
    <p class='ocr_par' dir='ltr' id='par_1_26' title="bbox 2086 1138 3672 1208">
     <span class='ocr_line' id='line_1_26' title="bbox 2086 1138 3672 1208; baseline -0.009 -3"><span class='ocrx_word' id='word_1_185' title='bbox 2086 1149 2297 1205; x_wconf 89' lang='lat' dir='ltr'><strong>ordinis</strong></span> <span class='ocrx_word' id='word_1_186' title='bbox 2341 1147 2427 1202; x_wconf 90' lang='lat' dir='ltr'><strong>sui</strong></span> <span class='ocrx_word' id='word_1_187' title='bbox 2474 1144 2633 1199; x_wconf 89' lang='lat' dir='ltr'><strong>lineis</strong></span> <span class='ocrx_word' id='word_1_188' title='bbox 2679 1148 3026 1197; x_wconf 87' lang='lat' dir='ltr'><strong>revocantur.</strong></span> <span class='ocrx_word' id='word_1_189' title='bbox 3063 1139 3292 1193; x_wconf 81' lang='lat' dir='ltr'><strong>Multum</strong></span> <span class='ocrx_word' id='word_1_190' title='bbox 3324 1153 3575 1208; x_wconf 86' lang='lat' dir='ltr'><strong>namque</strong></span> <span class='ocrx_word' id='word_1_191' title='bbox 3604 1138 3672 1190; x_wconf 89' lang='lat' dir='ltr'><strong>ad</strong></span> 
     </span>
    </p>
   </div>
   <div class='ocr_carea' id='block_1_27' title="bbox 2085 1230 3668 1307">
    <p class='ocr_par' dir='ltr' id='par_1_27' title="bbox 2085 1230 3668 1307">
     <span class='ocr_line' id='line_1_27' title="bbox 2085 1230 3668 1307; baseline -0.008 -12"><span class='ocrx_word' id='word_1_192' title='bbox 2085 1239 2486 1297; x_wconf 86' lang='lat' dir='ltr'><strong>recordandum</strong></span> <span class='ocrx_word' id='word_1_193' title='bbox 2536 1235 2761 1307; x_wconf 87' lang='lat' dir='ltr'><strong>prodest</strong></span> <span class='ocrx_word' id='word_1_194' title='bbox 2802 1234 2938 1287; x_wconf 87' lang='lat' dir='ltr'><strong>ordo</strong></span> <span class='ocrx_word' id='word_1_195' title='bbox 2990 1232 3306 1298; x_wconf 81' lang='lat' dir='ltr'><strong>dictorum;</strong></span> <span class='ocrx_word' id='word_1_196' title='bbox 3354 1246 3487 1285; x_wconf 90' lang='lat' dir='ltr'><strong>cum</strong></span> <span class='ocrx_word' id='word_1_197' title='bbox 3521 1230 3668 1285; x_wconf 86' lang='lat' dir='ltr'><strong>enim</strong></span> 
     </span>
    </p>
   </div>
   <div class='ocr_carea' id='block_1_28' title="bbox 2086 1322 3669 1401">
    <p class='ocr_par' dir='ltr' id='par_1_28' title="bbox 2086 1322 3669 1401">
     <span class='ocr_line' id='line_1_28' title="bbox 2086 1322 3669 1401; baseline -0.008 -14"><span class='ocrx_word' id='word_1_198' title='bbox 2086 1334 2328 1389; x_wconf 86' lang='lat' dir='ltr'><strong>recolere</strong></span> <span class='ocrx_word' id='word_1_199' title='bbox 2364 1330 2577 1401; x_wconf 86' lang='lat' dir='ltr'><strong>singula</strong></span> <span class='ocrx_word' id='word_1_200' title='bbox 2618 1344 2714 1398; x_wconf 90' lang='lat' dir='ltr'><strong>per</strong></span> <span class='ocrx_word' id='word_1_201' title='bbox 2761 1326 3205 1396; x_wconf 87' lang='lat' dir='ltr'><strong>consequentiam</strong></span> <span class='ocrx_word' id='word_1_202' title='bbox 3255 1324 3533 1393; x_wconf 73' lang='lat' dir='ltr'><strong>coeperis,</strong></span> <span class='ocrx_word' id='word_1_203' title='bbox 3581 1322 3669 1375; x_wconf 88' lang='lat' dir='ltr'><strong>ubi</strong></span> 
     </span>
    </p>
   </div>
   <div class='ocr_carea' id='block_1_29' title="bbox 2085 1413 3669 1495">
    <p class='ocr_par' dir='ltr' id='par_1_29' title="bbox 2085 1413 3669 1495">
     <span class='ocr_line' id='line_1_29' title="bbox 2085 1413 3669 1495; baseline -0.008 -16"><span class='ocrx_word' id='word_1_204' title='bbox 2085 1424 2291 1495; x_wconf 89' lang='lat' dir='ltr'><strong>aliquid</strong></span> <span class='ocrx_word' id='word_1_205' title='bbox 2324 1423 2499 1488; x_wconf 87' lang='lat' dir='ltr'><strong>deest,</strong></span> <span class='ocrx_word' id='word_1_206' title='bbox 2534 1420 2719 1477; x_wconf 88' lang='lat' dir='ltr'><strong>statim</strong></span> <span class='ocrx_word' id='word_1_207' title='bbox 2750 1434 2946 1475; x_wconf 90' lang='lat' dir='ltr'><strong>sensus</strong></span> <span class='ocrx_word' id='word_1_208' title='bbox 2982 1416 3233 1486; x_wconf 89' lang='lat' dir='ltr'><strong>inquirit,</strong></span> <span class='ocrx_word' id='word_1_209' title='bbox 3262 1425 3315 1468; x_wconf 90' lang='lat' dir='ltr'><strong>et</strong></span> <span class='ocrx_word' id='word_1_210' title='bbox 3343 1429 3473 1468; x_wconf 93' lang='lat' dir='ltr'><strong>cum</strong></span> <span class='ocrx_word' id='word_1_211' title='bbox 3514 1413 3669 1467; x_wconf 85' lang='lat' dir='ltr'><strong>inve-</strong></span> 
     </span>
    </p>
   </div>
   <div class='ocr_carea' id='block_1_30' title="bbox 2084 1505 3665 1579">
    <p class='ocr_par' dir='ltr' id='par_1_30' title="bbox 2084 1505 3665 1579">
     <span class='ocr_line' id='line_1_30' title="bbox 2084 1505 3665 1579; baseline -0.009 -7"><span class='ocrx_word' id='word_1_212' title='bbox 2084 1517 2248 1579; x_wconf 90' lang='lat' dir='ltr'><strong>nerit,</strong></span> <span class='ocrx_word' id='word_1_213' title='bbox 2285 1521 2487 1577; x_wconf 89' lang='lat' dir='ltr'><strong>servat,</strong></span> <span class='ocrx_word' id='word_1_214' title='bbox 2534 1519 2629 1565; x_wconf 88' lang='lat' dir='ltr'><strong>aut</strong></span> <span class='ocrx_word' id='word_1_215' title='bbox 2669 1518 2840 1573; x_wconf 90' lang='lat' dir='ltr'><strong>certe,</strong></span> <span class='ocrx_word' id='word_1_216' title='bbox 2872 1509 2919 1564; x_wconf 92' lang='lat' dir='ltr'><strong>si</strong></span> <span class='ocrx_word' id='word_1_217' title='bbox 2950 1508 3283 1577; x_wconf 88' lang='lat' dir='ltr'><strong>investigare</strong></span> <span class='ocrx_word' id='word_1_218' title='bbox 3304 1505 3611 1576; x_wconf 88' lang='lat' dir='ltr'><strong>nequierit,</strong></span> <span class='ocrx_word' id='word_1_219' title='bbox 3636 1519 3665 1557; x_wconf 83' lang='lat' dir='ltr'><strong>a</strong></span> 
     </span>
    </p>
   </div>
   <div class='ocr_carea' id='block_1_31' title="bbox 2086 1597 3666 1678">
    <p class='ocr_par' dir='ltr' id='par_1_31' title="bbox 2086 1597 3666 1678">
     <span class='ocr_line' id='line_1_31' title="bbox 2086 1597 3666 1678; baseline -0.008 -16"><span class='ocrx_word' id='word_1_220' title='bbox 2086 1608 2355 1678; x_wconf 84' lang='lat' dir='ltr'><strong>magistro</strong></span> <span class='ocrx_word' id='word_1_221' title='bbox 2385 1605 2663 1675; x_wconf 90' lang='lat' dir='ltr'><strong>requirere</strong></span> <span class='ocrx_word' id='word_1_222' title='bbox 2696 1618 2805 1657; x_wconf 90' lang='lat' dir='ltr'><strong>non</strong></span> <span class='ocrx_word' id='word_1_223' title='bbox 2836 1600 3057 1671; x_wconf 80' lang='lat' dir='ltr'><strong>pigebit.</strong></span> <span class='ocrx_word' id='word_1_224' title='bbox 3095 1598 3201 1654; x_wconf 89' lang='lat' dir='ltr'><strong>Sed</strong></span> <span class='ocrx_word' id='word_1_225' title='bbox 3238 1615 3307 1654; x_wconf 84' lang='lat' dir='ltr'><strong>ne</strong></span> <span class='ocrx_word' id='word_1_226' title='bbox 3335 1613 3558 1652; x_wconf 91' lang='lat' dir='ltr'><strong>moram</strong></span> <span class='ocrx_word' id='word_1_227' title='bbox 3590 1597 3666 1650; x_wconf 89' lang='lat' dir='ltr'><strong>fa-</strong></span> 
     </span>
    </p>
   </div>
   <div class='ocr_carea' id='block_1_32' title="bbox 2085 1690 3665 1765">
    <p class='ocr_par' dir='ltr' id='par_1_32' title="bbox 2085 1690 3665 1765">
     <span class='ocr_line' id='line_1_32' title="bbox 2085 1690 3665 1765; baseline -0.007 -12"><span class='ocrx_word' id='word_1_228' title='bbox 2085 1700 2225 1753; x_wconf 91' lang='lat' dir='ltr'><strong>ciam</strong></span> <span class='ocrx_word' id='word_1_229' title='bbox 2256 1699 2311 1752; x_wconf 92' lang='lat' dir='ltr'><strong>in</strong></span> <span class='ocrx_word' id='word_1_230' title='bbox 2341 1696 2618 1753; x_wconf 89' lang='lat' dir='ltr'><strong>reddendo</strong></span> <span class='ocrx_word' id='word_1_231' title='bbox 2637 1710 2699 1750; x_wconf 91' lang='lat' dir='ltr'><strong>ea</strong></span> <span class='ocrx_word' id='word_1_232' title='bbox 2726 1708 2845 1765; x_wconf 70' lang='lat' dir='ltr'><strong>qua:</strong></span> <span class='ocrx_word' id='word_1_233' title='bbox 2876 1693 3056 1763; x_wconf 90' lang='lat' dir='ltr'><strong>poscis</strong></span> <span class='ocrx_word' id='word_1_234' title='bbox 3080 1707 3111 1745; x_wconf 90' lang='lat' dir='ltr'><strong>a</strong></span> <span class='ocrx_word' id='word_1_235' title='bbox 3139 1707 3245 1756; x_wconf 87' lang='lat' dir='ltr'><strong>me,</strong></span> <span class='ocrx_word' id='word_1_236' title='bbox 3272 1701 3519 1745; x_wconf 80' lang='lat' dir='ltr'><strong>retexam</strong></span> <span class='ocrx_word' id='word_1_237' title='bbox 3544 1690 3665 1743; x_wconf 85' lang='lat' dir='ltr'><strong>bre-</strong></span> 
     </span>
    </p>
   </div>
   <div class='ocr_carea' id='block_1_33' title="bbox 412 1780 3426 1874">
    <p class='ocr_par' dir='ltr' id='par_1_33' title="bbox 412 1780 3426 1874">
     <span class='ocr_line' id='line_1_33' title="bbox 412 1780 3426 1874; baseline -0.006 -19"><span class='ocrx_word' id='word_1_238' title='bbox 412 1807 686 1861; x_wconf 86' lang='lat' dir='ltr'><strong>mentibus</strong></span> <span class='ocrx_word' id='word_1_239' title='bbox 730 1806 867 1861; x_wconf 91' lang='lat' dir='ltr'><strong>meis</strong></span> <span class='ocrx_word' id='word_1_240' title='bbox 899 1807 1159 1859; x_wconf 87' lang='lat' dir='ltr'><strong>innovare</strong></span> <span class='ocrx_word' id='word_1_241' title='bbox 1188 1819 1309 1874; x_wconf 61' lang='lat' dir='ltr'><strong>quas</strong></span> <span class='ocrx_word' id='word_1_242' title='bbox 1351 1780 1569 1858; x_wconf 82' lang='lat' dir='ltr'><strong>dixerat</strong></span> <span class='ocrx_word' id='word_1_243' title='bbox 1604 1822 1617 1858; x_wconf 93' lang='lat'>:</span> <span class='ocrx_word' id='word_1_244' title='bbox 1664 1802 1980 1869; x_wconf 76' lang='lat' dir='ltr'><strong>Meministi,</strong></span> <span class='ocrx_word' id='word_1_245' title='bbox 2014 1780 2057 1834; x_wconf 79' lang='grc' dir='ltr'><strong>Β</strong></span> <span class='ocrx_word' id='word_1_246' title='bbox 2086 1794 2224 1848; x_wconf 89' lang='lat' dir='ltr'><strong>viter</strong></span> <span class='ocrx_word' id='word_1_247' title='bbox 2250 1806 2369 1861; x_wconf 66' lang='lat' dir='ltr'><strong>quae</strong></span> <span class='ocrx_word' id='word_1_248' title='bbox 2406 1790 2473 1845; x_wconf 91' lang='lat' dir='ltr'><strong>de</strong></span> <span class='ocrx_word' id='word_1_249' title='bbox 2510 1789 2755 1843; x_wconf 87' lang='lat' dir='ltr'><strong>veritatis</strong></span> <span class='ocrx_word' id='word_1_250' title='bbox 2783 1787 3100 1842; x_wconf 82' lang='lat' dir='ltr'><strong>definitione</strong></span> <span class='ocrx_word' id='word_1_251' title='bbox 3128 1784 3426 1839; x_wconf 89' lang='lat' dir='ltr'><strong>tradidisti.</strong></span> 
     </span>
    </p>
   </div>
   <div class='ocr_carea' id='block_1_34' title="bbox 410 1894 1983 1966">
    <p class='ocr_par' dir='ltr' id='par_1_34' title="bbox 410 1894 1983 1966">
     <span class='ocr_line' id='line_1_34' title="bbox 410 1894 1983 1966; baseline 0.001 -16"><span class='ocrx_word' id='word_1_252' title='bbox 410 1913 443 1950; x_wconf 94' lang='grc' dir='ltr'>ο</span> <span class='ocrx_word' id='word_1_253' title='bbox 472 1898 647 1951; x_wconf 90' lang='lat' dir='ltr'><strong>amice</strong></span> <span class='ocrx_word' id='word_1_254' title='bbox 692 1897 977 1957; x_wconf 82' lang='lat' dir='ltr'><strong>Clemens,</strong></span> <span class='ocrx_word' id='word_1_255' title='bbox 1010 1912 1132 1966; x_wconf 67' lang='lat' dir='ltr'><strong>qua:</strong></span> <span class='ocrx_word' id='word_1_256' title='bbox 1162 1896 1295 1949; x_wconf 89' lang='lat' dir='ltr'><strong>mihi</strong></span> <span class='ocrx_word' id='word_1_257' title='bbox 1328 1894 1491 1950; x_wconf 89' lang='lat' dir='ltr'><strong>fuerit</strong></span> <span class='ocrx_word' id='word_1_258' title='bbox 1533 1896 1599 1950; x_wconf 91' lang='lat' dir='ltr'><strong>de</strong></span> <span class='ocrx_word' id='word_1_259' title='bbox 1641 1905 1844 1951; x_wconf 69' lang='lat' dir='ltr'><strong>aeterno</strong></span> <span class='ocrx_word' id='word_1_260' title='bbox 1881 1912 1983 1951; x_wconf 70' lang='lat' dir='ltr'><strong>sae—</strong></span> 
     </span>
    </p>
   </div>
   <div class='ocr_carea' id='block_1_35' title="bbox 410 1986 1981 2059">
    <p class='ocr_par' dir='ltr' id='par_1_35' title="bbox 410 1986 1981 2059">
     <span class='ocr_line' id='line_1_35' title="bbox 410 1986 1981 2059; baseline -0.001 -17"><span class='ocrx_word' id='word_1_261' title='bbox 410 1990 633 2050; x_wconf 86' lang='lat' dir='ltr'><strong>culo,ac</strong></span> <span class='ocrx_word' id='word_1_262' title='bbox 669 1988 828 2042; x_wconf 89' lang='lat' dir='ltr'><strong>finem</strong></span> <span class='ocrx_word' id='word_1_263' title='bbox 860 1990 1451 2050; x_wconf 73' lang='lat' dir='ltr'><strong>nescientemarratio?</strong></span> <span class='ocrx_word' id='word_1_264' title='bbox 1473 1986 1609 2041; x_wconf 87' lang='lat' dir='ltr'><strong>Tum</strong></span> <span class='ocrx_word' id='word_1_265' title='bbox 1640 2004 1740 2059; x_wconf 88' lang='lat' dir='ltr'><strong>ego</strong></span> <span class='ocrx_word' id='word_1_266' title='bbox 1776 2005 1788 2038; x_wconf 92' lang='lat'>:</span> <span class='ocrx_word' id='word_1_267' title='bbox 1814 1988 1981 2051; x_wconf 87' lang='lat' dir='ltr'><strong>Nihil,</strong></span> 
     </span>
    </p>
   </div>
   <div class='ocr_carea' id='block_1_36' title="bbox 410 2078 1984 2151">
    <p class='ocr_par' dir='ltr' id='par_1_36' title="bbox 410 2078 1984 2151">
     <span class='ocr_line' id='line_1_36' title="bbox 410 2078 1984 2151; baseline -0.001 -17"><span class='ocrx_word' id='word_1_268' title='bbox 410 2080 654 2151; x_wconf 88' lang='lat' dir='ltr'><strong>inquam,</strong></span> <span class='ocrx_word' id='word_1_269' title='bbox 689 2096 722 2133; x_wconf 92' lang='grc' dir='ltr'><strong>ο</strong></span> <span class='ocrx_word' id='word_1_270' title='bbox 763 2078 941 2143; x_wconf 87' lang='lat' dir='ltr'><strong>Petre,</strong></span> <span class='ocrx_word' id='word_1_271' title='bbox 978 2080 1273 2150; x_wconf 89' lang='lat' dir='ltr'><strong>aliquando</strong></span> <span class='ocrx_word' id='word_1_272' title='bbox 1303 2080 1581 2147; x_wconf 86' lang='lat' dir='ltr'><strong>retinebo,</strong></span> <span class='ocrx_word' id='word_1_273' title='bbox 1611 2081 1655 2136; x_wconf 88' lang='lat' dir='ltr'><strong>si</strong></span> <span class='ocrx_word' id='word_1_274' title='bbox 1692 2081 1793 2135; x_wconf 82' lang='lat' dir='ltr'><strong>hoc</strong></span> <span class='ocrx_word' id='word_1_275' title='bbox 1824 2081 1984 2134; x_wconf 88' lang='lat' dir='ltr'><strong>omit-</strong></span> 
     </span>
    </p>
   </div>
   <div class='ocr_carea' id='block_1_37' title="bbox 409 2171 1208 2241">
    <p class='ocr_par' dir='ltr' id='par_1_37' title="bbox 409 2171 1208 2241">
     <span class='ocr_line' id='line_1_37' title="bbox 409 2171 1208 2241; baseline 0.003 -17"><span class='ocrx_word' id='word_1_276' title='bbox 409 2179 524 2227; x_wconf 86' lang='lat' dir='ltr'><strong>tere</strong></span> <span class='ocrx_word' id='word_1_277' title='bbox 554 2178 647 2223; x_wconf 88' lang='lat' dir='ltr'><strong>aut</strong></span> <span class='ocrx_word' id='word_1_278' title='bbox 676 2171 925 2225; x_wconf 87' lang='lat' dir='ltr'><strong>oblivisci</strong></span> <span class='ocrx_word' id='word_1_279' title='bbox 960 2179 1208 2241; x_wconf 89' lang='lat' dir='ltr'><strong>potuero.</strong></span> 
     </span>
    </p>
   </div>
   <div class='ocr_carea' id='block_1_38' title="bbox 478 2261 1985 2333">
    <p class='ocr_par' dir='ltr' id='par_1_38' title="bbox 478 2261 1985 2333">
     <span class='ocr_line' id='line_1_38' title="bbox 478 2261 1985 2333; baseline 0.001 -18"><span class='ocrx_word' id='word_1_280' title='bbox 478 2261 670 2317; x_wconf 77' lang='lat' dir='ltr'>XXIII.</span> <span class='ocrx_word' id='word_1_281' title='bbox 704 2262 771 2315; x_wconf 86' lang='lat' dir='ltr'><strong>Et</strong></span> <span class='ocrx_word' id='word_1_282' title='bbox 800 2261 995 2317; x_wconf 89' lang='lat' dir='ltr'><strong>Petrus</strong></span> <span class='ocrx_word' id='word_1_283' title='bbox 1040 2264 1275 2317; x_wconf 84' lang='lat' dir='ltr'><strong>libenter</strong></span> <span class='ocrx_word' id='word_1_284' title='bbox 1311 2263 1421 2317; x_wconf 78' lang='lat' dir='ltr'><strong>hac</strong></span> <span class='ocrx_word' id='word_1_285' title='bbox 1460 2277 1579 2317; x_wconf 92' lang='lat' dir='ltr'><strong>mea</strong></span> <span class='ocrx_word' id='word_1_286' title='bbox 1624 2262 1985 2333; x_wconf 81' lang='lat' dir='ltr'><strong>responsione</strong></span> 
     </span>
    </p>
   </div>
   <div class='ocr_carea' id='block_1_39' title="bbox 409 2352 1983 2425">
    <p class='ocr_par' dir='ltr' id='par_1_39' title="bbox 409 2352 1983 2425">
     <span class='ocr_line' id='line_1_39' title="bbox 409 2352 1983 2425; baseline -0.001 -17"><span class='ocrx_word' id='word_1_287' title='bbox 409 2363 698 2423; x_wconf 88' lang='lat' dir='ltr'><strong>suscepta:</strong></span> <span class='ocrx_word' id='word_1_288' title='bbox 732 2352 991 2408; x_wconf 87' lang='lat' dir='ltr'><strong>Gratulor</strong></span> <span class='ocrx_word' id='word_1_289' title='bbox 1019 2355 1136 2418; x_wconf 91' lang='lat' dir='ltr'><strong>tibi,</strong></span> <span class='ocrx_word' id='word_1_290' title='bbox 1174 2355 1369 2423; x_wconf 88' lang='lat' dir='ltr'><strong>inquit,</strong></span> <span class='ocrx_word' id='word_1_291' title='bbox 1404 2354 1550 2423; x_wconf 90' lang='lat' dir='ltr'><strong>quod</strong></span> <span class='ocrx_word' id='word_1_292' title='bbox 1582 2355 1655 2407; x_wconf 90' lang='lat' dir='ltr'><strong>ita</strong></span> <span class='ocrx_word' id='word_1_293' title='bbox 1687 2354 1983 2425; x_wconf 89' lang='lat' dir='ltr'><strong>responde—</strong></span> 
     </span>
    </p>
   </div>
   <div class='ocr_carea' id='block_1_40' title="bbox 409 2445 1985 2515">
    <p class='ocr_par' dir='ltr' id='par_1_40' title="bbox 409 2445 1985 2515">
     <span class='ocr_line' id='line_1_40' title="bbox 409 2445 1985 2515; baseline 0.002 -17"><span class='ocrx_word' id='word_1_294' title='bbox 409 2445 509 2507; x_wconf 86' lang='lat' dir='ltr'><strong>ris,</strong></span> <span class='ocrx_word' id='word_1_295' title='bbox 532 2453 587 2499; x_wconf 90' lang='lat' dir='ltr'><strong>et</strong></span> <span class='ocrx_word' id='word_1_296' title='bbox 616 2461 724 2499; x_wconf 91' lang='lat' dir='ltr'><strong>non</strong></span> <span class='ocrx_word' id='word_1_297' title='bbox 749 2445 896 2515; x_wconf 92' lang='lat' dir='ltr'><strong>quod</strong></span> <span class='ocrx_word' id='word_1_298' title='bbox 918 2445 1033 2500; x_wconf 65' lang='lat' dir='ltr'><strong>hinc</strong></span> <span class='ocrx_word' id='word_1_299' title='bbox 1066 2446 1182 2515; x_wconf 89' lang='lat' dir='ltr'><strong>ipsa</strong></span> <span class='ocrx_word' id='word_1_300' title='bbox 1216 2445 1374 2501; x_wconf 82' lang='lat' dir='ltr'><strong>facile</strong></span> <span class='ocrx_word' id='word_1_301' title='bbox 1401 2446 1553 2502; x_wconf 85' lang='lat' dir='ltr'><strong>dicas</strong></span> <span class='ocrx_word' id='word_1_302' title='bbox 1574 2448 1640 2508; x_wconf 86' lang='grc'>⁷³,</span> <span class='ocrx_word' id='word_1_303' title='bbox 1676 2447 1770 2501; x_wconf 89' lang='lat' dir='ltr'><strong>sed</strong></span> <span class='ocrx_word' id='word_1_304' title='bbox 1798 2454 1849 2501; x_wconf 89' lang='lat' dir='ltr'><strong>te</strong></span> <span class='ocrx_word' id='word_1_305' title='bbox 1878 2462 1985 2501; x_wconf 86' lang='lat' dir='ltr'><strong>me-</strong></span> 
     </span>
    </p>
   </div>
   <div class='ocr_carea' id='block_1_41' title="bbox 408 2536 1983 2607">
    <p class='ocr_par' dir='ltr' id='par_1_41' title="bbox 408 2536 1983 2607">
     <span class='ocr_line' id='line_1_41' title="bbox 408 2536 1983 2607; baseline 0 -16"><span class='ocrx_word' id='word_1_306' title='bbox 408 2536 637 2591; x_wconf 89' lang='lat' dir='ltr'><strong>minisse</strong></span> <span class='ocrx_word' id='word_1_307' title='bbox 664 2537 993 2605; x_wconf 87' lang='lat' dir='ltr'><strong>protuleris;</strong></span> <span class='ocrx_word' id='word_1_308' title='bbox 1024 2553 1145 2607; x_wconf 67' lang='lat' dir='ltr'><strong>quae</strong></span> <span class='ocrx_word' id='word_1_309' title='bbox 1175 2538 1319 2591; x_wconf 90' lang='lat' dir='ltr'><strong>enim</strong></span> <span class='ocrx_word' id='word_1_310' title='bbox 1350 2554 1564 2591; x_wconf 89' lang='lat' dir='ltr'><strong>summa</strong></span> <span class='ocrx_word' id='word_1_311' title='bbox 1589 2548 1736 2605; x_wconf 90' lang='lat' dir='ltr'><strong>sunt,</strong></span> <span class='ocrx_word' id='word_1_312' title='bbox 1762 2538 1983 2593; x_wconf 90' lang='lat' dir='ltr'><strong>silentio</strong></span> 
     </span>
    </p>
   </div>
   <div class='ocr_carea' id='block_1_42' title="bbox 408 2626 1984 2696">
    <p class='ocr_par' dir='ltr' id='par_1_42' title="bbox 408 2626 1984 2696">
     <span class='ocr_line' id='line_1_42' title="bbox 408 2626 1984 2696; baseline 0.002 -16"><span class='ocrx_word' id='word_1_313' title='bbox 408 2626 669 2680; x_wconf 81' lang='lat' dir='ltr'><strong>honorari</strong></span> <span class='ocrx_word' id='word_1_314' title='bbox 707 2627 918 2681; x_wconf 88' lang='lat' dir='ltr'><strong>volunt.</strong></span> <span class='ocrx_word' id='word_1_315' title='bbox 974 2626 1057 2681; x_wconf 85' lang='lat' dir='ltr'><strong>Ad</strong></span> <span class='ocrx_word' id='word_1_316' title='bbox 1089 2626 1248 2681; x_wconf 84' lang='lat' dir='ltr'><strong>fidem</strong></span> <span class='ocrx_word' id='word_1_317' title='bbox 1294 2634 1478 2683; x_wconf 87' lang='lat' dir='ltr'><strong>tamen</strong></span> <span class='ocrx_word' id='word_1_318' title='bbox 1514 2644 1733 2691; x_wconf 87' lang='lat' dir='ltr'><strong>eorum,</strong></span> <span class='ocrx_word' id='word_1_319' title='bbox 1764 2644 1885 2696; x_wconf 65' lang='lat' dir='ltr'><strong>quae</strong></span> <span class='ocrx_word' id='word_1_320' title='bbox 1916 2628 1984 2683; x_wconf 88' lang='lat' dir='ltr'><strong>de</strong></span> 
     </span>
    </p>
   </div>
   <div class='ocr_carea' id='block_1_43' title="bbox 407 2716 1983 2790">
    <p class='ocr_par' dir='ltr' id='par_1_43' title="bbox 407 2716 1983 2790">
     <span class='ocr_line' id='line_1_43' title="bbox 407 2716 1983 2790; baseline 0.002 -18"><span class='ocrx_word' id='word_1_321' title='bbox 407 2716 778 2773; x_wconf 80' lang='lat' dir='ltr'><strong>inell‘abilibus</strong></span> <span class='ocrx_word' id='word_1_322' title='bbox 800 2718 1121 2785; x_wconf 87' lang='lat' dir='ltr'><strong>meministi,</strong></span> <span class='ocrx_word' id='word_1_323' title='bbox 1139 2719 1225 2773; x_wconf 92' lang='lat' dir='ltr'><strong>dic</strong></span> <span class='ocrx_word' id='word_1_324' title='bbox 1250 2735 1372 2788; x_wconf 72' lang='lat' dir='ltr'><strong>qua:</strong></span> <span class='ocrx_word' id='word_1_325' title='bbox 1402 2721 1605 2774; x_wconf 88' lang='lat' dir='ltr'><strong>retines</strong></span> <span class='ocrx_word' id='word_1_326' title='bbox 1634 2736 1695 2773; x_wconf 86' lang='lat' dir='ltr'><strong>ex</strong></span> <span class='ocrx_word' id='word_1_327' title='bbox 1730 2720 1836 2785; x_wconf 89' lang='lat' dir='ltr'><strong>his,</strong></span> <span class='ocrx_word' id='word_1_328' title='bbox 1861 2736 1983 2790; x_wconf 64' lang='lat' dir='ltr'><strong>quae</strong></span> 
     </span>
    </p>
   </div>
   <div class='ocr_carea' id='block_1_44' title="bbox 406 2810 1979 2883">
    <p class='ocr_par' dir='ltr' id='par_1_44' title="bbox 406 2810 1979 2883">
     <span class='ocr_line' id='line_1_44' title="bbox 406 2810 1979 2883; baseline 0.001 -17"><span class='ocrx_word' id='word_1_329' title='bbox 406 2810 463 2866; x_wconf 93' lang='lat' dir='ltr'><strong>In</strong></span> <span class='ocrx_word' id='word_1_330' title='bbox 492 2812 614 2865; x_wconf 92' lang='lat' dir='ltr'><strong>loco</strong></span> <span class='ocrx_word' id='word_1_331' title='bbox 647 2811 889 2866; x_wconf 91' lang='lat' dir='ltr'><strong>secundo</strong></span> <span class='ocrx_word' id='word_1_332' title='bbox 938 2826 970 2865; x_wconf 89' lang='lat' dir='ltr'><strong>a</strong></span> <span class='ocrx_word' id='word_1_333' title='bbox 1011 2812 1172 2867; x_wconf 90' lang='lat' dir='ltr'><strong>nobis</strong></span> <span class='ocrx_word' id='word_1_334' title='bbox 1212 2811 1356 2866; x_wconf 88' lang='lat' dir='ltr'><strong>dicta</strong></span> <span class='ocrx_word' id='word_1_335' title='bbox 1406 2821 1553 2875; x_wconf 91' lang='lat' dir='ltr'><strong>sunt,</strong></span> <span class='ocrx_word' id='word_1_336' title='bbox 1598 2829 1717 2883; x_wconf 72' lang='lat' dir='ltr'><strong>qua:</strong></span> <span class='ocrx_word' id='word_1_337' title='bbox 1749 2812 1979 2883; x_wconf 85' lang='lat' dir='ltr'><strong>proferri</strong></span> 
     </span>
    </p>
   </div>
   <div class='ocr_carea' id='block_1_45' title="bbox 409 2901 1983 2974">
    <p class='ocr_par' dir='ltr' id='par_1_45' title="bbox 409 2901 1983 2974">
     <span class='ocr_line' id='line_1_45' title="bbox 409 2901 1983 2974; baseline 0.003 -19"><span class='ocrx_word' id='word_1_338' title='bbox 409 2901 569 2957; x_wconf 83' lang='lat' dir='ltr'><strong>facile</strong></span> <span class='ocrx_word' id='word_1_339' title='bbox 610 2910 847 2973; x_wconf 90' lang='lat' dir='ltr'><strong>queunt,</strong></span> <span class='ocrx_word' id='word_1_340' title='bbox 895 2910 953 2957; x_wconf 94' lang='lat' dir='ltr'><strong>ut</strong></span> <span class='ocrx_word' id='word_1_341' title='bbox 1000 2904 1289 2974; x_wconf 85' lang='lat' dir='ltr'><strong>pervidens</strong></span> <span class='ocrx_word' id='word_1_342' title='bbox 1322 2907 1670 2959; x_wconf 85' lang='lat' dir='ltr'><strong>tenacitatem</strong></span> <span class='ocrx_word' id='word_1_343' title='bbox 1704 2906 1983 2960; x_wconf 67' lang='lat' dir='ltr'><strong>memoria:</strong></span> 
     </span>
    </p>
   </div>
   <div class='ocr_carea' id='block_1_46' title="bbox 410 2992 1983 3063">
    <p class='ocr_par' dir='ltr' id='par_1_46' title="bbox 410 2992 1983 3063">
     <span class='ocr_line' id='line_1_46' title="bbox 410 2992 1983 3063; baseline 0.004 -18"><span class='ocrx_word' id='word_1_344' title='bbox 410 2999 538 3055; x_wconf 66' lang='lat' dir='ltr'><strong>tum,</strong></span> <span class='ocrx_word' id='word_1_345' title='bbox 570 2992 635 3047; x_wconf 91' lang='lat' dir='ltr'><strong>de</strong></span> <span class='ocrx_word' id='word_1_346' title='bbox 658 2992 860 3062; x_wconf 86' lang='lat' dir='ltr'><strong>quibus</strong></span> <span class='ocrx_word' id='word_1_347' title='bbox 890 2993 1036 3057; x_wconf 91' lang='lat' dir='ltr'><strong>volo,</strong></span> <span class='ocrx_word' id='word_1_348' title='bbox 1065 3001 1373 3063; x_wconf 87' lang='lat' dir='ltr'><strong>prompth</strong></span> <span class='ocrx_word' id='word_1_349' title='bbox 1404 2995 1502 3049; x_wconf 89' lang='lat' dir='ltr'><strong>tibi</strong></span> <span class='ocrx_word' id='word_1_350' title='bbox 1534 2995 1792 3061; x_wconf 88' lang='lat' dir='ltr'><strong>iudicem,</strong></span> <span class='ocrx_word' id='word_1_351' title='bbox 1832 3005 1884 3050; x_wconf 91' lang='lat' dir='ltr'><strong>et</strong></span> <span class='ocrx_word' id='word_1_352' title='bbox 1918 2997 1983 3051; x_wconf 89' lang='lat' dir='ltr'><strong>li-</strong></span> 
     </span>
    </p>
   </div>
   <div class='ocr_carea' id='block_1_47' title="bbox 408 3080 1979 3155">
    <p class='ocr_par' dir='ltr' id='par_1_47' title="bbox 408 3080 1979 3155">
     <span class='ocr_line' id='line_1_47' title="bbox 408 3080 1979 3155; baseline 0.003 -17"><span class='ocrx_word' id='word_1_353' title='bbox 408 3084 599 3138; x_wconf 90' lang='lat' dir='ltr'><strong>benter</strong></span> <span class='ocrx_word' id='word_1_354' title='bbox 620 3086 877 3153; x_wconf 89' lang='lat' dir='ltr'><strong>aperiam.</strong></span> <span class='ocrx_word' id='word_1_355' title='bbox 901 3080 1038 3138; x_wconf 92' lang='lat' dir='ltr'><strong>Tum</strong></span> <span class='ocrx_word' id='word_1_356' title='bbox 1053 3099 1173 3155; x_wconf 86' lang='lat' dir='ltr'><strong>ego,</strong></span> <span class='ocrx_word' id='word_1_357' title='bbox 1194 3085 1286 3140; x_wconf 93' lang='lat' dir='ltr'><strong>ubi</strong></span> <span class='ocrx_word' id='word_1_358' title='bbox 1307 3086 1512 3141; x_wconf 87' lang='lat' dir='ltr'><strong>adverti</strong></span> <span class='ocrx_word' id='word_1_359' title='bbox 1532 3102 1653 3140; x_wconf 90' lang='lat' dir='ltr'><strong>eum</strong></span> <span class='ocrx_word' id='word_1_360' title='bbox 1673 3088 1979 3143; x_wconf 89' lang='lat' dir='ltr'><strong>auditorum</strong></span> 
     </span>
    </p>
   </div>
   <div class='ocr_carea' id='block_1_48' title="bbox 407 3175 1978 3246">
    <p class='ocr_par' dir='ltr' id='par_1_48' title="bbox 407 3175 1978 3246">
     <span class='ocr_line' id='line_1_48' title="bbox 407 3175 1978 3246; baseline 0.003 -17"><span class='ocrx_word' id='word_1_361' title='bbox 407 3176 668 3231; x_wconf 90' lang='lat' dir='ltr'><strong>memoria</strong></span> <span class='ocrx_word' id='word_1_362' title='bbox 697 3176 952 3246; x_wconf 86' lang='lat' dir='ltr'><strong>gaudere,</strong></span> <span class='ocrx_word' id='word_1_363' title='bbox 986 3175 1104 3230; x_wconf 84' lang='lat' dir='ltr'><strong>Non</strong></span> <span class='ocrx_word' id='word_1_364' title='bbox 1137 3178 1335 3241; x_wconf 87' lang='lat' dir='ltr'><strong>solum,</strong></span> <span class='ocrx_word' id='word_1_365' title='bbox 1366 3178 1609 3246; x_wconf 84' lang='lat' dir='ltr'><strong>inquam,</strong></span> <span class='ocrx_word' id='word_1_366' title='bbox 1646 3179 1978 3235; x_wconf 83' lang='lat' dir='ltr'><strong>definitionis</strong></span> 
     </span>
    </p>
   </div>
   <div class='ocr_carea' id='block_1_49' title="bbox 408 3268 1979 3342">
    <p class='ocr_par' dir='ltr' id='par_1_49' title="bbox 408 3268 1979 3342">
     <span class='ocr_line' id='line_1_49' title="bbox 408 3268 1979 3342; baseline 0.006 -24"><span class='ocrx_word' id='word_1_367' title='bbox 408 3274 513 3318; x_wconf 69' lang='lat' dir='ltr'><strong>tua:</strong></span> <span class='ocrx_word' id='word_1_368' title='bbox 552 3280 761 3319; x_wconf 90' lang='lat' dir='ltr'><strong>memor</strong></span> <span class='ocrx_word' id='word_1_369' title='bbox 800 3281 953 3333; x_wconf 89' lang='lat' dir='ltr'><strong>sum,</strong></span> <span class='ocrx_word' id='word_1_370' title='bbox 986 3268 1081 3320; x_wconf 89' lang='lat' dir='ltr'><strong>sed</strong></span> <span class='ocrx_word' id='word_1_371' title='bbox 1119 3274 1174 3322; x_wconf 90' lang='lat' dir='ltr'><strong>et</strong></span> <span class='ocrx_word' id='word_1_372' title='bbox 1221 3268 1598 3336; x_wconf 75' lang='lat' dir='ltr'><strong>praetiuitionis</strong></span> <span class='ocrx_word' id='word_1_373' title='bbox 1642 3270 1810 3333; x_wconf 91' lang='lat' dir='ltr'><strong>illius,</strong></span> <span class='ocrx_word' id='word_1_374' title='bbox 1858 3288 1979 3342; x_wconf 76' lang='lat' dir='ltr'><strong>qua:</strong></span> 
     </span>
    </p>
   </div>
   <div class='ocr_carea' id='block_1_50' title="bbox 409 3350 1977 3428">
    <p class='ocr_par' dir='ltr' id='par_1_50' title="bbox 409 3350 1977 3428">
     <span class='ocr_line' id='line_1_50' title="bbox 409 3350 1977 3428; baseline 0.008 -28"><span class='ocrx_word' id='word_1_375' title='bbox 409 3356 535 3403; x_wconf 89' lang='lat' dir='ltr'><strong>ante</strong></span> <span class='ocrx_word' id='word_1_376' title='bbox 563 3350 929 3405; x_wconf 83' lang='lat' dir='ltr'><strong>definitionem</strong></span> <span class='ocrx_word' id='word_1_377' title='bbox 963 3354 1138 3422; x_wconf 84' lang='lat' dir='ltr'><strong>posita</strong></span> <span class='ocrx_word' id='word_1_378' title='bbox 1180 3363 1283 3417; x_wconf 91' lang='lat' dir='ltr'><strong>est,</strong></span> <span class='ocrx_word' id='word_1_379' title='bbox 1308 3361 1361 3409; x_wconf 87' lang='lat' dir='ltr'><strong>et</strong></span> <span class='ocrx_word' id='word_1_380' title='bbox 1399 3356 1641 3409; x_wconf 90' lang='lat' dir='ltr'><strong>omnium</strong></span> <span class='ocrx_word' id='word_1_381' title='bbox 1687 3374 1824 3427; x_wconf 91' lang='lat' dir='ltr'><strong>pene</strong></span> <span class='ocrx_word' id='word_1_382' title='bbox 1856 3375 1977 3428; x_wconf 72' lang='lat' dir='ltr'><strong>quai</strong></span> 
     </span>
    </p>
   </div>
   <div class='ocr_carea' id='block_1_51' title="bbox 407 3439 1974 3512">
    <p class='ocr_par' dir='ltr' id='par_1_51' title="bbox 407 3439 1974 3512">
     <span class='ocr_line' id='line_1_51' title="bbox 407 3439 1974 3512; baseline 0.007 -22"><span class='ocrx_word' id='word_1_383' title='bbox 407 3439 734 3508; x_wconf 79' lang='lat' dir='ltr'><strong>exposuisti,</strong></span> <span class='ocrx_word' id='word_1_384' title='bbox 764 3455 987 3494; x_wconf 90' lang='lat' dir='ltr'><strong>sensum</strong></span> <span class='ocrx_word' id='word_1_385' title='bbox 1036 3442 1307 3512; x_wconf 81' lang='lat' dir='ltr'><strong>integrum</strong></span> <span class='ocrx_word' id='word_1_386' title='bbox 1340 3460 1531 3511; x_wconf 85' lang='lat' dir='ltr'><strong>servo,</strong></span> <span class='ocrx_word' id='word_1_387' title='bbox 1564 3446 1781 3503; x_wconf 86' lang='lat' dir='ltr'><strong>etiamsi</strong></span> <span class='ocrx_word' id='word_1_388' title='bbox 1811 3450 1974 3504; x_wconf 86' lang='lat' dir='ltr'><strong>verba</strong></span> 
     </span>
    </p>
   </div>
   <div class='ocr_carea' id='block_1_52' title="bbox 2156 1876 3664 1949">
    <p class='ocr_par' dir='ltr' id='par_1_52' title="bbox 2156 1876 3664 1949">
     <span class='ocr_line' id='line_1_52' title="bbox 2156 1876 3664 1949; baseline -0.006 -12"><span class='ocrx_word' id='word_1_389' title='bbox 2156 1880 2345 1937; x_wconf 81' lang='lat' dir='ltr'><strong>XXIV.</strong></span> <span class='ocrx_word' id='word_1_390' title='bbox 2394 1879 2525 1934; x_wconf 85' lang='lat' dir='ltr'><strong>Erat</strong></span> <span class='ocrx_word' id='word_1_391' title='bbox 2556 1893 2797 1949; x_wconf 87' lang='lat' dir='ltr'><strong>semper,</strong></span> <span class='ocrx_word' id='word_1_392' title='bbox 2829 1886 2882 1933; x_wconf 88' lang='lat' dir='ltr'><strong>et</strong></span> <span class='ocrx_word' id='word_1_393' title='bbox 2916 1886 3023 1945; x_wconf 90' lang='lat' dir='ltr'><strong>est,</strong></span> <span class='ocrx_word' id='word_1_394' title='bbox 3069 1885 3124 1932; x_wconf 92' lang='lat' dir='ltr'><strong>et</strong></span> <span class='ocrx_word' id='word_1_395' title='bbox 3168 1876 3275 1931; x_wconf 89' lang='lat' dir='ltr'><strong>erit</strong></span> <span class='ocrx_word' id='word_1_396' title='bbox 3318 1876 3460 1930; x_wconf 89' lang='lat' dir='ltr'><strong>illud</strong></span> <span class='ocrx_word' id='word_1_397' title='bbox 3493 1891 3525 1929; x_wconf 90' lang='lat' dir='ltr'><strong>a</strong></span> <span class='ocrx_word' id='word_1_398' title='bbox 3556 1890 3664 1947; x_wconf 89' lang='lat' dir='ltr'><strong>quo</strong></span> 
     </span>
    </p>
   </div>
   <div class='ocr_carea' id='block_1_53' title="bbox 2083 1968 3665 2044">
    <p class='ocr_par' dir='ltr' id='par_1_53' title="bbox 2083 1968 3665 2044">
     <span class='ocr_line' id='line_1_53' title="bbox 2083 1968 3665 2044; baseline -0.004 -17"><span class='ocrx_word' id='word_1_399' title='bbox 2083 1972 2259 2044; x_wconf 90' lang='lat' dir='ltr'><strong>prima</strong></span> <span class='ocrx_word' id='word_1_400' title='bbox 2284 1971 2537 2025; x_wconf 85' lang='lat' dir='ltr'><strong>voluntas</strong></span> <span class='ocrx_word' id='word_1_401' title='bbox 2566 1969 2747 2040; x_wconf 87' lang='lat' dir='ltr'><strong>genita</strong></span> <span class='ocrx_word' id='word_1_402' title='bbox 2786 1968 3219 2037; x_wconf 90' lang='lat' dir='ltr'><strong>sempiternitate</strong></span> <span class='ocrx_word' id='word_1_403' title='bbox 3247 1975 3490 2034; x_wconf 86' lang='lat' dir='ltr'><strong>constat,</strong></span> <span class='ocrx_word' id='word_1_404' title='bbox 3518 1975 3573 2022; x_wconf 90' lang='lat' dir='ltr'><strong>et</strong></span> <span class='ocrx_word' id='word_1_405' title='bbox 3601 1982 3665 2021; x_wconf 90' lang='lat' dir='ltr'><strong>ex</strong></span> 
     </span>
    </p>
   </div>
   <div class='ocr_carea' id='block_1_54' title="bbox 2083 2056 3662 2136">
    <p class='ocr_par' dir='ltr' id='par_1_54' title="bbox 2083 2056 3662 2136">
     <span class='ocr_line' id='line_1_54' title="bbox 2083 2056 3662 2136; baseline -0.004 -17"><span class='ocrx_word' id='word_1_406' title='bbox 2083 2066 2261 2136; x_wconf 91' lang='lat' dir='ltr'><strong>prima</strong></span> <span class='ocrx_word' id='word_1_407' title='bbox 2311 2065 2590 2117; x_wconf 89' lang='lat' dir='ltr'><strong>voluntate</strong></span> <span class='ocrx_word' id='word_1_408' title='bbox 2641 2063 2837 2115; x_wconf 87' lang='lat' dir='ltr'><strong>iterum</strong></span> <span class='ocrx_word' id='word_1_409' title='bbox 2891 2061 3144 2114; x_wconf 86' lang='lat' dir='ltr'><strong>voluntas</strong></span> <span class='ocrx_word' id='word_1_410' title='bbox 3177 2058 3310 2130; x_wconf 84' lang='lat' dir='ltr'><strong>(I7).</strong></span> <span class='ocrx_word' id='word_1_411' title='bbox 3356 2056 3501 2113; x_wconf 89' lang='lat' dir='ltr'><strong>Post</strong></span> <span class='ocrx_word' id='word_1_412' title='bbox 3552 2059 3662 2112; x_wconf 62' lang='lat' dir='ltr'><strong>haec</strong></span> 
     </span>
    </p>
   </div>
   <div class='ocr_carea' id='block_1_55' title="bbox 2084 2150 3664 2221">
    <p class='ocr_par' dir='ltr' id='par_1_55' title="bbox 2084 2150 3664 2221">
     <span class='ocr_line' id='line_1_55' title="bbox 2084 2150 3664 2221; baseline -0.006 -10"><span class='ocrx_word' id='word_1_413' title='bbox 2084 2158 2344 2219; x_wconf 88' lang='lat' dir='ltr'><strong>mundus,</strong></span> <span class='ocrx_word' id='word_1_414' title='bbox 2378 2172 2443 2210; x_wconf 83' lang='lat' dir='ltr'><strong>ex</strong></span> <span class='ocrx_word' id='word_1_415' title='bbox 2476 2154 2679 2208; x_wconf 89' lang='lat' dir='ltr'><strong>mundo</strong></span> <span class='ocrx_word' id='word_1_416' title='bbox 2709 2160 2943 2221; x_wconf 89' lang='lat' dir='ltr'><strong>tempus,</strong></span> <span class='ocrx_word' id='word_1_417' title='bbox 2979 2167 3043 2204; x_wconf 81' lang='lat' dir='ltr'><strong>ex</strong></span> <span class='ocrx_word' id='word_1_418' title='bbox 3072 2152 3175 2204; x_wconf 81' lang='lat' dir='ltr'><strong>hoc</strong></span> <span class='ocrx_word' id='word_1_419' title='bbox 3210 2150 3501 2203; x_wconf 88' lang='lat' dir='ltr'><strong>hominum</strong></span> <span class='ocrx_word' id='word_1_420' title='bbox 3526 2151 3664 2203; x_wconf 91' lang='lat' dir='ltr'><strong>mul-</strong></span> 
     </span>
    </p>
   </div>
   <div class='ocr_carea' id='block_1_56' title="bbox 2083 2245 3661 2313">
    <p class='ocr_par' dir='ltr' id='par_1_56' title="bbox 2083 2245 3661 2313">
     <span class='ocr_line' id='line_1_56' title="bbox 2083 2245 3661 2313; baseline -0.007 -7"><span class='ocrx_word' id='word_1_421' title='bbox 2083 2251 2282 2313; x_wconf 91' lang='lat' dir='ltr'><strong>titudo,</strong></span> <span class='ocrx_word' id='word_1_422' title='bbox 2302 2267 2367 2305; x_wconf 85' lang='lat' dir='ltr'><strong>ex</strong></span> <span class='ocrx_word' id='word_1_423' title='bbox 2395 2247 2740 2303; x_wconf 85' lang='lat' dir='ltr'><strong>multitudine</strong></span> <span class='ocrx_word' id='word_1_424' title='bbox 2761 2246 2954 2302; x_wconf 90' lang='lat' dir='ltr'><strong>electio</strong></span> <span class='ocrx_word' id='word_1_425' title='bbox 2982 2245 3302 2307; x_wconf 91' lang='lat' dir='ltr'><strong>amicorum,</strong></span> <span class='ocrx_word' id='word_1_426' title='bbox 3332 2258 3402 2297; x_wconf 87' lang='lat' dir='ltr'><strong>ex</strong></span> <span class='ocrx_word' id='word_1_427' title='bbox 3427 2258 3661 2313; x_wconf 90' lang='lat' dir='ltr'><strong>quorum</strong></span> 
     </span>
    </p>
   </div>
   <div class='ocr_carea' id='block_1_57' title="bbox 2085 2334 3663 2411">
    <p class='ocr_par' dir='ltr' id='par_1_57' title="bbox 2085 2334 3663 2411">
     <span class='ocr_line' id='line_1_57' title="bbox 2085 2334 3663 2411; baseline -0.008 -12"><span class='ocrx_word' id='word_1_428' title='bbox 2085 2343 2446 2399; x_wconf 87' lang='lat' dir='ltr'><strong>unanimitate</strong></span> <span class='ocrx_word' id='word_1_429' title='bbox 2471 2340 2756 2411; x_wconf 83' lang='lat' dir='ltr'><strong>paciﬁcum</strong></span> <span class='ocrx_word' id='word_1_430' title='bbox 2780 2335 3121 2394; x_wconf 88' lang='lat' dir='ltr'><strong>construitur</strong></span> <span class='ocrx_word' id='word_1_431' title='bbox 3156 2335 3248 2389; x_wconf 91' lang='lat' dir='ltr'><strong>Dei</strong></span> <span class='ocrx_word' id='word_1_432' title='bbox 3277 2350 3532 2404; x_wconf 85' lang='lat' dir='ltr'><strong>regnum.</strong></span> <span class='ocrx_word' id='word_1_433' title='bbox 3563 2334 3663 2387; x_wconf 78' lang='lat' dir='ltr'><strong>Re-</strong></span> 
     </span>
    </p>
   </div>
   <div class='ocr_carea' id='block_1_58' title="bbox 2085 2426 3662 2506">
    <p class='ocr_par' dir='ltr' id='par_1_58' title="bbox 2085 2426 3662 2506">
     <span class='ocr_line' id='line_1_58' title="bbox 2085 2426 3662 2506; baseline -0.007 -17"><span class='ocrx_word' id='word_1_434' title='bbox 2085 2437 2233 2506; x_wconf 89' lang='lat' dir='ltr'><strong>liqua</strong></span> <span class='ocrx_word' id='word_1_435' title='bbox 2264 2448 2426 2497; x_wconf 86' lang='lat' dir='ltr'><strong>vero,</strong></span> <span class='ocrx_word' id='word_1_436' title='bbox 2460 2447 2579 2501; x_wconf 71' lang='lat' dir='ltr'><strong>qua:</strong></span> <span class='ocrx_word' id='word_1_437' title='bbox 2619 2431 2732 2485; x_wconf 71' lang='lat' dir='ltr'><strong>banc</strong></span> <span class='ocrx_word' id='word_1_438' title='bbox 2770 2428 3030 2499; x_wconf 87' lang='lat' dir='ltr'><strong>consequi</strong></span> <span class='ocrx_word' id='word_1_439' title='bbox 3084 2428 3384 2487; x_wconf 87' lang='lat' dir='ltr'><strong>deberent,</strong></span> <span class='ocrx_word' id='word_1_440' title='bbox 3428 2426 3569 2479; x_wconf 91' lang='lat' dir='ltr'><strong>alias</strong></span> <span class='ocrx_word' id='word_1_441' title='bbox 3612 2434 3662 2478; x_wconf 88' lang='lat' dir='ltr'><strong>te</strong></span> 
     </span>
    </p>
   </div>
   <div class='ocr_carea' id='block_1_59' title="bbox 2083 2513 3661 2593">
    <p class='ocr_par' dir='ltr' id='par_1_59' title="bbox 2083 2513 3661 2593">
     <span class='ocr_line' id='line_1_59' title="bbox 2083 2513 3661 2593; baseline -0.01 -10"><span class='ocrx_word' id='word_1_442' title='bbox 2083 2528 2219 2583; x_wconf 89' lang='lat' dir='ltr'><strong>mihi</strong></span> <span class='ocrx_word' id='word_1_443' title='bbox 2258 2527 2537 2581; x_wconf 87' lang='lat' dir='ltr'><strong>dicturum</strong></span> <span class='ocrx_word' id='word_1_444' title='bbox 2572 2538 2694 2579; x_wconf 88' lang='lat' dir='ltr'><strong>esse</strong></span> <span class='ocrx_word' id='word_1_445' title='bbox 2725 2521 3075 2593; x_wconf 89' lang='lat' dir='ltr'><strong>promiseras.</strong></span> <span class='ocrx_word' id='word_1_446' title='bbox 3108 2516 3237 2572; x_wconf 86' lang='lat' dir='ltr'><strong>Post</strong></span> <span class='ocrx_word' id='word_1_447' title='bbox 3267 2517 3407 2578; x_wconf 67' lang='lat' dir='ltr'><strong>haec,</strong></span> <span class='ocrx_word' id='word_1_448' title='bbox 3443 2531 3572 2569; x_wconf 90' lang='lat' dir='ltr'><strong>cum</strong></span> <span class='ocrx_word' id='word_1_449' title='bbox 3596 2513 3661 2567; x_wconf 90' lang='lat' dir='ltr'><strong>de</strong></span> 
     </span>
    </p>
   </div>
   <div class='ocr_carea' id='block_1_60' title="bbox 2084 2605 3657 2685">
    <p class='ocr_par' dir='ltr' id='par_1_60' title="bbox 2084 2605 3657 2685">
     <span class='ocr_line' id='line_1_60' title="bbox 2084 2605 3657 2685; baseline -0.01 -11"><span class='ocrx_word' id='word_1_450' title='bbox 2084 2628 2336 2675; x_wconf 83' lang='lat' dir='ltr'><strong>creatura</strong></span> <span class='ocrx_word' id='word_1_451' title='bbox 2359 2618 2546 2672; x_wconf 91' lang='lat' dir='ltr'><strong>mundi</strong></span> <span class='ocrx_word' id='word_1_452' title='bbox 2572 2613 2944 2685; x_wconf 82' lang='lat' dir='ltr'><strong>exposuisses,</strong></span> <span class='ocrx_word' id='word_1_453' title='bbox 2964 2609 3335 2665; x_wconf 84' lang='lat' dir='ltr'><strong>definitionem</strong></span> <span class='ocrx_word' id='word_1_454' title='bbox 3354 2605 3477 2671; x_wconf 88' lang='lat' dir='ltr'><strong>Dei,</strong></span> <span class='ocrx_word' id='word_1_455' title='bbox 3499 2622 3657 2678; x_wconf 87' lang='lat' dir='ltr'><strong>quam</strong></span> 
     </span>
    </p>
   </div>
   <div class='ocr_carea' id='block_1_61' title="bbox 2084 2700 3658 2781">
    <p class='ocr_par' dir='ltr' id='par_1_61' title="bbox 2084 2700 3658 2781">
     <span class='ocr_line' id='line_1_61' title="bbox 2084 2700 3658 2781; baseline -0.011 -13"><span class='ocrx_word' id='word_1_456' title='bbox 2084 2713 2139 2767; x_wconf 92' lang='lat' dir='ltr'><strong>iu</strong></span> <span class='ocrx_word' id='word_1_457' title='bbox 2168 2720 2468 2781; x_wconf 88' lang='lat' dir='ltr'><strong>conspectu</strong></span> <span class='ocrx_word' id='word_1_458' title='bbox 2505 2709 2751 2764; x_wconf 91' lang='lat' dir='ltr'><strong>omnium</strong></span> <span class='ocrx_word' id='word_1_459' title='bbox 2774 2706 3077 2776; x_wconf 89' lang='lat' dir='ltr'><strong>primorum</strong></span> <span class='ocrx_word' id='word_1_460' title='bbox 3113 2702 3435 2771; x_wconf 86' lang='lat' dir='ltr'><strong>angelorum</strong></span> <span class='ocrx_word' id='word_1_461' title='bbox 3468 2700 3536 2754; x_wconf 92' lang='lat' dir='ltr'><strong>de</strong></span> <span class='ocrx_word' id='word_1_462' title='bbox 3565 2714 3658 2753; x_wconf 83' lang='lat' dir='ltr'><strong>sua</strong></span> 
     </span>
    </p>
   </div>
   <div class='ocr_carea' id='block_1_62' title="bbox 2084 2794 3656 2874">
    <p class='ocr_par' dir='ltr' id='par_1_62' title="bbox 2084 2794 3656 2874">
     <span class='ocr_line' id='line_1_62' title="bbox 2084 2794 3656 2874; baseline -0.009 -16"><span class='ocrx_word' id='word_1_463' title='bbox 2084 2807 2369 2860; x_wconf 89' lang='lat' dir='ltr'><strong>voluntate</strong></span> <span class='ocrx_word' id='word_1_464' title='bbox 2399 2802 2672 2874; x_wconf 91' lang='lat' dir='ltr'><strong>promisit,</strong></span> <span class='ocrx_word' id='word_1_465' title='bbox 2715 2812 2985 2869; x_wconf 89' lang='lat' dir='ltr'><strong>quamque</strong></span> <span class='ocrx_word' id='word_1_466' title='bbox 3022 2804 3281 2850; x_wconf 64' lang='lat' dir='ltr'><strong>aeternam</strong></span> <span class='ocrx_word' id='word_1_467' title='bbox 3310 2794 3493 2861; x_wconf 77' lang='lat' dir='ltr'><strong>legem</strong></span> <span class='ocrx_word' id='word_1_468' title='bbox 3528 2808 3656 2847; x_wconf 90' lang='lat' dir='ltr'><strong>cun-</strong></span> 
     </span>
    </p>
   </div>
   <div class='ocr_carea' id='block_1_63' title="bbox 2082 2888 3652 2963">
    <p class='ocr_par' dir='ltr' id='par_1_63' title="bbox 2082 2888 3652 2963">
     <span class='ocr_line' id='line_1_63' title="bbox 2082 2888 3652 2963; baseline -0.009 -10"><span class='ocrx_word' id='word_1_469' title='bbox 2082 2900 2189 2954; x_wconf 89' lang='lat' dir='ltr'><strong>ctis</strong></span> <span class='ocrx_word' id='word_1_470' title='bbox 2209 2899 2421 2962; x_wconf 91' lang='lat' dir='ltr'><strong>statuit,</strong></span> <span class='ocrx_word' id='word_1_471' title='bbox 2445 2895 2728 2959; x_wconf 89' lang='lat' dir='ltr'><strong>intimasti,</strong></span> <span class='ocrx_word' id='word_1_472' title='bbox 2754 2901 2807 2948; x_wconf 91' lang='lat' dir='ltr'><strong>et</strong></span> <span class='ocrx_word' id='word_1_473' title='bbox 2830 2892 2974 2963; x_wconf 88' lang='lat' dir='ltr'><strong>quod</strong></span> <span class='ocrx_word' id='word_1_474' title='bbox 2997 2890 3106 2945; x_wconf 90' lang='lat' dir='ltr'><strong>duo</strong></span> <span class='ocrx_word' id='word_1_475' title='bbox 3131 2903 3299 2960; x_wconf 84' lang='lat' dir='ltr'><strong>regna</strong></span> <span class='ocrx_word' id='word_1_476' title='bbox 3317 2888 3435 2959; x_wconf 84' lang='lat' dir='ltr'><strong>(l8)</strong></span> <span class='ocrx_word' id='word_1_477' title='bbox 3458 2888 3652 2959; x_wconf 89' lang='lat' dir='ltr'><strong>posuit,</strong></span> 
     </span>
    </p>
   </div>
   <div class='ocr_carea' id='block_1_64' title="bbox 2084 2976 3654 3062">
    <p class='ocr_par' dir='ltr' id='par_1_64' title="bbox 2084 2976 3654 3062">
     <span class='ocr_line' id='line_1_64' title="bbox 2084 2976 3654 3062; baseline -0.01 -18"><span class='ocrx_word' id='word_1_478' title='bbox 2084 2989 2370 3062; x_wconf 60' lang='lat' dir='ltr'><strong>praesentis</strong></span> <span class='ocrx_word' id='word_1_479' title='bbox 2399 2986 2521 3041; x_wconf 90' lang='lat' dir='ltr'><strong>dico</strong></span> <span class='ocrx_word' id='word_1_480' title='bbox 2560 2984 2826 3054; x_wconf 87' lang='lat' dir='ltr'><strong>temporis</strong></span> <span class='ocrx_word' id='word_1_481' title='bbox 2853 2990 2907 3037; x_wconf 91' lang='lat' dir='ltr'><strong>et</strong></span> <span class='ocrx_word' id='word_1_482' title='bbox 2936 2980 3125 3042; x_wconf 88' lang='lat' dir='ltr'><strong>futuri,</strong></span> <span class='ocrx_word' id='word_1_483' title='bbox 3154 2986 3209 3034; x_wconf 92' lang='lat' dir='ltr'><strong>et</strong></span> <span class='ocrx_word' id='word_1_484' title='bbox 3239 2989 3492 3047; x_wconf 90' lang='lat' dir='ltr'><strong>tempora</strong></span> <span class='ocrx_word' id='word_1_485' title='bbox 3524 2976 3654 3031; x_wconf 87' lang='lat' dir='ltr'><strong>utri-</strong></span> 
     </span>
    </p>
   </div>
   <div class='ocr_carea' id='block_1_65' title="bbox 2084 3068 3649 3152">
    <p class='ocr_par' dir='ltr' id='par_1_65' title="bbox 2084 3068 3649 3152">
     <span class='ocr_line' id='line_1_65' title="bbox 2084 3068 3649 3152; baseline -0.011 -16"><span class='ocrx_word' id='word_1_486' title='bbox 2084 3098 2192 3152; x_wconf 88' lang='lat' dir='ltr'><strong>que</strong></span> <span class='ocrx_word' id='word_1_487' title='bbox 2239 3080 2549 3141; x_wconf 87' lang='lat' dir='ltr'><strong>constituit,</strong></span> <span class='ocrx_word' id='word_1_488' title='bbox 2584 3076 2890 3145; x_wconf 89' lang='lat' dir='ltr'><strong>statuitque</strong></span> <span class='ocrx_word' id='word_1_489' title='bbox 2929 3072 3234 3142; x_wconf 79' lang='lat' dir='ltr'><strong>exspectari</strong></span> <span class='ocrx_word' id='word_1_490' title='bbox 3261 3070 3465 3139; x_wconf 85' lang='lat' dir='ltr'><strong>judieii</strong></span> <span class='ocrx_word' id='word_1_491' title='bbox 3494 3068 3649 3127; x_wconf 82' lang='lat' dir='ltr'><strong>diem,</strong></span> 
     </span>
    </p>
   </div>
   <div class='ocr_carea' id='block_1_66' title="bbox 2086 3159 3651 3242">
    <p class='ocr_par' dir='ltr' id='par_1_66' title="bbox 2086 3159 3651 3242">
     <span class='ocr_line' id='line_1_66' title="bbox 2086 3159 3651 3242; baseline -0.01 -16"><span class='ocrx_word' id='word_1_492' title='bbox 2086 3188 2247 3242; x_wconf 87' lang='lat' dir='ltr'><strong>quam</strong></span> <span class='ocrx_word' id='word_1_493' title='bbox 2271 3171 2386 3240; x_wconf 90' lang='lat' dir='ltr'><strong>ipse</strong></span> <span class='ocrx_word' id='word_1_494' title='bbox 2411 3168 2676 3230; x_wconf 82' lang='lat' dir='ltr'><strong>deﬁnivit,</strong></span> <span class='ocrx_word' id='word_1_495' title='bbox 2707 3166 2761 3219; x_wconf 91' lang='lat' dir='ltr'><strong>in</strong></span> <span class='ocrx_word' id='word_1_496' title='bbox 2790 3180 2896 3235; x_wconf 89' lang='lat' dir='ltr'><strong>qua</strong></span> <span class='ocrx_word' id='word_1_497' title='bbox 2923 3161 3171 3217; x_wconf 89' lang='lat' dir='ltr'><strong>habenda</strong></span> <span class='ocrx_word' id='word_1_498' title='bbox 3203 3162 3273 3215; x_wconf 90' lang='lat' dir='ltr'><strong>sit</strong></span> <span class='ocrx_word' id='word_1_499' title='bbox 3302 3176 3515 3221; x_wconf 88' lang='lat' dir='ltr'><strong>rerum,</strong></span> <span class='ocrx_word' id='word_1_500' title='bbox 3546 3159 3651 3211; x_wconf 91' lang='lat' dir='ltr'><strong>ani-</strong></span> 
     </span>
    </p>
   </div>
   <div class='ocr_carea' id='block_1_67' title="bbox 2088 3249 3653 3333">
    <p class='ocr_par' dir='ltr' id='par_1_67' title="bbox 2088 3249 3653 3333">
     <span class='ocr_line' id='line_1_67' title="bbox 2088 3249 3653 3333; baseline -0.012 -15"><span class='ocrx_word' id='word_1_501' title='bbox 2088 3279 2413 3333; x_wconf 89' lang='lat' dir='ltr'><strong>marumque</strong></span> <span class='ocrx_word' id='word_1_502' title='bbox 2440 3259 2723 3321; x_wconf 88' lang='lat' dir='ltr'><strong>discretio,</strong></span> <span class='ocrx_word' id='word_1_503' title='bbox 2756 3264 2815 3310; x_wconf 94' lang='lat' dir='ltr'><strong>ut</strong></span> <span class='ocrx_word' id='word_1_504' title='bbox 2856 3254 3007 3324; x_wconf 92' lang='lat' dir='ltr'><strong>impii</strong></span> <span class='ocrx_word' id='word_1_505' title='bbox 3034 3252 3251 3323; x_wconf 90' lang='lat' dir='ltr'><strong>quidem</strong></span> <span class='ocrx_word' id='word_1_506' title='bbox 3289 3267 3391 3321; x_wconf 86' lang='lat' dir='ltr'><strong>pro</strong></span> <span class='ocrx_word' id='word_1_507' title='bbox 3423 3249 3653 3321; x_wconf 85' lang='lat' dir='ltr'><strong>peccatis</strong></span> 
     </span>
    </p>
   </div>
   <div class='ocr_carea' id='block_1_68' title="bbox 2086 3340 3652 3424">
    <p class='ocr_par' dir='ltr' id='par_1_68' title="bbox 2086 3340 3652 3424">
     <span class='ocr_line' id='line_1_68' title="bbox 2086 3340 3652 3424; baseline -0.012 -13"><span class='ocrx_word' id='word_1_508' title='bbox 2086 3356 2204 3411; x_wconf 91' lang='lat' dir='ltr'><strong>suis</strong></span> <span class='ocrx_word' id='word_1_509' title='bbox 2237 3355 2347 3424; x_wconf 82' lang='lat' dir='ltr'><strong>igni</strong></span> <span class='ocrx_word' id='word_1_510' title='bbox 2385 3352 2673 3406; x_wconf 88' lang='lat' dir='ltr'><strong>tradantur</strong></span> <span class='ocrx_word' id='word_1_511' title='bbox 2702 3358 2929 3408; x_wconf 83' lang='lat' dir='ltr'><strong>aeterno,</strong></span> <span class='ocrx_word' id='word_1_512' title='bbox 2961 3346 3014 3399; x_wconf 83' lang='lat' dir='ltr'><strong>hi</strong></span> <span class='ocrx_word' id='word_1_513' title='bbox 3049 3359 3176 3399; x_wconf 90' lang='lat' dir='ltr'><strong>vero</strong></span> <span class='ocrx_word' id='word_1_514' title='bbox 3224 3343 3317 3413; x_wconf 90' lang='lat' dir='ltr'><strong>qui</strong></span> <span class='ocrx_word' id='word_1_515' title='bbox 3356 3340 3652 3397; x_wconf 86' lang='lat' dir='ltr'><strong>secundum</strong></span> 
     </span>
    </p>
   </div>
   <div class='ocr_carea' id='block_1_69' title="bbox 2083 3434 3651 3504">
    <p class='ocr_par' dir='ltr' id='par_1_69' title="bbox 2083 3434 3651 3504">
     <span class='ocr_line' id='line_1_69' title="bbox 2083 3434 3651 3504; baseline -0.011 -2"><span class='ocrx_word' id='word_1_516' title='bbox 2083 3447 2420 3502; x_wconf 86' lang='lat' dir='ltr'><strong>voluntatem</strong></span> <span class='ocrx_word' id='word_1_517' title='bbox 2455 3441 2757 3497; x_wconf 88' lang='lat' dir='ltr'><strong>conditoris</strong></span> <span class='ocrx_word' id='word_1_518' title='bbox 2786 3438 2881 3492; x_wconf 87' lang='lat' dir='ltr'><strong>Dei</strong></span> <span class='ocrx_word' id='word_1_519' title='bbox 2917 3436 3184 3498; x_wconf 80' lang='lat' dir='ltr'><strong>vixerint,</strong></span> <span class='ocrx_word' id='word_1_520' title='bbox 3215 3448 3314 3504; x_wconf 89' lang='lat' dir='ltr'><strong>pro</strong></span> <span class='ocrx_word' id='word_1_521' title='bbox 3342 3434 3509 3487; x_wconf 89' lang='lat' dir='ltr'><strong>bonis</strong></span> <span class='ocrx_word' id='word_1_522' title='bbox 3535 3447 3651 3501; x_wconf 87' lang='lat' dir='ltr'><strong>ope-</strong></span> 
     </span>
    </p>
   </div>
   <div class='ocr_carea' id='block_1_70' title="bbox 456 3562 3650 3655">
    <p class='ocr_par' dir='ltr' id='par_1_70' title="bbox 456 3562 3650 3655">
     <span class='ocr_line' id='line_1_70' title="bbox 456 3562 3650 3655; baseline 0.007 -32"><span class='ocrx_word' id='word_1_523' title='bbox 456 3573 519 3653; x_wconf 39' lang='lat'><strong>.&quot;</strong></span> <span class='ocrx_word' id='word_1_524' title='bbox 565 3571 631 3625; x_wconf 91' lang='lat' dir='ltr'><strong>Ut</strong></span> <span class='ocrx_word' id='word_1_525' title='bbox 658 3575 1316 3655; x_wconf 50' lang='lat' dir='ltr'><strong>secundum—cognoscas</strong></span> <span class='ocrx_word' id='word_1_526' title='bbox 1344 3580 1553 3655; x_wconf 83' lang='lat' dir='ltr'><strong>desunt</strong></span> <span class='ocrx_word' id='word_1_527' title='bbox 1583 3581 1636 3634; x_wconf 92' lang='lat' dir='ltr'><strong>in</strong></span> <span class='ocrx_word' id='word_1_528' title='bbox 1678 3582 1837 3655; x_wconf 83' lang='lat' dir='ltr'><strong>codd.</strong></span> <span class='ocrx_word' id='word_1_529' title='bbox 1874 3582 2049 3651; x_wconf 84' lang='lat' dir='ltr'><strong>Lipss.</strong></span> <span class='ocrx_word' id='word_1_530' title='bbox 2074 3652 2083 3655; x_wconf 87' lang='lat'><strong>_</strong></span> <span class='ocrx_word' id='word_1_531' title='bbox 2124 3582 2173 3643; x_wconf 65' lang='grc'><strong>7³</strong></span> <span class='ocrx_word' id='word_1_532' title='bbox 2198 3651 2213 3655; x_wconf 14' lang='grc' dir='ltr'><strong>ἠ</strong></span> <span class='ocrx_word' id='word_1_533' title='bbox 2233 3592 2283 3633; x_wconf 75' lang='lat' dir='ltr'><strong>et</strong></span> <span class='ocrx_word' id='word_1_534' title='bbox 2313 3596 2415 3633; x_wconf 86' lang='lat' dir='ltr'><strong>non</strong></span> <span class='ocrx_word' id='word_1_535' title='bbox 2446 3573 2894 3655; x_wconf 47' lang='lat' dir='ltr'><strong>quod—libente&quot;</strong></span> <span class='ocrx_word' id='word_1_536' title='bbox 2919 3569 3151 3650; x_wconf 70' lang='grc' dir='ltr'><strong>ᾳρετίαηι</strong></span> <span class='ocrx_word' id='word_1_537' title='bbox 3182 3565 3383 3655; x_wconf 61' lang='grc' dir='ltr'><strong>δεδυηξ</strong></span> <span class='ocrx_word' id='word_1_538' title='bbox 3403 3562 3650 3655; x_wconf 68' lang='grc' dir='ltr'><strong>,ί¹¹,(Ῐ⁰δδ⁸</strong></span> 
     </span>
    </p>
   </div>
   <div class='ocr_carea' id='block_1_71' title="bbox 410 3634 3648 3722">
    <p class='ocr_par' dir='ltr' id='par_1_71' title="bbox 410 3634 3648 3722">
     <span class='ocr_line' id='line_1_71' title="bbox 410 3634 3648 3722; baseline -0.008 -11"><span class='ocrx_word' id='word_1_539' title='bbox 410 3640 583 3722; x_wconf 45' lang='lat'><strong>[4955-</strong></span> <span class='ocrx_word' id='word_1_540' title='bbox 658 3645 852 3722; x_wconf 67' lang='lat' dir='ltr'><strong>“_Quil:</strong></span> <span class='ocrx_word' id='word_1_541' title='bbox 880 3634 1181 3714; x_wconf 72' lang='grc' dir='ltr'><strong>δυιιυιιιιῖιιι·</strong></span> <span class='ocrx_word' id='word_1_542' title='bbox 1204 3664 1376 3720; x_wconf 84' lang='lat' dir='ltr'><strong>usque</strong></span> <span class='ocrx_word' id='word_1_543' title='bbox 1407 3651 1473 3705; x_wconf 91' lang='lat' dir='ltr'><strong>ad</strong></span> <span class='ocrx_word' id='word_1_544' title='bbox 1505 3653 1593 3706; x_wconf 87' lang='lat' dir='ltr'><strong>illa</strong></span> <span class='ocrx_word' id='word_1_545' title='bbox 1621 3634 1836 3722; x_wconf 39' lang='lat' dir='ltr'><strong>cap.&#39;33</strong></span> <span class='ocrx_word' id='word_1_546' title='bbox 1859 3634 2165 3709; x_wconf 65' lang='lat' dir='ltr'><strong>vocabula:</strong></span> <span class='ocrx_word' id='word_1_547' title='bbox 2189 3651 2319 3704; x_wconf 74' lang='lat' dir='ltr'><strong>brat</strong></span> <span class='ocrx_word' id='word_1_548' title='bbox 2350 3634 2495 3719; x_wconf 81' lang='lat' dir='ltr'><strong>ergo,</strong></span> <span class='ocrx_word' id='word_1_549' title='bbox 2522 3664 2630 3701; x_wconf 91' lang='lat' dir='ltr'><strong>non</strong></span> <span class='ocrx_word' id='word_1_550' title='bbox 2651 3649 2906 3716; x_wconf 82' lang='lat' dir='ltr'><strong>leguntur</strong></span> <span class='ocrx_word' id='word_1_551' title='bbox 2928 3634 2981 3694; x_wconf 84' lang='lat' dir='ltr'><strong>in</strong></span> <span class='ocrx_word' id='word_1_552' title='bbox 3011 3650 3244 3706; x_wconf 88' lang='lat' dir='ltr'><strong>utroque</strong></span> <span class='ocrx_word' id='word_1_553' title='bbox 3274 3636 3446 3692; x_wconf 88' lang='lat' dir='ltr'><strong>codd.</strong></span> <span class='ocrx_word' id='word_1_554' title='bbox 3471 3634 3648 3705; x_wconf 87' lang='lat' dir='ltr'><strong>Lipss.</strong></span> 
     </span>
    </p>
   </div>
   <div class='ocr_carea' id='block_1_72' title="bbox 412 3712 784 3783">
    <p class='ocr_par' dir='ltr' id='par_1_72' title="bbox 412 3712 784 3783">
     <span class='ocr_line' id='line_1_72' title="bbox 412 3712 784 3783; baseline 0.011 -18"><span class='ocrx_word' id='word_1_555' title='bbox 412 3712 546 3768; x_wconf 79' lang='lat' dir='ltr'><strong>Vide</strong></span> <span class='ocrx_word' id='word_1_556' title='bbox 574 3715 784 3783; x_wconf 67' lang='lat' dir='ltr'><strong>praefat.</strong></span> 
     </span>
    </p>
   </div>
   <div class='ocr_carea' id='block_1_73' title="bbox 1681 3870 2334 3927">
    <p class='ocr_par' dir='ltr' id='par_1_73' title="bbox 1681 3870 2334 3927">
     <span class='ocr_line' id='line_1_73' title="bbox 1681 3870 2334 3927; baseline -0.005 0"><span class='ocrx_word' id='word_1_557' title='bbox 1681 3870 2051 3927; x_wconf 72' lang='lat' dir='ltr'><strong>COTELERII</strong></span> <span class='ocrx_word' id='word_1_558' title='bbox 2100 3870 2334 3927; x_wconf 70' lang='lat' dir='ltr'><strong>NOTAE.</strong></span> 
     </span>
    </p>
   </div>
   <div class='ocr_carea' id='block_1_74' title="bbox 486 4015 1985 4091">
    <p class='ocr_par' dir='ltr' id='par_1_74' title="bbox 486 4015 1985 4091">
     <span class='ocr_line' id='line_1_74' title="bbox 486 4015 1985 4091; baseline -0.005 -15"><span class='ocrx_word' id='word_1_559' title='bbox 486 4020 598 4091; x_wconf 82' lang='lat' dir='ltr'><strong>(I7)</strong></span> <span class='ocrx_word' id='word_1_560' title='bbox 646 4018 709 4072; x_wconf 77' lang='lat' dir='ltr'><strong>Et</strong></span> <span class='ocrx_word' id='word_1_561' title='bbox 745 4036 809 4073; x_wconf 79' lang='lat' dir='ltr'><strong>ea:</strong></span> <span class='ocrx_word' id='word_1_562' title='bbox 844 4019 1017 4091; x_wconf 87' lang='lat' dir='ltr'><strong>prima</strong></span> <span class='ocrx_word' id='word_1_563' title='bbox 1059 4015 1543 4091; x_wconf 67' lang='lat' dir='ltr'><strong>voluntateiternm</strong></span> <span class='ocrx_word' id='word_1_564' title='bbox 1590 4017 1882 4091; x_wconf 84' lang='lat' dir='ltr'><strong>voluntas._</strong></span> <span class='ocrx_word' id='word_1_565' title='bbox 1913 4015 1985 4069; x_wconf 90' lang='lat' dir='ltr'><strong>De</strong></span> 
     </span>
    </p>
   </div>
   <div class='ocr_carea' id='block_1_75' title="bbox 416 4086 1979 4155">
    <p class='ocr_par' dir='ltr' id='par_1_75' title="bbox 416 4086 1979 4155">
     <span class='ocr_line' id='line_1_75' title="bbox 416 4086 1979 4155; baseline -0.006 -7"><span class='ocrx_word' id='word_1_566' title='bbox 416 4086 551 4149; x_wconf 83' lang='lat' dir='ltr'><strong>Filio</strong></span> <span class='ocrx_word' id='word_1_567' title='bbox 579 4086 1270 4145; x_wconf 73' lang='lat' dir='ltr'><strong>ClemensAlexandrinus</strong></span> <span class='ocrx_word' id='word_1_568' title='bbox 1315 4086 1535 4155; x_wconf 72' lang='lat' dir='ltr'><strong>l’wdag.</strong></span> <span class='ocrx_word' id='word_1_569' title='bbox 1566 4103 1650 4146; x_wconf 87' lang='lat' dir='ltr'><strong>Ill,</strong></span> <span class='ocrx_word' id='word_1_570' title='bbox 1678 4102 1797 4153; x_wconf 85' lang='lat' dir='ltr'><strong>cap.</strong></span> <span class='ocrx_word' id='word_1_571' title='bbox 1834 4088 1930 4140; x_wconf 89' lang='lat' dir='ltr'><strong>ul&#39;.</strong></span> <span class='ocrx_word' id='word_1_572' title='bbox 1968 4104 1979 4138; x_wconf 92' lang='lat'>:</span> 
     </span>
    </p>
   </div>
   <div class='ocr_carea' id='block_1_76' title="bbox 413 4157 1980 4233">
    <p class='ocr_par' dir='ltr' id='par_1_76' title="bbox 413 4157 1980 4233">
     <span class='ocr_line' id='line_1_76' title="bbox 413 4157 1980 4233; baseline -0.008 -15"><span class='ocrx_word' id='word_1_573' title='bbox 413 4161 617 4233; x_wconf 81' lang='grc' dir='ltr'><strong>ἀγαθοῦ</strong></span> <span class='ocrx_word' id='word_1_574' title='bbox 648 4160 859 4233; x_wconf 62' lang='lat' dir='ltr'><strong>Harpe;</strong></span> <span class='ocrx_word' id='word_1_575' title='bbox 896 4157 1726 4233; x_wconf 17' lang='grc' dir='ltr'><strong>ἁγαθὸνᾹβοιρεημα-ξ·εινοηιελν,</strong></span> <span class='ocrx_word' id='word_1_576' title='bbox 1762 4173 1812 4223; x_wconf 87' lang='lat' dir='ltr'><strong>p.</strong></span> <span class='ocrx_word' id='word_1_577' title='bbox 1836 4157 1937 4233; x_wconf 52' lang='grc' dir='ltr'><strong>Μ’]</strong></span> <span class='ocrx_word' id='word_1_578' title='bbox 1967 4174 1980 4209; x_wconf 90' lang='lat'><strong>:</strong></span> 
     </span>
    </p>
   </div>
   <div class='ocr_carea' id='block_1_77' title="bbox 414 4227 1979 4305">
    <p class='ocr_par' dir='ltr' id='par_1_77' title="bbox 414 4227 1979 4305">
     <span class='ocr_line' id='line_1_77' title="bbox 414 4227 1979 4305; baseline -0.007 -17"><span class='ocrx_word' id='word_1_579' title='bbox 414 4227 622 4305; x_wconf 76' lang='grc' dir='ltr'><strong>θέλημα</strong></span> <span class='ocrx_word' id='word_1_580' title='bbox 655 4227 1173 4305; x_wconf 49' lang='grc' dir='ltr'><strong>πανέοκρατορξκόν·</strong></span> <span class='ocrx_word' id='word_1_581' title='bbox 1197 4227 1594 4305; x_wconf 48' lang='lat' dir='ltr'><strong>Tcrtulliauus,</strong></span> <span class='ocrx_word' id='word_1_582' title='bbox 1626 4227 1706 4305; x_wconf 72' lang='lat' dir='ltr'><strong>De</strong></span> <span class='ocrx_word' id='word_1_583' title='bbox 1720 4228 1979 4305; x_wconf 58' lang='lat' dir='ltr'><strong>oratione,</strong></span> 
     </span>
    </p>
   </div>
   <div class='ocr_carea' id='block_1_78' title="bbox 414 4296 1987 4376">
    <p class='ocr_par' dir='ltr' id='par_1_78' title="bbox 414 4296 1987 4376">
     <span class='ocr_line' id='line_1_78' title="bbox 414 4296 1987 4376; baseline -0.007 -16"><span class='ocrx_word' id='word_1_584' title='bbox 414 4296 593 4376; x_wconf 42' lang='lat' dir='ltr'><strong>capilli</strong></span> <span class='ocrx_word' id='word_1_585' title='bbox 617 4327 639 4376; x_wconf 89' lang='lat'>_:</span> <span class='ocrx_word' id='word_1_586' title='bbox 670 4303 789 4370; x_wconf 80' lang='lat' dir='ltr'><strong>Ipse</strong></span> <span class='ocrx_word' id='word_1_587' title='bbox 817 4296 1204 4376; x_wconf 61' lang='lat' dir='ltr'><strong>eratvoluntas</strong></span> <span class='ocrx_word' id='word_1_588' title='bbox 1224 4309 1270 4376; x_wconf 72' lang='lat' dir='ltr'><strong>et</strong></span> <span class='ocrx_word' id='word_1_589' title='bbox 1291 4308 1520 4376; x_wconf 74' lang='lat' dir='ltr'><strong>potestas</strong></span> <span class='ocrx_word' id='word_1_590' title='bbox 1551 4297 1755 4376; x_wconf 64' lang='lat' dir='ltr'><strong>Patris.</strong></span> <span class='ocrx_word' id='word_1_591' title='bbox 1784 4298 1839 4349; x_wconf 89' lang='lat' dir='ltr'><strong>In</strong></span> <span class='ocrx_word' id='word_1_592' title='bbox 1863 4296 1987 4376; x_wconf 72' lang='lat' dir='ltr'><strong>Ori-</strong></span> 
     </span>
    </p>
   </div>
   <div class='ocr_carea' id='block_1_79' title="bbox 415 4366 1985 4445">
    <p class='ocr_par' dir='ltr' id='par_1_79' title="bbox 415 4366 1985 4445">
     <span class='ocr_line' id='line_1_79' title="bbox 415 4366 1985 4445; baseline -0.008 -16"><span class='ocrx_word' id='word_1_593' title='bbox 415 4366 576 4445; x_wconf 72' lang='lat' dir='ltr'><strong>gene,</strong></span> <span class='ocrx_word' id='word_1_594' title='bbox 606 4374 681 4429; x_wconf 80' lang='lat' dir='ltr'><strong>De</strong></span> <span class='ocrx_word' id='word_1_595' title='bbox 701 4366 973 4442; x_wconf 79' lang='lat' dir='ltr'><strong>principiis</strong></span> <span class='ocrx_word' id='word_1_596' title='bbox 994 4413 1008 4435; x_wconf 97' lang='lat'><strong>,</strong></span> <span class='ocrx_word' id='word_1_597' title='bbox 1035 4378 1088 4422; x_wconf 86' lang='lat' dir='ltr'><strong>et</strong></span> <span class='ocrx_word' id='word_1_598' title='bbox 1119 4370 1243 4445; x_wconf 86' lang='lat' dir='ltr'><strong>alibi</strong></span> <span class='ocrx_word' id='word_1_599' title='bbox 1278 4388 1290 4421; x_wconf 87' lang='lat'><strong>:</strong></span> <span class='ocrx_word' id='word_1_600' title='bbox 1327 4367 1502 4445; x_wconf 77' lang='lat' dir='ltr'><strong>Natus</strong></span> <span class='ocrx_word' id='word_1_601' title='bbox 1537 4366 1814 4445; x_wconf 51' lang='lat' dir='ltr'><strong>exﬂatre,</strong></span> <span class='ocrx_word' id='word_1_602' title='bbox 1850 4368 1985 4445; x_wconf 57' lang='lat' dir='ltr'><strong>uelut</strong></span> 
     </span>
    </p>
   </div>
   <div class='ocr_carea' id='block_1_80' title="bbox 416 4436 1982 4509">
    <p class='ocr_par' dir='ltr' id='par_1_80' title="bbox 416 4436 1982 4509">
     <span class='ocr_line' id='line_1_80' title="bbox 416 4436 1982 4509; baseline -0.008 -9"><span class='ocrx_word' id='word_1_603' title='bbox 416 4436 655 4500; x_wconf 50' lang='lat' dir='ltr'><strong>coluntas</strong></span> <span class='ocrx_word' id='word_1_604' title='bbox 703 4436 775 4497; x_wconf 66' lang='lat' dir='ltr'><strong>ex</strong></span> <span class='ocrx_word' id='word_1_605' title='bbox 826 4436 989 4495; x_wconf 68' lang='lat' dir='ltr'><strong>mente</strong></span> <span class='ocrx_word' id='word_1_606' title='bbox 1038 4440 1339 4509; x_wconf 81' lang='lat' dir='ltr'><strong>procedens.</strong></span> <span class='ocrx_word' id='word_1_607' title='bbox 1388 4436 1982 4509; x_wconf 10' lang='lat' dir='ltr'><strong>iApudiAthanasium,</strong></span> 
     </span>
    </p>
   </div>
   <div class='ocr_carea' id='block_1_81' title="bbox 2092 4008 3653 4083">
    <p class='ocr_par' dir='ltr' id='par_1_81' title="bbox 2092 4008 3653 4083">
     <span class='ocr_line' id='line_1_81' title="bbox 2092 4008 3653 4083; baseline -0.004 -17"><span class='ocrx_word' id='word_1_608' title='bbox 2092 4013 2198 4066; x_wconf 80' lang='lat' dir='ltr'><strong>Deo</strong></span> <span class='ocrx_word' id='word_1_609' title='bbox 2228 4030 2337 4066; x_wconf 82' lang='lat' dir='ltr'><strong>esse</strong></span> <span class='ocrx_word' id='word_1_610' title='bbox 2369 4012 2505 4083; x_wconf 84' lang='lat' dir='ltr'><strong>quod</strong></span> <span class='ocrx_word' id='word_1_611' title='bbox 2526 4010 2705 4083; x_wconf 15' lang='lat' dir='ltr'><strong>ivelle;</strong></span> <span class='ocrx_word' id='word_1_612' title='bbox 2736 4012 2829 4063; x_wconf 85' lang='lat' dir='ltr'><strong>hoc</strong></span> <span class='ocrx_word' id='word_1_613' title='bbox 2857 4010 3006 4073; x_wconf 74' lang='lat' dir='ltr'><strong>velle,</strong></span> <span class='ocrx_word' id='word_1_614' title='bbox 3032 4008 3169 4080; x_wconf 84' lang='lat' dir='ltr'><strong>quod</strong></span> <span class='ocrx_word' id='word_1_615' title='bbox 3210 4024 3419 4076; x_wconf 81' lang='lat' dir='ltr'><strong>sapere,</strong></span> <span class='ocrx_word' id='word_1_616' title='bbox 3453 4018 3506 4063; x_wconf 88' lang='lat' dir='ltr'><strong>et</strong></span> <span class='ocrx_word' id='word_1_617' title='bbox 3536 4008 3653 4083; x_wconf 76' lang='lat' dir='ltr'><strong>reli-</strong></span> 
     </span>
    </p>
   </div>
   <div class='ocr_carea' id='block_1_82' title="bbox 2091 4078 3652 4153">
    <p class='ocr_par' dir='ltr' id='par_1_82' title="bbox 2091 4078 3652 4153">
     <span class='ocr_line' id='line_1_82' title="bbox 2091 4078 3652 4153; baseline -0.004 -18"><span class='ocrx_word' id='word_1_618' title='bbox 2091 4101 2218 4153; x_wconf 73' lang='lat' dir='ltr'><strong>qua.</strong></span> <span class='ocrx_word' id='word_1_619' title='bbox 2247 4078 2396 4148; x_wconf 79' lang='lat' dir='ltr'><strong>Quod</strong></span> <span class='ocrx_word' id='word_1_620' title='bbox 2421 4084 2485 4135; x_wconf 84' lang='lat' dir='ltr'><strong>ad</strong></span> <span class='ocrx_word' id='word_1_621' title='bbox 2517 4082 2773 4151; x_wconf 82' lang='lat' dir='ltr'><strong>Spiritum</strong></span> <span class='ocrx_word' id='word_1_622' title='bbox 2799 4078 3051 4153; x_wconf 77' lang='lat' dir='ltr'><strong>sanctum</strong></span> <span class='ocrx_word' id='word_1_623' title='bbox 3064 4088 3292 4153; x_wconf 79' lang='lat' dir='ltr'><strong>spectat,</strong></span> <span class='ocrx_word' id='word_1_624' title='bbox 3318 4078 3652 4153; x_wconf 77' lang='lat' dir='ltr'><strong>commodum</strong></span> 
     </span>
    </p>
   </div>
   <div class='ocr_carea' id='block_1_83' title="bbox 2094 4148 3651 4221">
    <p class='ocr_par' dir='ltr' id='par_1_83' title="bbox 2094 4148 3651 4221">
     <span class='ocr_line' id='line_1_83' title="bbox 2094 4148 3651 4221; baseline -0.004 -14"><span class='ocrx_word' id='word_1_625' title='bbox 2094 4148 2146 4207; x_wconf 80' lang='lat' dir='ltr'><strong>in</strong></span> <span class='ocrx_word' id='word_1_626' title='bbox 2167 4152 2496 4207; x_wconf 84' lang='lat' dir='ltr'><strong>Bibliotheca</strong></span> <span class='ocrx_word' id='word_1_627' title='bbox 2527 4148 2690 4221; x_wconf 76' lang='lat' dir='ltr'><strong>[{egia</strong></span> <span class='ocrx_word' id='word_1_628' title='bbox 2723 4153 2845 4205; x_wconf 89' lang='lat' dir='ltr'><strong>cod.</strong></span> <span class='ocrx_word' id='word_1_629' title='bbox 2881 4166 2984 4205; x_wconf 93' lang='lat' dir='ltr'><strong>ms.</strong></span> <span class='ocrx_word' id='word_1_630' title='bbox 3022 4148 3184 4221; x_wconf 56' lang='lat'><strong>1026,</strong></span> <span class='ocrx_word' id='word_1_631' title='bbox 3217 4149 3362 4221; x_wconf 81' lang='lat' dir='ltr'><strong>istud</strong></span> <span class='ocrx_word' id='word_1_632' title='bbox 3390 4148 3651 4221; x_wconf 85' lang='lat' dir='ltr'><strong>fragmen-</strong></span> 
     </span>
    </p>
   </div>
   <div class='ocr_carea' id='block_1_84' title="bbox 2092 4218 3651 4292">
    <p class='ocr_par' dir='ltr' id='par_1_84' title="bbox 2092 4218 3651 4292">
     <span class='ocr_line' id='line_1_84' title="bbox 2092 4218 3651 4292; baseline -0.004 -15"><span class='ocrx_word' id='word_1_633' title='bbox 2092 4232 2206 4277; x_wconf 90' lang='lat' dir='ltr'><strong>tum</strong></span> <span class='ocrx_word' id='word_1_634' title='bbox 2239 4233 2427 4278; x_wconf 90' lang='lat' dir='ltr'><strong>nostro</strong></span> <span class='ocrx_word' id='word_1_635' title='bbox 2457 4218 2756 4292; x_wconf 82' lang='lat' dir='ltr'><strong>ascriptum</strong></span> <span class='ocrx_word' id='word_1_636' title='bbox 2782 4223 2984 4275; x_wconf 88' lang='lat' dir='ltr'><strong>inveni.</strong></span> <span class='ocrx_word' id='word_1_637' title='bbox 3022 4220 3159 4273; x_wconf 92' lang='lat' dir='ltr'><strong>Illud</strong></span> <span class='ocrx_word' id='word_1_638' title='bbox 3189 4218 3492 4292; x_wconf 66' lang='lat' dir='ltr'><strong>rejecitnus</strong></span> <span class='ocrx_word' id='word_1_639' title='bbox 3522 4220 3651 4271; x_wconf 86' lang='lat' dir='ltr'><strong>intra</strong></span> 
     </span>
    </p>
   </div>
   <div class='ocr_carea' id='block_1_85' title="bbox 2094 4286 3654 4363">
    <p class='ocr_par' dir='ltr' id='par_1_85' title="bbox 2094 4286 3654 4363">
     <span class='ocr_line' id='line_1_85' title="bbox 2094 4286 3654 4363; baseline -0.004 -16"><span class='ocrx_word' id='word_1_640' title='bbox 2094 4296 2147 4347; x_wconf 90' lang='lat' dir='ltr'><strong>in</strong></span> <span class='ocrx_word' id='word_1_641' title='bbox 2180 4296 2479 4363; x_wconf 78' lang='lat' dir='ltr'><strong>subjectum</strong></span> <span class='ocrx_word' id='word_1_642' title='bbox 2504 4286 2958 4362; x_wconf 72' lang='lat' dir='ltr'><strong>Recognitionibus</strong></span> <span class='ocrx_word' id='word_1_643' title='bbox 2984 4290 3329 4360; x_wconf 74' lang='lat' dir='ltr'><strong>Appendicem</strong></span> <span class='ocrx_word' id='word_1_644' title='bbox 3351 4286 3654 4341; x_wconf 67' lang='lat' dir='ltr'><strong>Monumen-</strong></span> 
     </span>
    </p>
   </div>
   <div class='ocr_carea' id='block_1_86' title="bbox 2092 4366 2553 4426">
    <p class='ocr_par' dir='ltr' id='par_1_86' title="bbox 2092 4366 2553 4426">
     <span class='ocr_line' id='line_1_86' title="bbox 2092 4366 2553 4426; baseline 0.002 -9"><span class='ocrx_word' id='word_1_645' title='bbox 2092 4375 2287 4426; x_wconf 88' lang='lat' dir='ltr'><strong>torum,</strong></span> <span class='ocrx_word' id='word_1_646' title='bbox 2321 4381 2469 4418; x_wconf 84' lang='lat' dir='ltr'><strong>num.</strong></span> <span class='ocrx_word' id='word_1_647' title='bbox 2507 4366 2553 4418; x_wconf 91' lang='lat' dir='ltr'><strong>I.</strong></span> 
     </span>
    </p>
   </div>
   <div class='ocr_carea' id='block_1_87' title="bbox 2165 4429 3652 4504">
    <p class='ocr_par' dir='ltr' id='par_1_87' title="bbox 2165 4429 3652 4504">
     <span class='ocr_line' id='line_1_87' title="bbox 2165 4429 3652 4504; baseline -0.005 -16"><span class='ocrx_word' id='word_1_648' title='bbox 2165 4438 2277 4504; x_wconf 87' lang='grc'><strong>(18)</strong></span> <span class='ocrx_word' id='word_1_649' title='bbox 2322 4435 2437 4487; x_wconf 84' lang='lat' dir='ltr'><strong>Duo</strong></span> <span class='ocrx_word' id='word_1_650' title='bbox 2473 4431 2847 4504; x_wconf 29' lang='lat' dir='ltr'><strong>regnasQuml</strong></span> <span class='ocrx_word' id='word_1_651' title='bbox 2888 4431 3001 4486; x_wconf 59' lang='lat' dir='ltr'><strong>haec</strong></span> <span class='ocrx_word' id='word_1_652' title='bbox 3043 4429 3353 4504; x_wconf 82' lang='lat' dir='ltr'><strong>similiaque</strong></span> <span class='ocrx_word' id='word_1_653' title='bbox 3382 4430 3652 4498; x_wconf 86' lang='lat' dir='ltr'><strong>complura</strong></span> 
     </span>
    </p>
   </div>
   <div class='ocr_carea' id='block_1_88' title="bbox 416 4500 2000 4578">
    <p class='ocr_par' dir='ltr' id='par_1_88' title="bbox 416 4500 1990 4578">
     <span class='ocr_line' id='line_1_88' title="bbox 416 4500 1990 4578; baseline -0.007 -11"><span class='ocrx_word' id='word_1_654' title='bbox 416 4524 555 4570; x_wconf 85' lang='lat' dir='ltr'><strong>orat.</strong></span> <span class='ocrx_word' id='word_1_655' title='bbox 585 4516 618 4568; x_wconf 82' lang='grc'><strong>5</strong></span> <span class='ocrx_word' id='word_1_656' title='bbox 647 4525 699 4569; x_wconf 89' lang='lat' dir='ltr'><strong>et</strong></span> <span class='ocrx_word' id='word_1_657' title='bbox 726 4515 781 4578; x_wconf 75' lang='grc'>4,</span> <span class='ocrx_word' id='word_1_658' title='bbox 814 4524 996 4566; x_wconf 88' lang='lat' dir='ltr'><strong>contra</strong></span> <span class='ocrx_word' id='word_1_659' title='bbox 1021 4500 1268 4569; x_wconf 70' lang='lat' dir='ltr'><strong>.lrianos,</strong></span> <span class='ocrx_word' id='word_1_660' title='bbox 1295 4525 1347 4577; x_wconf 89' lang='lat' dir='ltr'><strong>p.</strong></span> <span class='ocrx_word' id='word_1_661' title='bbox 1374 4500 1499 4570; x_wconf 63' lang='grc'>402,</span> <span class='ocrx_word' id='word_1_662' title='bbox 1526 4508 1629 4578; x_wconf 56' lang='grc' dir='ltr'><strong>5ίᾷ</strong></span> <span class='ocrx_word' id='word_1_663' title='bbox 1664 4525 1676 4561; x_wconf 93' lang='lat'><strong>:</strong></span> <span class='ocrx_word' id='word_1_664' title='bbox 1710 4507 1872 4577; x_wconf 81' lang='grc' dir='ltr'>βουλὴ</span> <span class='ocrx_word' id='word_1_665' title='bbox 1886 4507 1990 4578; x_wconf 59' lang='grc' dir='ltr'><strong>καὶ</strong></span> 
     </span>
    </p>
   </div>
   <div class='ocr_carea' id='block_1_89' title="bbox 2090 4500 3650 4578">
    <p class='ocr_par' dir='ltr' id='par_1_89' title="bbox 2097 4500 3650 4578">
     <span class='ocr_line' id='line_1_89' title="bbox 2097 4500 3650 4578; baseline -0.006 -20"><span class='ocrx_word' id='word_1_666' title='bbox 2097 4506 2150 4558; x_wconf 93' lang='lat' dir='ltr'><strong>in</strong></span> <span class='ocrx_word' id='word_1_667' title='bbox 2174 4500 2297 4561; x_wconf 81' lang='lat' dir='ltr'><strong>istis</strong></span> <span class='ocrx_word' id='word_1_668' title='bbox 2314 4500 2637 4578; x_wconf 74' lang='lat' dir='ltr'><strong>apocryphis</strong></span> <span class='ocrx_word' id='word_1_669' title='bbox 2668 4500 3362 4578; x_wconf 52' lang='lat' dir='ltr'><strong>Ebionismuniredoleant,</strong></span> <span class='ocrx_word' id='word_1_670' title='bbox 3386 4513 3650 4578; x_wconf 71' lang='lat' dir='ltr'><strong>auctorem</strong></span> 
     </span>
    </p>
   </div>
   <div class='ocr_carea' id='block_1_90' title="bbox 416 4575 1989 4655">
    <p class='ocr_par' dir='ltr' id='par_1_90' title="bbox 416 4575 1989 4655">
     <span class='ocr_line' id='line_1_90' title="bbox 416 4575 1989 4655; baseline -0.008 -16"><span class='ocrx_word' id='word_1_671' title='bbox 416 4587 625 4655; x_wconf 81' lang='grc' dir='ltr'><strong>θέλημα</strong></span> <span class='ocrx_word' id='word_1_672' title='bbox 656 4584 750 4637; x_wconf 81' lang='grc' dir='ltr'><strong>τοῦ</strong></span> <span class='ocrx_word' id='word_1_673' title='bbox 770 4575 1015 4654; x_wconf 78' lang='grc' dir='ltr'><strong>Πατρός.</strong></span> <span class='ocrx_word' id='word_1_674' title='bbox 1055 4575 1381 4655; x_wconf 64' lang='lat' dir='ltr'><strong>similiaque</strong></span> <span class='ocrx_word' id='word_1_675' title='bbox 1397 4579 1546 4655; x_wconf 80' lang='lat' dir='ltr'><strong>legas</strong></span> <span class='ocrx_word' id='word_1_676' title='bbox 1578 4575 1839 4655; x_wconf 65' lang='lat' dir='ltr'><strong>Victorini</strong></span> <span class='ocrx_word' id='word_1_677' title='bbox 1864 4575 1989 4655; x_wconf 42' lang='grc' dir='ltr'><strong>ἈΙ-’τί</strong></span> 
     </span>
    </p>
   </div>
   <div class='ocr_carea' id='block_1_91' title="bbox 418 4646 1992 4718">
    <p class='ocr_par' dir='ltr' id='par_1_91' title="bbox 418 4646 1992 4718">
     <span class='ocr_line' id='line_1_91' title="bbox 418 4646 1992 4718; baseline -0.008 -8"><span class='ocrx_word' id='word_1_678' title='bbox 418 4657 510 4710; x_wconf 89' lang='lat' dir='ltr'><strong>lib.</strong></span> <span class='ocrx_word' id='word_1_679' title='bbox 533 4646 576 4718; x_wconf 75' lang='grc' dir='ltr'>ἶ,</span> <span class='ocrx_word' id='word_1_680' title='bbox 611 4656 857 4707; x_wconf 88' lang='lat' dir='ltr'><strong>adversus</strong></span> <span class='ocrx_word' id='word_1_681' title='bbox 897 4646 1105 4716; x_wconf 65' lang='lat' dir='ltr'><strong>Arium,</strong></span> <span class='ocrx_word' id='word_1_682' title='bbox 1139 4646 1385 4703; x_wconf 73' lang='lat' dir='ltr'><strong>Faustini</strong></span> <span class='ocrx_word' id='word_1_683' title='bbox 1424 4649 1636 4703; x_wconf 85' lang='lat' dir='ltr'><strong>diaconi</strong></span> <span class='ocrx_word' id='word_1_684' title='bbox 1669 4647 1735 4699; x_wconf 85' lang='lat' dir='ltr'><strong>ad</strong></span> <span class='ocrx_word' id='word_1_685' title='bbox 1764 4646 1992 4718; x_wconf 87' lang='lat' dir='ltr'><strong>Flaccil-</strong></span> 
     </span>
    </p>
   </div>
   <div class='ocr_carea' id='block_1_92' title="bbox 418 4717 1988 4794">
    <p class='ocr_par' dir='ltr' id='par_1_92' title="bbox 418 4717 1988 4794">
     <span class='ocr_line' id='line_1_92' title="bbox 418 4717 1988 4794; baseline -0.008 -15"><span class='ocrx_word' id='word_1_686' title='bbox 418 4728 546 4787; x_wconf 85' lang='lat' dir='ltr'><strong>lam,</strong></span> <span class='ocrx_word' id='word_1_687' title='bbox 568 4717 771 4794; x_wconf 80' lang='lat' dir='ltr'><strong>Cyrilli</strong></span> <span class='ocrx_word' id='word_1_688' title='bbox 816 4723 1165 4794; x_wconf 80' lang='lat' dir='ltr'><strong>Alexandrini</strong></span> <span class='ocrx_word' id='word_1_689' title='bbox 1196 4730 1382 4794; x_wconf 79' lang='lat' dir='ltr'><strong>contra</strong></span> <span class='ocrx_word' id='word_1_690' title='bbox 1412 4717 1988 4794; x_wconf 77' lang='lat' dir='ltr'><strong>A_n_tliropmnorpl_iitas,</strong></span> 
     </span>
    </p>
   </div>
   <div class='ocr_carea' id='block_1_93' title="bbox 417 4787 1992 4865">
    <p class='ocr_par' dir='ltr' id='par_1_93' title="bbox 417 4787 1992 4865">
     <span class='ocr_line' id='line_1_93' title="bbox 417 4787 1992 4865; baseline -0.008 -15"><span class='ocrx_word' id='word_1_691' title='bbox 417 4811 538 4865; x_wconf 83' lang='lat' dir='ltr'><strong>cap.</strong></span> <span class='ocrx_word' id='word_1_692' title='bbox 572 4787 657 4857; x_wconf 65' lang='grc'><strong>14⁷,</strong></span> <span class='ocrx_word' id='word_1_693' title='bbox 703 4804 755 4849; x_wconf 92' lang='lat' dir='ltr'><strong>et</strong></span> <span class='ocrx_word' id='word_1_694' title='bbox 802 4793 1165 4865; x_wconf 82' lang='lat' dir='ltr'><strong>aliorum,_(_le</strong></span> <span class='ocrx_word' id='word_1_695' title='bbox 1198 4791 1397 4865; x_wconf 85' lang='lat' dir='ltr'><strong>quibus</strong></span> <span class='ocrx_word' id='word_1_696' title='bbox 1441 4788 1801 4865; x_wconf 66' lang='lat' dir='ltr'><strong>Ilieronyinus</strong></span> <span class='ocrx_word' id='word_1_697' title='bbox 1840 4787 1992 4865; x_wconf 78' lang='lat' dir='ltr'><strong>initio</strong></span> 
     </span>
    </p>
   </div>
   <div class='ocr_carea' id='block_1_94' title="bbox 418 4858 1991 4931">
    <p class='ocr_par' dir='ltr' id='par_1_94' title="bbox 418 4858 1991 4931">
     <span class='ocr_line' id='line_1_94' title="bbox 418 4858 1991 4931; baseline -0.007 -12"><span class='ocrx_word' id='word_1_698' title='bbox 418 4858 943 4920; x_wconf 70' lang='lat' dir='ltr'><strong>Commentariorum</strong></span> <span class='ocrx_word' id='word_1_699' title='bbox 976 4864 1028 4916; x_wconf 92' lang='lat' dir='ltr'><strong>in</strong></span> <span class='ocrx_word' id='word_1_700' title='bbox 1069 4858 1361 4931; x_wconf 78' lang='lat' dir='ltr'><strong>Epistolam</strong></span> <span class='ocrx_word' id='word_1_701' title='bbox 1392 4859 1460 4912; x_wconf 82' lang='lat' dir='ltr'><strong>ad</strong></span> <span class='ocrx_word' id='word_1_702' title='bbox 1490 4858 1762 4931; x_wconf 75' lang='lat' dir='ltr'><strong>Ephesios,</strong></span> <span class='ocrx_word' id='word_1_703' title='bbox 1795 4866 1848 4911; x_wconf 89' lang='lat' dir='ltr'><strong>et</strong></span> <span class='ocrx_word' id='word_1_704' title='bbox 1881 4858 1991 4909; x_wconf 84' lang='lat' dir='ltr'><strong>Au-</strong></span> 
     </span>
    </p>
   </div>
   <div class='ocr_carea' id='block_1_95' title="bbox 417 4930 1993 5007">
    <p class='ocr_par' dir='ltr' id='par_1_95' title="bbox 417 4930 1993 5007">
     <span class='ocr_line' id='line_1_95' title="bbox 417 4930 1993 5007; baseline -0.008 -17"><span class='ocrx_word' id='word_1_705' title='bbox 417 4936 792 5007; x_wconf 17' lang='lat' dir='ltr'><strong>gustinusﬂxv,</strong></span> <span class='ocrx_word' id='word_1_706' title='bbox 832 4935 903 4987; x_wconf 88' lang='lat' dir='ltr'><strong>De</strong></span> <span class='ocrx_word' id='word_1_707' title='bbox 928 4934 1211 5007; x_wconf 80' lang='lat' dir='ltr'><strong>Triuitule,</strong></span> <span class='ocrx_word' id='word_1_708' title='bbox 1258 4931 1349 5007; x_wconf 69' lang='lat' dir='ltr'><strong>2U,</strong></span> <span class='ocrx_word' id='word_1_709' title='bbox 1382 4945 1595 5007; x_wconf 77' lang='lat' dir='ltr'><strong>necnon</strong></span> <span class='ocrx_word' id='word_1_710' title='bbox 1621 4930 1851 5007; x_wconf 81' lang='lat' dir='ltr'><strong>duarum</strong></span> <span class='ocrx_word' id='word_1_711' title='bbox 1871 4943 1993 5006; x_wconf 80' lang='lat' dir='ltr'><strong>syn-</strong></span> 
     </span>
    </p>
   </div>
   <div class='ocr_carea' id='block_1_96' title="bbox 418 4998 1993 5070">
    <p class='ocr_par' dir='ltr' id='par_1_96' title="bbox 418 4998 1993 5070">
     <span class='ocr_line' id='line_1_96' title="bbox 418 4998 1993 5070; baseline -0.007 -10"><span class='ocrx_word' id='word_1_712' title='bbox 418 4998 649 5060; x_wconf 65' lang='lat' dir='ltr'><strong>odorum</strong></span> <span class='ocrx_word' id='word_1_713' title='bbox 682 5006 1101 5066; x_wconf 81' lang='lat' dir='ltr'><strong>&#39;l‘oletanaruni,</strong></span> <span class='ocrx_word' id='word_1_714' title='bbox 1154 5002 1375 5057; x_wconf 61' lang='lat' dir='ltr'><strong>decimae</strong></span> <span class='ocrx_word' id='word_1_715' title='bbox 1406 5002 1608 5070; x_wconf 73' lang='lat' dir='ltr'><strong>quinta:</strong></span> <span class='ocrx_word' id='word_1_716' title='bbox 1655 5013 1720 5051; x_wconf 88' lang='lat' dir='ltr'><strong>ac</strong></span> <span class='ocrx_word' id='word_1_717' title='bbox 1767 4998 1993 5070; x_wconf 66' lang='lat' dir='ltr'><strong>decimae</strong></span> 
     </span>
    </p>
   </div>
   <div class='ocr_carea' id='block_1_97' title="bbox 420 5068 1987 5132">
    <p class='ocr_par' dir='ltr' id='par_1_97' title="bbox 420 5068 1987 5132">
     <span class='ocr_line' id='line_1_97' title="bbox 420 5068 1987 5132; baseline -0.01 -1"><span class='ocrx_word' id='word_1_718' title='bbox 420 5085 606 5131; x_wconf 66' lang='lat' dir='ltr'><strong>sexta‘.</strong></span> <span class='ocrx_word' id='word_1_719' title='bbox 638 5075 843 5132; x_wconf 87' lang='lat' dir='ltr'><strong>Prioris</strong></span> <span class='ocrx_word' id='word_1_720' title='bbox 875 5077 1028 5130; x_wconf 91' lang='lat' dir='ltr'><strong>locus</strong></span> <span class='ocrx_word' id='word_1_721' title='bbox 1063 5076 1115 5127; x_wconf 91' lang='lat' dir='ltr'><strong>in</strong></span> <span class='ocrx_word' id='word_1_722' title='bbox 1144 5074 1287 5128; x_wconf 90' lang='lat' dir='ltr'><strong>binis</strong></span> <span class='ocrx_word' id='word_1_723' title='bbox 1312 5068 1519 5125; x_wconf 87' lang='lat' dir='ltr'><strong>levibus</strong></span> <span class='ocrx_word' id='word_1_724' title='bbox 1545 5070 1756 5124; x_wconf 89' lang='lat' dir='ltr'><strong>mendis</strong></span> <span class='ocrx_word' id='word_1_725' title='bbox 1786 5068 1987 5121; x_wconf 89' lang='lat' dir='ltr'><strong>cubat:</strong></span> 
     </span>
    </p>
   </div>
   <div class='ocr_carea' id='block_1_98' title="bbox 419 5140 1992 5214">
    <p class='ocr_par' dir='ltr' id='par_1_98' title="bbox 419 5140 1992 5214">
     <span class='ocr_line' id='line_1_98' title="bbox 419 5140 1992 5214; baseline -0.007 -15"><span class='ocrx_word' id='word_1_726' title='bbox 419 5147 709 5201; x_wconf 75' lang='lat' dir='ltr'><strong>Diximus:</strong></span> <span class='ocrx_word' id='word_1_727' title='bbox 754 5146 1009 5200; x_wconf 76' lang='lat' dir='ltr'><strong>Voluntas</strong></span> <span class='ocrx_word' id='word_1_728' title='bbox 1055 5144 1231 5214; x_wconf 85' lang='lat' dir='ltr'><strong>genuit</strong></span> <span class='ocrx_word' id='word_1_729' title='bbox 1268 5141 1629 5214; x_wconf 67' lang='lat' dir='ltr'><strong>voluntatem,</strong></span> <span class='ocrx_word' id='word_1_730' title='bbox 1660 5140 1794 5214; x_wconf 84' lang='lat' dir='ltr'><strong>sicut</strong></span> <span class='ocrx_word' id='word_1_731' title='bbox 1824 5146 1872 5214; x_wconf 82' lang='lat' dir='ltr'><strong>et</strong></span> <span class='ocrx_word' id='word_1_732' title='bbox 1903 5153 1992 5214; x_wconf 78' lang='lat' dir='ltr'><strong>sa-</strong></span> 
     </span>
    </p>
   </div>
   <div class='ocr_carea' id='block_1_99' title="bbox 420 5207 1989 5287">
    <p class='ocr_par' dir='ltr' id='par_1_99' title="bbox 420 5207 1989 5287">
     <span class='ocr_line' id='line_1_99' title="bbox 420 5207 1989 5287; baseline -0.008 -17"><span class='ocrx_word' id='word_1_733' title='bbox 420 5220 614 5276; x_wconf 84' lang='lat' dir='ltr'><strong>pientia</strong></span> <span class='ocrx_word' id='word_1_734' title='bbox 638 5219 975 5287; x_wconf 75' lang='lat' dir='ltr'><strong>sapientiam.</strong></span> <span class='ocrx_word' id='word_1_735' title='bbox 1015 5207 1165 5281; x_wconf 62' lang='lat' dir='ltr'><strong>Quod</strong></span> <span class='ocrx_word' id='word_1_736' title='bbox 1200 5214 1279 5287; x_wconf 82' lang='lat' dir='ltr'><strong>vir</strong></span> <span class='ocrx_word' id='word_1_737' title='bbox 1316 5212 1406 5287; x_wconf 77' lang='lat' dir='ltr'><strong>ille</strong></span> <span class='ocrx_word' id='word_1_738' title='bbox 1446 5212 1712 5287; x_wconf 82' lang='lat' dir='ltr'><strong>incuriosa</strong></span> <span class='ocrx_word' id='word_1_739' title='bbox 1754 5207 1989 5287; x_wconf 75' lang='lat' dir='ltr'><strong>lectionis</strong></span> 
     </span>
    </p>
   </div>
   <div class='ocr_carea' id='block_1_100' title="bbox 422 5278 1992 5356">
    <p class='ocr_par' dir='ltr' id='par_1_100' title="bbox 422 5278 1992 5356">
     <span class='ocr_line' id='line_1_100' title="bbox 422 5278 1992 5356; baseline -0.01 -15"><span class='ocrx_word' id='word_1_740' title='bbox 422 5278 817 5343; x_wconf 69' lang='lat' dir='ltr'><strong>transcursiom</strong></span> <span class='ocrx_word' id='word_1_741' title='bbox 837 5278 1162 5356; x_wconf 76' lang='lat' dir='ltr'><strong>prwtcriens,</strong></span> <span class='ocrx_word' id='word_1_742' title='bbox 1184 5283 1505 5356; x_wconf 76' lang='lat' dir='ltr'><strong>existimavit</strong></span> <span class='ocrx_word' id='word_1_743' title='bbox 1534 5280 1643 5356; x_wconf 65' lang='lat' dir='ltr'><strong>lucc</strong></span> <span class='ocrx_word' id='word_1_744' title='bbox 1674 5282 1791 5348; x_wconf 87' lang='lat' dir='ltr'><strong>ipsa</strong></span> <span class='ocrx_word' id='word_1_745' title='bbox 1821 5278 1992 5356; x_wconf 61' lang='lat' dir='ltr'><strong>norni-</strong></span> 
     </span>
    </p>
   </div>
   <div class='ocr_carea' id='block_1_101' title="bbox 423 5347 1991 5427">
    <p class='ocr_par' dir='ltr' id='par_1_101' title="bbox 423 5347 1991 5427">
     <span class='ocr_line' id='line_1_101' title="bbox 423 5347 1991 5427; baseline -0.01 -14"><span class='ocrx_word' id='word_1_746' title='bbox 423 5375 509 5423; x_wconf 70' lang='grc' dir='ltr'><strong>κα,</strong></span> <span class='ocrx_word' id='word_1_747' title='bbox 542 5360 598 5413; x_wconf 87' lang='lat' dir='ltr'><strong>id</strong></span> <span class='ocrx_word' id='word_1_748' title='bbox 614 5347 909 5427; x_wconf 56' lang='lat' dir='ltr'><strong>est(lege&#39;in</strong></span> <span class='ocrx_word' id='word_1_749' title='bbox 928 5367 1019 5409; x_wconf 91' lang='lat' dir='ltr'><strong>aut</strong></span> <span class='ocrx_word' id='word_1_750' title='bbox 1038 5347 1629 5427; x_wconf 74' lang='lat' dir='ltr'><strong>potiusjuxta,errandi</strong></span> <span class='ocrx_word' id='word_1_751' title='bbox 1651 5347 1870 5427; x_wconf 78' lang='lat' dir='ltr'><strong>oecasio</strong></span> <span class='ocrx_word' id='word_1_752' title='bbox 1890 5347 1991 5399; x_wconf 88' lang='lat' dir='ltr'><strong>fuit</strong></span> 
     </span>
    </p>
   </div>
   <div class='ocr_carea' id='block_1_102' title="bbox 426 5420 1990 5498">
    <p class='ocr_par' dir='ltr' id='par_1_102' title="bbox 426 5420 1990 5498">
     <span class='ocr_line' id='line_1_102' title="bbox 426 5420 1990 5498; baseline -0.01 -14"><span class='ocrx_word' id='word_1_753' title='bbox 426 5420 683 5485; x_wconf 76' lang='lat' dir='ltr'><strong>breviatis</strong></span> <span class='ocrx_word' id='word_1_754' title='bbox 706 5420 1009 5498; x_wconf 73' lang='lat' dir='ltr'><strong>Scriptura)</strong></span> <span class='ocrx_word' id='word_1_755' title='bbox 1031 5420 1328 5498; x_wconf 73' lang='lat' dir='ltr'><strong>relativum,</strong></span> <span class='ocrx_word' id='word_1_756' title='bbox 1354 5420 1990 5498; x_wconf 79' lang='lat' dir='ltr'><strong>aut_serundum_compa-</strong></span> 
     </span>
    </p>
   </div>
   <div class='ocr_carea' id='block_1_103' title="bbox 424 5489 1991 5561">
    <p class='ocr_par' dir='ltr' id='par_1_103' title="bbox 424 5489 1991 5561">
     <span class='ocr_line' id='line_1_103' title="bbox 424 5489 1991 5561; baseline -0.01 -8"><span class='ocrx_word' id='word_1_757' title='bbox 424 5501 682 5554; x_wconf 86' lang='lat' dir='ltr'><strong>rationem</strong></span> <span class='ocrx_word' id='word_1_758' title='bbox 702 5489 945 5552; x_wconf 72' lang='lat' dir='ltr'><strong>humana:</strong></span> <span class='ocrx_word' id='word_1_759' title='bbox 971 5489 1158 5550; x_wconf 75' lang='lat' dir='ltr'><strong>mentis</strong></span> <span class='ocrx_word' id='word_1_760' title='bbox 1197 5510 1289 5547; x_wconf 89' lang='lat' dir='ltr'><strong>nos</strong></span> <span class='ocrx_word' id='word_1_761' title='bbox 1321 5493 1575 5561; x_wconf 76' lang='lat' dir='ltr'><strong>posuisse.</strong></span> <span class='ocrx_word' id='word_1_762' title='bbox 1604 5500 1711 5545; x_wconf 86' lang='lat' dir='ltr'><strong>etc.</strong></span> <span class='ocrx_word' id='word_1_763' title='bbox 1746 5489 1858 5542; x_wconf 75' lang='lat' dir='ltr'><strong>Nos</strong></span> <span class='ocrx_word' id='word_1_764' title='bbox 1889 5503 1991 5540; x_wconf 83' lang='lat' dir='ltr'><strong>att--</strong></span> 
     </span>
    </p>
   </div>
   <div class='ocr_carea' id='block_1_104' title="bbox 427 5561 1993 5631">
    <p class='ocr_par' dir='ltr' id='par_1_104' title="bbox 427 5561 1993 5631">
     <span class='ocr_line' id='line_1_104' title="bbox 427 5561 1993 5631; baseline -0.009 -7"><span class='ocrx_word' id='word_1_765' title='bbox 427 5581 528 5624; x_wconf 84' lang='lat' dir='ltr'><strong>tem</strong></span> <span class='ocrx_word' id='word_1_766' title='bbox 578 5587 681 5624; x_wconf 86' lang='lat' dir='ltr'><strong>non</strong></span> <span class='ocrx_word' id='word_1_767' title='bbox 729 5570 1012 5623; x_wconf 85' lang='lat' dir='ltr'><strong>secundum</strong></span> <span class='ocrx_word' id='word_1_768' title='bbox 1068 5567 1201 5619; x_wconf 81' lang='lat' dir='ltr'><strong>hanc</strong></span> <span class='ocrx_word' id='word_1_769' title='bbox 1256 5563 1699 5631; x_wconf 87' lang='lat' dir='ltr'><strong>comparationem</strong></span> <span class='ocrx_word' id='word_1_770' title='bbox 1749 5561 1993 5612; x_wconf 57' lang='lat' dir='ltr'><strong>humata:</strong></span> 
     </span>
    </p>
   </div>
   <div class='ocr_carea' id='block_1_105' title="bbox 426 5632 1993 5703">
    <p class='ocr_par' dir='ltr' id='par_1_105' title="bbox 426 5632 1993 5703">
     <span class='ocr_line' id='line_1_105' title="bbox 426 5632 1993 5703; baseline -0.009 -10"><span class='ocrx_word' id='word_1_771' title='bbox 426 5643 635 5703; x_wconf 86' lang='lat' dir='ltr'><strong>mentis,</strong></span> <span class='ocrx_word' id='word_1_772' title='bbox 662 5656 749 5692; x_wconf 85' lang='lat' dir='ltr'><strong>nec</strong></span> <span class='ocrx_word' id='word_1_773' title='bbox 773 5640 1056 5693; x_wconf 72' lang='lat' dir='ltr'><strong>secundum</strong></span> <span class='ocrx_word' id='word_1_774' title='bbox 1080 5636 1374 5696; x_wconf 73' lang='lat' dir='ltr'><strong>relativum,</strong></span> <span class='ocrx_word' id='word_1_775' title='bbox 1402 5633 1487 5685; x_wconf 76' lang='lat' dir='ltr'><strong>sed</strong></span> <span class='ocrx_word' id='word_1_776' title='bbox 1513 5632 1796 5685; x_wconf 80' lang='lat' dir='ltr'><strong>secundum</strong></span> <span class='ocrx_word' id='word_1_777' title='bbox 1817 5644 1993 5682; x_wconf 86' lang='lat' dir='ltr'><strong>essen-</strong></span> 
     </span>
    </p>
   </div>
   <div class='ocr_carea' id='block_1_106' title="bbox 430 5703 1992 5764">
    <p class='ocr_par' dir='ltr' id='par_1_106' title="bbox 430 5703 1992 5764">
     <span class='ocr_line' id='line_1_106' title="bbox 430 5703 1992 5764; baseline -0.006 -5"><span class='ocrx_word' id='word_1_778' title='bbox 430 5710 561 5760; x_wconf 86' lang='lat' dir='ltr'><strong>tiam</strong></span> <span class='ocrx_word' id='word_1_779' title='bbox 610 5710 880 5762; x_wconf 69' lang='lat' dir='ltr'><strong>diximus:</strong></span> <span class='ocrx_word' id='word_1_780' title='bbox 919 5708 1170 5761; x_wconf 75' lang='lat' dir='ltr'><strong>Voluntas</strong></span> <span class='ocrx_word' id='word_1_781' title='bbox 1206 5720 1271 5759; x_wconf 77' lang='lat' dir='ltr'><strong>ea:</strong></span> <span class='ocrx_word' id='word_1_782' title='bbox 1310 5704 1609 5764; x_wconf 86' lang='lat' dir='ltr'><strong>voluntate,</strong></span> <span class='ocrx_word' id='word_1_783' title='bbox 1650 5703 1784 5755; x_wconf 88' lang='lat' dir='ltr'><strong>sicut</strong></span> <span class='ocrx_word' id='word_1_784' title='bbox 1817 5709 1865 5752; x_wconf 89' lang='lat' dir='ltr'><strong>et</strong></span> <span class='ocrx_word' id='word_1_785' title='bbox 1902 5715 1992 5752; x_wconf 85' lang='lat' dir='ltr'><strong>sa-</strong></span> 
     </span>
    </p>
   </div>
   <div class='ocr_carea' id='block_1_107' title="bbox 434 5768 1989 5847">
    <p class='ocr_par' dir='ltr' id='par_1_107' title="bbox 434 5768 1989 5847">
     <span class='ocr_line' id='line_1_107' title="bbox 434 5768 1989 5847; baseline -0.005 -18"><span class='ocrx_word' id='word_1_786' title='bbox 434 5778 628 5845; x_wconf 82' lang='lat' dir='ltr'><strong>pientia</strong></span> <span class='ocrx_word' id='word_1_787' title='bbox 648 5793 714 5833; x_wconf 74' lang='lat' dir='ltr'><strong>ex</strong></span> <span class='ocrx_word' id='word_1_788' title='bbox 744 5780 1022 5846; x_wconf 80' lang='lat' dir='ltr'><strong>sapientia.</strong></span> <span class='ocrx_word' id='word_1_789' title='bbox 1053 5776 1165 5831; x_wconf 83' lang='lat' dir='ltr'><strong>Hoc</strong></span> <span class='ocrx_word' id='word_1_790' title='bbox 1191 5778 1327 5830; x_wconf 87' lang='lat' dir='ltr'><strong>enim</strong></span> <span class='ocrx_word' id='word_1_791' title='bbox 1354 5789 1417 5829; x_wconf 72' lang='lat' dir='ltr'><strong>ex</strong></span> <span class='ocrx_word' id='word_1_792' title='bbox 1445 5772 1634 5847; x_wconf 80' lang='lat' dir='ltr'><strong>(dubio</strong></span> <span class='ocrx_word' id='word_1_793' title='bbox 1672 5771 1861 5843; x_wconf 82' lang='lat' dir='ltr'><strong>procul</strong></span> <span class='ocrx_word' id='word_1_794' title='bbox 1889 5768 1989 5840; x_wconf 82' lang='lat' dir='ltr'><strong>est)</strong></span> 
     </span>
    </p>
   </div>
   <div class='ocr_carea' id='block_1_108' title="bbox 2093 4569 3652 4645">
    <p class='ocr_par' dir='ltr' id='par_1_108' title="bbox 2093 4569 3652 4645">
     <span class='ocr_line' id='line_1_108' title="bbox 2093 4569 3652 4645; baseline -0.006 -16"><span class='ocrx_word' id='word_1_795' title='bbox 2093 4578 2288 4630; x_wconf 89' lang='lat' dir='ltr'><strong>damus</strong></span> <span class='ocrx_word' id='word_1_796' title='bbox 2321 4569 2681 4645; x_wconf 55' lang='lat' dir='ltr'><strong>Epiplia&#39;nium</strong></span> <span class='ocrx_word' id='word_1_797' title='bbox 2719 4573 2986 4645; x_wconf 69' lang='lat' dir='ltr'><strong>haereseos</strong></span> <span class='ocrx_word' id='word_1_798' title='bbox 3017 4572 3163 4645; x_wconf 70' lang='lat' dir='ltr'><strong>illius</strong></span> <span class='ocrx_word' id='word_1_799' title='bbox 3197 4573 3376 4645; x_wconf 71' lang='lat' dir='ltr'><strong>capite</strong></span> <span class='ocrx_word' id='word_1_800' title='bbox 3418 4570 3530 4645; x_wconf 52' lang='lat'><strong>16;</strong></span> <span class='ocrx_word' id='word_1_801' title='bbox 3560 4569 3652 4620; x_wconf 77' lang='grc' dir='ltr'><strong>Δύο</strong></span> 
     </span>
    </p>
   </div>
   <div class='ocr_carea' id='block_1_109' title="bbox 2090 4639 3646 4712">
    <p class='ocr_par' dir='ltr' id='par_1_109' title="bbox 2090 4639 3646 4712">
     <span class='ocr_line' id='line_1_109' title="bbox 2090 4639 3646 4712; baseline -0.006 -14"><span class='ocrx_word' id='word_1_802' title='bbox 2090 4645 2145 4698; x_wconf 81' lang='grc' dir='ltr'><strong>δέ</strong></span> <span class='ocrx_word' id='word_1_803' title='bbox 2178 4663 2346 4712; x_wconf 84' lang='grc' dir='ltr'><strong>τινας,</strong></span> <span class='ocrx_word' id='word_1_804' title='bbox 2366 4639 2462 4707; x_wconf 59' lang='grc' dir='ltr'><strong>Ἦὶς</strong></span> <span class='ocrx_word' id='word_1_805' title='bbox 2495 4646 2648 4712; x_wconf 65' lang='grc' dir='ltr'><strong>ἔφην,</strong></span> <span class='ocrx_word' id='word_1_806' title='bbox 2684 4642 3000 4695; x_wconf 78' lang='grc' dir='ltr'>συνιστῶσιν</span> <span class='ocrx_word' id='word_1_807' title='bbox 3024 4643 3088 4712; x_wconf 73' lang='grc' dir='ltr'><strong>ἐκ</strong></span> <span class='ocrx_word' id='word_1_808' title='bbox 3117 4639 3251 4712; x_wconf 57' lang='lat' dir='ltr'><strong>QEO);</strong></span> <span class='ocrx_word' id='word_1_809' title='bbox 3271 4640 3646 4712; x_wconf 47' lang='lat' dir='ltr'><strong>caraypévoa;</strong></span> 
     </span>
    </p>
   </div>
   <div class='ocr_carea' id='block_1_110' title="bbox 2090 4708 3651 4787">
    <p class='ocr_par' dir='ltr' id='par_1_110' title="bbox 2090 4708 3651 4787">
     <span class='ocr_line' id='line_1_110' title="bbox 2090 4708 3651 4787; baseline -0.006 -20"><span class='ocrx_word' id='word_1_810' title='bbox 2090 4716 2185 4769; x_wconf 70' lang='grc' dir='ltr'><strong>ἕνα</strong></span> <span class='ocrx_word' id='word_1_811' title='bbox 2228 4708 2342 4787; x_wconf 66' lang='grc' dir='ltr'><strong>μὲεῖ</strong></span> <span class='ocrx_word' id='word_1_812' title='bbox 2365 4715 2455 4787; x_wconf 71' lang='grc' dir='ltr'>τὸν</span> <span class='ocrx_word' id='word_1_813' title='bbox 2484 4708 2715 4787; x_wconf 63' lang='grc' dir='ltr'>Χρίστὸν</span> <span class='ocrx_word' id='word_1_814' title='bbox 2740 4756 2753 4778; x_wconf 84' lang='grc'><strong>,</strong></span> <span class='ocrx_word' id='word_1_815' title='bbox 2785 4714 2878 4787; x_wconf 63' lang='grc' dir='ltr'><strong>ζνα</strong></span> <span class='ocrx_word' id='word_1_816' title='bbox 2903 4711 3078 4787; x_wconf 81' lang='grc' dir='ltr'><strong>τὸν</strong></span> <span class='ocrx_word' id='word_1_817' title='bbox 3117 4710 3380 4787; x_wconf 62' lang='grc' dir='ltr'><strong>διάβρλον.</strong></span> <span class='ocrx_word' id='word_1_818' title='bbox 3425 4708 3531 4787; x_wconf 38' lang='lat' dir='ltr'><strong>Ilia).</strong></span> <span class='ocrx_word' id='word_1_819' title='bbox 3558 4708 3651 4787; x_wconf 37' lang='grc' dir='ltr'><strong>,τὸν</strong></span> 
     </span>
    </p>
   </div>
   <div class='ocr_carea' id='block_1_111' title="bbox 2094 4778 3649 4856">
    <p class='ocr_par' dir='ltr' id='par_1_111' title="bbox 2094 4778 3649 4856">
     <span class='ocr_line' id='line_1_111' title="bbox 2094 4778 3649 4856; baseline -0.007 -17"><span class='ocrx_word' id='word_1_820' title='bbox 2094 4788 2192 4856; x_wconf 83' lang='grc' dir='ltr'><strong>μὲν</strong></span> <span class='ocrx_word' id='word_1_821' title='bbox 2224 4778 2454 4856; x_wconf 75' lang='grc' dir='ltr'><strong>Χριστὸν</strong></span> <span class='ocrx_word' id='word_1_822' title='bbox 2483 4778 2699 4856; x_wconf 55' lang='grc' dir='ltr'><strong>λέγρξαᾳι</strong></span> <span class='ocrx_word' id='word_1_823' title='bbox 2727 4783 2823 4856; x_wconf 54' lang='grc' dir='ltr'><strong>ᾖτρῇ</strong></span> <span class='ocrx_word' id='word_1_824' title='bbox 2860 4782 3141 4856; x_wconf 51' lang='grc' dir='ltr'><strong>μέλλογτος</strong></span> <span class='ocrx_word' id='word_1_825' title='bbox 3166 4779 3360 4841; x_wconf 81' lang='grc' dir='ltr'><strong>αἰῶνος</strong></span> <span class='ocrx_word' id='word_1_826' title='bbox 3389 4778 3649 4856; x_wconf 47' lang='lat' dir='ltr'><strong>{ﬁgebat</strong></span> 
     </span>
    </p>
   </div>
   <div class='ocr_carea' id='block_1_112' title="bbox 2089 4846 3649 4928">
    <p class='ocr_par' dir='ltr' id='par_1_112' title="bbox 2089 4846 3649 4928">
     <span class='ocr_line' id='line_1_112' title="bbox 2089 4846 3649 4928; baseline -0.006 -21"><span class='ocrx_word' id='word_1_827' title='bbox 2089 4846 2180 4928; x_wconf 63' lang='grc' dir='ltr'><strong>Ῑτὸγ</strong></span> <span class='ocrx_word' id='word_1_828' title='bbox 2213 4846 2428 4928; x_wconf 68' lang='grc' dir='ltr'>κλῆρον·</span> <span class='ocrx_word' id='word_1_829' title='bbox 2464 4846 2920 4928; x_wconf 41' lang='lat' dir='ltr'><strong>cessassem»,</strong></span> <span class='ocrx_word' id='word_1_830' title='bbox 2944 4851 3129 4928; x_wconf 50' lang='lat' dir='ltr'><strong>contos;</strong></span> <span class='ocrx_word' id='word_1_831' title='bbox 3158 4846 3549 4928; x_wconf 62' lang='grc' dir='ltr'><strong>πεπιᾳτεῦσθάι</strong></span> <span class='ocrx_word' id='word_1_832' title='bbox 3570 4846 3649 4928; x_wconf 56' lang='lat' dir='ltr'><strong>rev</strong></span> 
     </span>
    </p>
   </div>
   <div class='ocr_carea' id='block_1_113' title="bbox 2090 4914 3648 4997">
    <p class='ocr_par' dir='ltr' id='par_1_113' title="bbox 2090 4914 3648 4997">
     <span class='ocr_line' id='line_1_113' title="bbox 2090 4914 3648 4997; baseline -0.008 -19"><span class='ocrx_word' id='word_1_833' title='bbox 2090 4927 2276 4978; x_wconf 80' lang='grc' dir='ltr'><strong>αἰῶνα·</strong></span> <span class='ocrx_word' id='word_1_834' title='bbox 2302 4914 2368 4979; x_wconf 63' lang='grc' dir='ltr'>ἔκ</span> <span class='ocrx_word' id='word_1_835' title='bbox 2398 4924 2709 4997; x_wconf 71' lang='grc' dir='ltr'><strong>προσταγῆς</strong></span> <span class='ocrx_word' id='word_1_836' title='bbox 2731 4914 3012 4997; x_wconf 30' lang='grc' dir='ltr'><strong>ᾷῆθεκίςτοῧ</strong></span> <span class='ocrx_word' id='word_1_837' title='bbox 3045 4919 3501 4997; x_wconf 55' lang='grc' dir='ltr'><strong>πανῖοκράῖρρος,</strong></span> <span class='ocrx_word' id='word_1_838' title='bbox 3525 4914 3648 4997; x_wconf 55' lang='grc' dir='ltr'><strong>χειτὰ</strong></span> 
     </span>
    </p>
   </div>
   <div class='ocr_carea' id='block_1_114' title="bbox 2090 4988 3647 5068">
    <p class='ocr_par' dir='ltr' id='par_1_114' title="bbox 2090 4988 3647 5068">
     <span class='ocr_line' id='line_1_114' title="bbox 2090 4988 3647 5068; baseline -0.008 -19"><span class='ocrx_word' id='word_1_839' title='bbox 2090 4999 2305 5068; x_wconf 76' lang='grc' dir='ltr'><strong>αἴτησιν</strong></span> <span class='ocrx_word' id='word_1_840' title='bbox 2334 4988 2846 5068; x_wconf 36' lang='grc' dir='ltr'><strong>ὲκαέέρωνάὖτῴὒ.-</strong></span> <span class='ocrx_word' id='word_1_841' title='bbox 2866 4991 3008 5045; x_wconf 81' lang='lat' dir='ltr'><strong>Duos</strong></span> <span class='ocrx_word' id='word_1_842' title='bbox 3030 5032 3044 5054; x_wconf 95' lang='lat'><strong>,</strong></span> <span class='ocrx_word' id='word_1_843' title='bbox 3081 4988 3285 5068; x_wconf 72' lang='lat' dir='ltr'><strong>ut__junt_</strong></span> <span class='ocrx_word' id='word_1_844' title='bbox 3312 4989 3466 5068; x_wconf 52' lang='lat' dir='ltr'><strong>dixi1</strong></span> <span class='ocrx_word' id='word_1_845' title='bbox 3492 5006 3523 5039; x_wconf 92' lang='lat' dir='ltr'><strong>a</strong></span> <span class='ocrx_word' id='word_1_846' title='bbox 3551 4988 3647 5039; x_wconf 79' lang='lat' dir='ltr'><strong>Deo</strong></span> 
     </span>
    </p>
   </div>
   <div class='ocr_carea' id='block_1_115' title="bbox 2091 5059 3646 5126">
    <p class='ocr_par' dir='ltr' id='par_1_115' title="bbox 2091 5059 3646 5126">
     <span class='ocr_line' id='line_1_115' title="bbox 2091 5059 3646 5126; baseline -0.009 -7"><span class='ocrx_word' id='word_1_847' title='bbox 2091 5059 2402 5121; x_wconf 71' lang='lat' dir='ltr'><strong>constitutos</strong></span> <span class='ocrx_word' id='word_1_848' title='bbox 2424 5059 2662 5120; x_wconf 75' lang='lat' dir='ltr'><strong>asserunt</strong></span> <span class='ocrx_word' id='word_1_849' title='bbox 2682 5080 2700 5126; x_wconf 88' lang='lat'><strong><em>;</em></strong></span> <span class='ocrx_word' id='word_1_850' title='bbox 2720 5063 2987 5116; x_wconf 80' lang='lat' dir='ltr'><strong>Christum</strong></span> <span class='ocrx_word' id='word_1_851' title='bbox 3025 5071 3075 5114; x_wconf 80' lang='lat' dir='ltr'><strong>et</strong></span> <span class='ocrx_word' id='word_1_852' title='bbox 3105 5059 3397 5115; x_wconf 87' lang='lat' dir='ltr'><strong>diabolum.</strong></span> <span class='ocrx_word' id='word_1_853' title='bbox 3426 5060 3646 5124; x_wconf 83' lang='lat' dir='ltr'><strong>Quorum</strong></span> 
     </span>
    </p>
   </div>
   <div class='ocr_carea' id='block_1_116' title="bbox 2090 5132 3648 5204">
    <p class='ocr_par' dir='ltr' id='par_1_116' title="bbox 2090 5132 3648 5204">
     <span class='ocr_line' id='line_1_116' title="bbox 2090 5132 3648 5204; baseline -0.008 -15"><span class='ocrx_word' id='word_1_854' title='bbox 2090 5138 2175 5190; x_wconf 84' lang='lat' dir='ltr'><strong>illi</strong></span> <span class='ocrx_word' id='word_1_855' title='bbox 2217 5140 2405 5203; x_wconf 81' lang='lat' dir='ltr'><strong>futuri,</strong></span> <span class='ocrx_word' id='word_1_856' title='bbox 2442 5138 2561 5190; x_wconf 78' lang='lat' dir='ltr'><strong>huic</strong></span> <span class='ocrx_word' id='word_1_857' title='bbox 2608 5134 2885 5204; x_wconf 62' lang='lat' dir='ltr'><strong>prementis</strong></span> <span class='ocrx_word' id='word_1_858' title='bbox 2922 5132 3103 5186; x_wconf 71' lang='grc' dir='ltr'><strong>διεσαιὶ</strong></span> <span class='ocrx_word' id='word_1_859' title='bbox 3126 5138 3369 5204; x_wconf 82' lang='lat' dir='ltr'><strong>potestas</strong></span> <span class='ocrx_word' id='word_1_860' title='bbox 3410 5139 3485 5204; x_wconf 70' lang='lat' dir='ltr'><strong>est</strong></span> <span class='ocrx_word' id='word_1_861' title='bbox 3524 5141 3648 5204; x_wconf 48' lang='lat' dir='ltr'><strong>cont:</strong></span> 
     </span>
    </p>
   </div>
   <div class='ocr_carea' id='block_1_117' title="bbox 2092 5194 3644 5277">
    <p class='ocr_par' dir='ltr' id='par_1_117' title="bbox 2092 5194 3644 5277">
     <span class='ocr_line' id='line_1_117' title="bbox 2092 5194 3644 5277; baseline -0.008 -16"><span class='ocrx_word' id='word_1_862' title='bbox 2092 5194 2300 5263; x_wconf 72' lang='lat' dir='ltr'><strong>missa:</strong></span> <span class='ocrx_word' id='word_1_863' title='bbox 2339 5194 2492 5277; x_wconf 63' lang='lat' dir='ltr'><strong>idque</strong></span> <span class='ocrx_word' id='word_1_864' title='bbox 2530 5194 2659 5259; x_wconf 63' lang='lat' dir='ltr'><strong>adeo</strong></span> <span class='ocrx_word' id='word_1_865' title='bbox 2690 5204 3060 5273; x_wconf 77' lang='lat' dir='ltr'><strong>omnipotentis</strong></span> <span class='ocrx_word' id='word_1_866' title='bbox 3094 5194 3239 5277; x_wconf 63' lang='lat' dir='ltr'><strong>illius</strong></span> <span class='ocrx_word' id='word_1_867' title='bbox 3288 5194 3644 5277; x_wconf 34' lang='lat' dir='ltr'><strong>mandatonad</strong></span> 
     </span>
    </p>
   </div>
   <div class='ocr_carea' id='block_1_118' title="bbox 2086 5266 3642 5348">
    <p class='ocr_par' dir='ltr' id='par_1_118' title="bbox 2086 5266 3642 5348">
     <span class='ocr_line' id='line_1_118' title="bbox 2086 5266 3642 5348; baseline -0.01 -15"><span class='ocrx_word' id='word_1_868' title='bbox 2086 5266 2772 5348; x_wconf 74' lang='lat' dir='ltr'><strong>utriusquepostulationent</strong></span> <span class='ocrx_word' id='word_1_869' title='bbox 2792 5266 2904 5328; x_wconf 70' lang='lat' dir='ltr'><strong>esse</strong></span> <span class='ocrx_word' id='word_1_870' title='bbox 2926 5276 3147 5348; x_wconf 78' lang='lat' dir='ltr'><strong>factum.</strong></span> <span class='ocrx_word' id='word_1_871' title='bbox 3182 5270 3303 5335; x_wconf 83' lang='lat' dir='ltr'><strong>Quo</strong></span> <span class='ocrx_word' id='word_1_872' title='bbox 3320 5270 3535 5348; x_wconf 78' lang='lat' dir='ltr'><strong>_ex__loco</strong></span> <span class='ocrx_word' id='word_1_873' title='bbox 3564 5266 3642 5318; x_wconf 84' lang='lat' dir='ltr'><strong>lux</strong></span> 
     </span>
    </p>
   </div>
   <div class='ocr_carea' id='block_1_119' title="bbox 2090 5339 3642 5416">
    <p class='ocr_par' dir='ltr' id='par_1_119' title="bbox 2090 5339 3642 5416">
     <span class='ocr_line' id='line_1_119' title="bbox 2090 5339 3642 5416; baseline -0.009 -13"><span class='ocrx_word' id='word_1_874' title='bbox 2090 5339 2279 5403; x_wconf 60' lang='lat' dir='ltr'><strong>oritur&#39;</strong></span> <span class='ocrx_word' id='word_1_875' title='bbox 2308 5339 2466 5403; x_wconf 78' lang='lat' dir='ltr'><strong>alteri</strong></span> <span class='ocrx_word' id='word_1_876' title='bbox 2494 5348 2691 5416; x_wconf 85' lang='lat' dir='ltr'><strong>capilis</strong></span> <span class='ocrx_word' id='word_1_877' title='bbox 2720 5346 2773 5410; x_wconf 78' lang='lat'><strong>3,</strong></span> <span class='ocrx_word' id='word_1_878' title='bbox 2800 5339 2961 5416; x_wconf 83' lang='lat' dir='ltr'><strong>quem</strong></span> <span class='ocrx_word' id='word_1_879' title='bbox 3003 5345 3271 5410; x_wconf 87' lang='lat' dir='ltr'><strong>interpres</strong></span> <span class='ocrx_word' id='word_1_880' title='bbox 3320 5339 3642 5416; x_wconf 66' lang='lat' dir='ltr'><strong>indiligenter</strong></span> 
     </span>
    </p>
   </div>
   <div class='ocr_carea' id='block_1_120' title="bbox 2093 5404 3642 5481">
    <p class='ocr_par' dir='ltr' id='par_1_120' title="bbox 2093 5404 3642 5481">
     <span class='ocr_line' id='line_1_120' title="bbox 2093 5404 3642 5481; baseline -0.012 -7"><span class='ocrx_word' id='word_1_881' title='bbox 2093 5423 2147 5475; x_wconf 89' lang='lat' dir='ltr'><strong>in</strong></span> <span class='ocrx_word' id='word_1_882' title='bbox 2188 5419 2441 5473; x_wconf 82' lang='lat' dir='ltr'><strong>Latinum</strong></span> <span class='ocrx_word' id='word_1_883' title='bbox 2476 5404 3056 5472; x_wconf 42' lang='lat' dir='ltr'><strong>convertit&#39;fllévrwv</strong></span> <span class='ocrx_word' id='word_1_884' title='bbox 3098 5404 3162 5463; x_wconf 81' lang='grc' dir='ltr'><em>τέ</em></span> <span class='ocrx_word' id='word_1_885' title='bbox 3197 5404 3642 5481; x_wconf 35' lang='grc' dir='ltr'><strong>κυριεῷοντᾷηκαὶ</strong></span> 
     </span>
    </p>
   </div>
   <div class='ocr_carea' id='block_1_121' title="bbox 2091 5477 3639 5562">
    <p class='ocr_par' dir='ltr' id='par_1_121' title="bbox 2091 5477 3639 5562">
     <span class='ocr_line' id='line_1_121' title="bbox 2091 5477 3639 5562; baseline -0.01 -18"><span class='ocrx_word' id='word_1_886' title='bbox 2091 5489 2325 5562; x_wconf 72' lang='grc' dir='ltr'>Χριστὸν</span> <span class='ocrx_word' id='word_1_887' title='bbox 2350 5489 2620 5558; x_wconf 82' lang='grc' dir='ltr'><strong>λέγεσθαι,</strong></span> <span class='ocrx_word' id='word_1_888' title='bbox 2649 5488 2737 5538; x_wconf 83' lang='grc' dir='ltr'>τὸν</span> <span class='ocrx_word' id='word_1_889' title='bbox 2765 5488 2941 5538; x_wconf 72' lang='grc' dir='ltr'>ἐκεῖσε</span> <span class='ocrx_word' id='word_1_890' title='bbox 2964 5485 3020 5537; x_wconf 83' lang='grc' dir='ltr'><strong>δὲ</strong></span> <span class='ocrx_word' id='word_1_891' title='bbox 3054 5482 3233 5562; x_wconf 60' lang='grc' dir='ltr'><strong>ιιὶᾧναζ</strong></span> <span class='ocrx_word' id='word_1_892' title='bbox 3256 5477 3639 5562; x_wconf 58' lang='grc' dir='ltr'><strong>πὲεχληρῷσθαξ.</strong></span> 
     </span>
    </p>
   </div>
   <div class='ocr_carea' id='block_1_122' title="bbox 2093 5553 3637 5643">
    <p class='ocr_par' dir='ltr' id='par_1_122' title="bbox 2093 5553 3637 5643">
     <span class='ocr_line' id='line_1_122' title="bbox 2093 5553 3637 5643; baseline -0.01 -30"><span class='ocrx_word' id='word_1_893' title='bbox 2093 5553 2207 5615; x_wconf 75' lang='lat' dir='ltr'><strong>Hoc</strong></span> <span class='ocrx_word' id='word_1_894' title='bbox 2238 5573 2375 5643; x_wconf 71' lang='lat' dir='ltr'><strong>cst_:</strong></span> <span class='ocrx_word' id='word_1_895' title='bbox 2406 5553 2839 5643; x_wconf 44' lang='lat' dir='ltr'><strong>{ttquepmmuin</strong></span> <span class='ocrx_word' id='word_1_896' title='bbox 2874 5572 3048 5609; x_wconf 85' lang='lat' dir='ltr'><strong>rerum</strong></span> <span class='ocrx_word' id='word_1_897' title='bbox 3091 5553 3637 5629; x_wconf 47' lang='lat' dir='ltr'><strong>dominatumuencre,</strong></span> 
     </span>
    </p>
   </div>
   <div class='ocr_carea' id='block_1_123' title="bbox 2092 5621 3640 5702">
    <p class='ocr_par' dir='ltr' id='par_1_123' title="bbox 2092 5621 3640 5702">
     <span class='ocr_line' id='line_1_123' title="bbox 2092 5621 3640 5702; baseline -0.011 -17"><span class='ocrx_word' id='word_1_898' title='bbox 2092 5643 2141 5685; x_wconf 87' lang='lat' dir='ltr'><strong>et</strong></span> <span class='ocrx_word' id='word_1_899' title='bbox 2171 5631 2429 5702; x_wconf 74' lang='lat' dir='ltr'><strong>appellari</strong></span> <span class='ocrx_word' id='word_1_900' title='bbox 2465 5621 2779 5702; x_wconf 64' lang='lat' dir='ltr'><strong>Christum:</strong></span> <span class='ocrx_word' id='word_1_901' title='bbox 2810 5628 2862 5682; x_wconf 87' lang='lat' dir='ltr'><strong>in</strong></span> <span class='ocrx_word' id='word_1_902' title='bbox 2895 5636 3092 5681; x_wconf 80' lang='lat' dir='ltr'><strong>sortem</strong></span> <span class='ocrx_word' id='word_1_903' title='bbox 3126 5638 3243 5678; x_wconf 75' lang='lat' dir='ltr'><strong>vero</strong></span> <span class='ocrx_word' id='word_1_904' title='bbox 3275 5621 3527 5687; x_wconf 70' lang='lat' dir='ltr'><strong>accepisse</strong></span> <span class='ocrx_word' id='word_1_905' title='bbox 3552 5631 3640 5670; x_wconf 59' lang='lat' dir='ltr'><strong>sit»</strong></span> 
     </span>
    </p>
   </div>
   <div class='ocr_carea' id='block_1_124' title="bbox 2094 5700 2715 5771">
    <p class='ocr_par' dir='ltr' id='par_1_124' title="bbox 2094 5700 2715 5771">
     <span class='ocr_line' id='line_1_124' title="bbox 2094 5700 2715 5771; baseline -0.011 -14"><span class='ocrx_word' id='word_1_906' title='bbox 2094 5700 2268 5759; x_wconf 81' lang='lat' dir='ltr'><strong>culum</strong></span> <span class='ocrx_word' id='word_1_907' title='bbox 2292 5703 2428 5771; x_wconf 76' lang='lat' dir='ltr'><strong>quod</strong></span> <span class='ocrx_word' id='word_1_908' title='bbox 2453 5700 2565 5754; x_wconf 81' lang='lat' dir='ltr'><strong>illic</strong></span> <span class='ocrx_word' id='word_1_909' title='bbox 2592 5701 2715 5752; x_wconf 82' lang='lat' dir='ltr'><strong>erit.</strong></span> 
     </span>
    </p>
   </div>
  </div>
