3890 6192
294 297 430 354 ηειι

1508 297 2077 356 RECOGNITIONUM
2113 300 2238 355 LIB.
2274 302 2321 355 1.

3398 303 3537 358 1222

287 413 444 468 ribus
482 408 864 468 benedictione
906 419 1194 484 suscepta,
1225 411 1535 468 clarissima
1579 413 1704 468 luce
1746 411 1856 466 ful—
1888 418 1932 472 Α
1960 419 2016 467 et
2060 411 2130 467 de
2159 411 2422 467 memoria
2449 413 2612 482 rapit,
2651 413 2816 466 etiam
2842 412 2890 469 si
2905 411 3036 467 velit
3064 410 3263 468 salvari
3294 427 3408 468 non
3439 430 3538 485 po.

284 514 497 576 gentes,
536 504 836 561 introducti
867 505 936 560 ad
966 513 1224 561 aeternam
1250 506 1433 563 sedem
1453 546 1468 571 ,
1496 512 1551 562 et
1594 506 1649 561 in
1679 506 1861 560 incor-

283 597 543 667 ruptione
583 597 881 666 durantes,
924 598 1280 654 inell‘abilium
1328 599 1598 654 bonorum
1631 611 1859 653 munera

284 693 495 742 aeterna
530 687 856 757 percipiant.
1478 710 1481 713 π

356 797 525 855 XXV.
568 800 693 855 Haec
723 817 808 857 me
840 812 1221 872 prosequente,
1252 803 1451 874 gaudio
1476 802 1730 875 perfusus
1756 804 1857 860 Pc-

281 901 406 947 trus
437 899 491 947 et
522 899 782 962 tanquam
816 907 979 963 super
1022 893 1133 948 lilio
1171 894 1498 964 tripudians,
1535 910 1602 949 ne
1632 894 1771 949 forte
1800 896 1854 948 in

274 984 619 1053 reliquorum
649 983 909 1037 memoria
935 984 1200 1049 titubans,
1224 985 1603 1041 erubescerem
1634 996 1857 1055 propter

276 1090 377 1130 eos
408 1074 501 1144 qui
530 1074 795 1129 aderant:
824 1074 1076 1141 Sufficit,
1115 1076 1311 1146 inquit,
1354 1092 1386 1131 0
1417 1076 1709 1143 Clemens;
1740 1079 1856 1133 evi-

274 1166 498 1221 dentius
525 1165 669 1220 enim
696 1167 809 1220 haec
836 1182 998 1237 quam
1025 1182 1055 1221 a
1086 1183 1172 1223 me
1198 1169 1316 1238 ipso
1338 1171 1586 1239 exposita
1615 1169 1851 1233 fuerant,

274 1254 523 1310 edidisti.
551 1254 618 1309 Et
652 1271 752 1326 ego
783 1257 870 1311 aio
898 1277 910 1311 :
944 1256 1214 1313 Narrandi
1237 1259 1507 1324 ordinem,
1533 1270 1586 1315 et
1617 1262 1852 1319 lucidius

273 1360 341 1399 ea
372 1360 492 1415 qua:
516 1360 606 1401 res
648 1347 852 1417 expetit
892 1347 1226 1417 proferendi,
1265 1350 1503 1405 eruditio
1528 1351 1688 1407 nobis
1718 1368 1853 1407 con-

273 1436 405 1491 tulit
430 1437 697 1503 liberalis,
722 1454 830 1508 qua
863 1440 908 1495 si
940 1448 1161 1495 utamur
1183 1442 1240 1496 in
1270 1443 1613 1514 antiquitatis
1649 1447 1853 1500 errori-

270 1529 403 1595 bus,
432 1529 487 1583 in
517 1530 815 1600 perniciem
848 1532 970 1587 vitae
998 1535 1290 1590 verborum
1321 1536 1520 1591 decore
1562 1552 1626 1591 ac
1666 1538 1851 1593 suavi-

268 1630 386 1677 tate
425 1622 755 1693 decidimus;
789 1627 834 1682 si
877 1643 1007 1683 vero
1048 1627 1117 1683 ad
1164 1630 1515 1686 asserendam
1560 1632 1845 1688 veritatem

269 1713 637 1773 eruditionem
668 1721 937 1775 sermonis
964 1727 1017 1775 et
1045 1722 1274 1792 gratiam
1307 1721 1654 1780 conferamus
1675 1764 1689 1787 ,
1714 1732 1848 1795 puto

268 1822 339 1863 ex
378 1807 478 1862 hoc
506 1824 617 1863 non
656 1825 848 1880 parum
881 1812 1135 1868 utilitatis
1171 1815 1403 1884 acquiri.
1436 1813 1841 1882 Verumtamen,

269 1896 349 1950 mi
399 1896 620 1954 domine
668 1898 856 1965 Petre,
889 1910 1094 1973 quanta
1142 1918 1230 1959 me
1267 1904 1555 1961 arbitraris
1602 1909 1847 1976 gratula-

267 1988 421 2043 tione
447 1990 740 2056 sublatum,
772 2008 897 2047 cum
932 1995 988 2048 in
1018 1995 1231 2050 caeteris
1257 1996 1533 2061 omnibus,
1561 2007 1673 2051 tum
1706 2014 1846 2069 prte-

266 2079 431 2147 cipue
461 2079 517 2132 in
558 2080 708 2136 illius
744 2081 1008 2137 doctrinae
1054 2083 1345 2148 sententia,
1379 2100 1485 2154 qua
1519 2088 1600 2140 ais
1634 2104 1648 2141 :
1689 2086 1844 2143 Unus

264 2180 357 2227 est
400 2171 568 2237 Deus,
617 2176 775 2245 cujus
821 2190 960 2246 Opus
1008 2177 1245 2233 mundus
1294 2184 1416 2243 est,
1461 2178 1685 2249 quique,
1715 2180 1843 2251 quia

258 2263 452 2333 justus
490 2271 575 2319 est
620 2267 949 2322 omnimodis
973 2308 988 2333 ,
1032 2268 1329 2339 unicuique
1357 2285 1458 2339 pro
1486 2271 1700 2326 actibus
1728 2271 1842 2327 suis

262 2356 477 2411 reddet.
530 2356 597 2412 Et
645 2360 915 2430 posthaec
942 2359 1237 2426 addidisti,
1271 2361 1500 2418 dicens;
1535 2363 1640 2418 Pro
1682 2365 1843 2435 cujus

261 2450 536 2519 dogmatis
563 2453 865 2508 assertione
888 2454 1172 2510 innumera
1197 2459 1488 2512 verborum
1519 2458 1687 2512 millia
1723 2474 1841 2513 meo

218 2595 229 2605 _
260 2538 571 2608 vehuntur;
605 2542 699 2598 sed
730 2543 787 2597 in
816 2545 932 2609 his,
977 2546 1175 2616 quibus
1215 2548 1332 2602 veri
1379 2548 1656 2618 prophetae
1702 2564 1840 2603 con-

262 2646 425 2687 cessa
446 2642 528 2687 est
548 2636 797 2701 scientia,
822 2637 1001 2693 omnis
1024 2639 1128 2694 ista
1148 2639 1442 2694 verborum
1469 2641 1603 2695 silva
1625 2643 1842 2696 succisa

260 2730 371 2778 est.
418 2722 484 2777 Et
537 2736 756 2797 propter
794 2729 901 2783 hoc
945 2744 1069 2783 cum
1103 2731 1237 2785 mihi
1271 2731 1563 2787 tradideris
1599 2733 1667 2787 de
1707 2748 1840 2787 vero

259 2814 528 2883 propheta
550 2831 878 2884 sermonem,
904 2821 1050 2874 omni
1075 2837 1161 2877 me
1183 2823 1551 2877 assertionem
1585 2826 1841 2881 ﬁrmitate

259 2902 558 2961 roborasti.
585 2904 715 2961 Inde
736 2907 971 2978 denique
996 2925 1097 2979 ego
1123 2925 1246 2964 cum
1269 2912 1628 2968 advertissem
1655 2915 1709 2967 in
1734 2914 1839 2968 hoc

259 3014 537 3054 summam
578 2999 750 3056 totius
789 3003 1071 3073 religionis
1113 3004 1443 3077 pietatisque
1494 3007 1833 3070 consistere,

1964 505 2123 571 terit;
2160 504 2339 575 perdit
2366 505 2511 560 enim
2539 505 2705 569 viam,
2737 519 2844 575 qua
2874 505 3189 576 pervenitur
3237 505 3305 559 ad
3344 506 3532 564 vitam.

1962 595 2194 666 Propter
2221 596 2368 666 quod
2418 610 2485 652 eo
2515 596 2688 664 magis
2714 605 3030 664 repetamus
3062 612 3181 666 qua:
3205 597 3349 651 dicta
3382 608 3534 666 sunt,

1961 696 2015 744 et
2041 688 2431 744 confirmemus
2460 704 2524 745 ea
2574 689 2630 742 in
2652 689 2817 743 corde
2846 696 2977 755 tuo;
3012 687 3064 741 id
3122 697 3227 753 est,
3260 692 3536 760 quomodo

1958 783 2044 836 vel
2089 796 2119 835 a
2144 798 2252 853 quo
2280 781 2459 837 factus
2486 782 2557 837 sit
2587 781 2847 846 mundus,
2882 787 2939 834 ut
2968 780 3262 836 tendamus
3301 782 3369 836 ad
3398 784 3539 837 ami-

1961 875 2148 929 citiam
2188 873 2523 929 Conditoris.
2573 874 2831 929 Amicitia
2889 883 3071 927 autem
3110 874 3345 931 ellicitur
3395 877 3537 932 bene

1962 967 2196 1022 vivendo
2228 974 2282 1021 et
2303 966 2571 1021 voluntati
2605 967 2725 1036 ejus
2757 966 3085 1029 obediendo,
3128 984 3249 1038 qua:
3282 970 3538 1026 voluntas

1958 1058 2203 1111 omnium
2252 1058 2551 1113 viventium
2621 1060 2710 1114 lex
2744 1066 2883 1114 .est.
2941 1058 3188 1114 Breviter
3246 1076 3378 1131 ergo
3435 1062 3538 1118 tibi

1958 1149 2072 1204 haec
2098 1149 2289 1204 eadem
2345 1149 2604 1205 firmioris
2650 1165 2820 1205 causa
2878 1151 3154 1205 memoria:
3200 1159 3534 1210 retexcmus.

2024 1240 2239 1298 XXVII.
2285 1240 2343 1297 In
2402 1242 2676 1313 principio
2712 1257 2838 1297 cum
2876 1241 3099 1297 fecisset
3151 1242 3294 1298 Deus
3333 1245 3536 1299 cmlum

1953 1342 2007 1390 et
2045 1336 2336 1399 terram",
2370 1343 2633 1405 tanquam
2673 1334 2896 1389 domum
2936 1350 3122 1401 unam,
3150 1335 3270 1405 ipsa
3310 1352 3429 1407 quae
3467 1353 3537 1391 ex

1952 1429 2280 1499 corporibus
2319 1429 2508 1483 mundi
2550 1429 2764 1486 reddita
2802 1438 2888 1485 est
2917 1430 3134 1493 umbra,
3167 1430 3253 1484 his
3291 1446 3412 1501 qua:
3452 1430 3538 1484 in-

1952 1522 2227 1576 trinsecus
2264 1522 2452 1578 clausa
2491 1521 2738 1588 fuerant,
2776 1522 3031 1577 tenebras
3046 1536 3112 1577 ex
3130 1537 3189 1578 se
3226 1521 3395 1579 dedit.
3426 1521 3535 1579 Sed

1950 1627 2076 1666 cum
2104 1613 2359 1669 voluntas
2385 1613 2480 1670 Dei
2511 1614 2907 1671 introduxisset
2943 1615 3140 1679 lucem,
3166 1615 3403 1670 tenebrae
3430 1616 3536 1671 illa:

1951 1713 2072 1775 qna:
2110 1721 2176 1760 ex
2200 1707 2395 1761 umbra
2429 1723 2722 1778 corporqu
2754 1707 2913 1763 facta:
2945 1708 3163 1763 fuerant
3181 1707 3331 1779 ⁸(19),
3356 1709 3537 1763 conti-

1950 1813 2060 1852 nuo
2082 1798 2358 1854 devoratae
2386 1809 2551 1867 sunt;
2583 1808 2717 1855 tunc
2744 1799 2944 1856 deinde
2968 1801 3060 1855 lux
3092 1801 3147 1854 in
3185 1800 3352 1866 diem,
3381 1808 3535 1855 tene-

1948 1891 2062 1946 bra:
2095 1890 2429 1961 deputantur
2470 1896 2527 1948 in
2578 1902 2816 1950 noctem.
2865 1891 2986 1947 Jam
3044 1908 3174 1948 vero
3217 1907 3381 1963 aqua,
3412 1904 3535 1963 quae

1948 1993 2065 2040 erat
2094 1986 2237 2041 intra
2267 1989 2556 2053 mundum,
2587 1990 2642 2043 in
2681 1988 2862 2044 medio
2889 1986 3051 2057 primi
3092 1986 3241 2042 illius
3274 1986 3403 2041 εωιὶ
3432 1996 3538 2041 ter-

1948 2094 2131 2151 neque
2171 2082 2390 2153 spatio,
2448 2083 2607 2152 quasi
2668 2083 2793 2153 gelu
2842 2090 3101 2135 concreta
3155 2086 3210 2134 et
3267 2080 3532 2150 crystallo

1948 2173 2181 2227 solidata
2210 2174 2563 2240 distenditur,
2583 2182 2638 2229 et
2660 2174 2977 2244 hujusmodi
3010 2175 3353 2228 firmamento
3385 2175 3534 2226 velut

1946 2265 2396 2321 intercluduntur
2427 2268 2605 2322 media
2636 2267 2763 2322 caeli
2809 2282 2875 2320 ac
2910 2274 3072 2320 terra:
3111 2266 3288 2335 spatia
3318 2283 3332 2331 ;
3367 2266 3532 2335 idque

1944 2358 2344 2412 ﬁrmamentum
2368 2360 2568 2412 ctelum
2599 2358 2865 2413 Conditor
2907 2358 3217 2427 appellavit,
3250 2358 3530 2428 antiquio—

1945 2451 2024 2505 ris
2050 2450 2198 2505 illius
2224 2451 2491 2506 vocabulo
2514 2458 2908 2520 nuncupatum.
2944 2450 3007 2503 Et
3027 2452 3104 2504 ita
3132 2452 3303 2504 totius
3332 2447 3529 2505 mundi

1943 2542 2274 2607 machinam,
2298 2559 2422 2598 cum
2474 2559 2581 2597 una
2608 2544 2804 2598 domus
2830 2551 2999 2607 esset,
3036 2542 3094 2597 in
3146 2543 3289 2598 duas
3331 2543 3530 2598 dividit

1942 2636 2213 2705 regiones.
2273 2635 2572 2692 Divisionis
2630 2644 2812 2692 autem
2836 2636 2953 2691 haec
2978 2634 3083 2689 fuit
3112 2650 3301 2701 causa,
3326 2646 3387 2692 ut
3436 2651 3531 2690 su-

1942 2742 2114 2797 perna
2140 2730 2293 2800 regio
2323 2731 2533 2800 angelis
2564 2730 2958 2795 habitaculum,
2986 2729 3215 2785 inferior
3236 2745 3367 2786 vero
3396 2745 3532 2800 pra:-

1943 2820 2098 2876 beret
2151 2821 2490 2878 hominibus.
2546 2821 2679 2878 Post
2732 2822 2849 2877 haec
2895 2823 3042 2893 quod
3100 2824 3373 2893 reliquum
3426 2822 3531 2876 fuit

1942 2912 1998 2968 in
2028 2913 2383 2970 inferioribus
2416 2930 2707 2984 aquarum,
2735 2916 2895 2985 jussu
2941 2917 3241 2970 voluntatis
3279 2922 3521 2977 aeternae,

1941 3007 2098 3061 locus
2127 3007 2297 3062 maris
2340 3015 2395 3061 et
2451 3008 2620 3063 chaos
2678 3008 2931 3061 effectum
2977 3007 3207 3076 recepit,
3239 3007 3427 3075 eisque
3455 3005 3523 3059 ad

259 3089 410 3144 illico
443 3092 699 3162 respondi
736 3108 749 3143 :
782 3091 997 3163 Optime
1023 3104 1348 3165 prosecutus
1378 3113 1459 3162 es,
1490 3096 1671 3164 Petre,
1705 3114 1834 3169 pro-
1863 3110 1906 3168 ο
1938 3098 2189 3155 demersa
2211 3106 2265 3153 et
2302 3114 2547 3154 concava
2573 3100 2967 3165 deﬂuentibus,
3001 3098 3155 3152 arida
3182 3098 3403 3169 quidem
3431 3113 3526 3168 ap-

256 3189 379 3251 pter
400 3184 546 3253 quod
572 3184 638 3240 de
662 3186 874 3256 reliquo
897 3188 1010 3257 jam
1038 3196 1301 3260 tanquam
1326 3191 1545 3255 scienti,
1580 3207 1700 3262 quae
1725 3194 1834 3248 sint

256 3272 613 3330 fundamenta
637 3276 761 3333 fidei
787 3286 841 3334 et
868 3281 1109 3349 pietatis,
1140 3282 1256 3338 veri
1281 3283 1559 3353 prophetae
1580 3284 1832 3339 traditio-

254 3381 358 3421 nes
397 3367 783 3425 incunctanter
811 3385 1044 3441 expone,
1080 3373 1169 3427 cui
1202 3374 1303 3429 soli
1342 3374 1673 3428 credendum
1710 3391 1833 3431 esse

252 3459 540 3514 evidenter
571 3463 861 3530 probatum
894 3472 997 3519 est.
1034 3465 1188 3518 Illam
1231 3482 1361 3520 vero
1405 3466 1827 3537 expositionem,

253 3565 379 3619 quae
421 3552 818 3608 assertionibus
846 3564 901 3609 et
928 3556 1269 3625 argumentis
1308 3555 1568 3627 indigeat,
1598 3557 1833 3611 infideli-

249 3646 357 3701 bus
393 3662 572 3710 serva,
602 3648 802 3717 quibus
836 3649 1078 3703 nondum
1116 3649 1459 3704 committere
1499 3650 1831 3721 prophetica}

246 3737 441 3807 gratia:
472 3737 885 3794 iudubitabilem
910 3740 1244 3809 judicaveris
1264 3740 1444 3796 fidem.
1471 3741 1535 3794 Et
1558 3758 1681 3796 cum
1712 3743 1829 3799 haec

244 3826 532 3891 dixissem,
591 3837 649 3883 tu
682 3837 976 3901 utrumque
997 3872 1011 3897 ,
1054 3832 1301 3904 inquam,
1336 3834 1613 3904 pollicitus
1642 3850 1701 3890 es
1725 3874 1740 3899 ,
1773 3844 1828 3890 et

245 3918 392 3972 hanc
418 3927 469 3973 te
494 3919 626 3973 mihi
653 3921 957 3991 simplicem
983 3925 1380 3994 expositionem
1404 3940 1467 3979 ac
1491 3926 1659 3981 totius
1679 3942 1828 3981 erro-

242 4010 325 4066 ris
365 4019 673 4081 expertem,
718 4023 773 4068 et
817 4013 964 4068 illam
995 4030 1115 4084 qua:
1159 4031 1256 4085 per
1294 4017 1542 4087 singulas
1578 4032 1825 4087 quasque

239 4104 578 4172 quaestiones
605 4105 933 4175 explicatur,
958 4124 1078 4178 quae
1100 4108 1482 4175 movebuntur,
1504 4110 1557 4164 in
1581 4118 1825 4181 tempore

240 4195 605 4251 traditurum.
639 4196 705 4250 Et
737 4208 860 4269 post
890 4199 1004 4255 haic
1026 4202 1331 4269 exposuisti
1364 4218 1461 4272 per
1490 4203 1765 4267 ordinem,
1792 4218 1823 4257 a

238 4285 516 4357 principio
548 4288 739 4342 mundi
783 4305 956 4361 usque
986 4292 1055 4345 ad
1086 4307 1327 4361 praesens
1369 4301 1584 4363 tempus
1626 4309 1821 4349 conse-

236 4379 524 4448 quentiam
566 4395 780 4447 rerum;
813 4389 869 4437 et
904 4382 951 4439 si
989 4383 1204 4454 placet,
1242 4400 1467 4455 possum
1512 4388 1828 4442 memoriter

239 4471 509 4526 universa
541 4480 810 4531 retexere.

311 4585 504 4642 XXVI.
553 4588 635 4645 Ad
665 4589 781 4646 haec
815 4590 1013 4650 Petrus
1054 4612 1067 4648 :
1096 4592 1405 4665 Magnifice,
1440 4597 1649 4667 inquit,
1675 4596 1823 4652 dele-

236 4686 385 4745 ctor,
408 4698 441 4734 o
471 4679 748 4749 Clemens,
774 4686 922 4756 quod
973 4694 1086 4742 tam
1137 4695 1258 4743 tuto
1289 4689 1442 4744 cordi
1485 4691 1649 4745 verba
1672 4705 1824 4745 com-

239 4773 462 4826 mittam
492 4792 506 4841 ;
540 4790 836 4833 memorem
873 4794 1111 4851 namque
1165 4796 1291 4837 esse
1344 4798 1534 4837 eorum
1564 4800 1689 4854 quae
1737 4785 1824 4838 di-

234 4872 463 4929 cuntur,
514 4866 778 4923 indicium
827 4878 913 4925 est
960 4872 1017 4926 in
1064 4884 1319 4943 promptu
1366 4874 1563 4930 habere
1591 4890 1818 4945 Operum

234 4954 435 5012 ﬁdem:
471 4959 558 5014 cui
583 4976 715 5016 vero
744 4964 922 5020 malus
940 4965 1153 5020 daemon
1180 4967 1374 5023 salutis
1406 4967 1572 5023 verba
1605 4966 1820 5023 furatur

308 5134 356 5165 "
385 5132 523 5196 Gen.
555 5154 594 5193 ι.

1938 3193 2121 3262 paruit
2135 3199 2301 3247 terra.
2327 3192 2792 3264 Congregationes
2816 3199 3001 3245 autem
3020 3207 3312 3261 aquarum,
3326 3192 3527 3249 euecta

1938 3292 2068 3340 sunt
2100 3287 2291 3340 maria.
2348 3286 2415 3340 Et
2459 3296 2583 3357 post
2614 3288 2729 3340 haec
2776 3295 2946 3352 terra,
2994 3302 3116 3358 quae
3168 3299 3521 3357 apparuerat,

1936 3378 2229 3434 herbarum
2260 3386 2314 3433 et
2351 3380 2715 3450 virgultorum
2765 3379 2982 3436 diversa
3006 3394 3207 3450 genera
3238 3379 3518 3448 produxit,

1940 3472 2118 3527 fontes
2175 3487 2394 3544 quoque
2446 3481 2499 3529 et
2532 3471 2728 3530 ﬂuvios
2793 3491 2901 3528 non
2959 3475 3137 3529 solum
3198 3474 3253 3527 in
3299 3473 3516 3542 planis,

1937 3566 2033 3621 sed
2053 3573 2108 3621 et
2135 3565 2190 3620 in
2224 3567 2502 3622 montibus
2521 3568 2783 3637 protulit;
2820 3574 2875 3621 et
2906 3582 2985 3622 suc
3002 3574 3200 3621 cuncta
3217 3575 3519 3635 praeparata

1938 3666 2089 3723 sunt,
2116 3667 2175 3712 ut
2199 3658 2516 3713 hominibus
2538 3659 2631 3729 qui
2662 3658 2976 3713 habitarent
3009 3661 3065 3711 in
3120 3673 3205 3723 ea,
3238 3668 3383 3711 esset
3430 3657 3514 3710 fa-

1936 3752 2115 3807 cultas
2146 3752 2231 3806 bis
2264 3752 2521 3808 omnibus
2548 3768 2651 3821 pro
2680 3752 2910 3806 arbitrio
2942 3752 3043 3815 uti,
3098 3752 3153 3805 id
3182 3758 3265 3807 est
3306 3753 3421 3807 sive
3449 3753 3517 3806 ad

1937 3845 2077 3899 bona
2104 3844 2293 3908 velint,
2319 3844 2435 3898 sive
2465 3845 2629 3898 etiam
2664 3844 2728 3899 ad
2763 3847 2923 3900 mala.
3221 3845 3224 3849 ’

2004 3934 2239 3990 XXVIII.
2296 3935 2428 3990 Post
2458 3937 2573 3992 haec
2631 3938 2805 3993 stellis
2839 3937 3073 3991 adornat
3117 3938 3318 3994 cmlum
3365 3939 3513 3993 istud

1932 4030 2167 4085 visibile.
2223 4029 2406 4084 Solem
2469 4047 2687 4101 quoque
2733 4040 2786 4087 et
2828 4033 3013 4085 lunam
3068 4033 3223 4101 ponit
3246 4034 3303 4085 in
3335 4047 3420 4099 eo,
3455 4040 3517 4085 ut

1932 4124 2159 4179 alterius
2188 4123 2393 4179 lumine
2419 4123 2559 4187 dies,
2585 4135 2638 4179 et
2671 4142 2778 4179 nox
2818 4134 3065 4181 uteretur
3122 4127 3370 4189 alterius,
3431 4128 3508 4181 si—

1931 4215 2157 4284 mulque
2186 4222 2246 4269 ut
2276 4224 2461 4270 essent
2487 4216 2690 4271 indicio
2708 4234 2891 4271 rerum
2926 4220 3349 4287 praeteritarum,
3372 4237 3510 4289 prte-

1931 4306 2173 4360 sentium
2205 4315 2258 4361 ct
2290 4306 2620 4363 futurarum.
2669 4308 2777 4363 Pro
2802 4310 2977 4380 signis
3023 4311 3170 4365 enim
3201 4318 3507 4381 temporum

1934 4402 2077 4457 facta
2107 4410 2236 4459 sunt
2269 4418 2334 4457 ac
2365 4404 2601 4467 dierum,
2636 4420 2756 4474 quae
2781 4405 3037 4459 videntur
3062 4404 3282 4475 quidem
3310 4407 3378 4459 ab
3402 4422 3515 4459 om-

1934 4498 2117 4562 nibus,
2149 4497 2533 4567 intelliguntur
2564 4506 2746 4551 autem
2777 4496 2844 4549 ab
2873 4496 3107 4551 eruditis
3128 4505 3182 4550 et
3203 4497 3505 4567 intell'gcn-

1934 4590 2083 4645 tibus
2113 4590 2269 4645 solis.
2324 4590 2573 4660 Cumque
2622 4596 2746 4659 post
2775 4589 2890 4643 haec
2937 4588 3005 4642 de
3058 4598 3204 4643 terra
3250 4597 3304 4642 et
3351 4593 3509 4658 aquis

1932 4683 2162 4755 produci
2187 4682 2452 4753 jussisset
2480 4680 2801 4744 animantia,
2820 4679 3137 4749 paradisum
3170 4678 3320 4744 fecit,
3341 4695 3503 4749 quem

1931 4785 1985 4831 et
2014 4775 2334 4831 deliciarum
2376 4774 2558 4828 locum
2590 4772 2913 4826 nominavit.
2965 4769 3098 4827 Post
3161 4770 3275 4826 haec
3321 4778 3503 4825 autem

1932 4870 2119 4924 omnia
2150 4867 2425 4922 hominem
2458 4866 2610 4930 fecit,
2634 4874 2858 4936 propter
2874 4881 3036 4936 quem
3068 4874 3266 4920 cuncta
3293 4879 3505 4935 praepa—

1930 4972 2169 5031 raverat,
2221 4962 2381 5033 cujus
2435 4962 2649 5016 iuterna
2688 4960 2899 5032 species
2936 4948 3021 5015 est
3053 4958 3330 5028 antiquior
3360 4956 3499 5028 (20),

1540 5340 1907 5412 COTELERII
1960 5341 2194 5398 NOTAE.

311 5492 423 5563 (l9)
461 5492 712 5569 Tenebris
741 5493 873 5569 ξιιφ,
901 5512 1018 5567 qum
1045 5497 1320 5569 exambra
1358 5515 1633 5567 corporum
1666 5501 1821 5569 facti:

230 5566 470 5640 fuerant.
506 5563 840 5640 consulendi
874 5563 1085 5640 veteres
1116 5563 1818 5640 Heraemeri’lnterpretes,

229 5634 362 5709 gum
394 5634 635 5709 Ctesario
683 5647 879 5705 quaest.
914 5637 976 5690 61
1021 5648 1074 5709 e_t
1120 5638 1246 5701 IM,
1290 5636 1535 5693 Cedreno
1567 5634 1816 5709 aliisque.

233 5705 475 5780 (ἔθεινεῃὶ
499 5707 664 5780 verba
696 5714 953 5780 corrupta
974 5707 1230 5780 videntur
1259 5727 1272 5763 :
1303 5708 1377 5760 Τὸ
1403 5710 1513 5780 γὰρ
1547 5705 1735 5773 σκότοξ
1755 5711 1819 5763 ἐκ

238 5776 343 5846 τῆς
370 5773 467 5827 τοῦ
520 5776 752 5850 οὐρανοῦ
780 5773 1165 5846 ὲφὰπλώσεως,
1214 5780 1311 5832 καὶ
1358 5773 1427 5833 τᾶ
1478 5773 1582 5835 ὖπὸ
1626 5781 1818 5834 τούτου

1925 5503 2235 5575 σκεπόμενα
2254 5503 2494 5572 γέγονεν.
2526 5504 2668 5570 Quid
2690 5505 2738 5559 si
2765 5505 3035 5575 legamus.
3061 5508 3202 5561 κατά
3226 5509 3346 5562 loco
3375 5505 3489 5573 καί,

1923 5572 2025 5627 hoc
2060 5572 2222 5647 sensu
2258 5592 2271 5628 :
2310 5574 2553 5647 Tenebraz
2580 5572 2887 5647 enim,rca':li
2923 5580 3217 5631 extensione
3247 5594 3400 5647 super
3426 5572 3494 5631 ea

1927 5659 2043 5715 φίας
2070 5644 2262 5715 γαὺίξιιο
2295 5644 2599 5715 tegebantur
2625 5646 2979 5702 exstiterunt?

1997 5713 2317 5787 (20lCuj1ts
2347 5713 2576 5769 'interna
2620 5716 2810 5787 species
2856 5726 2933 5769 est
2973 5719 3258 5787 antiquior.
3305 5718 3492 5773 Codex

1922 5781 2157 5841 Carmel.
2201 5781 2295 5856 qui
2344 5787 2490 5842 uotis
2526 5781 2919 5857 marginalibus
2949 5788 3004 5842 in
3055 5781 3261 5843 textum
3303 5788 3491 5844 relatis
