3890 6192
406 291 545 347 1227

1263 287 1321 344 S.
1356 286 1758 344 CLEMENTIS
1793 286 1813 342 ι
1846 286 2015 343 ROM.
2060 285 2262 343 PONT.
2302 283 2531 342 UPERA
2567 283 2795 341 DUBIA.

3520 283 3663 340 1228

406 406 619 477 plenius
639 422 764 464 eum
794 406 863 463 de
884 405 973 464 liis
997 420 1121 479 qua:
1152 406 1360 464 sentire
1384 408 1574 479 erepit,
1597 407 1839 463 edocuit.
1863 405 1983 463 Sed
2014 415 2059 473 Α
2090 406 2323 477 patriam
2366 413 2591 473 terram,
2643 407 2833 463 decem
2887 400 3065 473 plagis
3113 399 3433 457 mlestibus
3461 400 3673 463 affecit.

401 507 456 557 et
491 499 623 571 quid
652 501 836 571 generi
866 501 987 571 ejus
1015 515 1079 555 ac
1114 499 1421 571 posteritati
1452 499 1766 564 deberetur,
1800 506 1986 554 osten-

402 591 505 654 dit.
532 600 587 647 et
619 607 730 647 non
746 600 854 647 tam
885 594 967 649 eis
990 592 1170 647 danda
1198 591 1314 647 haec
1342 592 1483 658 loca,
1513 606 1678 663 quam
1708 591 1985 647 reddenda

402 682 677 755 promisit.

476 771 717 829 XXXIII.
748 771 919 846 Igitur
948 772 1224 828 Abraham
1246 787 1373 828 cum
1402 787 1588 829 rerum
1617 786 1816 828 causas
1845 772 1987 829 desi-

401 863 618 920 deraret
655 879 972 936 agnoscere,
1006 862 1170 935 idque
1194 878 1386 920 secum
1410 864 1617 918 intenta
1649 873 1832 919 mente
1861 880 1988 934 per-

403 958 663 1022 volveret,
724 957 978 1028 apparuit
1021 957 1074 1013 ei
1124 973 1287 1013 verus
1340 955 1634 1026 Propheta,
1684 957 1777 1027 qui
1832 958 1985 1013 solus

407 1042 688 1099 hominum
734 1046 900 1100 corda
945 1054 1001 1101 et
1036 1047 1378 1117 propositum
1434 1048 1608 1112 novit,
1635 1048 1895 1103 etomnia
1933 1048 1984 1102 ei

399 1148 522 1204 quae
550 1133 895 1191 desiderabat
935 1138 1173 1208 aperuit,
1213 1138 1527 1196 Divinitatis
1577 1140 1861 1196 scientiam
1886 1142 1985 1197 do—

399 1228 535 1291 cuit,
577 1228 764 1283 mundi
816 1230 1082 1300 originem
1114 1230 1387 1302 ﬁnemque
1438 1233 1643 1302 pariter
1681 1215 1981 1301 indicavit,

400 1317 596 1373 animm
628 1318 1092 1375 immortalitatem
1142 1335 1207 1376 ac
1249 1322 1465 1377 vivendi
1498 1324 1749 1379 instituta
1784 1327 1985 1396 quibus

399 1407 509 1463 Deo
566 1410 912 1480 placeretur,
968 1412 1243 1477 ostendit,
1315 1422 1726 1473 resurrecturos
1765 1431 1985 1487 quoque

399 1506 665 1563 mortuos,
696 1514 759 1554 ac
776 1500 1045 1569 judicium
1076 1500 1342 1566 futurum,
1376 1504 1646 1559 bonorum
1666 1520 1986 1561 remunera-

395 1591 622 1655 tionem,
651 1591 919 1647 malorum
951 1607 1165 1661 pmnas,
1219 1593 1372 1663 justo
1397 1602 1596 1650 cuncta
1646 1596 1985 1653 moderando

391 1680 601 1749 judicio
625 1681 959 1747 declaravit,
991 1684 1356 1755 omnibusque
1408 1686 1511 1743 rite
1541 1701 1607 1742 ac
1650 1687 1985 1745 suilicienter

2089 499 2347 570 populum
2397 510 2529 553 vero
2566 498 2660 554 Dei
2683 497 2874 555 eduxit
2901 512 2969 552 ex
3003 493 3262 566 Egypto.
3320 491 3427 547 Sed
3455 493 3553 563 qui
3576 510 3677 547 suo

2091 588 2413 659 perfuerant
2442 606 2507 645 ex
2555 589 2851 662 Egyptiis,
2879 587 3186 658 conspirati
3221 600 3345 640 cum
3402 585 3677 640 animosi-

2086 687 2197 733 tate
2226 681 2369 749 regis
2396 681 2504 745 sui,
2536 680 2768 735 insecuti
2808 688 2937 735 sunt
2994 678 3294 741 Hebrazos;
3341 690 3484 745 quos
3540 689 3674 729 cum

2087 771 2425 838 reperissent
2454 787 2618 841 super
2643 770 2797 825 littus
2823 770 3016 831 maris,
3050 776 3104 822 et
3136 767 3448 822 interimere
3468 780 3678 820 omnes

2087 874 2151 914 ac
2185 859 2368 916 delere
2431 865 2756 934 cogitarent,
2811 859 3025 931 Moyses
3083 858 3333 913 oratione
3370 856 3440 910 ad
3491 854 3674 909 Deum

2090 952 2210 1008 fusa
2234 969 2385 1009 mare
2429 954 2484 1008 in
2513 954 2655 1011 duas
2695 960 2883 1024 partes
2909 951 3118 1013 divisit,
3150 951 3223 1005 ita
3259 959 3317 1003 ut
3356 963 3501 1019 aqua
3532 948 3679 1002 dex-

2088 1053 2202 1100 tera
2251 1046 2492 1115 lanaque
2548 1046 2707 1116 quasi
2747 1045 2869 1113 gelu
2919 1050 3177 1098 concreta
3237 1050 3551 1103 teneretur,
3614 1048 3679 1093 et

2086 1136 2323 1206 populus
2376 1136 2598 1206 quidem
2629 1134 2724 1189 Dei
2759 1118 3021 1189 transiret
3062 1134 3211 1188 velut
3258 1133 3361 1186 iter
3408 1131 3628 1184 aridum
3653 1169 3675 1191 .

2087 1228 2437 1298 insequentes
2472 1243 2603 1283 vero
2637 1243 2732 1283 eos
2759 1227 3001 1299 Egyptii
3034 1234 3240 1281 temere
3286 1224 3519 1295 ingressi
3568 1239 3677 1278 ne-

2086 1327 2363 1375 carentur.
2417 1318 2520 1374 Ubi
2549 1319 2694 1373 enim
2727 1320 2955 1374 ultimus
2982 1334 3049 1373 ex
3079 1316 3429 1371 Hebraeorum
3459 1315 3677 1385 populo

2086 1410 2355 1471 ascendit,
2407 1408 2789 1482 Egyptiorum
2840 1424 3061 1480 quoque
3102 1407 3333 1463 ultimus
3378 1406 3677 1462 descendit

2085 1501 2143 1556 in
2170 1516 2341 1567 mare,
2372 1510 2427 1557 et
2456 1503 2720 1557 continuo
2750 1516 2905 1571 aqua:
2933 1500 3103 1555 maris
3141 1514 3261 1568 quae
3289 1506 3348 1552 ut
3381 1499 3504 1569 gelu
3530 1512 3677 1552 con-

2086 1596 2290 1651 strictae
2314 1594 2657 1657 tenebantur,
2682 1602 2955 1664 praecepto
2981 1593 3103 1662 ejus
3124 1592 3220 1662 qui
3250 1590 3675 1646 constrinxerat

2085 1684 2366 1749 relaxatae,
2393 1699 2585 1755 pmnas
2631 1686 2699 1739 de
2738 1684 3035 1755 impiorum
3068 1682 3269 1754 populo
3302 1688 3526 1751 recepta
3567 1696 3675 1734 na-

395 1773 611 1828 edoctis
639 1772 706 1826 ad
737 1773 897 1829 sedes
928 1788 1124 1831 rursus
1164 1775 1471 1832 invisibiles
1490 1780 1738 1835 secessit.
1777 1778 1979 1836 Verum
2016 1757 2059 1814 Β
2085 1785 2219 1831 tura:
2246 1792 2358 1831 suae
2390 1776 2642 1831 libertate
2672 1784 3046 1846 sumpserunt.

394 1877 521 1919 cum
556 1863 736 1918 adhuc
761 1864 1033 1920 Abraham
1087 1866 1142 1920 in
1182 1866 1488 1938 ignorantia
1516 1878 1849 1937 versaretur,
1872 1875 1980 1927 sic-

394 1958 456 2006 ut
486 1951 583 2007 tibi
614 1961 669 2009 et
698 1962 856 2009 antea
884 1954 998 2023 jam
1026 1954 1288 2018 diximus.
1350 1958 1465 2011 nati
1486 1966 1616 2013 sunt
1641 1959 1691 2014 ei
1720 1959 1815 2014 filii
1843 1961 1976 2026 duo,

394 2060 628 2115 quorum
654 2061 799 2102 unus
816 2043 1031 2111 lsmael,
1066 2047 1210 2105 alius
1234 2046 1548 2107 Heliesdros
1578 2050 1691 2124 (32)
1723 2053 1977 2123 appellati

286 2146 291 2149 '
395 2145 545 2193 sunt.
601 2136 680 2192 Ex
725 2138 835 2193 alio
877 2138 1122 2194 barbarae
1176 2147 1399 2210 gentes,
1432 2156 1499 2197 ex
1549 2142 1657 2197 alio
1686 2142 1978 2199 Persarum

394 2230 579 2301 populi
614 2229 973 2286 descendunt.
1016 2229 1061 2285 Ε
1100 2232 1305 2302 quibus
1327 2234 1578 2289 nonnulli
1610 2234 1979 2291 Brachmano-

396 2338 517 2377 rum
546 2322 712 2377 vitam
743 2329 799 2378 et
826 2322 1005 2377 vicina
1037 2322 1294 2379 instituta
1318 2327 1513 2381 sectati
1535 2334 1687 2393 sunt,
1715 2329 1807 2383 alii
1832 2329 1977 2400 apud

394 2413 653 2470 Arabiam
695 2415 1085 2481 consederunt,
1111 2431 1179 2472 ex
1204 2432 1438 2487 quorum
1468 2421 1706 2490 posteris
1730 2424 1977 2479 nonnulli

393 2505 558 2561 etiam
593 2505 649 2557 in
673 2502 969 2574 Egyptum
1003 2503 1238 2575 dispersi
1277 2514 1427 2565 sunt.
1473 2507 1605 2566 Inde
1650 2512 1887 2584 denique
1923 2522 1978 2570 et

397 2594 651 2651 Indorum
679 2595 901 2665 quidam
932 2603 986 2649 et
1014 2593 1399 2666 Egyptiorum
1454 2600 1777 2657 circumcidi
1833 2602 1978 2657 didi-

393 2701 621 2742 eereac
650 2686 891 2757 purioris
939 2686 1309 2743 observantiae
1361 2703 1487 2745 esse
1542 2707 1707 2762 quam
1769 2695 1974 2760 caeteri,

396 2779 521 2834 licet
562 2792 826 2850 processu
878 2779 1140 2847 temporis
1196 2782 1590 2852 quamplurimi
1661 2800 1853 2840 eorum
1906 2788 1975 2843 ad

395 2870 729 2940 impietatem
752 2876 1028 2925 verterent
1056 2880 1434 2942 argumentum
1462 2879 1518 2929 et
1566 2874 1827 2932 indicium
1876 2893 1975 2933 ca—

393 2960 618 3017 stitatis.
735 2970 771 3008 ε’

462 3052 702 3109 XXXV.
738 3052 1125 3112 Verumtamen
1154 3072 1283 3112 cum
1326 3057 1427 3115 hos
1473 3058 1614 3115 duos
1666 3059 1808 3119 ﬁlios
1830 3071 1972 3118 tern-

393 3160 544 3216 pore,
596 3161 707 3217 quo
755 3147 935 3203 adhuc
991 3149 1044 3203 in
1104 3150 1412 3220 ignorantia
1480 3167 1661 3207 rerum
1725 3154 1976 3223 vixerat,

393 3240 750 3311 suscepisset,
781 3238 876 3295 Dei
907 3242 1184 3312 agnitione
1213 3252 1466 3314 percepta
1499 3246 1630 3315 petit
1652 3246 1720 3302 ab
1748 3263 1832 3315 eo,
1850 3251 1979 3320 quia

391 3341 508 3386 erat
532 3328 735 3401 justus,
770 3328 925 3388 utex
952 3331 1085 3386 Sara
1114 3349 1236 3403 qua:
1261 3333 1311 3389 ei
1334 3342 1452 3390 erat
1480 3339 1681 3406 conjux
1715 3338 1976 3409 legitima,

392 3436 518 3478 cum
561 3432 709 3478 esset
750 3412 979 3489 sterilis,
1024 3423 1227 3479 habere
1279 3427 1592 3497 progeniem
1641 3439 1973 3500 mereretur;

389 3517 447 3568 et
466 3518 700 3585 accepit,
743 3529 904 3585 quem
931 3522 985 3570 et
1015 3512 1168 3571 Isaac
1201 3518 1525 3581 nominavit,
1566 3533 1633 3572 ex
1658 3534 1768 3589 quo
1806 3530 1970 3576 natus

389 3612 477 3661 est
500 3603 705 3672 Jacob,
751 3606 819 3662 de
846 3604 1018 3662 Jacob
1064 3615 1247 3663 autem
1302 3608 1591 3665 duodecim
1619 3612 1965 3680 patriarchae,

389 3704 445 3750 et
470 3710 538 3751 ex
568 3695 705 3767 ipsis
734 3695 1019 3752 duodecim
1049 3699 1393 3771 septuaginta
1416 3699 1527 3755 duo
1556 3702 1690 3773 (53).
1726 3702 1792 3757 Hi
1825 3704 1968 3761 fame

388 3797 584 3845 exorta
625 3789 681 3844 in
732 3788 1029 3862 Egyptum
1056 3792 1284 3845 veniunt
1319 3807 1446 3848 cum
1478 3795 1629 3849 omni
1652 3795 1813 3853 domo
1836 3814 1964 3865 sua,

388 3891 445 3939 et
482 3882 627 3938 intra
672 3897 849 3939 annos
884 3882 1316 3954 quadringentos
1342 3884 1455 3957 (54)
1501 3886 1883 3946 benedictione
1911 3900 1967 3948 et

391 3975 755 4046 promissione
780 3974 875 4029 Dei
905 3975 1275 4045 multiplicati,
1294 3977 1673 4049 aﬂligebantur
1695 3982 1765 4037 ab
1794 3982 1964 4057 λεω-

389 4067 538 4137 ptiis.
596 4065 844 4137 Cumque
890 4065 1280 4137 afﬂigerentur,
1331 4070 1584 4140 apparuit
1626 4087 1790 4129 verus
1829 4074 1966 4130 Pro-

388 4168 550 4237 pbeta
582 4165 751 4237 Moysi
776 4167 844 4235 '°,
869 4175 925 4222 et
947 4165 1235 4239 Egyptios
1263 4168 1482 4239 quidem
1528 4166 1861 4231 resistentes,
1891 4179 1961 4219 ne

391 4257 740 4313 Hebraeorum
797 4258 1031 4330 populus
1082 4259 1255 4315 exiret
1312 4259 1381 4315 ab
1420 4258 1503 4313 eis
1554 4265 1612 4313 et
1653 4256 1855 4313 rediret
1888 4253 1959 4309 ad

457 4388 505 4421 ⁸⁸
544 4386 716 4443 Exod.
756 4401 841 4443 ιιι.
916 4387 960 4419 ⁸⁸
1001 4384 1179 4442 lCor.
1208 4401 1263 4441 x.

2153 1867 2368 1923 XXXV.
2403 1867 2535 1923 Post
2584 1868 2697 1922 haec
2728 1867 2962 1938 Moyses,
3000 1865 3093 1920 Dei
3137 1864 3322 1919 omnia
3368 1862 3676 1934 providen-

2080 1958 2154 2015 tis
2184 1967 2457 2030 praacepto
2482 1958 2835 2014 Hebraeorum
2866 1956 3125 2028 populum
3154 1955 3343 2010 eduxit
3396 1954 3450 2008 in
3476 1955 3674 2010 deser-

2080 2054 2224 2115 tum,
2250 2056 2306 2105 et
2334 2050 2437 2104 iter
2468 2048 2875 2112 brevissimum,
2901 2045 3047 2116 quod
3082 2045 3186 2101 fert
3223 2044 3290 2099 de
3322 2042 3563 2115 Egypto
3596 2045 3670 2099 ad

2086 2142 2351 2209 Judazam,
2384 2142 2721 2213 relinquens,
2752 2157 2847 2211 per
2872 2140 3064 2211 longos
3092 2138 3261 2195 eremi
3300 2138 3413 2210 (35)
3448 2139 3665 2208 plebem

2086 2234 2245 2291 duxit
2275 2232 2577 2301 anfractus,
2614 2246 2672 2288 ut
2694 2233 3054 2303 quadraginta
3086 2247 3355 2288 annorum
3382 2232 3668 2286 exercitiis

2087 2327 2228 2383 mala
2264 2340 2385 2396 qua;
2428 2328 2510 2381 eis
2550 2340 2619 2381 ex
2663 2322 3043 2397 Egyptiorum
3093 2324 3338 2379 moribus
3373 2339 3480 2379 usu
3512 2324 3666 2393 longi

2076 2418 2342 2489 temporis
2373 2415 2734 2477 inoleverant,
2763 2413 3118 2467 innovatione
3145 2420 3369 2467 mutatae
3425 2427 3676 2468 consue-

2079 2509 2290 2565 tudinis
2319 2508 2581 2563 aboleret.
2640 2506 2855 2561 lnterea
2876 2504 3092 2558 venitur
3121 2502 3187 2557 ad
3233 2510 3476 2557 montem
3510 2500 3671 2565 Sina,

2076 2608 2133 2657 et
2182 2600 2309 2656 inde
2338 2600 2423 2655 lex
2473 2601 2574 2663 eis,
2615 2598 2845 2653 vocibus
2874 2604 2929 2651 et
2980 2595 3290 2651 visionibus
3340 2595 3677 2652 cmlestibus

2076 2694 2314 2749 traditur
2368 2692 2560 2747 decem
2631 2691 2949 2760 conscripta
3025 2689 3360 2759 przeceptis;
3426 2704 3671 2758 quorum

2078 2784 2315 2854 primum
2368 2790 2423 2837 et
2467 2781 2769 2837 maximum
2804 2778 2929 2844 fuit,
2966 2789 3025 2832 ut
3075 2780 3253 2849 ipsum
3296 2779 3479 2833 solum
3528 2778 3677 2833 cole-

2077 2882 2199 2931 rent
2233 2872 2425 2938 Deum,
2456 2887 2557 2928 nec
2608 2872 2776 2926 ullam
2805 2870 2911 2926 sibi
2956 2870 3119 2923 aliam
3145 2871 3391 2941 speciem
3433 2870 3524 2925 vel
3556 2870 3676 2924 forb

2081 2982 2227 3024 mam
2280 2971 2586 3021 statuerent
2634 2962 2703 3017 ad
2742 2961 3056 3017 colendum.
3123 2960 3232 3016 Sed
3282 2975 3410 3015 cum
3449 2959 3676 3032 Moyses

2078 3056 2417 3115 ascendisset
2453 3054 2521 3109 ad
2558 3062 2819 3119 montem,
2851 3054 3037 3124 ibique
3076 3052 3270 3107 diebus
3297 3053 3675 3123 quadraginta

2084 3155 2413 3210 moraretur,
2466 3146 2702 3217 p0pulus
2747 3145 2841 3215 qui
2875 3144 3064 3200 decem
3114 3142 3295 3214 plagis
3332 3158 3673 3213 percussam

2079 3240 2293 3295 viderat
2322 3237 2640 3309 Egyptum,
2673 3243 2728 3291 et
2754 3236 3069 3307 disruptum
3128 3249 3284 3289 mare
3316 3248 3391 3289 ac
3428 3234 3677 3305 pedibus

2079 3331 2410 3401 digressum,
2457 3342 2658 3383 manna
2689 3342 2908 3398 quoque
2958 3325 3066 3381 sibi
3123 3341 3225 3397 pro
3273 3340 3415 3396 pane
3441 3328 3675 3380 cmﬁtus

2079 3424 2267 3479 datum
2294 3431 2349 3478 et
2371 3438 2440 3478 ex
2469 3421 2724 3492 sequenti
2751 3428 2904 3490 petra
2932 3420 3190 3490 poculum
3213 3418 3597 3473 ministratum
3626 3420 3675 3451 “

2075 3518 2220 3592 (quae
2247 3516 2459 3587 species
2512 3513 2626 3568 cibi
2647 3512 2763 3585 (56)
2785 3526 2883 3582 per
2924 3510 3183 3565 virtutem
3238 3506 3362 3572 Dei,
3392 3509 3451 3564 in
3496 3526 3671 3581 quem

2074 3611 2308 3683 quisque
2327 3606 2719 3670 desiderasset,
2747 3608 3056 3659 verteretur
3104 3601 3404 3673 saporem),
3428 3616 3675 3673 cumque

2088 3702 2192 3758 sub
2220 3701 2375 3772 plaga
2402 3700 2527 3757 cteli
2550 3698 2869 3755 ardentiore
2900 3696 3066 3768 positi
3091 3702 3297 3760 essent,
3337 3708 3409 3747 ne
3438 3692 3673 3748 aestibus

2090 3802 2473 3866 coquerentur,
2494 3793 2640 3848 nube
2660 3790 3127 3848 obumbrabantur
3147 3788 3202 3842 in
3229 3784 3335 3851 die,
3356 3795 3521 3841 nocte
3543 3798 3676 3840 vero

2071 3883 2325 3937 columna
2367 3877 2509 3949 ignis
2553 3872 3032 3934 illuminabantur,
3066 3883 3137 3923 ne
3185 3868 3255 3922 ad
3273 3868 3444 3922 eremi
3491 3870 3672 3923 vasti-

2073 3983 2240 4030 tatem
2268 3973 2466 4027 horror
2500 3982 2720 4041 quoque
2760 3963 3045 4020 accederet
3077 3963 3436 4015 tenebrarum
3467 3980 3481 4013 :
3515 3975 3665 4024 cum,

2076 4070 2325 4139 inquam.
2361 4069 2674 4118 moraretur
2701 4058 2958 4129 Moyses,
3008 4054 3115 4124 ipsi
3170 4052 3478 4107 secundum
3541 4066 3666 4122 spe.

2072 4163 2213 4218 ciem
2270 4158 2486 4230 Apidis,
2540 4167 2705 4225 quem
2735 4151 2845 4206 coli
2885 4150 2941 4203 in
2986 4145 3224 4217 Egypto
3258 4144 3538 4210 viderant,
3566 4159 3675 4199 an.

2071 4266 2227 4308 reum
2284 4256 2451 4321 caput
2514 4245 2675 4301 vituli
2701 4241 2993 4316 ‘facientes
3036 4240 3414 4294 adoraverunt
3442 4238 3585 4309 (57),
3611 4243 3670 4292 et

1686 4541 2053 4600 COTELERII
2107 4540 2341 4598 ΝΟΤᾹΞ.

464 4662 577 4734 (5:2)
622 4663 950 4718 Ileliesaros.
983 4661 1273 4734 Exemplar
1292 4661 1775 4734 Candelerianuni,
1803 4657 1971 4734 Eties-
2005 4668 2045 4721 ι)
2073 4667 2145 4734 tes
2193 4657 2409 4734 vestigia
2460 4654 2871 4734 commeantium
2894 4691 2910 4715 ,
2948 4657 3184 4734 egitrans.
3230 4661 3452 4734 suerunt
3505 4646 3664 4734 dare:

386 4730 533 4789 ἀγὸς.
559 4730 989 4789 ’(ΣειιΊιιεΙίιίειιιη
1011 4774 1026 4796 ,
1073 4730 1450 4788 Helimesdros.
1487 4732 1644 4787 Petili
1671 4771 1686 4793 ,
1725 4730 1969 4783 Heli/tes-

386 4805 537 4859 drus.
554 4802 694 4857 Puto
716 4821 838 4859 esse
866 4805 1004 4859 idem
1026 4820 1223 4857 nomen
1249 4819 1312 4859 ac
1328 4802 1646 4873 Ἐλιέζερος,
1670 4801 1966 4861 Eliezerus,

389 4875 692 4930 Damascus
723 4874 951 4939 Eliezer,
991 4874 1191 4929 Genes.
1226 4890 1293 4927 xv
1316 4913 1332 4937 ,
1366 4874 1434 4938 2,
1468 4889 1563 4942 per
1592 4889 1751 4942 quem
1786 4874 1967 4926 locum

386 4945 655 5001 evertitur
692 4945 874 4999 fabula
912 4946 1025 4998 haec
1049 4984 1064 5007 ,
1111 4959 1139 4997 a
1183 4944 1690 5013 pseudo-Clemente
1722 4955 1969 5013 exr‘apo-

386 5016 596 5087 crypbo
623 5015 926 5087 vetustiori,
947 5024 1005 5068 ιιι
1027 5011 1261 5087 videtur,
1288 5015 1594 5087 desumpta.
1616 5012 1755 5087 Lege
1781 5011 1876 5087 lib.
1901 5026 1962 5071 ll,

549 5086 575 5140 1
600 5084 999 5209 ἒθϐιεηιεηιὶιια
1041 5085 1231 5141 homii.
1282 5085 1337 5151 2,
1386 5102 1442 5139 ιι.
1492 5084 1543 5149 1,
1594 5093 1649 5139 et
1698 5082 1964 5151 Epitumes

384 5172 509 5211 can.
600 5172 692 5210 Συ.

380 5172 573 5299 ,⁸³ῗέδ)
603 5172 977 5299 ’ἕέριιιαρξῃια
1028 5225 1187 5299 duo._
1218 5223 1490 5299 Numerus
1532 5224 1641 5299 iste
1682 5238 1789 5277 non
1841 5236 1969 5299 con-

385 5292 942 5366 sta't.Conistaret'62,
971 5296 1100 5366 quia
1129 5295 1221 5362 62,
1252 5311 1378 5349 cum
1411 5294 1703 5350 duodecim
1736 5292 1967 5366 patriar-

385 5367 507 5450 ‘c‘liis
543 5378 597 5421 et
636 5365 860 5450 Jacob‘o_,
875 5361 1082 5450 faciunt
1116 5368 1190 5450 _75
1211 5406 1227 5431 ,
1260 5372 1393 5450 quot
1419 5374 1705 5450 ponuntur
1737 5361 1767 5417 a
1801 5361 1962 5450 LX}.

385 5436 583 5493 Genus.
616 5453 763 5502 xLVI,
787 5438 877 5501 27,
903 5444 956 5493 et
980 5436 1154 5492 Exod.
1188 5455 1229 5499 ι,
1261 5433 1315 5499 5,
1342 5433 1574 5505 indeque
1597 5436 1719 5487 Act.
1744 5450 1841 5498 vn,
1876 5433 1963 5488 Η.

458 5508 572 5589 (54)
615 5507 771 5589 Intra
799 5524 963 5589 annos
995 5507 1425 5589 quadringentos.
1447 5504 1721 5562 Geneseos
1764 5520 1853 5567 xv,
1876 5504 1963 5568 i3,

387 5578 479 5632 ubi
509 5578 836 5633 consulendi
864 5580 1209 5646 interpretes.

452 5648 580 5720 (115)
617 5648 719 5700 Per
748 5649 928 5720 longos
952 5651 1143 5720 gerenti,
1194 5657 1300 5704 etc.
1336 5646 1412 5720 ita
1457 5646 1577 5720 lego
1618 5646 1673 5720 in
1705 5659 1958 5701 sermone

391 5714 626 5771 suam
662 5714 997 5775 centessoris
1018 5760 1032 5786 ,
1064 5734 1185 5793 cap.
1214 5720 1249 5775 5
1285 5739 1300 5775 :-
1336 5714 1533 5775 Omnes
1558 5718 1719 5791 igitur
1741 5733 1958 5788 sequen-

2078 4732 2255 4781 thrum
2302 4718 2536 4797 ingressu
2582 4727 2715 4794 (non
2762 4721 3028 4793 ingressi),
3060 4718 3454 4797 nouissimoque
3500 4718 3663 4797 plebis

2075 4799 2175 4852 Dei
2197 4799 2264 4851 ad
2296 4788 2541 4850 naturale
2574 4788 2722 4848 littus
2764 4788 3113 4861 transgresso,
3147 4789 3223 4840 ita
3243 4797 3370 4840 sunt
3397 4788 3666 4861 montibus

2077 4885 2338 4940 aquarum
2384 4867 2643 4940 involuti,
2672 4873 2732 4940 ut
2774 4857 2955 4915 nullus
2998 4867 3289 4940 remanere:
3324 4858 3420 4926 qui
3457 4857 3663 4940 [accayn

2075 4926 2220 4992 domi
2252 4936 2603 4992 residentibus
2630 4926 2843 5002 referre
2882 4931 3157 5000 potuisset.
3200 4926 3267 5002 Et
3293 4941 3420 4996 cap.
3454 4929 3489 4979 6
3526 4946 3539 4980 :
3576 4928 3665 4982 Sic

2074 5027 2160 5063 eos
2189 5026 2280 5079 per
2308 5009 2585 5079 desertunt‘
2613 4998 2967 5079 quadraginta
3002 5016 3171 5053 annos
3197 4998 3273 5079 ad
3297 5007 3498 5079 terrain
3542 5014 3667 5077 pro.

2068 5066 2337 5134 missionis
2352 5066 2726 5141 circumdabit,
2743 5066 2906 5126 donec
2918 5074 3276 5125 desuesccrent
3292 5066 3663 5141 idololatriam

2069 5150 2133 5203 de
2162 5167 2266 5220 qua
2283 5159 2434 5202 erant
2458 5148 2654 5210 educti,
2684 5138 2733 5199 et
2760 5159 2919 5216 quam
2940 5141 3230 5208 ubicunque
3252 5138 3487 5192 venirent
3509 5147 3663 5191 erant

2068 5220 2352 5275 inventuri.

2142 5290 2255 5360 (36)
2297 5290 2429 5354 Qum
2472 5286 2665 5357 species
2698 5284 2822 5348 cibi,
2854 5290 2962 5338 etc.
2997 5279 3244 5360 [{‘espicit
3284 5277 3355 5333 ad
3385 5277 3576 5332 locum
3607 5276 3667 5331 li-

2070 5350 2156 5418 bri
2180 5350 2647 5429 sapietitiae,'cap.
2682 5371 2796 5418 xw,
2822 5369 2968 5429 vers.
3000 5351 3095 5429 20,

2142 5417 2273 5511 (ξηῖ
2298 5429 2409 5511 Ipsi
2439 5417 2725 5511 εέςαηῖιαςη
2748 5417 2970 5511 siesse
2996 5417 3661 5511 ςίῆίέέεςςο.ίξ49ῖτξξςζετιξ-

2076 5488 2280 5557 Scribit
2294 5488 2477 5554 tamen
2502 5499 2649 5553 hunc
2672 5498 2725 5550 in
2749 5488 2969 5549 modum
2994 5488 3231 5545 JOannes
3250 5488 3659 5553 Damascenus,

2076 5588 2163 5637 ιιι,
2194 5580 2379 5625 contra
2421 5566 2795 5637 Iconomacltos
2825 5580 2845 5617 :
2996 5559 3401 5637 {animinon}
3430 5560 3562 5621 Διὸς
3591 5561 3666 5637 et—

2066 5628 2253 5699 enim.
2287 5641 2319 5711 ἦ
2352 5640 2529 5711 τοῦδε,
2570 5638 2602 5708 ἢ
2638 5635 2813 5711 τοῦδε,
3112 5632 3296 5711 ἔτυχεν
3324 5630 3544 5711 ἔδῳκαν

2064 5712 2265 5789 χρυσὸν
2307 5699 2399 5764 ἐπὶ
2436 5699 2526 5763 τὸ’
2551 5699 2774 5777 πὸιῆσαι
2807 5703 3023 5758 εἴδωλον
3054 5703 3189 5773 ὅπερ
3224 5701 3288 5755 ἂν
3340 5700 3517 5773 τύχῃ,
3567 5699 3667 5753 καὶ
