  <div class='ocr_page' id='page_1' title='image "/cluster/home/n/w/nwhite01/storage/ocr_20150623/1/nnc1.0022106693/670.png"; bbox 0 0 3890 6192; ppageno 0'>
   <div class='ocr_carea' id='block_1_1' title="bbox 288 315 435 371">
    <p class='ocr_par' dir='ltr' id='par_1_1' title="bbox 288 315 435 371">
     <span class='ocr_line' id='line_1_1' title="bbox 288 315 435 371; baseline 0 0"><span class='ocrx_word' id='word_1_1' title='bbox 288 315 435 371; x_wconf 75' lang='lat' dir='ltr'><strong>i229</strong></span> 
     </span>
    </p>
   </div>
   <div class='ocr_carea' id='block_1_2' title="bbox 1482 309 2290 370">
    <p class='ocr_par' dir='ltr' id='par_1_2' title="bbox 1482 309 2290 370">
     <span class='ocr_line' id='line_1_2' title="bbox 1482 309 2290 370; baseline 0.001 -2"><span class='ocrx_word' id='word_1_2' title='bbox 1482 309 2053 370; x_wconf 80' lang='lat' dir='ltr'><strong>RECOGNITIONUM</strong></span> <span class='ocrx_word' id='word_1_3' title='bbox 2088 313 2214 369; x_wconf 84' lang='lat' dir='ltr'><strong>LIB.</strong></span> <span class='ocrx_word' id='word_1_4' title='bbox 2252 315 2290 369; x_wconf 90' lang='grc' dir='ltr'><strong>Ι.</strong></span> 
     </span>
    </p>
   </div>
   <div class='ocr_carea' id='block_1_3' title="bbox 3408 315 3555 373">
    <p class='ocr_par' dir='ltr' id='par_1_3' title="bbox 3408 315 3555 373">
     <span class='ocr_line' id='line_1_3' title="bbox 3408 315 3555 373; baseline 0 0"><span class='ocrx_word' id='word_1_5' title='bbox 3408 315 3555 373; x_wconf 74' lang='lat' dir='ltr'><strong>i230</strong></span> 
     </span>
    </p>
   </div>
   <div class='ocr_carea' id='block_1_4' title="bbox 286 426 3553 501">
    <p class='ocr_par' dir='ltr' id='par_1_4' title="bbox 286 426 3553 501">
     <span class='ocr_line' id='line_1_4' title="bbox 286 426 3553 501; baseline 0 -17"><span class='ocrx_word' id='word_1_6' title='bbox 286 438 413 501; x_wconf 87' lang='lat' dir='ltr'><strong>post</strong></span> <span class='ocrx_word' id='word_1_7' title='bbox 450 437 532 485; x_wconf 90' lang='lat' dir='ltr'><strong>tot</strong></span> <span class='ocrx_word' id='word_1_8' title='bbox 588 443 654 484; x_wconf 87' lang='lat' dir='ltr'><strong>ac</strong></span> <span class='ocrx_word' id='word_1_9' title='bbox 692 435 847 484; x_wconf 90' lang='lat' dir='ltr'><strong>tanta</strong></span> <span class='ocrx_word' id='word_1_10' title='bbox 892 445 1015 501; x_wconf 64' lang='lat' dir='ltr'><strong>quae</strong></span> <span class='ocrx_word' id='word_1_11' title='bbox 1041 430 1295 487; x_wconf 74' lang='lat' dir='ltr'><strong>viderant</strong></span> <span class='ocrx_word' id='word_1_12' title='bbox 1319 429 1613 493; x_wconf 82' lang='lat' dir='ltr'><strong>mirabilia,</strong></span> <span class='ocrx_word' id='word_1_13' title='bbox 1658 427 1863 485; x_wconf 81' lang='lat' dir='ltr'><strong>veteris</strong></span> <span class='ocrx_word' id='word_1_14' title='bbox 1888 432 1940 491; x_wconf 73' lang='grc' dir='ltr'><strong>Α</strong></span> <span class='ocrx_word' id='word_1_15' title='bbox 2040 426 2503 501; x_wconf 78' lang='lat' dir='ltr'><strong>XXXVllngitur</strong></span> <span class='ocrx_word' id='word_1_16' title='bbox 2529 426 2742 500; x_wconf 82' lang='lat' dir='ltr'><strong>Moyses</strong></span> <span class='ocrx_word' id='word_1_17' title='bbox 2756 428 2824 495; x_wconf 81' lang='grc'><strong>⁸⁸,</strong></span> <span class='ocrx_word' id='word_1_18' title='bbox 2857 427 2944 485; x_wconf 89' lang='lat' dir='ltr'><strong>his</strong></span> <span class='ocrx_word' id='word_1_19' title='bbox 2972 427 3403 496; x_wconf 76' lang='lat' dir='ltr'><strong>administratis,</strong></span> <span class='ocrx_word' id='word_1_20' title='bbox 3435 430 3553 485; x_wconf 78' lang='lat' dir='ltr'><strong>An-</strong></span> 
     </span>
    </p>
   </div>
   <div class='ocr_carea' id='block_1_5' title="bbox 284 519 1873 590">
    <p class='ocr_par' dir='ltr' id='par_1_5' title="bbox 284 519 1873 590">
     <span class='ocr_line' id='line_1_5' title="bbox 284 519 1873 590; baseline -0.002 -14"><span class='ocrx_word' id='word_1_21' title='bbox 284 520 700 577; x_wconf 90' lang='lat' dir='ltr'><strong>consuetudinis</strong></span> <span class='ocrx_word' id='word_1_22' title='bbox 741 519 933 577; x_wconf 82' lang='lat' dir='ltr'><strong>sordes</strong></span> <span class='ocrx_word' id='word_1_23' title='bbox 981 522 1210 577; x_wconf 90' lang='lat' dir='ltr'><strong>elimare</strong></span> <span class='ocrx_word' id='word_1_24' title='bbox 1268 537 1299 577; x_wconf 91' lang='lat' dir='ltr'><strong>a</strong></span> <span class='ocrx_word' id='word_1_25' title='bbox 1353 536 1413 576; x_wconf 90' lang='lat' dir='ltr'><strong>se</strong></span> <span class='ocrx_word' id='word_1_26' title='bbox 1461 527 1625 590; x_wconf 90' lang='lat' dir='ltr'><strong>atque</strong></span> <span class='ocrx_word' id='word_1_27' title='bbox 1658 519 1873 576; x_wconf 88' lang='lat' dir='ltr'><strong>abster-</strong></span> 
     </span>
    </p>
   </div>
   <div class='ocr_carea' id='block_1_6' title="bbox 283 610 1871 682">
    <p class='ocr_par' dir='ltr' id='par_1_6' title="bbox 283 610 1871 682">
     <span class='ocr_line' id='line_1_6' title="bbox 283 610 1871 682; baseline -0.001 -16"><span class='ocrx_word' id='word_1_28' title='bbox 283 627 415 681; x_wconf 84' lang='lat' dir='ltr'><strong>gere</strong></span> <span class='ocrx_word' id='word_1_29' title='bbox 443 611 830 682; x_wconf 85' lang='lat' dir='ltr'><strong>nequiverunt.</strong></span> <span class='ocrx_word' id='word_1_30' title='bbox 863 610 929 665; x_wconf 88' lang='lat' dir='ltr'><strong>Et</strong></span> <span class='ocrx_word' id='word_1_31' title='bbox 959 612 1031 666; x_wconf 93' lang='lat' dir='ltr'><strong>oh</strong></span> <span class='ocrx_word' id='word_1_32' title='bbox 1048 612 1152 667; x_wconf 94' lang='lat' dir='ltr'><strong>hoc</strong></span> <span class='ocrx_word' id='word_1_33' title='bbox 1182 613 1363 667; x_wconf 85' lang='lat' dir='ltr'><strong>brevis</strong></span> <span class='ocrx_word' id='word_1_34' title='bbox 1395 611 1560 682; x_wconf 80' lang='lat' dir='ltr'><strong>spatii</strong></span> <span class='ocrx_word' id='word_1_35' title='bbox 1593 611 1698 665; x_wconf 86' lang='lat' dir='ltr'><strong>iter</strong></span> <span class='ocrx_word' id='word_1_36' title='bbox 1719 610 1871 681; x_wconf 91' lang='lat' dir='ltr'><strong>quod</strong></span> 
     </span>
    </p>
   </div>
   <div class='ocr_carea' id='block_1_7' title="bbox 282 699 1870 773">
    <p class='ocr_par' dir='ltr' id='par_1_7' title="bbox 282 699 1870 773">
     <span class='ocr_line' id='line_1_7' title="bbox 282 699 1870 773; baseline -0.002 -17"><span class='ocrx_word' id='word_1_37' title='bbox 282 718 351 756; x_wconf 68' lang='lat' dir='ltr'><strong>es</strong></span> <span class='ocrx_word' id='word_1_38' title='bbox 378 700 615 773; x_wconf 61' lang='lat' dir='ltr'><strong>Egypto</strong></span> <span class='ocrx_word' id='word_1_39' title='bbox 641 702 792 756; x_wconf 89' lang='lat' dir='ltr'><strong>ducit</strong></span> <span class='ocrx_word' id='word_1_40' title='bbox 832 701 899 755; x_wconf 91' lang='lat' dir='ltr'><strong>ad</strong></span> <span class='ocrx_word' id='word_1_41' title='bbox 923 699 1165 755; x_wconf 64' lang='lat' dir='ltr'><strong>Iudaeam</strong></span> <span class='ocrx_word' id='word_1_42' title='bbox 1205 702 1552 771; x_wconf 88' lang='lat' dir='ltr'><strong>relinquens,</strong></span> <span class='ocrx_word' id='word_1_43' title='bbox 1603 700 1870 755; x_wconf 88' lang='lat' dir='ltr'><strong>immenso</strong></span> 
     </span>
    </p>
   </div>
   <div class='ocr_carea' id='block_1_8' title="bbox 281 788 1870 861">
    <p class='ocr_par' dir='ltr' id='par_1_8' title="bbox 281 788 1870 861">
     <span class='ocr_line' id='line_1_8' title="bbox 281 788 1870 861; baseline -0.005 -13"><span class='ocrx_word' id='word_1_44' title='bbox 281 793 458 848; x_wconf 85' lang='lat' dir='ltr'><strong>eremi</strong></span> <span class='ocrx_word' id='word_1_45' title='bbox 504 792 713 846; x_wconf 88' lang='lat' dir='ltr'><strong>ambitu</strong></span> <span class='ocrx_word' id='word_1_46' title='bbox 770 791 882 861; x_wconf 89' lang='lat' dir='ltr'><strong>egit</strong></span> <span class='ocrx_word' id='word_1_47' title='bbox 908 806 1006 846; x_wconf 91' lang='lat' dir='ltr'><strong>eos</strong></span> <span class='ocrx_word' id='word_1_48' title='bbox 1041 789 1280 861; x_wconf 80' lang='lat' dir='ltr'><strong>Moyses,</strong></span> <span class='ocrx_word' id='word_1_49' title='bbox 1326 790 1374 845; x_wconf 91' lang='lat' dir='ltr'><strong>si</strong></span> <span class='ocrx_word' id='word_1_50' title='bbox 1407 789 1547 843; x_wconf 89' lang='lat' dir='ltr'><strong>forte</strong></span> <span class='ocrx_word' id='word_1_51' title='bbox 1575 788 1770 858; x_wconf 88' lang='lat' dir='ltr'><strong>possit,</strong></span> <span class='ocrx_word' id='word_1_52' title='bbox 1809 796 1870 841; x_wconf 93' lang='lat' dir='ltr'><strong>ut</strong></span> 
     </span>
    </p>
   </div>
   <div class='ocr_carea' id='block_1_9' title="bbox 281 881 1867 955">
    <p class='ocr_par' dir='ltr' id='par_1_9' title="bbox 281 881 1867 955">
     <span class='ocr_line' id='line_1_9' title="bbox 281 881 1867 955; baseline -0.003 -15"><span class='ocrx_word' id='word_1_53' title='bbox 281 885 545 955; x_wconf 87' lang='lat' dir='ltr'><strong>superius</strong></span> <span class='ocrx_word' id='word_1_54' title='bbox 615 884 1081 949; x_wconf 80' lang='lat' dir='ltr'><strong>memoravimus,</strong></span> <span class='ocrx_word' id='word_1_55' title='bbox 1144 892 1377 938; x_wconf 73' lang='lat' dir='ltr'><strong>vetustae</strong></span> <span class='ocrx_word' id='word_1_56' title='bbox 1438 881 1867 937; x_wconf 85' lang='lat' dir='ltr'><strong>consuetudinis</strong></span> 
     </span>
    </p>
   </div>
   <div class='ocr_carea' id='block_1_10' title="bbox 280 976 1868 1048">
    <p class='ocr_par' dir='ltr' id='par_1_10' title="bbox 280 976 1868 1048">
     <span class='ocr_line' id='line_1_10' title="bbox 280 976 1868 1048; baseline -0.003 -15"><span class='ocrx_word' id='word_1_57' title='bbox 280 980 431 1033; x_wconf 86' lang='lat' dir='ltr'><strong>mala</strong></span> <span class='ocrx_word' id='word_1_58' title='bbox 494 978 723 1033; x_wconf 69' lang='lat' dir='ltr'><strong>novellas</strong></span> <span class='ocrx_word' id='word_1_59' title='bbox 787 977 1154 1033; x_wconf 88' lang='lat' dir='ltr'><strong>institutionis</strong></span> <span class='ocrx_word' id='word_1_60' title='bbox 1221 976 1627 1048; x_wconf 87' lang='lat' dir='ltr'><strong>permutatione</strong></span> <span class='ocrx_word' id='word_1_61' title='bbox 1680 976 1868 1030; x_wconf 81' lang='lat' dir='ltr'><strong>discu—</strong></span> 
     </span>
    </p>
   </div>
   <div class='ocr_carea' id='block_1_11' title="bbox 279 1078 421 1123">
    <p class='ocr_par' dir='ltr' id='par_1_11' title="bbox 279 1078 421 1123">
     <span class='ocr_line' id='line_1_11' title="bbox 279 1078 421 1123; baseline -0.007 0"><span class='ocrx_word' id='word_1_62' title='bbox 279 1078 421 1123; x_wconf 89' lang='lat' dir='ltr'><strong>tere.</strong></span> 
     </span>
    </p>
   </div>
   <div class='ocr_carea' id='block_1_12' title="bbox 360 1156 1867 1227">
    <p class='ocr_par' dir='ltr' id='par_1_12' title="bbox 360 1156 1867 1227">
     <span class='ocr_line' id='line_1_12' title="bbox 360 1156 1867 1227; baseline -0.001 -15"><span class='ocrx_word' id='word_1_63' title='bbox 360 1157 609 1215; x_wconf 77' lang='lat' dir='ltr'><strong>XXXVI.</strong></span> <span class='ocrx_word' id='word_1_64' title='bbox 659 1158 797 1214; x_wconf 86' lang='lat' dir='ltr'><strong>Cum</strong></span> <span class='ocrx_word' id='word_1_65' title='bbox 829 1159 1049 1215; x_wconf 89' lang='lat' dir='ltr'><strong>interim</strong></span> <span class='ocrx_word' id='word_1_66' title='bbox 1086 1157 1262 1214; x_wconf 77' lang='lat' dir='ltr'><strong>fidelis</strong></span> <span class='ocrx_word' id='word_1_67' title='bbox 1288 1164 1343 1213; x_wconf 89' lang='lat' dir='ltr'><strong>et</strong></span> <span class='ocrx_word' id='word_1_68' title='bbox 1376 1156 1616 1227; x_wconf 88' lang='lat' dir='ltr'><strong>prudens</strong></span> <span class='ocrx_word' id='word_1_69' title='bbox 1644 1156 1867 1227; x_wconf 80' lang='lat' dir='ltr'><strong>dispen-</strong></span> 
     </span>
    </p>
   </div>
   <div class='ocr_carea' id='block_1_13' title="bbox 276 1247 1861 1328">
    <p class='ocr_par' dir='ltr' id='par_1_13' title="bbox 276 1247 1861 1328">
     <span class='ocr_line' id='line_1_13' title="bbox 276 1247 1861 1328; baseline -0.004 -21"><span class='ocrx_word' id='word_1_70' title='bbox 276 1259 436 1307; x_wconf 85' lang='lat' dir='ltr'><strong>sator</strong></span> <span class='ocrx_word' id='word_1_71' title='bbox 487 1251 699 1328; x_wconf 68' lang='lat' dir='ltr'><strong>Moyses</strong></span> <span class='ocrx_word' id='word_1_72' title='bbox 744 1250 1060 1327; x_wconf 73' lang='lat' dir='ltr'><strong>pervidens,</strong></span> <span class='ocrx_word' id='word_1_73' title='bbox 1116 1249 1318 1320; x_wconf 92' lang='lat' dir='ltr'><strong>populo</strong></span> <span class='ocrx_word' id='word_1_74' title='bbox 1353 1264 1420 1303; x_wconf 81' lang='lat' dir='ltr'><strong>ex</strong></span> <span class='ocrx_word' id='word_1_75' title='bbox 1472 1247 1861 1318; x_wconf 58' lang='lat' dir='ltr'><strong>[Egyptiorum</strong></span> 
     </span>
    </p>
   </div>
   <div class='ocr_carea' id='block_1_14' title="bbox 276 1336 1859 1400">
    <p class='ocr_par' dir='ltr' id='par_1_14' title="bbox 276 1336 1859 1400">
     <span class='ocr_line' id='line_1_14' title="bbox 276 1336 1859 1400; baseline -0.007 0"><span class='ocrx_word' id='word_1_76' title='bbox 276 1342 560 1400; x_wconf 74' lang='lat' dir='ltr'><strong>consortio</strong></span> <span class='ocrx_word' id='word_1_77' title='bbox 584 1347 747 1399; x_wconf 86' lang='lat' dir='ltr'><strong>altius</strong></span> <span class='ocrx_word' id='word_1_78' title='bbox 780 1342 1084 1400; x_wconf 83' lang='lat' dir='ltr'><strong>inolevissc</strong></span> <span class='ocrx_word' id='word_1_79' title='bbox 1102 1340 1293 1397; x_wconf 83' lang='lat' dir='ltr'><strong>vitium</strong></span> <span class='ocrx_word' id='word_1_80' title='bbox 1320 1338 1484 1394; x_wconf 88' lang='lat' dir='ltr'><strong>idolis</strong></span> <span class='ocrx_word' id='word_1_81' title='bbox 1519 1336 1859 1399; x_wconf 81' lang='lat' dir='ltr'><strong>immolandi,</strong></span> 
     </span>
    </p>
   </div>
   <div class='ocr_carea' id='block_1_15' title="bbox 272 1430 1869 1509">
    <p class='ocr_par' dir='ltr' id='par_1_15' title="bbox 272 1430 1869 1509">
     <span class='ocr_line' id='line_1_15' title="bbox 272 1430 1869 1509; baseline -0.008 -15"><span class='ocrx_word' id='word_1_82' title='bbox 272 1452 381 1494; x_wconf 81' lang='lat' dir='ltr'><strong>nec</strong></span> <span class='ocrx_word' id='word_1_83' title='bbox 407 1454 571 1509; x_wconf 84' lang='lat' dir='ltr'><strong>posse</strong></span> <span class='ocrx_word' id='word_1_84' title='bbox 605 1438 673 1493; x_wconf 85' lang='lat' dir='ltr'><strong>de</strong></span> <span class='ocrx_word' id='word_1_85' title='bbox 701 1439 782 1493; x_wconf 90' lang='lat' dir='ltr'><strong>eis</strong></span> <span class='ocrx_word' id='word_1_86' title='bbox 818 1439 1059 1493; x_wconf 89' lang='lat' dir='ltr'><strong>radicem</strong></span> <span class='ocrx_word' id='word_1_87' title='bbox 1094 1432 1223 1490; x_wconf 85' lang='lat' dir='ltr'><strong>mali</strong></span> <span class='ocrx_word' id='word_1_88' title='bbox 1258 1431 1425 1499; x_wconf 90' lang='lat' dir='ltr'><strong>hujus</strong></span> <span class='ocrx_word' id='word_1_89' title='bbox 1452 1430 1869 1495; x_wconf 82' lang='lat' dir='ltr'><strong>excidi,immo—</strong></span> 
     </span>
    </p>
   </div>
   <div class='ocr_carea' id='block_1_16' title="bbox 272 1521 1859 1598">
    <p class='ocr_par' dir='ltr' id='par_1_16' title="bbox 272 1521 1859 1598">
     <span class='ocr_line' id='line_1_16' title="bbox 272 1521 1859 1598; baseline -0.006 -15"><span class='ocrx_word' id='word_1_90' title='bbox 272 1531 393 1584; x_wconf 88' lang='lat' dir='ltr'><strong>lare</strong></span> <span class='ocrx_word' id='word_1_91' title='bbox 439 1530 662 1598; x_wconf 80' lang='lat' dir='ltr'><strong>quidem</strong></span> <span class='ocrx_word' id='word_1_92' title='bbox 708 1530 788 1583; x_wconf 89' lang='lat' dir='ltr'><strong>eis</strong></span> <span class='ocrx_word' id='word_1_93' title='bbox 829 1528 1128 1592; x_wconf 86' lang='lat' dir='ltr'><strong>concessit,</strong></span> <span class='ocrx_word' id='word_1_94' title='bbox 1183 1524 1276 1582; x_wconf 88' lang='lat' dir='ltr'><strong>sed</strong></span> <span class='ocrx_word' id='word_1_95' title='bbox 1308 1521 1417 1577; x_wconf 90' lang='lat' dir='ltr'><strong>Deo</strong></span> <span class='ocrx_word' id='word_1_96' title='bbox 1461 1522 1563 1577; x_wconf 92' lang='lat' dir='ltr'><strong>soli</strong></span> <span class='ocrx_word' id='word_1_97' title='bbox 1606 1522 1711 1575; x_wconf 91' lang='lat' dir='ltr'><strong>hoc</strong></span> <span class='ocrx_word' id='word_1_98' title='bbox 1740 1521 1859 1575; x_wconf 82' lang='lat' dir='ltr'><strong>ﬁeri</strong></span> 
     </span>
    </p>
   </div>
   <div class='ocr_carea' id='block_1_17' title="bbox 275 1611 1863 1692">
    <p class='ocr_par' dir='ltr' id='par_1_17' title="bbox 275 1611 1863 1692">
     <span class='ocr_line' id='line_1_17' title="bbox 275 1611 1863 1692; baseline -0.007 -16"><span class='ocrx_word' id='word_1_99' title='bbox 275 1623 552 1692; x_wconf 86' lang='lat' dir='ltr'><strong>permisit,</strong></span> <span class='ocrx_word' id='word_1_100' title='bbox 587 1629 646 1675; x_wconf 93' lang='lat' dir='ltr'><strong>ut</strong></span> <span class='ocrx_word' id='word_1_101' title='bbox 687 1622 925 1676; x_wconf 91' lang='lat' dir='ltr'><strong>mediam</strong></span> <span class='ocrx_word' id='word_1_102' title='bbox 952 1618 1360 1689; x_wconf 88' lang='lat' dir='ltr'><strong>quodammodo</strong></span> <span class='ocrx_word' id='word_1_103' title='bbox 1390 1621 1598 1687; x_wconf 83' lang='lat' dir='ltr'><strong>partem</strong></span> <span class='ocrx_word' id='word_1_104' title='bbox 1632 1611 1749 1667; x_wconf 89' lang='lat' dir='ltr'><strong>vitii</strong></span> <span class='ocrx_word' id='word_1_105' title='bbox 1780 1614 1863 1666; x_wconf 88' lang='lat' dir='ltr'><strong>al-</strong></span> 
     </span>
    </p>
   </div>
   <div class='ocr_carea' id='block_1_18' title="bbox 272 1704 1859 1779">
    <p class='ocr_par' dir='ltr' id='par_1_18' title="bbox 272 1704 1859 1779">
     <span class='ocr_line' id='line_1_18' title="bbox 272 1704 1859 1779; baseline -0.007 -12"><span class='ocrx_word' id='word_1_106' title='bbox 272 1715 387 1767; x_wconf 87' lang='lat' dir='ltr'><strong>tius</strong></span> <span class='ocrx_word' id='word_1_107' title='bbox 408 1714 585 1768; x_wconf 92' lang='lat' dir='ltr'><strong>inoliti</strong></span> <span class='ocrx_word' id='word_1_108' title='bbox 624 1719 937 1779; x_wconf 88' lang='lat' dir='ltr'><strong>resecaret;</strong></span> <span class='ocrx_word' id='word_1_109' title='bbox 967 1712 1130 1765; x_wconf 84' lang='lat' dir='ltr'><strong>aliam</strong></span> <span class='ocrx_word' id='word_1_110' title='bbox 1158 1726 1288 1765; x_wconf 82' lang='lat' dir='ltr'><strong>vero</strong></span> <span class='ocrx_word' id='word_1_111' title='bbox 1301 1708 1557 1774; x_wconf 86' lang='lat' dir='ltr'><strong>mediam,</strong></span> <span class='ocrx_word' id='word_1_112' title='bbox 1576 1721 1674 1775; x_wconf 90' lang='lat' dir='ltr'><strong>per</strong></span> <span class='ocrx_word' id='word_1_113' title='bbox 1692 1704 1859 1758; x_wconf 90' lang='lat' dir='ltr'><strong>alium</strong></span> 
     </span>
    </p>
   </div>
   <div class='ocr_carea' id='block_1_19' title="bbox 270 1788 1863 1875">
    <p class='ocr_par' dir='ltr' id='par_1_19' title="bbox 270 1788 1863 1875">
     <span class='ocr_line' id='line_1_19' title="bbox 270 1788 1863 1875; baseline -0.008 -14"><span class='ocrx_word' id='word_1_114' title='bbox 270 1815 331 1861; x_wconf 91' lang='lat' dir='ltr'><strong>et</strong></span> <span class='ocrx_word' id='word_1_115' title='bbox 378 1806 448 1860; x_wconf 91' lang='lat' dir='ltr'><strong>ad</strong></span> <span class='ocrx_word' id='word_1_116' title='bbox 494 1806 646 1860; x_wconf 91' lang='lat' dir='ltr'><strong>aliud</strong></span> <span class='ocrx_word' id='word_1_117' title='bbox 700 1788 919 1875; x_wconf 83' lang='lat' dir='ltr'><strong>tempus</strong></span> <span class='ocrx_word' id='word_1_118' title='bbox 954 1808 1260 1858; x_wconf 85' lang='lat' dir='ltr'><strong>reservaret</strong></span> <span class='ocrx_word' id='word_1_119' title='bbox 1296 1799 1729 1861; x_wconf 90' lang='lat' dir='ltr'><strong>emendandam,</strong></span> <span class='ocrx_word' id='word_1_120' title='bbox 1765 1811 1863 1865; x_wconf 89' lang='lat' dir='ltr'><strong>per</strong></span> 
     </span>
    </p>
   </div>
   <div class='ocr_carea' id='block_1_20' title="bbox 270 1889 1848 1967">
    <p class='ocr_par' dir='ltr' id='par_1_20' title="bbox 270 1889 1848 1967">
     <span class='ocr_line' id='line_1_20' title="bbox 270 1889 1848 1967; baseline -0.007 -14"><span class='ocrx_word' id='word_1_121' title='bbox 270 1899 428 1953; x_wconf 85' lang='lat' dir='ltr'><strong>illum</strong></span> <span class='ocrx_word' id='word_1_122' title='bbox 476 1898 709 1961; x_wconf 84' lang='lat' dir='ltr'><strong>scilicet,</strong></span> <span class='ocrx_word' id='word_1_123' title='bbox 761 1897 827 1951; x_wconf 91' lang='lat' dir='ltr'><strong>de</strong></span> <span class='ocrx_word' id='word_1_124' title='bbox 856 1912 966 1967; x_wconf 89' lang='lat' dir='ltr'><strong>quo</strong></span> <span class='ocrx_word' id='word_1_125' title='bbox 994 1896 1111 1965; x_wconf 88' lang='lat' dir='ltr'><strong>ipse</strong></span> <span class='ocrx_word' id='word_1_126' title='bbox 1131 1894 1311 1949; x_wconf 81' lang='lat' dir='ltr'><strong>dixit:</strong></span> <span class='ocrx_word' id='word_1_127' title='bbox 1357 1891 1677 1963; x_wconf 81' lang='lat' dir='ltr'><strong>Prophetam</strong></span> <span class='ocrx_word' id='word_1_128' title='bbox 1708 1889 1848 1944; x_wconf 83' lang='lat' dir='ltr'><strong>vobis</strong></span> 
     </span>
    </p>
   </div>
   <div class='ocr_carea' id='block_1_21' title="bbox 267 1984 1857 2061">
    <p class='ocr_par' dir='ltr' id='par_1_21' title="bbox 267 1984 1857 2061">
     <span class='ocr_line' id='line_1_21' title="bbox 267 1984 1857 2061; baseline -0.006 -17"><span class='ocrx_word' id='word_1_129' title='bbox 267 1990 550 2044; x_wconf 84' lang='lat' dir='ltr'><strong>suscitabit</strong></span> <span class='ocrx_word' id='word_1_130' title='bbox 584 1989 695 2061; x_wconf 78' lang='grc'><strong>(58)</strong></span> <span class='ocrx_word' id='word_1_131' title='bbox 728 1988 984 2043; x_wconf 77' lang='lat' dir='ltr'><strong>Dominus</strong></span> <span class='ocrx_word' id='word_1_132' title='bbox 1012 1987 1154 2042; x_wconf 86' lang='lat' dir='ltr'><strong>Deus</strong></span> <span class='ocrx_word' id='word_1_133' title='bbox 1192 1996 1357 2041; x_wconf 74' lang='lat' dir='ltr'><strong>vester</strong></span> <span class='ocrx_word' id='word_1_134' title='bbox 1388 1987 1521 2039; x_wconf 82' lang='lat' dir='ltr'><strong>sicut</strong></span> <span class='ocrx_word' id='word_1_135' title='bbox 1552 2000 1653 2048; x_wconf 86' lang='lat' dir='ltr'><strong>me,</strong></span> <span class='ocrx_word' id='word_1_136' title='bbox 1686 1984 1857 2053; x_wconf 85' lang='lat' dir='ltr'><strong>ipsum</strong></span> 
     </span>
    </p>
   </div>
   <div class='ocr_carea' id='block_1_22' title="bbox 267 2077 1851 2150">
    <p class='ocr_par' dir='ltr' id='par_1_22' title="bbox 267 2077 1851 2150">
     <span class='ocr_line' id='line_1_22' title="bbox 267 2077 1851 2150; baseline -0.004 -14"><span class='ocrx_word' id='word_1_137' title='bbox 267 2084 456 2136; x_wconf 78' lang='lat' dir='ltr'><strong>audite</strong></span> <span class='ocrx_word' id='word_1_138' title='bbox 496 2081 785 2136; x_wconf 83' lang='lat' dir='ltr'><strong>secundum</strong></span> <span class='ocrx_word' id='word_1_139' title='bbox 839 2082 1014 2135; x_wconf 84' lang='lat' dir='ltr'><strong>omnia</strong></span> <span class='ocrx_word' id='word_1_140' title='bbox 1037 2096 1153 2150; x_wconf 75' lang='lat' dir='ltr'><strong>qua:</strong></span> <span class='ocrx_word' id='word_1_141' title='bbox 1182 2080 1377 2133; x_wconf 71' lang='lat' dir='ltr'><strong>dixerit</strong></span> <span class='ocrx_word' id='word_1_142' title='bbox 1410 2077 1578 2133; x_wconf 81' lang='lat' dir='ltr'><strong>vobis.</strong></span> <span class='ocrx_word' id='word_1_143' title='bbox 1619 2077 1851 2144; x_wconf 71' lang='lat' dir='ltr'><strong>Quicun-</strong></span> 
     </span>
    </p>
   </div>
   <div class='ocr_carea' id='block_1_23' title="bbox 262 2169 1859 2245">
    <p class='ocr_par' dir='ltr' id='par_1_23' title="bbox 262 2169 1859 2245">
     <span class='ocr_line' id='line_1_23' title="bbox 262 2169 1859 2245; baseline -0.003 -18"><span class='ocrx_word' id='word_1_144' title='bbox 262 2191 369 2245; x_wconf 77' lang='lat' dir='ltr'><strong>que</strong></span> <span class='ocrx_word' id='word_1_145' title='bbox 392 2174 529 2228; x_wconf 87' lang='lat' dir='ltr'><strong>enim</strong></span> <span class='ocrx_word' id='word_1_146' title='bbox 547 2190 648 2227; x_wconf 89' lang='lat' dir='ltr'><strong>non</strong></span> <span class='ocrx_word' id='word_1_147' title='bbox 667 2172 894 2227; x_wconf 87' lang='lat' dir='ltr'><strong>audierit</strong></span> <span class='ocrx_word' id='word_1_148' title='bbox 909 2172 1217 2242; x_wconf 77' lang='lat' dir='ltr'><strong>prophetam</strong></span> <span class='ocrx_word' id='word_1_149' title='bbox 1232 2171 1404 2237; x_wconf 80' lang='lat' dir='ltr'><strong>illum,</strong></span> <span class='ocrx_word' id='word_1_150' title='bbox 1420 2169 1859 2224; x_wconf 80' lang='lat' dir='ltr'><strong>exterminabitur</strong></span> 
     </span>
    </p>
   </div>
   <div class='ocr_carea' id='block_1_24' title="bbox 263 2263 1104 2333">
    <p class='ocr_par' dir='ltr' id='par_1_24' title="bbox 263 2263 1104 2333">
     <span class='ocr_line' id='line_1_24' title="bbox 263 2263 1104 2333; baseline 0.001 -16"><span class='ocrx_word' id='word_1_151' title='bbox 263 2266 451 2319; x_wconf 85' lang='lat' dir='ltr'><strong>anima</strong></span> <span class='ocrx_word' id='word_1_152' title='bbox 473 2264 586 2333; x_wconf 84' lang='lat' dir='ltr'><strong>ejus</strong></span> <span class='ocrx_word' id='word_1_153' title='bbox 609 2264 671 2318; x_wconf 89' lang='lat' dir='ltr'><strong>de</strong></span> <span class='ocrx_word' id='word_1_154' title='bbox 691 2264 883 2333; x_wconf 71' lang='lat' dir='ltr'><strong>populo</strong></span> <span class='ocrx_word' id='word_1_155' title='bbox 917 2279 1014 2317; x_wconf 89' lang='lat' dir='ltr'><strong>suo</strong></span> <span class='ocrx_word' id='word_1_156' title='bbox 1035 2263 1104 2318; x_wconf 78' lang='grc'><strong>⁸⁸.</strong></span> 
     </span>
    </p>
   </div>
   <div class='ocr_carea' id='block_1_25' title="bbox 280 2352 1855 2420">
    <p class='ocr_par' dir='ltr' id='par_1_25' title="bbox 280 2352 1855 2420">
     <span class='ocr_line' id='line_1_25' title="bbox 280 2352 1855 2420; baseline -0.003 -9"><span class='ocrx_word' id='word_1_157' title='bbox 280 2366 284 2369; x_wconf 74' lang='lat'>‘</span> <span class='ocrx_word' id='word_1_158' title='bbox 349 2355 616 2411; x_wconf 77' lang='lat' dir='ltr'><strong>XXXVII.</strong></span> <span class='ocrx_word' id='word_1_159' title='bbox 642 2356 725 2411; x_wconf 87' lang='lat' dir='ltr'><strong>Ad</strong></span> <span class='ocrx_word' id='word_1_160' title='bbox 768 2357 883 2411; x_wconf 66' lang='lat' dir='ltr'><strong>haec</strong></span> <span class='ocrx_word' id='word_1_161' title='bbox 908 2362 1091 2410; x_wconf 88' lang='lat' dir='ltr'><strong>autem</strong></span> <span class='ocrx_word' id='word_1_162' title='bbox 1144 2357 1306 2410; x_wconf 89' lang='lat' dir='ltr'><strong>etiam</strong></span> <span class='ocrx_word' id='word_1_163' title='bbox 1341 2354 1521 2408; x_wconf 91' lang='lat' dir='ltr'><strong>locum</strong></span> <span class='ocrx_word' id='word_1_164' title='bbox 1554 2354 1763 2420; x_wconf 89' lang='lat' dir='ltr'><strong>statuit,</strong></span> <span class='ocrx_word' id='word_1_165' title='bbox 1797 2352 1855 2407; x_wconf 92' lang='lat' dir='ltr'><strong>in</strong></span> 
     </span>
    </p>
   </div>
   <div class='ocr_carea' id='block_1_26' title="bbox 262 2446 1854 2520">
    <p class='ocr_par' dir='ltr' id='par_1_26' title="bbox 262 2446 1854 2520">
     <span class='ocr_line' id='line_1_26' title="bbox 262 2446 1854 2520; baseline -0.002 -16"><span class='ocrx_word' id='word_1_166' title='bbox 262 2464 380 2520; x_wconf 89' lang='lat' dir='ltr'><strong>quo</strong></span> <span class='ocrx_word' id='word_1_167' title='bbox 416 2451 536 2504; x_wconf 93' lang='lat' dir='ltr'><strong>solo</strong></span> <span class='ocrx_word' id='word_1_168' title='bbox 570 2450 762 2505; x_wconf 89' lang='lat' dir='ltr'><strong>liceret</strong></span> <span class='ocrx_word' id='word_1_169' title='bbox 796 2449 877 2504; x_wconf 90' lang='lat' dir='ltr'><strong>eis</strong></span> <span class='ocrx_word' id='word_1_170' title='bbox 924 2447 1212 2503; x_wconf 88' lang='lat' dir='ltr'><strong>immolare</strong></span> <span class='ocrx_word' id='word_1_171' title='bbox 1253 2446 1363 2502; x_wconf 90' lang='lat' dir='ltr'><strong>Deo</strong></span> <span class='ocrx_word' id='word_1_172' title='bbox 1384 2447 1450 2503; x_wconf 81' lang='grc'><strong>⁸³.</strong></span> <span class='ocrx_word' id='word_1_173' title='bbox 1502 2447 1618 2502; x_wconf 87' lang='lat' dir='ltr'><strong>Hoc</strong></span> <span class='ocrx_word' id='word_1_174' title='bbox 1672 2454 1854 2502; x_wconf 91' lang='lat' dir='ltr'><strong>autem</strong></span> 
     </span>
    </p>
   </div>
   <div class='ocr_carea' id='block_1_27' title="bbox 262 2540 1855 2612">
    <p class='ocr_par' dir='ltr' id='par_1_27' title="bbox 262 2540 1855 2612">
     <span class='ocr_line' id='line_1_27' title="bbox 262 2540 1855 2612; baseline -0.001 -16"><span class='ocrx_word' id='word_1_175' title='bbox 262 2551 441 2596; x_wconf 85' lang='lat' dir='ltr'><strong>totum</strong></span> <span class='ocrx_word' id='word_1_176' title='bbox 472 2556 538 2596; x_wconf 91' lang='lat' dir='ltr'><strong>eo</strong></span> <span class='ocrx_word' id='word_1_177' title='bbox 579 2548 877 2612; x_wconf 88' lang='lat' dir='ltr'><strong>prospectu</strong></span> <span class='ocrx_word' id='word_1_178' title='bbox 915 2540 1230 2611; x_wconf 75' lang='lat' dir='ltr'><strong>gerebatur,</strong></span> <span class='ocrx_word' id='word_1_179' title='bbox 1257 2547 1316 2593; x_wconf 95' lang='lat' dir='ltr'><strong>ut</strong></span> <span class='ocrx_word' id='word_1_180' title='bbox 1351 2554 1474 2593; x_wconf 93' lang='lat' dir='ltr'><strong>cum</strong></span> <span class='ocrx_word' id='word_1_181' title='bbox 1508 2546 1722 2609; x_wconf 91' lang='lat' dir='ltr'><strong>tempus</strong></span> <span class='ocrx_word' id='word_1_182' title='bbox 1748 2553 1855 2608; x_wconf 79' lang='lat' dir='ltr'><strong>op-</strong></span> 
     </span>
    </p>
   </div>
   <div class='ocr_carea' id='block_1_28' title="bbox 261 2632 1848 2704">
    <p class='ocr_par' dir='ltr' id='par_1_28' title="bbox 261 2632 1848 2704">
     <span class='ocr_line' id='line_1_28' title="bbox 261 2632 1848 2704; baseline -0.001 -18"><span class='ocrx_word' id='word_1_183' title='bbox 261 2644 562 2704; x_wconf 86' lang='lat' dir='ltr'><strong>portunum</strong></span> <span class='ocrx_word' id='word_1_184' title='bbox 594 2635 833 2688; x_wconf 90' lang='lat' dir='ltr'><strong>venisset</strong></span> <span class='ocrx_word' id='word_1_185' title='bbox 883 2641 937 2687; x_wconf 89' lang='lat' dir='ltr'><strong>et</strong></span> <span class='ocrx_word' id='word_1_186' title='bbox 972 2632 1299 2688; x_wconf 84' lang='lat' dir='ltr'><strong>didicissent</strong></span> <span class='ocrx_word' id='word_1_187' title='bbox 1349 2648 1447 2703; x_wconf 90' lang='lat' dir='ltr'><strong>per</strong></span> <span class='ocrx_word' id='word_1_188' title='bbox 1506 2632 1848 2703; x_wconf 85' lang='lat' dir='ltr'><strong>prophetam,</strong></span> 
     </span>
    </p>
   </div>
   <div class='ocr_carea' id='block_1_29' title="bbox 266 2722 1851 2796">
    <p class='ocr_par' dir='ltr' id='par_1_29' title="bbox 266 2722 1851 2796">
     <span class='ocr_line' id='line_1_29' title="bbox 266 2722 1851 2796; baseline -0.001 -18"><span class='ocrx_word' id='word_1_189' title='bbox 266 2727 400 2796; x_wconf 89' lang='lat' dir='ltr'><strong>quia</strong></span> <span class='ocrx_word' id='word_1_190' title='bbox 433 2724 579 2780; x_wconf 88' lang='lat' dir='ltr'><strong>Deus</strong></span> <span class='ocrx_word' id='word_1_191' title='bbox 614 2724 1049 2780; x_wconf 87' lang='lat' dir='ltr'><strong>misericordiam</strong></span> <span class='ocrx_word' id='word_1_192' title='bbox 1075 2724 1184 2779; x_wconf 91' lang='lat' dir='ltr'><strong>vult</strong></span> <span class='ocrx_word' id='word_1_193' title='bbox 1209 2730 1263 2778; x_wconf 90' lang='lat' dir='ltr'><strong>et</strong></span> <span class='ocrx_word' id='word_1_194' title='bbox 1293 2739 1401 2778; x_wconf 91' lang='lat' dir='ltr'><strong>non</strong></span> <span class='ocrx_word' id='word_1_195' title='bbox 1425 2723 1757 2780; x_wconf 84' lang='lat' dir='ltr'><strong>sacrificium</strong></span> <span class='ocrx_word' id='word_1_196' title='bbox 1779 2722 1851 2788; x_wconf 71' lang='lat'><strong>“,</strong></span> 
     </span>
    </p>
   </div>
   <div class='ocr_carea' id='block_1_30' title="bbox 260 2800 1847 2885">
    <p class='ocr_par' dir='ltr' id='par_1_30' title="bbox 260 2800 1847 2885">
     <span class='ocr_line' id='line_1_30' title="bbox 260 2800 1847 2885; baseline -0.001 -17"><span class='ocrx_word' id='word_1_197' title='bbox 260 2814 516 2874; x_wconf 89' lang='lat' dir='ltr'><strong>viderent</strong></span> <span class='ocrx_word' id='word_1_198' title='bbox 542 2831 666 2871; x_wconf 91' lang='lat' dir='ltr'><strong>enm</strong></span> <span class='ocrx_word' id='word_1_199' title='bbox 699 2816 793 2885; x_wconf 89' lang='lat' dir='ltr'><strong>qui</strong></span> <span class='ocrx_word' id='word_1_200' title='bbox 842 2830 938 2870; x_wconf 90' lang='lat' dir='ltr'><strong>eos</strong></span> <span class='ocrx_word' id='word_1_201' title='bbox 981 2813 1202 2870; x_wconf 91' lang='lat' dir='ltr'><strong>doceret</strong></span> <span class='ocrx_word' id='word_1_202' title='bbox 1253 2815 1433 2868; x_wconf 93' lang='lat' dir='ltr'><strong>locum</strong></span> <span class='ocrx_word' id='word_1_203' title='bbox 1484 2800 1847 2869; x_wconf 32' lang='lat' dir='ltr'><strong>Dei&#39;electum</strong></span> 
     </span>
    </p>
   </div>
   <div class='ocr_carea' id='block_1_31' title="bbox 258 2906 1850 2977">
    <p class='ocr_par' dir='ltr' id='par_1_31' title="bbox 258 2906 1850 2977">
     <span class='ocr_line' id='line_1_31' title="bbox 258 2906 1850 2977; baseline 0 -16"><span class='ocrx_word' id='word_1_204' title='bbox 258 2922 387 2961; x_wconf 91' lang='lat' dir='ltr'><strong>esse</strong></span> <span class='ocrx_word' id='word_1_205' title='bbox 409 2907 731 2977; x_wconf 88' lang='lat' dir='ltr'><strong>sapientiam</strong></span> <span class='ocrx_word' id='word_1_206' title='bbox 761 2907 910 2977; x_wconf 86' lang='lat' dir='ltr'><strong>ejus,</strong></span> <span class='ocrx_word' id='word_1_207' title='bbox 945 2908 1000 2962; x_wconf 86' lang='lat' dir='ltr'><strong>ir.</strong></span> <span class='ocrx_word' id='word_1_208' title='bbox 1030 2923 1139 2977; x_wconf 91' lang='lat' dir='ltr'><strong>quo</strong></span> <span class='ocrx_word' id='word_1_209' title='bbox 1168 2908 1488 2963; x_wconf 88' lang='lat' dir='ltr'><strong>conveniret</strong></span> <span class='ocrx_word' id='word_1_210' title='bbox 1518 2906 1702 2962; x_wconf 73' lang='lat' dir='ltr'><strong>oﬂ‘erri</strong></span> <span class='ocrx_word' id='word_1_211' title='bbox 1746 2907 1850 2961; x_wconf 90' lang='lat' dir='ltr'><strong>ho-</strong></span> 
     </span>
    </p>
   </div>
   <div class='ocr_carea' id='block_1_32' title="bbox 259 2995 1851 3068">
    <p class='ocr_par' dir='ltr' id='par_1_32' title="bbox 259 2995 1851 3068">
     <span class='ocr_line' id='line_1_32' title="bbox 259 2995 1851 3068; baseline 0.003 -19"><span class='ocrx_word' id='word_1_212' title='bbox 259 2995 401 3049; x_wconf 86' lang='lat' dir='ltr'><strong>stias</strong></span> <span class='ocrx_word' id='word_1_213' title='bbox 443 2995 571 3060; x_wconf 91' lang='lat' dir='ltr'><strong>Deo,</strong></span> <span class='ocrx_word' id='word_1_214' title='bbox 600 2997 746 3052; x_wconf 91' lang='lat' dir='ltr'><strong>hunc</strong></span> <span class='ocrx_word' id='word_1_215' title='bbox 769 3005 950 3052; x_wconf 88' lang='lat' dir='ltr'><strong>autem</strong></span> <span class='ocrx_word' id='word_1_216' title='bbox 982 2998 1196 3063; x_wconf 89' lang='lat' dir='ltr'><strong>locum,</strong></span> <span class='ocrx_word' id='word_1_217' title='bbox 1227 2998 1321 3068; x_wconf 87' lang='lat' dir='ltr'><strong>qui</strong></span> <span class='ocrx_word' id='word_1_218' title='bbox 1352 2998 1419 3052; x_wconf 94' lang='lat' dir='ltr'><strong>ad</strong></span> <span class='ocrx_word' id='word_1_219' title='bbox 1454 3004 1669 3068; x_wconf 88' lang='lat' dir='ltr'><strong>tempus</strong></span> <span class='ocrx_word' id='word_1_220' title='bbox 1698 2998 1851 3053; x_wconf 79' lang='lat' dir='ltr'><strong>vide-</strong></span> 
     </span>
    </p>
   </div>
   <div class='ocr_carea' id='block_1_33' title="bbox 258 3086 1918 3180">
    <p class='ocr_par' dir='ltr' id='par_1_33' title="bbox 258 3086 1918 3180">
     <span class='ocr_line' id='line_1_33' title="bbox 258 3086 1918 3180; baseline 0.004 -39"><span class='ocrx_word' id='word_1_221' title='bbox 258 3086 425 3141; x_wconf 87' lang='lat' dir='ltr'><strong>batur</strong></span> <span class='ocrx_word' id='word_1_222' title='bbox 462 3088 708 3154; x_wconf 84' lang='lat' dir='ltr'><strong>electus,</strong></span> <span class='ocrx_word' id='word_1_223' title='bbox 756 3089 1168 3144; x_wconf 85' lang='lat' dir='ltr'><strong>incursionibus</strong></span> <span class='ocrx_word' id='word_1_224' title='bbox 1224 3090 1465 3145; x_wconf 91' lang='lat' dir='ltr'><strong>hostium</strong></span> <span class='ocrx_word' id='word_1_225' title='bbox 1504 3097 1560 3146; x_wconf 85' lang='lat' dir='ltr'><strong>et</strong></span> <span class='ocrx_word' id='word_1_226' title='bbox 1616 3091 1848 3147; x_wconf 79' lang='lat' dir='ltr'><strong>excidiis</strong></span> <span class='ocrx_word' id='word_1_227' title='bbox 1876 3123 1918 3180; x_wconf 63' lang='grc' dir='ltr'><strong>ρ</strong></span> 
     </span>
    </p>
   </div>
   <div class='ocr_carea' id='block_1_34' title="bbox 260 3180 1848 3252">
    <p class='ocr_par' dir='ltr' id='par_1_34' title="bbox 260 3180 1848 3252">
     <span class='ocr_line' id='line_1_34' title="bbox 260 3180 1848 3252; baseline 0.001 -17"><span class='ocrx_word' id='word_1_228' title='bbox 260 3194 408 3249; x_wconf 63' lang='lat' dir='ltr'><strong>saepe</strong></span> <span class='ocrx_word' id='word_1_229' title='bbox 468 3187 746 3247; x_wconf 73' lang='lat' dir='ltr'><strong>vexatum,</strong></span> <span class='ocrx_word' id='word_1_230' title='bbox 805 3188 860 3235; x_wconf 91' lang='lat' dir='ltr'><strong>et</strong></span> <span class='ocrx_word' id='word_1_231' title='bbox 899 3180 969 3235; x_wconf 89' lang='lat' dir='ltr'><strong>ad</strong></span> <span class='ocrx_word' id='word_1_232' title='bbox 1025 3182 1280 3235; x_wconf 86' lang='lat' dir='ltr'><strong>ultimum</strong></span> <span class='ocrx_word' id='word_1_233' title='bbox 1318 3197 1538 3252; x_wconf 91' lang='lat' dir='ltr'><strong>quoque</strong></span> <span class='ocrx_word' id='word_1_234' title='bbox 1593 3181 1848 3237; x_wconf 87' lang='lat' dir='ltr'><strong>audirent</strong></span> 
     </span>
    </p>
   </div>
   <div class='ocr_carea' id='block_1_35' title="bbox 260 3270 1847 3341">
    <p class='ocr_par' dir='ltr' id='par_1_35' title="bbox 260 3270 1847 3341">
     <span class='ocr_line' id='line_1_35' title="bbox 260 3270 1847 3341; baseline 0.001 -17"><span class='ocrx_word' id='word_1_235' title='bbox 260 3270 486 3341; x_wconf 90' lang='lat' dir='ltr'><strong>penitus</strong></span> <span class='ocrx_word' id='word_1_236' title='bbox 542 3271 986 3326; x_wconf 76' lang='lat' dir='ltr'><strong>excidendum&quot;.</strong></span> <span class='ocrx_word' id='word_1_237' title='bbox 1037 3272 1096 3325; x_wconf 88' lang='lat' dir='ltr'><strong>In</strong></span> <span class='ocrx_word' id='word_1_238' title='bbox 1144 3271 1303 3341; x_wconf 87' lang='lat' dir='ltr'><strong>cujus</strong></span> <span class='ocrx_word' id='word_1_239' title='bbox 1360 3274 1441 3326; x_wconf 90' lang='lat' dir='ltr'><strong>rei</strong></span> <span class='ocrx_word' id='word_1_240' title='bbox 1491 3271 1649 3327; x_wconf 82' lang='lat' dir='ltr'><strong>Iidem</strong></span> <span class='ocrx_word' id='word_1_241' title='bbox 1681 3272 1847 3327; x_wconf 86' lang='lat' dir='ltr'><strong>etiam</strong></span> 
     </span>
    </p>
   </div>
   <div class='ocr_carea' id='block_1_36' title="bbox 259 3357 1847 3432">
    <p class='ocr_par' dir='ltr' id='par_1_36' title="bbox 259 3357 1847 3432">
     <span class='ocr_line' id='line_1_36' title="bbox 259 3357 1847 3432; baseline 0.003 -19"><span class='ocrx_word' id='word_1_242' title='bbox 259 3367 390 3413; x_wconf 89' lang='lat' dir='ltr'><strong>ante</strong></span> <span class='ocrx_word' id='word_1_243' title='bbox 421 3357 713 3414; x_wconf 89' lang='lat' dir='ltr'><strong>adventum</strong></span> <span class='ocrx_word' id='word_1_244' title='bbox 774 3360 886 3415; x_wconf 89' lang='lat' dir='ltr'><strong>veri</strong></span> <span class='ocrx_word' id='word_1_245' title='bbox 939 3362 1252 3432; x_wconf 67' lang='lat' dir='ltr'><strong>prophetae,</strong></span> <span class='ocrx_word' id='word_1_246' title='bbox 1308 3362 1400 3431; x_wconf 92' lang='lat' dir='ltr'><strong>qui</strong></span> <span class='ocrx_word' id='word_1_247' title='bbox 1431 3370 1578 3417; x_wconf 82' lang='lat' dir='ltr'><strong>esset</strong></span> <span class='ocrx_word' id='word_1_248' title='bbox 1634 3362 1847 3418; x_wconf 86' lang='lat' dir='ltr'><strong>hostias</strong></span> 
     </span>
    </p>
   </div>
   <div class='ocr_carea' id='block_1_37' title="bbox 260 3448 1846 3521">
    <p class='ocr_par' dir='ltr' id='par_1_37' title="bbox 260 3448 1846 3521">
     <span class='ocr_line' id='line_1_37' title="bbox 260 3448 1846 3521; baseline 0.006 -21"><span class='ocrx_word' id='word_1_249' title='bbox 260 3463 389 3501; x_wconf 94' lang='lat' dir='ltr'><strong>cum</strong></span> <span class='ocrx_word' id='word_1_250' title='bbox 443 3448 563 3503; x_wconf 91' lang='lat' dir='ltr'><strong>loco</strong></span> <span class='ocrx_word' id='word_1_251' title='bbox 605 3448 813 3518; x_wconf 90' lang='lat' dir='ltr'><strong>pariter</strong></span> <span class='ocrx_word' id='word_1_252' title='bbox 848 3450 1257 3520; x_wconf 88' lang='lat' dir='ltr'><strong>repudiaturus,</strong></span> <span class='ocrx_word' id='word_1_253' title='bbox 1303 3466 1445 3521; x_wconf 76' lang='lat' dir='ltr'><strong>saepe</strong></span> <span class='ocrx_word' id='word_1_254' title='bbox 1484 3452 1553 3507; x_wconf 89' lang='lat' dir='ltr'><strong>ab</strong></span> <span class='ocrx_word' id='word_1_255' title='bbox 1594 3452 1846 3515; x_wconf 82' lang='lat' dir='ltr'><strong>hostibus</strong></span> 
     </span>
    </p>
   </div>
   <div class='ocr_carea' id='block_1_38' title="bbox 259 3537 1840 3611">
    <p class='ocr_par' dir='ltr' id='par_1_38' title="bbox 259 3537 1840 3611">
     <span class='ocr_line' id='line_1_38' title="bbox 259 3537 1840 3611; baseline 0.003 -20"><span class='ocrx_word' id='word_1_256' title='bbox 259 3537 555 3606; x_wconf 85' lang='lat' dir='ltr'><strong>populatus</strong></span> <span class='ocrx_word' id='word_1_257' title='bbox 593 3545 678 3593; x_wconf 88' lang='lat' dir='ltr'><strong>est</strong></span> <span class='ocrx_word' id='word_1_258' title='bbox 726 3547 780 3592; x_wconf 90' lang='lat' dir='ltr'><strong>et</strong></span> <span class='ocrx_word' id='word_1_259' title='bbox 808 3538 933 3609; x_wconf 84' lang='lat' dir='ltr'><strong>igne</strong></span> <span class='ocrx_word' id='word_1_260' title='bbox 980 3539 1278 3604; x_wconf 85' lang='lat' dir='ltr'><strong>incensus;</strong></span> <span class='ocrx_word' id='word_1_261' title='bbox 1314 3548 1478 3611; x_wconf 91' lang='lat' dir='ltr'><strong>atque</strong></span> <span class='ocrx_word' id='word_1_262' title='bbox 1507 3543 1563 3594; x_wconf 89' lang='lat' dir='ltr'><strong>in</strong></span> <span class='ocrx_word' id='word_1_263' title='bbox 1606 3541 1840 3611; x_wconf 89' lang='lat' dir='ltr'><strong>captivi-</strong></span> 
     </span>
    </p>
   </div>
   <div class='ocr_carea' id='block_1_39' title="bbox 260 3630 1848 3700">
    <p class='ocr_par' dir='ltr' id='par_1_39' title="bbox 260 3630 1848 3700">
     <span class='ocr_line' id='line_1_39' title="bbox 260 3630 1848 3700; baseline 0.005 -19"><span class='ocrx_word' id='word_1_264' title='bbox 260 3637 431 3683; x_wconf 86' lang='lat' dir='ltr'><strong>tatem</strong></span> <span class='ocrx_word' id='word_1_265' title='bbox 496 3630 734 3700; x_wconf 89' lang='lat' dir='ltr'><strong>p0pulus</strong></span> <span class='ocrx_word' id='word_1_266' title='bbox 775 3630 1044 3687; x_wconf 88' lang='lat' dir='ltr'><strong>abductus</strong></span> <span class='ocrx_word' id='word_1_267' title='bbox 1104 3633 1159 3686; x_wconf 92' lang='lat' dir='ltr'><strong>in</strong></span> <span class='ocrx_word' id='word_1_268' title='bbox 1206 3640 1422 3687; x_wconf 83' lang='lat' dir='ltr'><strong>exteras</strong></span> <span class='ocrx_word' id='word_1_269' title='bbox 1471 3633 1743 3699; x_wconf 89' lang='lat' dir='ltr'><strong>nationes,</strong></span> <span class='ocrx_word' id='word_1_270' title='bbox 1791 3640 1848 3689; x_wconf 88' lang='lat' dir='ltr'><strong>et</strong></span> 
     </span>
    </p>
   </div>
   <div class='ocr_carea' id='block_1_40' title="bbox 258 3721 1847 3798">
    <p class='ocr_par' dir='ltr' id='par_1_40' title="bbox 258 3721 1847 3798">
     <span class='ocr_line' id='line_1_40' title="bbox 258 3721 1847 3798; baseline 0.004 -24"><span class='ocrx_word' id='word_1_271' title='bbox 258 3721 461 3798; x_wconf 62' lang='lat' dir='ltr'><strong>exinde</strong></span> <span class='ocrx_word' id='word_1_272' title='bbox 490 3738 614 3777; x_wconf 88' lang='lat' dir='ltr'><strong>cum</strong></span> <span class='ocrx_word' id='word_1_273' title='bbox 654 3723 722 3777; x_wconf 88' lang='lat' dir='ltr'><strong>ad</strong></span> <span class='ocrx_word' id='word_1_274' title='bbox 752 3723 1183 3779; x_wconf 90' lang='lat' dir='ltr'><strong>misericordiam</strong></span> <span class='ocrx_word' id='word_1_275' title='bbox 1219 3723 1312 3780; x_wconf 89' lang='lat' dir='ltr'><strong>Dei</strong></span> <span class='ocrx_word' id='word_1_276' title='bbox 1338 3722 1657 3796; x_wconf 77' lang='lat' dir='ltr'><strong>confugeret</strong></span> <span class='ocrx_word' id='word_1_277' title='bbox 1688 3741 1847 3780; x_wconf 87' lang='lat' dir='ltr'><strong>revo-</strong></span> 
     </span>
    </p>
   </div>
   <div class='ocr_carea' id='block_1_41' title="bbox 200 3803 1847 3895">
    <p class='ocr_par' dir='ltr' id='par_1_41' title="bbox 200 3803 1847 3895">
     <span class='ocr_line' id='line_1_41' title="bbox 200 3803 1847 3895; baseline 0.002 -27"><span class='ocrx_word' id='word_1_278' title='bbox 200 3803 418 3895; x_wconf 36' lang='lat' dir='ltr'><strong>g‘cntus</strong></span> <span class='ocrx_word' id='word_1_279' title='bbox 465 3822 585 3878; x_wconf 83' lang='lat' dir='ltr'><strong>est,</strong></span> <span class='ocrx_word' id='word_1_280' title='bbox 629 3822 687 3869; x_wconf 90' lang='lat' dir='ltr'><strong>nt</strong></span> <span class='ocrx_word' id='word_1_281' title='bbox 720 3830 817 3885; x_wconf 92' lang='lat' dir='ltr'><strong>per</strong></span> <span class='ocrx_word' id='word_1_282' title='bbox 863 3815 977 3870; x_wconf 81' lang='lat' dir='ltr'><strong>haec</strong></span> <span class='ocrx_word' id='word_1_283' title='bbox 1034 3814 1343 3880; x_wconf 88' lang='lat' dir='ltr'><strong>doceretur,</strong></span> <span class='ocrx_word' id='word_1_284' title='bbox 1396 3817 1525 3887; x_wconf 83' lang='lat' dir='ltr'><strong>quia</strong></span> <span class='ocrx_word' id='word_1_285' title='bbox 1575 3817 1847 3872; x_wconf 76' lang='lat' dir='ltr'><strong>sacrificia</strong></span> 
     </span>
    </p>
   </div>
   <div class='ocr_carea' id='block_1_42' title="bbox 190 3892 1837 3976">
    <p class='ocr_par' dir='ltr' id='par_1_42' title="bbox 190 3892 1837 3976">
     <span class='ocr_line' id='line_1_42' title="bbox 190 3892 1837 3976; baseline 0.002 -19"><span class='ocrx_word' id='word_1_286' title='bbox 257 3904 497 3959; x_wconf 81' lang='lat' dir='ltr'><strong>olierens</strong></span> <span class='ocrx_word' id='word_1_287' title='bbox 535 3906 829 3976; x_wconf 81' lang='lat' dir='ltr'><strong>expellitur</strong></span> <span class='ocrx_word' id='word_1_288' title='bbox 860 3912 915 3959; x_wconf 92' lang='lat' dir='ltr'><strong>et</strong></span> <span class='ocrx_word' id='word_1_289' title='bbox 955 3905 1009 3958; x_wconf 91' lang='lat' dir='ltr'><strong>in</strong></span> <span class='ocrx_word' id='word_1_290' title='bbox 1063 3921 1258 3962; x_wconf 89' lang='lat' dir='ltr'><strong>manus</strong></span> <span class='ocrx_word' id='word_1_291' title='bbox 1298 3907 1538 3962; x_wconf 90' lang='lat' dir='ltr'><strong>hostium</strong></span> <span class='ocrx_word' id='word_1_292' title='bbox 1579 3907 1837 3975; x_wconf 85' lang='lat' dir='ltr'><strong>traditur,</strong></span> 
     </span>
    </p>
   </div>
   <div class='ocr_carea' id='block_1_43' title="bbox 256 3996 1840 4067">
    <p class='ocr_par' dir='ltr' id='par_1_43' title="bbox 256 3996 1840 4067">
     <span class='ocr_line' id='line_1_43' title="bbox 256 3996 1840 4067; baseline 0.004 -18"><span class='ocrx_word' id='word_1_293' title='bbox 256 3996 695 4052; x_wconf 65' lang='lat' dir='ltr'><strong>misericordiam</strong></span> <span class='ocrx_word' id='word_1_294' title='bbox 724 4011 856 4051; x_wconf 88' lang='lat' dir='ltr'><strong>vero</strong></span> <span class='ocrx_word' id='word_1_295' title='bbox 888 3996 1093 4051; x_wconf 81' lang='lat' dir='ltr'><strong>iaciens</strong></span> <span class='ocrx_word' id='word_1_296' title='bbox 1124 4007 1179 4051; x_wconf 90' lang='lat' dir='ltr'><strong>et</strong></span> <span class='ocrx_word' id='word_1_297' title='bbox 1228 3999 1523 4067; x_wconf 83' lang='lat' dir='ltr'><strong>justitiam,</strong></span> <span class='ocrx_word' id='word_1_298' title='bbox 1580 4001 1700 4055; x_wconf 89' lang='lat' dir='ltr'><strong>sine</strong></span> <span class='ocrx_word' id='word_1_299' title='bbox 1747 4015 1840 4055; x_wconf 83' lang='lat' dir='ltr'><strong>sa-</strong></span> 
     </span>
    </p>
   </div>
   <div class='ocr_carea' id='block_1_44' title="bbox 254 4087 1841 4162">
    <p class='ocr_par' dir='ltr' id='par_1_44' title="bbox 254 4087 1841 4162">
     <span class='ocr_line' id='line_1_44' title="bbox 254 4087 1841 4162; baseline 0.004 -20"><span class='ocrx_word' id='word_1_300' title='bbox 254 4087 485 4142; x_wconf 80' lang='lat' dir='ltr'><strong>criﬁciis</strong></span> <span class='ocrx_word' id='word_1_301' title='bbox 515 4087 584 4144; x_wconf 90' lang='lat' dir='ltr'><strong>de</strong></span> <span class='ocrx_word' id='word_1_302' title='bbox 613 4089 925 4158; x_wconf 87' lang='lat' dir='ltr'><strong>captivitate</strong></span> <span class='ocrx_word' id='word_1_303' title='bbox 944 4092 1207 4145; x_wconf 87' lang='lat' dir='ltr'><strong>liberatur</strong></span> <span class='ocrx_word' id='word_1_304' title='bbox 1231 4100 1285 4145; x_wconf 91' lang='lat' dir='ltr'><strong>et</strong></span> <span class='ocrx_word' id='word_1_305' title='bbox 1304 4091 1358 4145; x_wconf 92' lang='lat' dir='ltr'><strong>in</strong></span> <span class='ocrx_word' id='word_1_306' title='bbox 1379 4099 1580 4147; x_wconf 91' lang='lat' dir='ltr'><strong>terram</strong></span> <span class='ocrx_word' id='word_1_307' title='bbox 1605 4093 1841 4162; x_wconf 90' lang='lat' dir='ltr'><strong>patriam</strong></span> 
     </span>
    </p>
   </div>
   <div class='ocr_carea' id='block_1_45' title="bbox 256 4176 1843 4251">
    <p class='ocr_par' dir='ltr' id='par_1_45' title="bbox 256 4176 1843 4251">
     <span class='ocr_line' id='line_1_45' title="bbox 256 4176 1843 4251; baseline 0.003 -21"><span class='ocrx_word' id='word_1_308' title='bbox 256 4176 590 4232; x_wconf 84' lang='lat' dir='ltr'><strong>restituitur.</strong></span> <span class='ocrx_word' id='word_1_309' title='bbox 640 4176 747 4234; x_wconf 89' lang='lat' dir='ltr'><strong>Sed</strong></span> <span class='ocrx_word' id='word_1_310' title='bbox 805 4179 909 4234; x_wconf 91' lang='lat' dir='ltr'><strong>hoc</strong></span> <span class='ocrx_word' id='word_1_311' title='bbox 938 4181 1242 4251; x_wconf 86' lang='lat' dir='ltr'><strong>intelligere</strong></span> <span class='ocrx_word' id='word_1_312' title='bbox 1289 4195 1495 4249; x_wconf 86' lang='lat' dir='ltr'><strong>paucos</strong></span> <span class='ocrx_word' id='word_1_313' title='bbox 1550 4182 1843 4235; x_wconf 90' lang='lat' dir='ltr'><strong>admodum</strong></span> 
     </span>
    </p>
   </div>
   <div class='ocr_carea' id='block_1_46' title="bbox 254 4265 1846 4327">
    <p class='ocr_par' dir='ltr' id='par_1_46' title="bbox 254 4265 1846 4327">
     <span class='ocr_line' id='line_1_46' title="bbox 254 4265 1846 4327; baseline 0.006 -9"><span class='ocrx_word' id='word_1_314' title='bbox 254 4265 481 4321; x_wconf 88' lang='lat' dir='ltr'><strong>accidit.</strong></span> <span class='ocrx_word' id='word_1_315' title='bbox 514 4266 706 4325; x_wconf 89' lang='lat' dir='ltr'><strong>Plures</strong></span> <span class='ocrx_word' id='word_1_316' title='bbox 740 4270 887 4324; x_wconf 90' lang='lat' dir='ltr'><strong>enim</strong></span> <span class='ocrx_word' id='word_1_317' title='bbox 907 4270 1123 4326; x_wconf 89' lang='lat' dir='ltr'><strong>etiamsi</strong></span> <span class='ocrx_word' id='word_1_318' title='bbox 1159 4272 1363 4327; x_wconf 88' lang='lat' dir='ltr'><strong>sentire</strong></span> <span class='ocrx_word' id='word_1_319' title='bbox 1402 4272 1516 4326; x_wconf 70' lang='lat' dir='ltr'><strong>haec</strong></span> <span class='ocrx_word' id='word_1_320' title='bbox 1557 4281 1612 4327; x_wconf 92' lang='lat' dir='ltr'><strong>et</strong></span> <span class='ocrx_word' id='word_1_321' title='bbox 1648 4272 1846 4327; x_wconf 89' lang='lat' dir='ltr'><strong>adver-</strong></span> 
     </span>
    </p>
   </div>
   <div class='ocr_carea' id='block_1_47' title="bbox 254 4360 1844 4432">
    <p class='ocr_par' dir='ltr' id='par_1_47' title="bbox 254 4360 1844 4432">
     <span class='ocr_line' id='line_1_47' title="bbox 254 4360 1844 4432; baseline 0.004 -21"><span class='ocrx_word' id='word_1_322' title='bbox 254 4363 375 4411; x_wconf 82' lang='lat' dir='ltr'><strong>tere</strong></span> <span class='ocrx_word' id='word_1_323' title='bbox 405 4366 678 4427; x_wconf 89' lang='lat' dir='ltr'><strong>poterant,</strong></span> <span class='ocrx_word' id='word_1_324' title='bbox 709 4360 857 4431; x_wconf 88' lang='lat' dir='ltr'><strong>vulgi</strong></span> <span class='ocrx_word' id='word_1_325' title='bbox 891 4369 1071 4417; x_wconf 90' lang='lat' dir='ltr'><strong>tamen</strong></span> <span class='ocrx_word' id='word_1_326' title='bbox 1090 4362 1397 4416; x_wconf 90' lang='lat' dir='ltr'><strong>irrationali</strong></span> <span class='ocrx_word' id='word_1_327' title='bbox 1416 4362 1673 4432; x_wconf 88' lang='lat' dir='ltr'><strong>opinione</strong></span> <span class='ocrx_word' id='word_1_328' title='bbox 1699 4373 1844 4419; x_wconf 90' lang='lat' dir='ltr'><strong>tene-</strong></span> 
     </span>
    </p>
   </div>
   <div class='ocr_carea' id='block_1_48' title="bbox 1971 519 3548 592">
    <p class='ocr_par' dir='ltr' id='par_1_48' title="bbox 1971 519 3548 592">
     <span class='ocr_line' id='line_1_48' title="bbox 1971 519 3548 592; baseline 0.003 -20"><span class='ocrx_word' id='word_1_329' title='bbox 1971 532 2070 572; x_wconf 86' lang='lat' dir='ltr'><strong>sen</strong></span> <span class='ocrx_word' id='word_1_330' title='bbox 2108 519 2399 589; x_wconf 88' lang='lat' dir='ltr'><strong>quemdam</strong></span> <span class='ocrx_word' id='word_1_331' title='bbox 2439 521 2663 574; x_wconf 91' lang='lat' dir='ltr'><strong>nomine</strong></span> <span class='ocrx_word' id='word_1_332' title='bbox 2693 534 3020 590; x_wconf 81' lang='lat' dir='ltr'><strong>praeponens</strong></span> <span class='ocrx_word' id='word_1_333' title='bbox 3049 520 3291 592; x_wconf 90' lang='lat' dir='ltr'><strong>populo,</strong></span> <span class='ocrx_word' id='word_1_334' title='bbox 3321 521 3415 591; x_wconf 91' lang='lat' dir='ltr'><strong>qui</strong></span> <span class='ocrx_word' id='word_1_335' title='bbox 3449 536 3548 577; x_wconf 85' lang='lat' dir='ltr'><strong>eos</strong></span> 
     </span>
    </p>
   </div>
   <div class='ocr_carea' id='block_1_49' title="bbox 1969 610 3548 682">
    <p class='ocr_par' dir='ltr' id='par_1_49' title="bbox 1969 610 3548 682">
     <span class='ocr_line' id='line_1_49' title="bbox 1969 610 3548 682; baseline 0.003 -20"><span class='ocrx_word' id='word_1_336' title='bbox 1969 618 2267 665; x_wconf 64' lang='lat' dir='ltr'><strong>revocarev</strong></span> <span class='ocrx_word' id='word_1_337' title='bbox 2303 610 2373 665; x_wconf 85' lang='lat' dir='ltr'><strong>ad</strong></span> <span class='ocrx_word' id='word_1_338' title='bbox 2420 611 2655 682; x_wconf 88' lang='lat' dir='ltr'><strong>patriam</strong></span> <span class='ocrx_word' id='word_1_339' title='bbox 2710 620 2951 675; x_wconf 90' lang='lat' dir='ltr'><strong>terram,</strong></span> <span class='ocrx_word' id='word_1_340' title='bbox 3007 612 3127 682; x_wconf 90' lang='lat' dir='ltr'><strong>ipse</strong></span> <span class='ocrx_word' id='word_1_341' title='bbox 3176 611 3247 667; x_wconf 89' lang='lat' dir='ltr'><strong>ad</strong></span> <span class='ocrx_word' id='word_1_342' title='bbox 3301 620 3548 668; x_wconf 89' lang='lat' dir='ltr'><strong>montem</strong></span> 
     </span>
    </p>
   </div>
   <div class='ocr_carea' id='block_1_50' title="bbox 1969 702 3546 773">
    <p class='ocr_par' dir='ltr' id='par_1_50' title="bbox 1969 702 3546 773">
     <span class='ocr_line' id='line_1_50' title="bbox 1969 702 3546 773; baseline 0.003 -18"><span class='ocrx_word' id='word_1_343' title='bbox 1969 702 2262 771; x_wconf 86' lang='lat' dir='ltr'><strong>quemdam</strong></span> <span class='ocrx_word' id='word_1_344' title='bbox 2292 712 2564 773; x_wconf 63' lang='lat' dir='ltr'><strong>praecepto</strong></span> <span class='ocrx_word' id='word_1_345' title='bbox 2614 702 2705 758; x_wconf 92' lang='lat' dir='ltr'><strong>Dei</strong></span> <span class='ocrx_word' id='word_1_346' title='bbox 2756 703 2993 759; x_wconf 86' lang='lat' dir='ltr'><strong>viventis</strong></span> <span class='ocrx_word' id='word_1_347' title='bbox 3041 703 3379 771; x_wconf 82' lang='lat' dir='ltr'><strong>ascendens,</strong></span> <span class='ocrx_word' id='word_1_348' title='bbox 3430 705 3546 760; x_wconf 92' lang='lat' dir='ltr'><strong>illic</strong></span> 
     </span>
    </p>
   </div>
   <div class='ocr_carea' id='block_1_51' title="bbox 1966 780 3549 866">
    <p class='ocr_par' dir='ltr' id='par_1_51' title="bbox 1966 780 3549 866">
     <span class='ocr_line' id='line_1_51' title="bbox 1966 780 3549 866; baseline 0.001 -17"><span class='ocrx_word' id='word_1_349' title='bbox 1966 780 2261 851; x_wconf 86' lang='lat' dir='ltr'><strong>defunctus</strong></span> <span class='ocrx_word' id='word_1_350' title='bbox 2308 805 2435 862; x_wconf 90' lang='lat' dir='ltr'><strong>est;</strong></span> <span class='ocrx_word' id='word_1_351' title='bbox 2486 796 2648 866; x_wconf 91' lang='lat' dir='ltr'><strong>cujus</strong></span> <span class='ocrx_word' id='word_1_352' title='bbox 2699 802 2883 851; x_wconf 87' lang='lat' dir='ltr'><strong>tamen</strong></span> <span class='ocrx_word' id='word_1_353' title='bbox 2934 796 3067 851; x_wconf 89' lang='lat' dir='ltr'><strong>talis</strong></span> <span class='ocrx_word' id='word_1_354' title='bbox 3118 796 3224 850; x_wconf 90' lang='lat' dir='ltr'><strong>fuit</strong></span> <span class='ocrx_word' id='word_1_355' title='bbox 3269 810 3454 860; x_wconf 90' lang='lat' dir='ltr'><strong>mors,</strong></span> <span class='ocrx_word' id='word_1_356' title='bbox 3486 804 3549 850; x_wconf 89' lang='lat' dir='ltr'><strong>ut</strong></span> 
     </span>
    </p>
   </div>
   <div class='ocr_carea' id='block_1_52' title="bbox 1968 886 3547 957">
    <p class='ocr_par' dir='ltr' id='par_1_52' title="bbox 1968 886 3547 957">
     <span class='ocr_line' id='line_1_52' title="bbox 1968 886 3547 957; baseline 0.001 -17"><span class='ocrx_word' id='word_1_357' title='bbox 1968 902 2147 957; x_wconf 87' lang='lat' dir='ltr'><strong>usque</strong></span> <span class='ocrx_word' id='word_1_358' title='bbox 2174 886 2231 941; x_wconf 90' lang='lat' dir='ltr'><strong>in</strong></span> <span class='ocrx_word' id='word_1_359' title='bbox 2263 886 2591 942; x_wconf 90' lang='lat' dir='ltr'><strong>hodiernum</strong></span> <span class='ocrx_word' id='word_1_360' title='bbox 2619 887 2762 942; x_wconf 90' lang='lat' dir='ltr'><strong>diem</strong></span> <span class='ocrx_word' id='word_1_361' title='bbox 2808 887 3150 957; x_wconf 87' lang='lat' dir='ltr'><strong>sepulturam</strong></span> <span class='ocrx_word' id='word_1_362' title='bbox 3197 887 3321 956; x_wconf 88' lang='lat' dir='ltr'><strong>ejus</strong></span> <span class='ocrx_word' id='word_1_363' title='bbox 3360 888 3547 942; x_wconf 89' lang='lat' dir='ltr'><strong>nullus</strong></span> 
     </span>
    </p>
   </div>
   <div class='ocr_carea' id='block_1_53' title="bbox 1967 976 3546 1049">
    <p class='ocr_par' dir='ltr' id='par_1_53' title="bbox 1967 976 3546 1049">
     <span class='ocr_line' id='line_1_53' title="bbox 1967 976 3546 1049; baseline 0.001 -18"><span class='ocrx_word' id='word_1_364' title='bbox 1967 977 2259 1033; x_wconf 88' lang='lat' dir='ltr'><strong>invenerit.</strong></span> <span class='ocrx_word' id='word_1_365' title='bbox 2292 976 2363 1032; x_wconf 90' lang='lat' dir='ltr'><strong>Ut</strong></span> <span class='ocrx_word' id='word_1_366' title='bbox 2390 993 2520 1049; x_wconf 87' lang='lat' dir='ltr'><strong>ergo</strong></span> <span class='ocrx_word' id='word_1_367' title='bbox 2544 980 2779 1049; x_wconf 89' lang='lat' dir='ltr'><strong>populus</strong></span> <span class='ocrx_word' id='word_1_368' title='bbox 2810 979 3047 1048; x_wconf 92' lang='lat' dir='ltr'><strong>patrium</strong></span> <span class='ocrx_word' id='word_1_369' title='bbox 3074 978 3303 1049; x_wconf 91' lang='lat' dir='ltr'><strong>contigit</strong></span> <span class='ocrx_word' id='word_1_370' title='bbox 3330 979 3505 1034; x_wconf 88' lang='lat' dir='ltr'><strong>solum</strong></span> <span class='ocrx_word' id='word_1_371' title='bbox 3526 1017 3546 1045; x_wconf 93' lang='lat'><strong>,</strong></span> 
     </span>
    </p>
   </div>
   <div class='ocr_carea' id='block_1_54' title="bbox 1964 1068 3550 1139">
    <p class='ocr_par' dir='ltr' id='par_1_54' title="bbox 1964 1068 3550 1139">
     <span class='ocr_line' id='line_1_54' title="bbox 1964 1068 3550 1139; baseline 0.001 -16"><span class='ocrx_word' id='word_1_372' title='bbox 1964 1084 2062 1139; x_wconf 91' lang='lat' dir='ltr'><strong>per</strong></span> <span class='ocrx_word' id='word_1_373' title='bbox 2106 1068 2508 1139; x_wconf 88' lang='lat' dir='ltr'><strong>providentiam</strong></span> <span class='ocrx_word' id='word_1_374' title='bbox 2554 1068 2647 1124; x_wconf 91' lang='lat' dir='ltr'><strong>Dei</strong></span> <span class='ocrx_word' id='word_1_375' title='bbox 2690 1068 2867 1138; x_wconf 92' lang='lat' dir='ltr'><strong>primo</strong></span> <span class='ocrx_word' id='word_1_376' title='bbox 2906 1069 3095 1124; x_wconf 90' lang='lat' dir='ltr'><strong>statim</strong></span> <span class='ocrx_word' id='word_1_377' title='bbox 3142 1069 3397 1139; x_wconf 81' lang='lat' dir='ltr'><strong>ingressu</strong></span> <span class='ocrx_word' id='word_1_378' title='bbox 3439 1068 3550 1124; x_wconf 74' lang='lat' dir='ltr'><strong>ini~</strong></span> 
     </span>
    </p>
   </div>
   <div class='ocr_carea' id='block_1_55' title="bbox 1964 1160 3548 1231">
    <p class='ocr_par' dir='ltr' id='par_1_55' title="bbox 1964 1160 3548 1231">
     <span class='ocr_line' id='line_1_55' title="bbox 1964 1160 3548 1231; baseline 0.001 -17"><span class='ocrx_word' id='word_1_379' title='bbox 1964 1176 2197 1231; x_wconf 91' lang='lat' dir='ltr'><strong>quarum</strong></span> <span class='ocrx_word' id='word_1_380' title='bbox 2234 1162 2481 1231; x_wconf 88' lang='lat' dir='ltr'><strong>gentium</strong></span> <span class='ocrx_word' id='word_1_381' title='bbox 2528 1161 2865 1215; x_wconf 87' lang='lat' dir='ltr'><strong>habitatores</strong></span> <span class='ocrx_word' id='word_1_382' title='bbox 2900 1160 3181 1230; x_wconf 87' lang='lat' dir='ltr'><strong>fugantur,</strong></span> <span class='ocrx_word' id='word_1_383' title='bbox 3213 1168 3268 1215; x_wconf 91' lang='lat' dir='ltr'><strong>et</strong></span> <span class='ocrx_word' id='word_1_384' title='bbox 3295 1161 3399 1230; x_wconf 86' lang='lat' dir='ltr'><strong>ipsi</strong></span> <span class='ocrx_word' id='word_1_385' title='bbox 3429 1160 3548 1216; x_wconf 67' lang='lat' dir='ltr'><strong>ha:-</strong></span> 
     </span>
    </p>
   </div>
   <div class='ocr_carea' id='block_1_56' title="bbox 1965 1251 3546 1322">
    <p class='ocr_par' dir='ltr' id='par_1_56' title="bbox 1965 1251 3546 1322">
     <span class='ocr_line' id='line_1_56' title="bbox 1965 1251 3546 1322; baseline 0.002 -18"><span class='ocrx_word' id='word_1_386' title='bbox 1965 1251 2252 1307; x_wconf 84' lang='lat' dir='ltr'><strong>reditatem</strong></span> <span class='ocrx_word' id='word_1_387' title='bbox 2286 1261 2569 1322; x_wconf 89' lang='lat' dir='ltr'><strong>paternam</strong></span> <span class='ocrx_word' id='word_1_388' title='bbox 2598 1252 2786 1321; x_wconf 87' lang='lat' dir='ltr'><strong>judice</strong></span> <span class='ocrx_word' id='word_1_389' title='bbox 2833 1259 2985 1306; x_wconf 90' lang='lat' dir='ltr'><strong>sorte</strong></span> <span class='ocrx_word' id='word_1_390' title='bbox 3026 1253 3360 1322; x_wconf 90' lang='lat' dir='ltr'><strong>suscipiunt.</strong></span> <span class='ocrx_word' id='word_1_391' title='bbox 3405 1251 3546 1307; x_wconf 90' lang='lat' dir='ltr'><strong>Tum</strong></span> 
     </span>
    </p>
   </div>
   <div class='ocr_carea' id='block_1_57' title="bbox 1962 1344 3547 1416">
    <p class='ocr_par' dir='ltr' id='par_1_57' title="bbox 1962 1344 3547 1416">
     <span class='ocr_line' id='line_1_57' title="bbox 1962 1344 3547 1416; baseline -0.001 -16"><span class='ocrx_word' id='word_1_392' title='bbox 1962 1344 2162 1401; x_wconf 91' lang='lat' dir='ltr'><strong>deinde</strong></span> <span class='ocrx_word' id='word_1_393' title='bbox 2218 1361 2315 1416; x_wconf 91' lang='lat' dir='ltr'><strong>per</strong></span> <span class='ocrx_word' id='word_1_394' title='bbox 2372 1347 2712 1415; x_wconf 84' lang='lat' dir='ltr'><strong>aliquantum</strong></span> <span class='ocrx_word' id='word_1_395' title='bbox 2758 1345 3021 1416; x_wconf 88' lang='lat' dir='ltr'><strong>temporis</strong></span> <span class='ocrx_word' id='word_1_396' title='bbox 3060 1344 3376 1414; x_wconf 89' lang='lat' dir='ltr'><strong>judicihus,</strong></span> <span class='ocrx_word' id='word_1_397' title='bbox 3433 1361 3547 1400; x_wconf 89' lang='lat' dir='ltr'><strong>non</strong></span> 
     </span>
    </p>
   </div>
   <div class='ocr_carea' id='block_1_58' title="bbox 1960 1435 3543 1509">
    <p class='ocr_par' dir='ltr' id='par_1_58' title="bbox 1960 1435 3543 1509">
     <span class='ocr_line' id='line_1_58' title="bbox 1960 1435 3543 1509; baseline 0 -18"><span class='ocrx_word' id='word_1_398' title='bbox 1960 1439 2183 1509; x_wconf 86' lang='lat' dir='ltr'><strong>regibus</strong></span> <span class='ocrx_word' id='word_1_399' title='bbox 2215 1438 2505 1508; x_wconf 87' lang='lat' dir='ltr'><strong>gubernati</strong></span> <span class='ocrx_word' id='word_1_400' title='bbox 2527 1478 2543 1503; x_wconf 95' lang='lat'><strong>,</strong></span> <span class='ocrx_word' id='word_1_401' title='bbox 2576 1445 2721 1493; x_wconf 86' lang='lat' dir='ltr'><strong>statu</strong></span> <span class='ocrx_word' id='word_1_402' title='bbox 2750 1436 3139 1506; x_wconf 85' lang='lat' dir='ltr'><strong>tranquilliore</strong></span> <span class='ocrx_word' id='word_1_403' title='bbox 3170 1435 3443 1491; x_wconf 88' lang='lat' dir='ltr'><strong>durarunt</strong></span> <span class='ocrx_word' id='word_1_404' title='bbox 3471 1436 3543 1491; x_wconf 82' lang='grc'><strong>⁸⁷.</strong></span> 
     </span>
    </p>
   </div>
   <div class='ocr_carea' id='block_1_59' title="bbox 1962 1523 3534 1597">
    <p class='ocr_par' dir='ltr' id='par_1_59' title="bbox 1962 1523 3534 1597">
     <span class='ocr_line' id='line_1_59' title="bbox 1962 1523 3534 1597; baseline 0.001 -18"><span class='ocrx_word' id='word_1_405' title='bbox 1962 1523 2067 1580; x_wconf 90' lang='lat' dir='ltr'><strong>Ubi</strong></span> <span class='ocrx_word' id='word_1_406' title='bbox 2094 1541 2225 1581; x_wconf 90' lang='lat' dir='ltr'><strong>vero</strong></span> <span class='ocrx_word' id='word_1_407' title='bbox 2254 1534 2517 1597; x_wconf 89' lang='lat' dir='ltr'><strong>tyrannos</strong></span> <span class='ocrx_word' id='word_1_408' title='bbox 2548 1526 2652 1581; x_wconf 88' lang='lat' dir='ltr'><strong>sibi</strong></span> <span class='ocrx_word' id='word_1_409' title='bbox 2682 1526 2855 1596; x_wconf 88' lang='lat' dir='ltr'><strong>magis</strong></span> <span class='ocrx_word' id='word_1_410' title='bbox 2886 1527 3192 1596; x_wconf 65' lang='lat' dir='ltr'><strong>quaesivere</strong></span> <span class='ocrx_word' id='word_1_411' title='bbox 3230 1540 3397 1597; x_wconf 91' lang='lat' dir='ltr'><strong>quam</strong></span> <span class='ocrx_word' id='word_1_412' title='bbox 3441 1542 3534 1581; x_wconf 81' lang='lat' dir='ltr'><strong>re-</strong></span> 
     </span>
    </p>
   </div>
   <div class='ocr_carea' id='block_1_60' title="bbox 1959 1617 3543 1687">
    <p class='ocr_par' dir='ltr' id='par_1_60' title="bbox 1959 1617 3543 1687">
     <span class='ocr_line' id='line_1_60' title="bbox 1959 1617 3543 1687; baseline 0 -16"><span class='ocrx_word' id='word_1_413' title='bbox 1959 1632 2090 1687; x_wconf 90' lang='lat' dir='ltr'><strong>ges,</strong></span> <span class='ocrx_word' id='word_1_414' title='bbox 2138 1624 2271 1671; x_wconf 91' lang='lat' dir='ltr'><strong>tunc</strong></span> <span class='ocrx_word' id='word_1_415' title='bbox 2315 1618 2479 1672; x_wconf 88' lang='lat' dir='ltr'><strong>etiam</strong></span> <span class='ocrx_word' id='word_1_416' title='bbox 2527 1618 2582 1671; x_wconf 92' lang='lat' dir='ltr'><strong>in</strong></span> <span class='ocrx_word' id='word_1_417' title='bbox 2628 1618 2780 1681; x_wconf 87' lang='lat' dir='ltr'><strong>loco,</strong></span> <span class='ocrx_word' id='word_1_418' title='bbox 2810 1617 2903 1687; x_wconf 88' lang='lat' dir='ltr'><strong>qui</strong></span> <span class='ocrx_word' id='word_1_419' title='bbox 2948 1618 3029 1672; x_wconf 90' lang='lat' dir='ltr'><strong>eis</strong></span> <span class='ocrx_word' id='word_1_420' title='bbox 3059 1617 3331 1673; x_wconf 89' lang='lat' dir='ltr'><strong>orationis</strong></span> <span class='ocrx_word' id='word_1_421' title='bbox 3369 1631 3543 1673; x_wconf 87' lang='lat' dir='ltr'><strong>causa</strong></span> 
     </span>
    </p>
   </div>
   <div class='ocr_carea' id='block_1_61' title="bbox 1966 1708 3543 1779">
    <p class='ocr_par' dir='ltr' id='par_1_61' title="bbox 1966 1708 3543 1779">
     <span class='ocr_line' id='line_1_61' title="bbox 1966 1708 3543 1779; baseline -0.001 -19"><span class='ocrx_word' id='word_1_422' title='bbox 1966 1708 2147 1763; x_wconf 84' lang='lat' dir='ltr'><strong>fuerat</strong></span> <span class='ocrx_word' id='word_1_423' title='bbox 2190 1708 2611 1779; x_wconf 84' lang='lat' dir='ltr'><strong>praedestinatus</strong></span> <span class='ocrx_word' id='word_1_424' title='bbox 2631 1748 2646 1772; x_wconf 94' lang='lat'><strong>,</strong></span> <span class='ocrx_word' id='word_1_425' title='bbox 2681 1709 2943 1779; x_wconf 88' lang='lat' dir='ltr'><strong>templum</strong></span> <span class='ocrx_word' id='word_1_426' title='bbox 2974 1723 3075 1778; x_wconf 89' lang='lat' dir='ltr'><strong>pro</strong></span> <span class='ocrx_word' id='word_1_427' title='bbox 3106 1708 3406 1765; x_wconf 89' lang='lat' dir='ltr'><strong>ambitione</strong></span> <span class='ocrx_word' id='word_1_428' title='bbox 3449 1723 3543 1763; x_wconf 70' lang='lat' dir='ltr'><strong>re.-</strong></span> 
     </span>
    </p>
   </div>
   <div class='ocr_carea' id='block_1_62' title="bbox 1966 1799 3545 1871">
    <p class='ocr_par' dir='ltr' id='par_1_62' title="bbox 1966 1799 3545 1871">
     <span class='ocr_line' id='line_1_62' title="bbox 1966 1799 3545 1871; baseline 0.002 -18"><span class='ocrx_word' id='word_1_429' title='bbox 1966 1800 2051 1870; x_wconf 85' lang='lat' dir='ltr'><strong>gia</strong></span> <span class='ocrx_word' id='word_1_430' title='bbox 2082 1807 2440 1856; x_wconf 77' lang='lat' dir='ltr'><strong>construxere</strong></span> <span class='ocrx_word' id='word_1_431' title='bbox 2459 1841 2477 1865; x_wconf 93' lang='lat'><strong>,</strong></span> <span class='ocrx_word' id='word_1_432' title='bbox 2508 1807 2565 1855; x_wconf 91' lang='lat' dir='ltr'><strong>ct</strong></span> <span class='ocrx_word' id='word_1_433' title='bbox 2594 1800 2675 1855; x_wconf 90' lang='lat' dir='ltr'><strong>sic</strong></span> <span class='ocrx_word' id='word_1_434' title='bbox 2705 1815 2802 1870; x_wconf 90' lang='lat' dir='ltr'><strong>per</strong></span> <span class='ocrx_word' id='word_1_435' title='bbox 2830 1800 3078 1855; x_wconf 90' lang='lat' dir='ltr'><strong>ordinem</strong></span> <span class='ocrx_word' id='word_1_436' title='bbox 3111 1800 3332 1871; x_wconf 89' lang='lat' dir='ltr'><strong>regibus</strong></span> <span class='ocrx_word' id='word_1_437' title='bbox 3360 1799 3545 1870; x_wconf 86' lang='lat' dir='ltr'><strong>impiis</strong></span> 
     </span>
    </p>
   </div>
   <div class='ocr_carea' id='block_1_63' title="bbox 1962 1890 3546 1962">
    <p class='ocr_par' dir='ltr' id='par_1_63' title="bbox 1962 1890 3546 1962">
     <span class='ocr_line' id='line_1_63' title="bbox 1962 1890 3546 1962; baseline -0.001 -15"><span class='ocrx_word' id='word_1_438' title='bbox 1962 1892 2067 1947; x_wconf 88' lang='lat' dir='ltr'><strong>sibi</strong></span> <span class='ocrx_word' id='word_1_439' title='bbox 2097 1893 2331 1947; x_wconf 84' lang='lat' dir='ltr'><strong>invicem</strong></span> <span class='ocrx_word' id='word_1_440' title='bbox 2363 1891 2792 1947; x_wconf 89' lang='lat' dir='ltr'><strong>succedentibus</strong></span> <span class='ocrx_word' id='word_1_441' title='bbox 2817 1931 2833 1957; x_wconf 93' lang='lat'><strong>,</strong></span> <span class='ocrx_word' id='word_1_442' title='bbox 2863 1891 2934 1946; x_wconf 91' lang='lat' dir='ltr'><strong>ad</strong></span> <span class='ocrx_word' id='word_1_443' title='bbox 2961 1891 3202 1961; x_wconf 89' lang='lat' dir='ltr'><strong>majores</strong></span> <span class='ocrx_word' id='word_1_444' title='bbox 3231 1890 3546 1962; x_wconf 88' lang='lat' dir='ltr'><strong>impietates</strong></span> 
     </span>
    </p>
   </div>
   <div class='ocr_carea' id='block_1_64' title="bbox 1960 1984 2745 2054">
    <p class='ocr_par' dir='ltr' id='par_1_64' title="bbox 1960 1984 2745 2054">
     <span class='ocr_line' id='line_1_64' title="bbox 1960 1984 2745 2054; baseline -0.001 -15"><span class='ocrx_word' id='word_1_445' title='bbox 1960 1984 2126 2039; x_wconf 89' lang='lat' dir='ltr'><strong>etiam</strong></span> <span class='ocrx_word' id='word_1_446' title='bbox 2159 1984 2397 2054; x_wconf 89' lang='lat' dir='ltr'><strong>populus</strong></span> <span class='ocrx_word' id='word_1_447' title='bbox 2426 1984 2745 2039; x_wconf 85' lang='lat' dir='ltr'><strong>declinavit.</strong></span> 
     </span>
    </p>
   </div>
   <div class='ocr_carea' id='block_1_65' title="bbox 2031 2074 3543 2147">
    <p class='ocr_par' dir='ltr' id='par_1_65' title="bbox 2031 2074 3543 2147">
     <span class='ocr_line' id='line_1_65' title="bbox 2031 2074 3543 2147; baseline 0.001 -19"><span class='ocrx_word' id='word_1_448' title='bbox 2031 2075 2277 2133; x_wconf 75' lang='lat' dir='ltr'><strong>XXXIX.</strong></span> <span class='ocrx_word' id='word_1_449' title='bbox 2321 2074 2392 2130; x_wconf 89' lang='lat' dir='ltr'><strong>Ut</strong></span> <span class='ocrx_word' id='word_1_450' title='bbox 2420 2082 2601 2130; x_wconf 90' lang='lat' dir='ltr'><strong>autem</strong></span> <span class='ocrx_word' id='word_1_451' title='bbox 2633 2082 2851 2145; x_wconf 90' lang='lat' dir='ltr'><strong>tempus</strong></span> <span class='ocrx_word' id='word_1_452' title='bbox 2882 2075 3078 2131; x_wconf 87' lang='lat' dir='ltr'><strong>adesse</strong></span> <span class='ocrx_word' id='word_1_453' title='bbox 3106 2075 3305 2147; x_wconf 64' lang='lat' dir='ltr'><strong>coepit,</strong></span> <span class='ocrx_word' id='word_1_454' title='bbox 3335 2090 3447 2147; x_wconf 90' lang='lat' dir='ltr'><strong>quo</strong></span> <span class='ocrx_word' id='word_1_455' title='bbox 3485 2074 3543 2130; x_wconf 88' lang='lat' dir='ltr'><strong>id</strong></span> 
     </span>
    </p>
   </div>
   <div class='ocr_carea' id='block_1_66' title="bbox 1958 2166 3541 2240">
    <p class='ocr_par' dir='ltr' id='par_1_66' title="bbox 1958 2166 3541 2240">
     <span class='ocr_line' id='line_1_66' title="bbox 1958 2166 3541 2240; baseline -0.001 -18"><span class='ocrx_word' id='word_1_456' title='bbox 1958 2168 2104 2239; x_wconf 93' lang='lat' dir='ltr'><strong>quod</strong></span> <span class='ocrx_word' id='word_1_457' title='bbox 2131 2167 2324 2223; x_wconf 89' lang='lat' dir='ltr'><strong>deesse</strong></span> <span class='ocrx_word' id='word_1_458' title='bbox 2350 2166 2554 2238; x_wconf 86' lang='lat' dir='ltr'><strong>Moysis</strong></span> <span class='ocrx_word' id='word_1_459' title='bbox 2604 2167 2872 2223; x_wconf 87' lang='lat' dir='ltr'><strong>institutis</strong></span> <span class='ocrx_word' id='word_1_460' title='bbox 2911 2167 3153 2222; x_wconf 82' lang='lat' dir='ltr'><strong>diximus</strong></span> <span class='ocrx_word' id='word_1_461' title='bbox 3193 2168 3541 2240; x_wconf 90' lang='lat' dir='ltr'><strong>impleretur,</strong></span> 
     </span>
    </p>
   </div>
   <div class='ocr_carea' id='block_1_67' title="bbox 1868 2259 3545 2331">
    <p class='ocr_par' dir='ltr' id='par_1_67' title="bbox 1868 2259 3545 2331">
     <span class='ocr_line' id='line_1_67' title="bbox 1868 2259 3545 2331; baseline 0 -16"><span class='ocrx_word' id='word_1_462' title='bbox 1868 2310 1872 2315; x_wconf 88' lang='lat'><strong>.</strong></span> <span class='ocrx_word' id='word_1_463' title='bbox 1956 2268 2011 2316; x_wconf 87' lang='lat' dir='ltr'><strong>et</strong></span> <span class='ocrx_word' id='word_1_464' title='bbox 2049 2262 2313 2331; x_wconf 89' lang='lat' dir='ltr'><strong>pr0pheta</strong></span> <span class='ocrx_word' id='word_1_465' title='bbox 2348 2277 2507 2331; x_wconf 90' lang='lat' dir='ltr'><strong>quem</strong></span> <span class='ocrx_word' id='word_1_466' title='bbox 2546 2260 2908 2331; x_wconf 69' lang='lat' dir='ltr'><strong>praecinuerat</strong></span> <span class='ocrx_word' id='word_1_467' title='bbox 2947 2266 3275 2329; x_wconf 88' lang='lat' dir='ltr'><strong>appareret,</strong></span> <span class='ocrx_word' id='word_1_468' title='bbox 3308 2259 3405 2330; x_wconf 91' lang='lat' dir='ltr'><strong>qui</strong></span> <span class='ocrx_word' id='word_1_469' title='bbox 3444 2274 3545 2315; x_wconf 87' lang='lat' dir='ltr'><strong>eos</strong></span> 
     </span>
    </p>
   </div>
   <div class='ocr_carea' id='block_1_68' title="bbox 1957 2352 3544 2428">
    <p class='ocr_par' dir='ltr' id='par_1_68' title="bbox 1957 2352 3544 2428">
     <span class='ocr_line' id='line_1_68' title="bbox 1957 2352 3544 2428; baseline -0.002 -18"><span class='ocrx_word' id='word_1_470' title='bbox 1957 2356 2136 2428; x_wconf 90' lang='lat' dir='ltr'><strong>primo</strong></span> <span class='ocrx_word' id='word_1_471' title='bbox 2189 2370 2285 2425; x_wconf 92' lang='lat' dir='ltr'><strong>per</strong></span> <span class='ocrx_word' id='word_1_472' title='bbox 2334 2354 2772 2409; x_wconf 91' lang='lat' dir='ltr'><strong>misericordiam</strong></span> <span class='ocrx_word' id='word_1_473' title='bbox 2818 2352 2913 2408; x_wconf 89' lang='lat' dir='ltr'><strong>Dei</strong></span> <span class='ocrx_word' id='word_1_474' title='bbox 2958 2359 3209 2407; x_wconf 89' lang='lat' dir='ltr'><strong>moneret</strong></span> <span class='ocrx_word' id='word_1_475' title='bbox 3249 2366 3471 2408; x_wconf 86' lang='lat' dir='ltr'><strong>cessare</strong></span> <span class='ocrx_word' id='word_1_476' title='bbox 3508 2366 3544 2407; x_wconf 86' lang='lat' dir='ltr'><strong>a</strong></span> 
     </span>
    </p>
   </div>
   <div class='ocr_carea' id='block_1_69' title="bbox 1955 2443 3543 2515">
    <p class='ocr_par' dir='ltr' id='par_1_69' title="bbox 1955 2443 3543 2515">
     <span class='ocr_line' id='line_1_69' title="bbox 1955 2443 3543 2515; baseline -0.004 -10"><span class='ocrx_word' id='word_1_477' title='bbox 1955 2447 2244 2505; x_wconf 84' lang='lat' dir='ltr'><strong>sacriﬁciis</strong></span> <span class='ocrx_word' id='word_1_478' title='bbox 2263 2484 2279 2513; x_wconf 94' lang='lat'><strong>,</strong></span> <span class='ocrx_word' id='word_1_479' title='bbox 2310 2452 2366 2500; x_wconf 88' lang='lat' dir='ltr'><strong>et</strong></span> <span class='ocrx_word' id='word_1_480' title='bbox 2396 2461 2464 2500; x_wconf 90' lang='lat' dir='ltr'><strong>ne</strong></span> <span class='ocrx_word' id='word_1_481' title='bbox 2497 2444 2637 2501; x_wconf 88' lang='lat' dir='ltr'><strong>lorte</strong></span> <span class='ocrx_word' id='word_1_482' title='bbox 2665 2452 2921 2515; x_wconf 89' lang='lat' dir='ltr'><strong>putarent</strong></span> <span class='ocrx_word' id='word_1_483' title='bbox 2950 2443 3302 2499; x_wconf 86' lang='lat' dir='ltr'><strong>cessantibus</strong></span> <span class='ocrx_word' id='word_1_484' title='bbox 3339 2443 3543 2499; x_wconf 91' lang='lat' dir='ltr'><strong>hostiis</strong></span> 
     </span>
    </p>
   </div>
   <div class='ocr_carea' id='block_1_70' title="bbox 1957 2536 3542 2608">
    <p class='ocr_par' dir='ltr' id='par_1_70' title="bbox 1957 2536 3542 2608">
     <span class='ocr_line' id='line_1_70' title="bbox 1957 2536 3542 2608; baseline -0.001 -14"><span class='ocrx_word' id='word_1_485' title='bbox 1957 2540 2343 2596; x_wconf 88' lang='lat' dir='ltr'><strong>remissionem</strong></span> <span class='ocrx_word' id='word_1_486' title='bbox 2376 2538 2483 2594; x_wconf 88' lang='lat' dir='ltr'><strong>sibi</strong></span> <span class='ocrx_word' id='word_1_487' title='bbox 2516 2553 2626 2592; x_wconf 90' lang='lat' dir='ltr'><strong>non</strong></span> <span class='ocrx_word' id='word_1_488' title='bbox 2676 2537 2791 2593; x_wconf 84' lang='lat' dir='ltr'><strong>ﬁeri</strong></span> <span class='ocrx_word' id='word_1_489' title='bbox 2833 2547 3221 2607; x_wconf 89' lang='lat' dir='ltr'><strong>peccatorum,</strong></span> <span class='ocrx_word' id='word_1_490' title='bbox 3267 2536 3542 2608; x_wconf 84' lang='lat' dir='ltr'><strong>baptisma</strong></span> 
     </span>
    </p>
   </div>
   <div class='ocr_carea' id='block_1_71' title="bbox 1951 2627 3534 2702">
    <p class='ocr_par' dir='ltr' id='par_1_71' title="bbox 1951 2627 3534 2702">
     <span class='ocr_line' id='line_1_71' title="bbox 1951 2627 3534 2702; baseline -0.002 -15"><span class='ocrx_word' id='word_1_491' title='bbox 1951 2632 2034 2688; x_wconf 88' lang='lat' dir='ltr'><strong>eis</strong></span> <span class='ocrx_word' id='word_1_492' title='bbox 2063 2647 2159 2702; x_wconf 89' lang='lat' dir='ltr'><strong>per</strong></span> <span class='ocrx_word' id='word_1_493' title='bbox 2187 2646 2386 2700; x_wconf 86' lang='lat' dir='ltr'><strong>aquam</strong></span> <span class='ocrx_word' id='word_1_494' title='bbox 2422 2630 2647 2695; x_wconf 89' lang='lat' dir='ltr'><strong>statuit,</strong></span> <span class='ocrx_word' id='word_1_495' title='bbox 2678 2630 2733 2683; x_wconf 92' lang='lat' dir='ltr'><strong>in</strong></span> <span class='ocrx_word' id='word_1_496' title='bbox 2761 2643 2872 2699; x_wconf 92' lang='lat' dir='ltr'><strong>quo</strong></span> <span class='ocrx_word' id='word_1_497' title='bbox 2900 2628 2968 2683; x_wconf 89' lang='lat' dir='ltr'><strong>ah</strong></span> <span class='ocrx_word' id='word_1_498' title='bbox 2999 2627 3256 2683; x_wconf 91' lang='lat' dir='ltr'><strong>omnibus</strong></span> <span class='ocrx_word' id='word_1_499' title='bbox 3289 2629 3534 2699; x_wconf 83' lang='lat' dir='ltr'><strong>peccatis</strong></span> 
     </span>
    </p>
   </div>
   <div class='ocr_carea' id='block_1_72' title="bbox 1952 2716 3537 2792">
    <p class='ocr_par' dir='ltr' id='par_1_72' title="bbox 1952 2716 3537 2792">
     <span class='ocr_line' id='line_1_72' title="bbox 1952 2716 3537 2792; baseline 0 -16"><span class='ocrx_word' id='word_1_500' title='bbox 1952 2721 2212 2777; x_wconf 87' lang='lat' dir='ltr'><strong>invocato</strong></span> <span class='ocrx_word' id='word_1_501' title='bbox 2256 2721 2379 2792; x_wconf 90' lang='lat' dir='ltr'><strong>ejus</strong></span> <span class='ocrx_word' id='word_1_502' title='bbox 2424 2720 2649 2775; x_wconf 88' lang='lat' dir='ltr'><strong>nomine</strong></span> <span class='ocrx_word' id='word_1_503' title='bbox 2690 2717 3059 2783; x_wconf 81' lang='lat' dir='ltr'><strong>solverentur,</strong></span> <span class='ocrx_word' id='word_1_504' title='bbox 3108 2724 3164 2773; x_wconf 90' lang='lat' dir='ltr'><strong>et</strong></span> <span class='ocrx_word' id='word_1_505' title='bbox 3206 2716 3277 2773; x_wconf 90' lang='lat' dir='ltr'><strong>de</strong></span> <span class='ocrx_word' id='word_1_506' title='bbox 3319 2718 3537 2792; x_wconf 90' lang='lat' dir='ltr'><strong>reliquo</strong></span> 
     </span>
    </p>
   </div>
   <div class='ocr_carea' id='block_1_73' title="bbox 1951 2810 3541 2885">
    <p class='ocr_par' dir='ltr' id='par_1_73' title="bbox 1951 2810 3541 2885">
     <span class='ocr_line' id='line_1_73' title="bbox 1951 2810 3541 2885; baseline -0.002 -17"><span class='ocrx_word' id='word_1_507' title='bbox 1951 2815 2249 2885; x_wconf 82' lang='lat' dir='ltr'><strong>perlectam</strong></span> <span class='ocrx_word' id='word_1_508' title='bbox 2281 2815 2451 2868; x_wconf 89' lang='lat' dir='ltr'><strong>vitam</strong></span> <span class='ocrx_word' id='word_1_509' title='bbox 2497 2820 2791 2881; x_wconf 89' lang='lat' dir='ltr'><strong>sequentes</strong></span> <span class='ocrx_word' id='word_1_510' title='bbox 2822 2810 2880 2864; x_wconf 92' lang='lat' dir='ltr'><strong>in</strong></span> <span class='ocrx_word' id='word_1_511' title='bbox 2910 2810 3329 2866; x_wconf 86' lang='lat' dir='ltr'><strong>immortalitate</strong></span> <span class='ocrx_word' id='word_1_512' title='bbox 3371 2811 3541 2865; x_wconf 88' lang='lat' dir='ltr'><strong>dura-</strong></span> 
     </span>
    </p>
   </div>
   <div class='ocr_carea' id='block_1_74' title="bbox 1950 2900 3539 2975">
    <p class='ocr_par' dir='ltr' id='par_1_74' title="bbox 1950 2900 3539 2975">
     <span class='ocr_line' id='line_1_74' title="bbox 1950 2900 3539 2975; baseline -0.002 -14"><span class='ocrx_word' id='word_1_513' title='bbox 1950 2914 2112 2971; x_wconf 89' lang='lat' dir='ltr'><strong>rent,</strong></span> <span class='ocrx_word' id='word_1_514' title='bbox 2163 2920 2275 2960; x_wconf 88' lang='lat' dir='ltr'><strong>non</strong></span> <span class='ocrx_word' id='word_1_515' title='bbox 2327 2903 2600 2975; x_wconf 90' lang='lat' dir='ltr'><strong>pecudum</strong></span> <span class='ocrx_word' id='word_1_516' title='bbox 2653 2902 2923 2972; x_wconf 89' lang='lat' dir='ltr'><strong>sanguine</strong></span> <span class='ocrx_word' id='word_1_517' title='bbox 2970 2905 3067 2957; x_wconf 90' lang='lat' dir='ltr'><strong>sed</strong></span> <span class='ocrx_word' id='word_1_518' title='bbox 3110 2902 3396 2972; x_wconf 75' lang='lat' dir='ltr'><strong>sapientia:</strong></span> <span class='ocrx_word' id='word_1_519' title='bbox 3440 2900 3539 2958; x_wconf 85' lang='lat' dir='ltr'><strong>Dei</strong></span> 
     </span>
    </p>
   </div>
   <div class='ocr_carea' id='block_1_75' title="bbox 1952 2993 3537 3070">
    <p class='ocr_par' dir='ltr' id='par_1_75' title="bbox 1952 2993 3537 3070">
     <span class='ocr_line' id='line_1_75' title="bbox 1952 2993 3537 3070; baseline -0.002 -18"><span class='ocrx_word' id='word_1_520' title='bbox 1952 2998 2335 3070; x_wconf 79' lang='lat' dir='ltr'><strong>purificatione</strong></span> <span class='ocrx_word' id='word_1_521' title='bbox 2369 2996 2608 3067; x_wconf 85' lang='lat' dir='ltr'><strong>purgati.</strong></span> <span class='ocrx_word' id='word_1_522' title='bbox 2656 2993 2903 3063; x_wconf 85' lang='lat' dir='ltr'><strong>Denique</strong></span> <span class='ocrx_word' id='word_1_523' title='bbox 2949 2993 3115 3049; x_wconf 88' lang='lat' dir='ltr'><strong>etiam</strong></span> <span class='ocrx_word' id='word_1_524' title='bbox 3162 2994 3268 3049; x_wconf 91' lang='lat' dir='ltr'><strong>hoc</strong></span> <span class='ocrx_word' id='word_1_525' title='bbox 3307 2995 3537 3064; x_wconf 92' lang='lat' dir='ltr'><strong>ponitur</strong></span> 
     </span>
    </p>
   </div>
   <div class='ocr_carea' id='block_1_76' title="bbox 1950 3082 3538 3159">
    <p class='ocr_par' dir='ltr' id='par_1_76' title="bbox 1950 3082 3538 3159">
     <span class='ocr_line' id='line_1_76' title="bbox 1950 3082 3538 3159; baseline -0.003 -15"><span class='ocrx_word' id='word_1_526' title='bbox 1950 3088 2173 3145; x_wconf 89' lang='lat' dir='ltr'><strong>evidens</strong></span> <span class='ocrx_word' id='word_1_527' title='bbox 2218 3087 2397 3159; x_wconf 87' lang='lat' dir='ltr'><strong>magni</strong></span> <span class='ocrx_word' id='word_1_528' title='bbox 2455 3085 2703 3158; x_wconf 87' lang='lat' dir='ltr'><strong>mysterii</strong></span> <span class='ocrx_word' id='word_1_529' title='bbox 2749 3085 2913 3154; x_wconf 89' lang='lat' dir='ltr'><strong>hujus</strong></span> <span class='ocrx_word' id='word_1_530' title='bbox 2958 3082 3223 3137; x_wconf 88' lang='lat' dir='ltr'><strong>indicium</strong></span> <span class='ocrx_word' id='word_1_531' title='bbox 3271 3082 3418 3153; x_wconf 78' lang='lat'><strong>(59),</strong></span> <span class='ocrx_word' id='word_1_532' title='bbox 3473 3091 3538 3140; x_wconf 85' lang='lat' dir='ltr'><strong>ut</strong></span> 
     </span>
    </p>
   </div>
   <div class='ocr_carea' id='block_1_77' title="bbox 1950 3173 3538 3250">
    <p class='ocr_par' dir='ltr' id='par_1_77' title="bbox 1950 3173 3538 3250">
     <span class='ocr_line' id='line_1_77' title="bbox 1950 3173 3538 3250; baseline -0.003 -15"><span class='ocrx_word' id='word_1_533' title='bbox 1950 3181 2133 3235; x_wconf 89' lang='lat' dir='ltr'><strong>omnis</strong></span> <span class='ocrx_word' id='word_1_534' title='bbox 2177 3179 2272 3250; x_wconf 89' lang='lat' dir='ltr'><strong>qui</strong></span> <span class='ocrx_word' id='word_1_535' title='bbox 2316 3178 2547 3233; x_wconf 87' lang='lat' dir='ltr'><strong>credens</strong></span> <span class='ocrx_word' id='word_1_536' title='bbox 2601 3176 2883 3247; x_wconf 74' lang='lat' dir='ltr'><strong>propheta:</strong></span> <span class='ocrx_word' id='word_1_537' title='bbox 2922 3175 3052 3229; x_wconf 90' lang='lat' dir='ltr'><strong>huic</strong></span> <span class='ocrx_word' id='word_1_538' title='bbox 3078 3213 3093 3238; x_wconf 93' lang='lat'><strong>,</strong></span> <span class='ocrx_word' id='word_1_539' title='bbox 3139 3173 3233 3244; x_wconf 90' lang='lat' dir='ltr'><strong>qui</strong></span> <span class='ocrx_word' id='word_1_540' title='bbox 3274 3189 3305 3229; x_wconf 89' lang='lat' dir='ltr'><strong>a</strong></span> <span class='ocrx_word' id='word_1_541' title='bbox 3348 3173 3538 3246; x_wconf 88' lang='lat' dir='ltr'><strong>Moyse</strong></span> 
     </span>
    </p>
   </div>
   <div class='ocr_carea' id='block_1_78' title="bbox 1954 3266 3535 3345">
    <p class='ocr_par' dir='ltr' id='par_1_78' title="bbox 1954 3266 3535 3345">
     <span class='ocr_line' id='line_1_78' title="bbox 1954 3266 3535 3345; baseline -0.003 -18"><span class='ocrx_word' id='word_1_542' title='bbox 1954 3272 2252 3345; x_wconf 58' lang='lat' dir='ltr'><strong>praedictus</strong></span> <span class='ocrx_word' id='word_1_543' title='bbox 2295 3278 2413 3335; x_wconf 89' lang='lat' dir='ltr'><strong>est,</strong></span> <span class='ocrx_word' id='word_1_544' title='bbox 2464 3270 2778 3340; x_wconf 87' lang='lat' dir='ltr'><strong>baptizatur</strong></span> <span class='ocrx_word' id='word_1_545' title='bbox 2822 3268 2877 3321; x_wconf 91' lang='lat' dir='ltr'><strong>in</strong></span> <span class='ocrx_word' id='word_1_546' title='bbox 2929 3266 3151 3321; x_wconf 89' lang='lat' dir='ltr'><strong>nomine</strong></span> <span class='ocrx_word' id='word_1_547' title='bbox 3197 3266 3412 3337; x_wconf 91' lang='lat' dir='ltr'><strong>ipsius,</strong></span> <span class='ocrx_word' id='word_1_548' title='bbox 3463 3266 3535 3322; x_wconf 84' lang='lat' dir='ltr'><strong>ah</strong></span> 
     </span>
    </p>
   </div>
   <div class='ocr_carea' id='block_1_79' title="bbox 1947 3358 3534 3434">
    <p class='ocr_par' dir='ltr' id='par_1_79' title="bbox 1947 3358 3534 3434">
     <span class='ocr_line' id='line_1_79' title="bbox 1947 3358 3534 3434; baseline -0.004 -13"><span class='ocrx_word' id='word_1_549' title='bbox 1947 3365 2167 3421; x_wconf 77' lang='lat' dir='ltr'><strong>excidio</strong></span> <span class='ocrx_word' id='word_1_550' title='bbox 2198 3364 2324 3419; x_wconf 90' lang='lat' dir='ltr'><strong>belli</strong></span> <span class='ocrx_word' id='word_1_551' title='bbox 2353 3362 2501 3434; x_wconf 93' lang='lat' dir='ltr'><strong>quod</strong></span> <span class='ocrx_word' id='word_1_552' title='bbox 2534 3360 2830 3415; x_wconf 72' lang='lat' dir='ltr'><strong>incredulae.</strong></span> <span class='ocrx_word' id='word_1_553' title='bbox 2860 3360 3009 3431; x_wconf 85' lang='lat' dir='ltr'><strong>genti</strong></span> <span class='ocrx_word' id='word_1_554' title='bbox 3035 3358 3286 3413; x_wconf 89' lang='lat' dir='ltr'><strong>imminet</strong></span> <span class='ocrx_word' id='word_1_555' title='bbox 3312 3372 3378 3412; x_wconf 91' lang='lat' dir='ltr'><strong>ac</strong></span> <span class='ocrx_word' id='word_1_556' title='bbox 3409 3358 3534 3414; x_wconf 90' lang='lat' dir='ltr'><strong>loco</strong></span> 
     </span>
    </p>
   </div>
   <div class='ocr_carea' id='block_1_80' title="bbox 1946 3451 3533 3529">
    <p class='ocr_par' dir='ltr' id='par_1_80' title="bbox 1946 3451 3533 3529">
     <span class='ocr_line' id='line_1_80' title="bbox 1946 3451 3533 3529; baseline -0.005 -15"><span class='ocrx_word' id='word_1_557' title='bbox 1946 3458 2089 3529; x_wconf 89' lang='lat' dir='ltr'><strong>ipsi,</strong></span> <span class='ocrx_word' id='word_1_558' title='bbox 2125 3464 2375 3513; x_wconf 83' lang='lat' dir='ltr'><strong>servetur</strong></span> <span class='ocrx_word' id='word_1_559' title='bbox 2406 3455 2610 3509; x_wconf 65' lang='lat' dir='ltr'><strong>illaasus</strong></span> <span class='ocrx_word' id='word_1_560' title='bbox 2628 3492 2643 3517; x_wconf 91' lang='lat'><strong>,</strong></span> <span class='ocrx_word' id='word_1_561' title='bbox 2671 3468 2782 3507; x_wconf 89' lang='lat' dir='ltr'><strong>non</strong></span> <span class='ocrx_word' id='word_1_562' title='bbox 2809 3451 3095 3507; x_wconf 89' lang='lat' dir='ltr'><strong>credentes</strong></span> <span class='ocrx_word' id='word_1_563' title='bbox 3123 3463 3253 3504; x_wconf 87' lang='lat' dir='ltr'><strong>vero</strong></span> <span class='ocrx_word' id='word_1_564' title='bbox 3284 3458 3533 3507; x_wconf 80' lang='lat' dir='ltr'><strong>extorres</strong></span> 
     </span>
    </p>
   </div>
   <div class='ocr_carea' id='block_1_81' title="bbox 1948 3542 3535 3617">
    <p class='ocr_par' dir='ltr' id='par_1_81' title="bbox 1948 3542 3535 3617">
     <span class='ocr_line' id='line_1_81' title="bbox 1948 3542 3535 3617; baseline -0.004 -13"><span class='ocrx_word' id='word_1_565' title='bbox 1948 3550 2072 3604; x_wconf 88' lang='lat' dir='ltr'><strong>loco</strong></span> <span class='ocrx_word' id='word_1_566' title='bbox 2104 3555 2158 3603; x_wconf 93' lang='lat' dir='ltr'><strong>et</strong></span> <span class='ocrx_word' id='word_1_567' title='bbox 2188 3558 2357 3617; x_wconf 86' lang='lat' dir='ltr'><strong>regno</strong></span> <span class='ocrx_word' id='word_1_568' title='bbox 2388 3545 2519 3599; x_wconf 85' lang='lat' dir='ltr'><strong>[iant</strong></span> <span class='ocrx_word' id='word_1_569' title='bbox 2540 3584 2556 3609; x_wconf 92' lang='lat'><strong>,</strong></span> <span class='ocrx_word' id='word_1_570' title='bbox 2590 3552 2650 3598; x_wconf 91' lang='lat' dir='ltr'><strong>ut</strong></span> <span class='ocrx_word' id='word_1_571' title='bbox 2678 3544 2766 3600; x_wconf 88' lang='lat' dir='ltr'><strong>vel</strong></span> <span class='ocrx_word' id='word_1_572' title='bbox 2796 3542 2951 3598; x_wconf 83' lang='lat' dir='ltr'><strong>inviti</strong></span> <span class='ocrx_word' id='word_1_573' title='bbox 2986 3542 3295 3614; x_wconf 88' lang='lat' dir='ltr'><strong>intelligant</strong></span> <span class='ocrx_word' id='word_1_574' title='bbox 3319 3549 3374 3598; x_wconf 90' lang='lat' dir='ltr'><strong>et</strong></span> <span class='ocrx_word' id='word_1_575' title='bbox 3398 3542 3535 3598; x_wconf 79' lang='lat' dir='ltr'><strong>obo-</strong></span> 
     </span>
    </p>
   </div>
   <div class='ocr_carea' id='block_1_82' title="bbox 1947 3636 2556 3697">
    <p class='ocr_par' dir='ltr' id='par_1_82' title="bbox 1947 3636 2556 3697">
     <span class='ocr_line' id='line_1_82' title="bbox 1947 3636 2556 3697; baseline -0.008 0"><span class='ocrx_word' id='word_1_576' title='bbox 1947 3641 2103 3697; x_wconf 89' lang='lat' dir='ltr'><strong>diant</strong></span> <span class='ocrx_word' id='word_1_577' title='bbox 2133 3637 2405 3694; x_wconf 86' lang='lat' dir='ltr'><strong>voluntati</strong></span> <span class='ocrx_word' id='word_1_578' title='bbox 2437 3636 2556 3692; x_wconf 87' lang='lat' dir='ltr'><strong>Dei.</strong></span> 
     </span>
    </p>
   </div>
   <div class='ocr_carea' id='block_1_83' title="bbox 2015 3724 3533 3801">
    <p class='ocr_par' dir='ltr' id='par_1_83' title="bbox 2015 3724 3533 3801">
     <span class='ocr_line' id='line_1_83' title="bbox 2015 3724 3533 3801; baseline -0.005 -15"><span class='ocrx_word' id='word_1_579' title='bbox 2015 3731 2128 3787; x_wconf 81' lang='lat' dir='ltr'><strong>XL.</strong></span> <span class='ocrx_word' id='word_1_580' title='bbox 2146 3730 2243 3787; x_wconf 84' lang='lat' dir='ltr'><strong>His</strong></span> <span class='ocrx_word' id='word_1_581' title='bbox 2272 3730 2439 3801; x_wconf 88' lang='lat' dir='ltr'><strong>igitur</strong></span> <span class='ocrx_word' id='word_1_582' title='bbox 2468 3730 2550 3796; x_wconf 41' lang='lat' dir='ltr'><strong>ita,</strong></span> <span class='ocrx_word' id='word_1_583' title='bbox 2568 3725 2978 3798; x_wconf 67' lang='lat' dir='ltr'><strong>praeordinatis,</strong></span> <span class='ocrx_word' id='word_1_584' title='bbox 3018 3724 3179 3782; x_wconf 89' lang='lat' dir='ltr'><strong>adest</strong></span> <span class='ocrx_word' id='word_1_585' title='bbox 3206 3725 3303 3796; x_wconf 91' lang='lat' dir='ltr'><strong>qui</strong></span> <span class='ocrx_word' id='word_1_586' title='bbox 3332 3738 3533 3795; x_wconf 60' lang='lat' dir='ltr'><strong>exspe-</strong></span> 
     </span>
    </p>
   </div>
   <div class='ocr_carea' id='block_1_84' title="bbox 1948 3818 3534 3892">
    <p class='ocr_par' dir='ltr' id='par_1_84' title="bbox 1948 3818 3534 3892">
     <span class='ocr_line' id='line_1_84' title="bbox 1948 3818 3534 3892; baseline -0.006 -12"><span class='ocrx_word' id='word_1_587' title='bbox 1948 3825 2226 3887; x_wconf 91' lang='lat' dir='ltr'><strong>ctabatur,</strong></span> <span class='ocrx_word' id='word_1_588' title='bbox 2260 3822 2465 3877; x_wconf 92' lang='lat' dir='ltr'><strong>indicia</strong></span> <span class='ocrx_word' id='word_1_589' title='bbox 2496 3820 2584 3876; x_wconf 92' lang='lat' dir='ltr'><strong>sui</strong></span> <span class='ocrx_word' id='word_1_590' title='bbox 2615 3820 2819 3892; x_wconf 91' lang='lat' dir='ltr'><strong>quibus</strong></span> <span class='ocrx_word' id='word_1_591' title='bbox 2850 3820 3003 3875; x_wconf 89' lang='lat' dir='ltr'><strong>lierct</strong></span> <span class='ocrx_word' id='word_1_592' title='bbox 3043 3818 3402 3883; x_wconf 86' lang='lat' dir='ltr'><strong>manifestus,</strong></span> <span class='ocrx_word' id='word_1_593' title='bbox 3449 3818 3534 3873; x_wconf 79' lang='lat' dir='ltr'><strong>si-</strong></span> 
     </span>
    </p>
   </div>
   <div class='ocr_carea' id='block_1_85' title="bbox 1946 3907 3534 3987">
    <p class='ocr_par' dir='ltr' id='par_1_85' title="bbox 1946 3907 3534 3987">
     <span class='ocr_line' id='line_1_85' title="bbox 1946 3907 3534 3987; baseline -0.005 -17"><span class='ocrx_word' id='word_1_594' title='bbox 1946 3930 2051 3987; x_wconf 87' lang='lat' dir='ltr'><strong>gna</strong></span> <span class='ocrx_word' id='word_1_595' title='bbox 2098 3923 2152 3969; x_wconf 92' lang='lat' dir='ltr'><strong>et</strong></span> <span class='ocrx_word' id='word_1_596' title='bbox 2190 3912 2448 3985; x_wconf 78' lang='lat' dir='ltr'><strong>prodigia</strong></span> <span class='ocrx_word' id='word_1_597' title='bbox 2490 3908 2775 3967; x_wconf 83' lang='lat' dir='ltr'><strong>deferens.</strong></span> <span class='ocrx_word' id='word_1_598' title='bbox 2834 3908 2941 3965; x_wconf 87' lang='lat' dir='ltr'><strong>Sed</strong></span> <span class='ocrx_word' id='word_1_599' title='bbox 2973 3924 3043 3964; x_wconf 91' lang='lat' dir='ltr'><strong>ne</strong></span> <span class='ocrx_word' id='word_1_600' title='bbox 3074 3908 3155 3963; x_wconf 89' lang='lat' dir='ltr'><strong>sic</strong></span> <span class='ocrx_word' id='word_1_601' title='bbox 3181 3907 3401 3979; x_wconf 87' lang='lat' dir='ltr'><strong>quidem</strong></span> <span class='ocrx_word' id='word_1_602' title='bbox 3433 3921 3534 3978; x_wconf 84' lang='lat' dir='ltr'><strong>po-</strong></span> 
     </span>
    </p>
   </div>
   <div class='ocr_carea' id='block_1_86' title="bbox 1948 3996 3531 4074">
    <p class='ocr_par' dir='ltr' id='par_1_86' title="bbox 1948 3996 3531 4074">
     <span class='ocr_line' id='line_1_86' title="bbox 1948 3996 3531 4074; baseline -0.004 -17"><span class='ocrx_word' id='word_1_603' title='bbox 1948 4002 2113 4074; x_wconf 91' lang='lat' dir='ltr'><strong>pulus</strong></span> <span class='ocrx_word' id='word_1_604' title='bbox 2148 3998 2422 4063; x_wconf 88' lang='lat' dir='ltr'><strong>credidit,</strong></span> <span class='ocrx_word' id='word_1_605' title='bbox 2466 3999 2560 4069; x_wconf 90' lang='lat' dir='ltr'><strong>qui</strong></span> <span class='ocrx_word' id='word_1_606' title='bbox 2606 3998 2676 4053; x_wconf 93' lang='lat' dir='ltr'><strong>ad</strong></span> <span class='ocrx_word' id='word_1_607' title='bbox 2719 3998 2837 4053; x_wconf 63' lang='lat' dir='ltr'><strong>haec</strong></span> <span class='ocrx_word' id='word_1_608' title='bbox 2875 3997 3150 4052; x_wconf 88' lang='lat' dir='ltr'><strong>credenda</strong></span> <span class='ocrx_word' id='word_1_609' title='bbox 3190 4004 3272 4052; x_wconf 89' lang='lat' dir='ltr'><strong>tot</strong></span> <span class='ocrx_word' id='word_1_610' title='bbox 3310 3996 3531 4052; x_wconf 63' lang='lat' dir='ltr'><strong>saeculis</strong></span> 
     </span>
    </p>
   </div>
   <div class='ocr_carea' id='block_1_87' title="bbox 1947 4088 3531 4158">
    <p class='ocr_par' dir='ltr' id='par_1_87' title="bbox 1947 4088 3531 4158">
     <span class='ocr_line' id='line_1_87' title="bbox 1947 4088 3531 4158; baseline -0.005 -8"><span class='ocrx_word' id='word_1_611' title='bbox 1947 4093 2195 4150; x_wconf 89' lang='lat' dir='ltr'><strong>eruditus</strong></span> <span class='ocrx_word' id='word_1_612' title='bbox 2230 4098 2357 4158; x_wconf 89' lang='lat' dir='ltr'><strong>est;</strong></span> <span class='ocrx_word' id='word_1_613' title='bbox 2390 4099 2446 4145; x_wconf 91' lang='lat' dir='ltr'><strong>et</strong></span> <span class='ocrx_word' id='word_1_614' title='bbox 2475 4106 2585 4144; x_wconf 90' lang='lat' dir='ltr'><strong>non</strong></span> <span class='ocrx_word' id='word_1_615' title='bbox 2616 4091 2795 4145; x_wconf 89' lang='lat' dir='ltr'><strong>solum</strong></span> <span class='ocrx_word' id='word_1_616' title='bbox 2829 4104 2942 4144; x_wconf 90' lang='lat' dir='ltr'><strong>non</strong></span> <span class='ocrx_word' id='word_1_617' title='bbox 2984 4088 3250 4154; x_wconf 91' lang='lat' dir='ltr'><strong>credidit,</strong></span> <span class='ocrx_word' id='word_1_618' title='bbox 3294 4088 3389 4144; x_wconf 88' lang='lat' dir='ltr'><strong>sed</strong></span> <span class='ocrx_word' id='word_1_619' title='bbox 3431 4088 3531 4143; x_wconf 60' lang='lat' dir='ltr'><strong>ad.</strong></span> 
     </span>
    </p>
   </div>
   <div class='ocr_carea' id='block_1_88' title="bbox 1946 4179 3527 4251">
    <p class='ocr_par' dir='ltr' id='par_1_88' title="bbox 1946 4179 3527 4251">
     <span class='ocr_line' id='line_1_88' title="bbox 1946 4179 3527 4251; baseline -0.004 -11"><span class='ocrx_word' id='word_1_620' title='bbox 1946 4186 2086 4241; x_wconf 90' lang='lat' dir='ltr'><strong>didit</strong></span> <span class='ocrx_word' id='word_1_621' title='bbox 2115 4182 2421 4239; x_wconf 91' lang='lat' dir='ltr'><strong>inlidelitati</strong></span> <span class='ocrx_word' id='word_1_622' title='bbox 2468 4181 2865 4251; x_wconf 81' lang='lat' dir='ltr'><strong>blasphemiam</strong></span> <span class='ocrx_word' id='word_1_623' title='bbox 2889 4220 2905 4245; x_wconf 95' lang='lat'><strong>,</strong></span> <span class='ocrx_word' id='word_1_624' title='bbox 2948 4194 3207 4235; x_wconf 90' lang='lat' dir='ltr'><strong>voracem</strong></span> <span class='ocrx_word' id='word_1_625' title='bbox 3247 4179 3527 4235; x_wconf 87' lang='lat' dir='ltr'><strong>hominem</strong></span> 
     </span>
    </p>
   </div>
   <div class='ocr_carea' id='block_1_89' title="bbox 1946 4270 3526 4341">
    <p class='ocr_par' dir='ltr' id='par_1_89' title="bbox 1946 4270 3526 4341">
     <span class='ocr_line' id='line_1_89' title="bbox 1946 4270 3526 4341; baseline -0.004 -9"><span class='ocrx_word' id='word_1_626' title='bbox 1946 4284 2001 4332; x_wconf 90' lang='lat' dir='ltr'><strong>et</strong></span> <span class='ocrx_word' id='word_1_627' title='bbox 2033 4274 2223 4331; x_wconf 80' lang='lat' dir='ltr'><strong>ventri-</strong></span> <span class='ocrx_word' id='word_1_628' title='bbox 2239 4273 2570 4330; x_wconf 89' lang='lat' dir='ltr'><strong>servientem</strong></span> <span class='ocrx_word' id='word_1_629' title='bbox 2602 4272 2669 4336; x_wconf 77' lang='grc'><strong>⁸⁸,</strong></span> <span class='ocrx_word' id='word_1_630' title='bbox 2702 4287 2767 4327; x_wconf 90' lang='lat' dir='ltr'><strong>ac</strong></span> <span class='ocrx_word' id='word_1_631' title='bbox 2796 4271 3044 4327; x_wconf 68' lang='lat' dir='ltr'><strong>daemone</strong></span> <span class='ocrx_word' id='word_1_632' title='bbox 3085 4270 3173 4341; x_wconf 90' lang='lat' dir='ltr'><strong>agi</strong></span> <span class='ocrx_word' id='word_1_633' title='bbox 3214 4284 3339 4325; x_wconf 81' lang='lat' dir='ltr'><strong>eum</strong></span> <span class='ocrx_word' id='word_1_634' title='bbox 3365 4309 3383 4334; x_wconf 94' lang='lat'><strong>,</strong></span> <span class='ocrx_word' id='word_1_635' title='bbox 3424 4271 3526 4340; x_wconf 90' lang='lat' dir='ltr'><strong>qui</strong></span> 
     </span>
    </p>
   </div>
   <div class='ocr_carea' id='block_1_90' title="bbox 1945 4358 3527 4425">
    <p class='ocr_par' dir='ltr' id='par_1_90' title="bbox 1945 4358 3527 4425">
     <span class='ocr_line' id='line_1_90' title="bbox 1945 4358 3527 4425; baseline -0.001 -7"><span class='ocrx_word' id='word_1_636' title='bbox 1945 4364 2017 4418; x_wconf 94' lang='lat' dir='ltr'><strong>ob</strong></span> <span class='ocrx_word' id='word_1_637' title='bbox 2043 4364 2275 4418; x_wconf 90' lang='lat' dir='ltr'><strong>salutem</strong></span> <span class='ocrx_word' id='word_1_638' title='bbox 2307 4376 2464 4418; x_wconf 89' lang='lat' dir='ltr'><strong>suam</strong></span> <span class='ocrx_word' id='word_1_639' title='bbox 2493 4370 2752 4425; x_wconf 91' lang='lat' dir='ltr'><strong>venerat,</strong></span> <span class='ocrx_word' id='word_1_640' title='bbox 2811 4359 3019 4415; x_wconf 88' lang='lat' dir='ltr'><strong>dicens.</strong></span> <span class='ocrx_word' id='word_1_641' title='bbox 3065 4358 3125 4414; x_wconf 86' lang='lat' dir='ltr'><strong>In</strong></span> <span class='ocrx_word' id='word_1_642' title='bbox 3166 4365 3380 4414; x_wconf 90' lang='lat' dir='ltr'><strong>tantum</strong></span> <span class='ocrx_word' id='word_1_643' title='bbox 3424 4376 3527 4416; x_wconf 86' lang='lat' dir='ltr'><strong>ne-</strong></span> 
     </span>
    </p>
   </div>
   <div class='ocr_carea' id='block_1_91' title="bbox 247 4447 3524 4529">
    <p class='ocr_par' dir='ltr' id='par_1_91' title="bbox 247 4447 3524 4529">
     <span class='ocr_line' id='line_1_91' title="bbox 247 4447 3524 4529; baseline 0.001 -26"><span class='ocrx_word' id='word_1_644' title='bbox 247 4447 479 4503; x_wconf 74' lang='lat' dir='ltr'><strong>hantur.</strong></span> <span class='ocrx_word' id='word_1_645' title='bbox 529 4448 833 4506; x_wconf 88' lang='lat' dir='ltr'><strong>Paucorum</strong></span> <span class='ocrx_word' id='word_1_646' title='bbox 858 4468 1095 4523; x_wconf 89' lang='lat' dir='ltr'><strong>namque</strong></span> <span class='ocrx_word' id='word_1_647' title='bbox 1125 4461 1210 4509; x_wconf 91' lang='lat' dir='ltr'><strong>est</strong></span> <span class='ocrx_word' id='word_1_648' title='bbox 1255 4463 1405 4510; x_wconf 89' lang='lat' dir='ltr'><strong>recta</strong></span> <span class='ocrx_word' id='word_1_649' title='bbox 1431 4469 1557 4509; x_wconf 90' lang='lat' dir='ltr'><strong>cum</strong></span> <span class='ocrx_word' id='word_1_650' title='bbox 1586 4454 1841 4511; x_wconf 88' lang='lat' dir='ltr'><strong>libertate</strong></span> <span class='ocrx_word' id='word_1_651' title='bbox 1873 4465 1918 4520; x_wconf 80' lang='grc' dir='ltr'>ι)</span> <span class='ocrx_word' id='word_1_652' title='bbox 1948 4457 2123 4529; x_wconf 89' lang='lat' dir='ltr'><strong>quitia</strong></span> <span class='ocrx_word' id='word_1_653' title='bbox 2166 4456 2441 4510; x_wconf 88' lang='lat' dir='ltr'><strong>malorum</strong></span> <span class='ocrx_word' id='word_1_654' title='bbox 2490 4453 2816 4508; x_wconf 89' lang='lat' dir='ltr'><strong>ministeriis</strong></span> <span class='ocrx_word' id='word_1_655' title='bbox 2856 4453 3033 4517; x_wconf 87' lang='lat' dir='ltr'><strong>valet,</strong></span> <span class='ocrx_word' id='word_1_656' title='bbox 3083 4451 3233 4523; x_wconf 92' lang='lat' dir='ltr'><strong>quod</strong></span> <span class='ocrx_word' id='word_1_657' title='bbox 3277 4451 3385 4507; x_wconf 90' lang='lat' dir='ltr'><strong>nisi</strong></span> <span class='ocrx_word' id='word_1_658' title='bbox 3421 4451 3524 4507; x_wconf 88' lang='lat' dir='ltr'><strong>Sa-</strong></span> 
     </span>
    </p>
   </div>
   <div class='ocr_carea' id='block_1_92' title="bbox 251 4542 559 4598">
    <p class='ocr_par' dir='ltr' id='par_1_92' title="bbox 251 4542 559 4598">
     <span class='ocr_line' id='line_1_92' title="bbox 251 4542 559 4598; baseline 0.006 -2"><span class='ocrx_word' id='word_1_659' title='bbox 251 4542 559 4598; x_wconf 88' lang='lat' dir='ltr'><strong>sententia.</strong></span> 
     </span>
    </p>
   </div>
   <div class='ocr_carea' id='block_1_93' title="bbox 1945 4544 3522 4621">
    <p class='ocr_par' dir='ltr' id='par_1_93' title="bbox 1945 4544 3522 4621">
     <span class='ocr_line' id='line_1_93' title="bbox 1945 4544 3522 4621; baseline -0.001 -16"><span class='ocrx_word' id='word_1_660' title='bbox 1945 4548 2150 4621; x_wconf 89' lang='lat' dir='ltr'><strong>pientia</strong></span> <span class='ocrx_word' id='word_1_661' title='bbox 2196 4546 2292 4601; x_wconf 92' lang='lat' dir='ltr'><strong>Dei</strong></span> <span class='ocrx_word' id='word_1_662' title='bbox 2335 4545 2603 4601; x_wconf 86' lang='lat' dir='ltr'><strong>adfuisset</strong></span> <span class='ocrx_word' id='word_1_663' title='bbox 2649 4544 2736 4600; x_wconf 91' lang='lat' dir='ltr'><strong>his</strong></span> <span class='ocrx_word' id='word_1_664' title='bbox 2773 4545 2869 4616; x_wconf 93' lang='lat' dir='ltr'><strong>qui</strong></span> <span class='ocrx_word' id='word_1_665' title='bbox 2917 4546 3153 4618; x_wconf 91' lang='lat' dir='ltr'><strong>diligunt</strong></span> <span class='ocrx_word' id='word_1_666' title='bbox 3192 4549 3522 4615; x_wconf 78' lang='lat' dir='ltr'><strong>veritatem,</strong></span> 
     </span>
    </p>
   </div>
   <div class='ocr_carea' id='block_1_94' title="bbox 331 4697 3519 4773">
    <p class='ocr_par' dir='ltr' id='par_1_94' title="bbox 331 4697 3519 4773">
     <span class='ocr_line' id='line_1_94' title="bbox 331 4697 3519 4773; baseline 0.002 -20"><span class='ocrx_word' id='word_1_667' title='bbox 331 4697 387 4773; x_wconf 61' lang='grc' dir='ltr'><strong>ἶξ</strong></span> <span class='ocrx_word' id='word_1_668' title='bbox 422 4698 577 4773; x_wconf 89' lang='lat' dir='ltr'><strong>Deut.</strong></span> <span class='ocrx_word' id='word_1_669' title='bbox 606 4717 762 4765; x_wconf 79' lang='lat' dir='ltr'><strong>xvm,</strong></span> <span class='ocrx_word' id='word_1_670' title='bbox 799 4703 886 4771; x_wconf 74' lang='lat'><strong>15;</strong></span> <span class='ocrx_word' id='word_1_671' title='bbox 908 4702 1028 4757; x_wconf 87' lang='lat' dir='ltr'><strong>Act.</strong></span> <span class='ocrx_word' id='word_1_672' title='bbox 1057 4720 1139 4767; x_wconf 85' lang='lat' dir='ltr'><strong>Ill,</strong></span> <span class='ocrx_word' id='word_1_673' title='bbox 1170 4703 1263 4770; x_wconf 89' lang='lat'><strong>22,</strong></span> <span class='ocrx_word' id='word_1_674' title='bbox 1292 4704 1383 4759; x_wconf 77' lang='lat'><strong>23.</strong></span> <span class='ocrx_word' id='word_1_675' title='bbox 1460 4706 1507 4737; x_wconf 81' lang='grc'><strong>⁸⁸</strong></span> <span class='ocrx_word' id='word_1_676' title='bbox 1541 4706 1697 4761; x_wconf 69' lang='lat' dir='ltr'><strong>Deut.</strong></span> <span class='ocrx_word' id='word_1_677' title='bbox 1754 4723 1853 4769; x_wconf 79' lang='lat' dir='ltr'><strong>xu,</strong></span> <span class='ocrx_word' id='word_1_678' title='bbox 1906 4706 1997 4772; x_wconf 73' lang='lat' dir='ltr'><strong>ii;</strong></span> <span class='ocrx_word' id='word_1_679' title='bbox 2045 4704 2090 4758; x_wconf 90' lang='lat' dir='ltr'><strong>ll</strong></span> <span class='ocrx_word' id='word_1_680' title='bbox 2147 4705 2327 4760; x_wconf 85' lang='lat' dir='ltr'><strong>Paral.</strong></span> <span class='ocrx_word' id='word_1_681' title='bbox 2380 4720 2477 4773; x_wconf 84' lang='lat' dir='ltr'><strong>vn,</strong></span> <span class='ocrx_word' id='word_1_682' title='bbox 2535 4704 2623 4759; x_wconf 78' lang='lat' dir='ltr'><strong>l2.</strong></span> <span class='ocrx_word' id='word_1_683' title='bbox 2702 4704 2749 4737; x_wconf 70' lang='grc'><strong>⁸⁸</strong></span> <span class='ocrx_word' id='word_1_684' title='bbox 2790 4704 2981 4761; x_wconf 78' lang='lat' dir='ltr'><strong>Matth.</strong></span> <span class='ocrx_word' id='word_1_685' title='bbox 3040 4722 3118 4772; x_wconf 79' lang='lat' dir='ltr'><strong>ix,</strong></span> <span class='ocrx_word' id='word_1_686' title='bbox 3177 4707 3261 4773; x_wconf 71' lang='lat'><strong>15;</strong></span> <span class='ocrx_word' id='word_1_687' title='bbox 3311 4720 3412 4770; x_wconf 79' lang='lat' dir='ltr'><strong>xu,</strong></span> <span class='ocrx_word' id='word_1_688' title='bbox 3464 4707 3519 4761; x_wconf 85' lang='lat'><strong>7.</strong></span> 
     </span>
    </p>
   </div>
   <div class='ocr_carea' id='block_1_95' title="bbox 252 4768 1215 4841">
    <p class='ocr_par' dir='ltr' id='par_1_95' title="bbox 252 4768 1215 4841">
     <span class='ocr_line' id='line_1_95' title="bbox 252 4768 1215 4841; baseline 0.007 -19"><span class='ocrx_word' id='word_1_689' title='bbox 252 4770 301 4801; x_wconf 86' lang='grc'><strong>⁸⁵</strong></span> <span class='ocrx_word' id='word_1_690' title='bbox 338 4768 528 4825; x_wconf 81' lang='lat' dir='ltr'><strong>Matth.</strong></span> <span class='ocrx_word' id='word_1_691' title='bbox 556 4788 704 4838; x_wconf 73' lang='lat' dir='ltr'><strong>xxnv,</strong></span> <span class='ocrx_word' id='word_1_692' title='bbox 729 4773 803 4841; x_wconf 98' lang='lat'><strong>2;</strong></span> <span class='ocrx_word' id='word_1_693' title='bbox 830 4768 964 4830; x_wconf 82' lang='lat' dir='ltr'><strong>Luc.</strong></span> <span class='ocrx_word' id='word_1_694' title='bbox 985 4791 1100 4840; x_wconf 74' lang='lat' dir='ltr'><strong>nx,</strong></span> <span class='ocrx_word' id='word_1_695' title='bbox 1125 4775 1215 4829; x_wconf 77' lang='grc'><strong>44.</strong></span> 
     </span>
    </p>
   </div>
   <div class='ocr_carea' id='block_1_96' title="bbox 1305 4774 2152 4843">
    <p class='ocr_par' dir='ltr' id='par_1_96' title="bbox 1305 4774 2152 4843">
     <span class='ocr_line' id='line_1_96' title="bbox 1305 4774 2152 4843; baseline 0.004 -15"><span class='ocrx_word' id='word_1_696' title='bbox 1305 4775 1350 4807; x_wconf 67' lang='grc'><strong>⁸⁸</strong></span> <span class='ocrx_word' id='word_1_697' title='bbox 1382 4774 1542 4832; x_wconf 88' lang='lat' dir='ltr'><strong>Deut.</strong></span> <span class='ocrx_word' id='word_1_698' title='bbox 1571 4794 1723 4841; x_wconf 73' lang='lat' dir='ltr'><strong>xm,</strong></span> <span class='ocrx_word' id='word_1_699' title='bbox 1756 4792 1929 4843; x_wconf 63' lang='grc' dir='ltr'><strong>χχχιι,</strong></span> <span class='ocrx_word' id='word_1_700' title='bbox 1969 4792 2152 4831; x_wconf 71' lang='lat' dir='ltr'><strong>xxxuv.</strong></span> 
     </span>
    </p>
   </div>
   <div class='ocr_carea' id='block_1_97' title="bbox 2249 4772 3446 4845">
    <p class='ocr_par' dir='ltr' id='par_1_97' title="bbox 2249 4772 3446 4845">
     <span class='ocr_line' id='line_1_97' title="bbox 2249 4772 3446 4845; baseline 0.007 -20"><span class='ocrx_word' id='word_1_701' title='bbox 2249 4777 2294 4807; x_wconf 74' lang='grc'><strong>⁸⁷</strong></span> <span class='ocrx_word' id='word_1_702' title='bbox 2338 4774 2354 4827; x_wconf 96' lang='lat' dir='ltr'><strong>l</strong></span> <span class='ocrx_word' id='word_1_703' title='bbox 2385 4772 2517 4845; x_wconf 77' lang='lat' dir='ltr'><strong>Reg.</strong></span> <span class='ocrx_word' id='word_1_704' title='bbox 2545 4788 2663 4830; x_wconf 82' lang='lat' dir='ltr'><strong>viil.</strong></span> <span class='ocrx_word' id='word_1_705' title='bbox 2745 4776 2791 4808; x_wconf 81' lang='grc'><strong>⁸⁸</strong></span> <span class='ocrx_word' id='word_1_706' title='bbox 2830 4775 3018 4831; x_wconf 84' lang='lat' dir='ltr'><strong>Matth.</strong></span> <span class='ocrx_word' id='word_1_707' title='bbox 3050 4793 3126 4843; x_wconf 78' lang='lat' dir='ltr'><strong>ix;</strong></span> <span class='ocrx_word' id='word_1_708' title='bbox 3156 4772 3316 4833; x_wconf 82' lang='lat' dir='ltr'><strong>Joan.</strong></span> <span class='ocrx_word' id='word_1_709' title='bbox 3351 4795 3446 4833; x_wconf 85' lang='lat' dir='ltr'><strong>vn.</strong></span> 
     </span>
    </p>
   </div>
   <div class='ocr_carea' id='block_1_98' title="bbox 1555 4949 2213 5008">
    <p class='ocr_par' dir='ltr' id='par_1_98' title="bbox 1555 4949 2213 5008">
     <span class='ocr_line' id='line_1_98' title="bbox 1555 4949 2213 5008; baseline -0.002 -2"><span class='ocrx_word' id='word_1_710' title='bbox 1555 4949 1922 5006; x_wconf 82' lang='lat' dir='ltr'><strong>COTELEBII</strong></span> <span class='ocrx_word' id='word_1_711' title='bbox 1981 4951 2119 5008; x_wconf 87' lang='lat' dir='ltr'><strong>NOT</strong></span> <span class='ocrx_word' id='word_1_712' title='bbox 2125 4951 2213 5006; x_wconf 66' lang='lat' dir='ltr'><strong>1E.</strong></span> 
     </span>
    </p>
   </div>
   <div class='ocr_carea' id='block_1_99' title="bbox 251 5102 1831 5179">
    <p class='ocr_par' dir='ltr' id='par_1_99' title="bbox 251 5102 1831 5179">
     <span class='ocr_line' id='line_1_99' title="bbox 251 5102 1831 5179; baseline 0.001 -18"><span class='ocrx_word' id='word_1_713' title='bbox 251 5105 500 5179; x_wconf 47' lang='grc' dir='ltr'><strong>ἀνῆλθεν-</strong></span> <span class='ocrx_word' id='word_1_714' title='bbox 515 5102 816 5179; x_wconf 55' lang='grc' dir='ltr'><strong>ὲκτύπωμᾳ</strong></span> <span class='ocrx_word' id='word_1_715' title='bbox 848 5105 1164 5179; x_wconf 71' lang='grc' dir='ltr'><strong>βουκράνου.</strong></span> <span class='ocrx_word' id='word_1_716' title='bbox 1203 5106 1257 5161; x_wconf 92' lang='lat' dir='ltr'><strong>Id</strong></span> <span class='ocrx_word' id='word_1_717' title='bbox 1288 5116 1371 5163; x_wconf 85' lang='lat' dir='ltr'><strong>est</strong></span> <span class='ocrx_word' id='word_1_718' title='bbox 1399 5126 1413 5162; x_wconf 87' lang='lat'><strong>:</strong></span> <span class='ocrx_word' id='word_1_719' title='bbox 1445 5105 1568 5161; x_wconf 84' lang='lat' dir='ltr'><strong>Non</strong></span> <span class='ocrx_word' id='word_1_720' title='bbox 1592 5110 1729 5162; x_wconf 88' lang='lat' dir='ltr'><strong>enim</strong></span> <span class='ocrx_word' id='word_1_721' title='bbox 1760 5109 1831 5179; x_wconf 80' lang='lat' dir='ltr'><strong>fe-</strong></span> 
     </span>
    </p>
   </div>
   <div class='ocr_carea' id='block_1_100' title="bbox 253 5175 1830 5243">
    <p class='ocr_par' dir='ltr' id='par_1_100' title="bbox 253 5175 1830 5243">
     <span class='ocr_line' id='line_1_100' title="bbox 253 5175 1830 5243; baseline 0.001 -12"><span class='ocrx_word' id='word_1_722' title='bbox 253 5175 440 5231; x_wconf 81' lang='lat' dir='ltr'><strong>cerunt</strong></span> <span class='ocrx_word' id='word_1_723' title='bbox 465 5175 635 5239; x_wconf 74' lang='lat' dir='ltr'><strong>Iovis,</strong></span> <span class='ocrx_word' id='word_1_724' title='bbox 663 5185 755 5229; x_wconf 86' lang='lat' dir='ltr'><strong>aut</strong></span> <span class='ocrx_word' id='word_1_725' title='bbox 785 5177 941 5243; x_wconf 82' lang='lat' dir='ltr'><strong>hujus</strong></span> <span class='ocrx_word' id='word_1_726' title='bbox 969 5175 1173 5231; x_wconf 83' lang='lat' dir='ltr'><strong>illiusve</strong></span> <span class='ocrx_word' id='word_1_727' title='bbox 1202 5180 1568 5237; x_wconf 86' lang='lat' dir='ltr'><strong>simulacrum.</strong></span> <span class='ocrx_word' id='word_1_728' title='bbox 1593 5180 1683 5233; x_wconf 82' lang='lat' dir='ltr'><strong>sed</strong></span> <span class='ocrx_word' id='word_1_729' title='bbox 1709 5175 1830 5232; x_wconf 85' lang='lat' dir='ltr'><strong>abs-</strong></span> 
     </span>
    </p>
   </div>
   <div class='ocr_carea' id='block_1_101' title="bbox 252 5247 1831 5318">
    <p class='ocr_par' dir='ltr' id='par_1_101' title="bbox 252 5247 1831 5318">
     <span class='ocr_line' id='line_1_101' title="bbox 252 5247 1831 5318; baseline 0.002 -20"><span class='ocrx_word' id='word_1_730' title='bbox 252 5262 357 5317; x_wconf 82' lang='lat' dir='ltr'><strong>que</strong></span> <span class='ocrx_word' id='word_1_731' title='bbox 389 5257 536 5318; x_wconf 67' lang='lat' dir='ltr'><strong>certo</strong></span> <span class='ocrx_word' id='word_1_732' title='bbox 566 5247 785 5300; x_wconf 79' lang='lat' dir='ltr'><strong>consilio</strong></span> <span class='ocrx_word' id='word_1_733' title='bbox 808 5263 1020 5318; x_wconf 75' lang='lat' dir='ltr'><strong>aurum</strong></span> <span class='ocrx_word' id='word_1_734' title='bbox 1051 5248 1303 5301; x_wconf 74' lang='lat' dir='ltr'><strong>dederunt</strong></span> <span class='ocrx_word' id='word_1_735' title='bbox 1344 5258 1399 5301; x_wconf 88' lang='lat' dir='ltr'><strong>ut</strong></span> <span class='ocrx_word' id='word_1_736' title='bbox 1442 5252 1587 5318; x_wconf 80' lang='lat' dir='ltr'><strong>ﬁeret</strong></span> <span class='ocrx_word' id='word_1_737' title='bbox 1632 5251 1831 5303; x_wconf 82' lang='lat' dir='ltr'><strong>idolum</strong></span> 
     </span>
    </p>
   </div>
   <div class='ocr_carea' id='block_1_102' title="bbox 253 5316 1832 5398">
    <p class='ocr_par' dir='ltr' id='par_1_102' title="bbox 253 5316 1832 5398">
     <span class='ocr_line' id='line_1_102' title="bbox 253 5316 1832 5398; baseline 0.004 -30"><span class='ocrx_word' id='word_1_738' title='bbox 253 5316 601 5398; x_wconf 70' lang='lat' dir='ltr'><strong>quodcunque</strong></span> <span class='ocrx_word' id='word_1_739' title='bbox 619 5334 733 5371; x_wconf 91' lang='lat' dir='ltr'><strong>sors</strong></span> <span class='ocrx_word' id='word_1_740' title='bbox 763 5316 1071 5381; x_wconf 85' lang='lat' dir='ltr'><strong>obtulisset;</strong></span> <span class='ocrx_word' id='word_1_741' title='bbox 1103 5328 1257 5388; x_wconf 82' lang='lat' dir='ltr'><strong>atque</strong></span> <span class='ocrx_word' id='word_1_742' title='bbox 1281 5319 1355 5372; x_wconf 78' lang='lat' dir='ltr'><strong>ita</strong></span> <span class='ocrx_word' id='word_1_743' title='bbox 1385 5316 1510 5372; x_wconf 72' lang='lat' dir='ltr'><strong>exiit</strong></span> <span class='ocrx_word' id='word_1_744' title='bbox 1544 5320 1715 5374; x_wconf 79' lang='lat' dir='ltr'><strong>bovini</strong></span> <span class='ocrx_word' id='word_1_745' title='bbox 1742 5337 1832 5373; x_wconf 89' lang='lat' dir='ltr'><strong>ca-</strong></span> 
     </span>
    </p>
   </div>
   <div class='ocr_carea' id='block_1_103' title="bbox 289 5397 619 5442">
    <p class='ocr_par' dir='ltr' id='par_1_103' title="bbox 289 5397 619 5442">
     <span class='ocr_line' id='line_1_103' title="bbox 289 5397 619 5442; baseline 0.012 -4"><span class='ocrx_word' id='word_1_746' title='bbox 289 5397 381 5439; x_wconf 77' lang='lat' dir='ltr'><strong>uis</strong></span> <span class='ocrx_word' id='word_1_747' title='bbox 409 5397 619 5442; x_wconf 72' lang='lat' dir='ltr'><strong>emines.</strong></span> 
     </span>
    </p>
   </div>
   <div class='ocr_carea' id='block_1_104' title="bbox 250 5388 1831 5528">
    <p class='ocr_par' dir='ltr' id='par_1_104' title="bbox 250 5388 1831 5528">
     <span class='ocr_line' id='line_1_104' title="bbox 250 5388 619 5509; baseline 0.011 -72"><span class='ocrx_word' id='word_1_748' title='bbox 250 5388 381 5455; x_wconf 87' lang='lat' dir='ltr'><strong>pitis</strong></span> <span class='ocrx_word' id='word_1_749' title='bbox 409 5388 619 5509; x_wconf 49' lang='lat' dir='ltr'><strong>elﬁgies.</strong></span> 
     </span>
     <span class='ocr_line' id='line_1_105' title="bbox 258 5456 1831 5528; baseline 0.002 -18"><span class='ocrx_word' id='word_1_750' title='bbox 258 5527 265 5528; x_wconf 14' lang='grc' dir='ltr'>ί</span> <span class='ocrx_word' id='word_1_751' title='bbox 330 5456 479 5528; x_wconf 54' lang='grc'><strong>(58)-</strong></span> <span class='ocrx_word' id='word_1_752' title='bbox 534 5457 820 5528; x_wconf 85' lang='lat' dir='ltr'><strong>rophetam_</strong></span> <span class='ocrx_word' id='word_1_753' title='bbox 839 5456 981 5511; x_wconf 79' lang='lat' dir='ltr'><strong>vobis</strong></span> <span class='ocrx_word' id='word_1_754' title='bbox 1004 5459 1302 5521; x_wconf 86' lang='lat' dir='ltr'><strong>suscitabit,</strong></span> <span class='ocrx_word' id='word_1_755' title='bbox 1331 5468 1437 5514; x_wconf 91' lang='lat' dir='ltr'><strong>etc.</strong></span> <span class='ocrx_word' id='word_1_756' title='bbox 1464 5459 1631 5515; x_wconf 82' lang='lat' dir='ltr'><strong>Recte</strong></span> <span class='ocrx_word' id='word_1_757' title='bbox 1656 5477 1831 5515; x_wconf 79' lang='lat' dir='ltr'><strong>mem-</strong></span> 
     </span>
    </p>
   </div>
   <div class='ocr_carea' id='block_1_105' title="bbox 251 5525 1837 5599">
    <p class='ocr_par' dir='ltr' id='par_1_105' title="bbox 251 5525 1837 5599">
     <span class='ocr_line' id='line_1_106' title="bbox 251 5525 1837 5599; baseline 0.002 -18"><span class='ocrx_word' id='word_1_758' title='bbox 251 5525 443 5582; x_wconf 63' lang='lat' dir='ltr'><strong>bratur:</strong></span> <span class='ocrx_word' id='word_1_759' title='bbox 454 5526 633 5597; x_wconf 75' lang='lat' dir='ltr'><strong>Regia:</strong></span> <span class='ocrx_word' id='word_1_760' title='bbox 647 5538 697 5583; x_wconf 88' lang='lat' dir='ltr'><strong>et</strong></span> <span class='ocrx_word' id='word_1_761' title='bbox 711 5528 771 5583; x_wconf 83' lang='lat' dir='ltr'><strong>P.</strong></span> <span class='ocrx_word' id='word_1_762' title='bbox 794 5525 974 5593; x_wconf 84' lang='lat' dir='ltr'><strong>Petiti,</strong></span> <span class='ocrx_word' id='word_1_763' title='bbox 993 5545 1130 5598; x_wconf 86' lang='lat' dir='ltr'><strong>quas</strong></span> <span class='ocrx_word' id='word_1_764' title='bbox 1148 5546 1258 5599; x_wconf 63' lang='lat' dir='ltr'><strong>prie</strong></span> <span class='ocrx_word' id='word_1_765' title='bbox 1276 5532 1451 5585; x_wconf 87' lang='lat' dir='ltr'><strong>oculis</strong></span> <span class='ocrx_word' id='word_1_766' title='bbox 1475 5533 1647 5584; x_wconf 77' lang='lat' dir='ltr'><strong>habeo</strong></span> <span class='ocrx_word' id='word_1_767' title='bbox 1667 5547 1679 5582; x_wconf 93' lang='lat'>:</span> <span class='ocrx_word' id='word_1_768' title='bbox 1700 5531 1837 5585; x_wconf 80' lang='lat' dir='ltr'><strong>Dens</strong></span> 
     </span>
    </p>
   </div>
   <div class='ocr_carea' id='block_1_106' title="bbox 253 5599 1833 5666">
    <p class='ocr_par' dir='ltr' id='par_1_106' title="bbox 253 5599 1833 5666">
     <span class='ocr_line' id='line_1_107' title="bbox 253 5599 1833 5666; baseline 0.004 -15"><span class='ocrx_word' id='word_1_769' title='bbox 253 5606 425 5666; x_wconf 71' lang='lat' dir='ltr'><strong>vester</strong></span> <span class='ocrx_word' id='word_1_770' title='bbox 448 5599 586 5651; x_wconf 84' lang='lat' dir='ltr'><strong>sicut</strong></span> <span class='ocrx_word' id='word_1_771' title='bbox 623 5616 700 5653; x_wconf 88' lang='lat' dir='ltr'><strong>me</strong></span> <span class='ocrx_word' id='word_1_772' title='bbox 725 5613 745 5653; x_wconf 90' lang='lat'><strong><em>:</em></strong></span> <span class='ocrx_word' id='word_1_773' title='bbox 787 5599 958 5666; x_wconf 85' lang='lat' dir='ltr'><strong>ipsum</strong></span> <span class='ocrx_word' id='word_1_774' title='bbox 984 5600 1164 5654; x_wconf 85' lang='lat' dir='ltr'><strong>audite</strong></span> <span class='ocrx_word' id='word_1_775' title='bbox 1182 5600 1466 5655; x_wconf 85' lang='lat' dir='ltr'><strong>secundum</strong></span> <span class='ocrx_word' id='word_1_776' title='bbox 1498 5602 1693 5664; x_wconf 85' lang='lat' dir='ltr'><strong>omnia,</strong></span> <span class='ocrx_word' id='word_1_777' title='bbox 1726 5611 1833 5657; x_wconf 77' lang='lat' dir='ltr'><strong>etc.</strong></span> 
     </span>
    </p>
   </div>
   <div class='ocr_carea' id='block_1_107' title="bbox 255 5664 1837 5741">
    <p class='ocr_par' dir='ltr' id='par_1_107' title="bbox 255 5664 1837 5741">
     <span class='ocr_line' id='line_1_108' title="bbox 255 5664 1837 5741; baseline 0.001 -19"><span class='ocrx_word' id='word_1_778' title='bbox 255 5667 325 5741; x_wconf 77' lang='lat' dir='ltr'><strong>in</strong></span> <span class='ocrx_word' id='word_1_779' title='bbox 341 5664 600 5741; x_wconf 76' lang='lat' dir='ltr'><strong>Chronico</strong></span> <span class='ocrx_word' id='word_1_780' title='bbox 616 5664 922 5741; x_wconf 11' lang='lat' dir='ltr'><strong>R‘aderiano</strong></span> <span class='ocrx_word' id='word_1_781' title='bbox 935 5684 1033 5741; x_wconf 82' lang='lat' dir='ltr'><strong>seu</strong></span> <span class='ocrx_word' id='word_1_782' title='bbox 1050 5670 1442 5741; x_wconf 62' lang='lat' dir='ltr'><strong>Alexandrino,</strong></span> <span class='ocrx_word' id='word_1_783' title='bbox 1463 5688 1512 5741; x_wconf 92' lang='lat' dir='ltr'><strong>p.</strong></span> <span class='ocrx_word' id='word_1_784' title='bbox 1532 5673 1634 5725; x_wconf 76' lang='lat'><strong>180</strong></span> <span class='ocrx_word' id='word_1_785' title='bbox 1658 5690 1671 5724; x_wconf 86' lang='lat'><strong>:</strong></span> <span class='ocrx_word' id='word_1_786' title='bbox 1697 5673 1837 5741; x_wconf 62' lang='grc' dir='ltr'><strong>Προι</strong></span> 
     </span>
    </p>
   </div>
   <div class='ocr_carea' id='block_1_108' title="bbox 254 5732 1832 5815">
    <p class='ocr_par' dir='ltr' id='par_1_108' title="bbox 254 5732 1832 5815">
     <span class='ocr_line' id='line_1_109' title="bbox 254 5732 1832 5815; baseline 0.003 -25"><span class='ocrx_word' id='word_1_787' title='bbox 254 5738 441 5815; x_wconf 57' lang='grc' dir='ltr'><strong>φῄτηγ</strong></span> <span class='ocrx_word' id='word_1_788' title='bbox 472 5740 609 5815; x_wconf 42' lang='grc' dir='ltr'><strong>ὑμῖν.</strong></span> <span class='ocrx_word' id='word_1_789' title='bbox 647 5739 937 5815; x_wconf 20' lang='grc' dir='ltr'><strong>ἁγᾳστῄσεᾼι</strong></span> <span class='ocrx_word' id='word_1_790' title='bbox 980 5732 1183 5815; x_wconf 59' lang='grc' dir='ltr'><strong>Κύριᾳς</strong></span> <span class='ocrx_word' id='word_1_791' title='bbox 1221 5744 1249 5795; x_wconf 83' lang='grc' dir='ltr'>ὁ</span> <span class='ocrx_word' id='word_1_792' title='bbox 1283 5732 1505 5815; x_wconf 59' lang='lat' dir='ltr'><strong>8st»,-</strong></span> <span class='ocrx_word' id='word_1_793' title='bbox 1534 5732 1832 5815; x_wconf 21' lang='grc' dir='ltr'><strong>τῶνη</strong></span> 
     </span>
    </p>
   </div>
   <div class='ocr_carea' id='block_1_109' title="bbox 254 5806 1831 5879">
    <p class='ocr_par' dir='ltr' id='par_1_109' title="bbox 254 5806 1831 5879">
     <span class='ocr_line' id='line_1_110' title="bbox 254 5806 1831 5879; baseline 0.003 -21"><span class='ocrx_word' id='word_1_794' title='bbox 254 5806 376 5877; x_wconf 63' lang='grc' dir='ltr'>ᾠῶν</span> <span class='ocrx_word' id='word_1_795' title='bbox 398 5806 483 5871; x_wconf 76' lang='grc' dir='ltr'>ὡς</span> <span class='ocrx_word' id='word_1_796' title='bbox 512 5806 632 5879; x_wconf 72' lang='grc' dir='ltr'><strong>ἐμὲ.</strong></span> <span class='ocrx_word' id='word_1_797' title='bbox 681 5806 855 5863; x_wconf 70' lang='grc' dir='ltr'>Αὑτοῦ</span> <span class='ocrx_word' id='word_1_798' title='bbox 901 5806 1194 5864; x_wconf 73' lang='grc' dir='ltr'>ἀκούσὲσθε</span> <span class='ocrx_word' id='word_1_799' title='bbox 1227 5811 1365 5865; x_wconf 68' lang='grc' dir='ltr'><strong>κατὰ</strong></span> <span class='ocrx_word' id='word_1_800' title='bbox 1399 5812 1603 5877; x_wconf 78' lang='grc' dir='ltr'><strong>πάντα,</strong></span> <span class='ocrx_word' id='word_1_801' title='bbox 1635 5813 1733 5865; x_wconf 72' lang='grc' dir='ltr'><strong>ὅσα</strong></span> <span class='ocrx_word' id='word_1_802' title='bbox 1766 5811 1831 5864; x_wconf 79' lang='grc' dir='ltr'>ἂν</span> 
     </span>
    </p>
   </div>
   <div class='ocr_carea' id='block_1_110' title="bbox 1938 5109 3517 5183">
    <p class='ocr_par' dir='ltr' id='par_1_110' title="bbox 1938 5109 3517 5183">
     <span class='ocr_line' id='line_1_111' title="bbox 1938 5109 3517 5183; baseline 0.002 -21"><span class='ocrx_word' id='word_1_803' title='bbox 1938 5110 2067 5183; x_wconf 58' lang='lat' dir='ltr'><strong>sirm</strong></span> <span class='ocrx_word' id='word_1_804' title='bbox 2082 5110 2217 5180; x_wconf 82' lang='grc' dir='ltr'>πρὸς</span> <span class='ocrx_word' id='word_1_805' title='bbox 2230 5109 2264 5183; x_wconf 15' lang='grc' dir='ltr'><strong>νύ</strong></span> <span class='ocrx_word' id='word_1_806' title='bbox 2272 5113 2397 5179; x_wconf 82' lang='grc' dir='ltr'><strong>μᾶς.</strong></span> <span class='ocrx_word' id='word_1_807' title='bbox 2414 5112 2604 5183; x_wconf 81' lang='grc' dir='ltr'><strong>Ἔσται</strong></span> <span class='ocrx_word' id='word_1_808' title='bbox 2622 5111 2700 5183; x_wconf 63' lang='grc' dir='ltr'><strong>δὲ,</strong></span> <span class='ocrx_word' id='word_1_809' title='bbox 2724 5114 2872 5183; x_wconf 68' lang='grc' dir='ltr'><strong>πᾶσα</strong></span> <span class='ocrx_word' id='word_1_810' title='bbox 2886 5111 3053 5183; x_wconf 73' lang='grc' dir='ltr'>ψυχὴ,</span> <span class='ocrx_word' id='word_1_811' title='bbox 3074 5112 3196 5182; x_wconf 77' lang='grc' dir='ltr'>ἥτις</span> <span class='ocrx_word' id='word_1_812' title='bbox 3211 5109 3311 5165; x_wconf 74' lang='grc' dir='ltr'>οὐκ</span> <span class='ocrx_word' id='word_1_813' title='bbox 3328 5110 3517 5183; x_wconf 59' lang='lat' dir='ltr'><strong>ditatis:</strong></span> 
     </span>
    </p>
   </div>
   <div class='ocr_carea' id='block_1_111' title="bbox 1939 5180 3519 5252">
    <p class='ocr_par' dir='ltr' id='par_1_111' title="bbox 1939 5180 3519 5252">
     <span class='ocr_line' id='line_1_112' title="bbox 1939 5180 3519 5252; baseline 0.004 -21"><span class='ocrx_word' id='word_1_814' title='bbox 1939 5180 2341 5252; x_wconf 47' lang='grc' dir='ltr'><strong>τᾳῦίπροφήτου</strong></span> <span class='ocrx_word' id='word_1_815' title='bbox 2371 5182 2597 5246; x_wconf 75' lang='grc' dir='ltr'><strong>ἐκείνου,</strong></span> <span class='ocrx_word' id='word_1_816' title='bbox 2628 5180 3133 5252; x_wconf 67' lang='grc' dir='ltr'><strong>ὲξολοθρεύθήὸὲτάι</strong></span> <span class='ocrx_word' id='word_1_817' title='bbox 3164 5184 3228 5235; x_wconf 84' lang='grc' dir='ltr'>ἐκ</span> <span class='ocrx_word' id='word_1_818' title='bbox 3260 5181 3353 5234; x_wconf 82' lang='grc' dir='ltr'><strong>τοῦ</strong></span> <span class='ocrx_word' id='word_1_819' title='bbox 3385 5182 3519 5238; x_wconf 75' lang='grc' dir='ltr'><strong>λαοῦ</strong></span> 
     </span>
    </p>
   </div>
   <div class='ocr_carea' id='block_1_112' title="bbox 1939 5250 3518 5374">
    <p class='ocr_par' dir='ltr' id='par_1_112' title="bbox 1939 5250 3518 5374">
     <span class='ocr_line' id='line_1_113' title="bbox 1939 5250 3518 5323; baseline 0.004 -20"><span class='ocrx_word' id='word_1_820' title='bbox 1939 5250 2126 5321; x_wconf 65' lang='grc' dir='ltr'><strong>αὑτῆςζ</strong></span> <span class='ocrx_word' id='word_1_821' title='bbox 2173 5250 2462 5307; x_wconf 82' lang='lat' dir='ltr'><strong>versiones</strong></span> <span class='ocrx_word' id='word_1_822' title='bbox 2486 5256 2648 5306; x_wconf 83' lang='lat' dir='ltr'><strong>etiam</strong></span> <span class='ocrx_word' id='word_1_823' title='bbox 2689 5250 2913 5323; x_wconf 82' lang='lat' dir='ltr'><strong>Syriaca</strong></span> <span class='ocrx_word' id='word_1_824' title='bbox 2955 5250 3009 5306; x_wconf 82' lang='lat' dir='ltr'><strong>et</strong></span> <span class='ocrx_word' id='word_1_825' title='bbox 3043 5252 3277 5307; x_wconf 83' lang='lat' dir='ltr'><strong>Arabica</strong></span> <span class='ocrx_word' id='word_1_826' title='bbox 3316 5267 3518 5322; x_wconf 88' lang='lat' dir='ltr'><strong>agnos-</strong></span> 
     </span>
     <span class='ocr_line' id='line_1_114' title="bbox 1939 5319 2547 5374; baseline 0 0"><span class='ocrx_word' id='word_1_827' title='bbox 1939 5330 2091 5374; x_wconf 88' lang='lat' dir='ltr'><strong>cunt.</strong></span> <span class='ocrx_word' id='word_1_828' title='bbox 2117 5319 2180 5373; x_wconf 88' lang='lat' dir='ltr'><strong>de</strong></span> <span class='ocrx_word' id='word_1_829' title='bbox 2212 5322 2404 5374; x_wconf 80' lang='lat' dir='ltr'><strong>novulo</strong></span> <span class='ocrx_word' id='word_1_830' title='bbox 2430 5338 2547 5374; x_wconf 88' lang='lat' dir='ltr'><strong>suo.</strong></span> 
     </span>
    </p>
   </div>
   <div class='ocr_carea' id='block_1_113' title="bbox 1938 5336 2547 5377">
    <p class='ocr_par' dir='ltr' id='par_1_113' title="bbox 1938 5336 2547 5377">
     <span class='ocr_line' id='line_1_115' title="bbox 1938 5336 2547 5377; baseline 0.005 -3"><span class='ocrx_word' id='word_1_831' title='bbox 1938 5336 2091 5377; x_wconf 74' lang='grc' dir='ltr'>(ιιιηι.</span> <span class='ocrx_word' id='word_1_832' title='bbox 2117 5336 2180 5373; x_wconf 88' lang='lat' dir='ltr'><strong>ae</strong></span> <span class='ocrx_word' id='word_1_833' title='bbox 2212 5336 2404 5377; x_wconf 74' lang='lat' dir='ltr'><strong>novato</strong></span> <span class='ocrx_word' id='word_1_834' title='bbox 2430 5338 2547 5377; x_wconf 76' lang='grc' dir='ltr'>διιο.</span> 
     </span>
    </p>
   </div>
   <div class='ocr_carea' id='block_1_114' title="bbox 2010 5339 3512 5462">
    <p class='ocr_par' dir='ltr' id='par_1_114' title="bbox 2010 5339 3512 5462">
     <span class='ocr_line' id='line_1_116' title="bbox 2013 5339 2547 5390; baseline 0.009 -19"><span class='ocrx_word' id='word_1_835' title='bbox 2013 5339 2091 5377; x_wconf 84' lang='grc' dir='ltr'>ιιι.</span> <span class='ocrx_word' id='word_1_836' title='bbox 2117 5339 2180 5373; x_wconf 88' lang='lat' dir='ltr'><strong>ae</strong></span> <span class='ocrx_word' id='word_1_837' title='bbox 2248 5339 2404 5390; x_wconf 83' lang='lat' dir='ltr'><strong>oputo</strong></span> <span class='ocrx_word' id='word_1_838' title='bbox 2430 5339 2547 5377; x_wconf 89' lang='lat' dir='ltr'><strong>suo.</strong></span> 
     </span>
     <span class='ocr_line' id='line_1_117' title="bbox 2010 5339 3512 5462; baseline 0.001 -18"><span class='ocrx_word' id='word_1_839' title='bbox 2010 5391 2124 5460; x_wconf 77' lang='lat'><strong>(39)</strong></span> <span class='ocrx_word' id='word_1_840' title='bbox 2169 5339 2283 5444; x_wconf 46' lang='lat' dir='ltr'><strong>[ilhc</strong></span> <span class='ocrx_word' id='word_1_841' title='bbox 2303 5394 2517 5461; x_wconf 84' lang='lat' dir='ltr'><strong>ponitur</strong></span> <span class='ocrx_word' id='word_1_842' title='bbox 2545 5392 2749 5447; x_wconf 82' lang='lat' dir='ltr'><strong>evidens</strong></span> <span class='ocrx_word' id='word_1_843' title='bbox 2782 5392 2959 5461; x_wconf 87' lang='lat' dir='ltr'><strong>magni</strong></span> <span class='ocrx_word' id='word_1_844' title='bbox 2982 5392 3217 5462; x_wconf 78' lang='lat' dir='ltr'><strong>mysterii</strong></span> <span class='ocrx_word' id='word_1_845' title='bbox 3239 5391 3395 5459; x_wconf 83' lang='lat' dir='ltr'><strong>hujus</strong></span> <span class='ocrx_word' id='word_1_846' title='bbox 3423 5392 3512 5445; x_wconf 84' lang='lat' dir='ltr'><strong>in-</strong></span> 
     </span>
    </p>
   </div>
   <div class='ocr_carea' id='block_1_115' title="bbox 1940 5456 3513 5530">
    <p class='ocr_par' dir='ltr' id='par_1_115' title="bbox 1940 5456 3513 5530">
     <span class='ocr_line' id='line_1_118' title="bbox 1940 5456 3513 5530; baseline 0.003 -18"><span class='ocrx_word' id='word_1_847' title='bbox 1940 5456 2161 5521; x_wconf 68' lang='lat' dir='ltr'><strong>dicium,</strong></span> <span class='ocrx_word' id='word_1_848' title='bbox 2198 5456 2312 5516; x_wconf 68' lang='lat' dir='ltr'><strong>etc.</strong></span> <span class='ocrx_word' id='word_1_849' title='bbox 2343 5462 2399 5516; x_wconf 90' lang='lat' dir='ltr'><strong>Si</strong></span> <span class='ocrx_word' id='word_1_850' title='bbox 2431 5464 2521 5516; x_wconf 91' lang='lat' dir='ltr'><strong>cui</strong></span> <span class='ocrx_word' id='word_1_851' title='bbox 2555 5465 2655 5518; x_wconf 90' lang='lat' dir='ltr'><strong>ista</strong></span> <span class='ocrx_word' id='word_1_852' title='bbox 2692 5471 2822 5518; x_wconf 84' lang='lat' dir='ltr'><strong>sunt</strong></span> <span class='ocrx_word' id='word_1_853' title='bbox 2852 5456 3087 5516; x_wconf 59' lang='lat' dir='ltr'><strong>6bscni7a</strong></span> <span class='ocrx_word' id='word_1_854' title='bbox 3113 5501 3128 5524; x_wconf 89' lang='lat'><strong>,</strong></span> <span class='ocrx_word' id='word_1_855' title='bbox 3168 5456 3315 5530; x_wconf 75' lang='lat' dir='ltr'><strong>legat</strong></span> <span class='ocrx_word' id='word_1_856' title='bbox 3341 5462 3513 5517; x_wconf 81' lang='lat' dir='ltr'><strong>Euse-</strong></span> 
     </span>
    </p>
   </div>
   <div class='ocr_carea' id='block_1_116' title="bbox 1942 5530 3509 5604">
    <p class='ocr_par' dir='ltr' id='par_1_116' title="bbox 1942 5530 3509 5604">
     <span class='ocr_line' id='line_1_119' title="bbox 1942 5530 3509 5604; baseline 0.003 -21"><span class='ocrx_word' id='word_1_857' title='bbox 1942 5530 2273 5604; x_wconf 62' lang='lat' dir='ltr'><strong>bium,ﬂist.</strong></span> <span class='ocrx_word' id='word_1_858' title='bbox 2311 5534 2401 5586; x_wconf 91' lang='lat' dir='ltr'><strong>lib.</strong></span> <span class='ocrx_word' id='word_1_859' title='bbox 2427 5535 2739 5604; x_wconf 83' lang='lat' dir='ltr'><strong>m,cap.5;</strong></span> <span class='ocrx_word' id='word_1_860' title='bbox 2778 5532 3164 5604; x_wconf 69' lang='lat' dir='ltr'><strong>Epiphanium,</strong></span> <span class='ocrx_word' id='word_1_861' title='bbox 3202 5534 3390 5586; x_wconf 58' lang='lat' dir='ltr'><strong>haeresi</strong></span> <span class='ocrx_word' id='word_1_862' title='bbox 3417 5531 3509 5598; x_wconf 83' lang='lat'><strong>29,</strong></span> 
     </span>
    </p>
   </div>
   <div class='ocr_carea' id='block_1_117' title="bbox 1940 5602 3515 5669">
    <p class='ocr_par' dir='ltr' id='par_1_117' title="bbox 1940 5602 3515 5669">
     <span class='ocr_line' id='line_1_120' title="bbox 1940 5602 3515 5669; baseline 0.003 -17"><span class='ocrx_word' id='word_1_863' title='bbox 1940 5615 2092 5654; x_wconf 87' lang='lat' dir='ltr'><strong>num.</strong></span> <span class='ocrx_word' id='word_1_864' title='bbox 2133 5602 2182 5667; x_wconf 90' lang='lat'><strong>7;</strong></span> <span class='ocrx_word' id='word_1_865' title='bbox 2215 5602 2342 5669; x_wconf 62' lang='lat' dir='ltr'><strong>iper.</strong></span> <span class='ocrx_word' id='word_1_866' title='bbox 2377 5604 2467 5664; x_wconf 79' lang='lat'><strong>50,</strong></span> <span class='ocrx_word' id='word_1_867' title='bbox 2496 5602 2646 5657; x_wconf 75' lang='lat' dir='ltr'><strong>nunt.</strong></span> <span class='ocrx_word' id='word_1_868' title='bbox 2680 5606 2746 5667; x_wconf 85' lang='lat'><strong>2;</strong></span> <span class='ocrx_word' id='word_1_869' title='bbox 2784 5602 2903 5656; x_wconf 89' lang='lat' dir='ltr'><strong>Lib.</strong></span> <span class='ocrx_word' id='word_1_870' title='bbox 2952 5605 3018 5655; x_wconf 86' lang='lat' dir='ltr'><strong>de</strong></span> <span class='ocrx_word' id='word_1_871' title='bbox 3054 5618 3216 5655; x_wconf 87' lang='lat' dir='ltr'><strong>mens.</strong></span> <span class='ocrx_word' id='word_1_872' title='bbox 3248 5612 3295 5653; x_wconf 83' lang='lat' dir='ltr'><strong>et</strong></span> <span class='ocrx_word' id='word_1_873' title='bbox 3323 5605 3515 5669; x_wconf 16' lang='lat' dir='ltr'><strong>ponit...</strong></span> 
     </span>
    </p>
   </div>
   <div class='ocr_carea' id='block_1_118' title="bbox 1938 5670 3512 5743">
    <p class='ocr_par' dir='ltr' id='par_1_118' title="bbox 1938 5670 3512 5743">
     <span class='ocr_line' id='line_1_121' title="bbox 1938 5670 3512 5743; baseline 0.003 -22"><span class='ocrx_word' id='word_1_874' title='bbox 1938 5686 2057 5740; x_wconf 90' lang='lat' dir='ltr'><strong>cap.</strong></span> <span class='ocrx_word' id='word_1_875' title='bbox 2091 5671 2176 5743; x_wconf 77' lang='lat' dir='ltr'><strong>l5;</strong></span> <span class='ocrx_word' id='word_1_876' title='bbox 2209 5670 2598 5743; x_wconf 78' lang='lat' dir='ltr'><strong>Thcodoritum</strong></span> <span class='ocrx_word' id='word_1_877' title='bbox 2627 5674 2692 5727; x_wconf 88' lang='lat' dir='ltr'><strong>ad</strong></span> <span class='ocrx_word' id='word_1_878' title='bbox 2722 5672 2997 5727; x_wconf 77' lang='lat' dir='ltr'><strong>Zacharia:</strong></span> <span class='ocrx_word' id='word_1_879' title='bbox 3026 5688 3136 5737; x_wconf 80' lang='lat' dir='ltr'><strong>x.v,</strong></span> <span class='ocrx_word' id='word_1_880' title='bbox 3164 5672 3218 5738; x_wconf 88' lang='lat'><strong>2;</strong></span> <span class='ocrx_word' id='word_1_881' title='bbox 3245 5670 3512 5743; x_wconf 76' lang='lat' dir='ltr'><strong>Nicepho-</strong></span> 
     </span>
    </p>
   </div>
   <div class='ocr_carea' id='block_1_119' title="bbox 1937 5742 3511 5809">
    <p class='ocr_par' dir='ltr' id='par_1_119' title="bbox 1937 5742 3511 5809">
     <span class='ocr_line' id='line_1_122' title="bbox 1937 5742 3511 5809; baseline 0.004 -17"><span class='ocrx_word' id='word_1_882' title='bbox 1937 5756 2078 5803; x_wconf 85' lang='lat' dir='ltr'><strong>rum,</strong></span> <span class='ocrx_word' id='word_1_883' title='bbox 2135 5742 2467 5807; x_wconf 73' lang='lat' dir='ltr'><strong>Ceilrenum,</strong></span> <span class='ocrx_word' id='word_1_884' title='bbox 2529 5742 2864 5809; x_wconf 85' lang='lat' dir='ltr'><strong>Freculfum,</strong></span> <span class='ocrx_word' id='word_1_885' title='bbox 2919 5751 3029 5798; x_wconf 90' lang='lat' dir='ltr'><strong>etc.</strong></span> <span class='ocrx_word' id='word_1_886' title='bbox 3084 5744 3170 5798; x_wconf 82' lang='lat' dir='ltr'><strong>Ah</strong></span> <span class='ocrx_word' id='word_1_887' title='bbox 3212 5744 3279 5798; x_wconf 90' lang='lat' dir='ltr'><strong>iis</strong></span> <span class='ocrx_word' id='word_1_888' title='bbox 3329 5742 3511 5799; x_wconf 79' lang='lat' dir='ltr'><strong>lucem</strong></span> 
     </span>
    </p>
   </div>
   <div class='ocr_carea' id='block_1_120' title="bbox 1934 5821 2100 5881">
    <p class='ocr_par' dir='ltr' id='par_1_120' title="bbox 1934 5821 2100 5881">
     <span class='ocr_line' id='line_1_123' title="bbox 1934 5821 2100 5881; baseline 0 -15"><span class='ocrx_word' id='word_1_889' title='bbox 1934 5821 2100 5881; x_wconf 81' lang='lat' dir='ltr'><strong>petat.</strong></span> 
     </span>
    </p>
   </div>
  </div>
