3890 6192
390 293 526 351 “Si

1248 294 1302 350 S.
1342 293 1740 352 CLEMENTIS
1772 294 1792 349 I
1827 293 1995 354 ROM.
2031 296 2237 354 PONT.
2278 296 2508 355 OPERA
2542 297 2767 355 DUBIA.

3528 303 3677 360 I333

392 419 589 461 uniues
632 419 772 476 pene
815 406 981 462 simul
1030 406 1234 478 impius
1284 422 1441 464 error
1492 408 1818 465 iuvolveret.
1869 408 1983 465 Nos
2012 433 2059 491 Α
2089 411 2305 478 locum,
2359 428 2523 483 quem
2574 428 2684 469 non
2729 422 2958 484 potuere
3006 424 3384 486 resurgentem
3436 422 3678 483 mnam,

387 513 522 570 ergo
550 498 759 569 primos
788 500 953 571 elegit
998 498 1291 555 duodecim
1337 501 1442 557 sibi
1487 502 1811 568 credentes,
1842 517 1987 572 quos

396 593 684 664 apostolos
727 594 1035 647 nominavit
1066 593 1134 658 θ’,
1174 593 1526 663 postmodum
1575 594 1714 650 alios
1764 602 1990 665 septua-

390 685 542 755 ginta
570 684 713 740 duos
744 686 859 755 (40)
905 686 1331 756 probatissimos
1374 684 1681 756 discipulos
1713 685 1783 751 ",
1814 694 1875 741 ut
1903 686 1988 740 vel

391 776 497 832 hoc
526 776 689 832 modo
715 777 993 847 recognita
1053 776 1292 847 imagine
1325 775 1532 848 Moysis
1558 777 1810 833 crederet
1839 777 1986 832 mul-

390 869 559 925 titudc
599 870 669 935 ",
702 871 832 941 quia
864 871 955 925 hic
984 878 1070 927 est
1090 912 1105 938 ,
1135 887 1297 942 quem
1330 871 1582 941 praedixit
1613 871 1827 943 Moyses
1856 887 1989 927 ven-

389 968 578 1017 turum
609 964 934 1033 prophetam
965 964 1037 1021 ".

460 1054 599 1111 XLI.
644 1054 753 1111 Sed
781 1055 1036 1111 fortassis
1062 1056 1209 1111 dicat
1236 1056 1440 1127 aliquis
1460 1098 1477 1123 ,
1502 1057 1631 1127 quia
1655 1056 1858 1111 imitari
1883 1073 1989 1112 nu—

390 1164 602 1204 merum
631 1148 945 1219 cuicunque
977 1150 1246 1219 possibile
1278 1157 1363 1204 est
1390 1168 1406 1217 ;
1441 1156 1496 1203 ct
1524 1148 1658 1219 quid
1704 1148 1773 1203 de
1814 1149 1990 1219 signis

389 1249 445 1297 et
494 1242 798 1297 virtutibus
856 1242 1046 1307 dicet,
1098 1258 1220 1312 quae
1275 1243 1380 1298 iste
1438 1241 1720 1298 faciebat?
1776 1241 1987 1297 Etenim

391 1332 606 1407 Moyses
633 1335 867 1390 virtutes
899 1344 954 1388 et
984 1336 1257 1391 sanitates
1296 1334 1505 1391 fecerat
1537 1335 1595 1389 in
1641 1334 1899 1407 Egypto.
1936 1334 1988 1391 Is

390 1441 613 1497 quoque
634 1465 651 1491 ,
686 1442 852 1498 quem
886 1428 1003 1497 ipse
1033 1427 1290 1498 praedixit
1320 1426 1465 1482 sicut
1494 1442 1554 1482 se
1585 1427 1768 1497 ipsum
1801 1441 1990 1483 surre-

390 1529 612 1574 cturum
644 1520 970 1591 pr0phetam
990 1561 1004 1583 ,
1037 1535 1163 1575 cum
1192 1535 1411 1575 omnem
1440 1520 1761 1591 languorem
1788 1526 1845 1575 et
1867 1534 1991 1575 om-

393 1621 517 1661 nem
548 1606 921 1663 inﬁrmitatem
953 1619 1173 1664 curaret
1205 1607 1260 1662 in
1291 1609 1484 1678 plebe,
1512 1609 1748 1665 virtutes
1778 1607 1987 1666 faceret

392 1696 717 1755 innumeras
737 1738 754 1764 ,
790 1700 956 1753 vitam
992 1701 1402 1771 evangelizaret
1434 1708 1696 1756 aeternam
1718 1741 1733 1762 ,
1781 1701 1851 1755 ab
1881 1701 1988 1755 im-

2086 521 2304 576 magum
2339 506 2633 573 dicebant;
2666 506 2759 560 alii
2790 506 3067 561 ﬁnxerunt
3096 506 3340 565 furatum
3372 507 3440 563 ".

2160 596 2341 652 XLIII.
2385 596 2773 653 Verumtamen
2806 599 3009 654 veritas
3039 599 3243 668 ubique
3270 600 3555 655 vincebat.
3592 600 3682 656 Ad

2088 689 2353 745 indicium
2376 691 2523 746 enim
2549 731 2562 753 ,
2589 690 2736 761 quod
2760 691 2875 745 haec
2905 690 3091 745 divina
3115 691 3317 746 virtute
3346 703 3678 759 agerentur,

2086 794 2190 834 nos
2230 780 2324 849 qui
2369 779 2653 835 fueramus
2698 780 3054 849 paucissimi,
3102 797 3369 852 processu
3394 778 3677 847 dierum,

2087 872 2420 942 astipulante
2460 872 2596 937 Deo,
2625 874 2797 927 multo
2840 876 3028 944 plures
3071 889 3237 945 quam
3285 875 3363 928 illi
3393 875 3683 930 efﬁcieba-

2087 973 2233 1021 mur,
2272 959 2346 1012 ita
2389 968 2447 1013 ut
2491 960 2787 1030 aliquando
2828 962 3276 1031 pertimescerent
3316 964 3681 1027 sacerdotes,

2092 1065 2161 1103 ne
2184 1047 2323 1104 forte
2355 1066 2453 1121 per
2476 1050 2568 1105 Dei
2594 1052 2991 1121 providentiam
3022 1056 3089 1108 ad
3114 1053 3498 1109 confusionem
3525 1056 3682 1125 ipso-

2088 1156 2248 1205 rum,
2295 1142 2351 1196 in
2409 1142 2570 1198 ﬁdem
2622 1153 2869 1199 nostram
2916 1145 3207 1202 universus
3250 1148 3490 1217 papulas
3538 1156 3680 1202 cen-

2090 1235 2306 1289 veniret
2331 1252 2347 1302 ;
2382 1234 2701 1306 frequenter
2731 1237 3014 1294 mittentes
3044 1238 3112 1293 ad
3144 1254 3245 1295 nos
3276 1240 3581 1310 rogabant,
3619 1247 3684 1293 ut

2088 1327 2171 1382 eis
2204 1327 2271 1382 de
2318 1326 2449 1384 Jesu
2491 1329 2927 1394 dissereremus,
2965 1332 3013 1386 si
3063 1331 3181 1402 ipse
3220 1341 3367 1387 esset
3401 1332 3683 1402 propheta

2088 1435 2250 1491 quem
2275 1419 2491 1492 Moyses
2517 1422 2773 1493 praedixit
2798 1463 2813 1487 ,
2838 1426 2932 1495 qui
2959 1431 3042 1480 est
3066 1424 3319 1480 Christus
3338 1432 3585 1479 aeternus
3604 1422 3683 1477 ⁸⁷.

2090 1512 2168 1568 De
2200 1512 2305 1568 hoc
2330 1515 2477 1569 enim
2511 1515 2631 1570 solo
2662 1515 2825 1569 nobis
2854 1516 2949 1587 qui
2976 1516 3312 1572 credidimus
3354 1517 3407 1569 in
3443 1514 3642 1571 Jesum
3665 1555 3683 1580 ,

2089 1606 2383 1664 adversum
2428 1624 2540 1662 non
2586 1608 2878 1665 credentes
2908 1608 3130 1665 Iudaeos
3159 1608 3380 1664 videtur
3410 1625 3538 1664 esse
3568 1608 3689 1663 dif-

2090 1702 2344 1757 ferentia.
2378 1699 2580 1757 Verum
2627 1717 2753 1757 cum
2802 1703 3116 1773 frequenter
3156 1717 3321 1772 super
3365 1703 3472 1757 hoc
3516 1717 3689 1771 roga-

393 1792 501 1862 piis
530 1800 692 1847 actus
719 1798 805 1847 est
840 1791 896 1845 in
927 1807 1149 1847 crucem
1178 1811 1195 1859 ;
1229 1792 1377 1864 quod
1410 1800 1596 1848 tamen
1630 1793 1838 1848 factum
1868 1794 1984 1848 vir-
2017 1789 2059 1849 Β
2090 1802 2249 1860 rent,
2297 1810 2400 1850 nos
2449 1802 2631 1850 autem
2682 1803 3056 1866 opportunum
3102 1803 3317 1864 tempus
3368 1794 3689 1865 requirere-

392 1891 511 1939 tute
554 1885 678 1954 ejus
716 1900 1044 1939 conversum
1080 1893 1165 1939 est
1209 1885 1263 1939 in
1308 1884 1534 1939 bonum.
1587 1884 1832 1955 Denique
1860 1900 1986 1939 cum

393 1984 700 2047 pateretur,
734 1977 916 2032 omnis
948 1978 997 2032 ei
1028 1992 1359 2047 compassus
1400 1988 1487 2033 est
1528 1978 1816 2045 mundus;
1861 1992 1989 2032 nam

392 2076 450 2125 et
479 2069 563 2124 sol
593 2068 927 2124 obscuratus
956 2077 1079 2133 est,
1114 2078 1444 2140 montesque
1490 2069 1729 2140 disrupti
1751 2109 1766 2134 ,
1799 2076 1855 2125 et
1903 2083 1993 2124 se-

396 2161 590 2232 pulcra
619 2160 895 2231 patefacta
928 2169 1088 2225 sunt,
1115 2162 1296 2217 velum
1325 2163 1514 2233 templi
1541 2164 1778 2218 scissum
1808 2170 1893 2218 est
1918 2162 1989 2227 ”,

392 2256 544 2310 velut
578 2256 888 2311 lamentans
915 2256 1187 2311 excidium
1221 2255 1343 2310 loco
1373 2255 1687 2311 imminens.
1715 2254 1782 2309 Et
1806 2262 1991 2309 tamen

394 2362 522 2403 cum
551 2348 739 2403 omnis
769 2347 1009 2404 mundus
1036 2356 1349 2404 commotus
1379 2348 1489 2413 sit,
1524 2349 1629 2418 ipsi
1673 2349 1993 2403 etiamnunc

396 2439 466 2493 ad
498 2440 920 2511 inquisitionem
953 2448 1238 2496 tantarum
1271 2456 1457 2497 rerum
1489 2442 1809 2498 nullatenus
1837 2456 1994 2496 com-

398 2542 717 2588 ιηονεηιιιτ.

465 2625 625 2683 XLII.
657 2626 859 2682 Verum
890 2628 1153 2698 quoniam
1227 2630 1605 2685 necessarium
1646 2635 1770 2684 erat
1826 2635 1889 2683 ut
1927 2628 1985 2683 in

396 2720 578 2775 locum
612 2736 807 2775 eorum
833 2722 928 2792 qui
960 2720 1229 2776 increduli
1264 2721 1695 2792 permanebant,
1727 2735 1995 2777 vocaren-

394 2820 488 2866 tur
518 2821 706 2883 gentes
729 2854 745 2878 ,
776 2820 837 2867 ut
869 2814 1177 2883 repleretur
1212 2814 1303 2869 ille
1333 2829 1601 2869 numerus
1633 2813 1728 2883 qui
1758 2812 1990 2867 demon-

395 2913 605 2961 stratus
646 2904 826 2960 fuerat
868 2904 1103 2960 Abrahae
1158 2905 1226 2971 “,
1271 2906 1512 2959 mittitur
1561 2905 1616 2959 in
1669 2906 1993 2961 universum

398 2997 664 3051 mundum
692 2999 954 3056 salutaris
984 2999 1135 3070 regni
1164 2998 1259 3054 Dei
1289 2999 1627 3070 praedicatio.
1653 2998 1994 3054 Perturban-

395 3095 488 3142 tur
516 3089 590 3143 ob
621 3088 724 3144 hoc
754 3088 1022 3144 mundani
1054 3090 1286 3161 spiritus
1312 3130 1326 3155 ,
1360 3091 1452 3161 qui
1502 3092 1811 3146 libertatem
1841 3106 1992 3162 qua-

395 3180 653 3236 rentibus
683 3196 903 3252 semper
932 3181 1247 3247 obsistunt,
1275 3190 1331 3237 et
1362 3183 1430 3237 ad
1462 3182 1856 3239 destruendam
1892 3182 1989 3237 Dei

396 3271 817 3329 aedificationem
845 3289 1098 3329 errorum
1144 3274 1432 3331 machinas
1464 3285 1755 3346 quaerunt,
1788 3276 1995 3347 quibus

396 3363 485 3425 hi.
519 3364 613 3434 qui
665 3365 733 3419 ad
779 3366 979 3422 salutis
1025 3373 1080 3421 et
1123 3367 1397 3423 libertatis
1448 3368 1679 3439 gloriam
1724 3368 1989 3432 tendunt,

398 3454 738 3512 obsistentes
770 3464 827 3511 et
857 3472 1061 3527 agones
1095 3458 1387 3514 adversum
1433 3475 1531 3515 eos
1574 3475 1683 3514 non
1730 3460 1995 3516 minimos

396 3546 735 3604 desudantes
760 3590 776 3613 ,
810 3548 1070 3606 fortiores
1098 3550 1321 3614 effecti,
1371 3550 1440 3605 ad
1488 3552 1687 3607 salutis
1728 3565 1990 3606 coronam

397 3641 625 3695 veniant
654 3657 762 3696 non
799 3642 921 3697 sine
950 3643 1131 3715 palma
1164 3644 1430 3699 victoriae.
1464 3643 1688 3700 Interim
1719 3660 1845 3700 cum
1876 3661 2001 3716 pas-

396 3748 494 3788 sus
525 3740 710 3798 esset,
746 3742 799 3788 et
829 3735 898 3788 ab
930 3735 1070 3789 hora
1102 3744 1257 3791 sexta
1290 3753 1465 3807 usque
1497 3738 1564 3792 ad
1595 3754 1795 3793 nonam
1832 3755 1995 3795 mun-

396 3823 525 3878 dum
557 3825 797 3880 tenebrae
823 3828 1156 3896 pressissent
1178 3829 1247 3893 ",
1276 3829 1391 3885 sole
1416 3829 1630 3886 reddito
1655 3845 1719 3885 ac
1742 3831 1906 3886 rebus
1934 3831 1989 3886 in

405 3915 658 3971 ordinem
692 3918 997 3982 restitutis,
1029 3921 1196 3975 etiam
1242 3921 1493 3978 homines
1535 3938 1772 3994 nequam
1816 3924 1884 3979 ad
1930 3939 1990 3980 se

396 4016 562 4080 atque
594 4009 662 4063 ad
695 4026 876 4065 mores
908 4028 1039 4068 suos
1071 4021 1218 4068 metu
1250 4028 1505 4071 cessante
1544 4016 1783 4087 regressi
1828 4024 1981 4072 sunt.

396 4099 533 4155 Nam
562 4100 783 4171 quidam
819 4118 1009 4157 eorum
1039 4118 1163 4159 cum
1196 4104 1345 4160 omni
1392 4106 1643 4161 custodia
1694 4116 1982 4164 servantes

459 4256 514 4290 ⁸⁹·
538 4257 728 4316 Matth.
756 4277 812 4316 ι.
890 4262 934 4294 ⁸ο
972 4260 1103 4317 Luc.
1137 4279 1194 4318 ι.

399 4343 491 4395 xv;
528 4329 649 4384 Act.
686 4348 803 4386 xm.
897 4333 945 4364 ’⁸
982 4332 1171 4387 Matth.
1206 4350 1380 4399 xxvn,
1412 4338 1503 4394 45.

1289 4265 1331 4298 ⁹¹
1370 4263 1535 4324 Νιιηι.
1567 4281 1642 4329 xt.
1686 4266 1775 4321 I6.
1853 4269 1899 4303 ’ί
1938 4266 2003 4322 Ile

2095 4310 2097 4318 ,
2135 4282 2294 4328 svnt,
2328 4266 2415 4321 I5.
2493 4263 2541 4297 ”
2580 4262 2772 4317 Matth.
2804 4276 2979 4326 xxvn,
3011 4260 3101 4325 45,
3134 4259 3227 4323 51,
3263 4257 3357 4314 52.

1580 4338 1626 4369 "
1668 4339 1857 4393 Matth.
1892 4354 2087 4402 xxvnl,
2125 4338 2214 4392 I3.
2292 4338 2335 4369 °"
2373 4334 2531 4391 Joan.
2567 4351 2667 4399 xu,
2700 4333 2791 4389 54.

2093 1901 2248 1950 mus,
2278 1886 2580 1955 septimana
2606 1885 2720 1956 jam
2754 1903 2862 1941 una
2892 1902 2958 1941 ex
2990 1886 3243 1956 passione
3275 1884 3495 1939 Domini
3527 1900 3691 1939 com-

2092 1978 2344 2049 plebatur
2372 1993 2642 2034 annorum
2665 2018 2681 2044 ,
2716 1979 2953 2035 ecclesia
2986 1978 3198 2033 Domini
3244 1979 3297 2031 in
3332 1976 3691 2032 Hierusalem

2091 2071 2393 2127 constituta
2420 2070 2806 2141 copiosissime
2841 2070 3206 2141 multiplicata
3253 2069 3544 2124 crescebat
3586 2084 3691 2138 per

2091 2164 2358 2220 Jacobum
2384 2205 2398 2229 ,
2432 2165 2527 2236 qui
2559 2180 2590 2219 a
2623 2163 2857 2219 Domino
2899 2164 3185 2219 ordinatus
3216 2171 3298 2219 est
3343 2163 3400 2216 in
3441 2177 3511 2217 ea
3554 2163 3685 2233 epio

2094 2272 2297 2327 scopus
2318 2297 2332 2319 ,
2365 2257 2693 2313 rectissimis
2723 2256 3229 2325 dispensationibus
3255 2255 3593 2324 gubernata.

2164 2347 2352 2403 XLIV.
2390 2348 2529 2403 Cum
2580 2358 2767 2403 autem
2822 2363 2924 2403 nos
2973 2346 3265 2401 duodecim
3320 2346 3567 2416 apostoli
3618 2346 3687 2400 ad

2094 2439 2240 2496 diem
2290 2438 2513 2496 Pascha:
2552 2454 2679 2494 cum
2732 2440 2945 2511 ingenti
2986 2437 3346 2494 multitudine
3389 2438 3691 2494 conveniv

2095 2550 2316 2600 scmus,
2367 2534 2602 2606 ingressi
2660 2535 2951 2591 ecclesiam
3008 2533 3240 2589 fratrum
3293 2534 3694 2605 unusquisque

2093 2637 2348 2683 nostrum
2368 2670 2383 2693 ,
2414 2627 2618 2684 Iacobo
2642 2628 3021 2698 interrogante
3048 2642 3171 2697 quae
3192 2642 3222 2679 a
3249 2627 3412 2682 nobis
3438 2643 3542 2697 per
3568 2627 3691 2683 loca

2096 2720 2311 2791 singula
2342 2730 2500 2791 gesta
2534 2722 2680 2783 sint,
2711 2720 2974 2775 audiente
3004 2720 3207 2790 popqu
3242 2719 3490 2774 breviter
3518 2734 3692 2790 expo-

2095 2815 2299 2869 nimus.
2336 2812 2394 2866 In
2425 2813 2629 2883 quibus
2663 2811 2904 2881 Caiphas
2939 2809 3183 2881 pontifex
3207 2850 3223 2875 ,
3255 2810 3449 2865 missis
3480 2811 3549 2864 ad
3588 2826 3693 2866 nos

2094 2906 2511 2970 sacerdotibus,
2545 2914 2704 2976 rogat
2736 2906 2925 2959 venire
2974 2903 3042 2958 ad
3084 2919 3175 2968 se,
3223 2912 3285 2956 ut
3332 2910 3427 2957 aut
3472 2906 3695 2958 ratione

2094 2998 2393 3055 doceamus
2422 3013 2549 3053 eum
2571 3037 2588 3063 ,
2622 2998 2752 3069 quia
2783 2997 2948 3053 Jesus
2977 3007 3219 3053 attemus
3259 3006 3348 3053 est
3390 2997 3687 3059 Christus,

2095 3099 2190 3146 aut
2221 3091 2340 3162 ipse
2371 3106 2475 3146 nos
2504 3091 2734 3155 doceat,
2768 3092 2897 3160 quia
2930 3107 3041 3145 non
3082 3099 3195 3157 est,
3241 3104 3352 3161 quo
3382 3090 3439 3143 in
3478 3098 3693 3144 utram-

2096 3185 2227 3240 libet
2268 3183 2431 3239 fidem
2478 3185 2774 3239 universus
2817 3185 3055 3254 populus
3098 3182 3469 3249 conveniret;
3500 3192 3552 3237 et
3582 3181 3690 3235 hoc

2093 3276 2274 3332 facere
2306 3292 2407 3331 nos
2436 3274 2752 3347 frequenter
2779 3285 2995 3329 exorat.
3027 3273 3138 3329 Nos
3166 3288 3299 3329 vero
3325 3288 3480 3344 saepe
3506 3272 3693 3329 distu—

2092 3370 2257 3425 limus
2278 3410 2291 3433 ,
2328 3378 2545 3438 tempus
2578 3382 2793 3438 semper
2832 3367 3194 3436 opportunius
3222 3366 3594 3436 requirentes.
3624 3364 3691 3418 Et

2093 3477 2194 3532 ego
2224 3459 2480 3516 Clemens
2514 3458 2775 3530 respondi
2810 3459 2877 3512 ad
2922 3459 3067 3513 hoc:
3116 3456 3258 3513 Puto
3294 3458 3445 3528 quod
3485 3467 3543 3512 et
3584 3457 3691 3511 hoc

2095 3551 2276 3621 ipsum
2329 3550 2476 3620 quod
2528 3555 2815 3621 quaeritur,
2864 3560 3051 3604 utrum
3106 3550 3223 3619 ipse
3267 3549 3342 3605 sit
3386 3547 3689 3612 Christus,

2096 3644 2331 3697 multum
2358 3642 2533 3713 prosit
2565 3642 2631 3696 ad
2662 3642 2785 3697 ﬁdei
2820 3642 3090 3696 rationem
3124 3641 3236 3712 (41)
3260 3680 3276 3705 ,
3308 3641 3523 3710 alioqui
3553 3656 3694 3695 nun-

2092 3752 2257 3807 quam
2292 3736 2538 3807 pontifex
2573 3749 2675 3806 pro
2708 3734 2813 3789 hoc
2843 3742 2954 3787 tam
2985 3732 3304 3802 frequenter
3330 3741 3594 3802 rogaret,
3628 3740 3690 3787 ut

2092 3829 2160 3885 de
2188 3829 2413 3885 Christo
2442 3830 2529 3885 vel
2563 3828 2801 3883 disceret
2826 3826 2911 3880 vel
2936 3825 3180 3879 doceret.
3207 3822 3273 3878 Et
3302 3822 3511 3880 Petrus
3542 3844 3555 3878 :
3588 3823 3689 3879 Rc-

2092 3928 2179 3975 cte
2206 3920 2547 3990 respondisti
2576 3958 2592 3984 ,
2623 3934 2656 3972 o
2682 3917 2962 3972 Clemens.
2995 3913 3151 3970 Sicut
3182 3917 3331 3970 enim
3365 3916 3490 3971 sine
3511 3916 3689 3970 oculis

2092 4028 2321 4067 cernere
2354 4026 2517 4067 nemo
2549 4017 2768 4081 potest,
2804 4022 2908 4063 nec
2939 4008 3060 4062 sine
3089 4006 3318 4061 auribus
3348 4021 3553 4077 capere
3588 4022 3687 4060 au-

2092 4105 2303 4169 ditum,
2333 4105 2417 4159 vel
2447 4104 2659 4174 absque
2699 4102 2933 4156 naribus
2973 4098 3301 4163 odoratum,
3345 4110 3529 4167 neque
3568 4099 3693 4154 sine

3460 4256 3510 4288 οι
3546 4254 3700 4312 θαι..

1700 4512 2068 4570 COTELERII
2128 4512 2363 4571 ΝΟΤΕ.

474 4684 589 4755 (40)
625 4684 878 4756 Septuag.
902 4685 1414 4743 duos.Varialectio
1436 4684 1640 4746 Luc.x,
1664 4686 1809 4749 I,I7,
1843 4685 1986 4754 apud
2021 4700 2062 4754 D
2092 4686 2424 4749 cionemﬁl;
2443 4685 2703 4751 Eusebio,
2729 4684 3300 4756 Demonstr._evangel,.
3324 4684 3421 4739 lib.
3448 4701 3536 4746 ιιι,
3558 4700 3678 4756 cap.

401 4754 625 4811 Graecos
650 4754 704 4811 et
734 4754 980 4828 Latinos,
1006 4758 1377 4828 ἑϐδομήκοντα
1394 4765 1447 4811 et
1468 4756 1839 4828 é669p.l;xovta
1869 4758 1983 4822 δύο,

398 4835 515 4896 lxx,
554 4833 623 4896 et,
644 4845 815 4883 uxn.
852 4826 1042 4882 Verum
1065 4826 1336 4894 quoniam,
1363 4826 1815 4896 inquitOrigenes
1838 4828 1984 4882 hom.

397 4896 490 4959 27,
507 4895 560 4950 in
583 4895 871 4968 Numeros,
895 4916 996 4951 mm
1014 4898 1184 4951 solum
1210 4895 1622 4968 illosduddecim
1642 4895 1791 4968 elegit
1816 4898 1991 4952 Domi-

398 4982 498 5021 nus
516 4976 565 5021 et
593 4966 841 5021 Salvator
863 4979 1062 5031 noster,
1100 4968 1189 5021 sed
1220 4978 1268 5021 et
1296 4967 1431 5021 alios
1458 4966 1789 5038 septuaginta
1829 4968 1984 5032 duos;

398 5038 601 5108 Idcirco
629 5054 733 5090 non
758 5038 929 5091 solum
965 5038 1243 5091 duodecim
1270 5038 1461 5106 fontes,
1480 5038 1568 5091 sed
1586 5041 1986 5108 etseptuaginta

397 5107 521 5163 dua:
550 5108 765 5162 arbores
790 5109 1096 5162 scribuntur
1119 5126 1231 5164 esse
1264 5110 1587 5177 palatorum.
1623 5108 1686 5161 lit
1729 5107 1916 5164 honiil.
1955 5109 1985 5161 7

402 5180 455 5231 in
492 5176 738 5249 Exodurr.
774 5199 786 5232 :
822 5178 906 5233 lbi
927 5180 1087 5233 etiant
1129 5176 1343 5234 arbores
1375 5181 1697 5248 reperientur
1726 5197 1829 5233 ιλιι
1871 5181 1986 5249 pal-

400 5265 633 5303 marum.
685 5248 809 5303 Non
857 5251 997 5303 enim
1041 5251 1144 5304 soli
1190 5266 1267 5304 xu
1316 5250 1542 5319 apostoli
1586 5252 1744 5315 [idem
1783 5248 1983 5305 Christi

400 5319 841 5389 prwdicaveruut,
876 5321 965 5373 sed
986 5331 1035 5374 et
1068 5321 1162 5374 alii
1186 5336 1292 5374 ιιι
1325 5320 1559 5374 missiad
1583 5321 1984 5388 pra'dicandum

400 5391 613 5462 verbum
634 5390 726 5445 Dei
740 5391 1057 5462 referuntur,
1064 5406 1154 5460 per
1169 5408 1299 5462 quos
1316 5393 1522 5462 palmas
1536 5393 1769 5446 victoria:
1786 5390 1989 5446 Christi

401 5459 633 5532 mundus
663 5459 989 5532 agnosceret.
1030 5460 1123 5516 Sic
1157 5459 1393 5531 a'pud'S.
1428 5462 1815 5532 Augustinum,
1850 5471 1984 5518 tom.

533 5528 739 5585 Auctor
770 5531 958 5614 Qperis
981 5528 1425 5614 de‘mirabilibus
1470 5528 1640 5614 “sacrm
1674 5528 1985 5614 Scriptura,

406 5601 501 5657 lib.
536 5618 575 5666 ι,
608 5617 730 5673 cap.
773 5602 827 5660 9.
868 5606 1081 5657 confert
1112 5618 1238 5658 cum
1273 5618 1425 5674 Lnn
1452 5603 1740 5674 discipulis
1774 5601 1990 5673 linguas

354 5714 358 5719 .
403 5685 557 5727 usu
616 5672 768 5727 ortas
806 5688 835 5725 a
867 5688 1019 5728 Luu
1060 5675 1198 5729 viris
1236 5674 1304 5729 ad
1347 5672 1762 5729 aedificationem
1818 5672 1991 5730 turris

408 5738 753 5814 Babyloniae
781 5745 1148 5814 congregatis,
1183 5754 1236 5800 et
1265 5759 1413 5798 Lm!
1440 5745 1689 5799 seniores
1718 5760 1815 5814 per
1839 5743 1991 5814 Moy-

411 5812 533 5865 scm'
559 5812 765 5868 electos
798 5831 811 5867 :
847 5812 973 5870 cum
996 5812 1035 5868 ‘a
1073 5813 1431 5882 Tertulliano,
1468 5812 1801 5890 inadversus
1840 5812 1993 5870 Mar-

2093 4758 2148 4823 2;
2183 4758 2415 4812 Eusebio
2443 4773 2506 4811 ac
2539 4756 2874 4825 Theophane
2907 4757 2961 4809 in
2999 4754 3202 4810 Catena
3240 4755 3553 4809 Graacorum
3581 4754 3686 4810 Pa-

2096 4838 2236 4881 trum
2271 4829 2339 4881 ad
2368 4827 2595 4892 Lucam;
2617 4829 2884 4897 Gregorio
2914 4826 3189 4897 Nysseno,
3216 4826 3287 4880 De
3338 4825 3464 4879 l’ita
3495 4826 3684 4894 Hosis,

2092 4915 2147 4968 p.
2182 4900 2307 4963 915;
2345 4897 2699 4968 Ilicronymo,
2719 4896 2879 4967 epist.
2913 4896 3223 4968 127μιιιιιιι.
3246 4896 3299 4959 6,
3329 4897 3566 4967 aliisque
3595 4913 3684 4952 re-

2092 4966 2435 5025 centioribus
2462 5010 2475 5031 ,
2514 4966 2567 5022 in
2610 4966 2836 5038 figuram
2880 4984 2984 5021 ut
3033 4966 3437 5036 discipulorum
3480 4966 3685 5038 ponan-

2092 5048 2185 5093 tur
2226 5056 2329 5094 Lxx
2376 5041 2624 5096 seniores
2666 5038 2975 5100 lsraelitici,
3021 5054 3125 5092 ιλιι
3157 5039 3353 5107 ρειιιιιίε
3402 5039 3473 5092 ad
3522 5038 3683 5103 Etim,

2091 5121 2144 5165 et
2175 5128 2275 5165 ιιι
2311 5111 2563 5165 nationes
2588 5126 2617 5163 a
2650 5125 2755 5163 Lxx
2786 5110 3021 5179 posteris
3056 5107 3169 5162 Noe
3205 5109 3478 5164 ducentes
3519 5110 3688 5180 origi~

2086 5197 2234 5236 nem.
2273 5180 2448 5234 pOI‘I‘O
2477 5196 2741 5235 numerus
2774 5195 2925 5234 LXXII
2981 5196 3078 5249 per
3110 5194 3403 5233 numerum
3441 5196 3550 5234 ιιι
3594 5197 3689 5235 ει·-

2086 5254 2248 5321 primi
2278 5261 2474 5321 potest,
2508 5261 2568 5305 ut
2589 5252 2796 5306 dictum
2824 5250 2927 5305 fuit
2957 5248 3026 5305 ad
3054 5248 3271 5303 Hei-mw
3296 5265 3337 5315 ι,
3365 5249 3418 5317 3,
3444 5266 3559 5305 non
3588 5265 3689 5304 au-

2089 5332 2196 5378 tem
2230 5339 2334 5376 Lxx
2370 5338 2466 5391 per
2498 5337 2673 5377 Lxxn.

2160 5394 2272 5463 (41)
2320 5388 2472 5447 Fidei
2499 5394 2781 5447 rationem.
2810 5390 3076 5445 Codicum
3116 5388 3436 5463 Sorbonici,
3464 5389 3685 5447 Thuani

2089 5473 2144 5520 et
2172 5462 2589 5526 Candeleriani,
2624 5474 2711 5518 est
2751 5462 3158 5531 πιστοποίησιν,
3196 5476 3228 5514 a
3272 5462 3445 5531 verbo
3498 5479 3687 5516 πιστο-

2093 5537 2266 5589 ποιεῖν
2299 5532 2835 5603 θιῖπιστοποιείσθαι,
2880 5548 2992 5603 quo
3019 5529 3250 5585 utuntur
3287 5529 3485 5603 Ignatii
3518 5534 3685 5587 inter.

2095 5606 2312 5675 polator
2348 5602 2529 5675 Epist.
2546 5604 2616 5658 ad
2647 5601 2924 5674 Ephesios,
2954 5619 3015 5675 ιι,
3040 5603 3128 5667 I8,
3155 5601 3371 5675 :Auctor
3403 5601 3685 5675 Constitao

2099 5672 2303 5730 tionum
2326 5672 2579 5745 apostol.,
2612 5672 2795 5745 lib.v,
2824 5689 2950 5743 cap.
2970 5672 3114 5745 _6,et
3140 5672 3389 5745 Cyrillus
3422 5673 3685 5737 Hieroso-

2096 5743 2417 5818 lymitanu's,
2448 5755 2562 5818 tum
2602 5745 2656 5799 in
2702 5744 2809 5818 fine
2844 5743 3184 5818 praefationis
3232 5744 3301 5799 ad
3342 5745 3681 5810 Catulum,

2098 5815 2215 5874 tum
2240 5817 2295 5873 in
2332 5817 2607 5890 principio
2631 5815 2935 5872 catechesis
2960 5815 3045 5870 ιι.
