3890 6192
292 333 439 389 1135

1478 330 2048 391 RECOGNITIONUM
2089 334 2217 393 ιω.
2263 338 2305 392 1.

3419 345 3568 405 1234

288 448 732 519 lingua‘gustum
780 461 1001 503 sumere
1024 487 1038 511 ,
1086 454 1182 501 aut
1224 447 1436 518 absque
1482 447 1737 502 manibus
1779 447 1880 501 ali-
1908 457 1955 515 Α
1985 446 2194 519 Spiritu
2220 456 2412 505 sancto
2445 449 2634 521 repleti
2662 450 3076 508 immortalitate
3103 454 3401 513 donentur.
3433 455 3563 514 Vir-

288 539 424 608 quid
453 546 803 593 contrectare
828 558 841 593 :
876 539 953 592 ita
983 539 1325 609 impossibile
1349 547 1465 607 est,
1502 538 1711 609 absque
1744 552 1875 593 vero

287 626 565 699 Propheta
613 644 735 698 qua:
778 628 889 684 Deo
938 630 1191 699 placeant
1239 644 1486 685 noscere.
1530 627 1597 683 Et
1640 644 1743 700 ego
1787 644 1877 684 re-

287 720 490 790 spondi
516 739 530 774 :
562 718 721 785 Quod
754 719 872 790 ipse
905 721 976 775 sit
1004 736 1167 775 verus
1197 721 1462 791 propheta
1488 718 1782 789 Christus,
1819 728 1874 776 te

286 816 549 879 docente,
580 815 695 884 jam
726 814 895 871 didici
925 833 942 884 ;
976 815 1073 872 sed
1102 815 1232 889 quid
1263 817 1335 872 sit
1364 816 1466 871 hoc
1496 816 1876 886 ipsum,Chri-

284 913 415 961 stus
439 946 453 970 ,
488 913 583 959 aut
612 921 714 960 cur
742 906 820 961 ita
844 906 1170 977 appelletur,
1202 908 1365 963 velim
1407 909 1625 964 discere
1646 949 1661 974 ,
1693 909 1775 963 uti
1805 924 1875 964 ne

284 1014 426 1069 vaga
458 998 591 1052 mihi
620 999 693 1054 sit
720 1007 777 1054 et
804 998 1017 1053 incerta
1049 1000 1129 1054 rei
1166 1008 1336 1054 tanta:
1364 1001 1586 1056 notitia.

364 1089 527 1145 XLV.
570 1089 728 1145 Tunc
756 1089 956 1147 Petrus
986 1092 1183 1146 docere
1212 1107 1300 1147 me
1328 1091 1434 1146 hoc
1464 1093 1627 1148 modo
1656 1094 1824 1164 cmpit
1854 1113 1867 1149 :

282 1180 439 1237 Deus
470 1197 593 1237 cum
626 1182 850 1239 fecisset
880 1185 1147 1239 mundum
1170 1223 1185 1248 ,
1220 1191 1488 1255 tanquam
1538 1187 1873 1242 universita-

284 1276 361 1328 tis
392 1272 656 1329 Dominus
687 1275 922 1345 singulis
951 1275 1264 1346 quibusque
1290 1276 1563 1331 creaturis
1594 1278 1871 1348 principes

282 1365 483 1419 statuit
512 1365 624 1436 (42)
652 1405 665 1430 ,
699 1366 837 1436 ipsis
864 1382 1085 1437 quoque
1111 1367 1407 1423 arboribus
1430 1407 1446 1432 ,
1478 1370 1871 1440 montibusque

282 1472 352 1511 ac
382 1455 659 1524 fontibus,
691 1464 746 1512 et
772 1456 1127 1523 fluminibus,
1169 1468 1229 1515 et
1272 1460 1578 1523 universis,
1623 1468 1683 1515 ut
1723 1460 1869 1516 dixi-

278 1562 448 1609 mus,
482 1563 603 1618 quae
634 1548 863 1604 fecerat.
895 1549 1129 1604 Multum
1171 1549 1320 1605 enim
1365 1558 1450 1607 est
1488 1551 1568 1606 ire
1611 1566 1709 1620 per
1754 1551 1871 1607 sin-

278 1641 430 1709 gula.
466 1638 675 1696 Statuit
716 1657 850 1712 ergo
891 1642 1105 1711 angelis
1141 1643 1395 1714 angelum
1445 1644 1748 1714 principem
1770 1683 1785 1709 ,
1817 1652 1872 1699 et

278 1731 578 1800 spiritibus
625 1734 921 1803 spiritum,
965 1734 1243 1790 sideribus
1287 1734 1485 1799 sidus,
1530 1735 1870 1792 daemonibus

1977 541 2111 611 gulti
2156 556 2287 597 vero
2330 540 2529 611 hujus,
2572 556 2638 596 ex
2668 557 2776 611 quo
2815 554 3095 615 sumptum
3136 553 3221 602 est
3264 547 3413 603 istud
3462 565 3564 604 un-

1974 640 2273 703 guentum,
2309 634 2628 689 universam
2661 644 2925 690 naturam
2959 636 3059 692 tibi
3103 638 3436 697 sufﬁcienter
3475 658 3565 698 ex-

1976 726 2232 795 posuisse
2260 742 2346 783 me
2377 728 2624 783 memini.

2045 817 2231 875 XLW.
2272 818 2378 875 Sed
2406 830 2463 875 et
2493 835 2643 875 nunc
2671 836 2770 890 per
2800 820 3183 878 brevissimam
3216 826 3455 894 speciem
3486 826 3556 882 de

1972 910 2234 965 omnibus
2279 919 2333 966 te
2383 911 2439 965 in
2488 910 2810 965 memoriam
2858 912 3152 969 revocabo.
3204 912 3264 967 ln
3306 914 3563 984 praesenti

1972 1000 2087 1054 vita
2137 1000 2348 1072 primus
2410 999 2658 1071 pontifex
2704 997 2889 1054 Aaron
2936 999 3252 1056 chrismatis
3290 1002 3562 1072 composi-

1974 1094 2120 1148 tione
2146 1101 2447 1165 perunctus
2476 1092 2545 1157 ’⁸,
2575 1092 2720 1163 quod
2753 1090 2821 1145 ad
2848 1092 3144 1163 imaginem
3176 1093 3327 1148 illius
3342 1094 3411 1149 de
3440 1110 3552 1165 quo

1973 1200 2143 1256 supra
2204 1184 2446 1240 diximus
2507 1185 2774 1255 spiritalis
2836 1185 3101 1256 unguenti
3178 1184 3384 1241 factum
3433 1196 3559 1254 est,

1972 1280 2228 1349 princeps
2259 1278 2443 1349 populi
2490 1277 2621 1342 fuit,
2674 1287 2730 1333 et
2772 1288 3036 1350 tanquam
3067 1294 3161 1334 rex
3194 1279 3472 1349 primitias
3503 1288 3561 1335 et

1974 1369 2242 1424 tributum
2275 1385 2372 1440 per
2402 1370 2585 1439 capita
2614 1371 2826 1441 accepit
2856 1386 2887 1425 a
2917 1371 3120 1442 populo
3140 1410 3154 1436 ,
3188 1378 3242 1426 et
3269 1370 3559 1440 judicandi

1971 1456 2184 1527 plebem
2214 1466 2367 1513 sorte
2397 1467 2655 1528 suscepta
2688 1458 2756 1513 de
2782 1460 3004 1515 mundis
3030 1461 3441 1532 immundisque
3464 1462 3558 1533 ju-

1970 1548 2207 1604 dicabat.
2242 1548 2348 1604 Sed
2377 1557 2432 1605 et
2462 1550 2507 1605 si
2538 1551 2666 1621 quis
2694 1550 2838 1607 alius
2867 1567 2931 1608 ex
2967 1552 3089 1622 ipso
3121 1562 3403 1624 unguento
3433 1568 3554 1625 per-

1973 1648 2176 1697 unctus
2213 1650 2298 1696 est
2323 1680 2340 1707 ,
2378 1650 2639 1712 tanquam
2678 1644 2886 1699 virtute
2926 1643 3054 1699 inde
3100 1652 3401 1715 concepta,
3442 1645 3554 1715 jam

1972 1731 2089 1801 ipse
2117 1747 2211 1787 rex
2232 1772 2246 1798 ,
2280 1740 2377 1786 aut
2410 1733 2675 1804 propheta
2705 1734 2867 1790 tiebat
2889 1774 2905 1799 ,
2937 1743 3035 1789 aut
3076 1735 3343 1806 pontifex.
3394 1735 3554 1802 Quod

276 1822 586 1879 damonem
609 1865 623 1888 ,
657 1825 853 1882 avibus
883 1839 1068 1894 avem,
1102 1826 1301 1883 bestiis
1334 1827 1601 1892 bestiam,
1651 1842 1869 1897 serpen-
1898 1822 1942 1878 Β
1970 1825 2018 1881 si
2048 1825 2370 1895 temporalis
2401 1825 2516 1880 haec
2547 1827 2722 1896 gratia
2773 1826 2843 1882 ab
2886 1827 3205 1883 hominibus
3249 1830 3554 1900 composita

276 1920 394 1967 tem
435 1915 817 1985 serpentibus,
851 1917 1058 1986 piscem
1090 1918 1374 1988 piscibus,
1409 1918 1725 1974 hominibus
1759 1918 1863 1975 ho-

277 2004 525 2071 minem,
572 2005 670 2075 qui
721 2013 807 2061 est
862 2006 1117 2063 Christus
1155 2006 1338 2064 Jesus.
1388 2007 1642 2064 Christus
1680 2023 1863 2064 autem

272 2092 488 2150 dicitur
514 2097 721 2152 eximio
748 2098 986 2167 quodam
1018 2099 1305 2170 religionis
1347 2101 1500 2167 ritu;
1544 2115 1672 2155 nam
1718 2102 1864 2157 sicut

276 2201 475 2256 regum
528 2199 658 2245 sunt
707 2191 960 2261 quaedam
1004 2193 1320 2247 communia
1361 2194 1627 2259 nomina,
1678 2195 1754 2249 ita
1802 2204 1863 2250 ut

275 2280 429 2349 apud
454 2278 659 2337 Persas
687 2283 925 2340 Arsaces
946 2324 961 2348 ,
993 2284 1137 2355 apud
1166 2284 1446 2342 Romanos
1472 2286 1681 2353 Caesar,
1716 2288 1862 2359 apud

277 2371 572 2443 Egyptios
602 2372 818 2430 Pharao
841 2416 856 2441 ,
888 2377 964 2430 ita
997 2376 1140 2446 apud
1171 2374 1391 2433 Iudaeos
1418 2377 1673 2434 Christus
1704 2394 1861 2433 com-

274 2466 432 2518 πηιηῆ
464 2467 685 2520 nomine
730 2482 828 2522 rex
872 2469 1199 2539 appellatur.
1240 2468 1421 2524 Causa
1468 2478 1652 2525 autem
1691 2470 1859 2541 hujus

275 2556 673 2625 appellationis
702 2558 818 2613 haec
850 2569 937 2615 est
963 2579 976 2614 :
1008 2560 1273 2630 quoniam
1305 2560 1531 2630 quidem
1560 2577 1686 2616 cum
1714 2572 1860 2619 esset

226 2674 231 2677 ι
273 2646 452 2703 Filius
483 2646 577 2703 Dei
620 2658 675 2703 et
724 2649 944 2705 initium
987 2652 1272 2717 omnium,
1306 2651 1472 2707 homo
1513 2652 1695 2710 factus
1740 2660 1854 2718 est,

274 2738 428 2792 hunc
461 2739 698 2809 primum
732 2739 900 2797 Pater
928 2743 1049 2797 oleo
1092 2748 1381 2815 perunxit,
1420 2745 1566 2816 quod
1600 2762 1668 2801 ex
1711 2747 1858 2817 ligno

272 2828 404 2884 vita:
435 2829 615 2885 fuerat
645 2840 928 2902 sumptum
980 2835 1115 2908 (45).
1148 2836 1224 2891 Ex
1272 2837 1369 2892 illo
1407 2853 1538 2908 ergo
1580 2848 1857 2910 unguento

268 2920 537 2978 Christus
571 2926 895 2995 appellatur.
945 2925 1077 2984 Inde
1125 2930 1365 3002 denique
1392 2932 1561 2987 etiam
1606 2933 1725 3002 ipse
1769 2948 1852 2989 se-

272 3014 522 3069 cundum
568 3016 1109 3087 praedestinationem
1156 3020 1373 3089 Patris,
1413 3024 1534 3094 pios
1577 3040 1851 3096 quosque,

268 3122 400 3161 cum
428 3107 495 3161 ad
525 3122 755 3178 regnum
785 3111 907 3180 ejus
934 3115 1284 3182 pervenerint
1305 3154 1321 3180 ,
1369 3116 1522 3170 velut
1559 3115 1653 3186 qui
1694 3130 1855 3187 aspe-

1968 1922 2179 1970 tantum
2208 1916 2386 1987 potuit
2410 1956 2425 1981 ,
2462 1917 2711 1988 intellige
2735 1917 2851 1988 jam
2878 1926 2939 1972 tu
2964 1961 2979 1986 ,
3010 1927 3278 1988 quantum
3310 1919 3385 1974 sit
3415 1920 3551 1975 illud

1969 2018 2336 2079 unguentum,
2369 2009 2515 2079 quod
2546 2024 2577 2063 a
2623 2009 2731 2063 Deo
2761 2009 2829 2064 de
2859 2008 3096 2080 virgulto
3126 2009 3251 2064 vitae
3277 2009 3553 2079 prolatum

1962 2108 2050 2157 est
2074 2140 2091 2168 ,
2133 2116 2259 2156 cum
2289 2101 2395 2155 hoc
2423 2100 2568 2171 quod
2600 2101 2668 2155 ab
2699 2100 3015 2156 hominibus
3044 2099 3249 2154 factum
3281 2109 3367 2156 est
3387 2141 3401 2166 ,
3441 2110 3551 2155 tam

1962 2193 2195 2249 eximias
2241 2193 2386 2248 inter
2431 2192 2687 2248 homines
2729 2191 2981 2247 conferat
3031 2191 3347 2263 dignitates.
3400 2190 3548 2258 Quid

1961 2286 2110 2342 enim
2140 2287 2197 2341 in
2231 2285 2490 2356 praesenti
2523 2284 2724 2340 saeculo
2753 2284 3019 2354 pr0pheta
3050 2283 3345 2356 gloriosius
3365 2324 3380 2349 ,
3412 2300 3545 2356 pon-

1965 2378 2115 2436 tiﬁce
2143 2379 2349 2434 clarius
2371 2418 2387 2444 ,
2420 2393 2548 2449 rege
2577 2376 2869 2432 sublimius
2898 2377 2922 2431 ἲ

2031 2466 2241 2524 XLVII.
2278 2466 2347 2521 Et
2382 2482 2483 2538 ego
2521 2465 2589 2520 ad
2628 2466 2745 2520 haec
2776 2464 3041 2535 respondi
3072 2482 3086 2519 :
3130 2462 3394 2529 Memini,
3435 2462 3540 2520 Pe-

1958 2568 2078 2625 tre,
2124 2560 2336 2615 dixisse
2382 2566 2437 2613 te
2479 2557 2549 2614 de
2595 2558 2776 2628 primo
2822 2556 3076 2624 homine,
3108 2556 3236 2626 quia
3276 2556 3547 2626 propheta

1962 2652 2116 2721 fuit;
2168 2650 2317 2723 quod
2357 2658 2543 2705 autem
2588 2658 2791 2704 unctus
2834 2647 3037 2713 fuerit,
3082 2662 3192 2703 non
3232 2646 3439 2703 dixisti.
3488 2645 3547 2701 Si

1958 2760 2089 2815 ergo
2120 2744 2239 2800 sine
2270 2749 2548 2815 unguento
2579 2740 2844 2812 prapheta
2878 2740 3065 2797 nullus
3095 2747 3216 2807 est,
3246 2755 3355 2810 quo
3385 2737 3547 2794 modo

1958 2836 2172 2907 primus
2204 2835 2409 2900 homo,
2446 2848 2571 2889 cum
2621 2849 2733 2887 non
2787 2836 2938 2887 esset
2986 2840 3232 2897 unctus,
3274 2828 3379 2883 fuit
3425 2844 3548 2899 pro-

1957 2928 2168 3000 pheta?
2197 2925 2337 2981 Tum
2365 2925 2658 2983 subridens
2682 2923 2883 2979 Petrus
2911 2942 2924 2977 :
2962 2922 3021 2977 Si
3050 2922 3263 2992 primus
3283 2959 3299 2983 ,
3329 2921 3542 2990 inquit,

1956 3021 2120 3075 homo
2156 3018 2506 3091 prophetavit
2528 3057 2544 3082 ,
2577 3024 2790 3072 certum
2822 3023 2909 3071 est
2939 3014 3083 3086 quod
3116 3022 3172 3068 et
3204 3021 3406 3068 unctus
3445 3012 3538 3068 εἰι.

1956 3112 2111 3169 Licet
2148 3113 2297 3168 enim
2342 3111 2663 3165 unctionem
2708 3108 2857 3163 illius
2900 3106 3119 3164 siluerit
3163 3106 3288 3170 ille,
3335 3103 3429 3174 qui
3470 3102 3542 3159 le-

268 3211 393 3249 ram
441 3200 826 3268 superaverint
872 3202 1017 3256 viam
1040 3242 1055 3267 ,
1104 3220 1205 3274 pro
1254 3206 1508 3261 laborum
1552 3206 1856 3262 refectione
1880 3187 1925 3245 (ἶ
1958 3221 2080 3277 gem
2109 3204 2167 3258 in
2205 3203 2420 3274 paginis
2453 3199 2735 3265 condidit,
2768 3198 2930 3254 nobis
2962 3207 3146 3253 tamen
3186 3196 3539 3267 intelligenda

268 3289 444 3345 simili
476 3292 599 3347 oleo
628 3302 924 3366 perunget,
954 3304 1013 3351 ut
1042 3306 1097 3353 et
1128 3300 1375 3370 ipsorum
1408 3300 1499 3355 lux
1544 3301 1756 3364 luceat,
1799 3308 1857 3355 et

372 3447 421 3479 ”
447 3447 622 3505 Exod.
652 3466 806 3519 xxlx;
840 3452 971 3508 Lev.
1003 3470 1102 3509 vm

1961 3297 2078 3353 haec
2130 3295 2414 3352 evidenter
2460 3289 2705 3364 reliquitl
2761 3290 2915 3345 Sicut
2963 3289 3150 3355 enim,
3204 3289 3254 3344 si
3307 3295 3535 3344 unctum

1568 3607 1938 3666 COTELERII
1995 3606 2229 3667 NOTAE.

342 3787 734 3868 “QlSI'tggltlis
777 3790 1077 3868 quihusque
1108 3790 1364 3845 creaturis
1413 3788 1676 3868 principes
1733 3794 1846 3839 sta-

264 3860 534 3927 tuit.,etc.
568 3860 805 3923 Fabulae,
835 3860 1001 3930 λόγοι.
1039 3861 1183 3916 Cave
1207 3876 1394 3931 get-ras
1418 3860 1778 3931 Ebioniticas.

341 3931 454 4001 (45)
497 3930 626 3987 Oleo
677 3929 942 4002 perunxit,
994 3940 1132 4001 quod
1183 3929 1249 3986 ea:
1299 3930 1443 4000 ligno
1498 3931 1619 4002 uitta
1659 3929 1848 4002 fuerat

259 3997 558 4071 sumptum,
607 3997 713 4059 etc.
766 4002 883 4057 lluc
924 3997 1081 4057 valde
1124 3997 1397 4071 pertinent
1423 4002 1533 4055 duo
1567 3998 1672 4053 loci
1715 3997 1849 4071 insi-

260 4066 403 4142 gnes
442 4072 498 4126 in
531 4073 713 4141 nugis.
747 4073 895 4127 Alter
926 4066 1178 4142 Origen'is
1209 4080 1359 4125 tomo
1403 4088 1483 4135 vi,
1517 4077 1705 4142 contra
1733 4066 1849 4142 Cel-

258 4137 407 4207 sum,
442 4157 495 4210 p.
528 4137 653 4206 ΞΟΞ,
678 4160 743 4198 ex
773 4143 970 4197 Celso:
1020 4137 1174 4212 Ἑξῆς
1206 4142 1261 4193 δὲ
1298 4143 1409 4203 τοῖς
1440 4141 1569 4212 περὶ
1598 4138 1693 4212 tot")
1736 4137 1849 4190 δια-

257 4213 611 4334 γράμέιατος,
648 4213 766 4285 μηδ’
816 4215 880 4266 ὲκ
913 4212 1387 4334 παξακουσμάτων
1439 4212 1568 4281 περὶ
1612 4211 1713 4281 τῆς
1749 4224 1849 4260 κα-

256 4284 405 4334 λουυ.
437 4300 534 4334 vn:
562 4284 714 4334 παρὰ
742 4286 855 4334 τοῖς
888 4286 987 4334 ὲκκ
1019 4285 1356 4334 ησιαστικοίε
1383 4279 1695 4334 σφραγῖδος.
1719 4282 1847 4333 ἐαυ-

256 4279 534 4354 acutum;
742 4286 855 4345 τοῖς
888 4279 1356 4351 Euxino-taurini;
1383 4279 1695 4353 σφράγίδοζ,
1719 4282 1847 4333 ἐαυ-

254 4353 343 4422 τῷ
361 4370 482 4406 τινα
510 4354 776 4408 ἐκτίθεται
804 4354 1066 4406 ἀλλόκοτα
1096 4354 1190 4405 καὶ
1218 4350 1508 4422 ἀμοιϐαίας
1536 4350 1739 4422 φῳνὰς,
1768 4350 1847 4412 ὡς

253 4420 358 4495 τόιζο
396 4424 494 4494 μὲν
512 4424 620 4495 δὴν
652 4424 920 4495 σφραγῖδα.
953 4420 1319 4495 aspiciet-ivro;
1372 4420 1704 4495 καλρυμένφυ
1739 4438 1846 4495 ecci-

252 4464 537 4563 τρὸςΐῖτοῦ
568 4464 624 4546 δὲ
648 4464 1078 4565 σξέαιξιζομένὲυ
1109 4464 1397 4565 λεγομένῳ
1430 4464 1675 4565 νέουτῑξαὶ
1702 4490 1841 4565 uim},

253 4559 357 4645 ἕξ).
384 4559 835 4645 ἀπρκρινομέὺρύ,
863 4583 881 4615 ‹
915 4559 1515 4645 Κρχιρξσμαςχρίσξμαῖι
1566 4559 1744 4645 leuati?)
1771 4561 1837 4613 ἐκ

254 4633 420 4704 ξύλῳ
456 4630 620 4704 ζωῆς.
707 4636 883 4704 Ὅπερ
920 4630 1399 4704 οὐδτὲνντοῖςᾶπδ
1428 4630 1835 4704 τῶγᾉᾳξρέᾳεωγ

249 4699 572 4825 πιούσαμεύ
604 4699 904 4772 γίγνεσθοίι,
932 4712 1039 4759 etc.
1080 4703 1231 4757 Alter
1270 4702 1564 4773 apocryphi
1594 4699 1717 4754 libri
1740 4700 1834 4769 qui

326 4772 549 4825 icodemi
596 4789 791 4825 nomen
821 4774 998 4825 aerit:
1056 4771 1188 4825 Cum
1238 4783 1412 4825 autem
1455 4772 1565 4825 hwc
1600 4770 1834 4822 audisset

326 4770 549 4826 icodemi
596 4770 791 4828 nomen
821 4774 998 4843 gerit:
1056 4771 1188 4827 Cum
1238 4770 1412 4843 autem
1438 4770 1565 4843 fhwc
1600 4770 1835 4843 audisset

250 4844 621 4913 protoplastus
649 4841 1021 4909 Adam—pater,
1061 4843 1186 4913 quia
1219 4843 1273 4894 in
1310 4841 1547 4895 Iordane
1593 4841 1833 4913 baptiza-

253 4910 346 4966 tus
397 4923 477 4967 est
515 4912 693 4977 Iesus,
753 4910 1081 4967 exclamavit
1110 4912 1178 4965 ad
1223 4913 1397 4981 ﬁlium
1448 4928 1602 4964 suum
1657 4910 1781 4963 Set/i
1811 4925 1830 4961 :

1955 3788 2299 3856 temporibus,
2357 3788 2461 3841 nisi
2514 3786 2726 3857 quando
2773 3787 3019 3857 completi
3063 3788 3259 3855 fuerint
3308 3788 3531 3858 quinque

1954 3859 2128 3913 millia
2162 3870 2211 3914 et
2239 3859 2509 3929 quingenti
2520 3859 2663 3929 _anni
2693 3874 2713 3912 :
2736 3869 2884 3929 tunc
2924 3859 3087 3913 veniet
3130 3874 3287 3928 super
3333 3868 3527 3911 terram

1955 3926 2482 3984 amantissimus'Dei
2509 3926 2684 3983 Filius
2716 3928 2960 3983 Christus
2988 3926 3302 3983 resuscitare
3341 3945 3528 3998 corpus

1954 4000 2242 4054 humanum
2288 3998 2446 4063 Adw,
2496 4009 2545 4053 et
2582 4001 2996 4069 conresuscitare
3032 4016 3255 4069 corpora
3292 4010 3527 4052 mortuo-

1956 4087 2075 4140 rum
2096 4086 2115 4123 :
2137 4082 2185 4125 et
2216 4072 2324 4139 ipse
2355 4070 2557 4123 veniens
2594 4070 2649 4123 in
2684 4067 2941 4140 Jordanis
2972 4067 3522 4140 aqua‘baptizabitur.

1956 4138 2026 4193 Et
2055 4156 2171 4195 cum
2197 4138 2435 4208 egressus
2462 4140 2623 4209 fuerit
2663 4138 2727 4193 de
2772 4156 2910 4210 aqua
2959 4138 3239 4204 Jordanis,
3293 4148 3415 4210 tunc
3461 4140 3525 4193 de

1954 4212 2069 4265 oleo
2106 4210 2482 4265 misericordiw
2524 4225 2635 4263 sua:
2667 4208 2827 4279 unget
2855 4225 2920 4263 ea:
2960 4226 3020 4263 eo
3049 4227 3226 4263 omnes
3257 4208 3523 4263 credentes

1954 4282 2009 4334 in
2040 4298 2113 4345 se,
2146 4290 2196 4336 et
2229 4282 2329 4335 erit
2359 4280 2529 4334 oleum
2569 4279 2942 4333 misericordia:
2979 4296 3090 4333 sure
3131 4281 3185 4333 in
3228 4281 3522 4348 generatio-

1951 4366 2067 4406 nem
2092 4367 2273 4405 eorum
2300 4352 2389 4421 qui
2418 4351 2676 4403 nascituri
2697 4359 2819 4421 s_unt
2848 4365 3068 4421 exgaqua
3089 4360 3138 4421 et
3166 4349 3371 4421 Spiritu
3396 4365 3522 4402 san-

1950 4434 2034 4478 cto
2068 4422 2122 4477 in
2158 4418 2320 4478 vitam
2369 4430 2640 4474 wternam.
2703 4418 2847 4472 Tunc
2892 4418 3204 4473 descendens
3252 4420 3306 4471 in
3351 4428 3519 4473 terras

1948 4496 2346 4549 amantissimus
2373 4490 2471 4547 Dei
2503 4487 2553 4545 Ρ
2554 4490 2681 4546 ilius
2724 4487 2965 4547 Christus
3004 4488 3186 4554 Iesus,
3226 4490 3518 4543 introduret

1943 4575 2145 4631 patrem
2173 4574 2409 4618 nostrum
2441 4562 2696 4631 Adamiin
2722 4564 3030 4631 paradisum
3053 4558 3125 4615 ad
3145 4558 3388 4616 arborem
3418 4560 3519 4612 mi-

1938 4630 2257 4689 sericordias.
2297 4633 2576 4688 Catholice
2620 4630 2939 4688 Theodorus
2976 4634 3250 4699 Abucara,
3278 4644 3519 4700 opuscu-

1936 4703 1989 4775 lo
2016 4704 2085 4759 ’55
2104 4703 2206 4758 :A.
2263 4703 2651 4775 drachumam
2685 4703 2917 4775 Χριστὸς
2944 4705 3268 4775 ὁγΧριᾳτόεςί
3296 4703 3357 4758 Β.
3383 4704 3511 4775 ξὈτι

1934 4773 2149 4845 ἔχρισεν
2178 4773 2341 4845 αὐτὸν
2365 4775 2393 4845 6
2418 4769 2551 4845 832.5
2580 4769 2854 4845 Πνερματιτ
2896 4769 3064 4845 thyle):
3092 4773 3157 4828 A.
3186 4774 3301 4845 ⁸ξΓίς
3347 4769 3441 4827 οὖν
3482 4777 3511 4828 6

1933 4840 2205 4915 {pices-lg;
2240 4847 2269 4897 6
2296 4842 2427 4915 Θεὸς
2453 4840 3138 4915 Λργοςηῆήρ-ἄνθρωᾶτφς;
3186 4842 3265 4915 B._
3286 4844 3375 4915 Μὴ
3416 4845 3510 4912 γέ·

1932 4912 2074 4985 ymo
2094 4913 2270 4985 λέγειν
2297 4914 2463 4985 ήμᾷς,
2491 4912 2718 4985 ὅτιθερς
2748 4912 3195 4985 Λόγοςήὲχρίσθητ
3219 4913 3341 4985 ἀλλ’
3362 4916 3390 4966 6
3417 4916 3508 4985 ἄν-

254 4982 476 5037 Enarra
522 4984 650 5053 ﬁliis
705 4985 806 5037 tuis
859 4983 1176 5053 patriareltis
1223 4978 1284 5036 ἐἰ
1336 4982 1595 5050 prophetis
1650 4981 1827 5053 omnia

1958 4978 2260 5053 ιρωποςξΑζ
2291 4978 2609 5053 ’Ἄνθρωπος
2636 4978 2730 5035 οὖν
2762 4978 2907 5034 ἐστιν
2935 4978 3249 5053 ῤ’Χρισ-ἐός.
3287 4984 3350 5036 El
3396 4983 3506 5053 γὰρ

250 5049 577 5123 quaecunque
605 5054 803 5106 audisti
824 5049 867 5106 α’
892 5052 1147 5106 Micltaele
1173 5052 1507 5123 archangelo,
1541 5049 1750 5123 quando
1782 5060 1830 5103 te
1928 5056 1956 5106 6

1928 5121 2189 5205 χρξὰθεὶς,
2225 5123 2531 5205 καὶλξτξρτζς
2562 5122 2798 5205 δέέςτξν
2828 5125 2856 5174 6
2877 5121 3023 5205 Θεὸς.
3037 5121 3381 5205 Λόῖὸςρταρὰ
3414 5122 3504 5205 76v

253 5120 533 5176 transmisi
557 5123 625 5176 ad
654 5133 833 5191 portas
862 5124 1119 5191 paradisi,
1160 5131 1216 5174 ut
1249 5120 1599 5190 deprecareris
1636 5120 1824 5191 Deum,

1997 5054 2237 5125 χρεσθεὶς
2288 5051 2448 5125 quam:
2498 5054 2717 5125 éa‘ttvo
2757 5051 3009 5125 Xptdjcog,
3054 5051 3506 5125 ἄνθρωπος-δὲμὸ

248 5202 305 5264 e_t
340 5208 561 5264 ungeres
593 5190 748 5261 caput
798 5190 969 5247 meum
1013 5209 1132 5245 cum
1172 5208 1355 5264 essem
1380 5194 1643 5260 inﬁrmus.
1679 5190 1826 5264 Tunc

1958 5190 2210 5264 ,ὺθρωπον
2238 5192 2369 5264 κᾳιθ’
2384 5190 2546 5264 sua;
2568 5208 2580 5220 ·
2606 5192 2643 5264 A6
2678 5191 2963 5264 ἅνθρωπᾳς
2994 5192 3100 5264 ᾷρα
3125 5193 3270 5264 ἐστὶν
3297 5192 3502 5264 agape-

250 5262 383 5333 δετὴ
416 5259 841 5333 appropinquans
871 5264 1067 5316 sanctis
1102 5262 1415 5333 patriarc/iis
1440 5259 1498 5315 et
1542 5259 1822 5333 prophetis,

249 5332 394 5386 disit
428 5328 593 5397 {Ego
623 5328 745 5388 Seth
771 5350 889 5386 cum
913 5349 1075 5386 essent
1103 5328 1263 5385 orans
1296 5328 1577 5385 Dominum
1608 5329 1677 5383 ad
1699 5345 1825 5397 por-

250 5412 342 5455 tas
374 5400 634 5473 paradisi,
668 5419 781 5457 ecce
814 5405 1028 5473 angelus
1058 5401 1271 5473 Domini
1310 5400 1538 5473 Michael
1574 5400 1821 5473 apparuit

251 5473 385 5525 mihi
406 5472 583 5528 dicens
615 5473 769 5544 :Ego
800 5471 992 5526 missus
1022 5488 1139 5526 sum
1169 5471 1237 5544 ad
1286 5479 1332 5524 te
1372 5488 1404 5524 a
1438 5471 1821 5544 Domino,__ego

249 5558 375 5595 sum
403 5539 723 5597 constitutus
769 5558 925 5611 super
965 5558 1151 5611 corpus
1182 5541 1489 5596 humanum.
1527 5541 1645 5595 Tibi
1675 5539 1816 5605 dico,

248 5611 402 5673 Seth,
436 5613 545 5667 noli
571 5616 626 5667 in
659 5610 911 5684 lacrymis
942 5611 1109 5684 Deum
1137 5627 1291 5684 orare
1320 5621 1368 5664 et
1389 5610 1659 5679 deprecari
1693 5626 1819 5677 pro-

245 5692 370 5749 pter
395 5684 565 5737 oleum
606 5682 980 5737 misericordia:
1021 5682 1169 5749 ligni,
1217 5690 1274 5733 ut
1313 5696 1571 5750 perungas
1614 5691 1817 5747 patrem

1923 5258 2073 5343 po;'6
2096 5262 2345 5335 Χριστός.
2380 5258 2452 5313 Τί
2475 5258 2570 5314 οὖν
2597 5258 2821 5323 ὲαυτοῦς
2850 5262 2943 5313 καὶ
2975 5258 3167 5324 ἄλλους
3187 5258 3501 5323 ἀπατῶνλτες

1923 5332 2130 5400 Αέγετε,
2164 5335 2244 5386 ὅτι
2276 5336 2304 5385 6
2343 5331 2575 5400 Χριστὸς
2607 5330 2739 5393 Θεός
2769 5332 3001 5384 ἐστικαὶ
3048 5331 3362 5400 ἄνθρωπᾳς;
3401 5330 3499 5385 Δις

1923 5349 2130 5400 Αεγετε,
2164 5349 2244 5386 οτι
2276 5349 2304 5385 ο
2343 5349 2575 5402 Aptata;
2607 5349 2739 5393 σεος
2769 5349 2884 5383 εστι
2909 5349 3001 5384 και
3048 5349 3362 5402 ανυρωπος;
3401 5349 3497 5385 At-

1921 5417 2028 5470 que
2057 5403 2169 5459 haac
2211 5402 2592 5458 desiderantur
2640 5400 2696 5455 in
2745 5400 2949 5455 Graecis
2995 5401 3250 5470 editionis
3275 5399 3497 5455 Gretse-

1920 5468 2107 5542 rianze,
2136 5474 2369 5542 addique
2395 5471 2653 5542 debente
2682 5470 2888 5525 chartis
2924 5470 3174 5542 codicum
3199 5468 3493 5537 Regiorum

1918 5541 2081 5603 2180,
2112 5542 2237 5607 572,
2264 5540 2318 5596 in
2349 5543 2551 5611 quibus
2580 5540 2654 5610 (id
2688 5540 3118 5611 quoquedicere
3149 5541 3331 5611 liceat)
3357 5554 3494 5611 pa_u-

1919 5611 1971 5665 lo
1992 5620 2117 5668 ante
2134 5613 2352 5668 laudata
2367 5609 2535 5667 verba
2561 5609 2827 5680 scripturn
2846 5609 3095 5673 habetur,
3117 5610 3239 5663 εἱπὲ

1915 5683 1943 5732 ὁ
1967 5683 2216 5752 Χριστός,
2240 5691 2346 5739 etc.
2401 5698 2512 5738 non
2535 5690 2595 5737 ut
2617 5676 2791 5737 iu'lib.
2820 5680 2980 5751 impr.
3013 5680 3134 5734 εἰπέ
3174 5676 3284 5752 μοι)
3324 5682 3354 5735 ὁ
3397 5676 3493 5734 οὖν

3261 5605 3492 5680 pot—city,

249 5754 605 5831 tumAdam
629 5770 723 5823 pro
752 5754 933 5831 do'lore
951 5753 1151 5831 capitis
1174 5751 1308 5820 ejus,
1326 5752 1460 5831 quia
1478 5750 1814 5831 “iiullo‘modo
1916 5750 2166 5823 Xpt‘s‘t6c.

244 5825 447 5889 poteris
500 5841 567 5880 ea:
609 5820 670 5880 eo
704 5826 953 5895 accipere,
993 5822 1098 5877 nisi
1132 5823 1186 5876 in
1219 5822 1514 5876 novissimis
1550 5820 1732 5876 diebus
1760 5829 1810 5875 st
