1945 3096
235 153 307 182 1335

659 153 687 183 S.
705 153 901 182 CLEMENTIS
917 153 927 181 l
944 154 1027 183 ROM.
1044 155 1146 184 PONT.
1165 156 1280 185 OPERA
1297 156 1414 188 DL'BIA.

1795 160 1857 190 I336

231 218 296 238 eum
312 210 428 239 dixisset
441 230 448 242 ,
465 218 521 238 non
545 210 721 239 dubitaretur
735 217 763 239 et
779 213 939 248 prophetam
960 220 1023 240 eum
1040 217 1062 246 Α
1075 214 1102 241 hi
1125 222 1190 242 vero
1211 215 1257 250 qui
1271 215 1340 243 nihil
1359 216 1394 243 de
1407 216 1467 251 ipso
1483 216 1592 251 penitus
1606 215 1761 248 audierant.
1778 222 1857 245 etve'

231 255 336 289 fuisse,
360 257 469 285 etiamsi
495 257 629 293 scriptum
653 266 709 285 non
729 263 804 286 esset
829 259 856 285 in
882 259 962 294 lege:
984 259 1022 286 ita

232 310 296 330 cum
312 307 419 330 certum
441 303 478 330 sit
500 311 564 330 eum
585 303 748 339 prophetam
770 303 874 337 fuisse,
896 305 1024 332 similiter

230 352 336 376 certum
352 354 394 376 est
412 353 440 376 et
454 349 526 384 quod
545 354 646 377 unctus
661 350 712 383 sit,
728 350 793 385 quia
809 350 868 378 sine
884 355 1023 385 unguento

230 394 396 430 prophetare
416 402 470 421 non
487 398 607 430 poterat.
623 394 725 423 Verum
746 396 798 422 hoc
818 396 905 432 magis
931 396 1023 424 dicere

232 444 261 468 te
277 440 418 475 oportuit,
436 441 459 468 si
475 440 594 468 chrisma
616 447 677 469 arte
699 442 867 477 myropolica
888 443 1023 478 composi-

230 489 290 513 tum
313 491 357 514 est
373 487 407 513 ab
429 487 539 519 Aaron,
564 487 702 522 quomodo
723 487 830 523 primus
854 488 936 515 homo
963 496 1023 524 per-

230 532 296 567 ungi
316 533 407 571 potuit
426 537 566 568 unguento
587 538 668 566 ante,
689 534 898 569 compositionis
915 535 1021 563 artibus

230 576 353 604 nondum
369 579 486 612 repertis
497 578 510 604 ἲ
535 577 569 604 Ει
586 585 639 612 ego
654 577 785 612 respondi
799 587 805 605 :
834 577 894 604 Non
909 585 952 605 me
970 582 1022 604 tra-

231 621 338 655 ducas,
353 622 455 656 Petre;
473 630 528 650 non
559 623 632 650 enim
653 623 686 650 de
706 627 847 658 unguento
867 624 1021 658 composito

228 673 257 697 et
273 668 417 704 temporali
433 669 496 696 oleo
522 668 630 703 loquor,
654 668 701 696 sed
723 669 757 696 de
780 669 829 696 illo
853 668 973 704 simplici
992 673 1021 696 et

228 720 350 747 aeterno.
375 714 448 750 quod
475 722 489 741 a
516 714 572 743 Deo
597 714 700 741 factum
725 722 787 743 esse
812 715 931 742 docuisti
946 735 953 747 ,
985 715 1019 743 ad

229 761 309 796 cujus
341 760 550 789 similitudinem
577 760 649 788 istud
676 761 860 796 compositum
893 768 955 788 esse
985 761 1019 788 ah

231 806 390 835 hominibus
404 806 483 834 dicis.

263 851 380 880 XLVIII.
401 851 434 879 Et
457 851 554 879 Petrus
571 851 604 879 ad
623 851 693 885 haec,
720 855 751 878 ut
768 851 921 886 videbatur,
946 851 1018 879 indi-

1074 259 1148 287 nisse
1161 260 1278 287 credunt
1288 280 1296 291 ,
1310 264 1337 287 et
1352 264 1496 289 venturum
1511 266 1632 297 sperant.
1649 261 1680 289 Et
1695 262 1734 289 its
1756 262 1788 289 in
1805 270 1859 289 om-

1073 305 1153 332 nibus
1173 306 1313 340 prophetia
1338 306 1425 334 Iidelis
1445 308 1581 342 apparuit,
1606 315 1667 343 qua
1686 307 1758 335 dixit
1775 308 1858 343 ipsum

1073 359 1133 378 esse
1146 352 1377 386 exspectationem
1392 353 1524 387 gentium.
1547 353 1715 381 Erraverunt
1733 361 1803 389 ergo
1815 354 1860 381 Ju-

1071 397 1124 424 daei
1140 397 1174 425 de
1187 398 1276 432 primo
1290 397 1398 425 Domini
1414 398 1531 426 adventu
1546 408 1554 432 ;
1580 403 1608 427 et
1622 399 1693 426 inter
1712 407 1766 427 nos
1780 403 1860 435 atque

1072 443 1147 478 ipsos
1166 443 1199 470 de
1219 443 1271 469 hoc
1284 447 1327 470 est
1341 443 1399 471 solo
1413 443 1568 472 dissidium.
1594 443 1662 471 Nam
1675 444 1750 478 quod
1768 449 1861 472 ventu-

1072 496 1120 516 rus
1136 488 1172 515 sit
1185 488 1323 521 Christus,
1350 493 1452 516 norunt
1475 490 1557 517 etiam
1576 489 1629 525 ipsi
1643 493 1670 517 et
1685 493 1859 524 exspectant;

1071 534 1144 570 quod
1167 538 1256 562 autem
1278 535 1335 569 jam
1359 535 1467 562 venerit
1485 535 1512 562 in
1527 535 1680 563 humilitate
1693 535 1739 562 hic
1759 536 1808 570 qui
1822 535 1862 562 di-

1070 579 1143 606 citur
1153 579 1243 611 Iesus,
1261 580 1397 615 ignorant.
1414 579 1449 607 Et
1465 580 1494 607 in
1508 580 1560 607 hoc
1581 581 1699 608 maxime
1721 580 1785 614 ejus
1800 588 1863 608 con-

1071 624 1194 652 ﬁrmatur
1219 625 1362 656 adventus.
1390 625 1464 659 quod
1489 625 1514 652 ei
1538 632 1594 653 non
1615 632 1711 653 omnes
1730 625 1859 652 credunt.

1105 669 1148 698 Ll.
1177 669 1256 697 Hunc
1273 678 1339 706 ergo
1361 671 1434 699 Deus
1456 670 1606 698 destinavit
1627 671 1656 697 in
1679 670 1733 697 fine
1755 672 1860 702 mundi,

1069 716 1134 751 quia
1157 716 1325 751 impossibile
1347 721 1406 744 erat
1429 717 1586 744 mortalium
1602 716 1672 744 mala
1685 717 1800 751 purgari
1814 725 1861 752 per

1070 762 1153 789 alium
1164 782 1172 794 ,
1186 762 1292 798 integra
1311 761 1445 790 duntaxat
1460 766 1636 798 permanente
1648 762 1764 789 humani
1779 770 1861 797 gene-

1068 807 1109 835 ris
1123 812 1260 842 creatura,
1278 808 1330 835 hoc
1353 812 1398 836 est
1421 808 1497 836 salva
1521 807 1629 835 arbitrii
1649 807 1789 835 libertate.
1805 807 1860 835 Hoc

1069 853 1153 889 igitur
1172 857 1245 881 statu
1269 854 1399 881 incolumi
1415 857 1569 884 reservato,
1595 853 1713 880 invitare
1734 853 1813 880 venit
1827 854 1860 879 ad

227 906 316 935 guans
331 907 339 926 :
357 898 428 932 Quid
453 901 543 933 putas,
567 897 706 931 Clemens,
728 897 793 933 quia
814 905 910 925 omnes
929 897 1019 925 omnia
1035 897 1056 925 Β
1070 907 1184 935 regnum
1196 900 1287 934 justos
1303 907 1428 935 quosque
1448 903 1475 927 et
1495 906 1544 927 eos
1558 899 1604 934 qui
1618 899 1727 934 placere
1744 899 1858 926 studue-

229 948 293 972 ante
316 948 423 981 tempus
448 944 519 972 scire
540 944 707 979 possumus!
729 943 781 971 Sed
801 950 874 970 nunc
891 943 929 970 uti
951 950 985 970 ne
1004 950 1019 969 a

227 990 369 1026 proposilo
392 997 518 1018 sermone
538 989 709 1021 recedamus,
725 989 794 1016 alias
809 989 857 1016 tibi
879 996 940 1016 cum
956 996 1020 1024 pro-

228 1035 317 1063 fettus
336 1039 401 1063 tuus
421 1035 584 1062 manifestus
602 1034 700 1067 fuerit,
717 1034 751 1062 de
771 1034 813 1062 his
833 1035 952 1070 apertius
972 1042 1018 1062 ex-

227 1088 371 1116 ponemus.
386 1080 464 1108 Tunc
478 1084 568 1108 autem
579 1084 718 1116 unguento
733 1080 884 1116 composito
898 1088 1018 1116 perunc-

226 1130 273 1154 tus
287 1126 410 1162 pontifex
426 1126 468 1154 vel
484 1126 616 1161 propheta
627 1147 634 1158 ,
651 1125 698 1153 Dei
711 1126 795 1154 altare
806 1126 975 1154 succendens
989 1126 1018 1153 in

225 1172 300 1200 omni
318 1171 419 1203 mundo
436 1173 528 1200 clarus
544 1172 704 1199 habebatur.
718 1170 770 1199 Sed
787 1176 848 1207 post
861 1171 952 1199 Aaron
970 1172 1017 1207 qui

228 1218 354 1255 pontifex
371 1218 431 1251 fuit,
448 1219 518 1246 alius
532 1226 565 1245 ex
576 1218 654 1253 aquis
670 1218 828 1250 assumitur,
841 1226 895 1245 non
907 1216 1017 1254 Moysen

225 1264 298 1296 dico,
321 1264 368 1292 sed
384 1264 459 1291 Illum
473 1264 518 1298 qui
536 1263 565 1291 in
587 1263 666 1298 aquis
684 1263 812 1298 baptismi
827 1262 914 1290 Filius
932 1271 947 1290 a
963 1262 1018 1291 Deo

225 1310 387 1346 appellatus’
401 1314 444 1338 est
466 1310 501 1337 ”.
528 1308 608 1337 Jesus
635 1317 753 1344 namque
776 1313 828 1339 est.
856 1309 903 1344 qui
926 1309 1014 1345 ignem

225 1357 301 1383 illum
316 1363 397 1393 quem
420 1355 587 1382 accendebat
602 1354 724 1389 pontifex
749 1361 799 1389 pro
813 1354 933 1390 peccatis
943 1374 952 1387 ,
973 1363 1018 1383 re-

224 1403 321 1430 stinxit
333 1410 381 1437 per
393 1402 520 1441 baptismi
533 1401 708 1437 gratiamtex
718 1408 772 1436 quo
785 1401 858 1428 enim
874 1401 918 1428 hic
931 1408 1000 1437 appa
1009 1416 1016 1422 -

224 1449 289 1480 ruit,
304 1449 421 1476 cessavit
435 1448 566 1480 chrisma,
584 1455 632 1482 per
643 1446 715 1482 quod
730 1447 904 1482 pontificatus
914 1447 1017 1483 praebe-

223 1494 323 1527 batur,
343 1495 385 1522 vel
401 1494 555 1530 prophetia.
572 1494 613 1521 vel
630 1501 755 1528 regnum.

258 1539 351 1568 XLIX.
378 1540 457 1567 Hunc
473 1540 555 1576 igitur
573 1539 731 1567 adfuturum
753 1540 878 1575 praedixit
896 1539 1014 1576 Moyses,

223 1587 271 1622 qui
284 1587 370 1623 legem
388 1586 436 1614 Dei
449 1586 605 1614 hominibus
618 1586 750 1619 tradidit;
765 1586 812 1613 sed
827 1590 854 1613 et
869 1586 939 1614 alius
952 1590 1016 1614 ante

223 1633 331 1668 ipsum,
358 1632 429 1661 sicut
452 1632 501 1659 tibi
526 1636 553 1660 et
568 1636 631 1659 ante
651 1633 706 1666 jam
734 1631 843 1659 tradidi.
869 1631 929 1666 Ipse
950 1639 1016 1667 ergo

223 1677 354 1705 iudicavit
382 1685 445 1706 eum
471 1681 616 1705 venturum
641 1678 731 1712 primo
761 1677 871 1712 quidem
897 1677 1015 1705 adventu

224 1723 354 1751 humilem
365 1743 376 1755 ,
390 1722 513 1751 secundo
527 1730 593 1750 vero
611 1723 771 1758 gloriosum.
789 1721 821 1748 Et
834 1721 939 1757 primus
954 1722 1016 1757 qui-

221 1770 284 1798 dem
302 1769 359 1804 jam
384 1769 512 1804 impletus
527 1772 579 1800 est,
596 1776 658 1795 cum
674 1768 750 1795 venit
765 1773 792 1795 et
810 1768 914 1807 docuit,
934 1771 961 1795 et
972 1768 1020 1803 juo

221 1815 273 1843 de'x
287 1815 410 1842 omnium
424 1814 565 1849 judicatus
580 1817 632 1845 est.
652 1821 683 1840 ac
699 1816 867 1848 peremptus.
888 1812 1014 1840 Secundo

219 1867 286 1887 vero
300 1858 418 1886 adventu
432 1858 610 1893 judicaturus
627 1857 765 1889 adveniet,
789 1861 816 1884 et
833 1857 932 1892 impios
952 1856 1014 1892 qui-

220 1905 282 1933 dem
306 1904 510 1937 condemnabit,
534 1904 595 1939 pios
616 1911 683 1931 vero
706 1905 734 1931 in
752 1903 922 1930 consortium
935 1903 1013 1937 regni

221 1951 436 1985 societatemque
451 1951 592 1985 suscipiet.
608 1949 690 1978 Fides
703 1957 769 1977 vero
787 1949 900 1977 secundi
916 1949 1013 1977 adven-

219 2001 264 2024 tus
278 2000 386 2025 constat
396 2003 429 2024 ex
447 1996 548 2031 primo.
566 1995 714 2030 Prophetas
732 1995 805 2022 enim
821 1994 854 2022 de
869 1994 956 2029 primo
972 1994 1012 2021 lo-

219 2042 276 2070 cuti
293 2045 375 2074 sunt,
396 2045 423 2069 et
447 2041 585 2076 praicipue
604 2040 691 2068 Jacoh
711 2045 738 2067 et
752 2039 870 2075 Moyses,
886 2040 1010 2067 nonnulli

218 2093 310 2116 tamen
324 2087 407 2115 etiam
418 2087 452 2115 de
463 2086 596 2114 secundo.
611 2085 665 2114 Sed
678 2086 883 2120 m'agnilicentia
896 2086 1011 2121 prophe-

217 2135 263 2163 tia‘.
277 2134 304 2161 in
319 2134 371 2161 hoc
382 2134 500 2161 maxime
518 2132 724 2167 comprobatur,
742 2131 815 2167 quod
828 2132 895 2158 nihil
911 2140 1010 2160 secun-

218 2182 283 2208 dum
306 2179 530 2215 consequentiam
558 2186 649 2206 rerum
673 2178 707 2206 de
738 2177 840 2205 futuris
863 2177 1006 2211 dixerunt;

1029 1566 1050 1595 C

1069 949 1135 972 runt
1154 945 1191 977 ei,
1215 945 1317 980 quibus
1330 945 1402 972 bona
1416 944 1561 972 inelfabilia
1577 945 1742 979 praeparavit
1759 948 1788 971 et
1802 943 1861 972 Ilie-

1068 991 1187 1018 rusalem
1201 991 1337 1019 civitatem
1348 991 1499 1023 caelestem,
1512 998 1573 1026 qua:
1585 997 1668 1025 super
1684 990 1859 1025 splendorem

1069 1037 1136 1065 solis
1160 1036 1275 1072 fulgebit
1298 1037 1326 1064 in
1353 1036 1522 1064 habitatione
1543 1039 1711 1064 sanctorum.
1739 1036 1859 1070 lnjustos

1067 1090 1133 1118 vero
1148 1087 1174 1110 et
1189 1083 1297 1118 impios,
1312 1086 1339 1110 et
1354 1082 1402 1118 qui
1421 1090 1472 1118 pro
1486 1082 1572 1110 nihilo
1586 1081 1741 1110 habuerunt
1762 1081 1858 1112 Deum,

1067 1128 1299 1163 commissamque
1324 1128 1378 1155 sibi
1394 1128 1476 1154 vitam
1493 1127 1599 1154 diversa
1616 1127 1649 1153 ad
1668 1126 1775 1161 ﬂagitia
1797 1134 1859 1154 con-

1068 1175 1209 1207 tulerunt,
1222 1181 1255 1201 ac
1268 1177 1376 1208 tempus
1391 1174 1483 1209 operis
1495 1173 1573 1207 justi,
1588 1173 1752 1199 exercitium
1773 1172 1860 1200 fecere

1068 1221 1189 1253 malitias,
1208 1221 1426 1256 competentibus
1451 1221 1572 1255 ipsisque
1594 1220 1684 1255 dignis
1707 1220 1860 1248 ultionibus

1067 1265 1166 1294 tradet.
1188 1266 1294 1293 Caetera
1314 1274 1380 1294 vero
1393 1274 1454 1301 quae
1469 1267 1507 1293 Ibi
1530 1272 1660 1300 gerentur
1684 1264 1809 1300 proferri
1832 1269 1860 1293 et

1067 1311 1171 1346 eloqui,
1183 1318 1274 1346 neque
1285 1311 1392 1346 angelis
1405 1319 1492 1345 neque
1507 1311 1665 1337 hominibus
1678 1309 1719 1337 fas
1733 1314 1797 1343 est;
1812 1310 1860 1338 sed

1067 1355 1119 1383 hoc
1133 1359 1240 1383 tantum
1253 1356 1326 1383 scire
1342 1363 1393 1383 nos
1413 1356 1527 1387 sufﬁctt,
1543 1355 1615 1389 quod
1629 1355 1710 1382 bonis
1724 1358 1860 1382 sternam

1066 1401 1200 1429 bonorum
1219 1403 1418 1436 possessionem
1431 1401 1553 1428 conferet
1568 1400 1649 1427 Deus.

1101 1447 1156 1474 LII.
1182 1446 1232 1475 His
1251 1448 1286 1474 ab
1300 1455 1333 1475 eo
1354 1448 1436 1474 dictis
1462 1454 1512 1481 ego
1532 1446 1683 1481 respondi:
1700 1446 1730 1473 Si
1754 1446 1859 1474 Christi

1065 1501 1151 1529 regno
1175 1493 1302 1521 fruentur
1326 1494 1363 1524 hi,
1383 1501 1452 1528 quos
1474 1494 1563 1527 justos
1579 1492 1712 1519 invenerit
1726 1492 1792 1526 ejus
1806 1493 1857 1520 ad-

1066 1542 1175 1570 ventus,
1191 1546 1257 1573 ergo
1266 1539 1311 1574 qui
1327 1543 1389 1565 ante
1410 1539 1554 1565 adventum
1567 1539 1626 1571 ejus
1638 1537 1765 1565 defuncti
1781 1542 1856 1568 sunt,

1067 1594 1152 1621 regno
1169 1587 1278 1622 penitus
1299 1587 1453 1613 carebunt?
1470 1586 1537 1612 Tum
1552 1585 1649 1613 Petrus
1667 1595 1673 1612 :
1696 1584 1782 1620 Cogis
1800 1592 1856 1615 me.

1066 1631 1165 1667 inquit,
1190 1640 1207 1659 o
1230 1631 1367 1663 Clemens,
1392 1633 1483 1666 aliqua
1505 1631 1538 1658 de
1562 1631 1749 1658 ineilahilihus
1769 1631 1858 1665 publi-

1066 1685 1138 1706 care.
1160 1677 1354 1705 Verumtamcn
1376 1678 1555 1712 quoadusque
1580 1676 1695 1711 proferri
1714 1676 1791 1708 licet,
1817 1676 1858 1703 fa-

1065 1730 1128 1751 cere
1136 1731 1191 1751 non
1205 1723 1317 1759 pigebit.
1338 1723 1463 1751 Christus
1477 1744 1483 1756 ,
1506 1723 1552 1758 qui
1565 1723 1600 1750 ah
1612 1723 1689 1749 initio
1703 1726 1733 1749 et
1748 1730 1857 1757 semper

1064 1772 1134 1800 erat,
1148 1776 1196 1803 per
1208 1768 1330 1803 singulas
1346 1776 1470 1803 quasque
1481 1769 1669 1803 generationes
1687 1768 1754 1801 piis.
1769 1768 1857 1795 lateo.

1064 1817 1105 1841 ter
1119 1814 1192 1846 licet,
1208 1822 1315 1850 semper
1331 1819 1419 1841 tamen
1432 1814 1537 1845 aderat,
1553 1814 1596 1841 his
1606 1814 1755 1848 praecipue,
1769 1821 1786 1840 a
1797 1813 1858 1848 qui-

1064 1858 1116 1886 bus
1134 1859 1353 1894 exspectabatur,
1372 1859 1525 1893 quibusque
1545 1858 1700 1892 frequenter
1715 1857 1856 1892 apparuit.

1064 1904 1117 1932 Sed
1132 1912 1187 1931 non
1206 1908 1265 1932 erat
1279 1907 1397 1939 tempus,
1420 1909 1449 1931 ut
1469 1909 1535 1930 tunc
1550 1903 1679 1930 resolutis
1689 1903 1856 1938 corporibus

1062 1947 1139 1975 ﬁeret
1163 1948 1348 1981 resurrectio;
1366 1948 1415 1975 sed
1431 1947 1489 1975 bare
1510 1947 1597 1982 magis
1617 1946 1803 1973 remuneratio
1814 1947 1856 1973 vi-

1061 1993 1177 2020 debatur
1192 2001 1207 2020 a
1222 1992 1288 2026 Deo,
1313 1997 1343 2020 ut
1363 1993 1409 2028 qui
1435 1993 1605 2020 inveniretur
1618 1992 1713 2026 justus
1724 2011 1733 2023 ,
1748 1992 1856 2018 diutius

1061 2044 1233 2074 permaneret
1248 2039 1275 2068 in
1291 2047 1417 2074 corpore,
1439 2043 1486 2065 aut
1502 2042 1587 2069 certe.
1599 2039 1671 2065 sicut
1685 2038 1720 2065 de
1732 2037 1853 2072 quodam

1058 2084 1134 2118 justo
1160 2084 1300 2111 evidenter
1326 2083 1445 2111 refertur
1469 2083 1495 2110 in
1519 2084 1619 2110 litteris
1646 2082 1715 2118 legis
1735 2083 1756 2115 ¹,
1775 2082 1851 2117 quod

1060 2129 1231 2157 transtulerit
1255 2137 1317 2156 eum
1342 2129 1423 2157 Deus.
1443 2129 1531 2156 Simili
1546 2128 1671 2163 exemplo
1688 2128 1770 2155 etiam
1787 2135 1850 2154 cum

1059 2175 1167 2203 caneris
1185 2179 1290 2211 gestum
1307 2178 1349 2202 est
1372 2175 1416 2210 qui
1445 2175 1505 2209 ejus
1526 2173 1659 2201 voluntati
1674 2173 1849 2208 placuerunt,

218 2227 319 2262 alioqui
329 2226 481 2253 aestimasse
497 2225 590 2260 potius
605 2224 743 2259 sapientes
754 2233 770 2251 v
782 2225 816 2256 ri,
831 2224 904 2259 quod
915 2231 1007 2251 rerum
1024 2232 1046 2259 ι)
1059 2225 1089 2248 ut
1110 2221 1143 2248 ad
1168 2220 1326 2256 paradisum
1348 2220 1474 2248 translati
1501 2223 1645 2246 serventur
1664 2218 1700 2245 ad
1723 2226 1849 2253 regnum.

216 2272 414 2307 consequentia
428 2271 590 2304 dictaverat,
607 2270 778 2297 viderentur.

252 2317 284 2345 L.
300 2316 379 2350 Quod
395 2320 486 2344 autem
502 2316 574 2348 dico,
587 2315 641 2345 tale
656 2319 700 2343 cst
721 2325 727 2343 :
743 2315 884 2342 Christum
903 2314 1005 2350 suscipi

216 2371 233 2390 a
247 2363 348 2390 Iudaeis
363 2363 397 2390 ad
413 2369 482 2397 quos
503 2365 626 2393 venerat,
647 2365 674 2388 et
689 2361 762 2388 credi
777 2361 812 2392 ei.
833 2361 880 2396 qui
893 2368 1007 2396 exspec-

173 2431 177 2434 .
216 2409 327 2436 tabatur
351 2408 384 2435 ad
408 2407 524 2435 salutem
547 2407 640 2443 populi
672 2406 823 2434 secundum
846 2406 1006 2434 traditiones

215 2459 341 2490 patrum,
357 2462 530 2489 consequens
545 2456 614 2485 erat,
628 2458 722 2488 gentes
733 2460 797 2480 vero
812 2452 915 2480 alienas
931 2452 1007 2480 abeo

216 2499 285 2533 fore,
314 2499 413 2534 quibus
439 2506 528 2533 neque
553 2497 719 2532 promissum
743 2496 893 2531 quidquam
915 2495 948 2523 de
972 2503 1005 2522 eo

215 2553 303 2581 neque
314 2545 504 2572 annuntiatum
528 2543 635 2575 fuerat,
658 2542 712 2569 imo
727 2542 826 2576 quibus
843 2549 878 2568 ne
893 2541 1004 2569 nomine

213 2589 324 2625 quidem
342 2589 402 2624 ipso
421 2588 567 2624 aliquando
589 2587 756 2614 innotuerat.
780 2585 812 2613 Et
827 2589 919 2613 tamen
943 2593 1005 2620 pro—

214 2636 302 2671 pheta
312 2655 319 2667 ,
334 2639 431 2662 contra
444 2634 566 2662 ordinem
581 2636 607 2660 et
621 2632 845 2667 consequentiam
858 2639 951 2659 rerum
963 2631 1005 2658 di-

212 2689 277 2710 xere
291 2689 353 2709 eum
378 2681 605 2715 exspectationem
619 2677 740 2713 gentium
759 2678 804 2709 '°°,
829 2681 856 2705 et
871 2685 926 2704 non
950 2676 999 2703 Ju-

213 2727 334 2754 daaorum
357 2726 489 2753 futurum.
506 2723 545 2751 Ita
563 2723 680 2758 denique
695 2726 722 2749 et
736 2726 841 2757 gestum
857 2725 909 2749 est.
927 2721 996 2749 Cum

212 2774 284 2801 enim
297 2772 416 2800 venisset
429 2792 437 2804 .
454 2772 488 2799 ab
500 2770 544 2797 his
557 2769 603 2805 qui
617 2775 679 2796 eum
696 2767 999 2802 exspectare.videhan-

214 2824 258 2846 iur
265 2825 297 2844 ex
309 2817 456 2844 traditione
466 2815 612 2849 majorum,
624 2812 735 2840 omnino
748 2812 858 2848 agnitus
872 2820 927 2840 non
936 2815 979 2839 est
991 2820 998 2845 ;

249 2903 271 2920 "
290 2903 384 2932 Matth.
396 2912 436 2936 III,
454 2903 496 2932 I7.
533 2903 569 2941 δ”
590 2902 657 2931 Gen.
673 2908 749 2935 χιιι,
768 2901 810 2929 I0.
851 2901 857 2916 ί
880 2899 947 2927 Gen.
961 2907 986 2932 v,
1001 2897 1046 2928 24.

1057 2274 1152 2294 eorum
1170 2273 1235 2293 vero
1253 2265 1300 2300 qui
1325 2273 1379 2292 non
1395 2265 1429 2292 ad
1453 2265 1589 2300 integrum
1604 2267 1719 2299 potuere
1739 2264 1850 2298 explere

1055 2319 1179 2340 normam
1191 2312 1317 2345 justitize,
1336 2311 1385 2339 sed
1400 2312 1507 2346 aliquas
1527 2311 1554 2338 in
1571 2318 1621 2338 sua
1637 2317 1722 2337 carne
1738 2310 1849 2336 malitia-

1056 2358 1187 2393 reliquias
1208 2357 1339 2390 habuere,
1359 2364 1475 2392 corpora
1499 2356 1610 2391 quidem
1628 2355 1848 2385 resolverentur.

1057 2405 1153 2431 animae
1167 2411 1232 2431 vero
1248 2408 1424 2430 servarentur
1439 2402 1467 2429 in
1483 2402 1566 2429 bonis
1585 2401 1712 2436 laetisque
1727 2402 1848 2436 regioni-

1056 2450 1119 2482 bus.
1137 2453 1166 2476 ut
1181 2449 1208 2476 in
1232 2449 1433 2476 resurrectione
1455 2452 1636 2478 mortuorum,
1653 2454 1717 2473 cum
1734 2454 1785 2474 sua
1802 2454 1848 2472 re-

1055 2495 1189 2530 ceperint,
1213 2495 1269 2529 ipsa
1293 2495 1348 2528 jam
1381 2494 1549 2521 resolutione
1580 2492 1710 2527 purgati,
1732 2499 1783 2527 pro
1806 2491 1852 2517 his

1054 2547 1115 2573 quae
1132 2539 1201 2566 bene
1223 2543 1375 2573 gesserant,
1400 2543 1501 2565 mterna
1517 2538 1675 2565 lizeredilate
1693 2538 1851 2571 potiantur.

1053 2584 1087 2610 Et
1102 2584 1165 2611 ideo
1182 2584 1251 2609 beati
1273 2587 1336 2610 sunt
1354 2591 1450 2610 omnes
1465 2583 1511 2617 qui
1530 2589 1647 2617 regnum
1667 2581 1773 2610 Christi
1790 2581 1853 2608 fuc-

1052 2630 1109 2658 rint
1139 2630 1240 2664 adepti,
1264 2629 1327 2663 quia
1352 2637 1404 2655 non
1422 2629 1510 2656 solum
1539 2628 1638 2655 inferni
1663 2635 1762 2663 pinnas
1780 2627 1853 2655 εσυ-

1051 2675 1135 2710 gient,
1152 2675 1198 2701 sed
1211 2679 1237 2702 et
1252 2674 1476 2708 incorruptibiles
1490 2673 1703 2709 permanebunt,
1719 2677 1750 2701 et
1765 2673 1852 2708 primi

1051 2719 1136 2747 Deum
1159 2720 1268 2747 Patrem
1288 2720 1436 2752 videbunt,
1453 2725 1535 2754 atque
1553 2720 1624 2747 inter
1643 2720 1754 2754 primos
1774 2718 1852 2754 apud

1051 2765 1137 2794 Deum
1154 2765 1268 2793 honoris
1287 2766 1410 2793 ordinem
1430 2769 1646 2799 consequentur.

1089 2810 1154 2839 LIII.
1171 2811 1286 2847 Propter
1301 2811 1374 2847 quod
1388 2819 1444 2840 non
1464 2811 1578 2839 minima
1590 2810 1624 2839 de
1639 2810 1755 2839 Christo
1776 2818 1850 2847 qua»
