3890 6192
337 314 475 370 ιτεπῖ

1549 309 2125 371 BECOGNITIONUM
2162 309 2290 365 LIB.
2326 309 2371 368 I.

3461 316 3483 370 1
3494 313 3600 370 258

334 432 441 487 stio
460 429 714 495 habetur,
735 435 791 485 et
817 428 1062 485 inﬁdeles
1086 430 1290 501 quique
1310 444 1378 486 ex
1411 427 1615 486 Judaais
1642 430 1910 484 immensa
1941 432 1985 489 Α
2013 424 2210 495 cipulis
2251 420 2480 480 Joannis
2523 422 2660 496 (46),
2707 424 2801 494 qui
2849 424 3176 485 videbantur
3222 442 3345 486 esse
3390 429 3595 499 magni,

332 523 626 577 adversum
665 536 769 577 nos
808 521 1024 577 insania
1066 532 1513 587 commoventur,
1554 530 1805 577 verentes
1846 536 1915 575 ne

333 610 476 668 forte
518 614 643 683 ipse
671 610 765 674 sit,
813 613 869 667 in
900 629 1063 683 quem
1097 624 1493 684 peccaverunt;
1546 622 1601 669 et
1643 628 1710 668 eo
1741 612 1916 683 magis

332 711 515 762 metus
544 704 832 769 increscit,
871 706 1020 776 quod
1056 708 1261 771 sciunt,
1294 706 1478 761 statim
1515 713 1574 760 ιιι
1596 721 1722 762 eum
1761 705 1913 760 cruci

327 794 573 859 aliixere,
608 797 923 853 universum
960 798 1013 853 ei
1056 813 1407 868 compassum
1449 812 1574 853 esse
1623 797 1911 862 mundum,

328 904 647 959 corpusque
676 890 797 960 ejus
825 889 1075 961 diligenti
1104 905 1137 944 ι
1165 907 1225 947 se
1242 890 1498 947 custodia
1526 899 1912 953 conservatum

328 996 609 1052 nusquam
661 984 1078 1053 comparuisse,
1139 992 1302 1053 atque
1354 981 1423 1035 ad
1474 980 1634 1037 ﬁdem
1673 980 1913 1036 nominis

329 1073 457 1143 ejus
506 1072 824 1130 innumeras
875 1073 1254 1128 multitudines
1292 1072 1607 1127 convenire.
1654 1069 1811 1125 Unde
1859 1076 1914 1124 et

328 1159 606 1231 compulsi
644 1170 774 1217 sunt
817 1177 924 1217 una
970 1177 1097 1217 cum
1146 1160 1401 1232 pontiﬁce
1439 1158 1666 1230 Caipha,
1712 1160 1911 1228 sapius

329 1253 553 1308 mittere
594 1252 663 1309 ad
692 1268 797 1310 nos
819 1292 836 1319 ,
882 1262 941 1309 ut
968 1253 1038 1309 de
1079 1253 1318 1309 nominis
1347 1252 1470 1321 ejus
1504 1251 1731 1306 veritate
1758 1266 1911 1321 quae-

330 1348 568 1398 Ieretur.
623 1342 871 1415 Cumque
926 1343 1120 1399 crebro
1162 1343 1523 1413 deposcerent
1574 1348 1633 1395 ut
1675 1341 1743 1395 de
1782 1338 1912 1395 Jesu

328 1441 429 1487 aut
464 1433 745 1489 discerent
783 1441 878 1488 aut
908 1433 1193 1498 docerent,
1232 1434 1279 1489 si
1308 1434 1428 1503 ipse
1460 1441 1606 1489 esset
1632 1432 1909 1493 Christus,

327 1524 513 1580 visum
550 1525 712 1581 nobis
746 1535 831 1581 est
860 1525 1163 1581 ascendere
1207 1525 1275 1580 ad
1303 1525 1586 1596 templum,
1630 1532 1685 1579 et
1726 1539 1912 1579 coram

328 1618 490 1671 omni
544 1618 746 1689 p0pulo
800 1619 1095 1690 protestari
1136 1619 1202 1675 de
1250 1635 1337 1684 eo,
1390 1618 1556 1676 simul
1601 1626 1654 1673 et
1682 1632 1913 1689 arguere

326 1704 552 1764 Judmos
576 1707 646 1763 de
677 1709 886 1776 multis,
917 1724 1041 1779 qua:
1077 1710 1146 1765 ab
1172 1710 1255 1766 eis
1290 1709 1531 1766 absurde
1560 1708 1907 1781 gerebantur.

2016 522 2379 586 segregarunt
2409 531 2469 570 se
2498 531 2529 569 a
2568 517 2768 587 populo
2798 524 2851 571 et
2884 517 3206 588 magistrum
3236 534 3397 575 suum
3427 521 3598 574 veluti

2012 607 2293 663 Christum
2341 608 2732 678 praedicarunt.
2777 606 2904 662 Haec
2945 621 3123 663 autem
3158 608 3343 664 omnia
3390 627 3600 683 praepa-

2013 713 2131 758 rata
2166 710 2297 757 sunt
2323 701 2642 765 schismata,
2686 708 2823 757 utet
2857 702 2991 757 ﬁdes
3013 701 3219 758 Christi
3238 718 3334 774 per
3348 702 3466 759 hac
3495 706 3599 761 im-

2013 793 2311 865 pediretur,
2345 801 2401 849 et
2424 794 2713 862 baptisma.
3288 792 3289 795 “

2081 883 2191 941 LV.
2234 883 2645 948 Verumtamen,
2690 891 2750 937 ut
2798 882 2984 941 dicere
3036 900 3406 956 coeperamus,
3467 902 3594 943 cum

2009 974 2327 1045 frequenter
2368 989 2471 1029 nos
2512 974 2756 1044 pontifex
2794 989 2890 1045 per
2942 975 3257 1033 sacerdotes
3309 984 3595 1047 rogasset,

2013 1072 2073 1120 ut
2110 1065 2178 1120 de
2222 1064 2351 1121 Jesu
2395 1080 2579 1120 sermo
2606 1065 2766 1121 nobis
2804 1066 3099 1121 haberetur
3136 1065 3207 1120 ad
3247 1066 3594 1134 alterutrum,

2013 1155 2106 1211 ubi
2134 1164 2506 1226 opportunum
2549 1155 2729 1213 visum
2770 1163 2856 1211 est
2897 1164 2952 1212 et
2991 1157 3142 1212 omni
3176 1156 3435 1221 Ecclesize
3476 1160 3596 1232 pla-

2012 1248 2147 1311 cuit,
2180 1247 2537 1303 ascendimus
2579 1247 2648 1301 ad
2680 1249 2964 1319 templum,
2997 1256 3052 1304 et
3088 1256 3298 1307 stantes
3326 1252 3381 1307 in
3411 1253 3597 1324 gradi-

2014 1340 2117 1395 bus
2148 1355 2256 1395 una
2285 1356 2411 1395 cum
2443 1339 2701 1396 ﬁdelibus
2744 1342 3009 1398 fratribus
3049 1345 3255 1400 nostris
3275 1385 3290 1408 ,
3322 1344 3467 1401 facto
3495 1361 3595 1416 po-

2014 1432 2127 1503 puli
2165 1448 2381 1489 summo
2402 1433 2641 1496 silentio,
2677 1435 2828 1505 prior
2855 1435 3097 1507 pontifex
3121 1437 3289 1507 ςωρὶι
3317 1437 3593 1497 adhortari

2015 1524 2296 1594 populum,
2325 1534 2385 1579 ut
2413 1526 2683 1597 patienter
2700 1534 2755 1581 et
2778 1543 2902 1581 cum
2928 1527 3112 1598 quiete
3134 1529 3380 1594 audiant,
3401 1530 3597 1587 simul-

2014 1631 2121 1685 que
2145 1631 2334 1671 eorum
2357 1633 2478 1688 quae
2500 1618 2733 1674 dicenda
2766 1627 2895 1673 sunt
2948 1626 3118 1677 testes
3137 1620 3419 1691 etjudices
3440 1623 3592 1679 ﬁant.

2014 1702 2155 1759 Tum
2185 1706 2384 1763 deinde
2424 1707 2616 1764 multis
2645 1706 2902 1763 laudibus
2931 1706 3167 1765 eﬁ'erens
3197 1708 3595 1765 sacriﬁciorum

330 1796 392 1853 in
422 1799 623 1853 multas
651 1800 853 1855 etenim
881 1800 995 1871 jam
1032 1808 1217 1872 partes
1257 1802 1493 1873 populus
1532 1799 1910 1865 scindebatur,
1944 1789 1986 1845 Β
2015 1796 2203 1861 ritum,
2261 1797 2357 1868 qui
2410 1796 2481 1852 ad
2537 1798 2922 1855 remissionem
2958 1808 3308 1869 peccatorum
3354 1799 3598 1857 humano

329 1891 494 1946 initio
524 1900 744 1962 sumpto
777 1907 809 1947 a
836 1891 1051 1949 Joanne
1075 1893 1340 1964 Baptista.

400 1982 537 2038 LIV.
569 1983 708 2039 Cum
743 1985 891 2041 enim
929 1986 1045 2056 jam
1082 1987 1395 2042 immineret
1429 1993 1586 2043 ortus
1612 1988 1818 2046 Christi
1840 1990 1910 2046 ad

328 2078 602 2132 sacriﬁcia
640 2078 865 2148 quidem
906 2078 1255 2149 reprimenda
1276 2119 1292 2145 ,
1337 2079 1593 2150 baptismi
1625 2096 1756 2136 vero
1783 2098 1911 2153 gra-

322 2168 462 2223 tiam
513 2168 876 2239 largiendam,
934 2169 1192 2225 inimicus
1241 2186 1309 2225 ex
1355 2170 1444 2227 bis
1493 2186 1615 2241 quae
1650 2172 1911 2242 praedicta

327 2258 548 2315 merant
581 2261 779 2316 adesse
833 2268 1053 2331 tempus
1093 2261 1429 2334 intelligens,
1475 2263 1709 2334 [diversa
1758 2266 1910 2321 schi-

325 2361 475 2407 nata
505 2352 839 2423 operabatur
872 2355 930 2409 in
974 2356 1177 2425 populo
1206 2356 1356 2427 (44),
1391 2368 1449 2412 ιιι
1485 2358 1532 2415 si
1574 2358 1717 2415 forte
1754 2363 1910 2432 prius

326 2453 614 2516 peccatum
653 2448 927 2518 potuisset
963 2448 1192 2515 aboleri,
1240 2451 1483 2507 secunda
1517 2453 1720 2525 corrigi
1748 2454 1909 2525 culpa

326 2553 442 2594 non
469 2546 677 2609 posset.
724 2540 855 2596 Erat
885 2557 1017 2614 ergo
1051 2542 1289 2613 primum
1321 2544 1561 2601 schisma
1592 2533 1785 2601 eorum
1813 2546 1909 2617 qui

323 2629 658 2687 dicebantur
713 2630 1037 2700 Sadducaei,
1111 2636 1273 2692 initio
1326 2635 1560 2695 Joannis
1606 2639 1721 2709 jam
1772 2655 1911 2710 pene

328 2724 676 2795 temporibus
702 2736 939 2796 sumpto.
972 2726 1149 2799 Hique
1174 2738 1235 2784 ut
1264 2731 1755 2802 caeterisjustiores
1772 2732 1908 2804 (45),

244 2850 255 2859 -
328 2833 621 2890 segregare
652 2834 712 2875 se
742 2833 959 2891 cmpere
988 2836 1019 2874 a
1050 2822 1236 2893 populi
1272 2832 1441 2891 cmtu,
1480 2834 1535 2880 et
1567 2834 1911 2882 mortuorum

328 2913 796 2968 resurrectionem
838 2928 1042 2984 negare
1066 2916 1101 2947 ι·
1123 2915 1288 2988 idque
1338 2924 1665 2989 argumento
1718 2919 1912 2976 inﬁde-

328 3004 503 3060 litatis
560 3020 831 3071 asserere,
911 3008 1158 3065 dicentes
1214 3025 1325 3065 non
1380 3027 1517 3068 esset
1560 3012 1787 3083 dignum
1850 3021 1909 3071 ut

326 3099 489 3165 quasi
523 3098 629 3153 sub
664 3100 917 3158 mercede
949 3104 1232 3174 proposita
1265 3106 1481 3161 colatur
1508 3105 1671 3163 Deus.
1704 3108 1910 3165 Auctor

324 3206 461 3245 vero
493 3194 784 3249 sententia}
827 3194 993 3264 hujus
1035 3197 1247 3266 primus
1277 3196 1592 3263 Dositheus,
1638 3204 1913 3261 secundus

326 3281 517 3337 Simon
543 3282 663 3342 fuit.
688 3287 846 3341 Aliud
871 3287 1204 3342 Samaraaum
1225 3288 1463 3344 schisma
1490 3297 1607 3357 est;
1640 3292 1742 3359 ipsi
1764 3294 1910 3350 enim

324 3380 792 3437 resurrectionem
826 3391 1169 3436 mortuorum
1208 3391 1473 3455 negantes
1492 3394 1767 3451 asserunt,
1799 3405 1910 3445 non

326 3471 385 3525 in
409 3470 820 3546 Hierosolymis,
859 3473 959 3529 sed
990 3474 1046 3528 in
1078 3482 1263 3530 monte
1301 3474 1522 3531 Garizin
1571 3478 1907 3536 adorandum

320 3575 453 3615 esse
493 3560 682 3619 Deum.
732 3562 837 3629 Qui
871 3569 1050 3617 tamen
1080 3578 1247 3616 unum
1284 3578 1472 3618 verum
1497 3565 1816 3635 prophetam
1839 3583 1907 3622 ex

326 3651 532 3724 Moysis
569 3654 1049 3709 vaticinationibus
1082 3662 1230 3710 recte
1275 3664 1690 3726 exspectantes,
1729 3660 1911 3730 pravi-

323 3753 441 3800 tate
484 3745 730 3802 Dosithei
773 3747 1013 3817 impediti
1045 3754 1195 3810 sunt,
1226 3762 1294 3802 ne
1316 3747 1462 3801 hunc
1491 3764 1652 3819 quem
1685 3766 1912 3822 exspec-

324 3835 537 3899 tabant,
591 3835 878 3891 crederent
934 3851 1058 3891 esse
1100 3835 1307 3892 Jesum.
1372 3835 1578 3893 Scriba:
1613 3856 1830 3911 quoque
1855 3851 1910 3898 et

322 3925 585 3981 Pharisaei
620 3928 675 3982 in
696 3928 843 3982 aliud
869 3929 1107 3984 schisma
1129 3927 1493 3985 deducuntur.
1527 3929 1632 3986 Sed
1656 3932 1710 3986 hi
1733 3934 1909 4005 bapti-

322 4019 434 4076 zati
475 4034 505 4072 a
541 4018 774 4080 Joanne.
805 4027 858 4075 et
886 4021 1034 4076 velut
1073 4023 1280 4078 clavem
1307 4025 1460 4093 regni
1488 4025 1751 4081 cmlorum
1780 4043 1904 4082 ver-

323 4107 456 4163 bum
481 4112 727 4167 veritatis
755 4119 1004 4168 tenentes
1044 4128 1109 4168 ex
1146 4113 1349 4185 Moysis
1384 4116 1680 4172 traditione
1709 4134 1897 4174 susce-

322 4210 500 4273 ptum,
538 4205 894 4259 occultarunt
916 4205 1141 4261 auribus
1169 4208 1350 4279 populi
1381 4216 1421 4263 ι.
1471 4208 1574 4266 Sed
1605 4218 1659 4265 et
1686 4226 1752 4266 ex
1777 4210 1893 4268 dis-

407 4360 641 4416 ’Matth.
676 4376 813 4425 xxu,
840 4363 929 4417 25.
1006 4362 1026 4394 ³
1060 4361 1190 4418 Luc.
1226 4380 1305 4429 si,
1336 4365 1424 4421 52.

2015 1888 2204 1960 generi
2257 1889 2522 1946 divinitus
2571 1900 2717 1952 esset
2768 1890 3038 1957 indultus,
3083 1891 3420 1951 causabatur
3465 1891 3598 1950 Jesu

2014 1980 2193 2037 nostri
2230 1981 2501 2052 baptisma
2532 1982 2681 2038 velut
2710 1990 2903 2037 contra
2939 1983 3054 2039 haec
3082 2000 3258 2054 nuper
3287 1983 3592 2040 inductum.

2017 2070 2125 2127 Sed
2156 2072 2623 2143 propositionibus
2652 2073 2775 2142 ejus
2804 2088 3104 2130 occurrens
3135 2072 3446 2137 Matthzeus,
3477 2073 3597 2129 evi-

2014 2159 2209 2217 denter
2236 2162 2477 2217 ostendit
2550 2162 2697 2233 quod
2747 2163 2793 2218 si
2839 2162 2963 2234 quis
3006 2162 3135 2219 Jesu
3183 2164 3454 2235 baptisma
3487 2180 3597 2220 non

2014 2252 2182 2310 fuerit
2235 2262 2588 2317 consecutus,
2639 2256 2688 2312 is
2736 2272 2847 2312 non
2891 2256 3069 2311 solum
3126 2258 3389 2312 cmlorum
3427 2274 3597 2331 regno

2014 2342 2399 2411 fraudabitur,
2430 2362 2619 2402 verum
2652 2356 2706 2403 et
2727 2348 2781 2402 in
2817 2348 3223 2404 resurrectione
3250 2357 3595 2406 mortuorum

2013 2452 2125 2492 non
2167 2438 2375 2508 absque
2428 2438 2672 2509 periculo
2720 2438 2850 2504 erit,
2900 2440 3117 2494 etiamsi
3158 2439 3314 2495 bona:
3366 2442 3494 2496 vita:
3527 2439 3594 2497 'et

2012 2536 2176 2585 recta:
2199 2531 2400 2586 mentis
2430 2531 2788 2602 praerogativa
2827 2533 3129 2589 muniatur.
3164 2531 3289 2587 Haec
3314 2539 3369 2588 et
3405 2533 3493 2590 his
3519 2534 3599 2589 si-

2013 2621 2162 2676 milia
2188 2629 2518 2693 prosecutus
2546 2622 2703 2679 siluit
2732 2620 3036 2679 Mattbazus.

2084 2732 2221 2791 LVI.
2282 2732 2391 2790 Sed
2434 2733 2865 2792 Sadducaeorum
2905 2751 3055 2807 pars,
3103 2751 3225 2807 quae
3276 2744 3439 2809 negat
3473 2751 3598 2793 esse

2014 2829 2477 2884 resurrectionem
2519 2836 2887 2891 mortuorum,
2941 2829 3224 2899 indignata
3268 2836 3375 2894 est,
3421 2829 3497 2883 ita
3531 2836 3594 2883 ut

2012 2920 2233 2992 quidam
2297 2937 2365 2976 ex
2421 2921 2558 2991 ipsis
2616 2921 2686 2977 de
2740 2922 2922 2977 medio
2994 2922 3179 2992 populi
3238 2922 3593 2987 exclamaret,

2013 3013 2206 3069 dicens
2237 3014 2469 3068 multum
2508 3028 2695 3068 errare
2725 3028 2822 3068 eos
2856 3013 2950 3083 qui
2982 3020 3174 3083 putent
3215 3022 3462 3069 mortuos
3494 3013 3596 3067 ali-

2014 3105 2236 3176 quando
2264 3119 2571 3177 resurgere.
2606 3103 2814 3160 Contra
2848 3104 2999 3160 hunc
3026 3103 3276 3159 Andreas
3305 3119 3461 3161 meus
3486 3103 3597 3157 fra-

2015 3205 2101 3253 ter
2126 3197 2489 3268 respondens,
2532 3196 2721 3254 docuit
2740 3212 2986 3253 errorem
3020 3214 3127 3252 non
3158 3212 3283 3252 esse
3302 3236 3317 3261 ,
3350 3195 3444 3251 sed
3468 3211 3593 3251 cer-

2011 3288 2283 3344 tissimam
2314 3287 2498 3353 ﬁdem,
2526 3288 2676 3360 quod
2705 3289 2906 3344 mortui
2936 3296 3251 3361 resurgant,
3284 3288 3592 3344 secundum

2009 3395 2073 3435 ea
2099 3395 2220 3450 quae
2246 3380 2433 3437 docuit
2459 3380 2506 3437 is
2533 3420 2549 3446 ,
2592 3396 2754 3452 quem
2784 3379 2999 3452 Moyses
3029 3381 3279 3451 pra‘dixit
3303 3390 3595 3435 venturum

2011 3473 2368 3543 prophetam;
2400 3479 2495 3527 aut
2516 3473 2563 3529 si
2588 3489 2701 3528 non
2726 3473 3005 3529 videretur
3029 3473 3111 3528 eis
3134 3474 3251 3543 ipse
3279 3488 3402 3527 esse
3428 3489 3595 3544 quem

2009 3566 2260 3637 praedixit
2291 3565 2520 3639 Moyses,
2538 3565 2606 3623 de
2633 3565 2759 3631 hoc,
2802 3565 3004 3637 inquit,
3036 3566 3214 3636 primo
3253 3566 3591 3636 requiratur.

2014 3664 2073 3712 ut
2123 3673 2247 3713 cum
2284 3657 2567 3714 evidenter
2613 3659 2731 3730 ipse
2786 3656 2952 3713 fuerit
2999 3658 3297 3729 probatus,
3336 3656 3474 3711 nihil
3522 3655 3606 3715 ιω

2009 3750 2223 3821 reliquo
2280 3765 2447 3822 super
2504 3750 2590 3807 his
2636 3765 2761 3822 qua:
2808 3749 2999 3806 docuit
3063 3749 3393 3819 ambigatur.
3462 3744 3589 3803 Ilaec

2010 3849 2192 3898 autem
2208 3850 2264 3898 et
2278 3843 2364 3900 his
2390 3842 2591 3899 similia
2613 3843 2772 3914 plura
2786 3849 3124 3915 protestatus
3142 3841 3295 3897 siluit
3315 3839 3584 3896 Andreas.

2080 3933 2239 3990 LVII.
2286 3933 2596 3991 Samaraeus
2630 3949 2761 3991 vero
2800 3934 3045 4006 quidam,
3085 3932 3361 3989 contraria
3392 3932 3591 4003 popqu

2006 4036 2063 4085 et
2095 4028 2207 4083 Deo
2246 4028 2497 4099 loquens,
2528 4034 2583 4083 et
2616 4043 2795 4099 neque
2832 4034 3079 4082 mortuos
3116 4040 3373 4081 asserens
3396 4039 3589 4079 resur-

2021 4129 2296 4184 recturos,
2331 4136 2509 4189 neque
2534 4135 2659 4177 eum
2682 4120 2775 4190 qui
2797 4129 2880 4174 est
2916 4119 2971 4173 in
3001 4117 3343 4174 Hierusalem
3375 4116 3584 4171 cultum

2010 4210 2108 4267 Dei
2154 4212 2489 4277 tenendum,
2528 4212 2623 4270 sed
2656 4218 2895 4268 montem
2919 4209 3135 4267 Garizin
3172 4208 3541 4267 venerandum
3564 4234 3583 4261 ν

1614 4541 1979 4600 COTELERII
2032 4543 2265 4605 NOTAE.

393 4743 520 4817 (44)-
553 4742 770 4817 Diuersa
796 4744 1501 4817 sohismatagoperabaturiin
1522 4743 1732 4814 populo.
1757 4743 1893 4800 Pro—
1924 4751 1968 4807 D
1997 4746 2098 4808 nii,
2148 4744 2421 4817 corrigere
2471 4742 2732 4817 debemus
2772 4742 2999 4817 S'nidam
3035 4742 3426 4817 τΣαδᾷᾳυκαίᾳς
3472 4746 3581 4799 ἀπὸ

319 4813 442 4870 εει-ι)
475 4817 530 4869 in
563 4830 623 4869 re
652 4815 869 4884 vulgata
899 4815 1101 4884 aliquid
1137 4813 1251 4870 'non
1293 4816 1441 4877 omni
1483 4831 1546 4869 ex
1579 4822 1735 4884 parte
1776 4817 1895 4869 vul-

316 4892 507 4956 gatum
559 4905 585 4956 ςν
618 4883 914 4956 formulam
971 4883 1212 4940 Graecam
1261 4883 1610 4939 renuntiandi
1655 4883 1897 4940 Judaicze

320 4953 594 5026 religioni,
618 4953 1076 5026 Hebraeorumque
1105 4956 1300 5010 ritibus
1329 4964 1384 5009 et
1430 4956 1597 5026 sectis
1592 4972 1632 5026 _;
1666 4957 1897 5025 amplio-

318 5024 553 5079 reuiilla
592 5041 712 5095 quae
748 5024 1315 5095 habetur‘Euchologii
1346 5042 1399 5094 p.
1430 5024 1554 5079 544.
1592 5024 1718 5077 Eam
1740 5024 1898 5095 com-

318 5096 579 5164 plectitur
604 5094 775 5165 codex
797 5094 1003 5165 Regius
1029 5097 1187 5151 1818.
1214 5094 1285 5135 4-
1306 5095 1494 5150 Exstat
1518 5110 1645 5150 vero
1670 5094 1808 5149 infra
1840 5096 1896 5149 in

318 5164 556 5289 Appemé.
604 5164 843 5221 Monum.
888 5164 981 5223 bis
1045 5166 1312 5237 Recognit.
1379 5166 1533 5221 libris
1602 5166 1845 5235 subjecta
1877 5205 1895 5231 ,

318 5251 473 5289 num.
546 5276 561 5289 .
1506 5286 1509 5289 λ

318 5251 473 5289 num.
506 5251 561 5291 κ.
1506 5286 1509 5291 .

392 5304 506 5375 (45)
548 5302 615 5358 Ut
644 5306 848 5360 cmteris
867 5306 1141 5375 justiores.
1182 5304 1395 5375 Allusio
1420 5304 1485 5358 ad
1509 5318 1705 5359 nomen
1770 5304 1898 5359 Ilie-

316 5374 609 5445 ronymus,
643 5376 746 5430 sub
784 5376 945 5445 ﬁnem
994 5376 1117 5431 libri
1156 5392 1218 5430 ιιι
1290 5374 1802 5430 Commentariorum
1842 5376 1896 5429 in

317 5444 635 5499 Matthwum
683 5461 702 5498 :
763 5444 1048 5500 Sadducwi
1100 5456 1276 5500 autem
1330 5446 1425 5515 qui
1482 5445 1896 5515 interpretantur

304 5516 469 5583 justi,
493 5524 543 5568 et
562 5516 664 5583 ipsi
694 5514 1031 5586 vindicabant
1056 5517 1157 5569 sibi
1198 5513 1469 5586 quodnon
1499 5513 1893 5586 erant.HTlieo-

316 5585 935 5670 phylactilsmadmblattli.
967 5586 1141 5670 131:7,
1180 5584 1250 5670 De
1295 5584 1658 5670 sadducwisa
1683 5584 1890 5670 Ἐριξη-

316 5655 667 5726 νεύονταινδὲ,
701 5656 916 5709 δίκαιοι.
966 5656 1129 5712 Σεδὲκ
1174 5655 1282 5726 γὰρ
1336 5656 1368 5724 ἡ

314 5726 506 5796 aratos;
534 5725 640 5794 γὰρ
671 5727 896 5796 ὲᾳυτοϋς
925 5726 1223 5796 ᾠγόμαζον.
1254 5724 1348 5778 ³⁸11
1380 5726 1501 5796 νάπὸ
1543 5724 1893 5796 αἱρεςξιάρχου

316 5794 504 5850 Σαδὼκ
548 5793 916 5865 ὀνομάζονται.
947 5793 1119 5864 Unde,
1162 5810 1225 5851 ac
1254 5811 1317 5852 ex
1347 5793 1617 5851 similibus
1661 5793 1893 5865 Epipha-

2000 4818 2185 4870 τόπου.
2236 4810 2966 4886 δεῖἱρεθτιιιμάπὸίτρόποῖ,
2997 4830 3030 4867 a
3076 4810 3326 4886 moribus.
3383 4812 3582 4869 Remo-

2001 4888 2110 4940 tior
2130 4894 2213 4941 est
2242 4882 2551 4940 emendatio
2582 4882 2792 4948 Drusii,’
2824 4900 2885 4939 ιιι
2919 4884 2991 4937 De
3012 4885 3166 4939 sectis
3184 4882 3495 4938 Judworum
3520 4886 3576 4949 4,

2001 4958 2110 5011 ἀπὸ
2139 4955 2411 5009 Δοσιθέου.

2077 5026 2187 5096 (46)
2228 5025 2313 5080 Ea:
2342 5023 2883 5096 discipulisloannis,
2911 5031 3024 5096 etc.
3058 5021 3305 5096 Vigilins
3333 5022 3579 5093 Tapsen-

2004 5098 2081 5153 sis
2114 5092 2208 5152 lib.
2268 5112 2284 5149 ι
2315 5092 2497 5150 c‘ontra
2526 5094 2733 5157 Arium,
2760 5094 3048 5149 Sabellium
3069 5103 3118 5146 et
3148 5092 3431 5145 Photinum
3452 5098 3586 5164 cap.‘

2004 5168 2076 5223 20
2102 5187 2112 5220 :
2155 5166 2222 5219 Et
2249 5168 2371 5236 quia
2408 5165 2561 5219 multi
2588 5169 2893 5236 dogmatum
2926 5176 3174 5236 novorum
3212 5172 3452 5217 auctores
3480 5181 3577 5217 ex-

2001 5233 2271 5301 stiterant,
2310 5237 2565 5290 doctrina:
2615 5233 2879 5288 obviantes
2931 5233 3262 5301 apostolica,
3301 5244 3577 5302 omnesque

2001 5317 2284 5361 sectatores
2318 5323 2440 5361 suos
2469 5305 2753 5373 discipulos
2784 5304 3149 5367 nominabant,
3178 5320 3268 5357 nec
3302 5312 3417 5356 erat
3462 5306 3576 5359 ulla

1999 5379 2227 5431 nominis
2278 5377 2527 5431 discretio
2573 5377 2710 5429 inter
2757 5392 2903 5429 veros
2947 5374 3227 5443 Ialsosquer
3257 5374 3571 5443 discipulos,

1998 5450 2104 5503 sive
2124 5449 2211 5509 qui
2242 5447 2461 5510 Christi,
2494 5447 2599 5499 sive
2627 5446 2717 5516 qui
2756 5444 3015 5516 Dosithei,
3046 5442 3152 5516 sive
3188 5442 3435 5507 Theudae,
3466 5446 3573 5498 sive

1994 5516 2153 5572 Iuda:
2182 5516 2483 5587 cujusdam,
2518 5513 2822 5587 sive’etiam
2861 5513 3089 5587 Joannis
3135 5522 3452 5587 sectatores,
3482 5516 3573 5585 qui

1995 5604 2051 5642 se
2086 5583 2615 5659 quasi'CIiristojiIa
2666 5585 2994 5659 membranae
3015 5583 3199 5653 Regiae
3248 5600 3305 5659 n.
3355 5583 3572 5646 358,‘et

1417 5654 1729 5725 δικαιοσύνη
1739 5654 1755 5725 ,⁷
1801 5654 1890 5707 Δι-

2015 5654 2163 5713 :ditio
2205 5654 2534 5715 Cassandrii'
2567 5656 2774 5711 credere
2807 5654 3139 5723 fatebantur;
3184 5654 3464 5709 noluerunt
3511 5664 3571 5708 ut

2002 5746 2103 5785 uno
2129 5728 2507 5798 discipulorum
2537 5728 2743 5781 nomine
2776 5734 3127 5780 cernerentur.
