3890 6192
425 299 566 358 1259

1277 301 1336 358 S.
1374 299 1770 357 CLEMENTIS
1803 298 1822 352 l
1858 299 2027 359 ROM.
2061 301 2265 359 PONT.
2301 301 2533 359 OPERA
2564 302 2790 363 DUBIA.

3536 313 3683 369 {2‘0

421 416 636 474 addidit
676 424 869 473 contra
910 430 1015 472 nos
1041 415 1208 510 etiam
1254 416 1401 480 haec,
1446 417 1590 487 quod
1620 418 1784 473 Jesus
1815 425 2002 473 noster
2032 452 2074 510 Α
2101 419 2277 490 major
2311 420 2400 476 ille
2426 422 2546 476 sine
2577 421 2780 488 dubio,
2811 423 2908 495 qui
2936 432 2992 480 et
3020 426 3283 497 propheta
3320 436 3377 483 et
3413 427 3687 487 Christus

417 526 529 566 non
564 518 711 566 esset
745 511 882 580 ipse,
926 524 1087 579 quem
1120 507 1334 579 Moyses
1358 510 1678 579 prophetam
1710 519 1999 566 venturum

416 620 543 661 esse
573 603 907 673 prcdixerit.
948 601 1254 657 Adversum
1293 602 1441 656 hunc
1473 610 1527 656 et
1550 602 1716 655 alium
1749 603 1844 673 qui
1875 618 2001 657 cum

419 697 542 767 ipso
621 695 739 749 bac
819 692 1010 748 eadem
1093 694 1530 763 prosequebatur
1591 694 1837 749 Zebeda'i
1904 694 1999 749 filii

414 785 654 842 Jacobus
707 793 762 841 et
811 784 1053 840 Joannes
1099 785 1454 840 vehementer
1501 785 1682 840 obnisi
1732 796 1894 850 sunt,
1946 794 2001 842 et

412 873 667 944 quamvis
724 873 990 928 baberent
1033 872 1392 937 mandatum,
1446 890 1516 930 ne
1577 874 2000 944 ingrederentur

413 966 665 1022 civitates
686 980 873 1020 eorum
904 981 1083 1035 neque
1113 967 1339 1021 verbum
1370 968 1453 1023 eis
1482 967 1889 1037 praedicationis
1916 967 1999 1020 iu-

415 1060 622 1117 ferrent
650 1059 693 1123 ⁸,
718 1069 898 1113 tamen
922 1074 991 1113 ne
1020 1074 1207 1113 sermo
1222 1075 1436 1126 eorum,
1463 1061 1509 1115 si
1542 1059 1859 1115 confutatus
1888 1076 1996 1115 non

411 1160 582 1215 esset,
620 1151 853 1205 aliorum
890 1150 1106 1205 laederet
1138 1150 1333 1215 fidem,
1369 1153 1443 1205 ita
1474 1152 1773 1222 prudenter
1802 1159 1857 1207 et
1885 1152 1997 1207 for-

410 1246 541 1300 titer
602 1242 1049 1313 responderunt,
1101 1250 1161 1297 ut
1220 1252 1543 1314 perpetuum
1587 1246 1671 1299 eis
1716 1245 1995 1299 silentium

410 1337 627 1393 darent.
678 1334 815 1388 Nam
842 1332 1082 1389 Jacobus
1112 1334 1179 1389 de
1216 1337 1622 1393 resurrectione
1651 1346 1995 1393 mortuorum

410 1444 537 1482 cum
569 1428 740 1481 totius
769 1425 953 1496 populi
992 1425 1176 1480 favore
1215 1428 1497 1495 peroravit
1531 1468 1546 1492 ,
1586 1425 1828 1484 Joannes
1868 1445 1997 1485 vero

410 1518 691 1581 ostendit,
737 1520 865 1586 quia
898 1516 943 1572 si
974 1525 1259 1572 cessarent
1302 1517 1371 1572 ab
1412 1532 1603 1573 errore
1645 1520 1850 1575 montis
1889 1518 1993 1573 Ga-

410 1612 586 1674 rizln,
642 1615 1050 1678 consequenter
1104 1616 1468 1678 agnoscerent
1514 1610 1695 1680 ipsum
1742 1626 1865 1666 esse
1906 1609 1993 1665 Je-

408 1717 530 1757 sum
554 1741 569 1765 ,
601 1701 693 1771 qui
737 1699 1041 1757 secundum
1085 1700 1430 1770 prophetiam
1478 1700 1682 1773 Moysis
1713 1712 1995 1771 exspecta-

407 1794 571 1848 batur
622 1808 746 1848 esse
798 1799 1105 1855 venturus,
1161 1790 1423 1861 quoniam
1473 1791 1695 1861 quidem
1750 1793 1906 1862 signa
1939 1799 1994 1846 et

407 1885 690 1956 prodigia,
728 1890 788 1938 ut
826 1882 954 1939 fecit
1002 1883 1253 1954 Moyses,
1299 1881 1375 1935 ita
1419 1880 1550 1937 fecit
1588 1883 1752 1937 etiam
1793 1882 1989 1947 Jesus,

405 1985 461 2031 et
492 1976 716 2031 dubium
754 1990 861 2031 non
892 1983 975 2031 est
1002 1975 1137 2046 quin
1165 1973 1467 2031 similitudo
1498 1974 1777 2045 signorum
1812 1974 1992 2044 ipsum

405 2084 531 2124 esse
560 2074 814 2133 testetur,
848 2082 1011 2138 quem
1042 2067 1187 2122 sicut
1234 2081 1294 2123 se
1341 2066 1478 2121 dixit
1515 2080 1639 2121 esse
1676 2072 1988 2120 venturum.

405 2159 531 2216 Ilaec
561 2167 616 2215 et
646 2159 753 2213 alia
784 2159 943 2230 plura
974 2158 1061 2214 his
1094 2158 1295 2214 similia
1328 2157 1615 2227 protestati
1647 2157 1866 2212 siluere.

477 2249 664 2306 LVIII.
702 2250 770 2305 Et
797 2265 930 2307 ecce
962 2250 1188 2321 quidam
1221 2249 1289 2305 de
1323 2247 1535 2304 Scribis
1566 2248 1635 2304 de
1670 2247 1852 2303 medio
1885 2262 1989 2317 po-

409 2343 526 2415 puli
558 2342 878 2398 exclamans
914 2342 990 2397 ait
1019 2362 1030 2396 :
1062 2340 1226 2397 Jesus
1257 2350 1441 2397 vester
1473 2342 1631 2411 signa
1662 2348 1716 2396 et
1746 2340 1989 2411 prodigia

401 2450 525 2505 quae
568 2435 735 2499 fecit,
782 2442 843 2489 ut
886 2449 1081 2505 magus
1124 2449 1235 2489 non
1268 2441 1327 2489 ut
1359 2435 1629 2505 propheta
1662 2432 1815 2490 fecit.
1852 2432 1991 2488 lIuic

401 2523 689 2595 Philippus
716 2525 1069 2580 vehementer
1096 2526 1339 2579 occurrit
1368 2525 1667 2581 ostendens
1685 2565 1700 2591 ,
1731 2526 1859 2596 quia
1887 2525 1989 2580 hac

403 2615 621 2669 ratione
646 2624 935 2670 accusaret
961 2615 1128 2670 etiam
1160 2614 1406 2687 Moysen.
1434 2616 1571 2672 Cum
1599 2617 1746 2671 enim
1777 2616 1990 2687 Moyses

402 2708 559 2780 signa
591 2716 647 2763 et
678 2707 929 2778 prodigia
965 2707 1158 2764 fecerit
1188 2709 1244 2764 in
1274 2708 1514 2780 Egypto
1535 2749 1550 2775 ,
1598 2710 1852 2766 similiter
1893 2726 1991 2766 au-

402 2810 512 2857 tem
543 2808 597 2856 et
626 2798 787 2856 Jesus
818 2800 873 2855 in
919 2798 1107 2855 Judaza
1134 2840 1149 2865 ,
1183 2801 1426 2857 dubitari
1472 2816 1581 2857 non
1617 2802 1822 2872 possit,
1856 2804 1989 2873 quin

402 2891 550 2961 quod
598 2891 665 2947 de
710 2888 838 2946 Jesu
884 2890 1183 2957 diceretur,
1228 2892 1333 2947 hoc
1378 2893 1543 2947 etiam
1572 2893 1639 2947 de
1671 2892 1855 2964 Moyse
1882 2892 1988 2950 dici

400 2982 696 3038 videretur.
730 2980 855 3038 Ilaec
884 2992 939 3038 et
982 2983 1068 3039 his
1111 2984 1313 3039 similia
1360 2984 1519 3056 plura
1545 2991 1884 3054 protestatus
1906 2986 1987 3042 si-

402 3074 505 3129 luit
534 3071 843 3145 Philippus.

2102 522 2221 576 est,
2254 528 2418 581 quam
2450 512 2543 568 ille
2571 514 2666 583 qui
2697 516 2875 569 solum
2908 516 3172 585 propheta
3202 525 3307 572 est.
3341 517 3477 574 Hac
3507 529 3566 574 et
3597 522 3691 575 his

2103 606 2304 659 similia
2338 606 2497 675 plura
2527 614 2853 675 prosecutus
2880 609 3051 662 siluit.
3098 608 3231 663 Post
3258 610 3407 665 hunc
3437 609 3692 666 Jacnhus

2100 696 2314 767 Alphazi
2357 712 2665 752 sermonem
2706 696 2837 753 fecit
2879 698 2948 752 ad
2988 700 3284 769 populum,
3328 715 3446 771 quo
3490 715 3690 757 osten-

2099 787 2289 850 deret,
2321 803 2432 842 non
2460 786 2582 842 ideo
2614 788 2949 843 credendum
2977 805 3103 845 esse
3131 788 3260 845 Jesu
3287 830 3304 855 ,
3334 792 3469 862 quia
3509 792 3580 846 de
3622 806 3695 847 eo

2099 881 2379 950 propheta:
2407 880 2794 951 praedixerint,
2824 882 2918 936 sed
2951 880 3075 937 ideo
3119 883 3296 953 magis
3340 884 3693 938 credendum

2097 988 2223 1028 esse
2252 974 2563 1044 prophetis,
2592 975 2740 1044 quod
2770 990 2897 1030 vere
2924 975 3200 1045 propheta
3245 976 3391 1039 sint,
3424 977 3561 1045 quia
3604 976 3693 1031 eis

2096 1065 2475 1119 testimonium
2527 1066 2785 1121 Christus
2835 1066 3049 1121 reddat.
3094 1065 3229 1119 Nam
3278 1069 3583 1136 praesentia
3634 1076 3695 1123 et

2098 1157 2367 1213 adventus
2397 1159 2604 1213 Christi
2658 1159 2782 1215 illos
2813 1175 2940 1215 vere
2979 1160 3275 1229 prophetas
3314 1160 3491 1216 fuisse
3531 1162 3695 1217 desi-

2098 1257 2248 1317 gnat.
2301 1246 2527 1304 Dicebat
2568 1251 2716 1305 enim
2764 1265 2874 1304 non
2918 1250 2986 1303 ab
3036 1247 3390 1304 inferioribus
3440 1251 3691 1319 majori,

2097 1340 2195 1395 sed
2224 1356 2254 1393 a
2285 1342 2492 1411 majore
2539 1343 2894 1397 inferioribus
2943 1342 3065 1396 fidei
3109 1343 3487 1397 testimonium
3532 1342 3688 1396 dari.

2098 1429 2224 1485 Haac
2253 1440 2308 1486 et
2335 1435 2509 1489 multa
2541 1435 2627 1490 his
2658 1434 2858 1489 similia
2897 1441 3224 1503 prosecutus
3245 1472 3260 1497 ,
3308 1434 3479 1487 etiam
3524 1431 3694 1488 Jaco-

2098 1525 2202 1581 bus
2234 1527 2407 1582 siluit.
2440 1527 2573 1583 Post
2600 1529 2749 1584 hunc
2777 1528 3043 1583 Lebbaeus
3074 1528 3331 1597 populum
3371 1529 3547 1599 caspit
3590 1546 3690 1584 ve-

2096 1618 2380 1676 hementer
2410 1636 2642 1693 arguere
2665 1664 2680 1688 ,
2713 1624 2860 1693 quod
2891 1638 3001 1677 non
3028 1624 3316 1677 crederent
3343 1621 3481 1677 Jesu
3507 1624 3553 1686 ',
3588 1624 3691 1692 qui

2095 1712 2178 1765 eis
2213 1720 2426 1767 tantum
2472 1714 2773 1783 profuerit,
2816 1714 3065 1770 docendo
3094 1730 3216 1785 quae
3244 1714 3339 1769 Dei
3382 1724 3551 1778 sunt,
3588 1731 3689 1769 so-

2024 1818 2066 1874 B
2095 1796 2260 1852 lando
2290 1799 2522 1855 afflictos
2543 1840 2559 1865 ,
2595 1802 2865 1858 medendo
2896 1802 3158 1869 infirmis,
3190 1818 3463 1873 pauperes
3486 1819 3693 1859 conso-

2093 1890 2291 1956 lando,
2320 1892 2413 1946 sed
2445 1908 2543 1962 pro
2570 1893 2657 1949 bis
2687 1895 2944 1949 omnibus
2974 1894 3132 1949 bonis
3161 1894 3290 1949 odia
3318 1904 3682 1965 mortemque

2095 1981 2455 2041 reddiderint.
2502 1983 2628 2041 Ilaec
2670 1994 2726 2041 et
2764 1986 2855 2041 bis
2894 1985 3093 2042 similia
3142 1985 3297 2057 plura
3348 2002 3477 2041 cum
3530 1993 3691 2043 esset

2093 2075 2295 2145 populo
2324 2084 2659 2147 protestatus
2674 2118 2688 2143 ,
2722 2079 2893 2135 siluit.

2163 2164 2275 2221 LX.
2316 2166 2383 2221 Et
2410 2183 2541 2224 ecce
2572 2186 2716 2226 unus
2744 2185 2811 2225 ex
2837 2169 3124 2239 discipulis
3162 2166 3394 2223 Joannis
3441 2166 3692 2222 afﬁrma-

2092 2260 2217 2324 bat,
2248 2260 2533 2317 Christum
2574 2260 2842 2317 Joannem
2889 2261 3097 2326 fuisse,
3128 2268 3184 2317 et
3214 2275 3324 2314 non
3355 2257 3549 2313 Jesum
3578 2278 3597 2325 ;
3632 2260 3689 2313 in

2092 2356 2347 2416 tantum,
2378 2350 2598 2421 inquit,
2631 2360 2691 2407 ut
2731 2360 2788 2407 et
2827 2352 2944 2421 ipse
2991 2350 3153 2407 Jesus
3194 2350 3460 2404 omnibus
3510 2350 3691 2403 homi-

2091 2439 2257 2496 nibus
2301 2447 2357 2496 et
2401 2440 2686 2510 prophetis
2733 2441 2996 2510 majorem
3052 2456 3175 2496 esse
3226 2438 3691 2510 pronuntiaverit

2089 2527 2356 2585 Joannem
2390 2531 2431 2586 ‘.
2472 2530 2530 2585 Si
2563 2547 2695 2601 ergo
2725 2572 2741 2596 ,
2774 2532 2989 2603 inquit,
3021 2532 3199 2601 major
3241 2537 3329 2585 est
3368 2530 3644 2584 omnibus
3666 2571 3682 2594 ,

2092 2620 2214 2675 siue
2244 2620 2413 2675 dubio
2443 2628 2497 2676 et
2527 2620 2712 2692 Moyse
2755 2632 2809 2676 et
2853 2624 2973 2692 ipso
3004 2620 3134 2677 Jesu
3179 2619 3359 2688 major
3388 2619 3686 2673 habendus

2089 2720 2194 2768 est.
2214 2711 2368 2779 Quod
2387 2714 2433 2769 si
2451 2714 2697 2768 omnium
2721 2715 3017 2783 majorest,
3035 2715 3151 2783 ipse
3175 2721 3261 2769 est
3286 2712 3571 2767 Christus.
3598 2711 3684 2766 Ad

2090 2804 2206 2859 haec
2240 2804 2545 2862 Cananaeus
2577 2804 2767 2860 Simon
2806 2806 3144 2876 respondens
3165 2844 3183 2869 ,
3232 2803 3475 2860 asseruit
3505 2801 3685 2857 Joan-

2090 2913 2215 2952 nem
2246 2898 2509 2966 majorem
2554 2898 2775 2967 quidem
2828 2898 2999 2954 fuisse
3049 2896 3307 2952 omnibus
3352 2895 3679 2965 prophetis,

2087 2997 2143 3044 et
2190 2991 2451 3046 omnibus
2502 2992 2596 3061 qui
2648 2998 2778 3047 sunt
2826 2992 2921 3045 lilii
2965 2992 3291 3053 mulierum,
3332 3004 3448 3042 non
3494 2998 3684 3043 tamen

2088 3082 2353 3150 majorem
2384 3098 2508 3137 esse
2538 3080 2677 3137 Filio
2708 3083 2970 3137 hominis.
3002 3082 3067 3135 Et
3100 3080 3223 3135 ideo
3250 3078 3414 3134 Jesus
3445 3078 3679 3149 quidem

473 3165 609 3222 LIX.
639 3164 953 3224 Pharisazus
986 3176 1168 3224 autem
1194 3169 1417 3239 quidam
1452 3169 1685 3225 audiens
1715 3170 1863 3237 lucc,
1897 3172 1984 3226 in-
2009 3174 2052 3232 (Ξ
2086 3182 2142 3228 et
2172 3172 2429 3229 Christus
2460 3182 2584 3238 est,
2617 3172 2857 3228 Joannes
2883 3189 3014 3228 vero
3044 3173 3222 3227 solum
3264 3170 3537 3240 prOpheta
3561 3209 3579 3233 ,
3625 3178 3679 3224 et

400 3260 696 3316 simulabat
728 3259 1075 3332 Philippum,
1106 3260 1251 3331 quod
1286 3258 1510 3332 Moysen
1543 3262 1807 3333 aequalem
1838 3261 1988 3319 dice-
2092 3274 2307 3320 tantum
2338 3266 2572 3321 interest
2604 3267 2749 3320 inter
2780 3267 2958 3336 ipsum
3002 3275 3063 3319 et
3096 3262 3283 3317 Jesum
3316 3263 3431 3333 (47)
3453 3302 3468 3323 .
3502 3277 3681 3332 quan-

399 3360 484 3407 ret
504 3350 655 3408 Jesu.
687 3353 785 3408 Cui
813 3353 1246 3409 Bartholomaaus
1273 3354 1633 3423 respondens,
1663 3362 1987 3410 constanter
2090 3368 2206 3413 tum
2238 3359 2382 3413 inter
2412 3372 2809 3426 praecursorem
2841 3364 2897 3412 et
2925 3372 3049 3411 eum
3081 3356 3171 3409 cui
3202 3354 3592 3424 praecurritur,
3624 3362 3680 3407 et

398 3444 651 3512 edocuit,
684 3446 813 3517 quia
844 3461 955 3501 non
987 3446 1223 3500 dicimus
1263 3444 1449 3500 Jesum
1497 3447 1674 3501 solum
1716 3448 1983 3517 aqualem
2089 3460 2355 3523 quantum
2389 3450 2534 3504 inter
2560 3466 2683 3505 eum
2714 3450 2807 3520 qui
2840 3450 3009 3519 legem
3056 3448 3149 3502 dat
3189 3454 3245 3501 et
3283 3462 3410 3500 eum
3459 3446 3556 3515 qui
3607 3446 3678 3498 le-

400 3533 608 3605 hloysi,
654 3536 747 3591 sed
798 3538 1105 3605 majorem;
1152 3536 1283 3608 quia
1326 3536 1541 3608 Moyses
1581 3539 1804 3609 quidem
1849 3553 1982 3610 pro-

398 3627 561 3695 pheta
607 3627 742 3695 fuit,
793 3628 939 3699 quod
988 3628 1093 3682 fuit
1137 3637 1191 3685 et
1229 3629 1428 3696 Jesus,
1460 3629 1609 3701 quod
1647 3639 1829 3687 autem
1878 3631 1983 3687 fuit

396 3718 557 3773 Jesus
578 3760 592 3783 ,
633 3719 843 3792 Moyses
872 3737 981 3775 non
1016 3720 1156 3787 fuit,
1191 3721 1296 3776 hoc
1324 3730 1410 3780 est
1442 3723 1697 3779 Christus
1718 3762 1734 3787 ,
1767 3731 1823 3779 et
1854 3724 1977 3780 ideo

2088 3557 2211 3612 gem
2244 3549 2444 3595 servat.
2498 3539 2626 3595 Haec
2662 3550 2717 3594 et
2758 3540 2846 3594 his
2892 3539 3092 3594 similia
3138 3543 3471 3607 prosecutus
3521 3536 3676 3591 siluit

2087 3631 2254 3686 etiam
2288 3630 2618 3687 Cananaaus.
2659 3628 2790 3685 Post
2816 3645 2980 3700 quem
3012 3627 3291 3682 Barnabas
3326 3627 3424 3696 qui
3457 3636 3514 3680 et
3546 3624 3679 3678 Mat-

2085 3722 2232 3778 thias
2260 3722 2405 3794 (48),
2437 3723 2533 3794 qui
2563 3724 2620 3778 in
2649 3724 2829 3779 locum
2875 3721 3029 3778 Judae
3077 3722 3407 3790 subrogatus
3436 3729 3523 3774 est
3550 3734 3678 3788 apo-

465 3836 486 3859 ⁵
528 3829 713 3885 Matth.
746 3846 801 3892 ι.
834 3831 886 3885 5.
958 3832 979 3862 ⁸
1018 3829 1260 3899 lbid.,.3,
1290 3832 1344 3887 in
1375 3832 1585 3887 Graeco.
1661 3833 1682 3864 ⁸
1718 3832 1909 3889 Matth.
1937 3848 2016 3897 XI,
2046 3831 2103 3899 9,
2134 3834 2221 3888 Il.
2259 3852 2276 3860 ’

1700 3985 2072 4043 COTELERII
2130 3985 2365 4044 ΝΟΤᾹΞ.

470 4122 583 4193 (47)
624 4120 855 4175 Tantum
882 4124 1095 4193 interest
1134 4124 1270 4177 inter
1302 4124 1474 4193 ipsum
1518 4132 1567 4177 et
1614 4122 1819 4179 Jesum.
1865 4123 1977 4181 Re—

397 4192 505 4247 fert
525 4192 956 4264 Christophorus
989 4192 1227 4249 Sandius
1258 4192 1578 4249 in'tractatu
1611 4194 1689 4249 De
1713 4196 1970 4250 veteribus

396 4262 1162 4332 scriptoribusecclesiasticis,
1196 4264 1449 4335 subjungi
1483 4264 1551 4335 in;
1581 4280 1687 4319 ms.
1722 4265 1972 4321 Bodleia-

398 4349 491 4396 no,
524 4345 777 4403 quantum
809 4336 944 4388 inter
989 4336 1170 4389 stellas
1211 4345 1258 4389 et
1293 4333 1474 4389 solent.
1522 4333 1653 4400 Qua:
1696 4337 1895 4391 absunt
1941 4351 1971 4389 a

399 4404 558 4458 libris
586 4405 748 4459 editis
775 4413 828 4458 et
856 4421 886 4459 a
921 4407 1125 4459 nostris
1155 4406 1437 4460 codicibus
1472 4425 1484 4459 :
1512 4414 1677 4461 recte.

472 4475 585 4543 (48)
626 4475 929 4537 Barnabas,
985 4478 1074 4545 qui
1120 4485 1170 4529 et
1214 4476 1489 4529 Matt/tias.
1538 4476 1673 4530 Cod.
1720 4474 1786 4530 Β.
1829 4483 1883 4530 et
1910 4476 1972 4530 P.
2006 4485 2053 4545 ο
2079 4478 2129 4531 λι

400 4543 696 4609 Barsabas,
746 4546 800 4598 in
845 4543 1031 4602 Carui.
1088 4546 1414 4609 Barsabbas,
1456 4546 1511 4598 in
1552 4545 1711 4601 Sorh.
1770 4556 1973 4607 autem,

399 4615 680 4668 Barnabas
708 4630 831 4668 cum
879 4632 941 4669 sa
982 4631 1144 4685 supra
1176 4634 1264 4671 na.
1299 4617 1459 4669 Certe
1504 4616 1757 4670 vicinitas
1805 4615 1979 4670 nomi-

400 4701 532 4739 num
563 4685 824 4740 Barnabze
842 4693 898 4740 et
934 4685 1205 4749 Barsabat,
1243 4687 1417 4739 fraudi
1463 4701 1605 4756 saepe
1637 4686 1736 4739 fuit
1787 4686 1975 4739 indili-

402 4756 740 4823 gentioribus
770 4757 1033 4810 librorum
1066 4757 1523 4826 exscriptoribus.
1557 4756 1667 4810 Imo
1699 4756 1978 4809 arbitran-

399 4833 492 4896 tur
534 4827 675 4895 apud
710 4826 907 4880 Bedam
957 4828 1225 4890 nonnulli,
1265 4826 1418 4880 Pauli
1444 4827 1725 4896 collegam
1756 4827 1822 4880 de
1869 4841 1978 4895 quo

400 4895 523 4948 Act.
562 4912 635 4958 ιγ,
670 4896 759 4957 56,
800 4912 924 4951 esse
960 4913 1084 4949 eum
1124 4898 1217 4967 qui
1249 4913 1371 4949 cum
1405 4895 1628 4967 Matthia
1660 4896 1724 4967 ad
1757 4904 1978 4965 aposto-

402 4967 546 5019 latus
581 4975 783 5019 sortem
815 4974 898 5022 est
938 4966 1199 5032 statutus,
1226 4967 1346 5021 Act.
1386 4982 1425 5029 I,
1452 4966 1544 5030 ‘25,
1580 4966 1977 5021 confundentes

400 5033 708 5090 llarnabam
742 5052 866 5089 cum
896 5036 1169 5105 Barsabn;
1209 5053 1275 5092 eo
1320 5038 1513 5105 magis,
1562 5038 1776 5106 opinor,
1829 5036 1977 5105 quod

401 5114 632 5175 uterque
662 5106 942 5160 diceretur
970 5106 1254 5177 Josesgseu
1278 5106 1477 5177 Joseph
1507 5127 1517 5160 :
1550 5109 1807 5177 illamque
1840 5121 1975 5177 sen-

398 5178 625 5247 tentiam
665 5177 836 5247 rejieil
870 5193 1086 5246 quoque
1136 5176 1190 5232 S.
1234 5175 1683 5247 Clirysostomus.
1721 5175 1795 5229 Ἁι
1839 5175 1975 5229 Mat-

399 5245 527 5301 thiae
551 5247 739 5300 datum
778 5245 950 5302 fuisSe
996 5264 1193 5302 nomen
1238 5245 1501 5303 Barnabas
1546 5255 1639 5301 aut
1696 5247 1971 5310 Barsabaz,

400 5317 505 5372 hoc
536 5316 801 5371 duntaxat
827 5318 883 5371 in
919 5319 1058 5378 loco,
1108 5319 1153 5372 si
1202 5319 1339 5372 bene
1378 5319 1620 5382 memini,
1680 5317 1916 5371 refertur
1958 5334 1972 5371 :

397 5388 857 5459 quemadmodum
884 5389 951 5444 de
981 5388 1189 5459 Thoma
1235 5389 1382 5442 dicto
1426 5389 1587 5443 etiam
1634 5386 1795 5451 Juda,
1847 5386 1974 5459 uni:

397 5456 523 5511 cum
569 5459 710 5513 forte
756 5467 934 5513 exstat
987 5458 1316 5528 impressum
1374 5459 1773 5523 testimonium,
1829 5456 1973 5526 apud

399 5527 715 5590 Eusebium,
740 5530 885 5599 Ilia}.
918 5527 1076 5599 παῤ,
1105 5529 1201 5584 lib.
1221 5544 1262 5591 ι,
1284 5542 1404 5599 cap.
1430 5530 1530 5583 ult.
1558 5528 1657 5582 Cui
1691 5527 1975 5599 addojiaec

398 5615 463 5651 ex
494 5600 725 5667 apostoli
757 5595 979 5652 Th'oma:
1016 5592 1262 5655 Periodis
1300 5592 1645 5662 ‘A'vexﬁérmg.
1680 5596 1814 5651 Cod.
1835 5592 1971 5667 Reg.

398 5667 569 5727 2594:
606 5669 850 5740 Ἕλαχεν
878 5670 1030 5740 Ἰνδία
1084 5670 1252 5739 Ἰούδᾳ
1289 5670 1460 5740 Θωμᾷ
1495 5669 1573 5739 τῷ
1608 5670 1699 5721 καὶ
1738 5667 1972 5740 διδύμῳ,

400 5746 449 5788 ct
475 5740 634 5808 paulo
656 5749 797 5806 post,
842 5739 1040 5808 Ἰούδαν
1072 5738 1326 5808 ὀνόματι;
1354 5738 1608 5807 moxque.
1654 5738 1851 5791 Ἰούδαν
1882 5738 1974 5789 τὸν

404 5808 494 5859 καὶ
521 5807 741 5878 Θωμᾶν.
780 5808 851 5863 De
873 5807 1077 5867 Jacobo
1107 5807 1288 5866 autem
1327 5817 1391 5885 et
1424 5808 1697 5865 Thaddaeo
1728 5808 1969 5879 complc-

2081 4127 2250 4181 ctitur
2282 4127 2398 4182 base
2428 4126 2576 4181 velut
2610 4126 2665 4179 S.
2702 4124 2993 4195 Epiphanii
3036 4128 3205 4195 codex
3226 4122 3432 4195 Regius
3482 4123 3624 4177 10‘26
3657 4145 3669 4180 :

2096 4197 2349 4261 Ἰάκωϐος
2376 4200 2404 4251 6
2433 4194 2762 4267 ὲπικληθεὶςί
2782 4194 3057 4258 Θαδδαῖος,
3088 4194 3437 4267 ἁδελφὸς-τού
3463 4196 3671 4267 Rapina

2082 4268 2369 4338 γενόμενος
2400 4268 2461 4320 τὸ
2494 4265 2633 4320 κατὰ
2668 4268 2863 4338 σάρκα.
2902 4268 2996 4328 Ὃς
3025 4267 3128 4338 καῖ
3160 4267 3374 4338 septimo;
3407 4265 3469 4316 ἐν

2082 4335 2336 4408 domitor;
2366 4338 2674 4407 κατεστάθη
2716 4335 3009 4408 ἐπίσκοπος
3042 4336 3147 4408 ὑπὸ
3184 4335 3291 4387 τῶν
3331 4335 3668 4408 argos-adactam

2081 4403 2414 4477 Προῴάσεως
2452 4409 2509 4461 δὲ
2536 4403 2832 4477 γενομένης
2864 4403 3194 4477 ζητημάτων
3224 4408 3334 4466 τοῖς
3374 4405 3670 4477 Ἰουρᾏῖοις,

2198 4426 2414 4475 φασεως
2452 4426 2509 4461 οε
2536 4426 2832 4477 γενομενης
2864 4426 3194 4476 ςητηματων
3224 4426 3334 4466 τοις
3392 4426 3669 4468 moram-4,

2134 4426 2247 4564 8;;
2276 4480 2373 4564 63::
2403 4477 2834 4564 quamam-11051;
2867 4476 3130 4561 antpﬁﬁn
3158 4478 3230 4564 7&3
3288 4475 3669 4564 ’.Ιᾼερρυσαὲἀέιῖμ

2080 4550 2175 4627 καὶ
2208 4551 2324 4601 ἐκεῖ
2351 4549 2523 4627 ὲῖάςξῃ
2555 4545 2781 4627 πληςῦἶον
2817 4546 2919 4627 τοῦ.
2950 4545 3128 4627 adicio
3140 4547 3259 4627 δῶν
3278 4545 3667 4627 ,ἱερξῳνβνόᾁ

2082 4616 2345 4684 ξως.......
2378 4614 2742 4687 Θαδδαῖοςδὲ,
2777 4620 2805 4670 6
2838 4617 2931 4669 καὶ
2954 4616 3240 4687 Λεϐβαῖος,
3268 4618 3297 4666 6
3331 4614 3561 4687 dicielfphg

2078 4683 2193 4755 τοῦ,
2224 4693 2251 4743 6
2285 4683 2600 4756 ἐπικληθεὶς
2642 4688 2839 4750 Ἰούδας
2886 4685 3164 4751 Ἰακώϐου,
3195 4695 3299 4740 etc.
3340 4684 3405 4737 Et
3434 4685 3504 4737 de
3531 4683 3668 4739 Juda

2078 4758 2284 4814 Jacobo
2330 4761 2385 4812 iu
2438 4758 2707 4813 Manuelis
2759 4757 3025 4810 Cornneni
3072 4756 3295 4810 Novella
3361 4756 3433 4810 de
3494 4756 3668 4820 feriis,

2080 4846 2242 4899 quam
2275 4829 2445 4884 edidit
2492 4831 2758 4899 integram
2817 4827 3047 4899 Carolus
3085 4826 3384 4899 ALabbagus,
3436 4842 3669 4899 quaeque

2078 4893 2144 4954 ex
2179 4907 2333 4967 parte
2364 4900 2560 4968 legitur
2589 4893 2643 4952 in
2675 4897 2808 4951 lure
2850 4896 3135 4959 Orientali,
3181 4898 3236 4950 in
3274 4894 3409 4949 Jure
3459 4893 3669 4949 Graea-

2091 4964 2349 5034 Romano,
2380 4974 2504 5032 post
2536 4963 2822 5034 Syuopsim
2858 4962 3236 5034 Basilicarum,
3275 4981 3343 5020 ac
3375 4968 3429 5019 in
3482 4967 3669 5022 Βριξί-

2335 5003 2349 5028 9
2382 4997 2504 5029 μηδι
2536 4997 2822 5029 υεμιυμουη
2858 4997 3112 5017 uuouu-Ul
3129 4997 3236 5029 uno,
3275 4997 3342 5020 αι..
3375 4997 3429 5019 Ill
3482 4997 3669 5022 naiad-

2090 5036 2267 5089 mouis
2293 5032 2528 5089 Scholiis
2557 5032 2625 5089 ad
2652 5034 2903 5089 Photiani
2930 5033 3323 5087 Nomocanom's
3349 5037 3568 5091 titulum
3597 5038 3665 5093 7:

2076 5109 2173 5161 Διὰ
2194 5109 2286 5162 τὸν
2321 5107 2620 5161 ἀπόστολον
2663 5107 2861 5160 Ἰούδαν
2893 5106 2985 5157 τὸν
3008 5107 3102 5157 καὶ
3130 5105 3405 5167 Θαδδαῖον,
3441 5105 3538 5155 καὶ
3569 5106 3671 5156 Λευ

2080 5178 2229 5233 6αῖον
2284 5186 2378 5233 aut
2427 5178 2689 5232 Λεϐϐαῖον
2720 5220 2733 5241 ,
2799 5176 2892 5229 καί
2977 5176 3270 5237 Ἰάκωϐον,
3352 5188 3669 5242 quanquam

2090 5248 2343 5303 Ἰακώϐου
2380 5248 2567 5303 forsan
2590 5248 2757 5303 scribi
2791 5246 3004 5317 debeat,
3036 5245 3235 5298 ludam
3264 5244 3481 5317 Jacobi.
3512 5244 3673 5317 Deni-

2078 5337 2185 5389 que
2203 5321 2271 5373 de
2293 5318 2570 5373 Tliaddmo
2591 5314 3118 5389 Barsaba,Clironici
3138 5316 3440 5389 Αέεχιιηάε·ἶ
3463 5332 3520 5383 p.

2076 5385 2331 5452 Θαδδαῖος
2356 5393 2383 5443 6
2418 5391 2512 5443 καὶ
2545 5389 2774 5451 Λεὸαῖος
2795 5390 2824 5440 6
2853 5386 3167 5457 ἐπικληθεὶς
3188 5385 3503 5457 Βαρσαϐἁᾼςτ
3529 5385 3672 5457 Quid

2078 5463 2123 5515 si
2154 5462 2421 5531 scriptum
2446 5460 2795 5531 aisubdititio
2840 5456 3140 5531 Clemente,
3172 5458 3201 5509 6
3240 5455 3558 5531 [ingemat
3584 5455 3675 5531 ille

2076 5524 2363 5594 Barsaliw;
2395 5530 2587 5585 eodem
2620 5545 2783 5585 sensu
2814 5542 2924 5597 quo
2955 5528 3024 5581 de
3053 5528 3213 5582 Justo
3251 5524 3376 5579 Act.
3396 5541 3455 5597 ﬁt.
3489 5524 3583 5597 23,
3617 5526 3672 5578 in

2076 5601 2548 5674 Chrysostomo,6
2581 5599 2718 5674 μετᾲ
2762 5595 3027 5674 Ματθίου,
3073 5599 3161 5674 qui
3217 5613 3339 5651 cum
3382 5595 3673 5674 Manilia;

2077 5664 2311 5727 Rufinus
2357 5664 2488 5726 vero
2534 5664 2728 5738 legerit
2784 5678 2878 5724 aut
2947 5664 3235 5740 legendum
3300 5667 3595 5739 putaverit
3642 5664 3674 5719 ὁ

2076 5742 2387 5816 Βαρσαϐᾶς,
2421 5739 2727 5797 Barsabaa‘.I
