3890 6192
290 343 424 398 I9.“

1511 339 2078 398 RECOGNITIOLVUII
2115 339 2243 395 LIB.
2280 340 2324 396 I.

3401 344 3542 400 124'}

290 458 473 513 stolus
493 496 509 522 ,
542 470 768 512 monere
800 456 1062 528 pOpqum
1095 459 1296 530 cmpit,
1332 473 1400 512 ne
1429 457 1557 512 odio
1598 455 1863 510 haberent
1893 459 1938 515 Α
1969 462 2338 516 mortuorum.
2373 461 2677 508 Samantas
2714 451 2782 507 de
2831 455 3250 510 consecratione
3279 454 3540 513 Hierusa-

282 548 474 604 Jesum
508 564 685 618 neque
714 548 1158 618 blasphemarent
1187 566 1334 605 eum.
1364 548 1532 602 Multo
1560 548 1705 602 enim
1742 562 1863 601 esse

288 641 533 704 rectius,
580 641 746 694 etiam
799 641 1077 710 ignoranti
1129 643 1215 696 vel
1264 642 1533 695 dubitanti
1587 641 1654 694 de
1694 638 1860 702 Jesu,

286 747 479 786 amare
511 748 634 786 eum
669 749 830 803 quam
862 732 1065 788 odisse.
1097 733 1361 788 Charitati
1393 735 1537 788 enim
1565 732 1707 786 Deus
1733 746 1862 800 pra:-

285 822 458 874 mium
489 821 713 891 posuit,
751 822 894 876 odiis
925 837 1164 893 pmnam.
1199 823 1313 876 Iloc
1347 824 1524 893 ipsmn
1555 823 1699 876 enim
1723 861 1737 884 ,
1785 821 1866 875 in-

289 913 445 980 quit,
509 912 655 982 quod
705 912 992 967 Judaieum
1025 929 1227 984 corpus
1277 914 1574 984 assumpsit
1615 923 1670 968 ct
1723 917 1865 966 inter

287 1000 514 1058 Judaeos
556 1013 718 1058 natus
763 1013 847 1059 est
879 1044 894 1069 ,
925 1020 1036 1075 quo
1066 1005 1228 1058 modo
1261 1021 1371 1058 non
1402 1005 1662 1059 omnibus
1707 1004 1863 1058 vobis

288 1096 568 1149 incentiva
597 1098 683 1150 sui
714 1098 918 1152 amoris
961 1098 1237 1152 incussit?
1266 1097 1391 1151 Haec
1434 1105 1489 1151 et
1532 1097 1620 1152 his
1665 1096 1863 1153 similia

286 1201 416 1240 cum
450 1196 792 1255 perorasset,
826 1188 1040 1243 dicendi
1073 1188 1232 1242 ﬁnem
1263 1188 1411 1243 fecit.

363 1275 499 1331 LXI.
546 1277 700 1332 Tunc
723 1279 959 1350 Caiphas
988 1279 1290 1334 doctrinam
1321 1278 1451 1333 Jesu
1484 1280 1707 1350 culpare
1737 1287 1828 1333 ten
1851 1307 1865 1320 -

284 1370 463 1432 tabat,
495 1370 684 1425 dicens
707 1386 833 1424 eum
859 1387 947 1427 res
972 1387 1143 1426 vanas
1176 1372 1417 1425 locutum
1451 1391 1462 1426 :
1500 1371 1689 1425 beatos
1716 1371 1862 1424 enim

285 1478 558 1532 pauperes
588 1463 726 1516 dixit
753 1463 796 1526 ⁷,
830 1471 880 1518 et
913 1471 1163 1519 terrenas
1225 1464 1341 1518 fore
1390 1466 1862 1520 remunerationes

284 1555 560 1622 promisit,
581 1570 646 1609 ac
669 1570 936 1610 summam
959 1556 1204 1611 muneris
1229 1556 1283 1610 in
1306 1563 1522 1610 terrena
1549 1556 1865 1613 haereditate

284 1644 600 1708 constituit,
626 1645 872 1714 cibisque
900 1660 962 1698 ac
984 1653 1115 1715 potu
1141 1662 1236 1700 eos
1257 1646 1351 1716 qui
1372 1647 1642 1713 justitiam
1672 1663 1860 1701 serva-

285 1735 422 1800 rint,
461 1736 713 1805 promisit
734 1753 856 1799 esse
879 1738 1242 1800 saturandos;
1273 1746 1326 1793 et
1356 1739 1444 1793 his
1475 1738 1675 1793 similia
1694 1740 1862 1793 multa

1967 546 2095 608 lem,
2139 562 2246 600 non
2301 555 2482 599 tamen
2529 545 2761 614 ingressi
2813 546 3090 600 civitatem
3139 548 3409 616 ipsorum,
3440 548 3539 604 sed

1964 639 2181 708 publice
2212 638 2573 706 disputantes,
2627 635 2849 692 Scribas
2895 654 3025 692 vero
3054 647 3107 692 et
3137 638 3443 696 Pharisaeos
3476 642 3542 696 de

1965 745 2137 802 regno
2183 732 2473 792 caelorum,
2503 729 2805 798 discipulos
2834 729 3085 789 Joannis.
3120 747 3187 785 ne
3217 733 3538 789 scandalum

1965 830 2284 895 paterentur
2325 823 2379 874 in
2424 819 2654 883 Joanne,
2687 835 2905 875 omnem
2939 837 3068 876 vero
3101 823 3380 892 populum,
3411 825 3539 893 quia

1963 914 2126 970 Iesus
2176 922 2261 969 est
2307 913 2562 968 Christus
2608 921 2868 967 aeternus.
2917 912 2996 965 Ad
3047 914 3296 967 ultimum
3359 925 3539 971 autem

1965 1005 2154 1059 monui
2185 1019 2301 1066 eos,
2338 1012 2395 1056 ut
2426 1003 2744 1072 priusquam
2775 1003 3229 1072 progrederemur
3259 1006 3325 1059 ad
3353 1015 3544 1078 gentes

1966 1097 2264 1168 praedicare
2295 1097 2376 1151 eis
2405 1096 2736 1165 agnitionem
2782 1094 2876 1149 Dei
2921 1094 3121 1159 Patris,
3153 1097 3256 1167 ipsi
3291 1100 3541 1154 reconci-

1965 1191 2231 1244 liarentur
2254 1188 2362 1242 Deo
2403 1188 2767 1256 suscipientes
2790 1185 2986 1239 Filium
3019 1187 3159 1255 ejus.
3191 1189 3363 1244 Aliter
3392 1191 3539 1246 enim

1965 1283 2117 1336 nullo
2139 1284 2300 1334 modo
2334 1295 2426 1334 eos
2453 1278 2668 1333 ostendi
2703 1293 2862 1346 posse
2894 1279 3116 1342 salvari,
3151 1280 3254 1334 nisi
3283 1296 3380 1349 per
3412 1297 3539 1337 san—

1965 1371 2039 1423 cti
2064 1367 2306 1438 Spiritus
2338 1369 2567 1438 gratiam
2599 1368 2756 1420 trime
2795 1367 3160 1424 invocationis
3193 1369 3325 1423 dilui
3358 1373 3540 1442 bapti-

1964 1467 2138 1513 smate
2165 1465 2542 1526 properarent,
2576 1466 2628 1511 et
2657 1457 3054 1512 Eucharisniam
3086 1458 3290 1515 Christi
3323 1461 3540 1519 Domini

1966 1550 2300 1613 sumerent“,
2333 1550 2421 1602 cui
2463 1549 2588 1614 soli,
2622 1548 2687 1602 de
2718 1549 2800 1602 bis
2830 1565 2951 1618 qua:
2979 1551 3164 1605 docuit
3202 1555 3425 1610 credere
3448 1556 3538 1612 de-

1966 1641 2177 1703 berent,
2218 1647 2278 1692 ut
2311 1640 2390 1693 sic
2414 1647 2672 1693 aeternam
2699 1640 2929 1693 salutem
2961 1644 3222 1711 consequi
3264 1661 3543 1701 mereren-

1968 1739 2079 1797 tur,
2110 1732 2268 1786 aliter
2314 1747 2444 1786 vero
2489 1732 2831 1801 impossibile
2884 1748 3109 1801 prorsus
3141 1752 3263 1790 esse
3293 1741 3544 1794 reconci-

283 1827 547 1882 docuisse
596 1828 1045 1898 deprehenditur,
1078 1829 1177 1884 Cui
1237 1829 1475 1886 Thomas
1524 1831 1862 1900 respondens
1895 1799 1938 1858 Β
1969 1825 2090 1879 liari
2123 1841 2218 1880 eos
2241 1824 2371 1889 Deo,
2397 1825 2560 1879 etiam
2591 1826 2638 1878 si
2671 1825 2815 1880 mille
2837 1825 2886 1879 ei
2918 1840 3044 1879 aras
3083 1834 3136 1881 et
3171 1829 3364 1883 altaria
3395 1832 3542 1887 mille

283 1920 470 1989 arguit
494 1935 618 1974 eum
649 1919 855 1976 frustra
874 1931 1214 1987 causantem,
1240 1921 1558 1987 ostendens,
1581 1924 1710 1992 quia
1730 1939 1860 1993 pro-

284 2012 466 2082 phetae
512 2013 708 2082 magis,
743 2014 945 2082 quibus
975 2015 1140 2068 etiam
1173 2015 1289 2083 ipse
1329 2016 1526 2080 credit,
1555 2016 1626 2069 ita
1659 2016 1864 2071 docue-

283 2105 421 2167 rint,
455 2121 556 2158 nec
598 2113 780 2159 tamen
811 2108 1086 2175 quomodo
1115 2114 1280 2160 erunt
1317 2107 1432 2161 haec
1466 2114 1559 2160 aut
1589 2107 1863 2176 quomodo

283 2197 684 2266 percipientur,
711 2199 1073 2262 ostenderint,
1093 2198 1254 2254 Jesus
1271 2215 1400 2253 vero
1425 2200 1660 2269 qualiter
1687 2199 1862 2269 accipi

281 2287 404 2342 haec
437 2288 693 2354 debeant,
725 2289 1205 2346 demonstraverit.
1250 2289 1316 2344 Et
1365 2306 1490 2345 cum
1542 2291 1658 2345 hazc
1699 2300 1864 2361 atque

283 2379 377 2434 bis
411 2380 608 2433 similia
640 2381 797 2450 plura
830 2381 1080 2444 dixisset,
1117 2382 1270 2436 siluit
1293 2382 1457 2437 etiam
1494 2380 1753 2436 Thomas.

359 2468 514 2526 LXII.
533 2469 663 2526 Post
680 2472 792 2526 hzec
809 2487 1026 2526 rursum
1043 2472 1279 2544 Caiphas
1294 2488 1379 2527 me
1393 2475 1632 2538 intuens,
1649 2481 1702 2529 et
1715 2488 1864 2529 nunc

282 2573 352 2618 ut
377 2579 630 2630 monens,
663 2580 811 2619 nunc
840 2579 972 2619 vero
1001 2573 1060 2618 ut
1097 2567 1348 2635 culpans,
1375 2565 1614 2631 dicebat,
1643 2583 1864 2623 cessare

283 2672 375 2711 me
397 2658 594 2712 debere
638 2659 705 2713 de
749 2657 962 2726 reliquo
993 2672 1023 2710 a
1047 2659 1434 2729 praedicatione
1464 2659 1668 2714 Christi
1707 2658 1860 2724 Jesu,

285 2763 358 2802 ne
389 2748 442 2801 in
470 2749 766 2818 perniciem
801 2753 904 2805 mei
938 2751 1042 2804 hoc
1075 2766 1314 2820 agerem,
1352 2767 1488 2806 neve
1531 2752 1646 2822 ipse
1675 2768 1865 2807 errore

282 2841 549 2910 deceptus
582 2843 719 2897 alios
746 2859 967 2913 quoque
993 2859 1116 2899 meo
1138 2859 1324 2899 errore
1364 2845 1693 2915 deciperem.
1724 2844 1864 2899 Tum

282 2942 546 3004 prarterea
570 2936 834 3005 arguebat
863 2952 950 2990 me
980 2937 1324 3000 temeritatis,
1355 2938 1500 3006 quod
1529 2954 1653 2992 cum
1685 2954 1863 2994 essem

284 3025 406 3093 ipse
431 3024 737 3095 imperitus,
770 3027 1010 3096 piscator
1034 3035 1088 3082 et
1119 3029 1377 3096 rusticus,
1407 3029 1644 3086 oﬁicium
1679 3033 1865 3087 subire

1965 1917 2322 1972 succendunt.

2036 2010 2222 2065 LXIV.
2266 2009 2377 2064 Nos
2434 2011 2600 2075 enim,
2655 2011 2900 2080 inquam,
2931 2027 3031 2080 pro
3078 2020 3230 2067 certo
3271 2017 3544 2084 comperi-

1964 2119 2109 2167 mus,
2161 2104 2310 2174 quod
2363 2118 2530 2172 super
2578 2103 2867 2158 sacriﬁciis
2915 2120 3036 2173 qua:
3086 2105 3314 2169 oﬁ‘ertis,
3367 2110 3538 2164 multo

1964 2197 2138 2266 magis
2193 2205 2550 2265 exasperatur
2598 2192 2761 2256 Deus.
2829 2195 3226 2250 sacriﬁciormn
3297 2207 3542 2268 tempore

1964 2288 2232 2342 duntaxat
2258 2290 2492 2357 expleto.
2521 2287 2586 2340 Et
2612 2288 2740 2357 quia
2763 2302 2859 2340 vos
2891 2303 3000 2341 non
3032 2289 3193 2343 vultis
3221 2305 3538 2358 agnoscere,

1965 2396 2246 2436 emensum
2287 2396 2410 2436 esse
2453 2381 2566 2450 jam
2623 2388 2840 2448 tempus
2893 2380 3102 2435 hostias
3151 2381 3435 2448 oﬁerendi,
3469 2386 3541 2440 ob

1966 2477 2071 2530 hoc
2105 2475 2421 2529 destruetur
2445 2481 2498 2527 et
2519 2473 2780 2543 templum
2808 2473 2944 2545 (49),
2995 2482 3049 2527 et
3078 2475 3411 2530 abominatio
3447 2479 3544 2532 de-

1967 2567 2261 2622 solationis
2292 2573 2565 2621 statuetur
2601 2565 2657 2619 in
2689 2565 2808 2618 loco
2841 2567 3088 2630 saneto”,
3122 2576 3176 2621 et
3211 2577 3342 2621 tunc
3367 2571 3543 2638 genti-

1965 2661 2069 2715 bus
2118 2658 2471 2727 Evangelium
2551 2657 2940 2727 prmdicabitur
3028 2658 3092 2711 ad
3169 2660 3541 2718 testimonium

1965 2755 2157 2816 vestri,
2191 2762 2251 2808 ut
2281 2769 2348 2808 ex
2381 2754 2601 2806 illorum
2643 2752 2745 2806 ﬁde
2775 2759 2955 2807 vestra
2990 2752 3282 2807 inﬁdelitas
3324 2755 3541 2822 judice-

1967 2857 2078 2904 tur.
2113 2847 2305 2903 Omnis
2328 2847 2528 2902 etenim
2554 2845 2793 2899 mundus
2824 2844 3057 2899 diversis
3097 2848 3435 2914 temporibus
3461 2848 3545 2902 di-

1965 2958 2157 2998 versas
2192 2942 2416 2996 malitiae
2441 2939 2793 3010 aegritudines
2823 2938 3049 3007 patitur,
3082 2939 3164 2992 vel
3212 2955 3308 3008 per
3353 2957 3543 2997 omnes

1967 3035 2316 3107 generaliter,
2353 3035 2434 3088 vel
2453 3049 2550 3103 per
2579 3033 2824 3101 singulos
2856 3046 3104 3099 quosque
3135 3032 3463 3099 specialiter,
3489 3042 3543 3087 et

280 3116 530 3170 doctoris
559 3118 839 3173 auderem.
865 3117 991 3173 Haec
1013 3127 1067 3174 et
1089 3120 1192 3173 alia
1234 3122 1390 3190 plura
1422 3123 1508 3178 bis
1539 3124 1739 3178 similia
1789 3125 1866 3177 di-
1888 3149 1935 3209 ο
1968 3128 2092 3182 ideo
2121 3127 2328 3196 indiget
2367 3125 2605 3186 medico,
2649 3125 2743 3193 qui
2797 3138 2924 3176 eum
2971 3123 3156 3176 visitet
3188 3124 3251 3177 ad
3286 3125 3537 3180 salutem.

280 3208 453 3270 centi,
501 3223 602 3278 ego
651 3225 874 3280 quoque
910 3210 965 3263 in
1021 3210 1138 3264 hate
1195 3213 1360 3267 verba
1409 3216 1668 3284 respondi
1697 3215 1860 3270 :Mihi

281 3301 507 3370 quidem
565 3303 750 3359 minus
810 3320 945 3371 esse.
989 3308 1240 3378 periculi,
1273 3309 1342 3370 si.
1377 3317 1438 3361 ut
1480 3310 1596 3378 ipse
1628 3310 1724 3373 ait,
1762 3311 1864 3366 iste

280 3408 398 3447 non
439 3394 510 3448 sit
538 3396 813 3462 Christus,
860 3400 988 3468 quia
1039 3401 1321 3456 doctorem
1352 3402 1488 3471 legis
1530 3403 1860 3471 receperim;

279 3483 393 3553 ipsi
451 3500 581 3539 vero
625 3488 818 3557 ingens
852 3505 976 3544 esse
1031 3491 1354 3556 discrimen,
1404 3491 1452 3546 si
1503 3491 1594 3546 hic
1643 3493 1760 3563 ipse
1791 3494 1862 3547 sit

276 3575 556 3639 Christus,
593 3578 737 3632 sicut
776 3587 828 3634 et
885 3591 1032 3636 certe
1059 3590 1164 3639 est.
1198 3582 1310 3655 Ego
1339 3586 1484 3638 enim
1517 3586 1684 3640 credo
1733 3585 1861 3640 huic

276 3667 374 3738 qui
408 3670 686 3738 apparuit;
730 3671 846 3741 ipse
887 3683 1068 3729 autem
1099 3676 1188 3730 cui
1231 3677 1321 3729 alii
1355 3676 1513 3730 ﬁdem
1552 3693 1772 3733 servare
1803 3694 1862 3733 se

275 3758 479 3823 credit,
515 3762 608 3829 qui
650 3763 834 3818 nullus
886 3767 1178 3835 apparuit?
1209 3766 1265 3821 Si
1299 3782 1429 3824 vero
1473 3775 1527 3822 et
1581 3767 1768 3832 idiota,
1802 3777 1865 3823 ut?

274 3853 384 3916 ais,
421 3862 476 3907 et
509 3853 797 3925 imperitus
822 3873 884 3911 ac
909 3859 1149 3928 piscator
1178 3870 1232 3916 et
1254 3862 1517 3926 rusticus,
1544 3878 1708 3933 super
1738 3879 1860 3934 pre-

268 3953 532 4022 sbyteros
579 3954 856 4024 sapientes
914 3956 1233 4027 intelligam,
1288 3957 1394 4014 hoc
1455 3959 1574 4024 tibi,
1611 3960 1857 4029 inquam,

267 4045 455 4115 magis
487 4053 692 4100 metum
725 4047 886 4101 debet
917 4048 1185 4104 incutere.
1218 4048 1355 4103 Nam
1386 4051 1433 4106 si
1455 4067 1522 4106 ex
1551 4051 1860 4105 eruditione

269 4137 464 4206 aliqua
493 4137 783 4207 disputans
815 4139 1120 4194 obtinerem
1155 4156 1253 4195 vos
1277 4143 1552 4210 sapientes
1583 4150 1638 4196 et
1683 4142 1863 4197 erudi-

267 4237 388 4292 tos,
415 4228 688 4284 videretur
699 4233 886 4296 utique
898 4232 1148 4286 doctrina
1163 4233 1266 4286 hoc
1285 4234 1413 4286 mihi
1432 4235 1575 4305 longi
1598 4235 1858 4304 temporis

265 4334 328 4377 et
376 4337 486 4376 non
523 4324 720 4378 divinze
751 4326 971 4380 virtutis
1012 4325 1183 4396 gratia
1215 4327 1538 4391 contulisse,
1572 4342 1718 4380 nunc
1753 4343 1854 4380 au-

266 4425 385 4472 tem
413 4433 560 4482 cum,
587 4426 645 4472 ut
665 4418 798 4483 dixi,
823 4435 924 4474 nos
953 4419 1188 4488 imperiti
1213 4434 1309 4474 vos
1327 4419 1600 4490 sapientes
1630 4421 1859 4473 convin-

1966 3219 2079 3274 Nos
2108 3236 2238 3290 ergo
2256 3226 2625 3288 protestamur
2648 3215 2824 3275 vobis,
2849 3215 3066 3284 etquod
3095 3232 3541 3285 unumquemque

1963 3319 2208 3368 vestrum
2240 3313 2396 3364 latuit
2421 3311 2760 3364 nuntiamus.
2789 3307 3046 3362 Vestrum
3095 3316 3178 3362 est
3207 3307 3536 3374 deliberare,

1964 3405 2096 3478 quid
2125 3404 2378 3474 expediat
2406 3403 2580 3457 vobis.

2035 3495 2196 3551 LXV.
2242 3494 2337 3550 llis
2367 3510 2394 3550 a
2419 3510 2506 3549 me
2535 3494 2720 3556 dictis,
2746 3491 3012 3562 ingemuit
3040 3492 3220 3546 omnis
3248 3490 3541 3545 multitudo

1963 3591 2334 3654 sacerdotum,
2385 3587 2530 3658 quod
2569 3587 2650 3642 eis
2690 3585 2757 3640 de
2780 3585 2983 3657 templi
3013 3584 3372 3641 subversione
3397 3601 3538 3654 prae-

1963 3684 2218 3739 dixerim.
2253 3682 2409 3748 Quod
2442 3697 2565 3735 cum
2605 3679 2837 3733 vidisset
2861 3676 3124 3731 Gamaliel
3157 3678 3412 3746 princeps
3443 3693 3541 3746 po-

1964 3778 2078 3848 puli
2135 3776 2250 3847 (qui
2291 3775 2524 3828 latenter
2579 3771 2745 3825 frater
2799 3779 2988 3823 noster
3015 3776 3134 3822 erat
3182 3769 3237 3821 in
3289 3768 3412 3836 ﬁde,
3444 3767 3540 3821 sed

1962 3869 2194 3924 consilio
2223 3873 2414 3921 nostro
2437 3866 2576 3919 inter
2606 3879 2701 3918 eos
2727 3871 2845 3917 erat
2877 3859 2990 3932 [50]
3018 3861 3060 3929 ),
3090 3861 3218 3930 quia
3249 3861 3404 3915 valde
3431 3861 3542 3916 fre-

1962 3967 2176 4016 merent
2203 3967 2257 4014 et
2285 3958 2487 4028 ingenti
2510 3956 2799 4009 adversum
2825 3969 2928 4007 nos
2953 3953 3136 4006 furore
3159 3961 3533 4016 moverentur,

1963 4068 2258 4124 assurgens
2285 4052 2362 4104 ait
2387 4050 2428 4081 ¹⁰
2460 4069 2472 4103 :
2505 4048 2781 4113 Quiescite
2815 4047 3114 4118 paulisper,
3147 4060 3181 4098 o
3225 4045 3329 4096 viri
3359 4043 3536 4098 Israe-

1962 4147 2092 4208 litre,
2126 4160 2236 4199 non
2264 4143 2408 4196 enim
2441 4139 2728 4194 advertitis
2777 4138 3134 4192 tentationem
3175 4151 3297 4205 qua:
3354 4136 3538 4189 immi-

1961 4246 2054 4293 net
2077 4237 2252 4299 vobis,
2287 4241 2509 4304 propter
2525 4232 2670 4302 quod
2693 4230 2928 4285 desinite
2957 4229 3025 4282 ab
3054 4227 3366 4280 hominibus
3391 4227 3532 4291 istis,

1959 4339 2013 4385 et
2045 4330 2089 4384 si
2113 4327 2330 4398 quidem
2362 4325 2585 4378 humani
2633 4322 2847 4377 consilii
2883 4331 2966 4376 est
3005 4318 3150 4389 quod
3190 4326 3377 4388 agunt,
3419 4318 3533 4373 cito

1961 4421 2219 4483 cessabit,
2253 4417 2300 4474 si
2329 4426 2510 4472 autem
2543 4432 2571 4469 a
2603 4416 2713 4470 Deo
2736 4422 2841 4476 est,
2873 4431 2974 4467 cur
3008 4415 3125 4469 sine
3142 4427 3307 4466 causa
3339 4427 3534 4480 pecca-

263 4511 452 4563 cimus
477 4518 530 4565 et
561 4527 887 4582 superamus
907 4553 922 4578 ,
966 4513 1054 4566 cui
1096 4528 1317 4567 sensum
1368 4514 1589 4566 habenti
1621 4529 1730 4567 non
1757 4528 1855 4582 pa-
1887 4500 1930 4553 Ῑ)
1961 4515 2032 4569 tis
2087 4528 2189 4567 nec
2232 4510 2501 4581 proﬁcitis
2543 4509 2879 4578 quidquam?
2903 4506 2995 4559 Dei
3016 4507 3161 4558 enim
3189 4504 3528 4556 voluntatem

265 4604 384 4658 Iam
416 4611 522 4666 est,
564 4606 693 4674 quia
734 4605 836 4659 hoc
870 4620 976 4658 non
1012 4604 1264 4661 humana:
1307 4606 1535 4678 argutia:
1564 4621 1702 4677 opus
1745 4612 1850 4669 est,

264 4696 370 4752 sed
393 4697 589 4750 divina:
627 4698 925 4752 voluntatis
955 4705 1008 4750 et
1049 4699 1329 4752 muneris?

344 4787 525 4845 LXIII.
569 4788 692 4844 Haec
739 4791 906 4861 igitur
946 4797 998 4841 et
1031 4791 1137 4843 alia
1168 4791 1480 4859 hujusmodi
1515 4805 1851 4861 prosequen-

263 4893 380 4945 tes,
412 4891 816 4951 consequenter
860 4885 1146 4954 protestati
1191 4901 1382 4939 sumus
1435 4901 1498 4939 ac
1559 4885 1850 4937 docuimus

264 4988 375 5028 nos
406 4973 643 5042 imperiti
697 4982 750 5029 et
801 4977 1126 5045 piscatores,
1163 4977 1478 5032 sacerdotes
1523 4977 1742 5046 quidem
1782 4975 1851 5030 de

265 5081 383 5120 uno
432 5067 549 5121 solo
603 5065 711 5120 Deo
755 5070 900 5132 cmli,
950 5069 1279 5126 Sadducaeos
1325 5071 1393 5126 de
1445 5071 1849 5126 resurrectione

335 5241 634 5316 "Mattb.v
655 5262 668 5308 ;
693 5242 836 5316 Luc.
874 5261 927 5298 χ.
994 5245 1015 5276 ⁸
1038 5245 1103 5298 Et
1128 5249 1680 5306 euclmr.——sumerent
1711 5251 1910 5306 desunt
1940 5251 1995 5303 in
2027 5248 2186 5303 codd.
2249 5246 2396 5316 Lips.
2427 5245 2480 5300 1.

266 5315 314 5347 ¹⁹
343 5312 462 5368 Act.
492 5331 545 5376 v,
588 5315 780 5369 35-59.

1963 4608 2088 4677 quis
2117 4611 2299 4674 potest
2336 4599 2808 4670 superare?Nunc
2835 4613 2988 4668 ergo,
3021 4593 3279 4663 quoniam
3305 4593 3527 4663 quidem

1957 4701 2014 4753 in
2046 4711 2329 4768 vesperam
2356 4693 2601 4762 vergitur
2630 4691 2767 4751 dies,
2789 4689 3030 4742 crastino
3050 4690 3150 4741 hoc
3182 4689 3301 4757 ipso
3322 4688 3377 4741 in
3408 4688 3531 4740 loco

1959 4791 2310 4846 audientibus
2338 4786 2516 4848 vobis,
2551 4798 2650 4853 ego
2676 4782 2792 4852 ipse
2816 4795 2940 4833 cum
2975 4780 3097 4834 istis
3127 4780 3437 4849 disputabo,
3469 4784 3530 4832 ut

1959 4897 2174 4938 omnem
2214 4894 2455 4935 errorem
2480 4877 2656 4947 palam
2691 4888 2938 4943 arguam,
2967 4871 3309 4940 dilucidcque
3335 4870 3525 4925 confu-

1954 4983 2083 5029 tem.
2117 4972 2184 5025 Et
2209 4972 2295 5026 his
2326 4971 2490 5024 dictis
2526 4981 2814 5035 repressus
2849 4972 2934 5018 est
2962 4979 3150 5017 eorum
3181 4963 3527 5031 aliquatenus

1955 5064 2130 5127 furor,
2161 5077 2225 5116 ea
2276 5059 2547 5130 praecipue
2594 5071 2711 5126 spe,
2763 5053 2907 5124 quod
2937 5052 3026 5106 die
3053 5054 3295 5107 crastina
3322 5053 3526 5106 erroris

2557 5244 2578 5276 °
2603 5242 2757 5297 Deut.
2797 5255 2872 5304 Ix,
2903 5238 3008 5305 27;
3036 5237 3224 5294 Matth.
3252 5255 3402 5301 sxw,
3437 5241 3522 5294 15.

1571 5469 1702 5524 COT
1713 5467 1935 5556 I'LLERII
1991 5465 2204 5522 ΝΟΤᾹΞ

341 5607 456 5677 (49)
496 5607 806 5662 Destruetur
837 5617 886 5662 et
924 5608 1191 5676 templum.
1218 5606 1435 5661 Similes
1459 5605 1840 5678 prccdictiones

261 5673 732 5749 complectebatur
763 5681 901 5734 alius
925 5673 1061 5734 liber
1101 5673 1475 5749 apocrytphtts,
1504 5677 1742 5749 scriptus
1773 5673 1842 5727 de

305 5749 656 5803 redicatione
683 5747 830 5805 Petri
863 5759 916 5805 et
964 5749 1116 5803 Pauli
1141 5747 1206 5805 in
1239 5747 1372 5805 urbe
1412 5747 1603 5805 Roma.
1638 5747 1843 5799 Auctor

311 5821 588 5876 actantius
615 5819 711 5876 lib.
745 5837 818 5890 tv,
854 5836 973 5885 cap.
1000 5821 1082 5875 2|.

2021 5604 2131 5674 (50)
2171 5604 2272 5659 Sed
2304 5605 2520 5659 consilio
2553 5614 2731 5658 nostro
2755 5613 2892 5674 mter
2921 5619 3007 5656 eos
3038 5612 3172 5658 erat.
3192 5599 3520 5674 _Vulpinum

1949 5672 2053 5730 hoc
2078 5677 2388 5739 consilium,
2430 5676 2689 5744 apostolis
2723 5673 3006 5744 indignum
3048 5682 3152 5727 est.
3191 5672 3407 5741 Decepit
3439 5685 3524 5723 ta-

1949 5763 2073 5800 men
2117 5745 2309 5799 Bedam
2368 5743 2852 5813 psquo-Clemens
2883 5743 3088 5798 Ruﬁni.
3145 5743 3212 5797 At
3261 5760 3369 5798 non
3421 5756 3524 5813 ego

1952 5816 2205 5872 credulus
2237 5817 2364 5870 illis.
