  <div class='ocr_page' id='page_1' title='image "/cluster/home/n/w/nwhite01/storage/ocr_20150623/1/nnc1.0022106693/677.png"; bbox 0 0 3890 6192; ppageno 0'>
   <div class='ocr_carea' id='block_1_1' title="bbox 474 338 616 395">
    <p class='ocr_par' dir='ltr' id='par_1_1' title="bbox 474 338 616 395">
     <span class='ocr_line' id='line_1_1' title="bbox 474 338 616 395; baseline 0 -1"><span class='ocrx_word' id='word_1_1' title='bbox 474 338 616 395; x_wconf 67' lang='grc' dir='ltr'><strong>13ιό</strong></span> 
     </span>
    </p>
   </div>
   <div class='ocr_carea' id='block_1_2' title="bbox 1327 337 2831 406">
    <p class='ocr_par' dir='ltr' id='par_1_2' title="bbox 1327 337 2831 406">
     <span class='ocr_line' id='line_1_2' title="bbox 1327 337 2831 406; baseline 0.006 -10"><span class='ocrx_word' id='word_1_2' title='bbox 1327 337 1385 396; x_wconf 85' lang='lat' dir='ltr'><strong>S.</strong></span> <span class='ocrx_word' id='word_1_3' title='bbox 1421 338 1820 397; x_wconf 80' lang='lat' dir='ltr'><strong>CLEMENTIS</strong></span> <span class='ocrx_word' id='word_1_4' title='bbox 1851 340 1871 395; x_wconf 99' lang='grc'><strong>1</strong></span> <span class='ocrx_word' id='word_1_5' title='bbox 1906 342 2071 401; x_wconf 77' lang='lat' dir='ltr'><strong>ROM.</strong></span> <span class='ocrx_word' id='word_1_6' title='bbox 2108 346 2310 405; x_wconf 72' lang='grc' dir='ltr'><strong>ΡΟΝΤ.</strong></span> <span class='ocrx_word' id='word_1_7' title='bbox 2346 348 2575 406; x_wconf 77' lang='lat' dir='ltr'><strong>OPERA</strong></span> <span class='ocrx_word' id='word_1_8' title='bbox 2608 348 2831 405; x_wconf 76' lang='lat' dir='ltr'><strong>DUBIA.</strong></span> 
     </span>
    </p>
   </div>
   <div class='ocr_carea' id='block_1_3' title="bbox 3579 353 3701 409">
    <p class='ocr_par' dir='ltr' id='par_1_3' title="bbox 3579 353 3701 409">
     <span class='ocr_line' id='line_1_3' title="bbox 3579 353 3701 409; baseline 0.016 -2"><span class='ocrx_word' id='word_1_9' title='bbox 3579 353 3701 409; x_wconf 69' lang='lat' dir='ltr'><strong>12H</strong></span> 
     </span>
    </p>
   </div>
   <div class='ocr_carea' id='block_1_4' title="bbox 470 452 3703 533">
    <p class='ocr_par' dir='ltr' id='par_1_4' title="bbox 470 452 3703 533">
     <span class='ocr_line' id='line_1_4' title="bbox 470 452 3703 533; baseline 0.004 -25"><span class='ocrx_word' id='word_1_10' title='bbox 470 471 575 513; x_wconf 72' lang='lat' dir='ltr'><strong>nos</strong></span> <span class='ocrx_word' id='word_1_11' title='bbox 596 455 812 525; x_wconf 83' lang='lat' dir='ltr'><strong>publice</strong></span> <span class='ocrx_word' id='word_1_12' title='bbox 830 454 1139 525; x_wconf 72' lang='lat' dir='ltr'><strong>arguendos</strong></span> <span class='ocrx_word' id='word_1_13' title='bbox 1172 461 1477 525; x_wconf 90' lang='lat' dir='ltr'><strong>sperarent.</strong></span> <span class='ocrx_word' id='word_1_14' title='bbox 1515 452 1582 509; x_wconf 79' lang='lat' dir='ltr'><strong>Et</strong></span> <span class='ocrx_word' id='word_1_15' title='bbox 1616 456 1699 510; x_wconf 91' lang='lat' dir='ltr'><strong>sic</strong></span> <span class='ocrx_word' id='word_1_16' title='bbox 1746 470 1870 509; x_wconf 92' lang='lat' dir='ltr'><strong>cum</strong></span> <span class='ocrx_word' id='word_1_17' title='bbox 1916 471 2049 527; x_wconf 84' lang='lat' dir='ltr'><strong>pace</strong></span> <span class='ocrx_word' id='word_1_18' title='bbox 2078 472 2122 527; x_wconf 76' lang='grc' dir='ltr'><strong>Α</strong></span> <span class='ocrx_word' id='word_1_19' title='bbox 2150 459 2335 516; x_wconf 81' lang='lat' dir='ltr'><strong>dicere</strong></span> <span class='ocrx_word' id='word_1_20' title='bbox 2360 461 2505 531; x_wconf 89' lang='lat' dir='ltr'><strong>quod</strong></span> <span class='ocrx_word' id='word_1_21' title='bbox 2535 463 2751 517; x_wconf 73' lang='lat' dir='ltr'><strong>sentitis</strong></span> <span class='ocrx_word' id='word_1_22' title='bbox 2781 462 3045 533; x_wconf 90' lang='lat' dir='ltr'><strong>apertius,</strong></span> <span class='ocrx_word' id='word_1_23' title='bbox 3071 477 3172 533; x_wconf 88' lang='lat' dir='ltr'><strong>ego</strong></span> <span class='ocrx_word' id='word_1_24' title='bbox 3195 470 3256 517; x_wconf 93' lang='lat' dir='ltr'><strong>ut</strong></span> <span class='ocrx_word' id='word_1_25' title='bbox 3284 478 3381 519; x_wconf 92' lang='lat' dir='ltr'><strong>vos</strong></span> <span class='ocrx_word' id='word_1_26' title='bbox 3423 462 3590 519; x_wconf 67' lang='lat' dir='ltr'><strong>etiam</strong></span> <span class='ocrx_word' id='word_1_27' title='bbox 3618 468 3703 524; x_wconf 87' lang='lat' dir='ltr'><strong>hu-</strong></span> 
     </span>
    </p>
   </div>
   <div class='ocr_carea' id='block_1_5' title="bbox 471 546 998 620">
    <p class='ocr_par' dir='ltr' id='par_1_5' title="bbox 471 546 998 620">
     <span class='ocr_line' id='line_1_5' title="bbox 471 546 998 620; baseline 0 -18"><span class='ocrx_word' id='word_1_28' title='bbox 471 548 731 620; x_wconf 87' lang='lat' dir='ltr'><strong>populum</strong></span> <span class='ocrx_word' id='word_1_29' title='bbox 770 546 998 603; x_wconf 92' lang='lat' dir='ltr'><strong>dimisit.</strong></span> 
     </span>
    </p>
   </div>
   <div class='ocr_carea' id='block_1_6' title="bbox 545 636 2050 693">
    <p class='ocr_par' dir='ltr' id='par_1_6' title="bbox 545 636 2050 693">
     <span class='ocr_line' id='line_1_6' title="bbox 545 636 2050 693; baseline 0 0"><span class='ocrx_word' id='word_1_30' title='bbox 545 636 727 693; x_wconf 79' lang='lat' dir='ltr'><strong>LXVI.</strong></span> <span class='ocrx_word' id='word_1_31' title='bbox 766 636 877 693; x_wconf 77' lang='lat' dir='ltr'><strong>Nos</strong></span> <span class='ocrx_word' id='word_1_32' title='bbox 919 654 1052 692; x_wconf 83' lang='lat' dir='ltr'><strong>vero</strong></span> <span class='ocrx_word' id='word_1_33' title='bbox 1096 654 1221 691; x_wconf 89' lang='lat' dir='ltr'><strong>cum</strong></span> <span class='ocrx_word' id='word_1_34' title='bbox 1270 639 1617 693; x_wconf 78' lang='lat' dir='ltr'><strong>venissemus</strong></span> <span class='ocrx_word' id='word_1_35' title='bbox 1664 638 1733 692; x_wconf 90' lang='lat' dir='ltr'><strong>ad</strong></span> <span class='ocrx_word' id='word_1_36' title='bbox 1784 637 2050 693; x_wconf 92' lang='lat' dir='ltr'><strong>Iacobum</strong></span> 
     </span>
    </p>
   </div>
   <div class='ocr_carea' id='block_1_7' title="bbox 470 728 2055 798">
    <p class='ocr_par' dir='ltr' id='par_1_7' title="bbox 470 728 2055 798">
     <span class='ocr_line' id='line_1_7' title="bbox 470 728 2055 798; baseline -0.002 -14"><span class='ocrx_word' id='word_1_37' title='bbox 470 737 743 791; x_wconf 84' lang='lat' dir='ltr'><strong>nostrum,</strong></span> <span class='ocrx_word' id='word_1_38' title='bbox 766 728 950 782; x_wconf 92' lang='lat' dir='ltr'><strong>omnia</strong></span> <span class='ocrx_word' id='word_1_39' title='bbox 990 744 1112 798; x_wconf 74' lang='lat' dir='ltr'><strong>qua:</strong></span> <span class='ocrx_word' id='word_1_40' title='bbox 1154 728 1302 782; x_wconf 88' lang='lat' dir='ltr'><strong>dicta</strong></span> <span class='ocrx_word' id='word_1_41' title='bbox 1351 739 1613 798; x_wconf 76' lang='lat' dir='ltr'><strong>gestaque</strong></span> <span class='ocrx_word' id='word_1_42' title='bbox 1649 728 1867 781; x_wconf 82' lang='lat' dir='ltr'><strong>fuerant</strong></span> <span class='ocrx_word' id='word_1_43' title='bbox 1892 744 2055 798; x_wconf 85' lang='lat' dir='ltr'><strong>expo-</strong></span> 
     </span>
    </p>
   </div>
   <div class='ocr_carea' id='block_1_8' title="bbox 470 819 2050 891">
    <p class='ocr_par' dir='ltr' id='par_1_8' title="bbox 470 819 2050 891">
     <span class='ocr_line' id='line_1_8' title="bbox 470 819 2050 891; baseline -0.001 -16"><span class='ocrx_word' id='word_1_44' title='bbox 470 828 685 882; x_wconf 83' lang='lat' dir='ltr'><strong>nentes,</strong></span> <span class='ocrx_word' id='word_1_45' title='bbox 712 819 856 891; x_wconf 91' lang='lat' dir='ltr'><strong>apud</strong></span> <span class='ocrx_word' id='word_1_46' title='bbox 886 836 1011 874; x_wconf 90' lang='lat' dir='ltr'><strong>eum</strong></span> <span class='ocrx_word' id='word_1_47' title='bbox 1037 821 1163 874; x_wconf 93' lang='lat' dir='ltr'><strong>cibo</strong></span> <span class='ocrx_word' id='word_1_48' title='bbox 1194 827 1413 888; x_wconf 92' lang='lat' dir='ltr'><strong>sumpto</strong></span> <span class='ocrx_word' id='word_1_49' title='bbox 1437 824 1763 883; x_wconf 82' lang='lat' dir='ltr'><strong>mansimus,</strong></span> <span class='ocrx_word' id='word_1_50' title='bbox 1797 823 2050 890; x_wconf 89' lang='lat' dir='ltr'><strong>omnipo-</strong></span> 
     </span>
    </p>
   </div>
   <div class='ocr_carea' id='block_1_9' title="bbox 470 908 2053 980">
    <p class='ocr_par' dir='ltr' id='par_1_9' title="bbox 470 908 2053 980">
     <span class='ocr_line' id='line_1_9' title="bbox 470 908 2053 980; baseline -0.001 -17"><span class='ocrx_word' id='word_1_51' title='bbox 470 912 604 965; x_wconf 88' lang='lat' dir='ltr'><strong>tenti</strong></span> <span class='ocrx_word' id='word_1_52' title='bbox 635 910 744 965; x_wconf 88' lang='lat' dir='ltr'><strong>Deo</strong></span> <span class='ocrx_word' id='word_1_53' title='bbox 774 925 869 980; x_wconf 90' lang='lat' dir='ltr'><strong>per</strong></span> <span class='ocrx_word' id='word_1_54' title='bbox 893 916 1063 963; x_wconf 91' lang='lat' dir='ltr'><strong>totam</strong></span> <span class='ocrx_word' id='word_1_55' title='bbox 1098 915 1313 962; x_wconf 90' lang='lat' dir='ltr'><strong>noctem</strong></span> <span class='ocrx_word' id='word_1_56' title='bbox 1340 908 1739 977; x_wconf 92' lang='lat' dir='ltr'><strong>supplicantes,</strong></span> <span class='ocrx_word' id='word_1_57' title='bbox 1783 917 1841 961; x_wconf 91' lang='lat' dir='ltr'><strong>ut</strong></span> <span class='ocrx_word' id='word_1_58' title='bbox 1903 908 2053 962; x_wconf 90' lang='lat' dir='ltr'><strong>futu-</strong></span> 
     </span>
    </p>
   </div>
   <div class='ocr_carea' id='block_1_10' title="bbox 470 998 2053 1071">
    <p class='ocr_par' dir='ltr' id='par_1_10' title="bbox 470 998 2053 1071">
     <span class='ocr_line' id='line_1_10' title="bbox 470 998 2053 1071; baseline -0.003 -13"><span class='ocrx_word' id='word_1_59' title='bbox 470 1018 548 1058; x_wconf 62' lang='lat' dir='ltr'><strong>ra!</strong></span> <span class='ocrx_word' id='word_1_60' title='bbox 588 1001 983 1071; x_wconf 83' lang='lat' dir='ltr'><strong>disputationis</strong></span> <span class='ocrx_word' id='word_1_61' title='bbox 1031 1015 1218 1054; x_wconf 91' lang='lat' dir='ltr'><strong>sermo</strong></span> <span class='ocrx_word' id='word_1_62' title='bbox 1266 999 1633 1053; x_wconf 80' lang='lat' dir='ltr'><strong>indubitatam</strong></span> <span class='ocrx_word' id='word_1_63' title='bbox 1692 998 1815 1053; x_wconf 79' lang='lat' dir='ltr'><strong>fidei</strong></span> <span class='ocrx_word' id='word_1_64' title='bbox 1849 1007 2053 1054; x_wconf 60' lang='lat' dir='ltr'><strong>nostra;</strong></span> 
     </span>
    </p>
   </div>
   <div class='ocr_carea' id='block_1_11' title="bbox 472 1087 2051 1159">
    <p class='ocr_par' dir='ltr' id='par_1_11' title="bbox 472 1087 2051 1159">
     <span class='ocr_line' id='line_1_11' title="bbox 472 1087 2051 1159; baseline -0.003 -11"><span class='ocrx_word' id='word_1_65' title='bbox 472 1099 791 1149; x_wconf 78' lang='lat' dir='ltr'><strong>ostenderet</strong></span> <span class='ocrx_word' id='word_1_66' title='bbox 848 1093 1153 1147; x_wconf 81' lang='lat' dir='ltr'><strong>veritatem.</strong></span> <span class='ocrx_word' id='word_1_67' title='bbox 1204 1087 1372 1159; x_wconf 93' lang='lat' dir='ltr'><strong>Igitur</strong></span> <span class='ocrx_word' id='word_1_68' title='bbox 1428 1095 1647 1159; x_wconf 89' lang='lat' dir='ltr'><strong>postera</strong></span> <span class='ocrx_word' id='word_1_69' title='bbox 1684 1088 1772 1142; x_wconf 91' lang='lat' dir='ltr'><strong>die</strong></span> <span class='ocrx_word' id='word_1_70' title='bbox 1812 1087 2051 1144; x_wconf 89' lang='lat' dir='ltr'><strong>Iacobus</strong></span> 
     </span>
    </p>
   </div>
   <div class='ocr_carea' id='block_1_12' title="bbox 468 1180 2051 1257">
    <p class='ocr_par' dir='ltr' id='par_1_12' title="bbox 468 1180 2051 1257">
     <span class='ocr_line' id='line_1_12' title="bbox 468 1180 2051 1257; baseline -0.004 -16"><span class='ocrx_word' id='word_1_71' title='bbox 468 1187 766 1257; x_wconf 89' lang='lat' dir='ltr'><strong>episcopus</strong></span> <span class='ocrx_word' id='word_1_72' title='bbox 821 1183 1111 1238; x_wconf 91' lang='lat' dir='ltr'><strong>nobiscum</strong></span> <span class='ocrx_word' id='word_1_73' title='bbox 1162 1180 1327 1236; x_wconf 85' lang='lat' dir='ltr'><strong>simul</strong></span> <span class='ocrx_word' id='word_1_74' title='bbox 1371 1187 1427 1234; x_wconf 93' lang='lat' dir='ltr'><strong>et</strong></span> <span class='ocrx_word' id='word_1_75' title='bbox 1482 1194 1610 1233; x_wconf 91' lang='lat' dir='ltr'><strong>cum</strong></span> <span class='ocrx_word' id='word_1_76' title='bbox 1639 1181 1789 1234; x_wconf 91' lang='lat' dir='ltr'><strong>omni</strong></span> <span class='ocrx_word' id='word_1_77' title='bbox 1817 1181 2051 1236; x_wconf 86' lang='lat' dir='ltr'><strong>ecclesia</strong></span> 
     </span>
    </p>
   </div>
   <div class='ocr_carea' id='block_1_13' title="bbox 468 1274 2052 1346">
    <p class='ocr_par' dir='ltr' id='par_1_13' title="bbox 468 1274 2052 1346">
     <span class='ocr_line' id='line_1_13' title="bbox 468 1274 2052 1346; baseline -0.004 -13"><span class='ocrx_word' id='word_1_78' title='bbox 468 1280 718 1335; x_wconf 77' lang='lat' dir='ltr'><strong>ascendit</strong></span> <span class='ocrx_word' id='word_1_79' title='bbox 738 1277 806 1331; x_wconf 85' lang='lat' dir='ltr'><strong>ad</strong></span> <span class='ocrx_word' id='word_1_80' title='bbox 836 1276 1122 1346; x_wconf 86' lang='lat' dir='ltr'><strong>templum,</strong></span> <span class='ocrx_word' id='word_1_81' title='bbox 1150 1274 1242 1329; x_wconf 90' lang='lat' dir='ltr'><strong>ubi</strong></span> <span class='ocrx_word' id='word_1_82' title='bbox 1268 1275 1539 1344; x_wconf 78' lang='lat' dir='ltr'><strong>ingentem</strong></span> <span class='ocrx_word' id='word_1_83' title='bbox 1571 1274 1878 1343; x_wconf 78' lang='lat' dir='ltr'><strong>reperimus</strong></span> <span class='ocrx_word' id='word_1_84' title='bbox 1910 1274 2052 1327; x_wconf 90' lang='lat' dir='ltr'><strong>mul-</strong></span> 
     </span>
    </p>
   </div>
   <div class='ocr_carea' id='block_1_14' title="bbox 464 1363 2051 1436">
    <p class='ocr_par' dir='ltr' id='par_1_14' title="bbox 464 1363 2051 1436">
     <span class='ocr_line' id='line_1_14' title="bbox 464 1363 2051 1436; baseline -0.004 -10"><span class='ocrx_word' id='word_1_85' title='bbox 464 1370 779 1433; x_wconf 89' lang='lat' dir='ltr'><strong>titudinem,</strong></span> <span class='ocrx_word' id='word_1_86' title='bbox 810 1383 838 1422; x_wconf 90' lang='lat' dir='ltr'><strong>a</strong></span> <span class='ocrx_word' id='word_1_87' title='bbox 866 1367 1049 1421; x_wconf 90' lang='lat' dir='ltr'><strong>medio</strong></span> <span class='ocrx_word' id='word_1_88' title='bbox 1074 1366 1253 1421; x_wconf 89' lang='lat' dir='ltr'><strong>noctis</strong></span> <span class='ocrx_word' id='word_1_89' title='bbox 1276 1372 1685 1436; x_wconf 85' lang='lat' dir='ltr'><strong>exspectantem</strong></span> <span class='ocrx_word' id='word_1_90' title='bbox 1730 1380 1851 1420; x_wconf 91' lang='lat' dir='ltr'><strong>nos.</strong></span> <span class='ocrx_word' id='word_1_91' title='bbox 1886 1363 2051 1420; x_wconf 87' lang='lat' dir='ltr'><strong>Steti-</strong></span> 
     </span>
    </p>
   </div>
   <div class='ocr_carea' id='block_1_15' title="bbox 465 1455 2049 1532">
    <p class='ocr_par' dir='ltr' id='par_1_15' title="bbox 465 1455 2049 1532">
     <span class='ocr_line' id='line_1_15' title="bbox 465 1455 2049 1532; baseline -0.005 -14"><span class='ocrx_word' id='word_1_92' title='bbox 465 1479 592 1518; x_wconf 88' lang='lat' dir='ltr'><strong>mus</strong></span> <span class='ocrx_word' id='word_1_93' title='bbox 620 1476 751 1532; x_wconf 90' lang='lat' dir='ltr'><strong>ergo</strong></span> <span class='ocrx_word' id='word_1_94' title='bbox 782 1461 837 1514; x_wconf 89' lang='lat' dir='ltr'><strong>in</strong></span> <span class='ocrx_word' id='word_1_95' title='bbox 874 1459 1031 1522; x_wconf 87' lang='lat' dir='ltr'><strong>locis,</strong></span> <span class='ocrx_word' id='word_1_96' title='bbox 1061 1457 1263 1528; x_wconf 91' lang='lat' dir='ltr'><strong>quibus</strong></span> <span class='ocrx_word' id='word_1_97' title='bbox 1313 1464 1367 1511; x_wconf 87' lang='lat' dir='ltr'><strong>et</strong></span> <span class='ocrx_word' id='word_1_98' title='bbox 1424 1456 1599 1527; x_wconf 85' lang='lat' dir='ltr'><strong>prius,</strong></span> <span class='ocrx_word' id='word_1_99' title='bbox 1631 1463 1690 1509; x_wconf 94' lang='lat' dir='ltr'><strong>ut</strong></span> <span class='ocrx_word' id='word_1_100' title='bbox 1719 1455 2049 1511; x_wconf 86' lang='lat' dir='ltr'><strong>eminentius</strong></span> 
     </span>
    </p>
   </div>
   <div class='ocr_carea' id='block_1_16' title="bbox 463 1549 2050 1620">
    <p class='ocr_par' dir='ltr' id='par_1_16' title="bbox 463 1549 2050 1620">
     <span class='ocr_line' id='line_1_16' title="bbox 463 1549 2050 1620; baseline -0.003 -10"><span class='ocrx_word' id='word_1_101' title='bbox 463 1562 678 1611; x_wconf 81' lang='lat' dir='ltr'><strong>stantes</strong></span> <span class='ocrx_word' id='word_1_102' title='bbox 730 1552 801 1607; x_wconf 90' lang='lat' dir='ltr'><strong>ab</strong></span> <span class='ocrx_word' id='word_1_103' title='bbox 850 1552 1110 1616; x_wconf 81' lang='lat' dir='ltr'><strong>universo</strong></span> <span class='ocrx_word' id='word_1_104' title='bbox 1158 1549 1361 1619; x_wconf 92' lang='lat' dir='ltr'><strong>popqu</strong></span> <span class='ocrx_word' id='word_1_105' title='bbox 1390 1563 1765 1604; x_wconf 85' lang='lat' dir='ltr'><strong>cerneremur.</strong></span> <span class='ocrx_word' id='word_1_106' title='bbox 1801 1550 2050 1620; x_wconf 84' lang='lat' dir='ltr'><strong>Cumque</strong></span> 
     </span>
    </p>
   </div>
   <div class='ocr_carea' id='block_1_17' title="bbox 460 1624 2049 1713">
    <p class='ocr_par' dir='ltr' id='par_1_17' title="bbox 460 1624 2049 1713">
     <span class='ocr_line' id='line_1_17' title="bbox 460 1624 2049 1713; baseline -0.004 -9"><span class='ocrx_word' id='word_1_107' title='bbox 460 1654 610 1703; x_wconf 84' lang='lat' dir='ltr'><strong>esset</strong></span> <span class='ocrx_word' id='word_1_108' title='bbox 633 1659 906 1701; x_wconf 88' lang='lat' dir='ltr'><strong>summum</strong></span> <span class='ocrx_word' id='word_1_109' title='bbox 942 1624 1219 1698; x_wconf 62' lang='lat' dir='ltr'><strong>sileniiiim</strong></span> <span class='ocrx_word' id='word_1_110' title='bbox 1252 1641 1479 1705; x_wconf 83' lang='lat' dir='ltr'><strong>factum,</strong></span> <span class='ocrx_word' id='word_1_111' title='bbox 1509 1641 1795 1705; x_wconf 87' lang='lat' dir='ltr'><strong>Camaliel,</strong></span> <span class='ocrx_word' id='word_1_112' title='bbox 1836 1644 1953 1713; x_wconf 85' lang='lat' dir='ltr'><strong>qui,</strong></span> <span class='ocrx_word' id='word_1_113' title='bbox 1988 1652 2049 1698; x_wconf 91' lang='lat' dir='ltr'><strong>ut</strong></span> 
     </span>
    </p>
   </div>
   <div class='ocr_carea' id='block_1_18' title="bbox 462 1733 2047 1809">
    <p class='ocr_par' dir='ltr' id='par_1_18' title="bbox 462 1733 2047 1809">
     <span class='ocr_line' id='line_1_18' title="bbox 462 1733 2047 1809; baseline -0.004 -14"><span class='ocrx_word' id='word_1_114' title='bbox 462 1754 629 1809; x_wconf 86' lang='lat' dir='ltr'><strong>supra</strong></span> <span class='ocrx_word' id='word_1_115' title='bbox 650 1737 913 1800; x_wconf 79' lang='lat' dir='ltr'><strong>diximus,</strong></span> <span class='ocrx_word' id='word_1_116' title='bbox 936 1743 1139 1791; x_wconf 57' lang='lat' dir='ltr'><strong>nostra:</strong></span> <span class='ocrx_word' id='word_1_117' title='bbox 1163 1733 1284 1788; x_wconf 82' lang='lat' dir='ltr'><strong>fidei</strong></span> <span class='ocrx_word' id='word_1_118' title='bbox 1309 1744 1447 1796; x_wconf 88' lang='lat' dir='ltr'><strong>erat,</strong></span> <span class='ocrx_word' id='word_1_119' title='bbox 1474 1734 1888 1802; x_wconf 80' lang='lat' dir='ltr'><strong>dispensatione</strong></span> <span class='ocrx_word' id='word_1_120' title='bbox 1917 1751 2047 1790; x_wconf 79' lang='lat' dir='ltr'><strong>vero</strong></span> 
     </span>
    </p>
   </div>
   <div class='ocr_carea' id='block_1_19' title="bbox 2148 556 3705 629">
    <p class='ocr_par' dir='ltr' id='par_1_19' title="bbox 2148 556 3705 629">
     <span class='ocr_line' id='line_1_19' title="bbox 2148 556 3705 629; baseline 0.003 -19"><span class='ocrx_word' id='word_1_121' title='bbox 2148 556 2241 624; x_wconf 87' lang='lat' dir='ltr'><strong>jus</strong></span> <span class='ocrx_word' id='word_1_122' title='bbox 2271 559 2564 612; x_wconf 87' lang='lat' dir='ltr'><strong>occasione</strong></span> <span class='ocrx_word' id='word_1_123' title='bbox 2587 558 2804 613; x_wconf 88' lang='lat' dir='ltr'><strong>timoris</strong></span> <span class='ocrx_word' id='word_1_124' title='bbox 2836 558 3137 619; x_wconf 87' lang='lat' dir='ltr'><strong>absolvam,</strong></span> <span class='ocrx_word' id='word_1_125' title='bbox 3165 559 3294 627; x_wconf 90' lang='lat' dir='ltr'><strong>juro</strong></span> <span class='ocrx_word' id='word_1_126' title='bbox 3308 560 3464 614; x_wconf 84' lang='lat' dir='ltr'><strong>vobis</strong></span> <span class='ocrx_word' id='word_1_127' title='bbox 3488 576 3585 629; x_wconf 85' lang='lat' dir='ltr'><strong>per</strong></span> <span class='ocrx_word' id='word_1_128' title='bbox 3606 578 3705 615; x_wconf 87' lang='lat' dir='ltr'><strong>orn-</strong></span> 
     </span>
    </p>
   </div>
   <div class='ocr_carea' id='block_1_20' title="bbox 2154 648 3707 720">
    <p class='ocr_par' dir='ltr' id='par_1_20' title="bbox 2154 648 3707 720">
     <span class='ocr_line' id='line_1_20' title="bbox 2154 648 3707 720; baseline 0.003 -19"><span class='ocrx_word' id='word_1_129' title='bbox 2154 648 2492 717; x_wconf 87' lang='lat' dir='ltr'><strong>nipotentem</strong></span> <span class='ocrx_word' id='word_1_130' title='bbox 2520 648 2691 702; x_wconf 89' lang='lat' dir='ltr'><strong>Deum</strong></span> <span class='ocrx_word' id='word_1_131' title='bbox 2730 658 2783 703; x_wconf 92' lang='lat' dir='ltr'><strong>et</strong></span> <span class='ocrx_word' id='word_1_132' title='bbox 2817 650 3085 703; x_wconf 68' lang='lat' dir='ltr'><strong>viventem</strong></span> <span class='ocrx_word' id='word_1_133' title='bbox 3120 650 3173 704; x_wconf 90' lang='lat' dir='ltr'><strong>in</strong></span> <span class='ocrx_word' id='word_1_134' title='bbox 3201 652 3421 714; x_wconf 60' lang='lat' dir='ltr'><strong>secula,</strong></span> <span class='ocrx_word' id='word_1_135' title='bbox 3445 653 3575 720; x_wconf 84' lang='lat' dir='ltr'><strong>quia</strong></span> <span class='ocrx_word' id='word_1_136' title='bbox 3604 654 3707 707; x_wconf 90' lang='lat' dir='ltr'><strong>uul-</strong></span> 
     </span>
    </p>
   </div>
   <div class='ocr_carea' id='block_1_21' title="bbox 2153 740 3708 813">
    <p class='ocr_par' dir='ltr' id='par_1_21' title="bbox 2153 740 3708 813">
     <span class='ocr_line' id='line_1_21' title="bbox 2153 740 3708 813; baseline 0.003 -21"><span class='ocrx_word' id='word_1_137' title='bbox 2153 740 2263 792; x_wconf 91' lang='lat' dir='ltr'><strong>lum</strong></span> <span class='ocrx_word' id='word_1_138' title='bbox 2287 742 2600 809; x_wconf 84' lang='lat' dir='ltr'><strong>permittam</strong></span> <span class='ocrx_word' id='word_1_139' title='bbox 2626 741 2855 809; x_wconf 83' lang='lat' dir='ltr'><strong>injicere</strong></span> <span class='ocrx_word' id='word_1_140' title='bbox 2883 740 3037 795; x_wconf 82' lang='lat' dir='ltr'><strong>vobis</strong></span> <span class='ocrx_word' id='word_1_141' title='bbox 3061 755 3276 795; x_wconf 89' lang='lat' dir='ltr'><strong>manus.</strong></span> <span class='ocrx_word' id='word_1_142' title='bbox 3296 740 3573 797; x_wconf 83' lang='lat' dir='ltr'><strong>Habentes</strong></span> <span class='ocrx_word' id='word_1_143' title='bbox 3596 758 3708 813; x_wconf 84' lang='lat' dir='ltr'><strong>ergo</strong></span> 
     </span>
    </p>
   </div>
   <div class='ocr_carea' id='block_1_22' title="bbox 2150 828 3711 900">
    <p class='ocr_par' dir='ltr' id='par_1_22' title="bbox 2150 828 3711 900">
     <span class='ocr_line' id='line_1_22' title="bbox 2150 828 3711 900; baseline 0.001 -17"><span class='ocrx_word' id='word_1_144' title='bbox 2150 830 2316 898; x_wconf 90' lang='lat' dir='ltr'><strong>hujus</strong></span> <span class='ocrx_word' id='word_1_145' title='bbox 2372 830 2666 897; x_wconf 87' lang='lat' dir='ltr'><strong>jnramenti</strong></span> <span class='ocrx_word' id='word_1_146' title='bbox 2717 829 2819 883; x_wconf 90' lang='lat' dir='ltr'><strong>mei</strong></span> <span class='ocrx_word' id='word_1_147' title='bbox 2873 843 3089 883; x_wconf 88' lang='lat' dir='ltr'><strong>omnem</strong></span> <span class='ocrx_word' id='word_1_148' title='bbox 3128 828 3274 883; x_wconf 91' lang='lat' dir='ltr'><strong>hunc</strong></span> <span class='ocrx_word' id='word_1_149' title='bbox 3325 831 3589 900; x_wconf 88' lang='lat' dir='ltr'><strong>populum</strong></span> <span class='ocrx_word' id='word_1_150' title='bbox 3620 839 3711 885; x_wconf 82' lang='lat' dir='ltr'><strong>tes-</strong></span> 
     </span>
    </p>
   </div>
   <div class='ocr_carea' id='block_1_23' title="bbox 2150 920 3708 990">
    <p class='ocr_par' dir='ltr' id='par_1_23' title="bbox 2150 920 3708 990">
     <span class='ocr_line' id='line_1_23' title="bbox 2150 920 3708 990; baseline 0.002 -16"><span class='ocrx_word' id='word_1_151' title='bbox 2150 929 2289 983; x_wconf 89' lang='lat' dir='ltr'><strong>tem,</strong></span> <span class='ocrx_word' id='word_1_152' title='bbox 2321 929 2375 973; x_wconf 86' lang='lat' dir='ltr'><strong>et</strong></span> <span class='ocrx_word' id='word_1_153' title='bbox 2415 921 2670 975; x_wconf 86' lang='lat' dir='ltr'><strong>idoneum</strong></span> <span class='ocrx_word' id='word_1_154' title='bbox 2719 920 2919 990; x_wconf 86' lang='lat' dir='ltr'><strong>pignus</strong></span> <span class='ocrx_word' id='word_1_155' title='bbox 2969 920 3301 975; x_wconf 77' lang='lat' dir='ltr'><strong>sacramenti</strong></span> <span class='ocrx_word' id='word_1_156' title='bbox 3334 922 3517 975; x_wconf 84' lang='lat' dir='ltr'><strong>nostri</strong></span> <span class='ocrx_word' id='word_1_157' title='bbox 3546 921 3708 978; x_wconf 68' lang='lat' dir='ltr'><strong>foedus</strong></span> 
     </span>
    </p>
   </div>
   <div class='ocr_carea' id='block_1_24' title="bbox 2150 1011 3710 1082">
    <p class='ocr_par' dir='ltr' id='par_1_24' title="bbox 2150 1011 3710 1082">
     <span class='ocr_line' id='line_1_24' title="bbox 2150 1011 3710 1082; baseline 0.001 -16"><span class='ocrx_word' id='word_1_158' title='bbox 2150 1020 2419 1076; x_wconf 89' lang='lat' dir='ltr'><strong>tenentes,</strong></span> <span class='ocrx_word' id='word_1_159' title='bbox 2455 1012 2663 1081; x_wconf 83' lang='lat' dir='ltr'><strong>absque</strong></span> <span class='ocrx_word' id='word_1_160' title='bbox 2690 1014 2800 1065; x_wconf 79' lang='lat' dir='ltr'><strong>ulla</strong></span> <span class='ocrx_word' id='word_1_161' title='bbox 2828 1011 3181 1065; x_wconf 89' lang='lat' dir='ltr'><strong>cunctatione</strong></span> <span class='ocrx_word' id='word_1_162' title='bbox 3227 1013 3710 1082; x_wconf 69' lang='lat' dir='ltr'><strong>unusquisqueve-</strong></span> 
     </span>
    </p>
   </div>
   <div class='ocr_carea' id='block_1_25' title="bbox 2156 1103 3710 1173">
    <p class='ocr_par' dir='ltr' id='par_1_25' title="bbox 2156 1103 3710 1173">
     <span class='ocr_line' id='line_1_25' title="bbox 2156 1103 3710 1173; baseline 0.003 -17"><span class='ocrx_word' id='word_1_163' title='bbox 2156 1113 2329 1156; x_wconf 59' lang='lat' dir='ltr'><strong>atrum</strong></span> <span class='ocrx_word' id='word_1_164' title='bbox 2374 1103 2520 1172; x_wconf 86' lang='lat' dir='ltr'><strong>quod</strong></span> <span class='ocrx_word' id='word_1_165' title='bbox 2553 1103 2748 1157; x_wconf 89' lang='lat' dir='ltr'><strong>didicit</strong></span> <span class='ocrx_word' id='word_1_166' title='bbox 2774 1103 3035 1173; x_wconf 82' lang='lat' dir='ltr'><strong>proferat,</strong></span> <span class='ocrx_word' id='word_1_167' title='bbox 3065 1111 3122 1159; x_wconf 90' lang='lat' dir='ltr'><strong>et</strong></span> <span class='ocrx_word' id='word_1_168' title='bbox 3148 1119 3251 1159; x_wconf 92' lang='lat' dir='ltr'><strong>nos</strong></span> <span class='ocrx_word' id='word_1_169' title='bbox 3281 1104 3487 1160; x_wconf 81' lang='lat' dir='ltr'><strong>fratres</strong></span> <span class='ocrx_word' id='word_1_170' title='bbox 3522 1106 3710 1160; x_wconf 84' lang='lat' dir='ltr'><strong>intente</strong></span> 
     </span>
    </p>
   </div>
   <div class='ocr_carea' id='block_1_26' title="bbox 2147 1195 2930 1251">
    <p class='ocr_par' dir='ltr' id='par_1_26' title="bbox 2147 1195 2930 1251">
     <span class='ocr_line' id='line_1_26' title="bbox 2147 1195 2930 1251; baseline 0.001 -2"><span class='ocrx_word' id='word_1_171' title='bbox 2147 1204 2203 1249; x_wconf 90' lang='lat' dir='ltr'><strong>et</strong></span> <span class='ocrx_word' id='word_1_172' title='bbox 2230 1210 2353 1248; x_wconf 90' lang='lat' dir='ltr'><strong>cum</strong></span> <span class='ocrx_word' id='word_1_173' title='bbox 2378 1195 2599 1249; x_wconf 86' lang='lat' dir='ltr'><strong>silentio</strong></span> <span class='ocrx_word' id='word_1_174' title='bbox 2620 1195 2930 1251; x_wconf 87' lang='lat' dir='ltr'><strong>audiamus.</strong></span> 
     </span>
    </p>
   </div>
   <div class='ocr_carea' id='block_1_27' title="bbox 2218 1282 3710 1354">
    <p class='ocr_par' dir='ltr' id='par_1_27' title="bbox 2218 1282 3710 1354">
     <span class='ocr_line' id='line_1_27' title="bbox 2218 1282 3710 1354; baseline 0 -17"><span class='ocrx_word' id='word_1_175' title='bbox 2218 1282 2451 1339; x_wconf 67' lang='lat' dir='ltr'><strong>LXVIII.</strong></span> <span class='ocrx_word' id='word_1_176' title='bbox 2495 1283 2623 1338; x_wconf 74' lang='lat' dir='ltr'><strong>Iizec</strong></span> <span class='ocrx_word' id='word_1_177' title='bbox 2651 1284 2843 1340; x_wconf 89' lang='lat' dir='ltr'><strong>dicens</strong></span> <span class='ocrx_word' id='word_1_178' title='bbox 2887 1284 3151 1340; x_wconf 84' lang='lat' dir='ltr'><strong>Camaliel</strong></span> <span class='ocrx_word' id='word_1_179' title='bbox 3197 1301 3308 1341; x_wconf 91' lang='lat' dir='ltr'><strong>non</strong></span> <span class='ocrx_word' id='word_1_180' title='bbox 3356 1285 3519 1340; x_wconf 83' lang='lat' dir='ltr'><strong>valde</strong></span> <span class='ocrx_word' id='word_1_181' title='bbox 3546 1285 3710 1354; x_wconf 86' lang='lat' dir='ltr'><strong>plaee-</strong></span> 
     </span>
    </p>
   </div>
   <div class='ocr_carea' id='block_1_28' title="bbox 2149 1373 3710 1447">
    <p class='ocr_par' dir='ltr' id='par_1_28' title="bbox 2149 1373 3710 1447">
     <span class='ocr_line' id='line_1_28' title="bbox 2149 1373 3710 1447; baseline 0.001 -18"><span class='ocrx_word' id='word_1_182' title='bbox 2149 1375 2244 1429; x_wconf 90' lang='lat' dir='ltr'><strong>bat</strong></span> <span class='ocrx_word' id='word_1_183' title='bbox 2273 1373 2513 1443; x_wconf 67' lang='lat' dir='ltr'><strong>Caiphae,</strong></span> <span class='ocrx_word' id='word_1_184' title='bbox 2546 1383 2623 1438; x_wconf 88' lang='lat' dir='ltr'><strong>et,</strong></span> <span class='ocrx_word' id='word_1_185' title='bbox 2680 1382 2739 1428; x_wconf 90' lang='lat' dir='ltr'><strong>ut</strong></span> <span class='ocrx_word' id='word_1_186' title='bbox 2796 1374 3101 1441; x_wconf 89' lang='lat' dir='ltr'><strong>videbatur,</strong></span> <span class='ocrx_word' id='word_1_187' title='bbox 3150 1387 3468 1447; x_wconf 86' lang='lat' dir='ltr'><strong>suspectum</strong></span> <span class='ocrx_word' id='word_1_188' title='bbox 3519 1377 3710 1432; x_wconf 87' lang='lat' dir='ltr'><strong>habens</strong></span> 
     </span>
    </p>
   </div>
   <div class='ocr_carea' id='block_1_29' title="bbox 2148 1464 3708 1535">
    <p class='ocr_par' dir='ltr' id='par_1_29' title="bbox 2148 1464 3708 1535">
     <span class='ocr_line' id='line_1_29' title="bbox 2148 1464 3708 1535; baseline -0.001 -16"><span class='ocrx_word' id='word_1_189' title='bbox 2148 1479 2297 1525; x_wconf 91' lang='lat' dir='ltr'><strong>eum,</strong></span> <span class='ocrx_word' id='word_1_190' title='bbox 2332 1464 2448 1533; x_wconf 91' lang='lat' dir='ltr'><strong>ipse</strong></span> <span class='ocrx_word' id='word_1_191' title='bbox 2488 1466 2661 1535; x_wconf 85' lang='lat' dir='ltr'><strong>magis</strong></span> <span class='ocrx_word' id='word_1_192' title='bbox 2689 1466 2929 1520; x_wconf 90' lang='lat' dir='ltr'><strong>inserere</strong></span> <span class='ocrx_word' id='word_1_193' title='bbox 2977 1483 3037 1521; x_wconf 89' lang='lat' dir='ltr'><strong>se</strong></span> <span class='ocrx_word' id='word_1_194' title='bbox 3066 1466 3341 1521; x_wconf 88' lang='lat' dir='ltr'><strong>subtiliter</strong></span> <span class='ocrx_word' id='word_1_195' title='bbox 3390 1465 3708 1535; x_wconf 86' lang='lat' dir='ltr'><strong>disputatio-</strong></span> 
     </span>
    </p>
   </div>
   <div class='ocr_carea' id='block_1_30' title="bbox 2150 1555 3707 1626">
    <p class='ocr_par' dir='ltr' id='par_1_30' title="bbox 2150 1555 3707 1626">
     <span class='ocr_line' id='line_1_30' title="bbox 2150 1555 3707 1626; baseline -0.001 -16"><span class='ocrx_word' id='word_1_196' title='bbox 2150 1557 2313 1611; x_wconf 89' lang='lat' dir='ltr'><strong>nibus</strong></span> <span class='ocrx_word' id='word_1_197' title='bbox 2352 1556 2550 1626; x_wconf 65' lang='lat' dir='ltr'><strong>caapit:</strong></span> <span class='ocrx_word' id='word_1_198' title='bbox 2605 1557 2898 1612; x_wconf 86' lang='lat' dir='ltr'><strong>subridens</strong></span> <span class='ocrx_word' id='word_1_199' title='bbox 2937 1558 3083 1613; x_wconf 90' lang='lat' dir='ltr'><strong>enim</strong></span> <span class='ocrx_word' id='word_1_200' title='bbox 3117 1558 3182 1611; x_wconf 91' lang='lat' dir='ltr'><strong>ad</strong></span> <span class='ocrx_word' id='word_1_201' title='bbox 3212 1573 3277 1612; x_wconf 89' lang='lat' dir='ltr'><strong>ea</strong></span> <span class='ocrx_word' id='word_1_202' title='bbox 3308 1574 3433 1626; x_wconf 63' lang='lat' dir='ltr'><strong>qua:</strong></span> <span class='ocrx_word' id='word_1_203' title='bbox 3462 1555 3707 1612; x_wconf 85' lang='lat' dir='ltr'><strong>Gamaliel</strong></span> 
     </span>
    </p>
   </div>
   <div class='ocr_carea' id='block_1_31' title="bbox 2148 1647 3707 1719">
    <p class='ocr_par' dir='ltr' id='par_1_31' title="bbox 2148 1647 3707 1719">
     <span class='ocr_line' id='line_1_31' title="bbox 2148 1647 3707 1719; baseline -0.001 -16"><span class='ocrx_word' id='word_1_204' title='bbox 2148 1648 2382 1710; x_wconf 83' lang='lat' dir='ltr'><strong>dixerat,</strong></span> <span class='ocrx_word' id='word_1_205' title='bbox 2413 1647 2679 1703; x_wconf 90' lang='lat' dir='ltr'><strong>Iacobum</strong></span> <span class='ocrx_word' id='word_1_206' title='bbox 2716 1649 3103 1719; x_wconf 86' lang='lat' dir='ltr'><strong>episcoporum</strong></span> <span class='ocrx_word' id='word_1_207' title='bbox 3147 1648 3457 1719; x_wconf 85' lang='lat' dir='ltr'><strong>principem</strong></span> <span class='ocrx_word' id='word_1_208' title='bbox 3493 1648 3603 1719; x_wconf 79' lang='lat' dir='ltr'><strong>(SI)</strong></span> <span class='ocrx_word' id='word_1_209' title='bbox 3629 1662 3707 1701; x_wconf 83' lang='lat' dir='ltr'><strong>sa—</strong></span> 
     </span>
    </p>
   </div>
   <div class='ocr_carea' id='block_1_32' title="bbox 2149 1740 3706 1811">
    <p class='ocr_par' dir='ltr' id='par_1_32' title="bbox 2149 1740 3706 1811">
     <span class='ocr_line' id='line_1_32' title="bbox 2149 1740 3706 1811; baseline -0.003 -16"><span class='ocrx_word' id='word_1_210' title='bbox 2149 1741 2429 1795; x_wconf 89' lang='lat' dir='ltr'><strong>cerdotum</strong></span> <span class='ocrx_word' id='word_1_211' title='bbox 2455 1742 2708 1811; x_wconf 82' lang='lat' dir='ltr'><strong>princeps</strong></span> <span class='ocrx_word' id='word_1_212' title='bbox 2737 1742 2949 1802; x_wconf 87' lang='lat' dir='ltr'><strong>orabat,</strong></span> <span class='ocrx_word' id='word_1_213' title='bbox 2972 1750 3032 1795; x_wconf 92' lang='lat' dir='ltr'><strong>nt</strong></span> <span class='ocrx_word' id='word_1_214' title='bbox 3060 1742 3127 1795; x_wconf 83' lang='lat' dir='ltr'><strong>de</strong></span> <span class='ocrx_word' id='word_1_215' title='bbox 3155 1740 3383 1796; x_wconf 88' lang='lat' dir='ltr'><strong>Christo</strong></span> <span class='ocrx_word' id='word_1_216' title='bbox 3411 1757 3529 1795; x_wconf 87' lang='lat' dir='ltr'><strong>non</strong></span> <span class='ocrx_word' id='word_1_217' title='bbox 3550 1740 3706 1793; x_wconf 84' lang='lat' dir='ltr'><strong>aliun—</strong></span> 
     </span>
    </p>
   </div>
   <div class='ocr_carea' id='block_1_33' title="bbox 461 1822 3705 1903">
    <p class='ocr_par' dir='ltr' id='par_1_33' title="bbox 461 1822 3705 1903">
     <span class='ocr_line' id='line_1_33' title="bbox 461 1822 3705 1903; baseline -0.001 -16"><span class='ocrx_word' id='word_1_218' title='bbox 461 1834 720 1887; x_wconf 74' lang='lat' dir='ltr'><strong>isancbat</strong></span> <span class='ocrx_word' id='word_1_219' title='bbox 746 1830 888 1885; x_wconf 90' lang='lat' dir='ltr'><strong>inter</strong></span> <span class='ocrx_word' id='word_1_220' title='bbox 916 1829 1094 1900; x_wconf 86' lang='lat' dir='ltr'><strong>ipsos,</strong></span> <span class='ocrx_word' id='word_1_221' title='bbox 1126 1836 1186 1881; x_wconf 94' lang='lat' dir='ltr'><strong>ut</strong></span> <span class='ocrx_word' id='word_1_222' title='bbox 1230 1828 1275 1883; x_wconf 88' lang='lat' dir='ltr'><strong>si</strong></span> <span class='ocrx_word' id='word_1_223' title='bbox 1310 1827 1532 1897; x_wconf 89' lang='lat' dir='ltr'><strong>quando</strong></span> <span class='ocrx_word' id='word_1_224' title='bbox 1560 1829 1804 1897; x_wconf 90' lang='lat' dir='ltr'><strong>iniquum</strong></span> <span class='ocrx_word' id='word_1_225' title='bbox 1838 1828 2043 1899; x_wconf 91' lang='lat' dir='ltr'><strong>aliquid</strong></span> <span class='ocrx_word' id='word_1_226' title='bbox 2078 1822 2119 1876; x_wconf 86' lang='grc' dir='ltr'>Β</span> <span class='ocrx_word' id='word_1_227' title='bbox 2147 1832 2216 1889; x_wconf 87' lang='lat' dir='ltr'><strong>de</strong></span> <span class='ocrx_word' id='word_1_228' title='bbox 2241 1849 2424 1889; x_wconf 80' lang='lat' dir='ltr'><strong>sermo</strong></span> <span class='ocrx_word' id='word_1_229' title='bbox 2452 1849 2615 1903; x_wconf 88' lang='lat' dir='ltr'><strong>quam</strong></span> <span class='ocrx_word' id='word_1_230' title='bbox 2644 1834 2713 1887; x_wconf 90' lang='lat' dir='ltr'><strong>de</strong></span> <span class='ocrx_word' id='word_1_231' title='bbox 2738 1833 3030 1902; x_wconf 76' lang='lat' dir='ltr'><strong>scripturis</strong></span> <span class='ocrx_word' id='word_1_232' title='bbox 3062 1834 3235 1895; x_wconf 83' lang='lat' dir='ltr'><strong>fieret,</strong></span> <span class='ocrx_word' id='word_1_233' title='bbox 3261 1841 3323 1886; x_wconf 89' lang='lat' dir='ltr'><strong>ut</strong></span> <span class='ocrx_word' id='word_1_234' title='bbox 3350 1833 3613 1887; x_wconf 80' lang='lat' dir='ltr'><strong>sciamus.</strong></span> <span class='ocrx_word' id='word_1_235' title='bbox 3634 1830 3705 1882; x_wconf 86' lang='lat' dir='ltr'><strong>in—</strong></span> 
     </span>
    </p>
   </div>
   <div class='ocr_carea' id='block_1_34' title="bbox 461 1920 2045 1992">
    <p class='ocr_par' dir='ltr' id='par_1_34' title="bbox 461 1920 2045 1992">
     <span class='ocr_line' id='line_1_34' title="bbox 461 1920 2045 1992; baseline -0.003 -9"><span class='ocrx_word' id='word_1_236' title='bbox 461 1927 751 1983; x_wconf 84' lang='lat' dir='ltr'><strong>adversum</strong></span> <span class='ocrx_word' id='word_1_237' title='bbox 808 1937 910 1977; x_wconf 89' lang='lat' dir='ltr'><strong>nos</strong></span> <span class='ocrx_word' id='word_1_238' title='bbox 952 1930 1047 1975; x_wconf 93' lang='lat' dir='ltr'><strong>aut</strong></span> <span class='ocrx_word' id='word_1_239' title='bbox 1090 1920 1317 1991; x_wconf 90' lang='lat' dir='ltr'><strong>impium</strong></span> <span class='ocrx_word' id='word_1_240' title='bbox 1368 1920 1712 1984; x_wconf 88' lang='lat' dir='ltr'><strong>molirentur,</strong></span> <span class='ocrx_word' id='word_1_241' title='bbox 1759 1922 1843 1976; x_wconf 89' lang='lat' dir='ltr'><strong>vel</strong></span> <span class='ocrx_word' id='word_1_242' title='bbox 1895 1923 2045 1992; x_wconf 89' lang='lat' dir='ltr'><strong>ipsos</strong></span> 
     </span>
    </p>
   </div>
   <div class='ocr_carea' id='block_1_35' title="bbox 463 2013 2049 2085">
    <p class='ocr_par' dir='ltr' id='par_1_35' title="bbox 463 2013 2049 2085">
     <span class='ocr_line' id='line_1_35' title="bbox 463 2013 2049 2085; baseline -0.004 -12"><span class='ocrx_word' id='word_1_243' title='bbox 463 2017 705 2073; x_wconf 74' lang='lat' dir='ltr'><strong>consilio</strong></span> <span class='ocrx_word' id='word_1_244' title='bbox 740 2014 1063 2085; x_wconf 87' lang='lat' dir='ltr'><strong>reprimeret</strong></span> <span class='ocrx_word' id='word_1_245' title='bbox 1094 2013 1393 2083; x_wconf 86' lang='lat' dir='ltr'><strong>prudenter</strong></span> <span class='ocrx_word' id='word_1_246' title='bbox 1413 2020 1621 2081; x_wconf 89' lang='lat' dir='ltr'><strong>aptato,</strong></span> <span class='ocrx_word' id='word_1_247' title='bbox 1658 2013 1741 2067; x_wconf 86' lang='lat' dir='ltr'><strong>vel</strong></span> <span class='ocrx_word' id='word_1_248' title='bbox 1777 2028 1877 2069; x_wconf 91' lang='lat' dir='ltr'><strong>nos</strong></span> <span class='ocrx_word' id='word_1_249' title='bbox 1901 2029 2049 2067; x_wconf 87' lang='lat' dir='ltr'><strong>com-</strong></span> 
     </span>
    </p>
   </div>
   <div class='ocr_carea' id='block_1_36' title="bbox 460 2101 2045 2172">
    <p class='ocr_par' dir='ltr' id='par_1_36' title="bbox 460 2101 2045 2172">
     <span class='ocr_line' id='line_1_36' title="bbox 460 2101 2045 2172; baseline -0.002 -9"><span class='ocrx_word' id='word_1_250' title='bbox 460 2113 711 2164; x_wconf 65' lang='lat' dir='ltr'><strong>moneret</strong></span> <span class='ocrx_word' id='word_1_251' title='bbox 733 2111 793 2159; x_wconf 92' lang='lat' dir='ltr'><strong>ut</strong></span> <span class='ocrx_word' id='word_1_252' title='bbox 821 2111 915 2157; x_wconf 92' lang='lat' dir='ltr'><strong>aut</strong></span> <span class='ocrx_word' id='word_1_253' title='bbox 948 2116 1147 2157; x_wconf 88' lang='lat' dir='ltr'><strong>curare</strong></span> <span class='ocrx_word' id='word_1_254' title='bbox 1194 2110 1289 2155; x_wconf 93' lang='lat' dir='ltr'><strong>aut</strong></span> <span class='ocrx_word' id='word_1_255' title='bbox 1338 2101 1616 2155; x_wconf 89' lang='lat' dir='ltr'><strong>declinare</strong></span> <span class='ocrx_word' id='word_1_256' title='bbox 1647 2118 1964 2172; x_wconf 84' lang='lat' dir='ltr'><strong>possemus;</strong></span> <span class='ocrx_word' id='word_1_257' title='bbox 1998 2106 2045 2160; x_wconf 91' lang='lat' dir='ltr'><strong>is</strong></span> 
     </span>
    </p>
   </div>
   <div class='ocr_carea' id='block_1_37' title="bbox 460 2193 2044 2270">
    <p class='ocr_par' dir='ltr' id='par_1_37' title="bbox 460 2193 2044 2270">
     <span class='ocr_line' id='line_1_37' title="bbox 460 2193 2044 2270; baseline -0.004 -15"><span class='ocrx_word' id='word_1_258' title='bbox 460 2214 595 2270; x_wconf 89' lang='lat' dir='ltr'><strong>ergo</strong></span> <span class='ocrx_word' id='word_1_259' title='bbox 625 2206 887 2266; x_wconf 89' lang='lat' dir='ltr'><strong>tanquam</strong></span> <span class='ocrx_word' id='word_1_260' title='bbox 922 2193 1218 2249; x_wconf 87' lang='lat' dir='ltr'><strong>adversum</strong></span> <span class='ocrx_word' id='word_1_261' title='bbox 1251 2209 1355 2247; x_wconf 89' lang='lat' dir='ltr'><strong>nos</strong></span> <span class='ocrx_word' id='word_1_262' title='bbox 1387 2208 1578 2261; x_wconf 89' lang='lat' dir='ltr'><strong>agens,</strong></span> <span class='ocrx_word' id='word_1_263' title='bbox 1613 2194 1767 2263; x_wconf 91' lang='lat' dir='ltr'><strong>prior</strong></span> <span class='ocrx_word' id='word_1_264' title='bbox 1794 2196 2044 2249; x_wconf 89' lang='lat' dir='ltr'><strong>omnium</strong></span> 
     </span>
    </p>
   </div>
   <div class='ocr_carea' id='block_1_38' title="bbox 457 2285 2045 2364">
    <p class='ocr_par' dir='ltr' id='par_1_38' title="bbox 457 2285 2045 2364">
     <span class='ocr_line' id='line_1_38' title="bbox 457 2285 2045 2364; baseline -0.003 -17"><span class='ocrx_word' id='word_1_265' title='bbox 457 2293 783 2364; x_wconf 79' lang='lat' dir='ltr'><strong>episcopum</strong></span> <span class='ocrx_word' id='word_1_266' title='bbox 830 2285 1099 2343; x_wconf 85' lang='lat' dir='ltr'><strong>Iacobum</strong></span> <span class='ocrx_word' id='word_1_267' title='bbox 1132 2289 1358 2341; x_wconf 90' lang='lat' dir='ltr'><strong>intuens</strong></span> <span class='ocrx_word' id='word_1_268' title='bbox 1410 2286 1514 2340; x_wconf 85' lang='lat' dir='ltr'><strong>hoc</strong></span> <span class='ocrx_word' id='word_1_269' title='bbox 1561 2287 1726 2340; x_wconf 91' lang='lat' dir='ltr'><strong>modo</strong></span> <span class='ocrx_word' id='word_1_270' title='bbox 1772 2287 2045 2342; x_wconf 88' lang='lat' dir='ltr'><strong>allocutus</strong></span> 
     </span>
    </p>
   </div>
   <div class='ocr_carea' id='block_1_39' title="bbox 457 2392 593 2441">
    <p class='ocr_par' dir='ltr' id='par_1_39' title="bbox 457 2392 593 2441">
     <span class='ocr_line' id='line_1_39' title="bbox 457 2392 593 2441; baseline -0.015 0"><span class='ocrx_word' id='word_1_271' title='bbox 457 2392 546 2441; x_wconf 88' lang='lat' dir='ltr'><strong>est</strong></span> <span class='ocrx_word' id='word_1_272' title='bbox 579 2403 593 2439; x_wconf 90' lang='lat'><strong>:</strong></span> 
     </span>
    </p>
   </div>
   <div class='ocr_carea' id='block_1_40' title="bbox 531 2470 2042 2546">
    <p class='ocr_par' dir='ltr' id='par_1_40' title="bbox 531 2470 2042 2546">
     <span class='ocr_line' id='line_1_40' title="bbox 531 2470 2042 2546; baseline -0.003 -14"><span class='ocrx_word' id='word_1_273' title='bbox 531 2475 742 2532; x_wconf 78' lang='lat' dir='ltr'><strong>LXVII.</strong></span> <span class='ocrx_word' id='word_1_274' title='bbox 782 2474 842 2530; x_wconf 89' lang='lat' dir='ltr'><strong>Si</strong></span> <span class='ocrx_word' id='word_1_275' title='bbox 868 2490 970 2546; x_wconf 86' lang='lat' dir='ltr'><strong>ego</strong></span> <span class='ocrx_word' id='word_1_276' title='bbox 997 2472 1264 2529; x_wconf 88' lang='lat' dir='ltr'><strong>Gamaliel</strong></span> <span class='ocrx_word' id='word_1_277' title='bbox 1295 2486 1474 2542; x_wconf 83' lang='lat' dir='ltr'><strong>neque</strong></span> <span class='ocrx_word' id='word_1_278' title='bbox 1506 2470 1841 2527; x_wconf 88' lang='lat' dir='ltr'><strong>eruditionis</strong></span> <span class='ocrx_word' id='word_1_279' title='bbox 1886 2488 2042 2537; x_wconf 69' lang='lat' dir='ltr'><strong>mete,</strong></span> 
     </span>
    </p>
   </div>
   <div class='ocr_carea' id='block_1_41' title="bbox 462 2564 2045 2640">
    <p class='ocr_par' dir='ltr' id='par_1_41' title="bbox 462 2564 2045 2640">
     <span class='ocr_line' id='line_1_41' title="bbox 462 2564 2045 2640; baseline -0.003 -15"><span class='ocrx_word' id='word_1_280' title='bbox 462 2584 642 2640; x_wconf 87' lang='lat' dir='ltr'><strong>neque</strong></span> <span class='ocrx_word' id='word_1_281' title='bbox 672 2566 1361 2637; x_wconf 87' lang='lat' dir='ltr'><strong>senectutis-opprobrium</strong></span> <span class='ocrx_word' id='word_1_282' title='bbox 1395 2564 1562 2631; x_wconf 91' lang='lat' dir='ltr'><strong>duco,</strong></span> <span class='ocrx_word' id='word_1_283' title='bbox 1596 2564 1811 2619; x_wconf 86' lang='lat' dir='ltr'><strong>discere</strong></span> <span class='ocrx_word' id='word_1_284' title='bbox 1837 2566 2045 2637; x_wconf 90' lang='lat' dir='ltr'><strong>aliquid</strong></span> 
     </span>
    </p>
   </div>
   <div class='ocr_carea' id='block_1_42' title="bbox 460 2655 2046 2729">
    <p class='ocr_par' dir='ltr' id='par_1_42' title="bbox 460 2655 2046 2729">
     <span class='ocr_line' id='line_1_42' title="bbox 460 2655 2046 2729; baseline -0.001 -16"><span class='ocrx_word' id='word_1_285' title='bbox 460 2676 493 2713; x_wconf 89' lang='lat' dir='ltr'><strong>a</strong></span> <span class='ocrx_word' id='word_1_286' title='bbox 528 2659 772 2729; x_wconf 89' lang='lat' dir='ltr'><strong>parvulis</strong></span> <span class='ocrx_word' id='word_1_287' title='bbox 800 2666 855 2712; x_wconf 90' lang='lat' dir='ltr'><strong>et</strong></span> <span class='ocrx_word' id='word_1_288' title='bbox 886 2657 954 2710; x_wconf 90' lang='lat' dir='ltr'><strong>ab</strong></span> <span class='ocrx_word' id='word_1_289' title='bbox 988 2657 1278 2727; x_wconf 84' lang='lat' dir='ltr'><strong>imperitis,</strong></span> <span class='ocrx_word' id='word_1_290' title='bbox 1316 2656 1362 2710; x_wconf 89' lang='lat' dir='ltr'><strong>si</strong></span> <span class='ocrx_word' id='word_1_291' title='bbox 1391 2655 1523 2725; x_wconf 89' lang='lat' dir='ltr'><strong>quid</strong></span> <span class='ocrx_word' id='word_1_292' title='bbox 1556 2656 1696 2711; x_wconf 91' lang='lat' dir='ltr'><strong>forte</strong></span> <span class='ocrx_word' id='word_1_293' title='bbox 1724 2664 1809 2712; x_wconf 89' lang='lat' dir='ltr'><strong>est</strong></span> <span class='ocrx_word' id='word_1_294' title='bbox 1838 2658 2046 2712; x_wconf 86' lang='lat' dir='ltr'><strong>utilita-</strong></span> 
     </span>
    </p>
   </div>
   <div class='ocr_carea' id='block_1_43' title="bbox 460 2747 2047 2818">
    <p class='ocr_par' dir='ltr' id='par_1_43' title="bbox 460 2747 2047 2818">
     <span class='ocr_line' id='line_1_43' title="bbox 460 2747 2047 2818; baseline -0.003 -12"><span class='ocrx_word' id='word_1_295' title='bbox 460 2754 536 2806; x_wconf 87' lang='lat' dir='ltr'><strong>tis</strong></span> <span class='ocrx_word' id='word_1_296' title='bbox 578 2758 674 2804; x_wconf 87' lang='lat' dir='ltr'><strong>aut</strong></span> <span class='ocrx_word' id='word_1_297' title='bbox 726 2749 924 2805; x_wconf 89' lang='lat' dir='ltr'><strong>salutis</strong></span> <span class='ocrx_word' id='word_1_298' title='bbox 971 2749 1257 2818; x_wconf 89' lang='lat' dir='ltr'><strong>acquirere</strong></span> <span class='ocrx_word' id='word_1_299' title='bbox 1319 2747 1433 2818; x_wconf 92' lang='lat' dir='ltr'><strong>(qui</strong></span> <span class='ocrx_word' id='word_1_300' title='bbox 1469 2747 1614 2801; x_wconf 93' lang='lat' dir='ltr'><strong>enim</strong></span> <span class='ocrx_word' id='word_1_301' title='bbox 1648 2747 2047 2803; x_wconf 89' lang='lat' dir='ltr'><strong>rationabiliter</strong></span> 
     </span>
    </p>
   </div>
   <div class='ocr_carea' id='block_1_44' title="bbox 457 2839 2045 2911">
    <p class='ocr_par' dir='ltr' id='par_1_44' title="bbox 457 2839 2045 2911">
     <span class='ocr_line' id='line_1_44' title="bbox 457 2839 2045 2911; baseline -0.002 -14"><span class='ocrx_word' id='word_1_302' title='bbox 457 2842 616 2908; x_wconf 83' lang='lat' dir='ltr'><strong>vivit,</strong></span> <span class='ocrx_word' id='word_1_303' title='bbox 640 2840 747 2896; x_wconf 90' lang='lat' dir='ltr'><strong>scit</strong></span> <span class='ocrx_word' id='word_1_304' title='bbox 768 2841 897 2911; x_wconf 88' lang='lat' dir='ltr'><strong>quia</strong></span> <span class='ocrx_word' id='word_1_305' title='bbox 924 2841 1061 2895; x_wconf 91' lang='lat' dir='ltr'><strong>nihil</strong></span> <span class='ocrx_word' id='word_1_306' title='bbox 1083 2845 1169 2895; x_wconf 91' lang='lat' dir='ltr'><strong>est</strong></span> <span class='ocrx_word' id='word_1_307' title='bbox 1198 2840 1379 2893; x_wconf 89' lang='lat' dir='ltr'><strong>anima</strong></span> <span class='ocrx_word' id='word_1_308' title='bbox 1408 2839 1749 2910; x_wconf 89' lang='lat' dir='ltr'><strong>pretiosius),</strong></span> <span class='ocrx_word' id='word_1_309' title='bbox 1767 2841 2045 2909; x_wconf 91' lang='lat' dir='ltr'><strong>quomodo</strong></span> 
     </span>
    </p>
   </div>
   <div class='ocr_carea' id='block_1_45' title="bbox 460 2932 2039 3005">
    <p class='ocr_par' dir='ltr' id='par_1_45' title="bbox 460 2932 2039 3005">
     <span class='ocr_line' id='line_1_45' title="bbox 460 2932 2039 3005; baseline 0 -17"><span class='ocrx_word' id='word_1_310' title='bbox 460 2948 576 2988; x_wconf 85' lang='lat' dir='ltr'><strong>non</strong></span> <span class='ocrx_word' id='word_1_311' title='bbox 613 2933 873 2988; x_wconf 89' lang='lat' dir='ltr'><strong>omnibus</strong></span> <span class='ocrx_word' id='word_1_312' title='bbox 915 2932 1152 2988; x_wconf 86' lang='lat' dir='ltr'><strong>amabile</strong></span> <span class='ocrx_word' id='word_1_313' title='bbox 1204 2940 1309 2997; x_wconf 91' lang='lat' dir='ltr'><strong>est,</strong></span> <span class='ocrx_word' id='word_1_314' title='bbox 1334 2932 1665 3004; x_wconf 88' lang='lat' dir='ltr'><strong>cunctisque</strong></span> <span class='ocrx_word' id='word_1_315' title='bbox 1700 2942 2039 3005; x_wconf 84' lang='lat' dir='ltr'><strong>exoptatum,</strong></span> 
     </span>
    </p>
   </div>
   <div class='ocr_carea' id='block_1_46' title="bbox 460 3025 2041 3097">
    <p class='ocr_par' dir='ltr' id='par_1_46' title="bbox 460 3025 2041 3097">
     <span class='ocr_line' id='line_1_46' title="bbox 460 3025 2041 3097; baseline 0.001 -18"><span class='ocrx_word' id='word_1_316' title='bbox 460 3033 524 3079; x_wconf 89' lang='lat' dir='ltr'><strong>ut</strong></span> <span class='ocrx_word' id='word_1_317' title='bbox 551 3041 674 3097; x_wconf 68' lang='lat' dir='ltr'><strong>qua:</strong></span> <span class='ocrx_word' id='word_1_318' title='bbox 705 3026 921 3097; x_wconf 83' lang='lat' dir='ltr'><strong>ignorat</strong></span> <span class='ocrx_word' id='word_1_319' title='bbox 959 3026 1158 3089; x_wconf 89' lang='lat' dir='ltr'><strong>discat,</strong></span> <span class='ocrx_word' id='word_1_320' title='bbox 1189 3040 1312 3095; x_wconf 75' lang='lat' dir='ltr'><strong>qua:</strong></span> <span class='ocrx_word' id='word_1_321' title='bbox 1343 3025 1598 3081; x_wconf 85' lang='lat' dir='ltr'><strong>didicerit</strong></span> <span class='ocrx_word' id='word_1_322' title='bbox 1641 3027 1870 3082; x_wconf 83' lang='lat' dir='ltr'><strong>doceat?</strong></span> <span class='ocrx_word' id='word_1_323' title='bbox 1905 3027 2041 3081; x_wconf 88' lang='lat' dir='ltr'><strong>Cer-</strong></span> 
     </span>
    </p>
   </div>
   <div class='ocr_carea' id='block_1_47' title="bbox 458 3118 2040 3189">
    <p class='ocr_par' dir='ltr' id='par_1_47' title="bbox 458 3118 2040 3189">
     <span class='ocr_line' id='line_1_47' title="bbox 458 3118 2040 3189; baseline 0.001 -16"><span class='ocrx_word' id='word_1_324' title='bbox 458 3118 735 3173; x_wconf 88' lang='lat' dir='ltr'><strong>tissimum</strong></span> <span class='ocrx_word' id='word_1_325' title='bbox 759 3132 997 3187; x_wconf 86' lang='lat' dir='ltr'><strong>namque</strong></span> <span class='ocrx_word' id='word_1_326' title='bbox 1012 3126 1116 3181; x_wconf 81' lang='lat' dir='ltr'><strong>est,</strong></span> <span class='ocrx_word' id='word_1_327' title='bbox 1140 3132 1360 3187; x_wconf 90' lang='lat' dir='ltr'><strong>quoque</strong></span> <span class='ocrx_word' id='word_1_328' title='bbox 1380 3133 1557 3187; x_wconf 86' lang='lat' dir='ltr'><strong>neque</strong></span> <span class='ocrx_word' id='word_1_329' title='bbox 1576 3118 1839 3181; x_wconf 80' lang='lat' dir='ltr'><strong>amicitia.</strong></span> <span class='ocrx_word' id='word_1_330' title='bbox 1863 3133 2040 3189; x_wconf 87' lang='lat' dir='ltr'><strong>neque</strong></span> 
     </span>
    </p>
   </div>
   <div class='ocr_carea' id='block_1_48' title="bbox 2146 1921 3705 1996">
    <p class='ocr_par' dir='ltr' id='par_1_48' title="bbox 2146 1921 3705 1996">
     <span class='ocr_line' id='line_1_48' title="bbox 2146 1921 3705 1996; baseline -0.003 -17"><span class='ocrx_word' id='word_1_331' title='bbox 2146 1926 2290 1994; x_wconf 90' lang='lat' dir='ltr'><strong>quit,</strong></span> <span class='ocrx_word' id='word_1_332' title='bbox 2324 1935 2506 1981; x_wconf 90' lang='lat' dir='ltr'><strong>utrum</strong></span> <span class='ocrx_word' id='word_1_333' title='bbox 2539 1925 2699 1981; x_wconf 88' lang='lat' dir='ltr'><strong>Iesus</strong></span> <span class='ocrx_word' id='word_1_334' title='bbox 2733 1926 2851 1996; x_wconf 90' lang='lat' dir='ltr'><strong>ipse</strong></span> <span class='ocrx_word' id='word_1_335' title='bbox 2901 1926 2975 1981; x_wconf 91' lang='lat' dir='ltr'><strong>sit</strong></span> <span class='ocrx_word' id='word_1_336' title='bbox 3019 1923 3297 1987; x_wconf 84' lang='lat' dir='ltr'><strong>Christus,</strong></span> <span class='ocrx_word' id='word_1_337' title='bbox 3326 1940 3397 1977; x_wconf 86' lang='lat' dir='ltr'><strong>an</strong></span> <span class='ocrx_word' id='word_1_338' title='bbox 3423 1939 3555 1978; x_wconf 82' lang='lat' dir='ltr'><strong>non.</strong></span> <span class='ocrx_word' id='word_1_339' title='bbox 3583 1921 3705 1975; x_wconf 74' lang='lat' dir='ltr'><strong>Tum</strong></span> 
     </span>
    </p>
   </div>
   <div class='ocr_carea' id='block_1_49' title="bbox 2144 2011 3704 2087">
    <p class='ocr_par' dir='ltr' id='par_1_49' title="bbox 2144 2011 3704 2087">
     <span class='ocr_line' id='line_1_49' title="bbox 2144 2011 3704 2087; baseline -0.003 -16"><span class='ocrx_word' id='word_1_340' title='bbox 2144 2014 2405 2080; x_wconf 90' lang='lat' dir='ltr'><strong>Iacobus,</strong></span> <span class='ocrx_word' id='word_1_341' title='bbox 2433 2016 2628 2087; x_wconf 85' lang='lat' dir='ltr'><strong>primo,</strong></span> <span class='ocrx_word' id='word_1_342' title='bbox 2658 2016 2856 2085; x_wconf 90' lang='lat' dir='ltr'><strong>inquit,</strong></span> <span class='ocrx_word' id='word_1_343' title='bbox 2881 2015 3244 2085; x_wconf 79' lang='lat' dir='ltr'><strong>requiramus,</strong></span> <span class='ocrx_word' id='word_1_344' title='bbox 3267 2030 3332 2069; x_wconf 83' lang='lat' dir='ltr'><strong>ex</strong></span> <span class='ocrx_word' id='word_1_345' title='bbox 3358 2015 3558 2084; x_wconf 81' lang='lat' dir='ltr'><strong>quibus</strong></span> <span class='ocrx_word' id='word_1_346' title='bbox 3585 2011 3704 2068; x_wconf 84' lang='lat' dir='ltr'><strong>seri-</strong></span> 
     </span>
    </p>
   </div>
   <div class='ocr_carea' id='block_1_50' title="bbox 2147 2106 3701 2180">
    <p class='ocr_par' dir='ltr' id='par_1_50' title="bbox 2147 2106 3701 2180">
     <span class='ocr_line' id='line_1_50' title="bbox 2147 2106 3701 2180; baseline -0.002 -19"><span class='ocrx_word' id='word_1_347' title='bbox 2147 2110 2335 2178; x_wconf 91' lang='lat' dir='ltr'><strong>pturis</strong></span> <span class='ocrx_word' id='word_1_348' title='bbox 2362 2109 2712 2180; x_wconf 90' lang='lat' dir='ltr'><strong>potissimum</strong></span> <span class='ocrx_word' id='word_1_349' title='bbox 2753 2107 3179 2177; x_wconf 86' lang='lat' dir='ltr'><strong>disputationem</strong></span> <span class='ocrx_word' id='word_1_350' title='bbox 3218 2106 3411 2162; x_wconf 86' lang='lat' dir='ltr'><strong>haberi</strong></span> <span class='ocrx_word' id='word_1_351' title='bbox 3446 2112 3701 2176; x_wconf 82' lang='lat' dir='ltr'><strong>oporteat.</strong></span> 
     </span>
    </p>
   </div>
   <div class='ocr_carea' id='block_1_51' title="bbox 2145 2199 3702 2271">
    <p class='ocr_par' dir='ltr' id='par_1_51' title="bbox 2145 2199 3702 2271">
     <span class='ocr_line' id='line_1_51' title="bbox 2145 2199 3702 2271; baseline -0.003 -16"><span class='ocrx_word' id='word_1_352' title='bbox 2145 2200 2215 2255; x_wconf 83' lang='lat' dir='ltr'><strong>At</strong></span> <span class='ocrx_word' id='word_1_353' title='bbox 2242 2201 2333 2256; x_wconf 91' lang='lat' dir='ltr'><strong>ille</strong></span> <span class='ocrx_word' id='word_1_354' title='bbox 2355 2202 2443 2255; x_wconf 90' lang='lat' dir='ltr'><strong>vix</strong></span> <span class='ocrx_word' id='word_1_355' title='bbox 2466 2200 2763 2271; x_wconf 88' lang='lat' dir='ltr'><strong>aliquando</strong></span> <span class='ocrx_word' id='word_1_356' title='bbox 2780 2199 2994 2255; x_wconf 89' lang='lat' dir='ltr'><strong>ratione</strong></span> <span class='ocrx_word' id='word_1_357' title='bbox 3021 2200 3137 2270; x_wconf 92' lang='lat' dir='ltr'><strong>ipsa</strong></span> <span class='ocrx_word' id='word_1_358' title='bbox 3166 2210 3463 2270; x_wconf 87' lang='lat' dir='ltr'><strong>superatus</strong></span> <span class='ocrx_word' id='word_1_359' title='bbox 3496 2213 3702 2268; x_wconf 88' lang='lat' dir='ltr'><strong>respon-</strong></span> 
     </span>
    </p>
   </div>
   <div class='ocr_carea' id='block_1_52' title="bbox 2143 2291 3705 2362">
    <p class='ocr_par' dir='ltr' id='par_1_52' title="bbox 2143 2291 3705 2362">
     <span class='ocr_line' id='line_1_52' title="bbox 2143 2291 3705 2362; baseline -0.002 -14"><span class='ocrx_word' id='word_1_360' title='bbox 2143 2292 2247 2355; x_wconf 88' lang='lat' dir='ltr'><strong>dit,</strong></span> <span class='ocrx_word' id='word_1_361' title='bbox 2278 2307 2345 2346; x_wconf 89' lang='lat' dir='ltr'><strong>ex</strong></span> <span class='ocrx_word' id='word_1_362' title='bbox 2397 2292 2512 2362; x_wconf 88' lang='lat' dir='ltr'><strong>lege</strong></span> <span class='ocrx_word' id='word_1_363' title='bbox 2554 2291 2883 2353; x_wconf 85' lang='lat' dir='ltr'><strong>habendam,</strong></span> <span class='ocrx_word' id='word_1_364' title='bbox 2915 2299 2970 2346; x_wconf 92' lang='lat' dir='ltr'><strong>et</strong></span> <span class='ocrx_word' id='word_1_365' title='bbox 2999 2298 3124 2362; x_wconf 90' lang='lat' dir='ltr'><strong>post</strong></span> <span class='ocrx_word' id='word_1_366' title='bbox 3160 2291 3266 2346; x_wconf 81' lang='lat' dir='ltr'><strong>hoc</strong></span> <span class='ocrx_word' id='word_1_367' title='bbox 3289 2292 3461 2347; x_wconf 89' lang='lat' dir='ltr'><strong>etiam</strong></span> <span class='ocrx_word' id='word_1_368' title='bbox 3490 2291 3705 2362; x_wconf 79' lang='lat' dir='ltr'><strong>prophe-</strong></span> 
     </span>
    </p>
   </div>
   <div class='ocr_carea' id='block_1_53' title="bbox 2146 2382 2973 2438">
    <p class='ocr_par' dir='ltr' id='par_1_53' title="bbox 2146 2382 2973 2438">
     <span class='ocr_line' id='line_1_53' title="bbox 2146 2382 2973 2438; baseline 0 0"><span class='ocrx_word' id='word_1_369' title='bbox 2146 2391 2329 2438; x_wconf 92' lang='lat' dir='ltr'><strong>tarum</strong></span> <span class='ocrx_word' id='word_1_370' title='bbox 2366 2382 2579 2437; x_wconf 90' lang='lat' dir='ltr'><strong>addidit</strong></span> <span class='ocrx_word' id='word_1_371' title='bbox 2618 2384 2973 2438; x_wconf 90' lang='lat' dir='ltr'><strong>mentionem.</strong></span> 
     </span>
    </p>
   </div>
   <div class='ocr_carea' id='block_1_54' title="bbox 2218 2470 3701 2545">
    <p class='ocr_par' dir='ltr' id='par_1_54' title="bbox 2218 2470 3701 2545">
     <span class='ocr_line' id='line_1_54' title="bbox 2218 2470 3701 2545; baseline 0 -19"><span class='ocrx_word' id='word_1_372' title='bbox 2218 2470 2405 2528; x_wconf 79' lang='lat' dir='ltr'><strong>LXIX.</strong></span> <span class='ocrx_word' id='word_1_373' title='bbox 2448 2471 2547 2527; x_wconf 91' lang='lat' dir='ltr'><strong>Cui</strong></span> <span class='ocrx_word' id='word_1_374' title='bbox 2579 2470 2820 2528; x_wconf 87' lang='lat' dir='ltr'><strong>Iacobus</strong></span> <span class='ocrx_word' id='word_1_375' title='bbox 2842 2481 3034 2529; x_wconf 91' lang='lat' dir='ltr'><strong>noster</strong></span> <span class='ocrx_word' id='word_1_376' title='bbox 3061 2474 3227 2544; x_wconf 71' lang='lat' dir='ltr'><strong>erepit</strong></span> <span class='ocrx_word' id='word_1_377' title='bbox 3249 2474 3561 2541; x_wconf 76' lang='lat' dir='ltr'><strong>ostendere,</strong></span> <span class='ocrx_word' id='word_1_378' title='bbox 3590 2477 3701 2545; x_wconf 84' lang='lat' dir='ltr'><strong>quia</strong></span> 
     </span>
    </p>
   </div>
   <div class='ocr_carea' id='block_1_55' title="bbox 2146 2563 3701 2636">
    <p class='ocr_par' dir='ltr' id='par_1_55' title="bbox 2146 2563 3701 2636">
     <span class='ocr_line' id='line_1_55' title="bbox 2146 2563 3701 2636; baseline 0 -16"><span class='ocrx_word' id='word_1_379' title='bbox 2146 2570 2201 2620; x_wconf 89' lang='lat' dir='ltr'><strong>et</strong></span> <span class='ocrx_word' id='word_1_380' title='bbox 2230 2564 2511 2634; x_wconf 69' lang='lat' dir='ltr'><strong>propheta:</strong></span> <span class='ocrx_word' id='word_1_381' title='bbox 2537 2578 2658 2632; x_wconf 69' lang='lat' dir='ltr'><strong>qua:</strong></span> <span class='ocrx_word' id='word_1_382' title='bbox 2681 2563 2894 2626; x_wconf 89' lang='lat' dir='ltr'><strong>dicunt,</strong></span> <span class='ocrx_word' id='word_1_383' title='bbox 2927 2579 2994 2619; x_wconf 86' lang='lat' dir='ltr'><strong>ex</strong></span> <span class='ocrx_word' id='word_1_384' title='bbox 3025 2565 3143 2635; x_wconf 86' lang='lat' dir='ltr'><strong>lege</strong></span> <span class='ocrx_word' id='word_1_385' title='bbox 3172 2567 3522 2635; x_wconf 76' lang='lat' dir='ltr'><strong>sumpserint</strong></span> <span class='ocrx_word' id='word_1_386' title='bbox 3534 2575 3584 2621; x_wconf 89' lang='lat' dir='ltr'><strong>et</strong></span> <span class='ocrx_word' id='word_1_387' title='bbox 3610 2568 3701 2636; x_wconf 85' lang='lat' dir='ltr'><strong>legi</strong></span> 
     </span>
    </p>
   </div>
   <div class='ocr_carea' id='block_1_56' title="bbox 2142 2653 3703 2729">
    <p class='ocr_par' dir='ltr' id='par_1_56' title="bbox 2142 2653 3703 2729">
     <span class='ocr_line' id='line_1_56' title="bbox 2142 2653 3703 2729; baseline 0.001 -19"><span class='ocrx_word' id='word_1_388' title='bbox 2142 2670 2392 2710; x_wconf 86' lang='lat' dir='ltr'><strong>consona</strong></span> <span class='ocrx_word' id='word_1_389' title='bbox 2421 2656 2533 2710; x_wconf 89' lang='lat' dir='ltr'><strong>sint</strong></span> <span class='ocrx_word' id='word_1_390' title='bbox 2566 2656 2755 2711; x_wconf 89' lang='lat' dir='ltr'><strong>locuti.</strong></span> <span class='ocrx_word' id='word_1_391' title='bbox 2795 2653 2903 2710; x_wconf 89' lang='lat' dir='ltr'><strong>Sed</strong></span> <span class='ocrx_word' id='word_1_392' title='bbox 2930 2664 2985 2710; x_wconf 89' lang='lat' dir='ltr'><strong>et</strong></span> <span class='ocrx_word' id='word_1_393' title='bbox 3007 2656 3074 2712; x_wconf 90' lang='lat' dir='ltr'><strong>de</strong></span> <span class='ocrx_word' id='word_1_394' title='bbox 3092 2656 3246 2712; x_wconf 90' lang='lat' dir='ltr'><strong>libris</strong></span> <span class='ocrx_word' id='word_1_395' title='bbox 3273 2656 3585 2729; x_wconf 74' lang='lat' dir='ltr'><strong>Regnorum</strong></span> <span class='ocrx_word' id='word_1_396' title='bbox 3611 2658 3703 2712; x_wconf 83' lang='lat' dir='ltr'><strong>dis-</strong></span> 
     </span>
    </p>
   </div>
   <div class='ocr_carea' id='block_1_57' title="bbox 2145 2746 3702 2821">
    <p class='ocr_par' dir='ltr' id='par_1_57' title="bbox 2145 2746 3702 2821">
     <span class='ocr_line' id='line_1_57' title="bbox 2145 2746 3702 2821; baseline 0 -19"><span class='ocrx_word' id='word_1_397' title='bbox 2145 2746 2321 2802; x_wconf 83' lang='lat' dir='ltr'><strong>seruit</strong></span> <span class='ocrx_word' id='word_1_398' title='bbox 2353 2747 2556 2817; x_wconf 87' lang='lat' dir='ltr'><strong>aliqua,</strong></span> <span class='ocrx_word' id='word_1_399' title='bbox 2602 2747 2901 2817; x_wconf 90' lang='lat' dir='ltr'><strong>quomodo,</strong></span> <span class='ocrx_word' id='word_1_400' title='bbox 2942 2757 2997 2802; x_wconf 92' lang='lat' dir='ltr'><strong>et</strong></span> <span class='ocrx_word' id='word_1_401' title='bbox 3025 2749 3270 2819; x_wconf 86' lang='lat' dir='ltr'><strong>quando.</strong></span> <span class='ocrx_word' id='word_1_402' title='bbox 3302 2759 3360 2804; x_wconf 70' lang='lat' dir='ltr'><strong>et</strong></span> <span class='ocrx_word' id='word_1_403' title='bbox 3380 2766 3413 2805; x_wconf 88' lang='lat' dir='ltr'><strong>a</strong></span> <span class='ocrx_word' id='word_1_404' title='bbox 3445 2766 3552 2821; x_wconf 89' lang='lat' dir='ltr'><strong>quo</strong></span> <span class='ocrx_word' id='word_1_405' title='bbox 3582 2752 3702 2804; x_wconf 88' lang='lat' dir='ltr'><strong>scri-</strong></span> 
     </span>
    </p>
   </div>
   <div class='ocr_carea' id='block_1_58' title="bbox 2144 2839 3701 2914">
    <p class='ocr_par' dir='ltr' id='par_1_58' title="bbox 2144 2839 3701 2914">
     <span class='ocr_line' id='line_1_58' title="bbox 2144 2839 3701 2914; baseline 0.001 -22"><span class='ocrx_word' id='word_1_406' title='bbox 2144 2840 2224 2911; x_wconf 90' lang='lat' dir='ltr'><strong>pti</strong></span> <span class='ocrx_word' id='word_1_407' title='bbox 2255 2840 2389 2903; x_wconf 89' lang='lat' dir='ltr'><strong>sint,</strong></span> <span class='ocrx_word' id='word_1_408' title='bbox 2412 2848 2467 2893; x_wconf 91' lang='lat' dir='ltr'><strong>et</strong></span> <span class='ocrx_word' id='word_1_409' title='bbox 2496 2839 2774 2908; x_wconf 84' lang='lat' dir='ltr'><strong>quomodo</strong></span> <span class='ocrx_word' id='word_1_410' title='bbox 2803 2841 2885 2894; x_wconf 85' lang='lat' dir='ltr'><strong>eis</strong></span> <span class='ocrx_word' id='word_1_411' title='bbox 2915 2840 2989 2893; x_wconf 91' lang='lat' dir='ltr'><strong>uti</strong></span> <span class='ocrx_word' id='word_1_412' title='bbox 3011 2849 3279 2912; x_wconf 89' lang='lat' dir='ltr'><strong>oporteat.</strong></span> <span class='ocrx_word' id='word_1_413' title='bbox 3311 2842 3561 2914; x_wconf 88' lang='lat' dir='ltr'><strong>Cumque</strong></span> <span class='ocrx_word' id='word_1_414' title='bbox 3585 2844 3701 2898; x_wconf 78' lang='lat' dir='ltr'><strong>etde</strong></span> 
     </span>
    </p>
   </div>
   <div class='ocr_carea' id='block_1_59' title="bbox 2144 2931 3700 3005">
    <p class='ocr_par' dir='ltr' id='par_1_59' title="bbox 2144 2931 3700 3005">
     <span class='ocr_line' id='line_1_59' title="bbox 2144 2931 3700 3005; baseline 0 -20"><span class='ocrx_word' id='word_1_415' title='bbox 2144 2932 2261 3001; x_wconf 87' lang='lat' dir='ltr'><strong>lege</strong></span> <span class='ocrx_word' id='word_1_416' title='bbox 2283 2931 2600 2999; x_wconf 89' lang='lat' dir='ltr'><strong>plenissime</strong></span> <span class='ocrx_word' id='word_1_417' title='bbox 2622 2931 2983 3002; x_wconf 86' lang='lat' dir='ltr'><strong>disputasset.</strong></span> <span class='ocrx_word' id='word_1_418' title='bbox 3007 2947 3071 2986; x_wconf 90' lang='lat' dir='ltr'><strong>ac</strong></span> <span class='ocrx_word' id='word_1_419' title='bbox 3094 2933 3309 3003; x_wconf 90' lang='lat' dir='ltr'><strong>singula</strong></span> <span class='ocrx_word' id='word_1_420' title='bbox 3341 2951 3468 3005; x_wconf 75' lang='lat' dir='ltr'><strong>quae</strong></span> <span class='ocrx_word' id='word_1_421' title='bbox 3479 2937 3545 2989; x_wconf 93' lang='lat' dir='ltr'><strong>de</strong></span> <span class='ocrx_word' id='word_1_422' title='bbox 3562 2934 3700 2989; x_wconf 63' lang='grc' dir='ltr'><strong>ϐίη-ιε-</strong></span> 
     </span>
    </p>
   </div>
   <div class='ocr_carea' id='block_1_60' title="bbox 2145 3022 3697 3096">
    <p class='ocr_par' dir='ltr' id='par_1_60' title="bbox 2145 3022 3697 3096">
     <span class='ocr_line' id='line_1_60' title="bbox 2145 3022 3697 3096; baseline 0.002 -19"><span class='ocrx_word' id='word_1_423' title='bbox 2145 3029 2233 3077; x_wconf 89' lang='lat' dir='ltr'><strong>sto</strong></span> <span class='ocrx_word' id='word_1_424' title='bbox 2254 3029 2405 3085; x_wconf 89' lang='lat' dir='ltr'><strong>sunt,</strong></span> <span class='ocrx_word' id='word_1_425' title='bbox 2428 3022 2719 3091; x_wconf 88' lang='lat' dir='ltr'><strong>purissima</strong></span> <span class='ocrx_word' id='word_1_426' title='bbox 2743 3025 3085 3093; x_wconf 83' lang='lat' dir='ltr'><strong>expositione</strong></span> <span class='ocrx_word' id='word_1_427' title='bbox 3105 3026 3430 3096; x_wconf 83' lang='lat' dir='ltr'><strong>protulisset</strong></span> <span class='ocrx_word' id='word_1_428' title='bbox 3449 3028 3503 3081; x_wconf 89' lang='lat' dir='ltr'><strong>in</strong></span> <span class='ocrx_word' id='word_1_429' title='bbox 3525 3028 3697 3087; x_wconf 82' lang='lat' dir='ltr'><strong>lucem.</strong></span> 
     </span>
    </p>
   </div>
   <div class='ocr_carea' id='block_1_61' title="bbox 2150 3112 3700 3185">
    <p class='ocr_par' dir='ltr' id='par_1_61' title="bbox 2150 3112 3700 3185">
     <span class='ocr_line' id='line_1_61' title="bbox 2150 3112 3700 3185; baseline -0.002 -17"><span class='ocrx_word' id='word_1_430' title='bbox 2150 3113 2397 3168; x_wconf 85' lang='lat' dir='ltr'><strong>ostendit</strong></span> <span class='ocrx_word' id='word_1_431' title='bbox 2426 3112 2917 3169; x_wconf 84' lang='lat' dir='ltr'><strong>abundantissimis</strong></span> <span class='ocrx_word' id='word_1_432' title='bbox 2938 3114 3379 3185; x_wconf 89' lang='lat' dir='ltr'><strong>probationibus,</strong></span> <span class='ocrx_word' id='word_1_433' title='bbox 3411 3118 3537 3185; x_wconf 88' lang='lat' dir='ltr'><strong>quia</strong></span> <span class='ocrx_word' id='word_1_434' title='bbox 3564 3114 3700 3168; x_wconf 80' lang='lat' dir='ltr'><strong>Iesus</strong></span> 
     </span>
    </p>
   </div>
   <div class='ocr_carea' id='block_1_62' title="bbox 460 3198 3697 3281">
    <p class='ocr_par' dir='ltr' id='par_1_62' title="bbox 460 3198 3697 3281">
     <span class='ocr_line' id='line_1_62' title="bbox 460 3198 3697 3281; baseline -0.002 -18"><span class='ocrx_word' id='word_1_435' title='bbox 460 3210 849 3281; x_wconf 89' lang='lat' dir='ltr'><strong>propinquitas</strong></span> <span class='ocrx_word' id='word_1_436' title='bbox 879 3210 1119 3280; x_wconf 90' lang='lat' dir='ltr'><strong>generis,</strong></span> <span class='ocrx_word' id='word_1_437' title='bbox 1160 3224 1337 3280; x_wconf 91' lang='lat' dir='ltr'><strong>neque</strong></span> <span class='ocrx_word' id='word_1_438' title='bbox 1370 3210 1524 3279; x_wconf 86' lang='lat' dir='ltr'><strong>regni</strong></span> <span class='ocrx_word' id='word_1_439' title='bbox 1577 3210 1892 3277; x_wconf 85' lang='lat' dir='ltr'><strong>sublimitas</strong></span> <span class='ocrx_word' id='word_1_440' title='bbox 1942 3211 2042 3265; x_wconf 81' lang='lat' dir='ltr'><strong>ho-</strong></span> <span class='ocrx_word' id='word_1_441' title='bbox 2068 3198 2110 3255; x_wconf 84' lang='lat' dir='ltr'><strong>C</strong></span> <span class='ocrx_word' id='word_1_442' title='bbox 2142 3213 2227 3262; x_wconf 89' lang='lat' dir='ltr'><strong>est</strong></span> <span class='ocrx_word' id='word_1_443' title='bbox 2256 3206 2532 3269; x_wconf 89' lang='lat' dir='ltr'><strong>Christus,</strong></span> <span class='ocrx_word' id='word_1_444' title='bbox 2567 3215 2621 3261; x_wconf 92' lang='lat' dir='ltr'><strong>et</strong></span> <span class='ocrx_word' id='word_1_445' title='bbox 2652 3206 2708 3259; x_wconf 92' lang='lat' dir='ltr'><strong>in</strong></span> <span class='ocrx_word' id='word_1_446' title='bbox 2758 3207 2877 3276; x_wconf 91' lang='lat' dir='ltr'><strong>ipso</strong></span> <span class='ocrx_word' id='word_1_447' title='bbox 2929 3209 3186 3265; x_wconf 88' lang='lat' dir='ltr'><strong>universa</strong></span> <span class='ocrx_word' id='word_1_448' title='bbox 3230 3224 3354 3279; x_wconf 71' lang='lat' dir='ltr'><strong>qua:</strong></span> <span class='ocrx_word' id='word_1_449' title='bbox 3410 3209 3479 3263; x_wconf 90' lang='lat' dir='ltr'><strong>de</strong></span> <span class='ocrx_word' id='word_1_450' title='bbox 3532 3205 3697 3261; x_wconf 81' lang='lat' dir='ltr'><strong>humili</strong></span> 
     </span>
    </p>
   </div>
   <div class='ocr_carea' id='block_1_63' title="bbox 458 3299 2033 3372">
    <p class='ocr_par' dir='ltr' id='par_1_63' title="bbox 458 3299 2033 3372">
     <span class='ocr_line' id='line_1_63' title="bbox 458 3299 2033 3372; baseline -0.005 -9"><span class='ocrx_word' id='word_1_451' title='bbox 458 3306 594 3363; x_wconf 81' lang='lat' dir='ltr'><strong>mini</strong></span> <span class='ocrx_word' id='word_1_452' title='bbox 627 3303 789 3359; x_wconf 87' lang='lat' dir='ltr'><strong>debet</strong></span> <span class='ocrx_word' id='word_1_453' title='bbox 817 3316 940 3358; x_wconf 89' lang='lat' dir='ltr'><strong>esse</strong></span> <span class='ocrx_word' id='word_1_454' title='bbox 962 3300 1260 3372; x_wconf 87' lang='lat' dir='ltr'><strong>pretiosior</strong></span> <span class='ocrx_word' id='word_1_455' title='bbox 1285 3301 1534 3356; x_wconf 89' lang='lat' dir='ltr'><strong>veritate.</strong></span> <span class='ocrx_word' id='word_1_456' title='bbox 1556 3299 1622 3353; x_wconf 88' lang='lat' dir='ltr'><strong>Et</strong></span> <span class='ocrx_word' id='word_1_457' title='bbox 1654 3317 1750 3357; x_wconf 90' lang='lat' dir='ltr'><strong>vos</strong></span> <span class='ocrx_word' id='word_1_458' title='bbox 1776 3317 1907 3372; x_wconf 89' lang='lat' dir='ltr'><strong>ergo</strong></span> <span class='ocrx_word' id='word_1_459' title='bbox 1931 3301 2033 3355; x_wconf 85' lang='lat' dir='ltr'><strong>fra-</strong></span> 
     </span>
    </p>
   </div>
   <div class='ocr_carea' id='block_1_64' title="bbox 456 3396 2040 3468">
    <p class='ocr_par' dir='ltr' id='par_1_64' title="bbox 456 3396 2040 3468">
     <span class='ocr_line' id='line_1_64' title="bbox 456 3396 2040 3468; baseline -0.003 -11"><span class='ocrx_word' id='word_1_460' title='bbox 456 3409 596 3465; x_wconf 75' lang='lat' dir='ltr'><strong>tres,</strong></span> <span class='ocrx_word' id='word_1_461' title='bbox 628 3399 673 3454; x_wconf 92' lang='lat' dir='ltr'><strong>si</strong></span> <span class='ocrx_word' id='word_1_462' title='bbox 703 3396 831 3467; x_wconf 87' lang='lat' dir='ltr'><strong>quid</strong></span> <span class='ocrx_word' id='word_1_463' title='bbox 858 3397 1093 3465; x_wconf 90' lang='lat' dir='ltr'><strong>amplius</strong></span> <span class='ocrx_word' id='word_1_464' title='bbox 1143 3397 1336 3459; x_wconf 80' lang='lat' dir='ltr'><strong>nostis,</strong></span> <span class='ocrx_word' id='word_1_465' title='bbox 1373 3397 1574 3465; x_wconf 91' lang='lat' dir='ltr'><strong>populo</strong></span> <span class='ocrx_word' id='word_1_466' title='bbox 1617 3396 1709 3451; x_wconf 90' lang='lat' dir='ltr'><strong>Dei</strong></span> <span class='ocrx_word' id='word_1_467' title='bbox 1746 3399 1840 3468; x_wconf 92' lang='lat' dir='ltr'><strong>qui</strong></span> <span class='ocrx_word' id='word_1_468' title='bbox 1864 3403 2040 3463; x_wconf 88' lang='lat' dir='ltr'><strong>adest,</strong></span> 
     </span>
    </p>
   </div>
   <div class='ocr_carea' id='block_1_65' title="bbox 456 3487 2042 3562">
    <p class='ocr_par' dir='ltr' id='par_1_65' title="bbox 456 3487 2042 3562">
     <span class='ocr_line' id='line_1_65' title="bbox 456 3487 2042 3562; baseline -0.001 -15"><span class='ocrx_word' id='word_1_469' title='bbox 456 3493 702 3562; x_wconf 85' lang='lat' dir='ltr'><strong>itemque</strong></span> <span class='ocrx_word' id='word_1_470' title='bbox 732 3490 998 3545; x_wconf 82' lang='lat' dir='ltr'><strong>fratribus</strong></span> <span class='ocrx_word' id='word_1_471' title='bbox 1029 3489 1226 3543; x_wconf 84' lang='lat' dir='ltr'><strong>vestris</strong></span> <span class='ocrx_word' id='word_1_472' title='bbox 1255 3487 1501 3557; x_wconf 90' lang='lat' dir='ltr'><strong>proferre</strong></span> <span class='ocrx_word' id='word_1_473' title='bbox 1525 3504 1633 3543; x_wconf 93' lang='lat' dir='ltr'><strong>non</strong></span> <span class='ocrx_word' id='word_1_474' title='bbox 1658 3490 1860 3559; x_wconf 83' lang='lat' dir='ltr'><strong>pigeat,</strong></span> <span class='ocrx_word' id='word_1_475' title='bbox 1892 3492 2042 3546; x_wconf 91' lang='lat' dir='ltr'><strong>omni</strong></span> 
     </span>
    </p>
   </div>
   <div class='ocr_carea' id='block_1_66' title="bbox 456 3580 2040 3656">
    <p class='ocr_par' dir='ltr' id='par_1_66' title="bbox 456 3580 2040 3656">
     <span class='ocr_line' id='line_1_66' title="bbox 456 3580 2040 3656; baseline -0.003 -16"><span class='ocrx_word' id='word_1_476' title='bbox 456 3584 660 3656; x_wconf 83' lang='lat' dir='ltr'><strong>populo</strong></span> <span class='ocrx_word' id='word_1_477' title='bbox 690 3582 925 3637; x_wconf 90' lang='lat' dir='ltr'><strong>libenter</strong></span> <span class='ocrx_word' id='word_1_478' title='bbox 973 3588 1027 3634; x_wconf 92' lang='lat' dir='ltr'><strong>et</strong></span> <span class='ocrx_word' id='word_1_479' title='bbox 1067 3588 1183 3634; x_wconf 93' lang='lat' dir='ltr'><strong>tota</strong></span> <span class='ocrx_word' id='word_1_480' title='bbox 1238 3580 1530 3651; x_wconf 89' lang='lat' dir='ltr'><strong>conquiete</strong></span> <span class='ocrx_word' id='word_1_481' title='bbox 1562 3597 1681 3651; x_wconf 70' lang='lat' dir='ltr'><strong>qua:</strong></span> <span class='ocrx_word' id='word_1_482' title='bbox 1724 3581 1909 3637; x_wconf 86' lang='lat' dir='ltr'><strong>dicitis</strong></span> <span class='ocrx_word' id='word_1_483' title='bbox 1944 3597 2040 3637; x_wconf 88' lang='lat' dir='ltr'><strong>au-</strong></span> 
     </span>
    </p>
   </div>
   <div class='ocr_carea' id='block_1_67' title="bbox 457 3673 2039 3744">
    <p class='ocr_par' dir='ltr' id='par_1_67' title="bbox 457 3673 2039 3744">
     <span class='ocr_line' id='line_1_67' title="bbox 457 3673 2039 3744; baseline -0.002 -13"><span class='ocrx_word' id='word_1_484' title='bbox 457 3677 661 3732; x_wconf 89' lang='lat' dir='ltr'><strong>diente.</strong></span> <span class='ocrx_word' id='word_1_485' title='bbox 687 3674 975 3741; x_wconf 81' lang='lat' dir='ltr'><strong>Quomodo</strong></span> <span class='ocrx_word' id='word_1_486' title='bbox 1002 3675 1148 3727; x_wconf 89' lang='lat' dir='ltr'><strong>enim</strong></span> <span class='ocrx_word' id='word_1_487' title='bbox 1170 3688 1277 3727; x_wconf 91' lang='lat' dir='ltr'><strong>non</strong></span> <span class='ocrx_word' id='word_1_488' title='bbox 1312 3673 1417 3728; x_wconf 91' lang='lat' dir='ltr'><strong>hoc</strong></span> <span class='ocrx_word' id='word_1_489' title='bbox 1439 3673 1605 3728; x_wconf 84' lang='lat' dir='ltr'><strong>faciat</strong></span> <span class='ocrx_word' id='word_1_490' title='bbox 1632 3675 1887 3744; x_wconf 91' lang='lat' dir='ltr'><strong>populus,</strong></span> <span class='ocrx_word' id='word_1_491' title='bbox 1914 3691 2039 3729; x_wconf 93' lang='lat' dir='ltr'><strong>cum</strong></span> 
     </span>
    </p>
   </div>
   <div class='ocr_carea' id='block_1_68' title="bbox 456 3764 2042 3837">
    <p class='ocr_par' dir='ltr' id='par_1_68' title="bbox 456 3764 2042 3837">
     <span class='ocr_line' id='line_1_68' title="bbox 456 3764 2042 3837; baseline -0.003 -14"><span class='ocrx_word' id='word_1_492' title='bbox 456 3769 726 3837; x_wconf 88' lang='lat' dir='ltr'><strong>meipsum</strong></span> <span class='ocrx_word' id='word_1_493' title='bbox 752 3767 934 3820; x_wconf 86' lang='lat' dir='ltr'><strong>videat</strong></span> <span class='ocrx_word' id='word_1_494' title='bbox 964 3779 1149 3820; x_wconf 88' lang='lat' dir='ltr'><strong>secum</strong></span> <span class='ocrx_word' id='word_1_495' title='bbox 1175 3764 1376 3833; x_wconf 83' lang='lat' dir='ltr'><strong>pariter</strong></span> <span class='ocrx_word' id='word_1_496' title='bbox 1403 3765 1539 3819; x_wconf 84' lang='lat' dir='ltr'><strong>velle</strong></span> <span class='ocrx_word' id='word_1_497' title='bbox 1565 3780 1595 3818; x_wconf 88' lang='lat' dir='ltr'><strong>a</strong></span> <span class='ocrx_word' id='word_1_498' title='bbox 1627 3765 1783 3821; x_wconf 86' lang='lat' dir='ltr'><strong>vobis</strong></span> <span class='ocrx_word' id='word_1_499' title='bbox 1804 3765 2042 3831; x_wconf 83' lang='lat' dir='ltr'><strong>discere,</strong></span> 
     </span>
    </p>
   </div>
   <div class='ocr_carea' id='block_1_69' title="bbox 455 3854 2043 3929">
    <p class='ocr_par' dir='ltr' id='par_1_69' title="bbox 455 3854 2043 3929">
     <span class='ocr_line' id='line_1_69' title="bbox 455 3854 2043 3929; baseline -0.001 -15"><span class='ocrx_word' id='word_1_500' title='bbox 455 3861 508 3914; x_wconf 87' lang='lat' dir='ltr'><strong>si</strong></span> <span class='ocrx_word' id='word_1_501' title='bbox 549 3857 679 3929; x_wconf 92' lang='lat' dir='ltr'><strong>quid</strong></span> <span class='ocrx_word' id='word_1_502' title='bbox 711 3857 852 3912; x_wconf 90' lang='lat' dir='ltr'><strong>forte</strong></span> <span class='ocrx_word' id='word_1_503' title='bbox 875 3856 1112 3925; x_wconf 80' lang='lat' dir='ltr'><strong>amplius</strong></span> <span class='ocrx_word' id='word_1_504' title='bbox 1137 3854 1290 3909; x_wconf 88' lang='lat' dir='ltr'><strong>vobis</strong></span> <span class='ocrx_word' id='word_1_505' title='bbox 1330 3855 1589 3909; x_wconf 85' lang='lat' dir='ltr'><strong>revelavit</strong></span> <span class='ocrx_word' id='word_1_506' title='bbox 1630 3854 1807 3911; x_wconf 80' lang='lat' dir='ltr'><strong>Deus?</strong></span> <span class='ocrx_word' id='word_1_507' title='bbox 1831 3855 1885 3910; x_wconf 93' lang='lat' dir='ltr'><strong>Si</strong></span> <span class='ocrx_word' id='word_1_508' title='bbox 1913 3872 2043 3912; x_wconf 91' lang='lat' dir='ltr'><strong>vero</strong></span> 
     </span>
    </p>
   </div>
   <div class='ocr_carea' id='block_1_70' title="bbox 460 3946 2039 4019">
    <p class='ocr_par' dir='ltr' id='par_1_70' title="bbox 460 3946 2039 4019">
     <span class='ocr_line' id='line_1_70' title="bbox 460 3946 2039 4019; baseline -0.001 -12"><span class='ocrx_word' id='word_1_509' title='bbox 460 3966 558 4007; x_wconf 87' lang='lat' dir='ltr'><strong>vos</strong></span> <span class='ocrx_word' id='word_1_510' title='bbox 584 3951 639 4004; x_wconf 90' lang='lat' dir='ltr'><strong>in</strong></span> <span class='ocrx_word' id='word_1_511' title='bbox 668 3949 853 4019; x_wconf 87' lang='lat' dir='ltr'><strong>aliquo</strong></span> <span class='ocrx_word' id='word_1_512' title='bbox 882 3946 1161 4016; x_wconf 89' lang='lat' dir='ltr'><strong>indigetis,</strong></span> <span class='ocrx_word' id='word_1_513' title='bbox 1196 3946 1451 4000; x_wconf 90' lang='lat' dir='ltr'><strong>similiter</strong></span> <span class='ocrx_word' id='word_1_514' title='bbox 1489 3947 1654 4001; x_wconf 89' lang='lat' dir='ltr'><strong>etiam</strong></span> <span class='ocrx_word' id='word_1_515' title='bbox 1689 3964 1787 4001; x_wconf 90' lang='lat' dir='ltr'><strong>vos</strong></span> <span class='ocrx_word' id='word_1_516' title='bbox 1816 3964 1846 4001; x_wconf 92' lang='lat' dir='ltr'><strong>a</strong></span> <span class='ocrx_word' id='word_1_517' title='bbox 1879 3950 2039 4006; x_wconf 87' lang='lat' dir='ltr'><strong>nobis</strong></span> 
     </span>
    </p>
   </div>
   <div class='ocr_carea' id='block_1_71' title="bbox 456 4039 2037 4113">
    <p class='ocr_par' dir='ltr' id='par_1_71' title="bbox 456 4039 2037 4113">
     <span class='ocr_line' id='line_1_71' title="bbox 456 4039 2037 4113; baseline -0.003 -15"><span class='ocrx_word' id='word_1_518' title='bbox 456 4059 565 4099; x_wconf 85' lang='lat' dir='ltr'><strong>non</strong></span> <span class='ocrx_word' id='word_1_519' title='bbox 615 4041 795 4113; x_wconf 90' lang='lat' dir='ltr'><strong>pigeat</strong></span> <span class='ocrx_word' id='word_1_520' title='bbox 843 4040 1055 4103; x_wconf 92' lang='lat' dir='ltr'><strong>doceri,</strong></span> <span class='ocrx_word' id='word_1_521' title='bbox 1088 4045 1149 4091; x_wconf 92' lang='lat' dir='ltr'><strong>ut</strong></span> <span class='ocrx_word' id='word_1_522' title='bbox 1201 4052 1331 4109; x_wconf 85' lang='lat' dir='ltr'><strong>erga</strong></span> <span class='ocrx_word' id='word_1_523' title='bbox 1387 4045 1678 4108; x_wconf 82' lang='lat' dir='ltr'><strong>utramque</strong></span> <span class='ocrx_word' id='word_1_524' title='bbox 1730 4046 1961 4107; x_wconf 89' lang='lat' dir='ltr'><strong>partem,</strong></span> <span class='ocrx_word' id='word_1_525' title='bbox 1991 4039 2037 4093; x_wconf 90' lang='lat' dir='ltr'><strong>si</strong></span> 
     </span>
    </p>
   </div>
   <div class='ocr_carea' id='block_1_72' title="bbox 456 4128 2036 4207">
    <p class='ocr_par' dir='ltr' id='par_1_72' title="bbox 456 4128 2036 4207">
     <span class='ocr_line' id='line_1_72' title="bbox 456 4128 2036 4207; baseline -0.003 -18"><span class='ocrx_word' id='word_1_526' title='bbox 456 4134 589 4207; x_wconf 91' lang='lat' dir='ltr'><strong>quid</strong></span> <span class='ocrx_word' id='word_1_527' title='bbox 622 4132 798 4195; x_wconf 89' lang='lat' dir='ltr'><strong>deest,</strong></span> <span class='ocrx_word' id='word_1_528' title='bbox 828 4130 1121 4201; x_wconf 89' lang='lat' dir='ltr'><strong>adimpleat</strong></span> <span class='ocrx_word' id='word_1_529' title='bbox 1147 4129 1310 4186; x_wconf 89' lang='lat' dir='ltr'><strong>Deus.</strong></span> <span class='ocrx_word' id='word_1_530' title='bbox 1339 4128 1497 4194; x_wconf 82' lang='lat' dir='ltr'><strong>Quod</strong></span> <span class='ocrx_word' id='word_1_531' title='bbox 1553 4129 1601 4183; x_wconf 91' lang='lat' dir='ltr'><strong>si</strong></span> <span class='ocrx_word' id='word_1_532' title='bbox 1652 4129 1851 4199; x_wconf 89' lang='lat' dir='ltr'><strong>aliquis</strong></span> <span class='ocrx_word' id='word_1_533' title='bbox 1899 4128 2036 4185; x_wconf 92' lang='lat' dir='ltr'><strong>forte</strong></span> 
     </span>
    </p>
   </div>
   <div class='ocr_carea' id='block_1_73' title="bbox 456 4221 2037 4291">
    <p class='ocr_par' dir='ltr' id='par_1_73' title="bbox 456 4221 2037 4291">
     <span class='ocr_line' id='line_1_73' title="bbox 456 4221 2037 4291; baseline -0.004 -9"><span class='ocrx_word' id='word_1_534' title='bbox 456 4242 557 4282; x_wconf 90' lang='lat' dir='ltr'><strong>vos</strong></span> <span class='ocrx_word' id='word_1_535' title='bbox 587 4239 733 4281; x_wconf 91' lang='lat' dir='ltr'><strong>nunc</strong></span> <span class='ocrx_word' id='word_1_536' title='bbox 766 4223 1026 4279; x_wconf 88' lang='lat' dir='ltr'><strong>sollicitat</strong></span> <span class='ocrx_word' id='word_1_537' title='bbox 1058 4229 1257 4284; x_wconf 89' lang='lat' dir='ltr'><strong>metus,</strong></span> <span class='ocrx_word' id='word_1_538' title='bbox 1314 4228 1539 4291; x_wconf 81' lang='lat' dir='ltr'><strong>propter</strong></span> <span class='ocrx_word' id='word_1_539' title='bbox 1591 4221 1887 4276; x_wconf 89' lang='lat' dir='ltr'><strong>nonnullos</strong></span> <span class='ocrx_word' id='word_1_540' title='bbox 1936 4237 2037 4275; x_wconf 92' lang='lat' dir='ltr'><strong>no-</strong></span> 
     </span>
    </p>
   </div>
   <div class='ocr_carea' id='block_1_74' title="bbox 458 4310 2037 4385">
    <p class='ocr_par' dir='ltr' id='par_1_74' title="bbox 458 4310 2037 4385">
     <span class='ocr_line' id='line_1_74' title="bbox 458 4310 2037 4385; baseline -0.003 -14"><span class='ocrx_word' id='word_1_541' title='bbox 458 4326 700 4371; x_wconf 91' lang='lat' dir='ltr'><strong>strorum</strong></span> <span class='ocrx_word' id='word_1_542' title='bbox 749 4314 844 4385; x_wconf 91' lang='lat' dir='ltr'><strong>qui</strong></span> <span class='ocrx_word' id='word_1_543' title='bbox 898 4311 1274 4383; x_wconf 68' lang='lat' dir='ltr'><strong>przejudicatis</strong></span> <span class='ocrx_word' id='word_1_544' title='bbox 1344 4310 1636 4365; x_wconf 80' lang='lat' dir='ltr'><strong>adversum</strong></span> <span class='ocrx_word' id='word_1_545' title='bbox 1693 4326 1790 4365; x_wconf 89' lang='lat' dir='ltr'><strong>vos</strong></span> <span class='ocrx_word' id='word_1_546' title='bbox 1838 4310 2037 4366; x_wconf 91' lang='lat' dir='ltr'><strong>animis</strong></span> 
     </span>
    </p>
   </div>
   <div class='ocr_carea' id='block_1_75' title="bbox 469 4402 2039 4473">
    <p class='ocr_par' dir='ltr' id='par_1_75' title="bbox 469 4402 2039 4473">
     <span class='ocr_line' id='line_1_75' title="bbox 469 4402 2039 4473; baseline -0.003 -10"><span class='ocrx_word' id='word_1_547' title='bbox 469 4414 725 4473; x_wconf 92' lang='lat' dir='ltr'><strong>utuntur,</strong></span> <span class='ocrx_word' id='word_1_548' title='bbox 760 4412 817 4461; x_wconf 92' lang='lat' dir='ltr'><strong>et</strong></span> <span class='ocrx_word' id='word_1_549' title='bbox 871 4404 1104 4459; x_wconf 89' lang='lat' dir='ltr'><strong>insidias</strong></span> <span class='ocrx_word' id='word_1_550' title='bbox 1133 4417 1324 4458; x_wconf 88' lang='lat' dir='ltr'><strong>eorum</strong></span> <span class='ocrx_word' id='word_1_551' title='bbox 1368 4412 1641 4467; x_wconf 88' lang='lat' dir='ltr'><strong>verentes,</strong></span> <span class='ocrx_word' id='word_1_552' title='bbox 1683 4417 1793 4457; x_wconf 93' lang='lat' dir='ltr'><strong>non</strong></span> <span class='ocrx_word' id='word_1_553' title='bbox 1826 4402 2039 4459; x_wconf 90' lang='lat' dir='ltr'><strong>audetis</strong></span> 
     </span>
    </p>
   </div>
   <div class='ocr_carea' id='block_1_76' title="bbox 2142 3295 3700 3367">
    <p class='ocr_par' dir='ltr' id='par_1_76' title="bbox 2142 3295 3700 3367">
     <span class='ocr_line' id='line_1_76' title="bbox 2142 3295 3700 3367; baseline -0.003 -15"><span class='ocrx_word' id='word_1_554' title='bbox 2142 3297 2264 3367; x_wconf 83' lang='lat' dir='ltr'><strong>ejus</strong></span> <span class='ocrx_word' id='word_1_555' title='bbox 2301 3297 2537 3352; x_wconf 86' lang='lat' dir='ltr'><strong>adventu</strong></span> <span class='ocrx_word' id='word_1_556' title='bbox 2589 3295 2807 3350; x_wconf 90' lang='lat' dir='ltr'><strong>fuerant</strong></span> <span class='ocrx_word' id='word_1_557' title='bbox 2858 3298 3142 3366; x_wconf 64' lang='lat' dir='ltr'><strong>praedicta,</strong></span> <span class='ocrx_word' id='word_1_558' title='bbox 3175 3298 3544 3367; x_wconf 86' lang='lat' dir='ltr'><strong>complentur.</strong></span> <span class='ocrx_word' id='word_1_559' title='bbox 3574 3295 3700 3348; x_wconf 79' lang='lat' dir='ltr'><strong>Duos</strong></span> 
     </span>
    </p>
   </div>
   <div class='ocr_carea' id='block_1_77' title="bbox 2140 3387 3694 3459">
    <p class='ocr_par' dir='ltr' id='par_1_77' title="bbox 2140 3387 3694 3459">
     <span class='ocr_line' id='line_1_77' title="bbox 2140 3387 3694 3459; baseline -0.006 -15"><span class='ocrx_word' id='word_1_560' title='bbox 2140 3390 2289 3444; x_wconf 91' lang='lat' dir='ltr'><strong>enim</strong></span> <span class='ocrx_word' id='word_1_561' title='bbox 2338 3390 2458 3458; x_wconf 89' lang='lat' dir='ltr'><strong>ejus</strong></span> <span class='ocrx_word' id='word_1_562' title='bbox 2502 3387 2792 3459; x_wconf 68' lang='lat' dir='ltr'><strong>praedictos</strong></span> <span class='ocrx_word' id='word_1_563' title='bbox 2840 3404 2964 3445; x_wconf 89' lang='lat' dir='ltr'><strong>esse</strong></span> <span class='ocrx_word' id='word_1_564' title='bbox 3014 3389 3202 3445; x_wconf 89' lang='lat' dir='ltr'><strong>docuit</strong></span> <span class='ocrx_word' id='word_1_565' title='bbox 3233 3389 3525 3451; x_wconf 87' lang='lat' dir='ltr'><strong>adventus,</strong></span> <span class='ocrx_word' id='word_1_566' title='bbox 3552 3402 3694 3441; x_wconf 84' lang='lat' dir='ltr'><strong>unum</strong></span> 
     </span>
    </p>
   </div>
   <div class='ocr_carea' id='block_1_78' title="bbox 2145 3476 3696 3554">
    <p class='ocr_par' dir='ltr' id='par_1_78' title="bbox 2145 3476 3696 3554">
     <span class='ocr_line' id='line_1_78' title="bbox 2145 3476 3696 3554; baseline -0.002 -16"><span class='ocrx_word' id='word_1_567' title='bbox 2145 3484 2476 3538; x_wconf 89' lang='lat' dir='ltr'><strong>humilitatis</strong></span> <span class='ocrx_word' id='word_1_568' title='bbox 2526 3498 2688 3553; x_wconf 86' lang='lat' dir='ltr'><strong>quem</strong></span> <span class='ocrx_word' id='word_1_569' title='bbox 2747 3482 3105 3554; x_wconf 88' lang='lat' dir='ltr'><strong>adiniplevit,</strong></span> <span class='ocrx_word' id='word_1_570' title='bbox 3158 3484 3323 3538; x_wconf 88' lang='lat' dir='ltr'><strong>alium</strong></span> <span class='ocrx_word' id='word_1_571' title='bbox 3384 3484 3570 3554; x_wconf 65' lang='lat' dir='ltr'><strong>gloriae</strong></span> <span class='ocrx_word' id='word_1_572' title='bbox 3620 3476 3696 3549; x_wconf 72' lang='lat' dir='ltr'><strong>qui</strong></span> 
     </span>
    </p>
   </div>
   <div class='ocr_carea' id='block_1_79' title="bbox 2142 3574 3697 3646">
    <p class='ocr_par' dir='ltr' id='par_1_79' title="bbox 2142 3574 3697 3646">
     <span class='ocr_line' id='line_1_79' title="bbox 2142 3574 3697 3646; baseline -0.006 -15"><span class='ocrx_word' id='word_1_573' title='bbox 2142 3585 2397 3646; x_wconf 88' lang='lat' dir='ltr'><strong>speratur</strong></span> <span class='ocrx_word' id='word_1_574' title='bbox 2429 3574 2761 3645; x_wconf 91' lang='lat' dir='ltr'><strong>implendus,</strong></span> <span class='ocrx_word' id='word_1_575' title='bbox 2795 3591 2920 3627; x_wconf 89' lang='lat' dir='ltr'><strong>cum</strong></span> <span class='ocrx_word' id='word_1_576' title='bbox 2969 3575 3149 3630; x_wconf 91' lang='lat' dir='ltr'><strong>veniet</strong></span> <span class='ocrx_word' id='word_1_577' title='bbox 3176 3574 3307 3629; x_wconf 90' lang='lat' dir='ltr'><strong>dare</strong></span> <span class='ocrx_word' id='word_1_578' title='bbox 3340 3590 3564 3645; x_wconf 80' lang='lat' dir='ltr'><strong>regnum</strong></span> <span class='ocrx_word' id='word_1_579' title='bbox 3597 3585 3697 3624; x_wconf 82' lang='lat' dir='ltr'><strong>cre-</strong></span> 
     </span>
    </p>
   </div>
   <div class='ocr_carea' id='block_1_80' title="bbox 2145 3662 3694 3735">
    <p class='ocr_par' dir='ltr' id='par_1_80' title="bbox 2145 3662 3694 3735">
     <span class='ocr_line' id='line_1_80' title="bbox 2145 3662 3694 3735; baseline -0.008 -12"><span class='ocrx_word' id='word_1_580' title='bbox 2145 3668 2406 3723; x_wconf 86' lang='lat' dir='ltr'><strong>dentibus</strong></span> <span class='ocrx_word' id='word_1_581' title='bbox 2432 3668 2484 3720; x_wconf 92' lang='lat' dir='ltr'><strong>in</strong></span> <span class='ocrx_word' id='word_1_582' title='bbox 2520 3682 2578 3721; x_wconf 87' lang='lat' dir='ltr'><strong>se</strong></span> <span class='ocrx_word' id='word_1_583' title='bbox 2610 3673 2664 3721; x_wconf 89' lang='lat' dir='ltr'><strong>et</strong></span> <span class='ocrx_word' id='word_1_584' title='bbox 2699 3667 3049 3721; x_wconf 88' lang='lat' dir='ltr'><strong>servantibus</strong></span> <span class='ocrx_word' id='word_1_585' title='bbox 3078 3666 3263 3720; x_wconf 78' lang='lat' dir='ltr'><strong>omnia</strong></span> <span class='ocrx_word' id='word_1_586' title='bbox 3289 3682 3415 3733; x_wconf 58' lang='lat' dir='ltr'><strong>qua:</strong></span> <span class='ocrx_word' id='word_1_587' title='bbox 3447 3662 3694 3735; x_wconf 70' lang='lat' dir='ltr'><strong>praecepit.</strong></span> 
     </span>
    </p>
   </div>
   <div class='ocr_carea' id='block_1_81' title="bbox 2144 3752 3697 3834">
    <p class='ocr_par' dir='ltr' id='par_1_81' title="bbox 2144 3752 3697 3834">
     <span class='ocr_line' id='line_1_81' title="bbox 2144 3752 3697 3834; baseline -0.005 -18"><span class='ocrx_word' id='word_1_588' title='bbox 2144 3761 2397 3834; x_wconf 89' lang='lat' dir='ltr'><strong>Cumque</strong></span> <span class='ocrx_word' id='word_1_589' title='bbox 2427 3760 2496 3816; x_wconf 87' lang='lat' dir='ltr'><strong>de</strong></span> <span class='ocrx_word' id='word_1_590' title='bbox 2536 3760 2620 3815; x_wconf 87' lang='lat' dir='ltr'><strong>his</strong></span> <span class='ocrx_word' id='word_1_591' title='bbox 2652 3760 2937 3815; x_wconf 82' lang='lat' dir='ltr'><strong>evidenter</strong></span> <span class='ocrx_word' id='word_1_592' title='bbox 2986 3761 3245 3830; x_wconf 89' lang='lat' dir='ltr'><strong>populum</strong></span> <span class='ocrx_word' id='word_1_593' title='bbox 3296 3760 3594 3820; x_wconf 87' lang='lat' dir='ltr'><strong>docuisset,</strong></span> <span class='ocrx_word' id='word_1_594' title='bbox 3623 3752 3697 3806; x_wconf 83' lang='lat' dir='ltr'><strong>ad-</strong></span> 
     </span>
    </p>
   </div>
   <div class='ocr_carea' id='block_1_82' title="bbox 2141 3849 3696 3920">
    <p class='ocr_par' dir='ltr' id='par_1_82' title="bbox 2141 3849 3696 3920">
     <span class='ocr_line' id='line_1_82' title="bbox 2141 3849 3696 3920; baseline -0.005 -14"><span class='ocrx_word' id='word_1_595' title='bbox 2141 3852 2307 3907; x_wconf 84' lang='lat' dir='ltr'><strong>debat</strong></span> <span class='ocrx_word' id='word_1_596' title='bbox 2352 3853 2519 3905; x_wconf 91' lang='lat' dir='ltr'><strong>etiam</strong></span> <span class='ocrx_word' id='word_1_597' title='bbox 2546 3851 2683 3918; x_wconf 87' lang='lat' dir='ltr'><strong>hoc;</strong></span> <span class='ocrx_word' id='word_1_598' title='bbox 2730 3851 2860 3920; x_wconf 87' lang='lat' dir='ltr'><strong>quia</strong></span> <span class='ocrx_word' id='word_1_599' title='bbox 2901 3851 3007 3905; x_wconf 90' lang='lat' dir='ltr'><strong>nisi</strong></span> <span class='ocrx_word' id='word_1_600' title='bbox 3041 3852 3167 3920; x_wconf 90' lang='lat' dir='ltr'><strong>quis</strong></span> <span class='ocrx_word' id='word_1_601' title='bbox 3192 3851 3503 3920; x_wconf 85' lang='lat' dir='ltr'><strong>baptizatus</strong></span> <span class='ocrx_word' id='word_1_602' title='bbox 3529 3849 3696 3903; x_wconf 81' lang='lat' dir='ltr'><strong>fuisset</strong></span> 
     </span>
    </p>
   </div>
   <div class='ocr_carea' id='block_1_83' title="bbox 2144 3940 3695 4013">
    <p class='ocr_par' dir='ltr' id='par_1_83' title="bbox 2144 3940 3695 4013">
     <span class='ocr_line' id='line_1_83' title="bbox 2144 3940 3695 4013; baseline -0.008 -14"><span class='ocrx_word' id='word_1_603' title='bbox 2144 3945 2199 3999; x_wconf 92' lang='lat' dir='ltr'><strong>in</strong></span> <span class='ocrx_word' id='word_1_604' title='bbox 2228 3959 2369 4013; x_wconf 88' lang='lat' dir='ltr'><strong>aqua</strong></span> <span class='ocrx_word' id='word_1_605' title='bbox 2404 3943 2507 3997; x_wconf 90' lang='lat' dir='ltr'><strong>sub</strong></span> <span class='ocrx_word' id='word_1_606' title='bbox 2536 3942 2901 4013; x_wconf 90' lang='lat' dir='ltr'><strong>appellatione</strong></span> <span class='ocrx_word' id='word_1_607' title='bbox 2961 3944 3118 3997; x_wconf 74' lang='lat' dir='ltr'><strong>trinae</strong></span> <span class='ocrx_word' id='word_1_608' title='bbox 3162 3943 3543 4005; x_wconf 88' lang='lat' dir='ltr'><strong>beatitudinis,</strong></span> <span class='ocrx_word' id='word_1_609' title='bbox 3571 3940 3695 3994; x_wconf 85' lang='lat' dir='ltr'><strong>sicut</strong></span> 
     </span>
    </p>
   </div>
   <div class='ocr_carea' id='block_1_84' title="bbox 2143 4032 3695 4104">
    <p class='ocr_par' dir='ltr' id='par_1_84' title="bbox 2143 4032 3695 4104">
     <span class='ocr_line' id='line_1_84' title="bbox 2143 4032 3695 4104; baseline -0.004 -15"><span class='ocrx_word' id='word_1_610' title='bbox 2143 4035 2329 4089; x_wconf 89' lang='lat' dir='ltr'><strong>docuit</strong></span> <span class='ocrx_word' id='word_1_611' title='bbox 2361 4050 2524 4089; x_wconf 86' lang='lat' dir='ltr'><strong>verus</strong></span> <span class='ocrx_word' id='word_1_612' title='bbox 2554 4035 2843 4103; x_wconf 86' lang='lat' dir='ltr'><strong>propheta,</strong></span> <span class='ocrx_word' id='word_1_613' title='bbox 2879 4051 3058 4104; x_wconf 68' lang='lat' dir='ltr'><strong>neque</strong></span> <span class='ocrx_word' id='word_1_614' title='bbox 3081 4036 3462 4091; x_wconf 88' lang='lat' dir='ltr'><strong>remissionem</strong></span> <span class='ocrx_word' id='word_1_615' title='bbox 3496 4032 3695 4100; x_wconf 81' lang='lat' dir='ltr'><strong>accipe-</strong></span> 
     </span>
    </p>
   </div>
   <div class='ocr_carea' id='block_1_85' title="bbox 2140 4126 3689 4197">
    <p class='ocr_par' dir='ltr' id='par_1_85' title="bbox 2140 4126 3689 4197">
     <span class='ocr_line' id='line_1_85' title="bbox 2140 4126 3689 4197; baseline -0.008 -14"><span class='ocrx_word' id='word_1_616' title='bbox 2140 4136 2223 4183; x_wconf 85' lang='lat' dir='ltr'><strong>ret</strong></span> <span class='ocrx_word' id='word_1_617' title='bbox 2257 4135 2627 4197; x_wconf 89' lang='lat' dir='ltr'><strong>peccatorum,</strong></span> <span class='ocrx_word' id='word_1_618' title='bbox 2659 4141 2837 4195; x_wconf 89' lang='lat' dir='ltr'><strong>neque</strong></span> <span class='ocrx_word' id='word_1_619' title='bbox 2862 4126 3113 4181; x_wconf 87' lang='lat' dir='ltr'><strong>introiret</strong></span> <span class='ocrx_word' id='word_1_620' title='bbox 3134 4128 3189 4181; x_wconf 91' lang='lat' dir='ltr'><strong>in</strong></span> <span class='ocrx_word' id='word_1_621' title='bbox 3212 4143 3379 4197; x_wconf 88' lang='lat' dir='ltr'><strong>regna</strong></span> <span class='ocrx_word' id='word_1_622' title='bbox 3410 4127 3689 4180; x_wconf 63' lang='lat' dir='ltr'><strong>caelorum:</strong></span> 
     </span>
    </p>
   </div>
   <div class='ocr_carea' id='block_1_86' title="bbox 2140 4214 3695 4290">
    <p class='ocr_par' dir='ltr' id='par_1_86' title="bbox 2140 4214 3695 4290">
     <span class='ocr_line' id='line_1_86' title="bbox 2140 4214 3695 4290; baseline -0.007 -18"><span class='ocrx_word' id='word_1_623' title='bbox 2140 4226 2193 4272; x_wconf 92' lang='lat' dir='ltr'><strong>et</strong></span> <span class='ocrx_word' id='word_1_624' title='bbox 2229 4219 2366 4271; x_wconf 90' lang='lat' dir='ltr'><strong>hanc</strong></span> <span class='ocrx_word' id='word_1_625' title='bbox 2393 4232 2517 4273; x_wconf 81' lang='lat' dir='ltr'><strong>esse</strong></span> <span class='ocrx_word' id='word_1_626' title='bbox 2550 4215 2643 4270; x_wconf 90' lang='lat' dir='ltr'><strong>Dei</strong></span> <span class='ocrx_word' id='word_1_627' title='bbox 2681 4214 2953 4290; x_wconf 81' lang='lat' dir='ltr'><strong>[ingenili]</strong></span> <span class='ocrx_word' id='word_1_628' title='bbox 2982 4218 3405 4287; x_wconf 64' lang='lat' dir='ltr'><strong>prafinitionem</strong></span> <span class='ocrx_word' id='word_1_629' title='bbox 3432 4214 3695 4269; x_wconf 81' lang='lat' dir='ltr'><strong>conﬁrma-</strong></span> 
     </span>
    </p>
   </div>
   <div class='ocr_carea' id='block_1_87' title="bbox 2141 4306 3695 4376">
    <p class='ocr_par' dir='ltr' id='par_1_87' title="bbox 2141 4306 3695 4376">
     <span class='ocr_line' id='line_1_87' title="bbox 2141 4306 3695 4376; baseline -0.008 -12"><span class='ocrx_word' id='word_1_630' title='bbox 2141 4311 2236 4364; x_wconf 88' lang='lat' dir='ltr'><strong>vit.</strong></span> <span class='ocrx_word' id='word_1_631' title='bbox 2293 4310 2503 4375; x_wconf 87' lang='lat' dir='ltr'><strong>Quibus</strong></span> <span class='ocrx_word' id='word_1_632' title='bbox 2551 4308 2717 4363; x_wconf 90' lang='lat' dir='ltr'><strong>etiam</strong></span> <span class='ocrx_word' id='word_1_633' title='bbox 2748 4311 2785 4340; x_wconf 87' lang='lat'>”</span> <span class='ocrx_word' id='word_1_634' title='bbox 2821 4309 2938 4364; x_wconf 60' lang='lat' dir='ltr'><strong>haec</strong></span> <span class='ocrx_word' id='word_1_635' title='bbox 3002 4310 3214 4365; x_wconf 89' lang='lat' dir='ltr'><strong>addidit</strong></span> <span class='ocrx_word' id='word_1_636' title='bbox 3255 4306 3484 4364; x_wconf 83' lang='lat' dir='ltr'><strong>:Nolite</strong></span> <span class='ocrx_word' id='word_1_637' title='bbox 3528 4311 3695 4376; x_wconf 76' lang='lat' dir='ltr'><strong>putare</strong></span> 
     </span>
    </p>
   </div>
   <div class='ocr_carea' id='block_1_88' title="bbox 2142 4398 3690 4468">
    <p class='ocr_par' dir='ltr' id='par_1_88' title="bbox 2142 4398 3690 4468">
     <span class='ocr_line' id='line_1_88' title="bbox 2142 4398 3690 4468; baseline -0.006 -13"><span class='ocrx_word' id='word_1_638' title='bbox 2142 4416 2243 4456; x_wconf 91' lang='lat' dir='ltr'><strong>nos</strong></span> <span class='ocrx_word' id='word_1_639' title='bbox 2266 4401 2406 4455; x_wconf 89' lang='lat' dir='ltr'><strong>duos</strong></span> <span class='ocrx_word' id='word_1_640' title='bbox 2434 4400 2706 4468; x_wconf 80' lang='lat' dir='ltr'><strong>ingenitus</strong></span> <span class='ocrx_word' id='word_1_641' title='bbox 2749 4400 2933 4455; x_wconf 88' lang='lat' dir='ltr'><strong>dicere</strong></span> <span class='ocrx_word' id='word_1_642' title='bbox 2963 4401 3118 4465; x_wconf 87' lang='lat' dir='ltr'><strong>deos,</strong></span> <span class='ocrx_word' id='word_1_643' title='bbox 3152 4410 3247 4455; x_wconf 88' lang='lat' dir='ltr'><strong>aut</strong></span> <span class='ocrx_word' id='word_1_644' title='bbox 3278 4416 3452 4456; x_wconf 91' lang='lat' dir='ltr'><strong>unum</strong></span> <span class='ocrx_word' id='word_1_645' title='bbox 3482 4398 3690 4453; x_wconf 78' lang='lat' dir='ltr'><strong>divisum</strong></span> 
     </span>
    </p>
   </div>
   <div class='ocr_carea' id='block_1_89' title="bbox 570 4598 3689 4674">
    <p class='ocr_par' dir='ltr' id='par_1_89' title="bbox 570 4598 3689 4674">
     <span class='ocr_line' id='line_1_89' title="bbox 570 4598 3689 4674; baseline -0.008 -12"><span class='ocrx_word' id='word_1_646' title='bbox 570 4611 612 4643; x_wconf 78' lang='grc' dir='ltr'><strong>ιι</strong></span> <span class='ocrx_word' id='word_1_647' title='bbox 650 4608 929 4662; x_wconf 81' lang='lat' dir='ltr'><strong>Vocabula</strong></span> <span class='ocrx_word' id='word_1_648' title='bbox 955 4603 1161 4672; x_wconf 79' lang='lat' dir='ltr'><strong>Quibus</strong></span> <span class='ocrx_word' id='word_1_649' title='bbox 1192 4601 1351 4655; x_wconf 86' lang='lat' dir='ltr'><strong>etiam</strong></span> <span class='ocrx_word' id='word_1_650' title='bbox 1375 4630 1443 4639; x_wconf 91' lang='lat'><strong>-</strong></span> <span class='ocrx_word' id='word_1_651' title='bbox 1468 4599 1532 4653; x_wconf 85' lang='lat' dir='ltr'><strong>de</strong></span> <span class='ocrx_word' id='word_1_652' title='bbox 1570 4598 1857 4653; x_wconf 80' lang='lat' dir='ltr'><strong>Paracleto</strong></span> <span class='ocrx_word' id='word_1_653' title='bbox 1888 4600 2114 4654; x_wconf 78' lang='lat' dir='ltr'><strong>dicimus</strong></span> <span class='ocrx_word' id='word_1_654' title='bbox 2174 4618 2282 4658; x_wconf 89' lang='lat' dir='ltr'><strong>non</strong></span> <span class='ocrx_word' id='word_1_655' title='bbox 2322 4604 2578 4674; x_wconf 83' lang='lat' dir='ltr'><strong>leguntur</strong></span> <span class='ocrx_word' id='word_1_656' title='bbox 2599 4621 2655 4660; x_wconf 81' lang='lat' dir='ltr'><strong>in</strong></span> <span class='ocrx_word' id='word_1_657' title='bbox 2691 4605 2858 4660; x_wconf 91' lang='lat' dir='ltr'><strong>codd.</strong></span> <span class='ocrx_word' id='word_1_658' title='bbox 2895 4602 3071 4674; x_wconf 85' lang='lat' dir='ltr'><strong>Lips.,</strong></span> <span class='ocrx_word' id='word_1_659' title='bbox 3101 4604 3192 4674; x_wconf 85' lang='lat' dir='ltr'><strong>qui</strong></span> <span class='ocrx_word' id='word_1_660' title='bbox 3224 4604 3390 4658; x_wconf 66' lang='lat' dir='ltr'><strong>etiam</strong></span> <span class='ocrx_word' id='word_1_661' title='bbox 3418 4619 3531 4659; x_wconf 54' lang='grc' dir='ltr'><strong>νος,</strong></span> <span class='ocrx_word' id='word_1_662' title='bbox 3569 4602 3689 4668; x_wconf 48' lang='lat' dir='ltr'><strong>inge-</strong></span> 
     </span>
    </p>
   </div>
   <div class='ocr_carea' id='block_1_90' title="bbox 466 4674 1849 4751">
    <p class='ocr_par' dir='ltr' id='par_1_90' title="bbox 466 4674 1849 4751">
     <span class='ocr_line' id='line_1_90' title="bbox 466 4674 1849 4751; baseline -0.009 -14"><span class='ocrx_word' id='word_1_663' title='bbox 466 4684 587 4745; x_wconf 87' lang='lat' dir='ltr'><strong>uiti,</strong></span> <span class='ocrx_word' id='word_1_664' title='bbox 609 4680 757 4751; x_wconf 91' lang='lat' dir='ltr'><strong>quod</strong></span> <span class='ocrx_word' id='word_1_665' title='bbox 786 4680 947 4734; x_wconf 87' lang='lat' dir='ltr'><strong>uncis</strong></span> <span class='ocrx_word' id='word_1_666' title='bbox 981 4674 1344 4739; x_wconf 87' lang='lat' dir='ltr'><strong>includimus,</strong></span> <span class='ocrx_word' id='word_1_667' title='bbox 1382 4686 1490 4724; x_wconf 89' lang='lat' dir='ltr'><strong>non</strong></span> <span class='ocrx_word' id='word_1_668' title='bbox 1520 4682 1849 4741; x_wconf 83' lang='lat' dir='ltr'><strong>agnoscunt.</strong></span> 
     </span>
    </p>
   </div>
   <div class='ocr_carea' id='block_1_91' title="bbox 1730 4831 2366 4889">
    <p class='ocr_par' dir='ltr' id='par_1_91' title="bbox 1730 4831 2366 4889">
     <span class='ocr_line' id='line_1_91' title="bbox 1730 4831 2366 4889; baseline -0.003 0"><span class='ocrx_word' id='word_1_669' title='bbox 1730 4831 2095 4889; x_wconf 80' lang='lat' dir='ltr'><strong>COTELERII</strong></span> <span class='ocrx_word' id='word_1_670' title='bbox 2134 4831 2366 4887; x_wconf 67' lang='grc' dir='ltr'><strong>ΝΟΤᾸΞ.</strong></span> 
     </span>
    </p>
   </div>
   <div class='ocr_carea' id='block_1_92' title="bbox 537 4989 3685 5077">
    <p class='ocr_par' dir='ltr' id='par_1_92' title="bbox 537 4989 3685 5077">
     <span class='ocr_line' id='line_1_92' title="bbox 537 4989 3685 5077; baseline -0.004 -23"><span class='ocrx_word' id='word_1_671' title='bbox 537 4998 944 5077; x_wconf 52' lang='lat' dir='ltr'><strong>(Siijacobum</strong></span> <span class='ocrx_word' id='word_1_672' title='bbox 976 4996 1333 5077; x_wconf 64' lang='lat' dir='ltr'><strong>episcoporum</strong></span> <span class='ocrx_word' id='word_1_673' title='bbox 1358 4998 1660 5077; x_wconf 65' lang='lat' dir='ltr'><strong>principem.</strong></span> <span class='ocrx_word' id='word_1_674' title='bbox 1678 4994 2040 5077; x_wconf 55' lang='lat' dir='ltr'><strong>pandcleria—</strong></span> <span class='ocrx_word' id='word_1_675' title='bbox 2071 5014 2116 5072; x_wconf 82' lang='grc' dir='ltr'>ι)</span> <span class='ocrx_word' id='word_1_676' title='bbox 2216 5012 2276 5057; x_wconf 86' lang='lat' dir='ltr'><strong>n,</strong></span> <span class='ocrx_word' id='word_1_677' title='bbox 2300 5011 2349 5077; x_wconf 52' lang='grc' dir='ltr'><strong>ς..</strong></span> <span class='ocrx_word' id='word_1_678' title='bbox 2448 5014 2460 5049; x_wconf 87' lang='lat'><strong>:</strong></span> <span class='ocrx_word' id='word_1_679' title='bbox 2493 4996 2863 5077; x_wconf 52' lang='lat' dir='ltr'><strong>Apostolorum</strong></span> <span class='ocrx_word' id='word_1_680' title='bbox 2898 4995 3213 5077; x_wconf 66' lang='lat' dir='ltr'><strong>episcopum.</strong></span> <span class='ocrx_word' id='word_1_681' title='bbox 3250 4991 3503 5077; x_wconf 55' lang='lat' dir='ltr'><strong>Denique</strong></span> <span class='ocrx_word' id='word_1_682' title='bbox 3541 4989 3685 5077; x_wconf 50' lang='lat' dir='ltr'><strong>Elicu-</strong></span> 
     </span>
    </p>
   </div>
   <div class='ocr_carea' id='block_1_93' title="bbox 468 5062 2038 5134">
    <p class='ocr_par' dir='ltr' id='par_1_93' title="bbox 468 5062 2038 5134">
     <span class='ocr_line' id='line_1_93' title="bbox 468 5062 2038 5134; baseline 0.002 -17"><span class='ocrx_word' id='word_1_683' title='bbox 468 5062 576 5134; x_wconf 57' lang='grc' dir='ltr'>ιιιιέ</span> <span class='ocrx_word' id='word_1_684' title='bbox 602 5063 765 5134; x_wconf 82' lang='lat' dir='ltr'><strong>etiam</strong></span> <span class='ocrx_word' id='word_1_685' title='bbox 792 5063 982 5127; x_wconf 72' lang='lat' dir='ltr'><strong>codex,</strong></span> <span class='ocrx_word' id='word_1_686' title='bbox 1005 5062 1274 5117; x_wconf 72' lang='lat' dir='ltr'><strong>Iacobum</strong></span> <span class='ocrx_word' id='word_1_687' title='bbox 1312 5062 1648 5134; x_wconf 69' lang='lat' dir='ltr'><strong>episcopum;</strong></span> <span class='ocrx_word' id='word_1_688' title='bbox 1677 5064 1819 5121; x_wconf 89' lang='lat' dir='ltr'><strong>Petri</strong></span> <span class='ocrx_word' id='word_1_689' title='bbox 1859 5067 2038 5133; x_wconf 73' lang='lat' dir='ltr'><strong>Pi-titi,</strong></span> 
     </span>
    </p>
   </div>
   <div class='ocr_carea' id='block_1_94' title="bbox 467 5132 2043 5205">
    <p class='ocr_par' dir='ltr' id='par_1_94' title="bbox 467 5132 2043 5205">
     <span class='ocr_line' id='line_1_94' title="bbox 467 5132 2043 5205; baseline 0.003 -18"><span class='ocrx_word' id='word_1_690' title='bbox 467 5132 727 5205; x_wconf 71' lang='lat' dir='ltr'><strong>Iacobum</strong></span> <span class='ocrx_word' id='word_1_691' title='bbox 760 5143 994 5205; x_wconf 73' lang='lat' dir='ltr'><strong>nostrum</strong></span> <span class='ocrx_word' id='word_1_692' title='bbox 1022 5136 1341 5205; x_wconf 79' lang='lat' dir='ltr'><strong>principem;</strong></span> <span class='ocrx_word' id='word_1_693' title='bbox 1377 5132 1514 5189; x_wconf 83' lang='lat' dir='ltr'><strong>infra</strong></span> <span class='ocrx_word' id='word_1_694' title='bbox 1552 5152 1670 5205; x_wconf 76' lang='lat' dir='ltr'><strong>cap.</strong></span> <span class='ocrx_word' id='word_1_695' title='bbox 1713 5139 1916 5204; x_wconf 85' lang='lat' dir='ltr'><strong>penult,</strong></span> <span class='ocrx_word' id='word_1_696' title='bbox 1949 5132 2043 5191; x_wconf 59' lang='lat' dir='ltr'><strong>Ja¥</strong></span> 
     </span>
    </p>
   </div>
   <div class='ocr_carea' id='block_1_95' title="bbox 468 5203 2037 5287">
    <p class='ocr_par' dir='ltr' id='par_1_95' title="bbox 468 5203 2037 5287">
     <span class='ocr_line' id='line_1_95' title="bbox 468 5203 2037 5287; baseline 0.001 -29"><span class='ocrx_word' id='word_1_697' title='bbox 468 5203 629 5287; x_wconf 49' lang='grc' dir='ltr'><strong>σοὺ-μηδ</strong></span> <span class='ocrx_word' id='word_1_698' title='bbox 666 5203 1103 5287; x_wconf 40' lang='lat' dir='ltr'><strong>archiepiscopus.</strong></span> <span class='ocrx_word' id='word_1_699' title='bbox 1154 5204 1206 5287; x_wconf 48' lang='lat' dir='ltr'><strong>l&#39;n</strong></span> <span class='ocrx_word' id='word_1_700' title='bbox 1247 5206 1478 5287; x_wconf 70' lang='lat' dir='ltr'><strong>concilio</strong></span> <span class='ocrx_word' id='word_1_701' title='bbox 1520 5203 1786 5287; x_wconf 65' lang='lat' dir='ltr'><strong>Epliesiiio</strong></span> <span class='ocrx_word' id='word_1_702' title='bbox 1821 5217 1973 5276; x_wconf 74' lang='lat' dir='ltr'><strong>parte</strong></span> <span class='ocrx_word' id='word_1_703' title='bbox 2001 5226 2037 5287; x_wconf 67' lang='grc' dir='ltr'><strong>ιζ</strong></span> 
     </span>
    </p>
   </div>
   <div class='ocr_carea' id='block_1_96' title="bbox 464 5273 2038 5346">
    <p class='ocr_par' dir='ltr' id='par_1_96' title="bbox 464 5273 2038 5346">
     <span class='ocr_line' id='line_1_96' title="bbox 464 5273 2038 5346; baseline 0.002 -17"><span class='ocrx_word' id='word_1_704' title='bbox 464 5290 519 5346; x_wconf 75' lang='grc' dir='ltr'><strong>ς.</strong></span> <span class='ocrx_word' id='word_1_705' title='bbox 549 5275 619 5346; x_wconf 72' lang='lat'><strong>50</strong></span> <span class='ocrx_word' id='word_1_706' title='bbox 647 5290 661 5327; x_wconf 87' lang='lat'><strong>:</strong></span> <span class='ocrx_word' id='word_1_707' title='bbox 702 5273 959 5346; x_wconf 50' lang='lat' dir='ltr'><strong>’Iagctoﬁou</strong></span> <span class='ocrx_word' id='word_1_708' title='bbox 978 5274 1273 5346; x_wconf 60' lang='grc' dir='ltr'><strong>ἀποστόλομ</strong></span> <span class='ocrx_word' id='word_1_709' title='bbox 1296 5275 1387 5346; x_wconf 69' lang='grc' dir='ltr'><strong>καὶ</strong></span> <span class='ocrx_word' id='word_1_710' title='bbox 1410 5273 1855 5346; x_wconf 12' lang='grc' dir='ltr'><strong>ᾁξρχιείπισκόπού.</strong></span> <span class='ocrx_word' id='word_1_711' title='bbox 1887 5279 2038 5346; x_wconf 83' lang='lat' dir='ltr'><strong>Apud</strong></span> 
     </span>
    </p>
   </div>
   <div class='ocr_carea' id='block_1_97' title="bbox 469 5342 2041 5417">
    <p class='ocr_par' dir='ltr' id='par_1_97' title="bbox 469 5342 2041 5417">
     <span class='ocr_line' id='line_1_97' title="bbox 469 5342 2041 5417; baseline 0.004 -22"><span class='ocrx_word' id='word_1_712' title='bbox 469 5342 720 5417; x_wconf 68' lang='lat' dir='ltr'><strong>I’_l_iotiun_i</strong></span> <span class='ocrx_word' id='word_1_713' title='bbox 767 5343 1017 5417; x_wconf 71' lang='lat' dir='ltr'><strong>Biblioth.</strong></span> <span class='ocrx_word' id='word_1_714' title='bbox 1065 5342 1716 5417; x_wconf 66' lang='lat' dir='ltr'><strong>cod.__275._Ilcsycliius</strong></span> <span class='ocrx_word' id='word_1_715' title='bbox 1763 5342 2041 5417; x_wconf 42' lang='lat' dir='ltr'><strong>presbiter</strong></span> 
     </span>
    </p>
   </div>
   <div class='ocr_carea' id='block_1_98' title="bbox 469 5412 2043 5485">
    <p class='ocr_par' dir='ltr' id='par_1_98' title="bbox 469 5412 2043 5485">
     <span class='ocr_line' id='line_1_98' title="bbox 469 5412 2043 5485; baseline 0.004 -20"><span class='ocrx_word' id='word_1_716' title='bbox 469 5412 1122 5485; x_wconf 66' lang='lat' dir='ltr'><strong>Ilierosolymitanits,&#39;tbv</strong></span> <span class='ocrx_word' id='word_1_717' title='bbox 1145 5415 1251 5485; x_wconf 81' lang='grc' dir='ltr'><strong>τῶν</strong></span> <span class='ocrx_word' id='word_1_718' title='bbox 1281 5414 1466 5485; x_wconf 79' lang='grc' dir='ltr'><strong>ἱερέων</strong></span> <span class='ocrx_word' id='word_1_719' title='bbox 1493 5412 1886 5485; x_wconf 40' lang='lat' dir='ltr'><strong>iui/auom,ka</strong></span> <span class='ocrx_word' id='word_1_720' title='bbox 1908 5412 2043 5471; x_wconf 76' lang='grc' dir='ltr'><strong>ἄπο-</strong></span> 
     </span>
    </p>
   </div>
   <div class='ocr_carea' id='block_1_99' title="bbox 470 5484 2039 5560">
    <p class='ocr_par' dir='ltr' id='par_1_99' title="bbox 470 5484 2039 5560">
     <span class='ocr_line' id='line_1_99' title="bbox 470 5484 2039 5560; baseline 0.004 -24"><span class='ocrx_word' id='word_1_721' title='bbox 470 5484 671 5560; x_wconf 68' lang='grc' dir='ltr'>στρλῳν</span> <span class='ocrx_word' id='word_1_722' title='bbox 708 5484 1236 5560; x_wconf 33' lang='grc' dir='ltr'><strong>’τὸν-’ἐξαρχᾳνηῖῂγ</strong></span> <span class='ocrx_word' id='word_1_723' title='bbox 1270 5484 1340 5538; x_wconf 25' lang='grc' dir='ltr'><strong>ἑνί</strong></span> <span class='ocrx_word' id='word_1_724' title='bbox 1376 5484 1636 5560; x_wconf 64' lang='grc' dir='ltr'><strong>κεφαλαῖς</strong></span> <span class='ocrx_word' id='word_1_725' title='bbox 1670 5491 1950 5560; x_wconf 50' lang='grc' dir='ltr'><strong>κορυφήν.</strong></span> <span class='ocrx_word' id='word_1_726' title='bbox 1986 5492 2039 5543; x_wconf 89' lang='lat' dir='ltr'><strong>Ill</strong></span> 
     </span>
    </p>
   </div>
   <div class='ocr_carea' id='block_1_100' title="bbox 470 5553 2039 5624">
    <p class='ocr_par' dir='ltr' id='par_1_100' title="bbox 470 5553 2039 5624">
     <span class='ocr_line' id='line_1_100' title="bbox 470 5553 2039 5624; baseline 0.004 -17"><span class='ocrx_word' id='word_1_727' title='bbox 470 5555 681 5624; x_wconf 78' lang='lat' dir='ltr'><strong>scliolio</strong></span> <span class='ocrx_word' id='word_1_728' title='bbox 707 5553 856 5623; x_wconf 74' lang='lat' dir='ltr'><strong>Iicgii</strong></span> <span class='ocrx_word' id='word_1_729' title='bbox 882 5553 1087 5609; x_wconf 77' lang='lat' dir='ltr'><strong>codicis</strong></span> <span class='ocrx_word' id='word_1_730' title='bbox 1116 5553 1237 5611; x_wconf 77' lang='lat'><strong>705.</strong></span> <span class='ocrx_word' id='word_1_731' title='bbox 1261 5558 1401 5624; x_wconf 86' lang='lat' dir='ltr'><strong>quod</strong></span> <span class='ocrx_word' id='word_1_732' title='bbox 1433 5560 1583 5624; x_wconf 82' lang='lat' dir='ltr'><strong>posui</strong></span> <span class='ocrx_word' id='word_1_733' title='bbox 1609 5553 1769 5611; x_wconf 74' lang='lat' dir='ltr'><strong>initio</strong></span> <span class='ocrx_word' id='word_1_734' title='bbox 1790 5553 2039 5613; x_wconf 76' lang='lat' dir='ltr'><strong>notarum</strong></span> 
     </span>
    </p>
   </div>
   <div class='ocr_carea' id='block_1_101' title="bbox 472 5622 2043 5698">
    <p class='ocr_par' dir='ltr' id='par_1_101' title="bbox 472 5622 2043 5698">
     <span class='ocr_line' id='line_1_101' title="bbox 472 5622 2043 5698; baseline 0.006 -23"><span class='ocrx_word' id='word_1_735' title='bbox 472 5622 881 5698; x_wconf 27' lang='lat' dir='ltr'><strong>inliﬁBarnaba’m,</strong></span> <span class='ocrx_word' id='word_1_736' title='bbox 911 5625 1123 5698; x_wconf 60' lang='grc' dir='ltr'><strong>πρῶτρς</strong></span> <span class='ocrx_word' id='word_1_737' title='bbox 1154 5622 1469 5698; x_wconf 50' lang='grc' dir='ltr'><strong>ὲέιιτίσὶοποςΓ</strong></span> <span class='ocrx_word' id='word_1_738' title='bbox 1498 5626 1644 5681; x_wconf 86' lang='lat' dir='ltr'><strong>Unde</strong></span> <span class='ocrx_word' id='word_1_739' title='bbox 1676 5643 1704 5681; x_wconf 88' lang='lat' dir='ltr'><strong>a</strong></span> <span class='ocrx_word' id='word_1_740' title='bbox 1741 5626 2043 5698; x_wconf 75' lang='lat' dir='ltr'><strong>Nicephoro</strong></span> 
     </span>
    </p>
   </div>
   <div class='ocr_carea' id='block_1_102' title="bbox 470 5690 2039 5767">
    <p class='ocr_par' dir='ltr' id='par_1_102' title="bbox 470 5690 2039 5767">
     <span class='ocr_line' id='line_1_102' title="bbox 470 5690 2039 5767; baseline 0.007 -23"><span class='ocrx_word' id='word_1_741' title='bbox 470 5690 578 5767; x_wconf 58' lang='grc' dir='ltr'><strong>(21)τ</strong></span> <span class='ocrx_word' id='word_1_742' title='bbox 614 5696 894 5761; x_wconf 84' lang='lat' dir='ltr'><strong>catalogus</strong></span> <span class='ocrx_word' id='word_1_743' title='bbox 940 5690 1377 5767; x_wconf 75' lang='lat' dir='ltr'><strong>Patriarcbarum</strong></span> <span class='ocrx_word' id='word_1_744' title='bbox 1425 5690 2039 5767; x_wconf 49' lang='lat' dir='ltr'><strong>llierosolyiuitan&#39;oruin</strong></span> 
     </span>
    </p>
   </div>
   <div class='ocr_carea' id='block_1_103' title="bbox 470 5763 2037 5838">
    <p class='ocr_par' dir='ltr' id='par_1_103' title="bbox 470 5763 2037 5838">
     <span class='ocr_line' id='line_1_103' title="bbox 470 5763 2037 5838; baseline 0.009 -25"><span class='ocrx_word' id='word_1_745' title='bbox 470 5763 673 5838; x_wconf 68' lang='lat' dir='ltr'><strong>texitur</strong></span> <span class='ocrx_word' id='word_1_746' title='bbox 723 5774 847 5838; x_wconf 84' lang='lat' dir='ltr'><strong>ai_i_t_e</strong></span> <span class='ocrx_word' id='word_1_747' title='bbox 894 5766 1166 5838; x_wconf 73' lang='lat' dir='ltr'><strong>catalogus</strong></span> <span class='ocrx_word' id='word_1_748' title='bbox 1201 5768 1531 5835; x_wconf 89' lang='lat' dir='ltr'><strong>reliquorum</strong></span> <span class='ocrx_word' id='word_1_749' title='bbox 1584 5763 2037 5838; x_wconf 70' lang='lat' dir='ltr'><strong>patriarcharum.</strong></span> 
     </span>
    </p>
   </div>
   <div class='ocr_carea' id='block_1_104' title="bbox 476 5828 2039 5898">
    <p class='ocr_par' dir='ltr' id='par_1_104' title="bbox 476 5828 2039 5898">
     <span class='ocr_line' id='line_1_104' title="bbox 476 5828 2039 5898; baseline 0.008 -13"><span class='ocrx_word' id='word_1_750' title='bbox 476 5828 705 5886; x_wconf 69' lang='lat' dir='ltr'><strong>Rufinus</strong></span> <span class='ocrx_word' id='word_1_751' title='bbox 754 5831 1008 5889; x_wconf 75' lang='lat' dir='ltr'><strong>Historia:</strong></span> <span class='ocrx_word' id='word_1_752' title='bbox 1049 5828 1413 5893; x_wconf 65' lang='grc' dir='ltr'><strong>εῖειαδὶαδιὲεαῖ</strong></span> <span class='ocrx_word' id='word_1_753' title='bbox 1456 5828 1671 5895; x_wconf 64' lang='lat' dir='ltr'><strong>Eusebii</strong></span> <span class='ocrx_word' id='word_1_754' title='bbox 1714 5856 1742 5894; x_wconf 71' lang='grc' dir='ltr'><strong>ιι</strong></span> <span class='ocrx_word' id='word_1_755' title='bbox 1781 5860 1839 5898; x_wconf 80' lang='lat' dir='ltr'><strong>se</strong></span> <span class='ocrx_word' id='word_1_756' title='bbox 1874 5857 2039 5898; x_wconf 76' lang='lat' dir='ltr'><strong>versa:</strong></span> 
     </span>
    </p>
   </div>
   <div class='ocr_carea' id='block_1_105' title="bbox 2146 5061 3688 5127">
    <p class='ocr_par' dir='ltr' id='par_1_105' title="bbox 2146 5061 3688 5127">
     <span class='ocr_line' id='line_1_105' title="bbox 2146 5061 3688 5127; baseline -0.005 -7"><span class='ocrx_word' id='word_1_757' title='bbox 2146 5069 2264 5121; x_wconf 89' lang='lat' dir='ltr'><strong>laus</strong></span> <span class='ocrx_word' id='word_1_758' title='bbox 2299 5061 2689 5127; x_wconf 81' lang='lat' dir='ltr'><strong>Methonensis,</strong></span> <span class='ocrx_word' id='word_1_759' title='bbox 2714 5068 2782 5119; x_wconf 89' lang='lat' dir='ltr'><strong>de</strong></span> <span class='ocrx_word' id='word_1_760' title='bbox 2817 5064 3155 5119; x_wconf 80' lang='lat' dir='ltr'><strong>Eucliaristia</strong></span> <span class='ocrx_word' id='word_1_761' title='bbox 3189 5083 3203 5117; x_wconf 93' lang='lat'>:</span> <span class='ocrx_word' id='word_1_762' title='bbox 3250 5062 3307 5116; x_wconf 80' lang='grc' dir='ltr'>Ὀ</span> <span class='ocrx_word' id='word_1_763' title='bbox 3358 5063 3497 5124; x_wconf 78' lang='grc' dir='ltr'>θεῖος</span> <span class='ocrx_word' id='word_1_764' title='bbox 3541 5061 3688 5127; x_wconf 79' lang='grc' dir='ltr'><strong>Ἰάκω-</strong></span> 
     </span>
    </p>
   </div>
   <div class='ocr_carea' id='block_1_106' title="bbox 2142 5126 3685 5208">
    <p class='ocr_par' dir='ltr' id='par_1_106' title="bbox 2142 5126 3685 5208">
     <span class='ocr_line' id='line_1_106' title="bbox 2142 5126 3685 5208; baseline -0.001 -18"><span class='ocrx_word' id='word_1_765' title='bbox 2142 5138 2234 5200; x_wconf 83' lang='grc' dir='ltr'><strong>ϐος</strong></span> <span class='ocrx_word' id='word_1_766' title='bbox 2281 5139 2309 5208; x_wconf 74' lang='grc' dir='ltr'>ὁ</span> <span class='ocrx_word' id='word_1_767' title='bbox 2359 5136 2452 5208; x_wconf 64' lang='grc' dir='ltr'><strong>τοῦ</strong></span> <span class='ocrx_word' id='word_1_768' title='bbox 2499 5126 2716 5208; x_wconf 45' lang='lat' dir='ltr'><strong>improved</strong></span> <span class='ocrx_word' id='word_1_769' title='bbox 2756 5135 2851 5208; x_wconf 67' lang='lat' dir='ltr'><strong>xui.</strong></span> <span class='ocrx_word' id='word_1_770' title='bbox 2895 5135 3137 5208; x_wconf 50' lang='grc' dir='ltr'><strong>μεγάλῳ</strong></span> <span class='ocrx_word' id='word_1_771' title='bbox 3162 5126 3685 5208; x_wconf 38' lang='grc' dir='ltr'><strong>ἀρχιερέευς-ᾁδελφδς</strong></span> 
     </span>
    </p>
   </div>
   <div class='ocr_carea' id='block_1_107' title="bbox 2142 5202 3684 5275">
    <p class='ocr_par' dir='ltr' id='par_1_107' title="bbox 2142 5202 3684 5275">
     <span class='ocr_line' id='line_1_107' title="bbox 2142 5202 3684 5275; baseline -0.007 -15"><span class='ocrx_word' id='word_1_772' title='bbox 2142 5210 2235 5260; x_wconf 76' lang='grc' dir='ltr'><strong>καὶ</strong></span> <span class='ocrx_word' id='word_1_773' title='bbox 2273 5202 2553 5275; x_wconf 76' lang='grc' dir='ltr'><strong>διάδοχος.’</strong></span> <span class='ocrx_word' id='word_1_774' title='bbox 2582 5205 2706 5261; x_wconf 72' lang='lat' dir='ltr'><strong>Haec</strong></span> <span class='ocrx_word' id='word_1_775' title='bbox 2748 5208 2799 5259; x_wconf 88' lang='lat' dir='ltr'><strong>in</strong></span> <span class='ocrx_word' id='word_1_776' title='bbox 2840 5202 3048 5258; x_wconf 83' lang='lat' dir='ltr'><strong>laudem</strong></span> <span class='ocrx_word' id='word_1_777' title='bbox 3106 5202 3337 5258; x_wconf 23' lang='lat' dir='ltr'><strong>Iac‘obi.‘</strong></span> <span class='ocrx_word' id='word_1_778' title='bbox 3382 5203 3531 5275; x_wconf 81' lang='lat' dir='ltr'><strong>Sedis</strong></span> <span class='ocrx_word' id='word_1_779' title='bbox 3579 5212 3684 5275; x_wconf 60' lang='lat' dir='ltr'><strong>vero</strong></span> 
     </span>
    </p>
   </div>
   <div class='ocr_carea' id='block_1_108' title="bbox 2142 5267 3703 5346">
    <p class='ocr_par' dir='ltr' id='par_1_108' title="bbox 2142 5267 3703 5346">
     <span class='ocr_line' id='line_1_108' title="bbox 2142 5267 3703 5346; baseline -0.001 -17"><span class='ocrx_word' id='word_1_780' title='bbox 2142 5267 2629 5346; x_wconf 49' lang='lat' dir='ltr'><strong>Ilierosoly&#39;i‘uiticze</strong></span> <span class='ocrx_word' id='word_1_781' title='bbox 2659 5277 2867 5330; x_wconf 82' lang='lat' dir='ltr'><strong>illustre</strong></span> <span class='ocrx_word' id='word_1_782' title='bbox 2898 5276 3238 5346; x_wconf 64' lang='lat' dir='ltr'><strong>praeconium</strong></span> <span class='ocrx_word' id='word_1_783' title='bbox 3260 5274 3563 5344; x_wconf 84' lang='lat' dir='ltr'><strong>suppeditat</strong></span> <span class='ocrx_word' id='word_1_784' title='bbox 3588 5267 3703 5335; x_wconf 75' lang='grc' dir='ltr'><strong>Ειιὶ·.</strong></span> 
     </span>
    </p>
   </div>
   <div class='ocr_carea' id='block_1_109' title="bbox 2143 5342 3682 5415">
    <p class='ocr_par' dir='ltr' id='par_1_109' title="bbox 2143 5342 3682 5415">
     <span class='ocr_line' id='line_1_109' title="bbox 2143 5342 3682 5415; baseline -0.01 -12"><span class='ocrx_word' id='word_1_785' title='bbox 2143 5352 2280 5403; x_wconf 90' lang='lat' dir='ltr'><strong>stola</strong></span> <span class='ocrx_word' id='word_1_786' title='bbox 2301 5342 2501 5401; x_wconf 51' lang='lat' dir='ltr'><strong>Ius&#39;tiiii</strong></span> <span class='ocrx_word' id='word_1_787' title='bbox 2528 5348 2870 5415; x_wconf 81' lang='lat' dir='ltr'><strong>imperatoris</strong></span> <span class='ocrx_word' id='word_1_788' title='bbox 2893 5342 2957 5398; x_wconf 81' lang='lat' dir='ltr'><strong>ad</strong></span> <span class='ocrx_word' id='word_1_789' title='bbox 2988 5342 3559 5414; x_wconf 26' lang='lat' dir='ltr'><strong>Hormisdam’papam,</strong></span> <span class='ocrx_word' id='word_1_790' title='bbox 3586 5350 3682 5407; x_wconf 67' lang='lat' dir='ltr'><strong>quia</strong></span> 
     </span>
    </p>
   </div>
   <div class='ocr_carea' id='block_1_110' title="bbox 2144 5416 3683 5487">
    <p class='ocr_par' dir='ltr' id='par_1_110' title="bbox 2144 5416 3683 5487">
     <span class='ocr_line' id='line_1_110' title="bbox 2144 5416 3683 5487; baseline -0.009 -16"><span class='ocrx_word' id='word_1_791' title='bbox 2144 5418 2497 5487; x_wconf 88' lang='lat' dir='ltr'><strong>subsequitur</strong></span> <span class='ocrx_word' id='word_1_792' title='bbox 2518 5417 2761 5484; x_wconf 85' lang='lat' dir='ltr'><strong>ejusdem</strong></span> <span class='ocrx_word' id='word_1_793' title='bbox 2790 5417 3061 5487; x_wconf 87' lang='lat' dir='ltr'><strong>pontificis</strong></span> <span class='ocrx_word' id='word_1_794' title='bbox 3077 5416 3523 5487; x_wconf 81' lang='lat' dir='ltr'><strong>septuagesimam</strong></span> <span class='ocrx_word' id='word_1_795' title='bbox 3545 5422 3683 5487; x_wconf 57' lang='lat' dir='ltr'><strong>quar—</strong></span> 
     </span>
    </p>
   </div>
   <div class='ocr_carea' id='block_1_111' title="bbox 2141 5475 3672 5555">
    <p class='ocr_par' dir='ltr' id='par_1_111' title="bbox 2141 5475 3672 5555">
     <span class='ocr_line' id='line_1_111' title="bbox 2141 5475 3672 5555; baseline -0.006 -16"><span class='ocrx_word' id='word_1_796' title='bbox 2141 5495 2277 5547; x_wconf 85' lang='lat' dir='ltr'><strong>tam,</strong></span> <span class='ocrx_word' id='word_1_797' title='bbox 2301 5475 2449 5541; x_wconf 54' lang='lat' dir='ltr'><strong>h&#39;isce</strong></span> <span class='ocrx_word' id='word_1_798' title='bbox 2473 5475 2652 5542; x_wconf 74' lang='lat' dir='ltr'><strong>verbis</strong></span> <span class='ocrx_word' id='word_1_799' title='bbox 2682 5504 2694 5541; x_wconf 88' lang='lat'><strong>:</strong></span> <span class='ocrx_word' id='word_1_800' title='bbox 2724 5475 2805 5539; x_wconf 69' lang='lat' dir='ltr'><strong>Ad</strong></span> <span class='ocrx_word' id='word_1_801' title='bbox 2828 5475 3155 5555; x_wconf 60' lang='lat' dir='ltr'><strong>colligendas</strong></span> <span class='ocrx_word' id='word_1_802' title='bbox 3176 5495 3225 5537; x_wconf 83' lang='lat' dir='ltr'><strong>et</strong></span> <span class='ocrx_word' id='word_1_803' title='bbox 3250 5475 3672 5555; x_wconf 13' lang='lat' dir='ltr'><strong>ravdsummlas—ubr</strong></span> 
     </span>
    </p>
   </div>
   <div class='ocr_carea' id='block_1_112' title="bbox 2140 5554 3668 5626">
    <p class='ocr_par' dir='ltr' id='par_1_112' title="bbox 2140 5554 3668 5626">
     <span class='ocr_line' id='line_1_112' title="bbox 2140 5554 3668 5626; baseline -0.006 -18"><span class='ocrx_word' id='word_1_804' title='bbox 2140 5574 2236 5626; x_wconf 85' lang='lat' dir='ltr'><strong>que</strong></span> <span class='ocrx_word' id='word_1_805' title='bbox 2262 5556 2581 5611; x_wconf 76' lang='lat' dir='ltr'><strong>venerabiles</strong></span> <span class='ocrx_word' id='word_1_806' title='bbox 2618 5556 2901 5626; x_wconf 66' lang='lat' dir='ltr'><strong>Ecglesias,</strong></span> <span class='ocrx_word' id='word_1_807' title='bbox 2925 5554 2973 5610; x_wconf 78' lang='lat' dir='ltr'><strong>et</strong></span> <span class='ocrx_word' id='word_1_808' title='bbox 3005 5554 3540 5626; x_wconf 68' lang='lat' dir='ltr'><strong>Hierosolymitnuam</strong></span> <span class='ocrx_word' id='word_1_809' title='bbox 3564 5561 3668 5626; x_wconf 54' lang='lat' dir='ltr'><strong>pric-</strong></span> 
     </span>
    </p>
   </div>
   <div class='ocr_carea' id='block_1_113' title="bbox 2142 5622 3678 5700">
    <p class='ocr_par' dir='ltr' id='par_1_113' title="bbox 2142 5622 3678 5700">
     <span class='ocr_line' id='line_1_113' title="bbox 2142 5622 3678 5700; baseline 0.003 -22"><span class='ocrx_word' id='word_1_810' title='bbox 2142 5622 2290 5695; x_wconf 72' lang='lat' dir='ltr'><strong>cipue</strong></span> <span class='ocrx_word' id='word_1_811' title='bbox 2318 5627 2463 5700; x_wconf 82' lang='lat' dir='ltr'><strong>:_cui</strong></span> <span class='ocrx_word' id='word_1_812' title='bbox 2499 5637 2671 5700; x_wconf 65' lang='lat' dir='ltr'><strong>tamen</strong></span> <span class='ocrx_word' id='word_1_813' title='bbox 2689 5622 2749 5695; x_wconf 87' lang='grc' dir='ltr'><strong>[Ι.</strong></span> <span class='ocrx_word' id='word_1_814' title='bbox 2783 5636 2988 5700; x_wconf 73' lang='lat' dir='ltr'><strong>tantum</strong></span> <span class='ocrx_word' id='word_1_815' title='bbox 3016 5634 3223 5700; x_wconf 42' lang='grc' dir='ltr'><strong>ξιξ-νᾳ.</strong></span> <span class='ocrx_word' id='word_1_816' title='bbox 3242 5622 3588 5700; x_wconf 64' lang='lat' dir='ltr'><strong>_edi_t.]omn6_3</strong></span> <span class='ocrx_word' id='word_1_817' title='bbox 3612 5622 3678 5700; x_wconf 59' lang='grc' dir='ltr'><strong>μζ</strong></span> 
     </span>
    </p>
   </div>
   <div class='ocr_carea' id='block_1_114' title="bbox 2140 5689 3677 5768">
    <p class='ocr_par' dir='ltr' id='par_1_114' title="bbox 2140 5689 3677 5768">
     <span class='ocr_line' id='line_1_114' title="bbox 2140 5689 3677 5768; baseline -0.006 -18"><span class='ocrx_word' id='word_1_818' title='bbox 2140 5689 2314 5751; x_wconf 78' lang='lat' dir='ltr'><strong>vorem</strong></span> <span class='ocrx_word' id='word_1_819' title='bbox 2344 5696 2667 5768; x_wconf 80' lang='lat' dir='ltr'><strong>impendunt,</strong></span> <span class='ocrx_word' id='word_1_820' title='bbox 2692 5689 2846 5766; x_wconf 66' lang='lat' dir='ltr'><strong>quasi</strong></span> <span class='ocrx_word' id='word_1_821' title='bbox 2871 5698 3029 5749; x_wconf 84' lang='lat' dir='ltr'><strong>matri</strong></span> <span class='ocrx_word' id='word_1_822' title='bbox 3052 5695 3347 5768; x_wconf 52' lang='lat' dir='ltr'><strong>Christiani</strong></span> <span class='ocrx_word' id='word_1_823' title='bbox 3377 5689 3605 5768; x_wconf 64' lang='lat' dir='ltr'><strong>ﬂuminis.</strong></span> <span class='ocrx_word' id='word_1_824' title='bbox 3634 5689 3677 5762; x_wconf 61' lang='lat' dir='ltr'><strong>tt!</strong></span> 
     </span>
    </p>
   </div>
   <div class='ocr_carea' id='block_1_115' title="bbox 2141 5762 3675 5829">
    <p class='ocr_par' dir='ltr' id='par_1_115' title="bbox 2141 5762 3675 5829">
     <span class='ocr_line' id='line_1_115' title="bbox 2141 5762 3675 5829; baseline -0.01 -10"><span class='ocrx_word' id='word_1_825' title='bbox 2141 5784 2288 5820; x_wconf 82' lang='lat' dir='ltr'><strong>nemo</strong></span> <span class='ocrx_word' id='word_1_826' title='bbox 2320 5762 2515 5820; x_wconf 78' lang='lat' dir='ltr'><strong>audeat</strong></span> <span class='ocrx_word' id='word_1_827' title='bbox 2542 5767 2606 5819; x_wconf 81' lang='lat' dir='ltr'><strong>ab</strong></span> <span class='ocrx_word' id='word_1_828' title='bbox 2636 5762 2839 5821; x_wconf 51' lang='lat' dir='ltr'><strong>ea&#39;sese</strong></span> <span class='ocrx_word' id='word_1_829' title='bbox 2888 5768 3198 5821; x_wconf 76' lang='lat' dir='ltr'><strong>discernere.</strong></span> <span class='ocrx_word' id='word_1_830' title='bbox 3252 5762 3461 5818; x_wconf 80' lang='lat' dir='ltr'><strong>Videsis</strong></span> <span class='ocrx_word' id='word_1_831' title='bbox 3500 5762 3675 5829; x_wconf 76' lang='lat' dir='ltr'><strong>pritlﬂ-</strong></span> 
     </span>
    </p>
   </div>
   <div class='ocr_carea' id='block_1_116' title="bbox 2140 5832 3671 5911">
    <p class='ocr_par' dir='ltr' id='par_1_116' title="bbox 2140 5832 3671 5911">
     <span class='ocr_line' id='line_1_116' title="bbox 2140 5832 3671 5911; baseline -0.009 -20"><span class='ocrx_word' id='word_1_832' title='bbox 2140 5837 2288 5911; x_wconf 87' lang='lat' dir='ltr'><strong>pium</strong></span> <span class='ocrx_word' id='word_1_833' title='bbox 2323 5836 2577 5910; x_wconf 80' lang='lat' dir='ltr'><strong>Epistula:</strong></span> <span class='ocrx_word' id='word_1_834' title='bbox 2608 5838 2907 5895; x_wconf 83' lang='lat' dir='ltr'><strong>Clementis</strong></span> <span class='ocrx_word' id='word_1_835' title='bbox 2930 5838 2994 5893; x_wconf 87' lang='lat' dir='ltr'><strong>ad</strong></span> <span class='ocrx_word' id='word_1_836' title='bbox 3025 5836 3313 5899; x_wconf 84' lang='lat' dir='ltr'><strong>Iacobum,</strong></span> <span class='ocrx_word' id='word_1_837' title='bbox 3339 5844 3389 5890; x_wconf 87' lang='lat' dir='ltr'><strong>et</strong></span> <span class='ocrx_word' id='word_1_838' title='bbox 3414 5832 3671 5903; x_wconf 73' lang='lat' dir='ltr'><strong>Epitouies.</strong></span> 
     </span>
    </p>
   </div>
  </div>
