3890 6192
301 334 444 396 1245

1501 340 2077 402 RECOGNITIONUM
2110 345 2237 402 LIB.
2282 346 2319 403 l.

3374 336 3557 416 ‘tats

292 470 425 512 esse
458 454 514 510 in
543 457 684 512 duos
708 455 845 527 (52),
876 455 961 511 vel
993 455 1138 513 sicut
1187 456 1340 527 impii
1386 456 1601 523 dicunt,
1627 458 1879 515 eumdem
1907 464 1957 522 Α
1988 469 2266 517 mortuum
2330 464 2694 531 credidisset,
2763 468 2910 523 ultra
2962 470 3232 529 mulctare
3298 476 3563 547 neglexit.

296 548 604 603 masculum
646 557 702 604 et
752 548 1008 603 feminam
1063 550 1148 604 sui
1190 549 1443 604 effectum
1479 550 1623 621 (55);
1656 551 1753 607 scd
1786 549 1880 605 Fi-

296 641 433 696 lium
490 640 584 697 Dei
625 642 967 713 unigenitum
1000 642 1255 703 dicimus.
1298 657 1406 696 non
1450 657 1518 696 ex
1558 642 1666 696 alio
1700 642 1879 708 initio,

294 733 394 790 sed
424 749 491 788 ex
528 734 650 804 ipso
689 733 1040 789 ineffabiliter
1072 741 1281 787 natum.
1319 731 1585 787 Similiter
1610 734 1778 787 etiam
1813 735 1882 789 de

294 823 586 881 Paracleto
614 826 852 882 dicimus
876 826 1010 897 (54).
1048 824 1152 881 Sed
1198 834 1252 881 et
1302 825 1369 881 dc
1396 826 1725 895 baptismate
1754 841 1879 881 cum

289 918 582 989 aliquanta
637 919 889 981 dixisset,
932 934 1029 989 per
1059 925 1266 987 septem
1294 918 1586 973 continuos
1616 918 1733 973 dies
1756 934 1881 987 per-

291 1008 474 1064 suasit
530 1011 680 1064 omni
740 1012 941 1081 populo
984 1020 1039 1066 et
1091 1009 1354 1080 pontifici,
1383 1016 1443 1063 ut
1486 1009 1775 1065 confestim
1809 1008 1878 1063 ad

288 1100 705 1170 percipiendum
738 1103 1071 1173 baptismum
1107 1102 1449 1158 feStinarent.

364 1191 529 1249 LXX.
567 1193 817 1265 Cumque
851 1195 905 1249 in
937 1211 1003 1250 eo
1034 1195 1146 1264 jam
1181 1211 1269 1250 res
1289 1203 1438 1251 esset
1466 1194 1601 1266 (55).
1635 1202 1695 1250 ut
1724 1196 1877 1251 veni-

286 1292 417 1337 rent
444 1292 500 1339 et
530 1285 965 1354 haptizarentur.
989 1285 1154 1339 homo
1183 1284 1407 1355 quidam
1437 1285 1719 1348 inimicus,
1743 1294 1877 1341 tunc

285 1390 416 1429 cum
450 1378 640 1445 paucis
663 1375 955 1431 admodum
985 1376 1299 1448 ingrediens
1326 1378 1611 1447 templum,
1638 1378 1877 1433 clamare

282 1464 460 1534 ccepit
487 1472 543 1519 et
574 1465 790 1521 dicere:
826 1466 968 1532 Quid
1014 1466 1214 1531 facitis,
1245 1482 1280 1521 o
1318 1467 1421 1521 viri
1450 1465 1745 1522 lsraelitae?
1773 1484 1875 1521 cur

285 1557 449 1611 vobis
484 1563 598 1611 tam
653 1556 813 1612 facile
866 1558 1211 1629 subripitur?
1244 1573 1345 1613 cur
1377 1559 1689 1630 praecipites
1719 1558 1874 1613 duci-

285 1650 427 1704 mini
486 1650 557 1704 ab
605 1650 923 1707 hominibus
973 1649 1398 1716 infelicissimis,
1430 1658 1486 1705 et
1530 1665 1560 1705 a
1602 1649 1872 1723 [Simone]

282 1739 448 1809 ﬂago
469 1741 748 1812 deceptis?
775 1741 1023 1813 Cumque
1049 1742 1165 1797 hinc
1191 1742 1398 1798 diceret
1427 1752 1483 1797 et
1510 1743 1578 1797 ad
1617 1742 1731 1797 haec
1778 1742 1876 1797 ad-

2057 549 2245 607 LXXI.
2283 552 2468 610 Nostri
2523 572 2655 610 vero
2693 557 2972 613 sublatum
3028 575 3153 615 eum
3191 564 3561 636 collegerunt;

1983 652 2143 698 erant
2179 647 2324 700 enim
2377 654 2433 703 et
2482 665 2713 705 numero
2747 652 2932 721 plures
2959 668 3121 723 quam
3149 654 3227 709 illi
3279 664 3333 710 et
3363 666 3566 713 Virtute

1982 736 2240 805 majores,
2274 738 2367 793 Sed
2402 749 2625 810 propter
2676 743 3041 797 reverentiam
3091 744 3189 799 Dei
3240 748 3341 816 ipsi
3392 751 3566 819 magis

1983 827 2222 881 interimi
2268 845 2330 884 se
2373 846 2404 884 a
2457 833 2834 901 paucioribus,
2865 850 3030 906 quam
3064 838 3379 895 interimere
3430 841 3565 897 alios

1981 919 2352 988 patiebantur.
2404 923 2541 979 Cum
2587 934 2769 982 autem
2820 944 3048 999 vespera
3092 930 3384 996 adfuisset,
3419 942 3561 991 tem-

1980 1010 2129 1079 plum
2186 1015 2405 1084 quidem
2442 1017 2763 1075 sacerdotes
2800 1021 3100 1090 claudunt;
3153 1040 3255 1080 nos
3316 1042 3448 1082 vero
3494 1029 3563 1083 ad

1980 1101 2202 1158 domum
2231 1104 2419 1161 Jacobi
2469 1110 2710 1179 regressi
2744 1121 2798 1166 et
2829 1121 3217 1182 pernoctantes
3242 1117 3317 1172 ibi
3353 1118 3409 1173 in
3439 1133 3561 1174 ora-

1981 1194 2309 1257 tione,.ante
2366 1199 2544 1253 lucem
2591 1201 2979 1260 descendimus
3013 1203 3272 1263 Hiericho
3301 1210 3370 1264 ad
3403 1212 3561 1282 quin-

1978 1300 2088 1353 que
2116 1286 2287 1339 millia
2319 1288 2443 1342 viri.
2480 1287 2615 1344 Post
2672 1290 2916 1346 triduum
2951 1304 3133 1349 autem
3176 1298 3327 1353 venit
3372 1302 3439 1354 ad
3468 1316 3564 1358 cos

1977 1391 2045 1430 ex
2102 1374 2368 1433 fratribus
2416 1380 2642 1449 quidam
2691 1398 2721 1436 a
2776 1382 3095 1451 Gamaliele,
3137 1388 3206 1445 de
3253 1406 3363 1460 quo
3396 1408 3562 1464 supra

1977 1470 2237 1536 diximus,
2290 1476 2538 1531 occultos
2585 1477 2748 1533 nobis
2797 1480 3025 1535 nuntios
3090 1478 3367 1547 deferens,
3415 1488 3562 1556 quod

1977 1562 2234 1619 inimicus
2262 1565 2353 1620 ille
2384 1565 2549 1620 homo
2578 1566 2901 1638 legationem
2938 1571 3273 1641 suscepisset
3292 1588 3321 1626 a
3352 1571 3562 1645 Caipha

1977 1654 2253 1723 pontifice,
2296 1665 2355 1710 ut
2389 1672 2581 1713 omnes
2631 1662 2724 1729 qui
2780 1660 3073 1715 crederent
3105 1662 3161 1717 in
3206 1662 3417 1726 Jesum.
3447 1682 3561 1736 per-

1978 1756 2305 1818 sequeretur
2376 1761 2431 1808 et
2507 1749 2835 1807 Damascum
2872 1766 3124 1826 pergeret
3156 1771 3280 1810 cum
3316 1756 3563 1828 epistolis

282 1833 446 1889 deret
491 1848 556 1889 ac
595 1841 954 1905 superaretur
1003 1836 1073 1891 ab
1099 1836 1361 1906 episcopo
1388 1834 1617 1900 Jacobo,
1650 1844 1873 1892 contur-
1906 1814 1948 1869 Β
1974 1814 2117 1909 ejus,
2150 1848 2210 1895 ut
2237 1842 2403 1897 etiam
2451 1844 2589 1899 inibi
2620 1846 2829 1901 auxilio
2861 1814 3002 1903 usus
3030 1814 3363 1910 inﬁdelium:
3387 1814 3562 1906 iideli;

284 1923 421 1979 bare
446 1926 706 1995 populum
735 1932 790 1982 et
823 1926 1123 1982 seditiones
1164 1927 1440 1983 suscitare
1461 1928 1654 1997 cmpit,
1691 1929 1772 1983 uti
1801 1943 1869 1983 ne

281 2029 352 2071 ea
377 2031 501 2085 qua
528 2016 859 2073 dicebantur
892 2019 1049 2089 plebs
1075 2026 1263 2089 posset
1294 2018 1505 2074 audire.
1541 2018 1711 2089 Igitur
1740 2036 1872 2075 exa-

278 2108 461 2179 gitare
516 2118 715 2165 cuncta
778 2113 1138 2177 clamoribus,
1172 2121 1226 2167 et
1262 2127 1385 2183 quae
1438 2110 1657 2167 fuerant
1697 2114 1870 2168 multa

280 2194 475 2255 labore
526 2202 778 2257 ordinata
835 2204 1165 2267 convellere,
1197 2203 1472 2274 simulque
1503 2204 1761 2260 incusare
1789 2220 1873 2259 sa-

276 2292 631 2357 cerdotes,et
655 2296 972 2367 opprobriis
1002 2305 1171 2367 atque
1197 2297 1671 2367 increpationibus
1700 2297 1870 2368 cmpit

281 2386 610 2450 accendere,
635 2394 690 2442 et
720 2389 869 2443 velut
895 2388 1226 2444 furibundus
1258 2388 1505 2461 singulos
1527 2404 1777 2460 quosque
1799 2388 1867 2444 ad

278 2476 491 2532 caedem
514 2479 813 2544 concitare,
855 2480 1048 2535 diceus
1082 2502 1095 2536 :
1130 2479 1275 2547 Quid
1297 2482 1499 2552 agitis?
1527 2481 1657 2552 quid
1690 2496 1871 2536 cessa-

279 2567 394 2623 tis?
419 2568 464 2624 Ο
492 2585 690 2641 segnes
729 2581 783 2627 et
826 2571 1071 2636 desides,
1105 2588 1207 2627 cur
1229 2588 1338 2627 non
1369 2574 1628 2630 manibus
1659 2574 1868 2628 nostris

279 2661 597 2717 invadimus
626 2671 681 2717 et
713 2663 1081 2735 discerpimus
1112 2681 1305 2721 omnes
1329 2666 1468 2720 hos?
1498 2665 1564 2719 Et
1596 2681 1721 2720 cum
1752 2666 1868 2722 haec

274 2755 539 2819 dixisset,
574 2754 788 2825 primus
833 2768 993 2828 rapto
1022 2745 1106 2813 'ex
1137 2772 1232 2812 ara
1266 2769 1413 2814 torre
1447 2759 1678 2815 robusto
1703 2758 1868 2814 cadis

277 2846 413 2901 fecit
436 2846 749 2902 exordium.
770 2847 910 2902 Tum
937 2849 1134 2905 deinde
1155 2858 1211 2905 et
1228 2852 1409 2906 caeteri
1439 2850 1688 2906 videntes
1717 2867 1864 2915 eum,

276 2938 450 2994 simili
500 2940 871 2997 eﬂerebantur
919 2944 1174 3012 insania;
1226 2945 1285 3000 fit
1333 2948 1579 3001 omnium
1633 2948 1864 3009 clamor,

274 3033 606 3089 caedentium
668 3038 876 3105 pariter
934 3046 988 3093 et
1051 3053 1360 3105 caesorum,
1427 3039 1651 3109 sanguis
1695 3038 1869 3107 pluri-

1974 1932 2078 1988 bus
2108 1932 2338 1989 inferret
2369 1935 2630 2004 exitium;
2662 1937 2872 1993 idcirco
2904 1948 3086 1995 autem
3130 1943 3403 2013 praecipue
3451 1942 3562 1998 Da-

1972 2039 2219 2079 mascum
2256 2024 2565 2095 festinaret,
2600 2029 2746 2098 quod
2779 2030 2910 2084 illuc
2942 2030 3261 2102 confugisse
3314 2034 3562 2089 crederet

1971 2112 2193 2169 Petrum
2218 2117 2281 2171 η.
2316 2114 2383 2171 Ει
2410 2125 2536 2187 post
2576 2118 2696 2175 dies
2749 2120 2863 2175 fere
2900 2122 3125 2192 triginta
3160 2123 3443 2195 digressus
3475 2136 3562 2183 est

1970 2223 2069 2277 per
2120 2206 2380 2264 Hiericho
2416 2209 2745 2267 Damascum
2807 2216 3064 2282 tendens,
3116 2230 3240 2271 cum
3277 2233 3375 2287 per
3415 2218 3558 2274 idem

1970 2300 2236 2370 temporis
2266 2304 2548 2372 progressi
2591 2320 2842 2360 essemus
2892 2323 2991 2362 nos
3037 2308 3105 2363 ad
3134 2312 3389 2380 sepulcra
3421 2311 3561 2368 duo-

1970 2406 2091 2445 rum
2124 2391 2357 2446 fratrum
2393 2394 2780 2463 quorumdam,
2807 2412 2929 2466 quae
2962 2406 3160 2469 sponte
3198 2415 3297 2455 sua
3332 2417 3430 2471 per
3458 2417 3560 2455 an-

1970 2499 2072 2539 nos
2089 2485 2337 2555 singulos
2369 2485 2769 2543 dealbabantur
2796 2488 2944 2558 (56);
2978 2505 3088 2560 quo
3115 2490 3383 2547 miraculo
3416 2493 3559 2547 mul-

1970 2586 2151 2632 torum
2178 2577 2467 2632 adversum
2496 2593 2596 2633 nos
2619 2594 2908 2649 repressus
2927 2589 3011 2635 est
3046 2582 3222 2649 furor,
3243 2585 3549 2640 videntium

1970 2669 2159 2724 haberi
2186 2677 2407 2724 nostros
2442 2670 2498 2723 in
2527 2672 2793 2726 memoria
2826 2672 2970 2742 apud
3007 2672 3200 2731 Deum.

2041 2760 2249 2816 LXXII.
2293 2760 2497 2817 Positis
2532 2762 2716 2834 itaque
2748 2766 2907 2820 nobis
2949 2766 3003 2819 in
3037 2766 3319 2833 Hiericho,
3367 2768 3555 2841 ibique

1969 2855 2313 2909 orationibus
2360 2863 2416 2909 et
2443 2855 2672 2925 jejuniis
2726 2871 2949 2926 operam
3000 2859 3284 2924 dantibus,
3314 2859 3555 2916 Jacobus

1969 2948 2263 3017 episcopus
2296 2949 2624 3002 accersitum
2666 2963 2753 3002 me
2779 2949 2911 3003 inde
2939 2948 3047 3005 huc
3090 2948 3395 3007 Caesaream
3427 2952 3559 3007 mit-

1968 3038 2056 3101 tit,
2092 3039 2284 3093 dicens
2316 3039 2484 3109 :quia
2519 3038 2817 3095 Zacchaeus
2850 3041 2919 3095 de
2969 3040 3221 3098 Caesarea
3267 3042 3554 3114 scripserit

274 3139 405 3179 mus
463 3124 731 3189 funditur.
790 3127 915 3199 fuga
958 3132 1221 3200 permista
1269 3131 1526 3194 habetur,
1551 3146 1677 3184 cum
1723 3131 1866 3185 inte—
1894 3150 1937 3207 ο
1969 3130 2101 3193 sibi,
2137 3129 2414 3184 Simonem
2456 3129 2747 3199 quemdam
2784 3131 3121 3187 Samaraaum
3177 3150 3395 3205 magum
3430 3136 3555 3204 plu-

274 3214 385 3269 rim
428 3216 519 3271 ille
567 3218 824 3302 inimicus
876 3220 1038 3275 homo
1081 3220 1346 3277 Iacobum
1404 3237 1732 3294 aggressus,
1791 3222 1859 3278 de

274 3307 513 3372 suminis
567 3308 828 3379 gradibus
887 3314 1221 3385 pracipitem
1276 3313 1447 3379 dedit,
1504 3328 1666 3386 quem
1727 3329 1852 3371 cum

420 3470 462 3501 “
501 3471 624 3526 Act.
656 3488 794 3538 xxn,
825 3473 880 3528 5.

1965 3221 2137 3276 rimos
2169 3228 2487 3276 nostrorum
2538 3221 2881 3285 subvertere,
2917 3230 3253 3279 asserentem
3313 3238 3374 3279 se
3428 3240 3553 3281 esse

1964 3311 2256 3387 quemdam
2282 3310 2530 3367 Stantem
2564 3312 2700 3386 (57),
2726 3312 2828 3368 hoc
2854 3322 2939 3370 est
2977 3316 3090 3370 alio
3117 3315 3363 3382 nomine,
3386 3314 3537 3374 Chri-

1550 3606 1920 3664 COTELERII
1962 3607 2175 3664 NOTAE
2188 3651 2199 3663 .

348 3786 460 3858 (52)
501 3787 609 3841 Aut
639 3804 803 3841 unum
838 3787 1065 3843 divisum
1096 3806 1209 3844 esse
1254 3791 1309 3845 in
1355 3790 1511 3846 duas.
1560 3789 1856 3858 Gregorius

262 3858 652 3929 Nazianzenus
686 3867 828 3913 orat.
865 3860 957 3921 25,
989 3877 1044 3929 p.
1074 3861 1172 3915 441
1210 3881 1222 3915 :
1254 3860 1542 3926 Φεύξονται
1570 3858 1858 3915 Οὐαλεντίη

264 3948 363 4012 you
387 3930 503 4012 “silv
532 3928 626 4012 τρῦ
660 3929 776 4012 in);
808 3932 888 3993 εἰς
918 3928 1010 4012 ddo
1040 3934 1374 4012 καταψμὴν,
1412 3933 1512 3985 οὐκ
1557 3931 1716 4012 mox:
1759 3932 1853 3985 τοῦ

263 3999 479 4070 ἀγαθοῦ
524 4001 616 4053 τὸν
662 3999 992 4072 δημιουργὸν
1041 3999 1386 4072 crta-redducat;
1419 4020 1432 4032 °
1466 4018 1627 4072 quem
1672 4002 1850 4056 locum

344 4072 589 4125 rturbate
617 4072 990 4136 excuderunt;
1038 4071 1193 4125 ἄλλον
1223 4071 1619 4129 correctionem
1665 4083 1715 4127 et
1754 4072 1850 4126 ἀλ-

302 4159 364 4208 ou
395 4142 585 4196 vitium
620 4142 924 4208 scriptura},
952 4143 1115 4195 simul
1149 4143 1204 4197 in
1235 4150 1443 4197 textum
1475 4142 1845 4198 admittentes.

344 4212 459 4283 (55)
506 4210 596 4265 Vel
625 4212 761 4283 sicut
809 4213 957 4279 impii
996 4211 1199 4276 dicunt,
1245 4222 1353 4272 etc.
1395 4214 1670 4267 Adversus
1711 4212 1855 4267 Gno-

263 4282 681 4354 sticaahazresis
714 4292 1128 4347 consectaneos,
1161 4285 1260 4338 hac
1282 4284 1446 4339 etiam
1482 4286 1535 4337 in
1565 4294 1718 4354 parte
1755 4300 1848 4339 se~

262 4368 474 4425 quaces
494 4353 960 4479 gliilosophorum
990 4355 1405 4424 fabularumque
1435 4356 1797 4409 ethnicarum.

341 4424 455 4479 (54)
537 4423 754 4477 imiliter
779 4425 941 4476 etiam
971 4423 1034 4477 de
1064 4423 1345 4478 Paracleta
1377 4424 1622 4477 dicimus.
1660 4424 1714 4477 Si
1744 4422 1797 4476 P:

341 4424 455 4494 (54)
494 4422 754 4479 Similiter
779 4425 941 4476 etiam
971 4423 1034 4477 de
1064 4422 1345 4478 Paracleta
1377 4424 1622 4477 dicimus.
1660 4424 1714 4477 Si
1744 4422 1848 4478 Pa-

1960 3806 2264 3865 annorum:
2308 3800 2368 3845 ut
2410 3806 2483 3865 ex
2527 3790 2937 3865 comparatione
2980 3790 3333 3865 intelligatur,
3359 3796 3544 3865 opinio

1958 3864 2155 3925 nostri,
2200 3877 2322 3933 quae
2344 3862 2515 3933 etiam
2542 3861 2780 3933 aliorum
2810 3861 3175 3933 quorumdam
3198 3861 3431 3929 exstitit,
3476 3871 3545 3925 de

1956 3931 2318 3988 conversione
2344 3931 2498 3987 Pauli
2527 3932 2665 3986 facta
2691 3945 2812 4001 post
2843 3948 3044 3986 annum
3069 3950 3099 3987 a
3128 3931 3337 3990 Christi
3366 3950 3543 3995 morte

1955 4004 2269 4072 septimum.

2029 4074 2139 4141 (56)
2183 4072 2599 4127 Dealbabantur.
2654 4071 2845 4126 Matth.
2905 4089 3063 4137 xxm,
3124 4074 3195 4127 27
3244 4094 3256 4129 :
3325 4075 3541 4135 Similes

1955 4145 2085 4212 estis
2114 4146 2367 4210 sepulcris
2391 4143 2672 4198 dealbatis.
2697 4142 2928 4212 Optatus
2952 4144 3297 4199 Milevitanus
3318 4148 3407 4203 lib.
3437 4165 3495 4203 tu
3522 4169 3538 4207 :

1958 4211 2025 4265 In
2056 4215 2167 4267 loco
2192 4214 2469 4267 Octavensi
2499 4214 2657 4267 occisi
2684 4211 2804 4266 sunt
2826 4215 3063 4281 plurimi,
3091 4214 3389 4270 detruncati
3414 4231 3540 4275 sunt

1956 4284 2140 4347 multi,
2172 4301 2390 4354 quorum
2413 4300 2631 4352 corpora
2652 4300 2811 4352 usque
2834 4286 2885 4335 in
2914 4283 3242 4349 hodiernum,
3271 4302 3362 4354 per
3388 4287 3538 4343 deal-

1956 4354 2109 4407 batas
2141 4372 2264 4407 aras
2297 4365 2387 4407 aut
2421 4371 2628 4408 mensas
2658 4364 2899 4423 poterunt
2930 4358 3219 4410 numerari.
3522 4392 3525 4395 -

2039 4424 2149 4495 (5?)
2196 4423 2264 4478 Se
2309 4442 2420 4479 esse
2465 4427 2741 4494 quemdam
2786 4423 3045 4479 Stantem.
3081 4424 3199 4477 Lib.
3245 4440 3304 4489 ll,
3329 4440 3450 4495 cap.
3474 4424 3533 4490 7,

260 4493 535 4567 raCIetum
566 4496 903 4567 n_atum_v_ult
934 4494 1136 4567 dicere,
1162 4494 1440 4567 ἀρχαϊκῶς
1469 4503 1522 4548 et
1555 4495 1849 4567 improprie
1881 4512 1925 4567 ι)
1963 4494 2023 4567 μ
2051 4511 2065 4559 ;
2101 4493 2312 4567 lib._m,
2342 4511 2460 4564 cap.
2478 4493 2558 4567 l7
2580 4495 2876 4567 ;‘7Clen:ent.
2914 4498 3063 4567 hom.
3083 4495 3137 4559 2,
3165 4510 3282 4563 cap.
3308 4493 3409 4559 22,7
3431 4496 3529 4567 24;

260 4565 531 4635 lolluitui'.
576 4563 708 4617 Tum
736 4563 1150 4635 deinde/tonare
1178 4563 1532 4635 dedignitate
1579 4564 1734 4617 Patri
1785 4582 1848 4635 ac

262 4634 414 4689 Filio
455 4634 712 4689 sociatum
767 4634 1099 4688 tradiderunt
1162 4634 1419 4704 Spiritum
1473 4644 1733 4690 sanctum.
1780 4634 1846 4688 In

260 4707 364 4760 hac
395 4723 497 4759 non
520 4704 638 4773 jam
672 4706 948 4773 manifeste
973 4706 1311 4769 discernitur,
1360 4715 1540 4758 utrum
1573 4714 1729 4757 natus
1774 4707 1845 4759 sit

261 4795 339 4839 an
368 4778 606 4830 innatus.
639 4774 816 4833 Verba
848 4785 976 4837 sunt
998 4776 1269 4845 Origenis,
1304 4777 1358 4829 in
1386 4776 1651 4845 prooemio
1679 4776 1844 4845 libro-

261 4864 389 4902 rum
421 4846 497 4917 De
534 4846 828 4917 principiis.
869 4844 1162 4917 Dionysius
1199 4844 1502 4917 Dediainis
1546 4844 1843 4917 nominibus

260 4934 387 4986 cap.
420 4916 454 4970 ἓ
480 4936 493 4971 :
525 4912 713 4988 Htﬂtv,
739 4917 833 4988 γὸτιᾼ
858 4916 954 4988 μὲν
983 4912 1095 4988 eam
1127 4915 1333 4988 πηγαία
1359 4915 1548 4988 θερτης
1632 4916 1841 4988 Πατὴρ,

258 4990 293 5041 ὁ
317 4985 395 5058 se
420 4985 628 5058 Ἰησοῦς
665 4987 759 5040 καὶ
789 4985 1102 5058 τδίΠνεῦμα
1132 4985 1231 5058 τῆς
1277 4985 1524 5058 θεογόνορ
1570 4985 1839 5058 Bedente;

257 5060 314 5129 ei
341 5054 493 5111 οὕτω
513 5057 618 5129 χρὴ
660 5058 845 5129 φάγαμ
899 5054 1116 5126 smmi
1162 5054 1427 5126 θέύφυτοι.
1477 5054 1572 5129 Sic
1614 5054 1845 5129 Nonnus

261 5125 685 5203 l’_araphra_si'in
703 5125 973 5203 joannem
1015 5143 1135 5197 cap.
1170 5143 1283 5203 xiv,
1331 5142 1472 5182 vers.
1506 5126 1614 5189 ὅδε
1656 5125 1842 5203 napa—

257 5196 483 5269 κλητόν,
518 5197 738 5268 Χριστῷ
782 5196 1043 5269 σύγγονον
1087 5198 1361 5269 appellat,
1390 5205 1444 5251 et
1481 5196 1839 5269 quemadmo-

255 5266 391 5321 dum
418 5284 541 5338 cap.
575 5266 635 5330 il,
667 5266 813 5322 vers.
838 5268 927 5329 64,
958 5266 1276 5338 scripserat,
1308 5268 1579 5338 αὑτογὸνῳ
1613 5267 1738 5330 ὑὶἑῖ,
1764 5266 1839 5338 ita

254 5354 383 5408 cap-
417 5336 501 5400 tu,
540 5354 677 5408 vers.
710 5339 799 5399 55,
830 5339 998 5397 canit,
1031 5336 1343 5408 Πνεὺματθς
1386 5337 1713 5408 ᾳὺτογόνοῳ.
1753 5337 1837 5408 fin

258 5406 523 5463 Liethodii
555 5407 843 5480 Symposio
890 5416 1033 5462 orat.
1085 5406 1190 5475 l0,
1223 5409 1326 5463 sub
1372 5406 1556 5471 linem,
1611 5406 1710 5469 τὰς
1745 5406 1839 5459 δύο

251 5480 583 5561 ἀρχ-εχόνρὶυς
602 5479 882 5561 δυνάμεις.

302 5546 442 5617 (55)
482 5549 715 5619 Cumque
743 5546 797 5603 in
836 5565 894 5602 eo
932 5547 1051 5619 jam
1099 5554 1183 5603 res
1238 5556 1392 5603 esset.
1444 5546 1833 5619 Ms.ﬂCarmel.

248 5630 389 5685 esset
412 5618 648 5688 Saulus;
674 5620 766 5674 ubi
808 5618 1006 5673 Saulus
1044 5627 1171 5673 nota
1207 5630 1289 5673 est
1312 5618 1648 5687 marginalis,
1682 5633 1835 5688 sume

250 5696 348 5761 pta
376 5698 472 5745 aut
499 5706 530 5745 e
551 5707 611 5745 re
632 5690 773 5760 ipsa,
806 5700 900 5743 aut
922 5705 989 5743 ex
1026 5690 1197 5744 Abdia
1234 5688 1560 5761 supposuio.
1584 5687 1835 5761 Conferri

251 5757 438 5815 autem
494 5757 669 5817 debet
698 5771 846 5815 totus
898 5760 1053 5815 locus
1102 5774 1228 5814 cum
1260 5757 1347 5814 his
1377 5758 1559 5816 verbis
1593 5773 1715 5826 cap.
1741 5757 1845 5813 45:

251 5832 562 5906 Septimium
592 5832 701 5899 iam
727 5848 831 5888 una
861 5846 926 5887 ex
958 5831 1202 5901 passione
1231 5828 1445 5888 Domini
1477 5827 1834 5898 complebatur
1877 5894 1887 5907 ⁸

1963 4565 2112 4634 hom.
2173 4564 2257 4626 l8,
2309 4581 2431 4634 cap.
2482 4565 2535 4626 6,
2587 4565 2636 4630 7,
2688 4566 2772 4622 12.
2824 4566 2923 4629 ll;
2968 4564 3222 4634 Epitonn.
3254 4582 3402 4621 num.
3438 4566 3528 4621 25.

1960 4632 2281 4705 lntelligitur
2310 4632 2435 4690 hinc
2467 4651 2635 4703 quare
2680 4635 2966 4689 Dositheus
3011 4632 3064 4688 et
3096 4635 3283 4688 Sithon
3326 4638 3534 4691 Stantis

1960 4719 2156 4759 nomen
2199 4705 2301 4758 sibi
2356 4715 2717 4760 assumerent.
2763 4705 2834 4757 De
2888 4706 3064 4773 primo
3100 4705 3358 4773 Origenes
3395 4717 3530 4762 tam.

1961 4789 2052 4847 xiv
2084 4776 2139 4827 in
2168 4773 2429 4847 Joannem
2468 4792 2589 4847 pag.
2629 4775 2900 4847 ll‘9,_120
2928 4792 2940 4829 :
2981 4774 3181 4847 Dii-ciae
3204 4776 3310 4847 ἀιπρ
3342 4778 3531 4847 Saua-

1951 4844 2086 4914 ρὲων
2114 4842 2360 4907 docilis-:6;
2390 4838 2481 4905 τις’
2502 4838 2740 4914 etiam;
2768 4840 3010 4914 ἔφασξεκζ
3037 4842 3225 4914 ἑαυτὸν
3245 4838 3395 4914 *εἶναι
3424 4838 3529 4900 ’τὸν

1946 4905 2672 4993 ἇῖρᾳεφηίτευμέύονᾷριστὸν
2703 4929 2735 4993 ’⁸
2762 4905 2955 4993 ὲὶξξςῃοῦ
2991 4910 3154 4993 δεῦρο.
3188 4912 3348 4993 μέχρι
3391 4915 3528 4993 εἰσὶγ

1943 4981 2003 5036 οῖ’
2022 4981 2336 5048 Δοέςίθεινὸὶ,
2368 4981 2621 5054 (pi-Sponte;
2653 4982 2746 5054 atati
2781 4981 2996 5054 βίϐλους
3019 4981 3113 5035 τοῦ
3131 4981 3404 5048 Δόσιῖἱέου,
3429 4988 3527 5039 καὶ

1946 5054 2161 5138 μιξθουςλ
2182 5056 2334 5138 stud;
2364 5052 2681 5138 ﬁaﬁ‘ap‘TOG
2700 5053 3078 5138 ῥιῃχούμενοι,
3112 5054 3191 5138 ὡς
3220 5057 3293 5127 μὴ
3325 5073 3525 5138 γευὶα-

1946 5122 2388 5205 ξένῳιθανᾴτριζ,
2426 5122 2546 5177 ἀλλ’
2575 5124 2631 5204 ὲγ
2658 5122 2734 5205 ςτῴ
2892 5122 2993 5176 που
3026 5122 3400 5205 ςυγχάὺοῆτρς.
3437 5125 3530 5205 Sic

1942 5176 2223 5249 ‘Dasitheus
2244 5176 2461 5265 quidam
2491 5194 2691 5247 exstitit
2707 5176 2784 5245 lci:
2808 5176 3204 5265 Samaritanis,
3252 5197 3340 5263 qui
3363 5176 3423 5249 se
3445 5198 3496 5265 ip
3516 5226 3529 5235 -

1940 5282 2057 5318 sum
2099 5265 2289 5319 diceret
2350 5264 2618 5321 Christum
2663 5264 3030 5335 prophetatum
3076 5278 3094 5316 :
3148 5283 3179 5317 a
3220 5281 3321 5333 qua
3362 5264 3528 5335 usque

1942 5352 2078 5388 nunc
2104 5335 2399 5390 Dasitlieini
2429 5345 2572 5399 sunt,
2599 5335 2760 5389 libras
2795 5334 3025 5388 Dosithei
3063 5334 3519 5405 circumferentes,

1939 5415 1989 5459 et
2025 5406 2235 5473 fabulas
2268 5405 2528 5477 quasdam
2561 5414 2869 5477 enarrantes
2915 5405 2980 5477 de
3006 5406 3336 5477 eo,‘perinde
3364 5408 3521 5477 quasi

1941 5485 2162 5546 mortem
2190 5474 2293 5530 non
2321 5476 2637 5546 degustarit,
2664 5475 2757 5546 sed
2786 5475 3064 5546 alicubiiu
3086 5474 3184 5528 hac
3208 5477 3313 5529 vita
3342 5475 3518 5545 degat.

1939 5545 2016 5601 De
2045 5547 2216 5601 altero
2245 5544 2496 5601 Clem—eus
2523 5544 2923 5599 Alexandrinus
2963 5544 3109 5597 Varii
3132 5548 3302 5613 operis
3334 5544 3427 5599 lib.
3454 5561 3519 5608 Ii,

1942 5633 1993 5685 p.
2024 5617 2129 5671 585
2170 5636 2182 5671 :
2222 5619 2283 5671 Οἱ
2313 5617 2369 5670 δὲ
2403 5618 2545 5687 ἀμφὶ
2576 5616 2665 5668 τὸν
2696 5616 2932 5687 Σίμῳνᾳᾼ,
2963 5614 3040 5685 τῷ
3080 5615 3324 5678 Ἐστῶτι,
3350 5615 3409 5667 ὃν
3433 5616 3525 5670 σέο

1938 5684 2144 5749 ϐουσιν,
2178 5684 2554 5758 ὲξομοιοῦᾼάθὰι
2582 5684 2780 5758 τρόπον
2815 5684 3106 5758 βφύλονταμ
3156 5687 3519 5758 δὶιιιοηὲδνᾳιιτ

1939 5768 2041 5811 tem
2067 5755 2371 5824 sectatores,
2405 5756 2581 5812 Stanti
2605 5755 2754 5827 quem
2784 5756 2995 5827 colunt,
3018 5756 3196 5810 volunt
3221 5755 3519 5811 assimilari

1940 5828 2201 5887 moribus.
2229 5826 2335 5897 Qui
2379 5826 2667 5888 Stromatci
2708 5828 2861 5884 locus
2895 5826 3269 5885 dillicultatem
3304 5827 3518 5898 peperit
