3890 6192
413 285 551 342 12ιῖ

1270 289 1325 346 ὃ.
1363 290 1758 351 CLEMENTIS
1789 295 1810 351 ι
1842 294 2008 353 ΠΟΜ.
2046 296 2245 356 ΡΟΝΤ.
2280 300 2508 358 OPERA
2541 303 2765 360 DUBIA.

3519 310 3655 366 1248

409 414 579 469 stum,
611 412 666 460 et
722 405 977 463 virtutem
1036 424 1305 464 summam
1333 410 1535 465 excelsi
1572 409 1667 467 Dei
1713 412 1851 483 (5R),
1884 414 1979 484 qui
2009 422 2053 477 Α
2084 431 2150 470 eo
2192 419 2603 490 baptizarentur
2641 423 2696 477 in
2733 422 2951 476 nomine
2993 419 3144 483 Iesu,
3176 421 3441 479 inimicus
3490 423 3657 478 homo

411 502 481 554 sit
516 513 679 568 supra
738 498 1079 555 conditorem
1126 501 1339 566 mundi,
1375 502 1647 571 simulque
1702 505 1980 560 mirabilia

409 592 644 661 plurima
674 591 971 647 ostendens
1006 592 1147 648 alios
1202 593 1475 655 dubitare,
1513 596 1650 651 alios
1708 597 1983 652 declinare

409 684 600 738 fecerit
644 682 711 736 ad
768 700 859 749 se;
920 693 1231 755 cunctaque
1279 686 1568 755 diligenter
1602 696 1880 757 comperta
1911 688 1982 743 ab

405 775 514 837 his,
550 775 643 843 qui
678 774 833 844 prius
861 775 943 830 vel
979 776 1114 829 socii
1147 776 1290 844 ejus,
1329 777 1414 829 vel
1452 778 1707 848 discipuli
1740 778 1977 842 fuerant,

404 872 457 917 et
493 872 616 933 post
644 864 746 917 hoc
780 864 844 918 ad
881 863 1198 918 Zacchaaum
1229 867 1479 921 conversi
1514 876 1664 931 sunt,
1699 870 1975 925 indicavit.

406 954 556 1008 Multi
602 964 730 1010 sunt
782 971 931 1026 ergo,
965 957 1143 1026 inquit
1170 954 1431 1020 Iacobus,
1466 974 1499 1012 ο
1529 958 1710 1020 Petre.
1743 978 1977 1030 quorum

404 1046 597 1099 salutis
633 1060 798 1100 causa
850 1046 1118 1116 proﬁcisci
1163 1055 1216 1100 te
1243 1057 1480 1117 oportet,
1515 1059 1568 1105 et
1597 1066 1829 1121 arguere
1863 1069 1979 1107 ma-

402 1151 551 1207 gum,
584 1151 646 1189 ac
676 1152 984 1190 sermonem
1017 1137 1263 1193 veritatis
1296 1139 1530 1208 docere;
1557 1142 1651 1197 sed
1686 1144 1822 1196 nihil
1856 1160 1973 1199 mo-

402 1228 562 1293 reris,
590 1243 765 1297 ueqne
797 1235 849 1282 te
878 1228 1169 1282 contristet
1215 1230 1359 1298 quod
1400 1231 1552 1286 solus
1584 1233 1972 1301 proﬁcisceris,

401 1321 582 1375 sciens
613 1322 864 1376 comitem
898 1322 995 1375 tibi
1028 1329 1078 1376 et
1109 1323 1413 1391 adjutorem
1446 1325 1613 1380 Deum
1648 1342 1743 1397 per
1764 1326 1973 1393 Iesum,

398 1418 455 1466 ct
485 1411 593 1466 cito
624 1428 720 1481 per
751 1412 872 1481 ejus
904 1414 1130 1484 gratiam
1166 1416 1367 1470 multos
1401 1417 1499 1471 tibi
1535 1420 1719 1475 socios
1746 1428 1801 1473 et
1832 1436 1970 1475 una-

401 1504 576 1558 nimes
610 1505 744 1559 fore.
780 1504 916 1560 Dato
949 1522 1081 1563 sane
1110 1523 1356 1577 operam,
1384 1518 1442 1563 ut
1476 1526 1572 1580 per
1606 1513 1851 1582 singulos
1876 1529 1973 1568 an-

397 1610 500 1650 nos
557 1598 830 1667 prazcipua
880 1615 1108 1669 quaeque
1169 1615 1236 1654 ex
1292 1600 1456 1657 dictis
1514 1604 1792 1674 gestisque
1860 1607 1971 1662 tuis

397 1689 603 1758 scripta
661 1691 846 1747 mittas
889 1690 957 1744 ad
1005 1707 1111 1758 me,
1151 1701 1205 1745 et
1246 1694 1479 1748 maxime
1511 1711 1606 1764 per
1633 1698 1969 1767 septimanos

396 1793 691 1831 annorum.
724 1778 787 1832 Et
813 1780 900 1834 his
931 1780 1093 1836 dictis
1117 1782 1381 1839 dimissus
1403 1784 1471 1838 ab
1515 1763 1603 1852 eo,
1648 1763 1743 1841 sex
1776 1787 1969 1845 diebus
2002 1763 2043 1818 Β

393 1872 616 1941 perveni
646 1872 972 1927 Caesaream.

468 1961 695 2018 LXXIII.
740 1962 1070 2035 lngredienti
1132 1979 1313 2023 autem
1381 1970 1510 2024 mihi
1559 1980 1802 2027 occurrit
1833 1973 1971 2029 Zac-

392 2054 577 2110 chaeus
598 2057 988 2114 dilectissimus
1022 2059 1189 2115 frater
1212 2073 1423 2127 noster,
1460 2072 1514 2118 et
1548 2064 1824 2122 inhaerens
1853 2081 1970 2121 am-

394 2150 644 2219 plexibus
680 2152 815 2207 meis
835 2153 1090 2221 perduxit
1120 2154 1186 2209 ad
1223 2156 1325 2211 hoc
1356 2157 1409 2210 in
1433 2174 1545 2227 quo
1581 2159 1697 2227 ipse
1726 2176 1970 2217 comma-

394 2240 558 2293 nebat
588 2240 914 2311 hospitium,
940 2244 1228 2314 requirens
1259 2262 1289 2299 a
1324 2261 1409 2302 me
1452 2249 1519 2303 de
1572 2249 1805 2320 singulis
1851 2253 1969 2322 qui-

390 2332 605 2402 bnsque
655 2334 938 2397 fratribus,
986 2338 1261 2407 praecipue
1314 2347 1495 2393 tamen
1546 2341 1614 2395 de
1661 2342 1968 2398 honorabili

391 2424 561 2481 fratre
592 2435 783 2482 nostro
813 2427 1038 2482 Iacobo.
1075 2429 1328 2499 Cumque
1354 2432 1601 2487 audisset
1628 2448 1657 2486 a
1691 2450 1799 2496 me,
1821 2436 1967 2505 quod

391 2532 503 2570 una
538 2516 715 2569 adhuc
746 2516 1082 2571 claudiearet
1139 2518 1295 2587 pede,
1332 2520 1673 2587 percontanti
1705 2524 1967 2577 continuo

388 2623 633 2673 causam,
659 2610 842 2663 omnia
877 2608 993 2663 haec
1037 2624 1159 2678 quae
1191 2625 1337 2664 nunc
1371 2610 1468 2665 tibi
1504 2614 1882 2681 exposuimus,
1914 2612 1963 2670 ei

387 2700 671 2760 enarravi;
726 2700 1002 2769 quomodo
1034 2700 1078 2731 "
1108 2702 1319 2756 evocati
1365 2716 1613 2759 essemus
1646 2721 1677 2757 a
1707 2706 1966 2762 sacerdo-

387 2792 535 2847 tibus
561 2799 614 2847 et
648 2791 906 2862 pontiﬁce
948 2792 1157 2863 Caipha
1190 2794 1259 2847 ad
1306 2795 1592 2865 templum,
1623 2804 1678 2852 et
1724 2797 1965 2857 Iacobus

387 2886 838 2955 archiepiscopus
871 2893 1025 2941 stans
1055 2886 1110 2941 in
1166 2890 1397 2945 summis
1430 2891 1712 2961 gradibus,
1745 2909 1842 2963 per
1876 2910 1964 2950 se-

388 2984 532 3045 ptem
566 2976 860 3031 contiuuos
892 2976 1009 3031 dies
1036 2977 1296 3033 universo
1328 2980 1530 3050 popqu
1558 2981 1625 3035 de
1657 2980 1961 3052 Scripturis

2083 508 2323 564 effecerit
2354 513 2444 566 illa
2475 515 2679 577 omnia,
2706 530 2827 585 qua
2877 531 3041 587 supra
3068 514 3330 581 diximus,
3365 526 3430 570 ut
3459 532 3533 571 ne
3565 531 3657 570 ea-

2083 602 2205 657 dem
2240 604 2435 658 iterum
2459 606 2728 661 dicamus.

2150 694 2386 750 LXXIV.
2415 698 2623 763 Quibus
2656 700 2891 770 cognitis
2920 698 3213 755 Zaechzus
3267 716 3470 755 rursus
3519 701 3657 755 mihi

2080 803 2201 857 qua:
2230 804 2259 843 a
2300 788 2523 845 Simone
2566 798 2854 859 agerentur
2905 792 3164 860 exponit;
3210 799 3266 846 et
3318 793 3468 847 inter
3513 793 3655 855 haec,

2080 879 2269 933 nescio
2297 877 2442 933 unde
2463 880 2682 948 cognito
2708 879 2939 933 adventu
2969 895 3119 944 meo,
3169 884 3286 951 ipse
3314 883 3549 936 mandat
3589 885 3660 938 ad

2079 986 2166 1026 me
2196 970 2384 1026 Simon
2412 986 2425 1023 :
2455 971 2744 1035 Audiente,
2777 972 2972 1040 inquit,
3021 974 3219 1043 populo
3263 974 3352 1028 die
3402 976 3659 1029 crastina

2077 1062 2441 1133 disputemus.
2492 1062 2593 1117 Cui
2649 1080 2792 1134 ego:
2827 1063 2970 1129 Fiat,
3013 1066 3253 1135 inquam,
3292 1070 3351 1119 ut
3397 1066 3559 1121 libet.
3592 1066 3661 1119 Et

2079 1152 2194 1208 haec
2225 1154 2549 1221 pollicitatio
2573 1168 2691 1208 mea
2739 1156 3005 1209 universa:
3049 1155 3284 1209 innotuit
3316 1156 3559 1220 civitati,
3584 1157 3659 1209 ita

2076 1251 2138 1298 ut
2166 1246 2330 1299 etiam
2353 1252 2411 1297 tu
2443 1244 2536 1313 qui
2571 1245 2687 1313 ipsa
2718 1245 2805 1299 die
2826 1246 3145 1307 adveneras,
3171 1247 3419 1301 disceres
3450 1262 3543 1301 me
3567 1246 3658 1301 die

2076 1344 2296 1406 postera
2321 1350 2446 1389 cum
2484 1335 2707 1391 Simone
2746 1336 3059 1391 habiturum
3102 1353 3221 1392 esse
3259 1345 3567 1399 certamen,
3601 1348 3657 1392 et

2078 1428 2340 1496 requisita
2370 1428 2655 1482 mansione
2688 1436 2875 1484 nostra
2906 1428 3204 1484 secundum
3229 1429 3437 1483 indicia
3466 1445 3597 1498 qua:
3624 1446 3655 1483 a

2074 1518 2324 1573 Barnaba
2363 1534 2678 1590 acceperas,
2728 1521 2945 1575 venires
2970 1522 3036 1575 ad
3065 1536 3185 1575 nos.
3240 1520 3351 1590 Ego
3404 1538 3539 1575 vero
3568 1523 3651 1574 in-

2072 1625 2264 1679 gressu
2294 1618 2390 1664 tuo
2419 1612 2492 1664 ita
2519 1612 2825 1680 gratulatus
2856 1628 2976 1667 sum
3001 1651 3017 1677 ,
3051 1622 3108 1665 ut
3130 1615 3317 1668 nescio
3345 1614 3495 1668 unde
3527 1630 3653 1668 mo-

2075 1709 2183 1764 tus,
2218 1700 2560 1758 festinaverit
2586 1703 2806 1758 animus
2835 1718 2989 1758 meus
3019 1719 3292 1773 exponere
3312 1704 3411 1758 tibi
3444 1713 3649 1757 cuneta

2072 1794 2354 1858 velociter,
2394 1794 2665 1864 praecipue
2695 1802 2877 1849 tamen
2913 1795 3057 1864 quod
3089 1804 3172 1850 est
3197 1796 3251 1849 in
3305 1795 3413 1850 ﬁde
3467 1797 3651 1849 maxi-

2070 1900 2219 1938 mum
2247 1885 2315 1939 de
2338 1900 2467 1939 vero
2494 1886 2782 1955 propheta,
2822 1886 2969 1955 quod
3006 1902 3177 1940 unum
3225 1902 3290 1940 ac
3322 1887 3497 1942 totius
3546 1887 3650 1941 do-

2070 1977 2262 2031 ctrinae
2293 1976 2707 2031 fundamentum
2737 1977 2983 2033 sufﬁcere
3034 1993 3197 2047 posse
3228 1994 3336 2032 non
3391 1979 3649 2049 ambigo;

2069 2075 2185 2121 tum
2213 2068 2376 2124 etiam
2402 2069 2447 2099 “
2469 2071 2686 2139 scriptae
2712 2070 2845 2140 legis
2874 2086 2969 2139 per
2993 2069 3205 2140 singula
3226 2086 3459 2140 quaeque
3488 2071 3648 2140 capi-

2067 2158 2181 2212 tula
2219 2174 2453 2227 quorum
2478 2159 2619 2215 ratio
2666 2161 2944 2230 poscebat,
2969 2162 3319 2215 secretiorem
3351 2162 3450 2214 tibi
3478 2161 3648 2215 inteL

2068 2248 2347 2318 ligentiam
2375 2250 2629 2319 patefeci,
2667 2265 2776 2303 non
2807 2250 3135 2305 occultansa
3168 2258 3222 2303 te
3252 2265 3353 2304 nec
3382 2250 3648 2305 traditio-

2067 2356 2198 2394 num
2226 2341 2391 2397 bona.
2423 2341 2555 2407 Quae
2578 2357 2706 2396 vero
2726 2349 3023 2412 supersunt
3049 2342 3319 2411 incipiens
3340 2358 3369 2394 a
3394 2342 3488 2395 die
3516 2358 3649 2395 cra-

2066 2433 2245 2495 stina,
2280 2450 2348 2489 ex
2400 2434 2486 2490 his
2528 2449 2651 2503 quae
2682 2435 2737 2488 in
2774 2435 3173 2504 quaestionibus
3224 2449 3349 2487 cum
3412 2432 3655 2489 Simone

2067 2527 2450 2590 movebuntur,
2484 2543 2582 2597 per
2623 2528 2741 2582 dies
2789 2527 3033 2596 singulos
3084 2527 3295 2588 audies,
3348 2542 3654 2596 usquequo

2066 2614 2177 2672 Deo
2210 2617 2426 2673 favente
2449 2620 2801 2688 perveniatur
2829 2619 2895 2672 ad
2922 2618 3091 2687 ipsam
3120 2634 3228 2687 quo
3250 2620 3354 2671 iter
3384 2628 3651 2671 nostrum.

2064 2708 2409 2780 dirigendum
2442 2712 2718 2766 credimus
2766 2710 2955 2764 urbem
2989 2708 3235 2763 Romam.
3272 2708 3524 2779 Cumque
3574 2710 3653 2764 ad

2063 2799 2180 2854 haec
2210 2800 2281 2855 ab
2308 2816 2373 2855 eo
2405 2801 2573 2863 dicta,
2599 2816 2815 2856 omnem
2845 2801 3074 2870 gratiam
3098 2816 3183 2854 me
3210 2799 3260 2853 ei
3282 2799 3485 2854 debere
3513 2815 3647 2868 pro-

2065 2891 2290 2955 ﬁterer,
2344 2890 2731 2962 factorumque
2779 2893 2963 2947 omnia
3015 2907 3101 2946 me
3146 2906 3268 2960 qua:
3315 2891 3648 2961 praeciperet

2062 2981 2469 3053 promptissime
2499 2982 2807 3052 pollicerer,
2834 2982 2957 3035 cibo
2979 2991 3195 3052 sumpto
3218 2982 3511 3051 quiescere
3537 2998 3652 3041 nos

398 3065 698 3120 Dominicis
728 3063 1109 3135 assignaverit,
1146 3065 1292 3135 quod
1319 3065 1480 3122 Iesus
1510 3079 1656 3123 esset
1680 3067 1958 3135 Christus,
1983 3105 2029 3164 ο
2058 3072 2226 3142 jussit
2248 3073 2466 3144 sibique
2495 3075 2612 3144 ipse
2638 3074 2877 3145 quietem
2899 3072 3073 3130 dedit.

384 3174 563 3229 quove
609 3158 771 3213 modo
817 3158 1074 3212 omnibus
1114 3157 1230 3227 jam
1266 3159 1765 3230 acquiescentibus,
1800 3166 1861 3215 ut
1890 3160 1960 3215 ab

461 3316 503 3348 ⁸³
545 3313 1133 3387 Quomodo—dicamus
1181 3313 1380 3370 desunt
1411 3316 1465 3370 in
1497 3324 1731 3387 utroque
1762 3316 1884 3371 cod.
1922 3315 2071 3384 Lips.
2141 3315 2187 3348 “
2217 3315 2348 3370 Tum
2377 3314 2956 3371 etiam—traditionem
3010 3314 3145 3369 bona
3205 3314 3411 3385 pariter
3445 3314 3657 3372 desunt

385 3387 440 3440 in
470 3394 702 3456 utroque
732 3386 856 3440 cod.
889 3384 1039 3455 Lips.

1651 3528 2018 3587 COTELERII
2057 3530 2293 3589 NOTAE.

380 3690 595 3747 duobus
640 3687 927 3743 Societatis
969 3684 1097 3741 Iesu
1141 3685 1453 3756 insignibus
1497 3684 1783 3756 theologis,
1828 3683 1955 3739 Dio-

381 3763 541 3832 nysio
570 3759 788 3832 Petavjo
835 3754 1311 3832 adngiQI‘lallIlIl'lt
1345 3755 1637 3832 in_haaresi
1662 3754 1951 3832 §imonia-

382 3824 598 3893 norum,
628 3838 683 3882 et
730 3824 1253 3897 I-‘rancisc’o‘Vigero
1300 3827 1355 3879 in
1396 3825 1595 3879 Euseb.
1648 3824 1952 3895 Praeparat.

376 3900 609 3967 evangel.
642 3900 733 3952 lib.
766 3914 826 3964 lt,
859 3913 980 3967 cap.
1017 3898 1102 3951 18.

454 3919 507 3954 m
541 3919 609 3954 ει.
643 3919 733 3952 ιιυ.
767 3919 826 3964 ll,
859 3919 980 3967 (κιρ.
1017 3919 1102 3951 10.

454 3919 587 4042 (ὅὲ)
615 3968 869 4042 Virtutem
898 3983 1158 4021 summam
1186 3964 1379 4042 eacelsi
1413 3963 1533 4042 _Dei._
1578 3965 1795 4042 hiiseris
1836 3979 1954 4017 mo-

379 4033 471 4096 dis
498 4033 783 4094 deformati
819 4047 947 4091 sunt
992 4051 1184 4091 versus
1211 4036 1462 4089 Auctoris
1506 4033 1853 4104 ψευδωνύμου
1901 4043 1955 4088 et

376 4110 684 4181 ἀνωνύμων,
722 4117 842 4179 post
867 4107 1187 4162 Tertulliani
1217 4106 1418 4176 Opera,
1468 4106 1561 4160 lib.
1614 4121 1652 4169 ι,
1699 4109 1951 4158 adversus

378 4180 701 4236 Marciane»;
727 4198 746 4234 :

2130 3684 2390 3761 Infundas
2416 3687 2559 3741 omni
2583 3689 2799 3761 magicae
2826 3689 3087 3744 dementia
3112 3693 3291 3761 plenos

2130 3756 2432 3818 Persuasit,
2461 3774 2571 3811 sese
2601 3760 2842 3811 virtutem
2869 3761 3039 3814 dicere
3063 3756 3357 3824 summam;

2132 3825 2356 3902 Fingere
2378 3830 2809 3902 cumineretrice,
2837 3832 2985 3899 nefas
3012 3848 3314 3902 peragrare,
3340 3834 3537 3891 volare.

2061 3894 2191 3951 Sine
2218 3894 2384 3951 dubio
2414 3898 2578 3953 scribi
2604 3899 2763 3954 debet
2803 3917 2818 3956 :

2130 3964 2361 4039 Infando
2392 3966 2597 4022 Simoni
2631 3971 2837 4038 magica
2864 3970 3125 4025 dementia
3150 3973 3302 4039 pleno

2131 4036 2431 4099 Persuasit,
2464 4055 2573 4092 sese
2593 4036 2834 4092 virtutem
2855 4041 3027 4095 dicere
3053 4036 3317 4096 summam
3339 4059 3358 4096 :

2126 4105 2370 4177 Fingere,
2397 4123 2515 4162 cum
2536 4111 2827 4175 meretrice,
2856 4112 3027 4179 nefas,
3050 4129 3353 4183 peragrare,
3381 4116 3593 4174 colare.

1455 4450 1820 4538 LIBER
1888 4448 2539 4540 SECUNDUS.

448 4757 489 4812 I.
522 4755 656 4811 Cum
692 4760 872 4807 autem
906 4750 1046 4815 dies,
1104 4765 1226 4821 quae
1251 4748 1318 4802 ad
1369 4748 1787 4817 disceptandum
1819 4765 1943 4803 cum
1980 4756 2023 4811 D
2052 4751 2329 4808 Eliesdros
2358 4759 2412 4807 et
2439 4751 2701 4817 Phinees,
2733 4752 2970 4808 Lazarus
3002 4763 3055 4809 et
3082 4754 3335 4823 Eliseus;
3366 4764 3493 4827 post
3529 4757 3635 4814 hos

375 4847 597 4907 Simone
619 4852 826 4901 statuta
853 4843 1049 4905 fuerat,
1078 4841 1421 4896 illucesceret
1448 4880 1463 4904 ,
1509 4838 1708 4895 Petrus
1753 4842 1946 4910 primis

372 4940 639 5012 gallorum
692 4935 951 4989 cantibus
1008 4947 1241 5003 Surgens
1291 4932 1553 4987 excitavit
1606 4932 1767 4986 etiam
1813 4948 1944 4998 nos;

369 5045 589 5087 eramus
622 5028 766 5082 enim
792 5028 846 5079 in
876 5025 1066 5081 eodem
1121 5024 1368 5077 conclavi
1428 5023 1737 5077 cubitantes
1778 5024 1945 5077 simul

370 5137 562 5178 omnes
613 5119 894 5181 tredecim,
952 5118 1007 5171 in
1054 5116 1254 5186 quibus
1297 5116 1505 5185 primus
1552 5122 1676 5184 post
1718 5104 1943 5169 Petrum

369 5214 685 5278 Zacchaeus,
709 5211 904 5268 deinde
927 5209 1257 5281 Sophonias,
1280 5208 1574 5279 Iosephus,
1598 5215 1651 5263 et
1668 5207 1943 5271 Michaeas,

2056 4860 2157 4915 ego
2177 4844 2430 4899 Clemens
2453 4852 2506 4899 et
2531 4844 2879 4909 Nicodemns,
2903 4846 3097 4901 deinde
3117 4846 3305 4903 Niceta
3331 4857 3385 4903 et
3409 4849 3633 4920 Aquila.

2054 4932 2146 5001 qui
2178 4932 2392 4985 fuerant
2446 4934 2599 5002 prius
2630 4934 2887 5005 discipuli
2948 4936 3231 4999 Simonis,
3286 4948 3342 4993 et
3394 4940 3633 4995 docente

2054 5025 2314 5079 Zacchzeo
2341 5026 2590 5080 conversi
2622 5035 2749 5082 sunt
2780 5030 2846 5083 ad
2880 5028 3037 5084 ﬁdem
3062 5028 3287 5086 Christi.
3337 5030 3631 5089 Mulierum

2053 5131 2187 5170 sane
2214 5116 2362 5168 nulla
2394 5131 2624 5185 prorsus
2655 5117 2863 5173 aderat.
2896 5117 3144 5188 Cumque
3174 5119 3353 5174 adhuc
3398 5136 3632 5190 vesper-

2051 5208 2226 5260 tinum
2274 5208 2457 5263 lumen
2504 5207 2728 5263 duraret
2758 5208 2893 5280 (59),
2928 5225 3119 5265 omnes
3175 5210 3525 5276 resedimus,
3579 5222 3633 5267 et

1649 5348 2016 5405 COTELERII
2055 5347 2288 5404 NOTAE.

436 5492 550 5563 (59)
588 5490 1046 5563 Cumquegadhuc
1073 5490 1425 5563 pesoertinunt
1479 5487 1653 5563 lumen
1698 5488 1936 5563 duraret.

366 5558 467 5617 Ms.
489 5558 774 5617 Candeler.
803 5559 1045 5615 clareret.
1073 5559 1143 5614 Ut
1170 5559 1613 5613 Clementinorum
1640 5558 1826 5612 homil.
1855 5573 1935 5614 III.

368 5647 424 5684 ιι.
472 5632 497 5685 1
538 5650 551 5685 :
594 5630 839 5702 Εὖρομεν
874 5631 964 5684 τὸν
1018 5631 1115 5700 μὲν
1154 5627 1477 5702 λύχνον-’ἔτι
1516 5628 1799 5702 ψιίγοντᾳτ
1849 5625 1934 5702 _De

370 5716 519 5755 more
549 5697 827 5757 lucernam
871 5716 981 5756 non
1020 5697 1427 5769 exstinguendi,
1460 5698 1558 5755 sed
1588 5698 1803 5756 sinendi
1832 5697 1930 5753 do-

2050 5503 2151 5543 nec
2182 5488 2327 5541 ultro
2367 5495 2807 5551 consumeretur,
2857 5483 3127 5540 videndus
3180 5482 3517 5548 Plutarchus
3568 5491 3630 5547 in

2047 5557 2441 5622 Quwstwuibus
2486 5556 2737 5609 Romanis
2773 5570 2822 5623 p.
2870 5555 2997 5617 281,
3028 5554 3091 5608 F.
3126 5553 3423 5607 Monachus
3455 5558 3622 5623 etiam

2047 5620 2241 5683 solitos
2267 5626 2333 5682 ad
2370 5626 2550 5683 lumen
2580 5620 2848 5691 dormire,
2877 5625 3143 5681 discimus
3180 5640 3248 5680 ex
3289 5638 3486 5680 eorum
3529 5620 3629 5675 ite-

2049 5699 2210 5770 gulis.
