  <div class='ocr_page' id='page_1' title='image "/cluster/home/n/w/nwhite01/storage/ocr_20150623/1/nnc1.0022106693/680.png"; bbox 0 0 3890 6192; ppageno 0'>
   <div class='ocr_carea' id='block_1_1' title="bbox 246 304 391 372">
    <p class='ocr_par' dir='ltr' id='par_1_1' title="bbox 246 304 391 372">
     <span class='ocr_line' id='line_1_1' title="bbox 246 304 391 372; baseline -0.007 0"><span class='ocrx_word' id='word_1_1' title='bbox 246 304 391 372; x_wconf 63' lang='lat' dir='ltr'><strong>12w</strong></span> 
     </span>
    </p>
   </div>
   <div class='ocr_carea' id='block_1_2' title="bbox 1451 317 2286 379">
    <p class='ocr_par' dir='ltr' id='par_1_2' title="bbox 1451 317 2286 379">
     <span class='ocr_line' id='line_1_2' title="bbox 1451 317 2286 379; baseline 0.007 -6"><span class='ocrx_word' id='word_1_2' title='bbox 1451 317 2016 378; x_wconf 77' lang='lat' dir='ltr'><strong>RECOGNITIONUM</strong></span> <span class='ocrx_word' id='word_1_3' title='bbox 2052 321 2183 379; x_wconf 84' lang='lat' dir='ltr'><strong>LIB.</strong></span> <span class='ocrx_word' id='word_1_4' title='bbox 2220 321 2286 379; x_wconf 84' lang='lat' dir='ltr'><strong>ll.</strong></span> 
     </span>
    </p>
   </div>
   <div class='ocr_carea' id='block_1_3' title="bbox 3358 323 3499 384">
    <p class='ocr_par' dir='ltr' id='par_1_3' title="bbox 3358 323 3499 384">
     <span class='ocr_line' id='line_1_3' title="bbox 3358 323 3499 384; baseline 0.014 -2"><span class='ocrx_word' id='word_1_5' title='bbox 3358 323 3499 384; x_wconf 69' lang='grc' dir='ltr'><strong>12Κο</strong></span> 
     </span>
    </p>
   </div>
   <div class='ocr_carea' id='block_1_4' title="bbox 245 430 3501 508">
    <p class='ocr_par' dir='ltr' id='par_1_4' title="bbox 245 430 3501 508">
     <span class='ocr_line' id='line_1_4' title="bbox 245 430 3501 508; baseline 0.004 -23"><span class='ocrx_word' id='word_1_6' title='bbox 245 430 444 486; x_wconf 99' lang='lat' dir='ltr'><strong>Petrus</strong></span> <span class='ocrx_word' id='word_1_7' title='bbox 478 430 672 487; x_wconf 87' lang='lat' dir='ltr'><strong>videns</strong></span> <span class='ocrx_word' id='word_1_8' title='bbox 691 430 919 503; x_wconf 84' lang='lat' dir='ltr'><strong>vigilare</strong></span> <span class='ocrx_word' id='word_1_9' title='bbox 941 446 1043 489; x_wconf 90' lang='lat' dir='ltr'><strong>nos</strong></span> <span class='ocrx_word' id='word_1_10' title='bbox 1066 446 1130 487; x_wconf 90' lang='lat' dir='ltr'><strong>ac</strong></span> <span class='ocrx_word' id='word_1_11' title='bbox 1174 432 1280 489; x_wconf 82' lang='lat' dir='ltr'><strong>sibi</strong></span> <span class='ocrx_word' id='word_1_12' title='bbox 1326 432 1634 500; x_wconf 76' lang='lat' dir='ltr'><strong>intendere,</strong></span> <span class='ocrx_word' id='word_1_13' title='bbox 1668 435 1819 491; x_wconf 88' lang='lat' dir='ltr'><strong>salu.-</strong></span> <span class='ocrx_word' id='word_1_14' title='bbox 1848 439 1892 496; x_wconf 78' lang='grc' dir='ltr'>Α</span> <span class='ocrx_word' id='word_1_15' title='bbox 1919 450 2172 502; x_wconf 87' lang='lat' dir='ltr'><strong>noscere,</strong></span> <span class='ocrx_word' id='word_1_16' title='bbox 2222 436 2388 507; x_wconf 88' lang='lat' dir='ltr'><strong>quis,</strong></span> <span class='ocrx_word' id='word_1_17' title='bbox 2441 437 2693 508; x_wconf 79' lang='lat' dir='ltr'><strong>qualisve</strong></span> <span class='ocrx_word' id='word_1_18' title='bbox 2742 439 2816 495; x_wconf 91' lang='lat' dir='ltr'><strong>sit</strong></span> <span class='ocrx_word' id='word_1_19' title='bbox 2840 437 2888 496; x_wconf 92' lang='lat' dir='ltr'><strong>is</strong></span> <span class='ocrx_word' id='word_1_20' title='bbox 2931 440 3023 496; x_wconf 91' lang='lat' dir='ltr'><strong>cui</strong></span> <span class='ocrx_word' id='word_1_21' title='bbox 3067 441 3501 499; x_wconf 75' lang='lat' dir='ltr'><strong>immortalitatis</strong></span> 
     </span>
    </p>
   </div>
   <div class='ocr_carea' id='block_1_5' title="bbox 247 522 1825 581">
    <p class='ocr_par' dir='ltr' id='par_1_5' title="bbox 247 522 1825 581">
     <span class='ocr_line' id='line_1_5' title="bbox 247 522 1825 581; baseline 0.003 -6"><span class='ocrx_word' id='word_1_22' title='bbox 247 522 379 577; x_wconf 89' lang='lat' dir='ltr'><strong>tatis</strong></span> <span class='ocrx_word' id='word_1_23' title='bbox 408 522 565 578; x_wconf 91' lang='lat' dir='ltr'><strong>nobis</strong></span> <span class='ocrx_word' id='word_1_24' title='bbox 597 522 860 577; x_wconf 88' lang='lat' dir='ltr'><strong>continuo</strong></span> <span class='ocrx_word' id='word_1_25' title='bbox 890 522 983 576; x_wconf 89' lang='lat' dir='ltr'><strong>dat</strong></span> <span class='ocrx_word' id='word_1_26' title='bbox 1006 524 1279 579; x_wconf 84' lang='lat' dir='ltr'><strong>sermonis</strong></span> <span class='ocrx_word' id='word_1_27' title='bbox 1300 525 1610 581; x_wconf 80' lang='lat' dir='ltr'><strong>exordium.</strong></span> <span class='ocrx_word' id='word_1_28' title='bbox 1639 525 1825 580; x_wconf 77' lang='lat' dir='ltr'><strong>Mirari</strong></span> 
     </span>
    </p>
   </div>
   <div class='ocr_carea' id='block_1_6' title="bbox 241 614 1821 684">
    <p class='ocr_par' dir='ltr' id='par_1_6' title="bbox 241 614 1821 684">
     <span class='ocr_line' id='line_1_6' title="bbox 241 614 1821 684; baseline 0.002 -17"><span class='ocrx_word' id='word_1_29' title='bbox 241 629 333 668; x_wconf 88' lang='lat' dir='ltr'><strong>me</strong></span> <span class='ocrx_word' id='word_1_30' title='bbox 349 614 601 684; x_wconf 87' lang='lat' dir='ltr'><strong>equidem</strong></span> <span class='ocrx_word' id='word_1_31' title='bbox 638 614 831 680; x_wconf 85' lang='lat' dir='ltr'><strong>fateor,</strong></span> <span class='ocrx_word' id='word_1_32' title='bbox 866 615 1067 671; x_wconf 77' lang='lat' dir='ltr'><strong>fratres</strong></span> <span class='ocrx_word' id='word_1_33' title='bbox 1093 656 1108 678; x_wconf 94' lang='lat'><strong>,</strong></span> <span class='ocrx_word' id='word_1_34' title='bbox 1154 616 1408 672; x_wconf 73' lang='lat' dir='ltr'><strong>humana:</strong></span> <span class='ocrx_word' id='word_1_35' title='bbox 1457 626 1669 673; x_wconf 59' lang='lat' dir='ltr'><strong>natura</strong></span> <span class='ocrx_word' id='word_1_36' title='bbox 1691 619 1821 681; x_wconf 91' lang='lat' dir='ltr'><strong>vim,</strong></span> 
     </span>
    </p>
   </div>
   <div class='ocr_carea' id='block_1_7' title="bbox 245 706 1826 778">
    <p class='ocr_par' dir='ltr' id='par_1_7' title="bbox 245 706 1826 778">
     <span class='ocr_line' id='line_1_7' title="bbox 245 706 1826 778; baseline 0.004 -20"><span class='ocrx_word' id='word_1_37' title='bbox 245 720 413 775; x_wconf 84' lang='lat' dir='ltr'><strong>quam</strong></span> <span class='ocrx_word' id='word_1_38' title='bbox 447 706 512 759; x_wconf 91' lang='lat' dir='ltr'><strong>ad</strong></span> <span class='ocrx_word' id='word_1_39' title='bbox 544 707 728 760; x_wconf 87' lang='lat' dir='ltr'><strong>omnia</strong></span> <span class='ocrx_word' id='word_1_40' title='bbox 760 716 939 776; x_wconf 92' lang='lat' dir='ltr'><strong>aptam</strong></span> <span class='ocrx_word' id='word_1_41' title='bbox 970 707 1315 778; x_wconf 85' lang='lat' dir='ltr'><strong>habilemque</strong></span> <span class='ocrx_word' id='word_1_42' title='bbox 1338 725 1459 765; x_wconf 82' lang='lat' dir='ltr'><strong>esse</strong></span> <span class='ocrx_word' id='word_1_43' title='bbox 1487 711 1664 766; x_wconf 90' lang='lat' dir='ltr'><strong>video.</strong></span> <span class='ocrx_word' id='word_1_44' title='bbox 1712 709 1826 765; x_wconf 80' lang='lat' dir='ltr'><strong>Hoc</strong></span> 
     </span>
    </p>
   </div>
   <div class='ocr_carea' id='block_1_8' title="bbox 246 796 1826 874">
    <p class='ocr_par' dir='ltr' id='par_1_8' title="bbox 246 796 1826 874">
     <span class='ocr_line' id='line_1_8' title="bbox 246 796 1826 874; baseline 0.006 -24"><span class='ocrx_word' id='word_1_45' title='bbox 246 804 430 851; x_wconf 85' lang='lat' dir='ltr'><strong>autem</strong></span> <span class='ocrx_word' id='word_1_46' title='bbox 470 796 654 853; x_wconf 88' lang='lat' dir='ltr'><strong>dicere</strong></span> <span class='ocrx_word' id='word_1_47' title='bbox 682 799 736 852; x_wconf 93' lang='lat' dir='ltr'><strong>in</strong></span> <span class='ocrx_word' id='word_1_48' title='bbox 761 800 1081 853; x_wconf 87' lang='lat' dir='ltr'><strong>memoriam</strong></span> <span class='ocrx_word' id='word_1_49' title='bbox 1109 801 1257 855; x_wconf 87' lang='lat' dir='ltr'><strong>venit</strong></span> <span class='ocrx_word' id='word_1_50' title='bbox 1283 817 1348 857; x_wconf 76' lang='lat' dir='ltr'><strong>ex</strong></span> <span class='ocrx_word' id='word_1_51' title='bbox 1382 802 1469 859; x_wconf 88' lang='lat' dir='ltr'><strong>his</strong></span> <span class='ocrx_word' id='word_1_52' title='bbox 1496 818 1616 874; x_wconf 65' lang='lat' dir='ltr'><strong>qua:</strong></span> <span class='ocrx_word' id='word_1_53' title='bbox 1660 803 1826 860; x_wconf 88' lang='lat' dir='ltr'><strong>rebus</strong></span> 
     </span>
    </p>
   </div>
   <div class='ocr_carea' id='block_1_9' title="bbox 247 890 1826 961">
    <p class='ocr_par' dir='ltr' id='par_1_9' title="bbox 247 890 1826 961">
     <span class='ocr_line' id='line_1_9' title="bbox 247 890 1826 961; baseline 0.006 -18"><span class='ocrx_word' id='word_1_54' title='bbox 247 890 386 960; x_wconf 88' lang='lat' dir='ltr'><strong>ipsis</strong></span> <span class='ocrx_word' id='word_1_55' title='bbox 415 898 676 961; x_wconf 76' lang='lat' dir='ltr'><strong>expertus</strong></span> <span class='ocrx_word' id='word_1_56' title='bbox 700 906 842 947; x_wconf 89' lang='lat' dir='ltr'><strong>sum.</strong></span> <span class='ocrx_word' id='word_1_57' title='bbox 880 890 946 947; x_wconf 87' lang='lat' dir='ltr'><strong>Ut</strong></span> <span class='ocrx_word' id='word_1_58' title='bbox 968 892 1113 948; x_wconf 87' lang='lat' dir='ltr'><strong>enim</strong></span> <span class='ocrx_word' id='word_1_59' title='bbox 1145 896 1425 951; x_wconf 90' lang='lat' dir='ltr'><strong>transierit</strong></span> <span class='ocrx_word' id='word_1_60' title='bbox 1457 896 1695 951; x_wconf 88' lang='lat' dir='ltr'><strong>medium</strong></span> <span class='ocrx_word' id='word_1_61' title='bbox 1725 912 1826 952; x_wconf 83' lang='lat' dir='ltr'><strong>no-</strong></span> 
     </span>
    </p>
   </div>
   <div class='ocr_carea' id='block_1_10' title="bbox 251 985 1827 1061">
    <p class='ocr_par' dir='ltr' id='par_1_10' title="bbox 251 985 1827 1061">
     <span class='ocr_line' id='line_1_10' title="bbox 251 985 1827 1061; baseline 0.003 -23"><span class='ocrx_word' id='word_1_62' title='bbox 251 985 379 1047; x_wconf 74' lang='lat' dir='ltr'><strong>ctis,</strong></span> <span class='ocrx_word' id='word_1_63' title='bbox 397 998 498 1055; x_wconf 91' lang='lat' dir='ltr'><strong>ego</strong></span> <span class='ocrx_word' id='word_1_64' title='bbox 519 985 841 1055; x_wconf 89' lang='lat' dir='ltr'><strong>spontejam</strong></span> <span class='ocrx_word' id='word_1_65' title='bbox 859 986 1099 1041; x_wconf 85' lang='lat' dir='ltr'><strong>suscitor</strong></span> <span class='ocrx_word' id='word_1_66' title='bbox 1120 994 1174 1041; x_wconf 92' lang='lat' dir='ltr'><strong>et</strong></span> <span class='ocrx_word' id='word_1_67' title='bbox 1200 988 1339 1041; x_wconf 90' lang='lat' dir='ltr'><strong>ultra</strong></span> <span class='ocrx_word' id='word_1_68' title='bbox 1364 1003 1592 1046; x_wconf 88' lang='lat' dir='ltr'><strong>somnus</strong></span> <span class='ocrx_word' id='word_1_69' title='bbox 1619 1004 1827 1061; x_wconf 87' lang='lat' dir='ltr'><strong>nequa-</strong></span> 
     </span>
    </p>
   </div>
   <div class='ocr_carea' id='block_1_11' title="bbox 249 1075 1825 1153">
    <p class='ocr_par' dir='ltr' id='par_1_11' title="bbox 249 1075 1825 1153">
     <span class='ocr_line' id='line_1_11' title="bbox 249 1075 1825 1153; baseline 0.005 -26"><span class='ocrx_word' id='word_1_70' title='bbox 249 1088 416 1144; x_wconf 85' lang='lat' dir='ltr'><strong>quam</strong></span> <span class='ocrx_word' id='word_1_71' title='bbox 447 1077 597 1130; x_wconf 84' lang='lat' dir='ltr'><strong>venit</strong></span> <span class='ocrx_word' id='word_1_72' title='bbox 628 1075 695 1129; x_wconf 90' lang='lat' dir='ltr'><strong>ad</strong></span> <span class='ocrx_word' id='word_1_73' title='bbox 724 1092 844 1143; x_wconf 91' lang='lat' dir='ltr'><strong>me;</strong></span> <span class='ocrx_word' id='word_1_74' title='bbox 876 1077 1021 1147; x_wconf 87' lang='lat' dir='ltr'><strong>quod</strong></span> <span class='ocrx_word' id='word_1_75' title='bbox 1052 1078 1185 1133; x_wconf 89' lang='lat' dir='ltr'><strong>mihi</strong></span> <span class='ocrx_word' id='word_1_76' title='bbox 1232 1080 1435 1135; x_wconf 89' lang='lat' dir='ltr'><strong>accidit</strong></span> <span class='ocrx_word' id='word_1_77' title='bbox 1462 1096 1528 1136; x_wconf 84' lang='lat' dir='ltr'><strong>ex</strong></span> <span class='ocrx_word' id='word_1_78' title='bbox 1559 1097 1645 1147; x_wconf 91' lang='lat' dir='ltr'><strong>eo,</strong></span> <span class='ocrx_word' id='word_1_79' title='bbox 1696 1082 1825 1153; x_wconf 86' lang='lat' dir='ltr'><strong>quia</strong></span> 
     </span>
    </p>
   </div>
   <div class='ocr_carea' id='block_1_12' title="bbox 249 1165 1825 1244">
    <p class='ocr_par' dir='ltr' id='par_1_12' title="bbox 249 1165 1825 1244">
     <span class='ocr_line' id='line_1_12' title="bbox 249 1165 1825 1244; baseline 0.006 -26"><span class='ocrx_word' id='word_1_80' title='bbox 249 1179 309 1219; x_wconf 79' lang='lat' dir='ltr'><strong>1n</strong></span> <span class='ocrx_word' id='word_1_81' title='bbox 337 1165 736 1222; x_wconf 87' lang='lat' dir='ltr'><strong>consuetudine</strong></span> <span class='ocrx_word' id='word_1_82' title='bbox 768 1167 933 1223; x_wconf 88' lang='lat' dir='ltr'><strong>habui</strong></span> <span class='ocrx_word' id='word_1_83' title='bbox 986 1171 1151 1224; x_wconf 86' lang='lat' dir='ltr'><strong>verba</strong></span> <span class='ocrx_word' id='word_1_84' title='bbox 1186 1170 1400 1228; x_wconf 88' lang='lat' dir='ltr'><strong>Domini</strong></span> <span class='ocrx_word' id='word_1_85' title='bbox 1444 1174 1571 1237; x_wconf 90' lang='lat' dir='ltr'><strong>mei,</strong></span> <span class='ocrx_word' id='word_1_86' title='bbox 1604 1189 1727 1244; x_wconf 67' lang='lat' dir='ltr'><strong>quae</strong></span> <span class='ocrx_word' id='word_1_87' title='bbox 1756 1173 1825 1228; x_wconf 92' lang='lat' dir='ltr'><strong>ab</strong></span> 
     </span>
    </p>
   </div>
   <div class='ocr_carea' id='block_1_13' title="bbox 249 1262 1826 1341">
    <p class='ocr_par' dir='ltr' id='par_1_13' title="bbox 249 1262 1826 1341">
     <span class='ocr_line' id='line_1_13' title="bbox 249 1262 1826 1341; baseline 0.004 -25"><span class='ocrx_word' id='word_1_88' title='bbox 249 1262 374 1332; x_wconf 81' lang='lat' dir='ltr'><strong>ipso</strong></span> <span class='ocrx_word' id='word_1_89' title='bbox 402 1262 707 1331; x_wconf 88' lang='lat' dir='ltr'><strong>audieram,</strong></span> <span class='ocrx_word' id='word_1_90' title='bbox 728 1280 989 1321; x_wconf 89' lang='lat' dir='ltr'><strong>revocare</strong></span> <span class='ocrx_word' id='word_1_91' title='bbox 1016 1266 1084 1321; x_wconf 92' lang='lat' dir='ltr'><strong>ad</strong></span> <span class='ocrx_word' id='word_1_92' title='bbox 1106 1270 1447 1335; x_wconf 90' lang='lat' dir='ltr'><strong>memoriam,</strong></span> <span class='ocrx_word' id='word_1_93' title='bbox 1470 1278 1522 1325; x_wconf 92' lang='lat' dir='ltr'><strong>et</strong></span> <span class='ocrx_word' id='word_1_94' title='bbox 1546 1286 1647 1341; x_wconf 90' lang='lat' dir='ltr'><strong>pro</strong></span> <span class='ocrx_word' id='word_1_95' title='bbox 1674 1272 1826 1341; x_wconf 80' lang='lat' dir='ltr'><strong>ipso-</strong></span> 
     </span>
    </p>
   </div>
   <div class='ocr_carea' id='block_1_14' title="bbox 248 1353 1823 1434">
    <p class='ocr_par' dir='ltr' id='par_1_14' title="bbox 248 1353 1823 1434">
     <span class='ocr_line' id='line_1_14' title="bbox 248 1353 1823 1434; baseline 0.006 -27"><span class='ocrx_word' id='word_1_96' title='bbox 248 1369 373 1407; x_wconf 90' lang='lat' dir='ltr'><strong>rum</strong></span> <span class='ocrx_word' id='word_1_97' title='bbox 403 1353 681 1411; x_wconf 90' lang='lat' dir='ltr'><strong>desiderio</strong></span> <span class='ocrx_word' id='word_1_98' title='bbox 711 1357 969 1412; x_wconf 88' lang='lat' dir='ltr'><strong>suscitari</strong></span> <span class='ocrx_word' id='word_1_99' title='bbox 1002 1360 1204 1416; x_wconf 87' lang='lat' dir='ltr'><strong>animis</strong></span> <span class='ocrx_word' id='word_1_100' title='bbox 1235 1362 1371 1417; x_wconf 89' lang='lat' dir='ltr'><strong>meis</strong></span> <span class='ocrx_word' id='word_1_101' title='bbox 1393 1369 1447 1416; x_wconf 91' lang='lat' dir='ltr'><strong>et</strong></span> <span class='ocrx_word' id='word_1_102' title='bbox 1477 1363 1823 1434; x_wconf 85' lang='lat' dir='ltr'><strong>cogitationi-</strong></span> 
     </span>
    </p>
   </div>
   <div class='ocr_carea' id='block_1_15' title="bbox 245 1445 1826 1525">
    <p class='ocr_par' dir='ltr' id='par_1_15' title="bbox 245 1445 1826 1525">
     <span class='ocr_line' id='line_1_15' title="bbox 245 1445 1826 1525; baseline 0.008 -27"><span class='ocrx_word' id='word_1_103' title='bbox 245 1445 352 1500; x_wconf 86' lang='lat' dir='ltr'><strong>bus</strong></span> <span class='ocrx_word' id='word_1_104' title='bbox 378 1446 664 1515; x_wconf 87' lang='lat' dir='ltr'><strong>imperavi,</strong></span> <span class='ocrx_word' id='word_1_105' title='bbox 690 1455 748 1501; x_wconf 93' lang='lat' dir='ltr'><strong>ut</strong></span> <span class='ocrx_word' id='word_1_106' title='bbox 779 1449 1046 1520; x_wconf 88' lang='lat' dir='ltr'><strong>evigilans</strong></span> <span class='ocrx_word' id='word_1_107' title='bbox 1076 1451 1144 1505; x_wconf 89' lang='lat' dir='ltr'><strong>ad</strong></span> <span class='ocrx_word' id='word_1_108' title='bbox 1176 1466 1239 1505; x_wconf 87' lang='lat' dir='ltr'><strong>ea</strong></span> <span class='ocrx_word' id='word_1_109' title='bbox 1266 1459 1321 1507; x_wconf 92' lang='lat' dir='ltr'><strong>et</strong></span> <span class='ocrx_word' id='word_1_110' title='bbox 1353 1452 1567 1525; x_wconf 86' lang='lat' dir='ltr'><strong>singula</strong></span> <span class='ocrx_word' id='word_1_111' title='bbox 1597 1470 1826 1525; x_wconf 85' lang='lat' dir='ltr'><strong>qua-que</strong></span> 
     </span>
    </p>
   </div>
   <div class='ocr_carea' id='block_1_16' title="bbox 242 1538 1826 1612">
    <p class='ocr_par' dir='ltr' id='par_1_16' title="bbox 242 1538 1826 1612">
     <span class='ocr_line' id='line_1_16' title="bbox 242 1538 1826 1612; baseline 0.006 -19"><span class='ocrx_word' id='word_1_112' title='bbox 242 1538 497 1593; x_wconf 79' lang='lat' dir='ltr'><strong>recolens</strong></span> <span class='ocrx_word' id='word_1_113' title='bbox 524 1554 590 1592; x_wconf 90' lang='lat' dir='ltr'><strong>ac</strong></span> <span class='ocrx_word' id='word_1_114' title='bbox 620 1547 874 1596; x_wconf 87' lang='lat' dir='ltr'><strong>retexens</strong></span> <span class='ocrx_word' id='word_1_115' title='bbox 896 1542 1101 1612; x_wconf 91' lang='lat' dir='ltr'><strong>possim</strong></span> <span class='ocrx_word' id='word_1_116' title='bbox 1129 1545 1444 1601; x_wconf 90' lang='lat' dir='ltr'><strong>memoriter</strong></span> <span class='ocrx_word' id='word_1_117' title='bbox 1460 1546 1716 1603; x_wconf 87' lang='lat' dir='ltr'><strong>retinere.</strong></span> <span class='ocrx_word' id='word_1_118' title='bbox 1748 1546 1826 1602; x_wconf 81' lang='lat' dir='ltr'><strong>Ex</strong></span> 
     </span>
    </p>
   </div>
   <div class='ocr_carea' id='block_1_17' title="bbox 243 1628 1826 1700">
    <p class='ocr_par' dir='ltr' id='par_1_17' title="bbox 243 1628 1826 1700">
     <span class='ocr_line' id='line_1_17' title="bbox 243 1628 1826 1700; baseline 0.008 -18"><span class='ocrx_word' id='word_1_119' title='bbox 243 1628 353 1683; x_wconf 88' lang='lat' dir='ltr'><strong>hoc</strong></span> <span class='ocrx_word' id='word_1_120' title='bbox 380 1644 510 1700; x_wconf 87' lang='lat' dir='ltr'><strong>ergo</strong></span> <span class='ocrx_word' id='word_1_121' title='bbox 532 1670 547 1694; x_wconf 91' lang='lat'><strong>,</strong></span> <span class='ocrx_word' id='word_1_122' title='bbox 582 1630 711 1686; x_wconf 88' lang='lat' dir='ltr'><strong>dum</strong></span> <span class='ocrx_word' id='word_1_123' title='bbox 739 1636 889 1688; x_wconf 87' lang='lat' dir='ltr'><strong>omni</strong></span> <span class='ocrx_word' id='word_1_124' title='bbox 919 1651 1044 1691; x_wconf 89' lang='lat' dir='ltr'><strong>cum</strong></span> <span class='ocrx_word' id='word_1_125' title='bbox 1074 1636 1371 1693; x_wconf 88' lang='lat' dir='ltr'><strong>dulcedine</strong></span> <span class='ocrx_word' id='word_1_126' title='bbox 1407 1654 1691 1696; x_wconf 85' lang='lat' dir='ltr'><strong>sermones</strong></span> <span class='ocrx_word' id='word_1_127' title='bbox 1720 1639 1826 1695; x_wconf 84' lang='lat' dir='ltr'><strong>Do-</strong></span> 
     </span>
    </p>
   </div>
   <div class='ocr_carea' id='block_1_18' title="bbox 241 1720 1825 1797">
    <p class='ocr_par' dir='ltr' id='par_1_18' title="bbox 241 1720 1825 1797">
     <span class='ocr_line' id='line_1_18' title="bbox 241 1720 1825 1797; baseline 0.008 -22"><span class='ocrx_word' id='word_1_128' title='bbox 241 1720 383 1775; x_wconf 86' lang='lat' dir='ltr'><strong>mini</strong></span> <span class='ocrx_word' id='word_1_129' title='bbox 413 1737 636 1778; x_wconf 89' lang='lat' dir='ltr'><strong>versare</strong></span> <span class='ocrx_word' id='word_1_130' title='bbox 686 1725 741 1778; x_wconf 90' lang='lat' dir='ltr'><strong>in</strong></span> <span class='ocrx_word' id='word_1_131' title='bbox 793 1741 916 1782; x_wconf 93' lang='lat' dir='ltr'><strong>meo</strong></span> <span class='ocrx_word' id='word_1_132' title='bbox 952 1728 1121 1784; x_wconf 90' lang='lat' dir='ltr'><strong>corde</strong></span> <span class='ocrx_word' id='word_1_133' title='bbox 1150 1730 1437 1797; x_wconf 92' lang='lat' dir='ltr'><strong>desidero,</strong></span> <span class='ocrx_word' id='word_1_134' title='bbox 1479 1732 1825 1787; x_wconf 89' lang='lat' dir='ltr'><strong>consuetudo</strong></span> 
     </span>
    </p>
   </div>
   <div class='ocr_carea' id='block_1_19' title="bbox 243 1813 1825 1896">
    <p class='ocr_par' dir='ltr' id='par_1_19' title="bbox 243 1813 1825 1896">
     <span class='ocr_line' id='line_1_19' title="bbox 243 1813 1825 1896; baseline 0.01 -31"><span class='ocrx_word' id='word_1_135' title='bbox 243 1813 485 1869; x_wconf 88' lang='lat' dir='ltr'><strong>obtinuit</strong></span> <span class='ocrx_word' id='word_1_136' title='bbox 514 1816 799 1887; x_wconf 82' lang='lat' dir='ltr'><strong>vigilandi,</strong></span> <span class='ocrx_word' id='word_1_137' title='bbox 833 1820 998 1873; x_wconf 91' lang='lat' dir='ltr'><strong>etiam</strong></span> <span class='ocrx_word' id='word_1_138' title='bbox 1039 1821 1085 1876; x_wconf 95' lang='lat' dir='ltr'><strong>si</strong></span> <span class='ocrx_word' id='word_1_139' title='bbox 1116 1822 1256 1876; x_wconf 89' lang='lat' dir='ltr'><strong>nihil</strong></span> <span class='ocrx_word' id='word_1_140' title='bbox 1283 1822 1356 1877; x_wconf 86' lang='lat' dir='ltr'><strong>sit</strong></span> <span class='ocrx_word' id='word_1_141' title='bbox 1383 1822 1531 1893; x_wconf 91' lang='lat' dir='ltr'><strong>quod</strong></span> <span class='ocrx_word' id='word_1_142' title='bbox 1578 1827 1825 1896; x_wconf 90' lang='lat' dir='ltr'><strong>cogitare</strong></span> 
     </span>
    </p>
   </div>
   <div class='ocr_carea' id='block_1_20' title="bbox 241 1904 1827 1984">
    <p class='ocr_par' dir='ltr' id='par_1_20' title="bbox 241 1904 1827 1984">
     <span class='ocr_line' id='line_1_20' title="bbox 241 1904 1827 1984; baseline 0.011 -28"><span class='ocrx_word' id='word_1_143' title='bbox 241 1904 429 1961; x_wconf 88' lang='lat' dir='ltr'><strong>velim.</strong></span> <span class='ocrx_word' id='word_1_144' title='bbox 462 1904 543 1961; x_wconf 89' lang='lat' dir='ltr'><strong>lta</strong></span> <span class='ocrx_word' id='word_1_145' title='bbox 578 1924 709 1981; x_wconf 87' lang='lat' dir='ltr'><strong>ergo</strong></span> <span class='ocrx_word' id='word_1_146' title='bbox 761 1911 1022 1968; x_wconf 79' lang='lat' dir='ltr'><strong>ineffabili</strong></span> <span class='ocrx_word' id='word_1_147' title='bbox 1069 1912 1307 1983; x_wconf 89' lang='lat' dir='ltr'><strong>quadam</strong></span> <span class='ocrx_word' id='word_1_148' title='bbox 1350 1918 1589 1984; x_wconf 86' lang='lat' dir='ltr'><strong>ratione,</strong></span> <span class='ocrx_word' id='word_1_149' title='bbox 1650 1919 1827 1973; x_wconf 92' lang='lat' dir='ltr'><strong>intro-</strong></span> 
     </span>
    </p>
   </div>
   <div class='ocr_carea' id='block_1_21' title="bbox 243 1997 1824 2075">
    <p class='ocr_par' dir='ltr' id='par_1_21' title="bbox 243 1997 1824 2075">
     <span class='ocr_line' id='line_1_21' title="bbox 243 1997 1824 2075; baseline 0.01 -25"><span class='ocrx_word' id='word_1_150' title='bbox 243 1997 413 2053; x_wconf 88' lang='lat' dir='ltr'><strong>ducta</strong></span> <span class='ocrx_word' id='word_1_151' title='bbox 436 2000 540 2054; x_wconf 90' lang='lat' dir='ltr'><strong>alia</strong></span> <span class='ocrx_word' id='word_1_152' title='bbox 568 2006 990 2072; x_wconf 89' lang='lat' dir='ltr'><strong>consuetudine,</strong></span> <span class='ocrx_word' id='word_1_153' title='bbox 1009 2016 1169 2063; x_wconf 81' lang='lat' dir='ltr'><strong>vetus</strong></span> <span class='ocrx_word' id='word_1_154' title='bbox 1191 2010 1536 2065; x_wconf 90' lang='lat' dir='ltr'><strong>consuetudo</strong></span> <span class='ocrx_word' id='word_1_155' title='bbox 1556 2018 1824 2075; x_wconf 86' lang='lat' dir='ltr'><strong>mutatur,</strong></span> 
     </span>
    </p>
   </div>
   <div class='ocr_carea' id='block_1_22' title="bbox 242 2090 1827 2171">
    <p class='ocr_par' dir='ltr' id='par_1_22' title="bbox 242 2090 1827 2171">
     <span class='ocr_line' id='line_1_22' title="bbox 242 2090 1827 2171; baseline 0.006 -26"><span class='ocrx_word' id='word_1_156' title='bbox 242 2099 302 2145; x_wconf 89' lang='lat' dir='ltr'><strong>et</strong></span> <span class='ocrx_word' id='word_1_157' title='bbox 330 2090 385 2145; x_wconf 94' lang='lat' dir='ltr'><strong>id</strong></span> <span class='ocrx_word' id='word_1_158' title='bbox 414 2108 607 2148; x_wconf 87' lang='lat' dir='ltr'><strong>revera</strong></span> <span class='ocrx_word' id='word_1_159' title='bbox 639 2095 685 2149; x_wconf 88' lang='lat' dir='ltr'><strong>si</strong></span> <span class='ocrx_word' id='word_1_160' title='bbox 718 2111 827 2151; x_wconf 94' lang='lat' dir='ltr'><strong>non</strong></span> <span class='ocrx_word' id='word_1_161' title='bbox 861 2113 1027 2167; x_wconf 86' lang='lat' dir='ltr'><strong>supra</strong></span> <span class='ocrx_word' id='word_1_162' title='bbox 1052 2099 1272 2154; x_wconf 89' lang='lat' dir='ltr'><strong>modum</strong></span> <span class='ocrx_word' id='word_1_163' title='bbox 1305 2115 1491 2171; x_wconf 86' lang='lat' dir='ltr'><strong>cogas.</strong></span> <span class='ocrx_word' id='word_1_164' title='bbox 1524 2100 1620 2156; x_wconf 78' lang='lat' dir='ltr'><strong>sed</strong></span> <span class='ocrx_word' id='word_1_165' title='bbox 1652 2116 1827 2168; x_wconf 80' lang='lat' dir='ltr'><strong>quan-</strong></span> 
     </span>
    </p>
   </div>
   <div class='ocr_carea' id='block_1_23' title="bbox 245 2184 1827 2262">
    <p class='ocr_par' dir='ltr' id='par_1_23' title="bbox 245 2184 1827 2262">
     <span class='ocr_line' id='line_1_23' title="bbox 245 2184 1827 2262; baseline 0.009 -28"><span class='ocrx_word' id='word_1_166' title='bbox 245 2189 364 2235; x_wconf 88' lang='lat' dir='ltr'><strong>tum</strong></span> <span class='ocrx_word' id='word_1_167' title='bbox 405 2184 597 2254; x_wconf 86' lang='lat' dir='ltr'><strong>recipit</strong></span> <span class='ocrx_word' id='word_1_168' title='bbox 631 2201 886 2241; x_wconf 79' lang='lat' dir='ltr'><strong>mensura</strong></span> <span class='ocrx_word' id='word_1_169' title='bbox 920 2198 1151 2245; x_wconf 62' lang='lat' dir='ltr'><strong>naturae.</strong></span> <span class='ocrx_word' id='word_1_170' title='bbox 1190 2189 1381 2261; x_wconf 84' lang='lat' dir='ltr'><strong>Neque</strong></span> <span class='ocrx_word' id='word_1_171' title='bbox 1426 2192 1573 2246; x_wconf 90' lang='lat' dir='ltr'><strong>enim</strong></span> <span class='ocrx_word' id='word_1_172' title='bbox 1605 2193 1827 2262; x_wconf 76' lang='lat' dir='ltr'><strong>penitus</strong></span> 
     </span>
    </p>
   </div>
   <div class='ocr_carea' id='block_1_24' title="bbox 244 2278 1827 2353">
    <p class='ocr_par' dir='ltr' id='par_1_24' title="bbox 244 2278 1827 2353">
     <span class='ocr_line' id='line_1_24' title="bbox 244 2278 1827 2353; baseline 0.008 -26"><span class='ocrx_word' id='word_1_173' title='bbox 244 2290 442 2329; x_wconf 88' lang='lat' dir='ltr'><strong>somno</strong></span> <span class='ocrx_word' id='word_1_174' title='bbox 473 2291 661 2332; x_wconf 87' lang='lat' dir='ltr'><strong>carere</strong></span> <span class='ocrx_word' id='word_1_175' title='bbox 688 2278 950 2347; x_wconf 90' lang='lat' dir='ltr'><strong>possibile</strong></span> <span class='ocrx_word' id='word_1_176' title='bbox 979 2288 1096 2348; x_wconf 88' lang='lat' dir='ltr'><strong>est,</strong></span> <span class='ocrx_word' id='word_1_177' title='bbox 1134 2282 1343 2353; x_wconf 86' lang='lat' dir='ltr'><strong>alioqui</strong></span> <span class='ocrx_word' id='word_1_178' title='bbox 1394 2298 1497 2338; x_wconf 87' lang='lat' dir='ltr'><strong>nec</strong></span> <span class='ocrx_word' id='word_1_179' title='bbox 1527 2282 1672 2337; x_wconf 81' lang='lat' dir='ltr'><strong>facta</strong></span> <span class='ocrx_word' id='word_1_180' title='bbox 1718 2299 1827 2339; x_wconf 80' lang='lat' dir='ltr'><strong>nox</strong></span> 
     </span>
    </p>
   </div>
   <div class='ocr_carea' id='block_1_25' title="bbox 242 2364 842 2439">
    <p class='ocr_par' dir='ltr' id='par_1_25' title="bbox 242 2364 842 2439">
     <span class='ocr_line' id='line_1_25' title="bbox 242 2364 842 2439; baseline 0.012 -20"><span class='ocrx_word' id='word_1_181' title='bbox 242 2364 445 2422; x_wconf 79' lang='lat' dir='ltr'><strong>fuisset</strong></span> <span class='ocrx_word' id='word_1_182' title='bbox 477 2367 543 2421; x_wconf 88' lang='lat' dir='ltr'><strong>ad</strong></span> <span class='ocrx_word' id='word_1_183' title='bbox 577 2368 842 2439; x_wconf 89' lang='lat' dir='ltr'><strong>quietem.</strong></span> 
     </span>
    </p>
   </div>
   <div class='ocr_carea' id='block_1_26' title="bbox 318 2458 1827 2542">
    <p class='ocr_par' dir='ltr' id='par_1_26' title="bbox 318 2458 1827 2542">
     <span class='ocr_line' id='line_1_26' title="bbox 318 2458 1827 2542; baseline 0.009 -28"><span class='ocrx_word' id='word_1_184' title='bbox 318 2458 383 2517; x_wconf 90' lang='lat' dir='ltr'><strong>ll.</strong></span> <span class='ocrx_word' id='word_1_185' title='bbox 417 2460 485 2515; x_wconf 87' lang='lat' dir='ltr'><strong>Et</strong></span> <span class='ocrx_word' id='word_1_186' title='bbox 507 2478 607 2534; x_wconf 89' lang='lat' dir='ltr'><strong>ego</strong></span> <span class='ocrx_word' id='word_1_187' title='bbox 638 2479 764 2519; x_wconf 89' lang='lat' dir='ltr'><strong>cum</strong></span> <span class='ocrx_word' id='word_1_188' title='bbox 806 2465 1115 2523; x_wconf 88' lang='lat' dir='ltr'><strong>audissem:</strong></span> <span class='ocrx_word' id='word_1_189' title='bbox 1150 2468 1389 2539; x_wconf 91' lang='lat' dir='ltr'><strong>Optime,</strong></span> <span class='ocrx_word' id='word_1_190' title='bbox 1440 2470 1692 2542; x_wconf 88' lang='lat' dir='ltr'><strong>inquam,</strong></span> <span class='ocrx_word' id='word_1_191' title='bbox 1742 2470 1827 2528; x_wconf 86' lang='lat' dir='ltr'><strong>di-</strong></span> 
     </span>
    </p>
   </div>
   <div class='ocr_carea' id='block_1_27' title="bbox 241 2550 1829 2626">
    <p class='ocr_par' dir='ltr' id='par_1_27' title="bbox 241 2550 1829 2626">
     <span class='ocr_line' id='line_1_27' title="bbox 241 2550 1829 2626; baseline 0.008 -23"><span class='ocrx_word' id='word_1_192' title='bbox 241 2551 403 2616; x_wconf 72' lang='lat' dir='ltr'><strong>xisti,</strong></span> <span class='ocrx_word' id='word_1_193' title='bbox 436 2550 621 2620; x_wconf 88' lang='lat' dir='ltr'><strong>Petre,</strong></span> <span class='ocrx_word' id='word_1_194' title='bbox 642 2556 769 2626; x_wconf 88' lang='lat' dir='ltr'><strong>quia</strong></span> <span class='ocrx_word' id='word_1_195' title='bbox 792 2558 1134 2614; x_wconf 88' lang='lat' dir='ltr'><strong>consuetudo</strong></span> <span class='ocrx_word' id='word_1_196' title='bbox 1150 2560 1552 2617; x_wconf 88' lang='lat' dir='ltr'><strong>consuetudine</strong></span> <span class='ocrx_word' id='word_1_197' title='bbox 1581 2577 1829 2617; x_wconf 86' lang='lat' dir='ltr'><strong>commu-</strong></span> 
     </span>
    </p>
   </div>
   <div class='ocr_carea' id='block_1_28' title="bbox 240 2643 1827 2723">
    <p class='ocr_par' dir='ltr' id='par_1_28' title="bbox 240 2643 1827 2723">
     <span class='ocr_line' id='line_1_28' title="bbox 240 2643 1827 2723; baseline 0.008 -28"><span class='ocrx_word' id='word_1_198' title='bbox 240 2651 418 2700; x_wconf 85' lang='lat' dir='ltr'><strong>tatur.</strong></span> <span class='ocrx_word' id='word_1_199' title='bbox 452 2643 587 2699; x_wconf 89' lang='lat' dir='ltr'><strong>Nam</strong></span> <span class='ocrx_word' id='word_1_200' title='bbox 628 2656 684 2703; x_wconf 88' lang='lat' dir='ltr'><strong>et</strong></span> <span class='ocrx_word' id='word_1_201' title='bbox 714 2663 814 2719; x_wconf 88' lang='lat' dir='ltr'><strong>ego</strong></span> <span class='ocrx_word' id='word_1_202' title='bbox 840 2664 964 2704; x_wconf 93' lang='lat' dir='ltr'><strong>cum</strong></span> <span class='ocrx_word' id='word_1_203' title='bbox 986 2651 1300 2721; x_wconf 79' lang='lat' dir='ltr'><strong>navigarem</strong></span> <span class='ocrx_word' id='word_1_204' title='bbox 1333 2653 1508 2723; x_wconf 88' lang='lat' dir='ltr'><strong>primo</strong></span> <span class='ocrx_word' id='word_1_205' title='bbox 1563 2654 1827 2709; x_wconf 77' lang='lat' dir='ltr'><strong>turbabat-</strong></span> 
     </span>
    </p>
   </div>
   <div class='ocr_carea' id='block_1_29' title="bbox 240 2735 1828 2817">
    <p class='ocr_par' dir='ltr' id='par_1_29' title="bbox 240 2735 1828 2817">
     <span class='ocr_line' id='line_1_29' title="bbox 240 2735 1828 2817; baseline 0.007 -28"><span class='ocrx_word' id='word_1_206' title='bbox 240 2744 302 2790; x_wconf 88' lang='lat' dir='ltr'><strong>et</strong></span> <span class='ocrx_word' id='word_1_207' title='bbox 333 2735 480 2792; x_wconf 90' lang='lat' dir='ltr'><strong>intra</strong></span> <span class='ocrx_word' id='word_1_208' title='bbox 512 2754 599 2795; x_wconf 89' lang='lat' dir='ltr'><strong>me</strong></span> <span class='ocrx_word' id='word_1_209' title='bbox 626 2740 761 2794; x_wconf 84' lang='lat' dir='ltr'><strong>mihi</strong></span> <span class='ocrx_word' id='word_1_210' title='bbox 793 2743 977 2796; x_wconf 90' lang='lat' dir='ltr'><strong>omnia</strong></span> <span class='ocrx_word' id='word_1_211' title='bbox 1007 2744 1392 2809; x_wconf 87' lang='lat' dir='ltr'><strong>vertebantur,</strong></span> <span class='ocrx_word' id='word_1_212' title='bbox 1427 2744 1506 2800; x_wconf 90' lang='lat' dir='ltr'><strong>ita</strong></span> <span class='ocrx_word' id='word_1_213' title='bbox 1534 2756 1593 2800; x_wconf 89' lang='lat' dir='ltr'><strong>ut</strong></span> <span class='ocrx_word' id='word_1_214' title='bbox 1622 2746 1828 2817; x_wconf 82' lang='lat' dir='ltr'><strong>suggil-</strong></span> 
     </span>
    </p>
   </div>
   <div class='ocr_carea' id='block_1_30' title="bbox 243 2828 1828 2911">
    <p class='ocr_par' dir='ltr' id='par_1_30' title="bbox 243 2828 1828 2911">
     <span class='ocr_line' id='line_1_30' title="bbox 243 2828 1828 2911; baseline 0.01 -30"><span class='ocrx_word' id='word_1_215' title='bbox 243 2828 353 2884; x_wconf 92' lang='lat' dir='ltr'><strong>lari</strong></span> <span class='ocrx_word' id='word_1_216' title='bbox 377 2831 594 2888; x_wconf 90' lang='lat' dir='ltr'><strong>viderer</strong></span> <span class='ocrx_word' id='word_1_217' title='bbox 615 2850 717 2889; x_wconf 91' lang='lat' dir='ltr'><strong>nec</strong></span> <span class='ocrx_word' id='word_1_218' title='bbox 742 2833 885 2891; x_wconf 71' lang='lat' dir='ltr'><strong>ferre</strong></span> <span class='ocrx_word' id='word_1_219' title='bbox 912 2851 1130 2906; x_wconf 90' lang='lat' dir='ltr'><strong>possem</strong></span> <span class='ocrx_word' id='word_1_220' title='bbox 1154 2837 1405 2892; x_wconf 87' lang='lat' dir='ltr'><strong>brumam</strong></span> <span class='ocrx_word' id='word_1_221' title='bbox 1436 2837 1551 2911; x_wconf 74' lang='grc' dir='ltr'><strong>(ϐο)</strong></span> <span class='ocrx_word' id='word_1_222' title='bbox 1577 2850 1630 2895; x_wconf 86' lang='lat' dir='ltr'><strong>et</strong></span> <span class='ocrx_word' id='word_1_223' title='bbox 1658 2842 1828 2896; x_wconf 90' lang='lat' dir='ltr'><strong>mole-</strong></span> 
     </span>
    </p>
   </div>
   <div class='ocr_carea' id='block_1_31' title="bbox 243 2923 1828 2999">
    <p class='ocr_par' dir='ltr' id='par_1_31' title="bbox 243 2923 1828 2999">
     <span class='ocr_line' id='line_1_31' title="bbox 243 2923 1828 2999; baseline 0.006 -22"><span class='ocrx_word' id='word_1_224' title='bbox 243 2923 413 2977; x_wconf 89' lang='lat' dir='ltr'><strong>stiam</strong></span> <span class='ocrx_word' id='word_1_225' title='bbox 437 2925 629 2990; x_wconf 88' lang='lat' dir='ltr'><strong>maris,</strong></span> <span class='ocrx_word' id='word_1_226' title='bbox 658 2934 783 2997; x_wconf 87' lang='lat' dir='ltr'><strong>post</strong></span> <span class='ocrx_word' id='word_1_227' title='bbox 807 2944 1014 2999; x_wconf 87' lang='lat' dir='ltr'><strong>paucos</strong></span> <span class='ocrx_word' id='word_1_228' title='bbox 1035 2938 1217 2985; x_wconf 88' lang='lat' dir='ltr'><strong>autem</strong></span> <span class='ocrx_word' id='word_1_229' title='bbox 1236 2930 1357 2986; x_wconf 88' lang='lat' dir='ltr'><strong>dies</strong></span> <span class='ocrx_word' id='word_1_230' title='bbox 1374 2930 1466 2986; x_wconf 87' lang='lat' dir='ltr'><strong>ubi</strong></span> <span class='ocrx_word' id='word_1_231' title='bbox 1486 2931 1828 2987; x_wconf 86' lang='lat' dir='ltr'><strong>consuetudo</strong></span> 
     </span>
    </p>
   </div>
   <div class='ocr_carea' id='block_1_32' title="bbox 244 3013 1827 3093">
    <p class='ocr_par' dir='ltr' id='par_1_32' title="bbox 244 3013 1827 3093">
     <span class='ocr_line' id='line_1_32' title="bbox 244 3013 1827 3093; baseline 0.006 -26"><span class='ocrx_word' id='word_1_232' title='bbox 244 3013 393 3069; x_wconf 88' lang='lat' dir='ltr'><strong>facta</strong></span> <span class='ocrx_word' id='word_1_233' title='bbox 422 3023 529 3081; x_wconf 91' lang='lat' dir='ltr'><strong>est,</strong></span> <span class='ocrx_word' id='word_1_234' title='bbox 557 3018 921 3075; x_wconf 88' lang='lat' dir='ltr'><strong>tolerabiliter</strong></span> <span class='ocrx_word' id='word_1_235' title='bbox 950 3020 1092 3076; x_wconf 88' lang='lat' dir='ltr'><strong>ferre</strong></span> <span class='ocrx_word' id='word_1_236' title='bbox 1122 3022 1286 3093; x_wconf 74' lang='lat' dir='ltr'><strong>ccepi,</strong></span> <span class='ocrx_word' id='word_1_237' title='bbox 1308 3023 1385 3076; x_wconf 79' lang='lat' dir='ltr'><strong>ita</strong></span> <span class='ocrx_word' id='word_1_238' title='bbox 1413 3028 1473 3077; x_wconf 92' lang='lat' dir='ltr'><strong>ut</strong></span> <span class='ocrx_word' id='word_1_239' title='bbox 1506 3038 1666 3077; x_wconf 89' lang='lat' dir='ltr'><strong>mane</strong></span> <span class='ocrx_word' id='word_1_240' title='bbox 1711 3031 1827 3079; x_wconf 88' lang='lat' dir='ltr'><strong>sta-</strong></span> 
     </span>
    </p>
   </div>
   <div class='ocr_carea' id='block_1_33' title="bbox 241 3112 1896 3205">
    <p class='ocr_par' dir='ltr' id='par_1_33' title="bbox 241 3112 1896 3205">
     <span class='ocr_line' id='line_1_33' title="bbox 241 3112 1896 3205; baseline 0.005 -40"><span class='ocrx_word' id='word_1_241' title='bbox 241 3112 344 3166; x_wconf 90' lang='lat' dir='ltr'><strong>tim</strong></span> <span class='ocrx_word' id='word_1_242' title='bbox 373 3128 481 3168; x_wconf 87' lang='lat' dir='ltr'><strong>una</strong></span> <span class='ocrx_word' id='word_1_243' title='bbox 513 3128 640 3169; x_wconf 91' lang='lat' dir='ltr'><strong>cum</strong></span> <span class='ocrx_word' id='word_1_244' title='bbox 670 3116 856 3172; x_wconf 90' lang='lat' dir='ltr'><strong>nautis</strong></span> <span class='ocrx_word' id='word_1_245' title='bbox 892 3116 1076 3171; x_wconf 85' lang='lat' dir='ltr'><strong>cibum</strong></span> <span class='ocrx_word' id='word_1_246' title='bbox 1106 3133 1323 3173; x_wconf 85' lang='lat' dir='ltr'><strong>sumere</strong></span> <span class='ocrx_word' id='word_1_247' title='bbox 1348 3118 1669 3182; x_wconf 89' lang='lat' dir='ltr'><strong>delectarer,</strong></span> <span class='ocrx_word' id='word_1_248' title='bbox 1698 3133 1822 3173; x_wconf 91' lang='lat' dir='ltr'><strong>eum</strong></span> <span class='ocrx_word' id='word_1_249' title='bbox 1852 3147 1896 3205; x_wconf 66' lang='grc' dir='ltr'>ο</span> 
     </span>
    </p>
   </div>
   <div class='ocr_carea' id='block_1_34' title="bbox 241 3204 1827 3279">
    <p class='ocr_par' dir='ltr' id='par_1_34' title="bbox 241 3204 1827 3279">
     <span class='ocr_line' id='line_1_34' title="bbox 241 3204 1827 3279; baseline 0.006 -24"><span class='ocrx_word' id='word_1_250' title='bbox 241 3204 401 3275; x_wconf 86' lang='lat' dir='ltr'><strong>prius</strong></span> <span class='ocrx_word' id='word_1_251' title='bbox 452 3213 579 3261; x_wconf 89' lang='lat' dir='ltr'><strong>ante</strong></span> <span class='ocrx_word' id='word_1_252' title='bbox 627 3206 816 3261; x_wconf 90' lang='lat' dir='ltr'><strong>horam</strong></span> <span class='ocrx_word' id='word_1_253' title='bbox 849 3208 1135 3278; x_wconf 87' lang='lat' dir='ltr'><strong>septimam</strong></span> <span class='ocrx_word' id='word_1_254' title='bbox 1172 3208 1423 3279; x_wconf 88' lang='lat' dir='ltr'><strong>capiendi</strong></span> <span class='ocrx_word' id='word_1_255' title='bbox 1453 3209 1561 3264; x_wconf 93' lang='lat' dir='ltr'><strong>cibi</strong></span> <span class='ocrx_word' id='word_1_256' title='bbox 1593 3224 1827 3265; x_wconf 81' lang='lat' dir='ltr'><strong>consue-</strong></span> 
     </span>
    </p>
   </div>
   <div class='ocr_carea' id='block_1_35' title="bbox 243 3298 1825 3374">
    <p class='ocr_par' dir='ltr' id='par_1_35' title="bbox 243 3298 1825 3374">
     <span class='ocr_line' id='line_1_35' title="bbox 243 3298 1825 3374; baseline 0.003 -23"><span class='ocrx_word' id='word_1_257' title='bbox 243 3298 385 3353; x_wconf 91' lang='lat' dir='ltr'><strong>tudo</strong></span> <span class='ocrx_word' id='word_1_258' title='bbox 420 3315 530 3354; x_wconf 90' lang='lat' dir='ltr'><strong>non</strong></span> <span class='ocrx_word' id='word_1_259' title='bbox 562 3308 730 3356; x_wconf 90' lang='lat' dir='ltr'><strong>esset.</strong></span> <span class='ocrx_word' id='word_1_260' title='bbox 760 3300 917 3356; x_wconf 88' lang='lat' dir='ltr'><strong>Nunc</strong></span> <span class='ocrx_word' id='word_1_261' title='bbox 946 3318 1079 3374; x_wconf 86' lang='lat' dir='ltr'><strong>ergo</strong></span> <span class='ocrx_word' id='word_1_262' title='bbox 1118 3319 1184 3359; x_wconf 80' lang='lat' dir='ltr'><strong>ex</strong></span> <span class='ocrx_word' id='word_1_263' title='bbox 1209 3303 1315 3358; x_wconf 91' lang='lat' dir='ltr'><strong>ista</strong></span> <span class='ocrx_word' id='word_1_264' title='bbox 1363 3304 1479 3357; x_wconf 85' lang='lat' dir='ltr'><strong>sola</strong></span> <span class='ocrx_word' id='word_1_265' title='bbox 1525 3309 1825 3359; x_wconf 87' lang='lat' dir='ltr'><strong>consuetu-</strong></span> 
     </span>
    </p>
   </div>
   <div class='ocr_carea' id='block_1_36' title="bbox 243 3389 1827 3464">
    <p class='ocr_par' dir='ltr' id='par_1_36' title="bbox 243 3389 1827 3464">
     <span class='ocr_line' id='line_1_36' title="bbox 243 3389 1827 3464; baseline 0.005 -22"><span class='ocrx_word' id='word_1_266' title='bbox 243 3389 397 3453; x_wconf 89' lang='lat' dir='ltr'><strong>dine,</strong></span> <span class='ocrx_word' id='word_1_267' title='bbox 424 3393 571 3445; x_wconf 88' lang='lat' dir='ltr'><strong>circa</strong></span> <span class='ocrx_word' id='word_1_268' title='bbox 603 3391 737 3447; x_wconf 92' lang='lat' dir='ltr'><strong>illud</strong></span> <span class='ocrx_word' id='word_1_269' title='bbox 786 3401 1002 3464; x_wconf 91' lang='lat' dir='ltr'><strong>tempus</strong></span> <span class='ocrx_word' id='word_1_270' title='bbox 1031 3411 1140 3464; x_wconf 92' lang='lat' dir='ltr'><strong>quo</strong></span> <span class='ocrx_word' id='word_1_271' title='bbox 1168 3394 1454 3449; x_wconf 89' lang='lat' dir='ltr'><strong>comedere</strong></span> <span class='ocrx_word' id='word_1_272' title='bbox 1483 3410 1608 3451; x_wconf 91' lang='lat' dir='ltr'><strong>cum</strong></span> <span class='ocrx_word' id='word_1_273' title='bbox 1640 3395 1827 3450; x_wconf 90' lang='lat' dir='ltr'><strong>nautis</strong></span> 
     </span>
    </p>
   </div>
   <div class='ocr_carea' id='block_1_37' title="bbox 244 3481 1827 3557">
    <p class='ocr_par' dir='ltr' id='par_1_37' title="bbox 244 3481 1827 3557">
     <span class='ocr_line' id='line_1_37' title="bbox 244 3481 1827 3557; baseline 0.006 -22"><span class='ocrx_word' id='word_1_274' title='bbox 244 3481 515 3545; x_wconf 87' lang='lat' dir='ltr'><strong>solebam,</strong></span> <span class='ocrx_word' id='word_1_275' title='bbox 559 3484 774 3539; x_wconf 83' lang='lat' dir='ltr'><strong>esuries</strong></span> <span class='ocrx_word' id='word_1_276' title='bbox 808 3485 1064 3539; x_wconf 87' lang='lat' dir='ltr'><strong>admonet</strong></span> <span class='ocrx_word' id='word_1_277' title='bbox 1089 3502 1195 3550; x_wconf 91' lang='lat' dir='ltr'><strong>me,</strong></span> <span class='ocrx_word' id='word_1_278' title='bbox 1227 3486 1375 3557; x_wconf 91' lang='lat' dir='ltr'><strong>quod</strong></span> <span class='ocrx_word' id='word_1_279' title='bbox 1421 3494 1603 3542; x_wconf 91' lang='lat' dir='ltr'><strong>tamen</strong></span> <span class='ocrx_word' id='word_1_280' title='bbox 1631 3503 1827 3544; x_wconf 85' lang='lat' dir='ltr'><strong>rursus</strong></span> 
     </span>
    </p>
   </div>
   <div class='ocr_carea' id='block_1_38' title="bbox 243 3567 1828 3643">
    <p class='ocr_par' dir='ltr' id='par_1_38' title="bbox 243 3567 1828 3643">
     <span class='ocr_line' id='line_1_38' title="bbox 243 3567 1828 3643; baseline 0.008 -22"><span class='ocrx_word' id='word_1_281' title='bbox 243 3567 629 3640; x_wconf 87' lang='lat' dir='ltr'><strong>depellendum</strong></span> <span class='ocrx_word' id='word_1_282' title='bbox 657 3589 842 3643; x_wconf 91' lang='lat' dir='ltr'><strong>spero,</strong></span> <span class='ocrx_word' id='word_1_283' title='bbox 875 3590 1000 3628; x_wconf 92' lang='lat' dir='ltr'><strong>cum</strong></span> <span class='ocrx_word' id='word_1_284' title='bbox 1030 3576 1137 3629; x_wconf 90' lang='lat' dir='ltr'><strong>alia</strong></span> <span class='ocrx_word' id='word_1_285' title='bbox 1168 3575 1333 3632; x_wconf 90' lang='lat' dir='ltr'><strong>fuerit</strong></span> <span class='ocrx_word' id='word_1_286' title='bbox 1361 3579 1702 3633; x_wconf 87' lang='lat' dir='ltr'><strong>consuetudo</strong></span> <span class='ocrx_word' id='word_1_287' title='bbox 1732 3595 1828 3634; x_wconf 87' lang='lat' dir='ltr'><strong>su-</strong></span> 
     </span>
    </p>
   </div>
   <div class='ocr_carea' id='block_1_39' title="bbox 244 3660 1828 3739">
    <p class='ocr_par' dir='ltr' id='par_1_39' title="bbox 244 3660 1828 3739">
     <span class='ocr_line' id='line_1_39' title="bbox 244 3660 1828 3739; baseline 0.007 -24"><span class='ocrx_word' id='word_1_288' title='bbox 244 3670 456 3732; x_wconf 85' lang='lat' dir='ltr'><strong>scepta.</strong></span> <span class='ocrx_word' id='word_1_289' title='bbox 493 3660 672 3719; x_wconf 90' lang='lat' dir='ltr'><strong>Credo</strong></span> <span class='ocrx_word' id='word_1_290' title='bbox 703 3681 836 3737; x_wconf 90' lang='lat' dir='ltr'><strong>ergo</strong></span> <span class='ocrx_word' id='word_1_291' title='bbox 860 3667 1025 3721; x_wconf 89' lang='lat' dir='ltr'><strong>etiam</strong></span> <span class='ocrx_word' id='word_1_292' title='bbox 1062 3668 1161 3723; x_wconf 92' lang='lat' dir='ltr'><strong>tibi</strong></span> <span class='ocrx_word' id='word_1_293' title='bbox 1182 3669 1491 3739; x_wconf 84' lang='lat' dir='ltr'><strong>vigiliarum</strong></span> <span class='ocrx_word' id='word_1_294' title='bbox 1530 3679 1828 3725; x_wconf 88' lang='lat' dir='ltr'><strong>consuetu-</strong></span> 
     </span>
    </p>
   </div>
   <div class='ocr_carea' id='block_1_40' title="bbox 243 3753 1826 3835">
    <p class='ocr_par' dir='ltr' id='par_1_40' title="bbox 243 3753 1826 3835">
     <span class='ocr_line' id='line_1_40' title="bbox 243 3753 1826 3835; baseline 0.008 -27"><span class='ocrx_word' id='word_1_295' title='bbox 243 3753 455 3821; x_wconf 86' lang='lat' dir='ltr'><strong>dinem,</strong></span> <span class='ocrx_word' id='word_1_296' title='bbox 489 3764 549 3810; x_wconf 91' lang='lat' dir='ltr'><strong>ut</strong></span> <span class='ocrx_word' id='word_1_297' title='bbox 590 3758 868 3827; x_wconf 86' lang='lat' dir='ltr'><strong>perhibes,</strong></span> <span class='ocrx_word' id='word_1_298' title='bbox 899 3762 1240 3831; x_wconf 89' lang='lat' dir='ltr'><strong>institutam;</strong></span> <span class='ocrx_word' id='word_1_299' title='bbox 1292 3772 1348 3818; x_wconf 90' lang='lat' dir='ltr'><strong>et</strong></span> <span class='ocrx_word' id='word_1_300' title='bbox 1376 3772 1683 3835; x_wconf 80' lang='lat' dir='ltr'><strong>Opportune</strong></span> <span class='ocrx_word' id='word_1_301' title='bbox 1722 3765 1826 3821; x_wconf 89' lang='lat' dir='ltr'><strong>hoc</strong></span> 
     </span>
    </p>
   </div>
   <div class='ocr_carea' id='block_1_41' title="bbox 244 3850 1825 3925">
    <p class='ocr_par' dir='ltr' id='par_1_41' title="bbox 244 3850 1825 3925">
     <span class='ocr_line' id='line_1_41' title="bbox 244 3850 1825 3925; baseline 0.008 -26"><span class='ocrx_word' id='word_1_302' title='bbox 244 3859 522 3915; x_wconf 83' lang='lat' dir='ltr'><strong>exponere</strong></span> <span class='ocrx_word' id='word_1_303' title='bbox 553 3850 799 3917; x_wconf 87' lang='lat' dir='ltr'><strong>voluisti,</strong></span> <span class='ocrx_word' id='word_1_304' title='bbox 830 3859 890 3905; x_wconf 88' lang='lat' dir='ltr'><strong>ut</strong></span> <span class='ocrx_word' id='word_1_305' title='bbox 930 3860 984 3907; x_wconf 91' lang='lat' dir='ltr'><strong>et</strong></span> <span class='ocrx_word' id='word_1_306' title='bbox 1007 3869 1107 3909; x_wconf 89' lang='lat' dir='ltr'><strong>nos</strong></span> <span class='ocrx_word' id='word_1_307' title='bbox 1139 3854 1541 3925; x_wconf 87' lang='lat' dir='ltr'><strong>aliquantulum</strong></span> <span class='ocrx_word' id='word_1_308' title='bbox 1576 3857 1756 3912; x_wconf 88' lang='lat' dir='ltr'><strong>somni</strong></span> <span class='ocrx_word' id='word_1_309' title='bbox 1795 3872 1825 3911; x_wconf 89' lang='lat' dir='ltr'><strong>a</strong></span> 
     </span>
    </p>
   </div>
   <div class='ocr_carea' id='block_1_42' title="bbox 244 3938 1828 4020">
    <p class='ocr_par' dir='ltr' id='par_1_42' title="bbox 244 3938 1828 4020">
     <span class='ocr_line' id='line_1_42' title="bbox 244 3938 1828 4020; baseline 0.008 -27"><span class='ocrx_word' id='word_1_310' title='bbox 244 3938 411 3995; x_wconf 87' lang='lat' dir='ltr'><strong>nobis</strong></span> <span class='ocrx_word' id='word_1_311' title='bbox 440 3939 679 4009; x_wconf 91' lang='lat' dir='ltr'><strong>abjiecre</strong></span> <span class='ocrx_word' id='word_1_312' title='bbox 704 3951 870 4012; x_wconf 89' lang='lat' dir='ltr'><strong>atque</strong></span> <span class='ocrx_word' id='word_1_313' title='bbox 892 3944 1133 4016; x_wconf 78' lang='lat' dir='ltr'><strong>elfugare</strong></span> <span class='ocrx_word' id='word_1_314' title='bbox 1164 3961 1274 4002; x_wconf 92' lang='lat' dir='ltr'><strong>non</strong></span> <span class='ocrx_word' id='word_1_315' title='bbox 1304 3948 1511 4019; x_wconf 89' lang='lat' dir='ltr'><strong>pigeat,</strong></span> <span class='ocrx_word' id='word_1_316' title='bbox 1546 3957 1607 4003; x_wconf 89' lang='lat' dir='ltr'><strong>ut</strong></span> <span class='ocrx_word' id='word_1_317' title='bbox 1648 3951 1828 4020; x_wconf 87' lang='lat' dir='ltr'><strong>possi-</strong></span> 
     </span>
    </p>
   </div>
   <div class='ocr_carea' id='block_1_43' title="bbox 243 4034 1826 4113">
    <p class='ocr_par' dir='ltr' id='par_1_43' title="bbox 243 4034 1826 4113">
     <span class='ocr_line' id='line_1_43' title="bbox 243 4034 1826 4113; baseline 0.008 -27"><span class='ocrx_word' id='word_1_318' title='bbox 243 4048 372 4088; x_wconf 87' lang='lat' dir='ltr'><strong>mus</strong></span> <span class='ocrx_word' id='word_1_319' title='bbox 401 4034 667 4091; x_wconf 72' lang='lat' dir='ltr'><strong>doctrina:</strong></span> <span class='ocrx_word' id='word_1_320' title='bbox 695 4038 931 4093; x_wconf 87' lang='lat' dir='ltr'><strong>viventis</strong></span> <span class='ocrx_word' id='word_1_321' title='bbox 953 4038 1202 4093; x_wconf 89' lang='lat' dir='ltr'><strong>instituta</strong></span> <span class='ocrx_word' id='word_1_322' title='bbox 1224 4042 1523 4113; x_wconf 88' lang='lat' dir='ltr'><strong>suscipere.</strong></span> <span class='ocrx_word' id='word_1_323' title='bbox 1552 4042 1655 4098; x_wconf 89' lang='lat' dir='ltr'><strong>Ubi</strong></span> <span class='ocrx_word' id='word_1_324' title='bbox 1681 4044 1826 4098; x_wconf 90' lang='lat' dir='ltr'><strong>enim</strong></span> 
     </span>
    </p>
   </div>
   <div class='ocr_carea' id='block_1_44' title="bbox 244 4125 1827 4203">
    <p class='ocr_par' dir='ltr' id='par_1_44' title="bbox 244 4125 1827 4203">
     <span class='ocr_line' id='line_1_44' title="bbox 244 4125 1827 4203; baseline 0.007 -24"><span class='ocrx_word' id='word_1_325' title='bbox 244 4125 463 4181; x_wconf 88' lang='lat' dir='ltr'><strong>decocti</strong></span> <span class='ocrx_word' id='word_1_326' title='bbox 488 4127 691 4183; x_wconf 90' lang='lat' dir='ltr'><strong>fuerint</strong></span> <span class='ocrx_word' id='word_1_327' title='bbox 724 4129 833 4183; x_wconf 87' lang='lat' dir='ltr'><strong>cibi</strong></span> <span class='ocrx_word' id='word_1_328' title='bbox 854 4138 909 4184; x_wconf 92' lang='lat' dir='ltr'><strong>et</strong></span> <span class='ocrx_word' id='word_1_329' title='bbox 936 4146 1090 4186; x_wconf 90' lang='lat' dir='ltr'><strong>mens</strong></span> <span class='ocrx_word' id='word_1_330' title='bbox 1126 4133 1399 4203; x_wconf 87' lang='lat' dir='ltr'><strong>acceperit</strong></span> <span class='ocrx_word' id='word_1_331' title='bbox 1428 4141 1699 4190; x_wconf 87' lang='lat' dir='ltr'><strong>nocturna</strong></span> <span class='ocrx_word' id='word_1_332' title='bbox 1748 4136 1827 4189; x_wconf 88' lang='lat' dir='ltr'><strong>si-</strong></span> 
     </span>
    </p>
   </div>
   <div class='ocr_carea' id='block_1_45' title="bbox 243 4215 1662 4289">
    <p class='ocr_par' dir='ltr' id='par_1_45' title="bbox 243 4215 1662 4289">
     <span class='ocr_line' id='line_1_45' title="bbox 243 4215 1662 4289; baseline 0.006 -20"><span class='ocrx_word' id='word_1_333' title='bbox 243 4215 441 4278; x_wconf 88' lang='lat' dir='ltr'><strong>lentia,</strong></span> <span class='ocrx_word' id='word_1_334' title='bbox 462 4218 928 4286; x_wconf 85' lang='lat' dir='ltr'><strong>Opportunissime</strong></span> <span class='ocrx_word' id='word_1_335' title='bbox 956 4235 1077 4289; x_wconf 64' lang='lat' dir='ltr'><strong>quae</strong></span> <span class='ocrx_word' id='word_1_336' title='bbox 1104 4221 1372 4276; x_wconf 89' lang='lat' dir='ltr'><strong>docentur</strong></span> <span class='ocrx_word' id='word_1_337' title='bbox 1402 4222 1662 4279; x_wconf 90' lang='lat' dir='ltr'><strong>insident.</strong></span> 
     </span>
    </p>
   </div>
   <div class='ocr_carea' id='block_1_46' title="bbox 319 4306 1828 4383">
    <p class='ocr_par' dir='ltr' id='par_1_46' title="bbox 319 4306 1828 4383">
     <span class='ocr_line' id='line_1_46' title="bbox 319 4306 1828 4383; baseline 0.005 -22"><span class='ocrx_word' id='word_1_338' title='bbox 319 4306 408 4361; x_wconf 89' lang='lat' dir='ltr'><strong>Ill.</strong></span> <span class='ocrx_word' id='word_1_339' title='bbox 444 4307 511 4361; x_wconf 87' lang='lat' dir='ltr'><strong>Et</strong></span> <span class='ocrx_word' id='word_1_340' title='bbox 536 4307 731 4363; x_wconf 86' lang='lat' dir='ltr'><strong>Petrus</strong></span> <span class='ocrx_word' id='word_1_341' title='bbox 761 4310 995 4365; x_wconf 90' lang='lat' dir='ltr'><strong>libenter</strong></span> <span class='ocrx_word' id='word_1_342' title='bbox 1023 4312 1321 4380; x_wconf 91' lang='lat' dir='ltr'><strong>accipiens,</strong></span> <span class='ocrx_word' id='word_1_343' title='bbox 1369 4313 1517 4383; x_wconf 93' lang='lat' dir='ltr'><strong>quod</strong></span> <span class='ocrx_word' id='word_1_344' title='bbox 1547 4314 1828 4370; x_wconf 77' lang='lat' dir='ltr'><strong>intellexe-</strong></span> 
     </span>
    </p>
   </div>
   <div class='ocr_carea' id='block_1_47' title="bbox 244 4397 1825 4468">
    <p class='ocr_par' dir='ltr' id='par_1_47' title="bbox 244 4397 1825 4468">
     <span class='ocr_line' id='line_1_47' title="bbox 244 4397 1825 4468; baseline 0.003 -17"><span class='ocrx_word' id='word_1_345' title='bbox 244 4400 353 4451; x_wconf 83' lang='lat' dir='ltr'><strong>rim</strong></span> <span class='ocrx_word' id='word_1_346' title='bbox 385 4397 720 4468; x_wconf 74' lang='lat' dir='ltr'><strong>przefationis</strong></span> <span class='ocrx_word' id='word_1_347' title='bbox 746 4399 867 4467; x_wconf 85' lang='lat' dir='ltr'><strong>ejus</strong></span> <span class='ocrx_word' id='word_1_348' title='bbox 890 4414 1113 4455; x_wconf 90' lang='lat' dir='ltr'><strong>causam</strong></span> <span class='ocrx_word' id='word_1_349' title='bbox 1151 4400 1218 4454; x_wconf 91' lang='lat' dir='ltr'><strong>ad</strong></span> <span class='ocrx_word' id='word_1_350' title='bbox 1256 4402 1549 4457; x_wconf 85' lang='lat' dir='ltr'><strong>utilitatem</strong></span> <span class='ocrx_word' id='word_1_351' title='bbox 1580 4412 1825 4457; x_wconf 90' lang='lat' dir='ltr'><strong>nostram</strong></span> 
     </span>
    </p>
   </div>
   <div class='ocr_carea' id='block_1_48' title="bbox 1925 529 3501 591">
    <p class='ocr_par' dir='ltr' id='par_1_48' title="bbox 1925 529 3501 591">
     <span class='ocr_line' id='line_1_48' title="bbox 1925 529 3501 591; baseline 0.005 -8"><span class='ocrx_word' id='word_1_352' title='bbox 1925 529 2091 583; x_wconf 88' lang='lat' dir='ltr'><strong>verba</strong></span> <span class='ocrx_word' id='word_1_353' title='bbox 2122 529 2397 585; x_wconf 86' lang='lat' dir='ltr'><strong>credenda</strong></span> <span class='ocrx_word' id='word_1_354' title='bbox 2429 532 2595 585; x_wconf 82' lang='lat' dir='ltr'><strong>sunt?</strong></span> <span class='ocrx_word' id='word_1_355' title='bbox 2624 529 2859 591; x_wconf 86' lang='lat' dir='ltr'><strong>Solliciti</strong></span> <span class='ocrx_word' id='word_1_356' title='bbox 2889 534 3037 589; x_wconf 90' lang='lat' dir='ltr'><strong>enim</strong></span> <span class='ocrx_word' id='word_1_357' title='bbox 3079 541 3135 588; x_wconf 89' lang='lat' dir='ltr'><strong>et</strong></span> <span class='ocrx_word' id='word_1_358' title='bbox 3164 536 3320 590; x_wconf 89' lang='lat' dir='ltr'><strong>valde</strong></span> <span class='ocrx_word' id='word_1_359' title='bbox 3348 535 3501 591; x_wconf 82' lang='lat' dir='ltr'><strong>solli-</strong></span> 
     </span>
    </p>
   </div>
   <div class='ocr_carea' id='block_1_49' title="bbox 1925 620 3500 697">
    <p class='ocr_par' dir='ltr' id='par_1_49' title="bbox 1925 620 3500 697">
     <span class='ocr_line' id='line_1_49' title="bbox 1925 620 3500 697; baseline 0.005 -22"><span class='ocrx_word' id='word_1_360' title='bbox 1925 620 2023 675; x_wconf 89' lang='lat' dir='ltr'><strong>citi</strong></span> <span class='ocrx_word' id='word_1_361' title='bbox 2054 637 2177 677; x_wconf 89' lang='lat' dir='ltr'><strong>esse</strong></span> <span class='ocrx_word' id='word_1_362' title='bbox 2205 620 2490 686; x_wconf 88' lang='lat' dir='ltr'><strong>debemus,</strong></span> <span class='ocrx_word' id='word_1_363' title='bbox 2519 639 2589 681; x_wconf 87' lang='lat' dir='ltr'><strong>ne</strong></span> <span class='ocrx_word' id='word_1_364' title='bbox 2610 624 2939 697; x_wconf 86' lang='lat' dir='ltr'><strong>margaritas</strong></span> <span class='ocrx_word' id='word_1_365' title='bbox 2966 631 3187 680; x_wconf 87' lang='lat' dir='ltr'><strong>nostras</strong></span> <span class='ocrx_word' id='word_1_366' title='bbox 3216 627 3500 684; x_wconf 85' lang='lat' dir='ltr'><strong>mittamus</strong></span> 
     </span>
    </p>
   </div>
   <div class='ocr_carea' id='block_1_50' title="bbox 1926 702 3505 784">
    <p class='ocr_par' dir='ltr' id='par_1_50' title="bbox 1926 702 3505 784">
     <span class='ocr_line' id='line_1_50' title="bbox 1926 702 3505 784; baseline 0.004 -18"><span class='ocrx_word' id='word_1_367' title='bbox 1926 720 2053 767; x_wconf 88' lang='lat' dir='ltr'><strong>ante</strong></span> <span class='ocrx_word' id='word_1_368' title='bbox 2085 730 2284 784; x_wconf 90' lang='lat' dir='ltr'><strong>porcos</strong></span> <span class='ocrx_word' id='word_1_369' title='bbox 2309 714 2373 771; x_wconf 82' lang='grc'><strong>¹⁸.</strong></span> <span class='ocrx_word' id='word_1_370' title='bbox 3502 702 3505 705; x_wconf 37' lang='grc'><em>’</em></span> 
     </span>
    </p>
   </div>
   <div class='ocr_carea' id='block_1_51' title="bbox 1997 808 3499 882">
    <p class='ocr_par' dir='ltr' id='par_1_51' title="bbox 1997 808 3499 882">
     <span class='ocr_line' id='line_1_51' title="bbox 1997 808 3499 882; baseline 0.003 -18"><span class='ocrx_word' id='word_1_371' title='bbox 1997 808 2086 866; x_wconf 86' lang='lat' dir='ltr'><strong>lV.</strong></span> <span class='ocrx_word' id='word_1_372' title='bbox 2128 808 2234 865; x_wconf 90' lang='lat' dir='ltr'><strong>Sed</strong></span> <span class='ocrx_word' id='word_1_373' title='bbox 2260 816 2315 865; x_wconf 91' lang='lat' dir='ltr'><strong>et</strong></span> <span class='ocrx_word' id='word_1_374' title='bbox 2344 809 2482 866; x_wconf 87' lang='lat' dir='ltr'><strong>alias</strong></span> <span class='ocrx_word' id='word_1_375' title='bbox 2502 809 2575 865; x_wconf 89' lang='lat' dir='ltr'><strong>ob</strong></span> <span class='ocrx_word' id='word_1_376' title='bbox 2618 824 2816 866; x_wconf 88' lang='lat' dir='ltr'><strong>causas</strong></span> <span class='ocrx_word' id='word_1_377' title='bbox 2858 810 2992 866; x_wconf 83' lang='lat' dir='ltr'><strong>utile</strong></span> <span class='ocrx_word' id='word_1_378' title='bbox 3042 810 3283 876; x_wconf 67' lang='lat' dir='ltr'><strong>est,&#39;viri</strong></span> <span class='ocrx_word' id='word_1_379' title='bbox 3332 811 3499 882; x_wconf 85' lang='lat' dir='ltr'><strong>hujus</strong></span> 
     </span>
    </p>
   </div>
   <div class='ocr_carea' id='block_1_52' title="bbox 1927 902 3499 976">
    <p class='ocr_par' dir='ltr' id='par_1_52' title="bbox 1927 902 3499 976">
     <span class='ocr_line' id='line_1_52' title="bbox 1927 902 3499 976; baseline 0.003 -20"><span class='ocrx_word' id='word_1_380' title='bbox 1927 902 2130 958; x_wconf 88' lang='lat' dir='ltr'><strong>habere</strong></span> <span class='ocrx_word' id='word_1_381' title='bbox 2164 918 2249 958; x_wconf 93' lang='lat' dir='ltr'><strong>me</strong></span> <span class='ocrx_word' id='word_1_382' title='bbox 2278 904 2554 959; x_wconf 88' lang='lat' dir='ltr'><strong>notitiam.</strong></span> <span class='ocrx_word' id='word_1_383' title='bbox 2616 902 2672 957; x_wconf 90' lang='lat' dir='ltr'><strong>Si</strong></span> <span class='ocrx_word' id='word_1_384' title='bbox 2706 904 2852 958; x_wconf 90' lang='lat' dir='ltr'><strong>enim</strong></span> <span class='ocrx_word' id='word_1_385' title='bbox 2885 904 3079 968; x_wconf 90' lang='lat' dir='ltr'><strong>sciam,</strong></span> <span class='ocrx_word' id='word_1_386' title='bbox 3130 906 3260 976; x_wconf 90' lang='lat' dir='ltr'><strong>quia</strong></span> <span class='ocrx_word' id='word_1_387' title='bbox 3305 906 3358 959; x_wconf 89' lang='lat' dir='ltr'><strong>in</strong></span> <span class='ocrx_word' id='word_1_388' title='bbox 3389 906 3499 971; x_wconf 91' lang='lat' dir='ltr'><strong>his,</strong></span> 
     </span>
    </p>
   </div>
   <div class='ocr_carea' id='block_1_53' title="bbox 1925 995 3503 1068">
    <p class='ocr_par' dir='ltr' id='par_1_53' title="bbox 1925 995 3503 1068">
     <span class='ocr_line' id='line_1_53' title="bbox 1925 995 3503 1068; baseline 0.002 -17"><span class='ocrx_word' id='word_1_389' title='bbox 1925 995 1993 1051; x_wconf 89' lang='lat' dir='ltr'><strong>de</strong></span> <span class='ocrx_word' id='word_1_390' title='bbox 2011 996 2211 1066; x_wconf 90' lang='lat' dir='ltr'><strong>quibus</strong></span> <span class='ocrx_word' id='word_1_391' title='bbox 2233 1012 2341 1050; x_wconf 91' lang='lat' dir='ltr'><strong>non</strong></span> <span class='ocrx_word' id='word_1_392' title='bbox 2365 1004 2542 1067; x_wconf 88' lang='lat' dir='ltr'><strong>potest</strong></span> <span class='ocrx_word' id='word_1_393' title='bbox 2560 997 2799 1051; x_wconf 84' lang='lat' dir='ltr'><strong>dubitari</strong></span> <span class='ocrx_word' id='word_1_394' title='bbox 2820 997 2966 1068; x_wconf 88' lang='lat' dir='ltr'><strong>quod</strong></span> <span class='ocrx_word' id='word_1_395' title='bbox 2988 998 3132 1053; x_wconf 89' lang='lat' dir='ltr'><strong>bona</strong></span> <span class='ocrx_word' id='word_1_396' title='bbox 3161 1000 3291 1061; x_wconf 92' lang='lat' dir='ltr'><strong>sint,</strong></span> <span class='ocrx_word' id='word_1_397' title='bbox 3316 1014 3503 1054; x_wconf 84' lang='lat' dir='ltr'><strong>emen-</strong></span> 
     </span>
    </p>
   </div>
   <div class='ocr_carea' id='block_1_54' title="bbox 1926 1087 3502 1158">
    <p class='ocr_par' dir='ltr' id='par_1_54' title="bbox 1926 1087 3502 1158">
     <span class='ocr_line' id='line_1_54' title="bbox 1926 1087 3502 1158; baseline 0.001 -16"><span class='ocrx_word' id='word_1_398' title='bbox 1926 1087 2088 1143; x_wconf 87' lang='lat' dir='ltr'><strong>datus</strong></span> <span class='ocrx_word' id='word_1_399' title='bbox 2116 1096 2201 1143; x_wconf 91' lang='lat' dir='ltr'><strong>est</strong></span> <span class='ocrx_word' id='word_1_400' title='bbox 2250 1098 2303 1143; x_wconf 89' lang='lat' dir='ltr'><strong>et</strong></span> <span class='ocrx_word' id='word_1_401' title='bbox 2358 1088 2732 1158; x_wconf 89' lang='lat' dir='ltr'><strong>incnlpabilis,</strong></span> <span class='ocrx_word' id='word_1_402' title='bbox 2774 1090 2878 1144; x_wconf 85' lang='lat' dir='ltr'><strong>hoc</strong></span> <span class='ocrx_word' id='word_1_403' title='bbox 2915 1096 3022 1156; x_wconf 88' lang='lat' dir='ltr'><strong>est,</strong></span> <span class='ocrx_word' id='word_1_404' title='bbox 3082 1090 3129 1145; x_wconf 91' lang='lat' dir='ltr'><strong>si</strong></span> <span class='ocrx_word' id='word_1_405' title='bbox 3166 1090 3421 1153; x_wconf 88' lang='lat' dir='ltr'><strong>sobrius,</strong></span> <span class='ocrx_word' id='word_1_406' title='bbox 3453 1088 3502 1145; x_wconf 89' lang='lat' dir='ltr'><strong>si</strong></span> 
     </span>
    </p>
   </div>
   <div class='ocr_carea' id='block_1_55' title="bbox 1926 1181 3504 1254">
    <p class='ocr_par' dir='ltr' id='par_1_55' title="bbox 1926 1181 3504 1254">
     <span class='ocr_line' id='line_1_55' title="bbox 1926 1181 3504 1254; baseline 0.001 -19"><span class='ocrx_word' id='word_1_407' title='bbox 1926 1183 2268 1246; x_wconf 90' lang='lat' dir='ltr'><strong>misericors,</strong></span> <span class='ocrx_word' id='word_1_408' title='bbox 2302 1182 2348 1237; x_wconf 92' lang='lat' dir='ltr'><strong>si</strong></span> <span class='ocrx_word' id='word_1_409' title='bbox 2379 1181 2587 1251; x_wconf 92' lang='lat' dir='ltr'><strong>justus,</strong></span> <span class='ocrx_word' id='word_1_410' title='bbox 2616 1182 2661 1237; x_wconf 91' lang='lat' dir='ltr'><strong>si</strong></span> <span class='ocrx_word' id='word_1_411' title='bbox 2688 1182 2838 1238; x_wconf 89' lang='lat' dir='ltr'><strong>mitis</strong></span> <span class='ocrx_word' id='word_1_412' title='bbox 2862 1190 2916 1237; x_wconf 92' lang='lat' dir='ltr'><strong>et</strong></span> <span class='ocrx_word' id='word_1_413' title='bbox 2940 1182 3216 1238; x_wconf 90' lang='lat' dir='ltr'><strong>humanus</strong></span> <span class='ocrx_word' id='word_1_414' title='bbox 3244 1193 3347 1247; x_wconf 86' lang='lat' dir='ltr'><strong>est,</strong></span> <span class='ocrx_word' id='word_1_415' title='bbox 3380 1198 3504 1254; x_wconf 67' lang='lat' dir='ltr'><strong>qua:</strong></span> 
     </span>
    </p>
   </div>
   <div class='ocr_carea' id='block_1_56' title="bbox 1927 1272 3505 1346">
    <p class='ocr_par' dir='ltr' id='par_1_56' title="bbox 1927 1272 3505 1346">
     <span class='ocr_line' id='line_1_56' title="bbox 1927 1272 3505 1346; baseline 0.003 -19"><span class='ocrx_word' id='word_1_416' title='bbox 1927 1272 2118 1342; x_wconf 90' lang='lat' dir='ltr'><strong>utique</strong></span> <span class='ocrx_word' id='word_1_417' title='bbox 2148 1274 2289 1327; x_wconf 90' lang='lat' dir='ltr'><strong>bona</strong></span> <span class='ocrx_word' id='word_1_418' title='bbox 2319 1288 2442 1328; x_wconf 90' lang='lat' dir='ltr'><strong>esse</strong></span> <span class='ocrx_word' id='word_1_419' title='bbox 2470 1274 2657 1329; x_wconf 89' lang='lat' dir='ltr'><strong>nullus</strong></span> <span class='ocrx_word' id='word_1_420' title='bbox 2704 1275 2953 1346; x_wconf 87' lang='lat' dir='ltr'><strong>ambigit,</strong></span> <span class='ocrx_word' id='word_1_421' title='bbox 2994 1283 3125 1329; x_wconf 90' lang='lat' dir='ltr'><strong>tunc</strong></span> <span class='ocrx_word' id='word_1_422' title='bbox 3150 1290 3505 1346; x_wconf 86' lang='lat' dir='ltr'><strong>consequens</strong></span> 
     </span>
    </p>
   </div>
   <div class='ocr_carea' id='block_1_57' title="bbox 1925 1365 3503 1437">
    <p class='ocr_par' dir='ltr' id='par_1_57' title="bbox 1925 1365 3503 1437">
     <span class='ocr_line' id='line_1_57' title="bbox 1925 1365 3503 1437; baseline 0.003 -18"><span class='ocrx_word' id='word_1_423' title='bbox 1925 1365 2221 1429; x_wconf 88' lang='lat' dir='ltr'><strong>videbitur,</strong></span> <span class='ocrx_word' id='word_1_424' title='bbox 2252 1373 2311 1421; x_wconf 92' lang='lat' dir='ltr'><strong>ut</strong></span> <span class='ocrx_word' id='word_1_425' title='bbox 2341 1366 2391 1420; x_wconf 91' lang='lat' dir='ltr'><strong>ei</strong></span> <span class='ocrx_word' id='word_1_426' title='bbox 2420 1366 2516 1437; x_wconf 90' lang='lat' dir='ltr'><strong>qui</strong></span> <span class='ocrx_word' id='word_1_427' title='bbox 2560 1367 2774 1422; x_wconf 91' lang='lat' dir='ltr'><strong>obtinet</strong></span> <span class='ocrx_word' id='word_1_428' title='bbox 2804 1367 2948 1423; x_wconf 89' lang='lat' dir='ltr'><strong>bona</strong></span> <span class='ocrx_word' id='word_1_429' title='bbox 2996 1369 3286 1433; x_wconf 88' lang='lat' dir='ltr'><strong>virtutum,</strong></span> <span class='ocrx_word' id='word_1_430' title='bbox 3334 1370 3503 1424; x_wconf 90' lang='lat' dir='ltr'><strong>etiam</strong></span> 
     </span>
    </p>
   </div>
   <div class='ocr_carea' id='block_1_58' title="bbox 1926 1458 3503 1533">
    <p class='ocr_par' dir='ltr' id='par_1_58' title="bbox 1926 1458 3503 1533">
     <span class='ocr_line' id='line_1_58' title="bbox 1926 1458 3503 1533; baseline 0.003 -21"><span class='ocrx_word' id='word_1_431' title='bbox 1926 1458 2071 1528; x_wconf 90' lang='lat' dir='ltr'><strong>quod</strong></span> <span class='ocrx_word' id='word_1_432' title='bbox 2097 1458 2250 1513; x_wconf 90' lang='lat' dir='ltr'><strong>deest</strong></span> <span class='ocrx_word' id='word_1_433' title='bbox 2285 1459 2407 1514; x_wconf 83' lang='lat' dir='ltr'><strong>fidei</strong></span> <span class='ocrx_word' id='word_1_434' title='bbox 2438 1468 2491 1515; x_wconf 90' lang='lat' dir='ltr'><strong>et</strong></span> <span class='ocrx_word' id='word_1_435' title='bbox 2524 1462 2768 1516; x_wconf 67' lang='lat' dir='ltr'><strong>scientia:</strong></span> <span class='ocrx_word' id='word_1_436' title='bbox 2818 1462 3139 1517; x_wconf 86' lang='lat' dir='ltr'><strong>conferatur</strong></span> <span class='ocrx_word' id='word_1_437' title='bbox 3159 1503 3171 1525; x_wconf 94' lang='lat'><strong>,</strong></span> <span class='ocrx_word' id='word_1_438' title='bbox 3198 1470 3250 1516; x_wconf 91' lang='lat' dir='ltr'><strong>et</strong></span> <span class='ocrx_word' id='word_1_439' title='bbox 3283 1463 3339 1518; x_wconf 92' lang='lat' dir='ltr'><strong>in</strong></span> <span class='ocrx_word' id='word_1_440' title='bbox 3379 1462 3503 1533; x_wconf 87' lang='lat' dir='ltr'><strong>qui-</strong></span> 
     </span>
    </p>
   </div>
   <div class='ocr_carea' id='block_1_59' title="bbox 1928 1550 3503 1625">
    <p class='ocr_par' dir='ltr' id='par_1_59' title="bbox 1928 1550 3503 1625">
     <span class='ocr_line' id='line_1_59' title="bbox 1928 1550 3503 1625; baseline 0.004 -21"><span class='ocrx_word' id='word_1_441' title='bbox 1928 1550 2031 1605; x_wconf 86' lang='lat' dir='ltr'><strong>bus</strong></span> <span class='ocrx_word' id='word_1_442' title='bbox 2060 1551 2326 1605; x_wconf 88' lang='lat' dir='ltr'><strong>maculari</strong></span> <span class='ocrx_word' id='word_1_443' title='bbox 2354 1552 2573 1607; x_wconf 89' lang='lat' dir='ltr'><strong>videtur</strong></span> <span class='ocrx_word' id='word_1_444' title='bbox 2600 1552 2722 1622; x_wconf 90' lang='lat' dir='ltr'><strong>ejus</strong></span> <span class='ocrx_word' id='word_1_445' title='bbox 2746 1553 2878 1617; x_wconf 89' lang='lat' dir='ltr'><strong>vita,</strong></span> <span class='ocrx_word' id='word_1_446' title='bbox 2909 1569 3029 1624; x_wconf 64' lang='lat' dir='ltr'><strong>quae</strong></span> <span class='ocrx_word' id='word_1_447' title='bbox 3065 1561 3148 1609; x_wconf 91' lang='lat' dir='ltr'><strong>est</strong></span> <span class='ocrx_word' id='word_1_448' title='bbox 3173 1554 3227 1608; x_wconf 89' lang='lat' dir='ltr'><strong>in</strong></span> <span class='ocrx_word' id='word_1_449' title='bbox 3272 1554 3503 1625; x_wconf 87' lang='lat' dir='ltr'><strong>reliquis</strong></span> 
     </span>
    </p>
   </div>
   <div class='ocr_carea' id='block_1_60' title="bbox 1929 1643 3502 1715">
    <p class='ocr_par' dir='ltr' id='par_1_60' title="bbox 1929 1643 3502 1715">
     <span class='ocr_line' id='line_1_60' title="bbox 1929 1643 3502 1715; baseline 0.001 -20"><span class='ocrx_word' id='word_1_450' title='bbox 1929 1643 2253 1713; x_wconf 89' lang='lat' dir='ltr'><strong>probabilis,</strong></span> <span class='ocrx_word' id='word_1_451' title='bbox 2288 1645 2630 1701; x_wconf 84' lang='lat' dir='ltr'><strong>emendetur.</strong></span> <span class='ocrx_word' id='word_1_452' title='bbox 2681 1644 2737 1700; x_wconf 92' lang='lat' dir='ltr'><strong>Si</strong></span> <span class='ocrx_word' id='word_1_453' title='bbox 2766 1661 2898 1701; x_wconf 90' lang='lat' dir='ltr'><strong>vero</strong></span> <span class='ocrx_word' id='word_1_454' title='bbox 2934 1646 2991 1700; x_wconf 91' lang='lat' dir='ltr'><strong>in</strong></span> <span class='ocrx_word' id='word_1_455' title='bbox 3028 1646 3113 1701; x_wconf 90' lang='lat' dir='ltr'><strong>his</strong></span> <span class='ocrx_word' id='word_1_456' title='bbox 3157 1661 3279 1715; x_wconf 69' lang='lat' dir='ltr'><strong>quae</strong></span> <span class='ocrx_word' id='word_1_457' title='bbox 3320 1646 3502 1715; x_wconf 82' lang='lat' dir='ltr'><strong>palam</strong></span> 
     </span>
    </p>
   </div>
   <div class='ocr_carea' id='block_1_61' title="bbox 1930 1736 3499 1808">
    <p class='ocr_par' dir='ltr' id='par_1_61' title="bbox 1930 1736 3499 1808">
     <span class='ocr_line' id='line_1_61' title="bbox 1930 1736 3499 1808; baseline 0.002 -19"><span class='ocrx_word' id='word_1_458' title='bbox 1930 1743 2080 1800; x_wconf 87' lang='lat' dir='ltr'><strong>sunt,</strong></span> <span class='ocrx_word' id='word_1_459' title='bbox 2111 1737 2355 1806; x_wconf 85' lang='lat' dir='ltr'><strong>peccatis</strong></span> <span class='ocrx_word' id='word_1_460' title='bbox 2406 1736 2688 1793; x_wconf 89' lang='lat' dir='ltr'><strong>involutus</strong></span> <span class='ocrx_word' id='word_1_461' title='bbox 2725 1745 3007 1808; x_wconf 89' lang='lat' dir='ltr'><strong>permanet</strong></span> <span class='ocrx_word' id='word_1_462' title='bbox 3057 1747 3111 1791; x_wconf 85' lang='lat' dir='ltr'><strong>et</strong></span> <span class='ocrx_word' id='word_1_463' title='bbox 3158 1738 3499 1808; x_wconf 84' lang='lat' dir='ltr'><strong>inquinatus,</strong></span> 
     </span>
    </p>
   </div>
   <div class='ocr_carea' id='block_1_62' title="bbox 1927 1830 3504 1901">
    <p class='ocr_par' dir='ltr' id='par_1_62' title="bbox 1927 1830 3504 1901">
     <span class='ocr_line' id='line_1_62' title="bbox 1927 1830 3504 1901; baseline 0.002 -18"><span class='ocrx_word' id='word_1_464' title='bbox 1927 1844 2037 1883; x_wconf 90' lang='lat' dir='ltr'><strong>non</strong></span> <span class='ocrx_word' id='word_1_465' title='bbox 2062 1844 2147 1884; x_wconf 92' lang='lat' dir='ltr'><strong>me</strong></span> <span class='ocrx_word' id='word_1_466' title='bbox 2168 1836 2388 1900; x_wconf 90' lang='lat' dir='ltr'><strong>oportet</strong></span> <span class='ocrx_word' id='word_1_467' title='bbox 2417 1830 2467 1884; x_wconf 83' lang='lat' dir='ltr'><strong>ei</strong></span> <span class='ocrx_word' id='word_1_468' title='bbox 2495 1831 2701 1901; x_wconf 91' lang='lat' dir='ltr'><strong>aliquid</strong></span> <span class='ocrx_word' id='word_1_469' title='bbox 2728 1831 2796 1885; x_wconf 90' lang='lat' dir='ltr'><strong>de</strong></span> <span class='ocrx_word' id='word_1_470' title='bbox 2826 1830 3216 1886; x_wconf 89' lang='lat' dir='ltr'><strong>secretioribus</strong></span> <span class='ocrx_word' id='word_1_471' title='bbox 3241 1839 3295 1885; x_wconf 91' lang='lat' dir='ltr'><strong>et</strong></span> <span class='ocrx_word' id='word_1_472' title='bbox 3322 1846 3504 1886; x_wconf 81' lang='lat' dir='ltr'><strong>remo—</strong></span> 
     </span>
    </p>
   </div>
   <div class='ocr_carea' id='block_1_63' title="bbox 1926 1919 3503 1993">
    <p class='ocr_par' dir='ltr' id='par_1_63' title="bbox 1926 1919 3503 1993">
     <span class='ocr_line' id='line_1_63' title="bbox 1926 1919 3503 1993; baseline 0 -20"><span class='ocrx_word' id='word_1_473' title='bbox 1926 1921 1999 1976; x_wconf 92' lang='lat' dir='ltr'><strong>tis</strong></span> <span class='ocrx_word' id='word_1_474' title='bbox 2029 1920 2228 1975; x_wconf 66' lang='lat' dir='ltr'><strong>divina:</strong></span> <span class='ocrx_word' id='word_1_475' title='bbox 2260 1921 2505 1976; x_wconf 66' lang='lat' dir='ltr'><strong>scientiae</strong></span> <span class='ocrx_word' id='word_1_476' title='bbox 2532 1922 2809 1992; x_wconf 91' lang='lat' dir='ltr'><strong>proloqui,</strong></span> <span class='ocrx_word' id='word_1_477' title='bbox 2846 1922 2940 1977; x_wconf 91' lang='lat' dir='ltr'><strong>sed</strong></span> <span class='ocrx_word' id='word_1_478' title='bbox 2983 1923 3157 1992; x_wconf 90' lang='lat' dir='ltr'><strong>magis</strong></span> <span class='ocrx_word' id='word_1_479' title='bbox 3208 1919 3503 1993; x_wconf 90' lang='lat' dir='ltr'><strong>protestari</strong></span> 
     </span>
    </p>
   </div>
   <div class='ocr_carea' id='block_1_64' title="bbox 1924 2014 3503 2084">
    <p class='ocr_par' dir='ltr' id='par_1_64' title="bbox 1924 2014 3503 2084">
     <span class='ocr_line' id='line_1_64' title="bbox 1924 2014 3503 2084; baseline -0.001 -16"><span class='ocrx_word' id='word_1_480' title='bbox 1924 2022 1979 2069; x_wconf 92' lang='lat' dir='ltr'><strong>et</strong></span> <span class='ocrx_word' id='word_1_481' title='bbox 2009 2014 2307 2067; x_wconf 90' lang='lat' dir='ltr'><strong>convenire</strong></span> <span class='ocrx_word' id='word_1_482' title='bbox 2334 2029 2485 2079; x_wconf 92' lang='lat' dir='ltr'><strong>eum,</strong></span> <span class='ocrx_word' id='word_1_483' title='bbox 2519 2021 2579 2069; x_wconf 92' lang='lat' dir='ltr'><strong>ut</strong></span> <span class='ocrx_word' id='word_1_484' title='bbox 2604 2030 2832 2084; x_wconf 89' lang='lat' dir='ltr'><strong>peccare</strong></span> <span class='ocrx_word' id='word_1_485' title='bbox 2861 2015 3076 2070; x_wconf 88' lang='lat' dir='ltr'><strong>desinat</strong></span> <span class='ocrx_word' id='word_1_486' title='bbox 3098 2021 3151 2068; x_wconf 89' lang='lat' dir='ltr'><strong>et</strong></span> <span class='ocrx_word' id='word_1_487' title='bbox 3182 2022 3340 2068; x_wconf 88' lang='lat' dir='ltr'><strong>actus</strong></span> <span class='ocrx_word' id='word_1_488' title='bbox 3371 2029 3503 2067; x_wconf 89' lang='lat' dir='ltr'><strong>suos</strong></span> 
     </span>
    </p>
   </div>
   <div class='ocr_carea' id='block_1_65' title="bbox 1925 2106 3505 2178">
    <p class='ocr_par' dir='ltr' id='par_1_65' title="bbox 1925 2106 3505 2178">
     <span class='ocr_line' id='line_1_65' title="bbox 1925 2106 3505 2178; baseline 0.001 -19"><span class='ocrx_word' id='word_1_489' title='bbox 1925 2121 1956 2159; x_wconf 91' lang='lat' dir='ltr'><strong>a</strong></span> <span class='ocrx_word' id='word_1_490' title='bbox 1990 2106 2141 2162; x_wconf 88' lang='lat' dir='ltr'><strong>vitiis</strong></span> <span class='ocrx_word' id='word_1_491' title='bbox 2182 2106 2458 2163; x_wconf 88' lang='lat' dir='ltr'><strong>emendet.</strong></span> <span class='ocrx_word' id='word_1_492' title='bbox 2510 2107 2666 2175; x_wconf 82' lang='lat' dir='ltr'><strong>Quod</strong></span> <span class='ocrx_word' id='word_1_493' title='bbox 2700 2108 2746 2163; x_wconf 91' lang='lat' dir='ltr'><strong>si</strong></span> <span class='ocrx_word' id='word_1_494' title='bbox 2779 2108 3071 2178; x_wconf 84' lang='lat' dir='ltr'><strong>ingesserit</strong></span> <span class='ocrx_word' id='word_1_495' title='bbox 3102 2122 3162 2163; x_wconf 90' lang='lat' dir='ltr'><strong>se</strong></span> <span class='ocrx_word' id='word_1_496' title='bbox 3201 2116 3255 2163; x_wconf 92' lang='lat' dir='ltr'><strong>et</strong></span> <span class='ocrx_word' id='word_1_497' title='bbox 3304 2122 3505 2177; x_wconf 88' lang='lat' dir='ltr'><strong>provo-</strong></span> 
     </span>
    </p>
   </div>
   <div class='ocr_carea' id='block_1_66' title="bbox 1925 2198 3503 2271">
    <p class='ocr_par' dir='ltr' id='par_1_66' title="bbox 1925 2198 3503 2271">
     <span class='ocr_line' id='line_1_66' title="bbox 1925 2198 3503 2271; baseline 0 -19"><span class='ocrx_word' id='word_1_498' title='bbox 1925 2199 2133 2253; x_wconf 86' lang='lat' dir='ltr'><strong>caverit</strong></span> <span class='ocrx_word' id='word_1_499' title='bbox 2163 2214 2265 2253; x_wconf 90' lang='lat' dir='ltr'><strong>nos</strong></span> <span class='ocrx_word' id='word_1_500' title='bbox 2303 2198 2509 2262; x_wconf 87' lang='lat' dir='ltr'><strong>dicere,</strong></span> <span class='ocrx_word' id='word_1_501' title='bbox 2542 2215 2665 2269; x_wconf 73' lang='lat' dir='ltr'><strong>qua:</strong></span> <span class='ocrx_word' id='word_1_502' title='bbox 2696 2216 2821 2254; x_wconf 89' lang='lat' dir='ltr'><strong>eum</strong></span> <span class='ocrx_word' id='word_1_503' title='bbox 2860 2201 3043 2255; x_wconf 90' lang='lat' dir='ltr'><strong>minus</strong></span> <span class='ocrx_word' id='word_1_504' title='bbox 3068 2208 3217 2255; x_wconf 90' lang='lat' dir='ltr'><strong>recte</strong></span> <span class='ocrx_word' id='word_1_505' title='bbox 3254 2208 3503 2271; x_wconf 90' lang='lat' dir='ltr'><strong>agentem</strong></span> 
     </span>
    </p>
   </div>
   <div class='ocr_carea' id='block_1_67' title="bbox 1926 2291 3506 2362">
    <p class='ocr_par' dir='ltr' id='par_1_67' title="bbox 1926 2291 3506 2362">
     <span class='ocr_line' id='line_1_67' title="bbox 1926 2291 3506 2362; baseline 0.001 -17"><span class='ocrx_word' id='word_1_506' title='bbox 1926 2306 2036 2345; x_wconf 89' lang='lat' dir='ltr'><strong>non</strong></span> <span class='ocrx_word' id='word_1_507' title='bbox 2072 2298 2289 2360; x_wconf 89' lang='lat' dir='ltr'><strong>oportet</strong></span> <span class='ocrx_word' id='word_1_508' title='bbox 2320 2291 2529 2358; x_wconf 89' lang='lat' dir='ltr'><strong>audire,</strong></span> <span class='ocrx_word' id='word_1_509' title='bbox 2563 2292 2859 2362; x_wconf 86' lang='lat' dir='ltr'><strong>prudenter</strong></span> <span class='ocrx_word' id='word_1_510' title='bbox 2913 2308 3037 2347; x_wconf 91' lang='lat' dir='ltr'><strong>eum</strong></span> <span class='ocrx_word' id='word_1_511' title='bbox 3089 2292 3355 2347; x_wconf 88' lang='lat' dir='ltr'><strong>debemus</strong></span> <span class='ocrx_word' id='word_1_512' title='bbox 3385 2296 3506 2346; x_wconf 82' lang='lat' dir='ltr'><strong>elu-</strong></span> 
     </span>
    </p>
   </div>
   <div class='ocr_carea' id='block_1_68' title="bbox 1926 2382 3503 2453">
    <p class='ocr_par' dir='ltr' id='par_1_68' title="bbox 1926 2382 3503 2453">
     <span class='ocr_line' id='line_1_68' title="bbox 1926 2382 3503 2453; baseline -0.001 -16"><span class='ocrx_word' id='word_1_513' title='bbox 1926 2382 2091 2448; x_wconf 87' lang='lat' dir='ltr'><strong>dere;</strong></span> <span class='ocrx_word' id='word_1_514' title='bbox 2150 2397 2278 2437; x_wconf 88' lang='lat' dir='ltr'><strong>nam</strong></span> <span class='ocrx_word' id='word_1_515' title='bbox 2328 2383 2467 2436; x_wconf 86' lang='lat' dir='ltr'><strong>nihil</strong></span> <span class='ocrx_word' id='word_1_516' title='bbox 2519 2383 2746 2438; x_wconf 85' lang='lat' dir='ltr'><strong>omnino</strong></span> <span class='ocrx_word' id='word_1_517' title='bbox 2801 2385 3133 2453; x_wconf 88' lang='lat' dir='ltr'><strong>respondere</strong></span> <span class='ocrx_word' id='word_1_518' title='bbox 3192 2385 3503 2439; x_wconf 88' lang='lat' dir='ltr'><strong>auditorum</strong></span> 
     </span>
    </p>
   </div>
   <div class='ocr_carea' id='block_1_69' title="bbox 1926 2475 3505 2542">
    <p class='ocr_par' dir='ltr' id='par_1_69' title="bbox 1926 2475 3505 2542">
     <span class='ocr_line' id='line_1_69' title="bbox 1926 2475 3505 2542; baseline 0.002 -14"><span class='ocrx_word' id='word_1_519' title='bbox 1926 2489 2095 2529; x_wconf 89' lang='lat' dir='ltr'><strong>causa</strong></span> <span class='ocrx_word' id='word_1_520' title='bbox 2124 2475 2258 2529; x_wconf 88' lang='lat' dir='ltr'><strong>utile</strong></span> <span class='ocrx_word' id='word_1_521' title='bbox 2288 2490 2399 2529; x_wconf 90' lang='lat' dir='ltr'><strong>non</strong></span> <span class='ocrx_word' id='word_1_522' title='bbox 2450 2475 2690 2542; x_wconf 91' lang='lat' dir='ltr'><strong>videtur,</strong></span> <span class='ocrx_word' id='word_1_523' title='bbox 2745 2492 2813 2529; x_wconf 93' lang='lat' dir='ltr'><strong>ne</strong></span> <span class='ocrx_word' id='word_1_524' title='bbox 2861 2475 3001 2531; x_wconf 87' lang='lat' dir='ltr'><strong>forte</strong></span> <span class='ocrx_word' id='word_1_525' title='bbox 3047 2476 3361 2532; x_wconf 79' lang='lat' dir='ltr'><strong>existiment</strong></span> <span class='ocrx_word' id='word_1_526' title='bbox 3401 2492 3505 2531; x_wconf 88' lang='lat' dir='ltr'><strong>nos</strong></span> 
     </span>
    </p>
   </div>
   <div class='ocr_carea' id='block_1_70' title="bbox 1927 2563 3506 2635">
    <p class='ocr_par' dir='ltr' id='par_1_70' title="bbox 1927 2563 3506 2635">
     <span class='ocr_line' id='line_1_70' title="bbox 1927 2563 3506 2635; baseline -0.001 -15"><span class='ocrx_word' id='word_1_527' title='bbox 1927 2564 2307 2635; x_wconf 83' lang='lat' dir='ltr'><strong>responsionis</strong></span> <span class='ocrx_word' id='word_1_528' title='bbox 2335 2566 2565 2635; x_wconf 89' lang='lat' dir='ltr'><strong>penuria</strong></span> <span class='ocrx_word' id='word_1_529' title='bbox 2596 2566 2875 2620; x_wconf 87' lang='lat' dir='ltr'><strong>declinare</strong></span> <span class='ocrx_word' id='word_1_530' title='bbox 2908 2572 3217 2629; x_wconf 88' lang='lat' dir='ltr'><strong>certamen,</strong></span> <span class='ocrx_word' id='word_1_531' title='bbox 3259 2574 3314 2618; x_wconf 90' lang='lat' dir='ltr'><strong>et</strong></span> <span class='ocrx_word' id='word_1_532' title='bbox 3370 2563 3506 2619; x_wconf 80' lang='lat' dir='ltr'><strong>fides</strong></span> 
     </span>
    </p>
   </div>
   <div class='ocr_carea' id='block_1_71' title="bbox 1925 2656 3504 2728">
    <p class='ocr_par' dir='ltr' id='par_1_71' title="bbox 1925 2656 3504 2728">
     <span class='ocr_line' id='line_1_71' title="bbox 1925 2656 3504 2728; baseline -0.003 -15"><span class='ocrx_word' id='word_1_533' title='bbox 1925 2673 2115 2713; x_wconf 90' lang='lat' dir='ltr'><strong>eorum</strong></span> <span class='ocrx_word' id='word_1_534' title='bbox 2146 2657 2399 2724; x_wconf 50' lang='lat' dir='ltr'><strong>laedatur,</strong></span> <span class='ocrx_word' id='word_1_535' title='bbox 2430 2672 2541 2713; x_wconf 89' lang='lat' dir='ltr'><strong>non</strong></span> <span class='ocrx_word' id='word_1_536' title='bbox 2577 2658 2999 2728; x_wconf 82' lang='lat' dir='ltr'><strong>intelligentium</strong></span> <span class='ocrx_word' id='word_1_537' title='bbox 3024 2656 3369 2728; x_wconf 90' lang='lat' dir='ltr'><strong>propositum</strong></span> <span class='ocrx_word' id='word_1_538' title='bbox 3401 2671 3504 2711; x_wconf 85' lang='lat' dir='ltr'><strong>no-</strong></span> 
     </span>
    </p>
   </div>
   <div class='ocr_carea' id='block_1_72' title="bbox 1926 2761 2123 2806">
    <p class='ocr_par' dir='ltr' id='par_1_72' title="bbox 1926 2761 2123 2806">
     <span class='ocr_line' id='line_1_72' title="bbox 1926 2761 2123 2806; baseline -0.01 0"><span class='ocrx_word' id='word_1_539' title='bbox 1926 2761 2123 2806; x_wconf 77' lang='lat' dir='ltr'><strong>suum.</strong></span> 
     </span>
    </p>
   </div>
   <div class='ocr_carea' id='block_1_73' title="bbox 1998 2837 3503 2912">
    <p class='ocr_par' dir='ltr' id='par_1_73' title="bbox 1998 2837 3503 2912">
     <span class='ocr_line' id='line_1_73' title="bbox 1998 2837 3503 2912; baseline -0.001 -18"><span class='ocrx_word' id='word_1_540' title='bbox 1998 2839 2065 2894; x_wconf 74' lang='grc' dir='ltr'><strong>ν.</strong></span> <span class='ocrx_word' id='word_1_541' title='bbox 2097 2839 2347 2912; x_wconf 90' lang='lat' dir='ltr'><strong>Cumque</strong></span> <span class='ocrx_word' id='word_1_542' title='bbox 2380 2840 2495 2896; x_wconf 64' lang='lat' dir='ltr'><strong>haec</strong></span> <span class='ocrx_word' id='word_1_543' title='bbox 2540 2840 2737 2897; x_wconf 89' lang='lat' dir='ltr'><strong>Petrus</strong></span> <span class='ocrx_word' id='word_1_544' title='bbox 2764 2840 2994 2895; x_wconf 80' lang='lat' dir='ltr'><strong>dixisset</strong></span> <span class='ocrx_word' id='word_1_545' title='bbox 3047 2839 3115 2894; x_wconf 89' lang='lat' dir='ltr'><strong>ad</strong></span> <span class='ocrx_word' id='word_1_546' title='bbox 3143 2855 3246 2894; x_wconf 90' lang='lat' dir='ltr'><strong>nos</strong></span> <span class='ocrx_word' id='word_1_547' title='bbox 3268 2880 3283 2901; x_wconf 88' lang='lat'><strong>.</strong></span> <span class='ocrx_word' id='word_1_548' title='bbox 3314 2837 3503 2894; x_wconf 88' lang='lat' dir='ltr'><strong>Niceta</strong></span> 
     </span>
    </p>
   </div>
   <div class='ocr_carea' id='block_1_74' title="bbox 1927 2932 3506 3004">
    <p class='ocr_par' dir='ltr' id='par_1_74' title="bbox 1927 2932 3506 3004">
     <span class='ocr_line' id='line_1_74' title="bbox 1927 2932 3506 3004; baseline -0.001 -17"><span class='ocrx_word' id='word_1_549' title='bbox 1927 2942 2085 3003; x_wconf 90' lang='lat' dir='ltr'><strong>rogat</strong></span> <span class='ocrx_word' id='word_1_550' title='bbox 2114 2934 2359 3004; x_wconf 89' lang='lat' dir='ltr'><strong>permitti</strong></span> <span class='ocrx_word' id='word_1_551' title='bbox 2394 2933 2499 2989; x_wconf 90' lang='lat' dir='ltr'><strong>sibi</strong></span> <span class='ocrx_word' id='word_1_552' title='bbox 2528 2933 2710 2988; x_wconf 91' lang='lat' dir='ltr'><strong>dicere</strong></span> <span class='ocrx_word' id='word_1_553' title='bbox 2734 2932 2963 3000; x_wconf 88' lang='lat' dir='ltr'><strong>aliquid,</strong></span> <span class='ocrx_word' id='word_1_554' title='bbox 2998 2939 3161 3001; x_wconf 86' lang='lat' dir='ltr'><strong>alque</strong></span> <span class='ocrx_word' id='word_1_555' title='bbox 3188 2932 3506 3001; x_wconf 81' lang='lat' dir='ltr'><strong>indulgente</strong></span> 
     </span>
    </p>
   </div>
   <div class='ocr_carea' id='block_1_75' title="bbox 1926 3019 3505 3093">
    <p class='ocr_par' dir='ltr' id='par_1_75' title="bbox 1926 3019 3505 3093">
     <span class='ocr_line' id='line_1_75' title="bbox 1926 3019 3505 3093; baseline -0.001 -17"><span class='ocrx_word' id='word_1_556' title='bbox 1926 3020 2091 3077; x_wconf 87' lang='lat' dir='ltr'><strong>Petro</strong></span> <span class='ocrx_word' id='word_1_557' title='bbox 2120 3038 2245 3077; x_wconf 91' lang='lat' dir='ltr'><strong>cum</strong></span> <span class='ocrx_word' id='word_1_558' title='bbox 2293 3024 2455 3078; x_wconf 90' lang='lat' dir='ltr'><strong>venia</strong></span> <span class='ocrx_word' id='word_1_559' title='bbox 2510 3023 2721 3093; x_wconf 88' lang='lat' dir='ltr'><strong>inquit:</strong></span> <span class='ocrx_word' id='word_1_560' title='bbox 2771 3019 3013 3077; x_wconf 78' lang='lat' dir='ltr'><strong>Obsecro</strong></span> <span class='ocrx_word' id='word_1_561' title='bbox 3048 3029 3123 3080; x_wconf 90' lang='lat' dir='ltr'><strong>te.</strong></span> <span class='ocrx_word' id='word_1_562' title='bbox 3175 3021 3396 3075; x_wconf 90' lang='lat' dir='ltr'><strong>domine</strong></span> <span class='ocrx_word' id='word_1_563' title='bbox 3430 3019 3505 3074; x_wconf 89' lang='lat' dir='ltr'><strong>mi</strong></span> 
     </span>
    </p>
   </div>
   <div class='ocr_carea' id='block_1_76' title="bbox 1928 3113 3501 3180">
    <p class='ocr_par' dir='ltr' id='par_1_76' title="bbox 1928 3113 3501 3180">
     <span class='ocr_line' id='line_1_76' title="bbox 1928 3113 3501 3180; baseline -0.004 -10"><span class='ocrx_word' id='word_1_564' title='bbox 1928 3113 2110 3180; x_wconf 82' lang='lat' dir='ltr'><strong>Petre,</strong></span> <span class='ocrx_word' id='word_1_565' title='bbox 2149 3116 2343 3171; x_wconf 86' lang='lat' dir='ltr'><strong>audias</strong></span> <span class='ocrx_word' id='word_1_566' title='bbox 2374 3132 2459 3171; x_wconf 89' lang='lat' dir='ltr'><strong>me</strong></span> <span class='ocrx_word' id='word_1_567' title='bbox 2484 3117 2643 3171; x_wconf 90' lang='lat' dir='ltr'><strong>valde</strong></span> <span class='ocrx_word' id='word_1_568' title='bbox 2673 3116 2968 3171; x_wconf 87' lang='lat' dir='ltr'><strong>sollicitum</strong></span> <span class='ocrx_word' id='word_1_569' title='bbox 3011 3115 3091 3167; x_wconf 85' lang='lat' dir='ltr'><strong>tui</strong></span> <span class='ocrx_word' id='word_1_570' title='bbox 3118 3122 3172 3170; x_wconf 91' lang='lat' dir='ltr'><strong>et</strong></span> <span class='ocrx_word' id='word_1_571' title='bbox 3202 3121 3501 3175; x_wconf 72' lang='lat' dir='ltr'><strong>verentem,</strong></span> 
     </span>
    </p>
   </div>
   <div class='ocr_carea' id='block_1_77' title="bbox 1930 3203 3501 3276">
    <p class='ocr_par' dir='ltr' id='par_1_77' title="bbox 1930 3203 3501 3276">
     <span class='ocr_line' id='line_1_77' title="bbox 1930 3203 3501 3276; baseline -0.002 -17"><span class='ocrx_word' id='word_1_572' title='bbox 1930 3222 1999 3260; x_wconf 90' lang='lat' dir='ltr'><strong>ne</strong></span> <span class='ocrx_word' id='word_1_573' title='bbox 2044 3204 2187 3261; x_wconf 88' lang='lat' dir='ltr'><strong>forte</strong></span> <span class='ocrx_word' id='word_1_574' title='bbox 2219 3207 2275 3261; x_wconf 91' lang='lat' dir='ltr'><strong>in</strong></span> <span class='ocrx_word' id='word_1_575' title='bbox 2302 3206 2604 3261; x_wconf 87' lang='lat' dir='ltr'><strong>certamine</strong></span> <span class='ocrx_word' id='word_1_576' title='bbox 2628 3206 2773 3276; x_wconf 86' lang='lat' dir='ltr'><strong>quod</strong></span> <span class='ocrx_word' id='word_1_577' title='bbox 2805 3204 2905 3259; x_wconf 90' lang='lat' dir='ltr'><strong>tibi</strong></span> <span class='ocrx_word' id='word_1_578' title='bbox 2939 3214 3025 3260; x_wconf 90' lang='lat' dir='ltr'><strong>est</strong></span> <span class='ocrx_word' id='word_1_579' title='bbox 3076 3220 3202 3259; x_wconf 91' lang='lat' dir='ltr'><strong>cum</strong></span> <span class='ocrx_word' id='word_1_580' title='bbox 3257 3203 3501 3264; x_wconf 88' lang='lat' dir='ltr'><strong>Simone,</strong></span> 
     </span>
    </p>
   </div>
   <div class='ocr_carea' id='block_1_78' title="bbox 1929 3296 3501 3371">
    <p class='ocr_par' dir='ltr' id='par_1_78' title="bbox 1929 3296 3501 3371">
     <span class='ocr_line' id='line_1_78' title="bbox 1929 3296 3501 3371; baseline -0.004 -14"><span class='ocrx_word' id='word_1_581' title='bbox 1929 3302 2179 3371; x_wconf 89' lang='lat' dir='ltr'><strong>superari</strong></span> <span class='ocrx_word' id='word_1_582' title='bbox 2206 3299 2468 3355; x_wconf 90' lang='lat' dir='ltr'><strong>videaris.</strong></span> <span class='ocrx_word' id='word_1_583' title='bbox 2504 3298 2655 3355; x_wconf 80' lang='lat' dir='ltr'><strong>Solet</strong></span> <span class='ocrx_word' id='word_1_584' title='bbox 2683 3298 2829 3353; x_wconf 90' lang='lat' dir='ltr'><strong>enim</strong></span> <span class='ocrx_word' id='word_1_585' title='bbox 2863 3297 3179 3368; x_wconf 83' lang='lat' dir='ltr'><strong>frequenter</strong></span> <span class='ocrx_word' id='word_1_586' title='bbox 3226 3296 3501 3361; x_wconf 86' lang='lat' dir='ltr'><strong>accidere,</strong></span> 
     </span>
    </p>
   </div>
   <div class='ocr_carea' id='block_1_79' title="bbox 1928 3388 3503 3463">
    <p class='ocr_par' dir='ltr' id='par_1_79' title="bbox 1928 3388 3503 3463">
     <span class='ocr_line' id='line_1_79' title="bbox 1928 3388 3503 3463; baseline -0.003 -17"><span class='ocrx_word' id='word_1_587' title='bbox 1928 3402 1988 3447; x_wconf 92' lang='lat' dir='ltr'><strong>ut</strong></span> <span class='ocrx_word' id='word_1_588' title='bbox 2009 3394 2101 3463; x_wconf 89' lang='lat' dir='ltr'><strong>qui</strong></span> <span class='ocrx_word' id='word_1_589' title='bbox 2124 3393 2405 3447; x_wconf 83' lang='lat' dir='ltr'><strong>veritatem</strong></span> <span class='ocrx_word' id='word_1_590' title='bbox 2427 3391 2691 3447; x_wconf 82' lang='lat' dir='ltr'><strong>defendit.</strong></span> <span class='ocrx_word' id='word_1_591' title='bbox 2710 3406 2819 3446; x_wconf 92' lang='lat' dir='ltr'><strong>non</strong></span> <span class='ocrx_word' id='word_1_592' title='bbox 2848 3405 3059 3461; x_wconf 89' lang='lat' dir='ltr'><strong>semper</strong></span> <span class='ocrx_word' id='word_1_593' title='bbox 3081 3390 3344 3450; x_wconf 85' lang='lat' dir='ltr'><strong>obtineat,</strong></span> <span class='ocrx_word' id='word_1_594' title='bbox 3372 3388 3503 3443; x_wconf 90' lang='lat' dir='ltr'><strong>dum</strong></span> 
     </span>
    </p>
   </div>
   <div class='ocr_carea' id='block_1_80' title="bbox 1928 3484 3505 3557">
    <p class='ocr_par' dir='ltr' id='par_1_80' title="bbox 1928 3484 3505 3557">
     <span class='ocr_line' id='line_1_80' title="bbox 1928 3484 3505 3557; baseline -0.004 -18"><span class='ocrx_word' id='word_1_595' title='bbox 1928 3494 2022 3540; x_wconf 89' lang='lat' dir='ltr'><strong>aut</strong></span> <span class='ocrx_word' id='word_1_596' title='bbox 2044 3486 2099 3539; x_wconf 92' lang='lat' dir='ltr'><strong>in</strong></span> <span class='ocrx_word' id='word_1_597' title='bbox 2123 3486 2309 3556; x_wconf 90' lang='lat' dir='ltr'><strong>aliquo</strong></span> <span class='ocrx_word' id='word_1_598' title='bbox 2337 3484 2595 3557; x_wconf 66' lang='lat' dir='ltr'><strong>praeventi</strong></span> <span class='ocrx_word' id='word_1_599' title='bbox 2622 3493 2751 3541; x_wconf 90' lang='lat' dir='ltr'><strong>sunt</strong></span> <span class='ocrx_word' id='word_1_600' title='bbox 2774 3485 3074 3545; x_wconf 87' lang='lat' dir='ltr'><strong>auditores,</strong></span> <span class='ocrx_word' id='word_1_601' title='bbox 3094 3490 3187 3536; x_wconf 89' lang='lat' dir='ltr'><strong>aut</strong></span> <span class='ocrx_word' id='word_1_602' title='bbox 3207 3499 3314 3537; x_wconf 90' lang='lat' dir='ltr'><strong>non</strong></span> <span class='ocrx_word' id='word_1_603' title='bbox 3340 3498 3505 3551; x_wconf 77' lang='lat' dir='ltr'><strong>gran-</strong></span> 
     </span>
    </p>
   </div>
   <div class='ocr_carea' id='block_1_81' title="bbox 1928 3573 3505 3646">
    <p class='ocr_par' dir='ltr' id='par_1_81' title="bbox 1928 3573 3505 3646">
     <span class='ocr_line' id='line_1_81' title="bbox 1928 3573 3505 3646; baseline -0.003 -14"><span class='ocrx_word' id='word_1_604' title='bbox 1928 3578 2051 3633; x_wconf 91' lang='lat' dir='ltr'><strong>dem</strong></span> <span class='ocrx_word' id='word_1_605' title='bbox 2078 3593 2269 3632; x_wconf 91' lang='lat' dir='ltr'><strong>curam</strong></span> <span class='ocrx_word' id='word_1_606' title='bbox 2324 3577 2568 3633; x_wconf 89' lang='lat' dir='ltr'><strong>melioris</strong></span> <span class='ocrx_word' id='word_1_607' title='bbox 2597 3577 2883 3633; x_wconf 69' lang='lat' dir='ltr'><strong>sententia:</strong></span> <span class='ocrx_word' id='word_1_608' title='bbox 2921 3582 3138 3646; x_wconf 85' lang='lat' dir='ltr'><strong>gerunt.</strong></span> <span class='ocrx_word' id='word_1_609' title='bbox 3173 3573 3349 3643; x_wconf 89' lang='lat' dir='ltr'><strong>Super</strong></span> <span class='ocrx_word' id='word_1_610' title='bbox 3389 3575 3505 3628; x_wconf 68' lang='lat' dir='ltr'><strong>haec</strong></span> 
     </span>
    </p>
   </div>
   <div class='ocr_carea' id='block_1_82' title="bbox 1928 3666 3504 3738">
    <p class='ocr_par' dir='ltr' id='par_1_82' title="bbox 1928 3666 3504 3738">
     <span class='ocr_line' id='line_1_82' title="bbox 1928 3666 3504 3738; baseline -0.003 -14"><span class='ocrx_word' id='word_1_611' title='bbox 1928 3676 2110 3725; x_wconf 90' lang='lat' dir='ltr'><strong>autem</strong></span> <span class='ocrx_word' id='word_1_612' title='bbox 2163 3669 2347 3725; x_wconf 91' lang='lat' dir='ltr'><strong>omnia</strong></span> <span class='ocrx_word' id='word_1_613' title='bbox 2396 3677 2450 3723; x_wconf 91' lang='lat' dir='ltr'><strong>et</strong></span> <span class='ocrx_word' id='word_1_614' title='bbox 2482 3670 2598 3738; x_wconf 92' lang='lat' dir='ltr'><strong>ipse</strong></span> <span class='ocrx_word' id='word_1_615' title='bbox 2650 3666 2841 3722; x_wconf 88' lang='lat' dir='ltr'><strong>Simon</strong></span> <span class='ocrx_word' id='word_1_616' title='bbox 2873 3667 3389 3723; x_wconf 86' lang='lat' dir='ltr'><strong>vehementissimus</strong></span> <span class='ocrx_word' id='word_1_617' title='bbox 3418 3673 3504 3721; x_wconf 91' lang='lat' dir='ltr'><strong>est</strong></span> 
     </span>
    </p>
   </div>
   <div class='ocr_carea' id='block_1_83' title="bbox 1928 3755 3507 3828">
    <p class='ocr_par' dir='ltr' id='par_1_83' title="bbox 1928 3755 3507 3828">
     <span class='ocr_line' id='line_1_83' title="bbox 1928 3755 3507 3828; baseline -0.004 -13"><span class='ocrx_word' id='word_1_618' title='bbox 1928 3768 2135 3824; x_wconf 90' lang='lat' dir='ltr'><strong>orator,</strong></span> <span class='ocrx_word' id='word_1_619' title='bbox 2168 3759 2223 3814; x_wconf 93' lang='lat' dir='ltr'><strong>in</strong></span> <span class='ocrx_word' id='word_1_620' title='bbox 2258 3766 2374 3814; x_wconf 90' lang='lat' dir='ltr'><strong>arte</strong></span> <span class='ocrx_word' id='word_1_621' title='bbox 2406 3759 2691 3813; x_wconf 87' lang='lat' dir='ltr'><strong>dialectica</strong></span> <span class='ocrx_word' id='word_1_622' title='bbox 2713 3764 2767 3811; x_wconf 92' lang='lat' dir='ltr'><strong>et</strong></span> <span class='ocrx_word' id='word_1_623' title='bbox 2791 3757 3232 3828; x_wconf 84' lang='lat' dir='ltr'><strong>syllogismorum</strong></span> <span class='ocrx_word' id='word_1_624' title='bbox 3260 3755 3507 3810; x_wconf 86' lang='lat' dir='ltr'><strong>tendicu-</strong></span> 
     </span>
    </p>
   </div>
   <div class='ocr_carea' id='block_1_84' title="bbox 1926 3849 3505 3922">
    <p class='ocr_par' dir='ltr' id='par_1_84' title="bbox 1926 3849 3505 3922">
     <span class='ocr_line' id='line_1_84' title="bbox 1926 3849 3505 3922; baseline -0.004 -13"><span class='ocrx_word' id='word_1_625' title='bbox 1926 3855 1996 3909; x_wconf 91' lang='lat' dir='ltr'><strong>lis</strong></span> <span class='ocrx_word' id='word_1_626' title='bbox 2024 3854 2321 3915; x_wconf 90' lang='lat' dir='ltr'><strong>enutritus,</strong></span> <span class='ocrx_word' id='word_1_627' title='bbox 2355 3850 2502 3922; x_wconf 91' lang='lat' dir='ltr'><strong>quod</strong></span> <span class='ocrx_word' id='word_1_628' title='bbox 2532 3858 2712 3905; x_wconf 89' lang='lat' dir='ltr'><strong>autem</strong></span> <span class='ocrx_word' id='word_1_629' title='bbox 2742 3858 2829 3904; x_wconf 90' lang='lat' dir='ltr'><strong>est</strong></span> <span class='ocrx_word' id='word_1_630' title='bbox 2870 3849 3127 3905; x_wconf 86' lang='lat' dir='ltr'><strong>omnibus</strong></span> <span class='ocrx_word' id='word_1_631' title='bbox 3163 3850 3404 3919; x_wconf 90' lang='lat' dir='ltr'><strong>gravius,</strong></span> <span class='ocrx_word' id='word_1_632' title='bbox 3450 3856 3505 3903; x_wconf 89' lang='lat' dir='ltr'><strong>et</strong></span> 
     </span>
    </p>
   </div>
   <div class='ocr_carea' id='block_1_85' title="bbox 1929 3938 3506 4013">
    <p class='ocr_par' dir='ltr' id='par_1_85' title="bbox 1929 3938 3506 4013">
     <span class='ocr_line' id='line_1_85' title="bbox 1929 3938 3506 4013; baseline -0.002 -15"><span class='ocrx_word' id='word_1_633' title='bbox 1929 3944 1985 3999; x_wconf 89' lang='lat' dir='ltr'><strong>in</strong></span> <span class='ocrx_word' id='word_1_634' title='bbox 2010 3951 2128 3999; x_wconf 90' lang='lat' dir='ltr'><strong>arte</strong></span> <span class='ocrx_word' id='word_1_635' title='bbox 2154 3943 2364 4013; x_wconf 85' lang='lat' dir='ltr'><strong>magica</strong></span> <span class='ocrx_word' id='word_1_636' title='bbox 2386 3941 2543 3996; x_wconf 90' lang='lat' dir='ltr'><strong>valde</strong></span> <span class='ocrx_word' id='word_1_637' title='bbox 2567 3938 2941 4008; x_wconf 80' lang='lat' dir='ltr'><strong>exercitatus;</strong></span> <span class='ocrx_word' id='word_1_638' title='bbox 2963 3947 3017 3995; x_wconf 89' lang='lat' dir='ltr'><strong>et</strong></span> <span class='ocrx_word' id='word_1_639' title='bbox 3047 3940 3169 3994; x_wconf 90' lang='lat' dir='ltr'><strong>ideo</strong></span> <span class='ocrx_word' id='word_1_640' title='bbox 3198 3948 3401 4005; x_wconf 89' lang='lat' dir='ltr'><strong>metuo,</strong></span> <span class='ocrx_word' id='word_1_641' title='bbox 3436 3955 3506 3995; x_wconf 85' lang='lat' dir='ltr'><strong>ne</strong></span> 
     </span>
    </p>
   </div>
   <div class='ocr_carea' id='block_1_86' title="bbox 1928 4032 3505 4105">
    <p class='ocr_par' dir='ltr' id='par_1_86' title="bbox 1928 4032 3505 4105">
     <span class='ocr_line' id='line_1_86' title="bbox 1928 4032 3505 4105; baseline -0.003 -15"><span class='ocrx_word' id='word_1_642' title='bbox 1928 4036 2069 4092; x_wconf 87' lang='lat' dir='ltr'><strong>forte</strong></span> <span class='ocrx_word' id='word_1_643' title='bbox 2102 4046 2209 4091; x_wconf 92' lang='lat' dir='ltr'><strong>tam</strong></span> <span class='ocrx_word' id='word_1_644' title='bbox 2234 4034 2412 4090; x_wconf 88' lang='lat' dir='ltr'><strong>valide</strong></span> <span class='ocrx_word' id='word_1_645' title='bbox 2439 4052 2504 4090; x_wconf 85' lang='lat' dir='ltr'><strong>cx</strong></span> <span class='ocrx_word' id='word_1_646' title='bbox 2534 4036 2684 4091; x_wconf 92' lang='lat' dir='ltr'><strong>omni</strong></span> <span class='ocrx_word' id='word_1_647' title='bbox 2732 4043 2890 4105; x_wconf 88' lang='lat' dir='ltr'><strong>parte</strong></span> <span class='ocrx_word' id='word_1_648' title='bbox 2914 4034 3178 4093; x_wconf 78' lang='lat' dir='ltr'><strong>munitus.</strong></span> <span class='ocrx_word' id='word_1_649' title='bbox 3210 4032 3350 4102; x_wconf 91' lang='lat' dir='ltr'><strong>apud</strong></span> <span class='ocrx_word' id='word_1_650' title='bbox 3408 4046 3505 4086; x_wconf 87' lang='lat' dir='ltr'><strong>eos</strong></span> 
     </span>
    </p>
   </div>
   <div class='ocr_carea' id='block_1_87' title="bbox 1928 4122 3506 4200">
    <p class='ocr_par' dir='ltr' id='par_1_87' title="bbox 1928 4122 3506 4200">
     <span class='ocr_line' id='line_1_87' title="bbox 1928 4122 3506 4200; baseline -0.004 -17"><span class='ocrx_word' id='word_1_651' title='bbox 1928 4129 2020 4198; x_wconf 87' lang='lat' dir='ltr'><strong>qui</strong></span> <span class='ocrx_word' id='word_1_652' title='bbox 2047 4130 2298 4200; x_wconf 83' lang='lat' dir='ltr'><strong>ignorant</strong></span> <span class='ocrx_word' id='word_1_653' title='bbox 2344 4144 2500 4189; x_wconf 86' lang='lat' dir='ltr'><strong>eum,</strong></span> <span class='ocrx_word' id='word_1_654' title='bbox 2555 4126 2693 4182; x_wconf 88' lang='lat' dir='ltr'><strong>falsa</strong></span> <span class='ocrx_word' id='word_1_655' title='bbox 2720 4127 2960 4197; x_wconf 84' lang='lat' dir='ltr'><strong>allegans</strong></span> <span class='ocrx_word' id='word_1_656' title='bbox 2993 4131 3217 4195; x_wconf 88' lang='lat' dir='ltr'><strong>putetur</strong></span> <span class='ocrx_word' id='word_1_657' title='bbox 3254 4140 3379 4178; x_wconf 76' lang='lat' dir='ltr'><strong>vera</strong></span> <span class='ocrx_word' id='word_1_658' title='bbox 3410 4122 3506 4177; x_wconf 90' lang='lat' dir='ltr'><strong>de-</strong></span> 
     </span>
    </p>
   </div>
   <div class='ocr_carea' id='block_1_88' title="bbox 1929 4216 3508 4289">
    <p class='ocr_par' dir='ltr' id='par_1_88' title="bbox 1929 4216 3508 4289">
     <span class='ocr_line' id='line_1_88' title="bbox 1929 4216 3508 4289; baseline -0.004 -14"><span class='ocrx_word' id='word_1_659' title='bbox 1929 4220 2170 4275; x_wconf 88' lang='lat' dir='ltr'><strong>fendere.</strong></span> <span class='ocrx_word' id='word_1_660' title='bbox 2203 4219 2389 4289; x_wconf 89' lang='lat' dir='ltr'><strong>Neque</strong></span> <span class='ocrx_word' id='word_1_661' title='bbox 2420 4219 2565 4275; x_wconf 91' lang='lat' dir='ltr'><strong>enim</strong></span> <span class='ocrx_word' id='word_1_662' title='bbox 2596 4219 2676 4274; x_wconf 86' lang='lat' dir='ltr'><strong>vel</strong></span> <span class='ocrx_word' id='word_1_663' title='bbox 2710 4234 2812 4274; x_wconf 89' lang='lat' dir='ltr'><strong>nos</strong></span> <span class='ocrx_word' id='word_1_664' title='bbox 2849 4218 2950 4287; x_wconf 91' lang='lat' dir='ltr'><strong>ipsi</strong></span> <span class='ocrx_word' id='word_1_665' title='bbox 2978 4232 3100 4271; x_wconf 91' lang='lat' dir='ltr'><strong>eum</strong></span> <span class='ocrx_word' id='word_1_666' title='bbox 3133 4216 3508 4286; x_wconf 84' lang='lat' dir='ltr'><strong>potuissemus</strong></span> 
     </span>
    </p>
   </div>
   <div class='ocr_carea' id='block_1_89' title="bbox 1926 4301 3504 4381">
    <p class='ocr_par' dir='ltr' id='par_1_89' title="bbox 1926 4301 3504 4381">
     <span class='ocr_line' id='line_1_89' title="bbox 1926 4301 3504 4381; baseline -0.008 -15"><span class='ocrx_word' id='word_1_667' title='bbox 1926 4310 2166 4381; x_wconf 72' lang='lat' dir='ltr'><strong>effugere</strong></span> <span class='ocrx_word' id='word_1_668' title='bbox 2194 4318 2248 4365; x_wconf 90' lang='lat' dir='ltr'><strong>et</strong></span> <span class='ocrx_word' id='word_1_669' title='bbox 2271 4309 2516 4364; x_wconf 83' lang='lat' dir='ltr'><strong>converti</strong></span> <span class='ocrx_word' id='word_1_670' title='bbox 2542 4308 2606 4361; x_wconf 93' lang='lat' dir='ltr'><strong>ad</strong></span> <span class='ocrx_word' id='word_1_671' title='bbox 2644 4306 2957 4368; x_wconf 88' lang='lat' dir='ltr'><strong>Dominum,</strong></span> <span class='ocrx_word' id='word_1_672' title='bbox 2992 4304 3095 4359; x_wconf 89' lang='lat' dir='ltr'><strong>nisi</strong></span> <span class='ocrx_word' id='word_1_673' title='bbox 3121 4303 3249 4358; x_wconf 88' lang='lat' dir='ltr'><strong>dum</strong></span> <span class='ocrx_word' id='word_1_674' title='bbox 3281 4301 3504 4369; x_wconf 82' lang='lat' dir='ltr'><strong>adjuto-</strong></span> 
     </span>
    </p>
   </div>
   <div class='ocr_carea' id='block_1_90' title="bbox 1928 4392 3505 4469">
    <p class='ocr_par' dir='ltr' id='par_1_90' title="bbox 1928 4392 3505 4469">
     <span class='ocr_line' id='line_1_90' title="bbox 1928 4392 3505 4469; baseline -0.005 -15"><span class='ocrx_word' id='word_1_675' title='bbox 1928 4416 2017 4455; x_wconf 89' lang='lat' dir='ltr'><strong>res</strong></span> <span class='ocrx_word' id='word_1_676' title='bbox 2039 4399 2158 4469; x_wconf 88' lang='lat' dir='ltr'><strong>ejus</strong></span> <span class='ocrx_word' id='word_1_677' title='bbox 2178 4406 2232 4453; x_wconf 91' lang='lat' dir='ltr'><strong>et</strong></span> <span class='ocrx_word' id='word_1_678' title='bbox 2249 4414 2499 4453; x_wconf 88' lang='lat' dir='ltr'><strong>errorum</strong></span> <span class='ocrx_word' id='word_1_679' title='bbox 2524 4397 2659 4453; x_wconf 91' lang='lat' dir='ltr'><strong>socii</strong></span> <span class='ocrx_word' id='word_1_680' title='bbox 2679 4396 2905 4461; x_wconf 87' lang='lat' dir='ltr'><strong>fuimus,</strong></span> <span class='ocrx_word' id='word_1_681' title='bbox 2925 4394 3336 4465; x_wconf 85' lang='lat' dir='ltr'><strong>agnovissemus</strong></span> <span class='ocrx_word' id='word_1_682' title='bbox 3357 4392 3505 4462; x_wconf 87' lang='lat' dir='ltr'><strong>quod</strong></span> 
     </span>
    </p>
   </div>
   <div class='ocr_carea' id='block_1_91' title="bbox 244 4489 2697 4561">
    <p class='ocr_par' dir='ltr' id='par_1_91' title="bbox 244 4489 2697 4561">
     <span class='ocr_line' id='line_1_91' title="bbox 244 4489 2697 4561; baseline -0 -17"><span class='ocrx_word' id='word_1_683' title='bbox 244 4491 542 4561; x_wconf 87' lang='lat' dir='ltr'><strong>prolatam,</strong></span> <span class='ocrx_word' id='word_1_684' title='bbox 599 4492 923 4548; x_wconf 89' lang='lat' dir='ltr'><strong>collaudans</strong></span> <span class='ocrx_word' id='word_1_685' title='bbox 952 4509 1039 4548; x_wconf 89' lang='lat' dir='ltr'><strong>me</strong></span> <span class='ocrx_word' id='word_1_686' title='bbox 1082 4493 1413 4549; x_wconf 88' lang='lat' dir='ltr'><strong>adhortandi</strong></span> <span class='ocrx_word' id='word_1_687' title='bbox 1452 4503 1508 4549; x_wconf 92' lang='lat' dir='ltr'><strong>et</strong></span> <span class='ocrx_word' id='word_1_688' title='bbox 1560 4494 1826 4549; x_wconf 82' lang='lat' dir='ltr'><strong>incitandi</strong></span> <span class='ocrx_word' id='word_1_689' title='bbox 1858 4489 1903 4545; x_wconf 83' lang='grc' dir='ltr'><strong>Ι)</strong></span> <span class='ocrx_word' id='word_1_690' title='bbox 1931 4492 2189 4561; x_wconf 89' lang='lat' dir='ltr'><strong>deceptor</strong></span> <span class='ocrx_word' id='word_1_691' title='bbox 2223 4496 2370 4546; x_wconf 90' lang='lat' dir='ltr'><strong>esset</strong></span> <span class='ocrx_word' id='word_1_692' title='bbox 2395 4505 2459 4545; x_wconf 91' lang='lat' dir='ltr'><strong>ac</strong></span> <span class='ocrx_word' id='word_1_693' title='bbox 2481 4505 2697 4561; x_wconf 89' lang='lat' dir='ltr'><strong>magus.</strong></span> 
     </span>
    </p>
   </div>
   <div class='ocr_carea' id='block_1_92' title="bbox 245 4583 1828 4657">
    <p class='ocr_par' dir='ltr' id='par_1_92' title="bbox 245 4583 1828 4657">
     <span class='ocr_line' id='line_1_92' title="bbox 245 4583 1828 4657; baseline -0.001 -17"><span class='ocrx_word' id='word_1_694' title='bbox 245 4585 370 4640; x_wconf 83' lang='lat' dir='ltr'><strong>sine</strong></span> <span class='ocrx_word' id='word_1_695' title='bbox 391 4583 558 4641; x_wconf 85' lang='lat' dir='ltr'><strong>dubio</strong></span> <span class='ocrx_word' id='word_1_696' title='bbox 580 4585 780 4656; x_wconf 88' lang='lat' dir='ltr'><strong>gratia,</strong></span> <span class='ocrx_word' id='word_1_697' title='bbox 799 4594 1225 4656; x_wconf 81' lang='lat' dir='ltr'><strong>consequentem</strong></span> <span class='ocrx_word' id='word_1_698' title='bbox 1244 4588 1412 4657; x_wconf 70' lang='lat' dir='ltr'><strong>coepit</strong></span> <span class='ocrx_word' id='word_1_699' title='bbox 1432 4586 1688 4656; x_wconf 83' lang='lat' dir='ltr'><strong>expedire</strong></span> <span class='ocrx_word' id='word_1_700' title='bbox 1709 4601 1828 4640; x_wconf 80' lang='lat' dir='ltr'><strong>ser-</strong></span> 
     </span>
    </p>
   </div>
   <div class='ocr_carea' id='block_1_93' title="bbox 245 4675 1822 4747">
    <p class='ocr_par' dir='ltr' id='par_1_93' title="bbox 245 4675 1822 4747">
     <span class='ocr_line' id='line_1_93' title="bbox 245 4675 1822 4747; baseline 0.001 -17"><span class='ocrx_word' id='word_1_701' title='bbox 245 4691 505 4731; x_wconf 89' lang='lat' dir='ltr'><strong>monem:</strong></span> <span class='ocrx_word' id='word_1_702' title='bbox 564 4675 946 4747; x_wconf 90' lang='lat' dir='ltr'><strong>Opportunum</strong></span> <span class='ocrx_word' id='word_1_703' title='bbox 979 4678 1111 4733; x_wconf 90' lang='lat' dir='ltr'><strong>mihi</strong></span> <span class='ocrx_word' id='word_1_704' title='bbox 1160 4695 1308 4733; x_wconf 92' lang='lat' dir='ltr'><strong>nunc</strong></span> <span class='ocrx_word' id='word_1_705' title='bbox 1336 4686 1392 4733; x_wconf 91' lang='lat' dir='ltr'><strong>et</strong></span> <span class='ocrx_word' id='word_1_706' title='bbox 1448 4677 1822 4733; x_wconf 89' lang='lat' dir='ltr'><strong>necessarium</strong></span> 
     </span>
    </p>
   </div>
   <div class='ocr_carea' id='block_1_94' title="bbox 242 4768 1824 4843">
    <p class='ocr_par' dir='ltr' id='par_1_94' title="bbox 242 4768 1824 4843">
     <span class='ocr_line' id='line_1_94' title="bbox 242 4768 1824 4843; baseline 0.001 -20"><span class='ocrx_word' id='word_1_707' title='bbox 242 4768 493 4833; x_wconf 87' lang='lat' dir='ltr'><strong>videtur,</strong></span> <span class='ocrx_word' id='word_1_708' title='bbox 528 4770 596 4825; x_wconf 92' lang='lat' dir='ltr'><strong>de</strong></span> <span class='ocrx_word' id='word_1_709' title='bbox 619 4770 707 4827; x_wconf 91' lang='lat' dir='ltr'><strong>his</strong></span> <span class='ocrx_word' id='word_1_710' title='bbox 729 4787 853 4841; x_wconf 66' lang='lat' dir='ltr'><strong>quae</strong></span> <span class='ocrx_word' id='word_1_711' title='bbox 892 4772 1180 4828; x_wconf 87' lang='lat' dir='ltr'><strong>imminent</strong></span> <span class='ocrx_word' id='word_1_712' title='bbox 1209 4773 1390 4843; x_wconf 89' lang='lat' dir='ltr'><strong>aliqua</strong></span> <span class='ocrx_word' id='word_1_713' title='bbox 1438 4771 1737 4836; x_wconf 90' lang='lat' dir='ltr'><strong>discutere,</strong></span> <span class='ocrx_word' id='word_1_714' title='bbox 1770 4772 1824 4825; x_wconf 92' lang='lat' dir='ltr'><strong>id</strong></span> 
     </span>
    </p>
   </div>
   <div class='ocr_carea' id='block_1_95' title="bbox 243 4857 1825 4934">
    <p class='ocr_par' dir='ltr' id='par_1_95' title="bbox 243 4857 1825 4934">
     <span class='ocr_line' id='line_1_95' title="bbox 243 4857 1825 4934; baseline -0.001 -17"><span class='ocrx_word' id='word_1_715' title='bbox 243 4870 334 4917; x_wconf 90' lang='lat' dir='ltr'><strong>est</strong></span> <span class='ocrx_word' id='word_1_716' title='bbox 366 4860 433 4914; x_wconf 86' lang='lat' dir='ltr'><strong>de</strong></span> <span class='ocrx_word' id='word_1_717' title='bbox 474 4857 720 4915; x_wconf 90' lang='lat' dir='ltr'><strong>Simone.</strong></span> <span class='ocrx_word' id='word_1_718' title='bbox 757 4861 912 4917; x_wconf 89' lang='lat' dir='ltr'><strong>Scire</strong></span> <span class='ocrx_word' id='word_1_719' title='bbox 958 4862 1102 4917; x_wconf 90' lang='lat' dir='ltr'><strong>enim</strong></span> <span class='ocrx_word' id='word_1_720' title='bbox 1138 4863 1297 4917; x_wconf 91' lang='lat' dir='ltr'><strong>velim</strong></span> <span class='ocrx_word' id='word_1_721' title='bbox 1319 4906 1333 4929; x_wconf 95' lang='lat'><strong>,</strong></span> <span class='ocrx_word' id='word_1_722' title='bbox 1366 4863 1566 4934; x_wconf 89' lang='lat' dir='ltr'><strong>quibus</strong></span> <span class='ocrx_word' id='word_1_723' title='bbox 1605 4862 1677 4917; x_wconf 91' lang='lat' dir='ltr'><strong>sit</strong></span> <span class='ocrx_word' id='word_1_724' title='bbox 1705 4877 1825 4917; x_wconf 82' lang='lat' dir='ltr'><strong>mo-</strong></span> 
     </span>
    </p>
   </div>
   <div class='ocr_carea' id='block_1_96' title="bbox 243 4952 1821 5025">
    <p class='ocr_par' dir='ltr' id='par_1_96' title="bbox 243 4952 1821 5025">
     <span class='ocr_line' id='line_1_96' title="bbox 243 4952 1821 5025; baseline -0.001 -17"><span class='ocrx_word' id='word_1_725' title='bbox 243 4952 407 5008; x_wconf 84' lang='lat' dir='ltr'><strong>ribus</strong></span> <span class='ocrx_word' id='word_1_726' title='bbox 435 4960 491 5007; x_wconf 92' lang='lat' dir='ltr'><strong>et</strong></span> <span class='ocrx_word' id='word_1_727' title='bbox 544 4953 745 5023; x_wconf 89' lang='lat' dir='ltr'><strong>quibus</strong></span> <span class='ocrx_word' id='word_1_728' title='bbox 775 4954 1011 5021; x_wconf 91' lang='lat' dir='ltr'><strong>actibus,</strong></span> <span class='ocrx_word' id='word_1_729' title='bbox 1041 4954 1188 5024; x_wconf 88' lang='lat' dir='ltr'><strong>quod</strong></span> <span class='ocrx_word' id='word_1_730' title='bbox 1220 4954 1376 5019; x_wconf 91' lang='lat' dir='ltr'><strong>mihi,</strong></span> <span class='ocrx_word' id='word_1_731' title='bbox 1439 4954 1485 5010; x_wconf 92' lang='lat' dir='ltr'><strong>si</strong></span> <span class='ocrx_word' id='word_1_732' title='bbox 1516 4954 1643 5025; x_wconf 91' lang='lat' dir='ltr'><strong>quis</strong></span> <span class='ocrx_word' id='word_1_733' title='bbox 1693 4953 1821 5020; x_wconf 86' lang='lat' dir='ltr'><strong>scit,</strong></span> 
     </span>
    </p>
   </div>
   <div class='ocr_carea' id='block_1_97' title="bbox 247 5044 1822 5118">
    <p class='ocr_par' dir='ltr' id='par_1_97' title="bbox 247 5044 1822 5118">
     <span class='ocr_line' id='line_1_97' title="bbox 247 5044 1822 5118; baseline 0.001 -18"><span class='ocrx_word' id='word_1_734' title='bbox 247 5044 501 5101; x_wconf 81' lang='lat' dir='ltr'><strong>indicare</strong></span> <span class='ocrx_word' id='word_1_735' title='bbox 524 5063 634 5100; x_wconf 84' lang='lat' dir='ltr'><strong>non</strong></span> <span class='ocrx_word' id='word_1_736' title='bbox 671 5055 892 5114; x_wconf 87' lang='lat' dir='ltr'><strong>cesset;</strong></span> <span class='ocrx_word' id='word_1_737' title='bbox 920 5046 1090 5102; x_wconf 81' lang='lat' dir='ltr'><strong>refert</strong></span> <span class='ocrx_word' id='word_1_738' title='bbox 1117 5048 1264 5102; x_wconf 91' lang='lat' dir='ltr'><strong>enim</strong></span> <span class='ocrx_word' id='word_1_739' title='bbox 1308 5048 1414 5102; x_wconf 89' lang='lat' dir='ltr'><strong>ista</strong></span> <span class='ocrx_word' id='word_1_740' title='bbox 1458 5061 1822 5118; x_wconf 64' lang='lat' dir='ltr'><strong>praenoscere.</strong></span> 
     </span>
    </p>
   </div>
   <div class='ocr_carea' id='block_1_98' title="bbox 244 5137 1825 5204">
    <p class='ocr_par' dir='ltr' id='par_1_98' title="bbox 244 5137 1825 5204">
     <span class='ocr_line' id='line_1_98' title="bbox 244 5137 1825 5204; baseline 0.001 -10"><span class='ocrx_word' id='word_1_741' title='bbox 244 5137 387 5194; x_wconf 75' lang='lat' dir='ltr'><strong>Nam</strong></span> <span class='ocrx_word' id='word_1_742' title='bbox 422 5140 468 5192; x_wconf 91' lang='lat' dir='ltr'><strong>si</strong></span> <span class='ocrx_word' id='word_1_743' title='bbox 494 5139 549 5192; x_wconf 91' lang='lat' dir='ltr'><strong>in</strong></span> <span class='ocrx_word' id='word_1_744' title='bbox 578 5140 854 5195; x_wconf 85' lang='lat' dir='ltr'><strong>mandatis</strong></span> <span class='ocrx_word' id='word_1_745' title='bbox 878 5139 1166 5204; x_wconf 89' lang='lat' dir='ltr'><strong>habemus,</strong></span> <span class='ocrx_word' id='word_1_746' title='bbox 1200 5149 1260 5195; x_wconf 91' lang='lat' dir='ltr'><strong>ut</strong></span> <span class='ocrx_word' id='word_1_747' title='bbox 1283 5142 1569 5197; x_wconf 85' lang='lat' dir='ltr'><strong>venientes</strong></span> <span class='ocrx_word' id='word_1_748' title='bbox 1593 5141 1661 5196; x_wconf 91' lang='lat' dir='ltr'><strong>ad</strong></span> <span class='ocrx_word' id='word_1_749' title='bbox 1688 5140 1825 5195; x_wconf 89' lang='lat' dir='ltr'><strong>civi-</strong></span> 
     </span>
    </p>
   </div>
   <div class='ocr_carea' id='block_1_99' title="bbox 245 5230 1823 5303">
    <p class='ocr_par' dir='ltr' id='par_1_99' title="bbox 245 5230 1823 5303">
     <span class='ocr_line' id='line_1_99' title="bbox 245 5230 1823 5303; baseline 0.002 -20"><span class='ocrx_word' id='word_1_750' title='bbox 245 5236 416 5284; x_wconf 86' lang='lat' dir='ltr'><strong>tatem</strong></span> <span class='ocrx_word' id='word_1_751' title='bbox 439 5230 721 5285; x_wconf 89' lang='lat' dir='ltr'><strong>discamus</strong></span> <span class='ocrx_word' id='word_1_752' title='bbox 742 5231 917 5300; x_wconf 90' lang='lat' dir='ltr'><strong>prius,</strong></span> <span class='ocrx_word' id='word_1_753' title='bbox 941 5232 1066 5301; x_wconf 91' lang='lat' dir='ltr'><strong>quis</strong></span> <span class='ocrx_word' id='word_1_754' title='bbox 1088 5233 1142 5286; x_wconf 93' lang='lat' dir='ltr'><strong>in</strong></span> <span class='ocrx_word' id='word_1_755' title='bbox 1172 5248 1235 5287; x_wconf 90' lang='lat' dir='ltr'><strong>ea</strong></span> <span class='ocrx_word' id='word_1_756' title='bbox 1262 5232 1460 5303; x_wconf 88' lang='lat' dir='ltr'><strong>dignus</strong></span> <span class='ocrx_word' id='word_1_757' title='bbox 1492 5232 1565 5287; x_wconf 88' lang='lat' dir='ltr'><strong>sit</strong></span> <span class='ocrx_word' id='word_1_758' title='bbox 1596 5238 1655 5285; x_wconf 93' lang='lat' dir='ltr'><strong>ut</strong></span> <span class='ocrx_word' id='word_1_759' title='bbox 1677 5231 1823 5303; x_wconf 87' lang='lat' dir='ltr'><strong>apud</strong></span> 
     </span>
    </p>
   </div>
   <div class='ocr_carea' id='block_1_100' title="bbox 243 5323 1823 5396">
    <p class='ocr_par' dir='ltr' id='par_1_100' title="bbox 243 5323 1823 5396">
     <span class='ocr_line' id='line_1_100' title="bbox 243 5323 1823 5396; baseline 0.001 -18"><span class='ocrx_word' id='word_1_760' title='bbox 243 5338 374 5378; x_wconf 85' lang='lat' dir='ltr'><strong>eum</strong></span> <span class='ocrx_word' id='word_1_761' title='bbox 404 5323 587 5378; x_wconf 89' lang='lat' dir='ltr'><strong>cibum</strong></span> <span class='ocrx_word' id='word_1_762' title='bbox 621 5338 908 5380; x_wconf 87' lang='lat' dir='ltr'><strong>sumamus</strong></span> <span class='ocrx_word' id='word_1_763' title='bbox 940 5325 1018 5393; x_wconf 84' lang='grc'><strong>¹⁸;</strong></span> <span class='ocrx_word' id='word_1_764' title='bbox 1075 5335 1283 5396; x_wconf 89' lang='lat' dir='ltr'><strong>quanto</strong></span> <span class='ocrx_word' id='word_1_765' title='bbox 1336 5326 1511 5396; x_wconf 86' lang='lat' dir='ltr'><strong>magis</strong></span> <span class='ocrx_word' id='word_1_766' title='bbox 1566 5324 1823 5380; x_wconf 79' lang='lat' dir='ltr'><strong>convenit</strong></span> 
     </span>
    </p>
   </div>
   <div class='ocr_carea' id='block_1_101' title="bbox 362 5477 1591 5548">
    <p class='ocr_par' dir='ltr' id='par_1_101' title="bbox 362 5477 1591 5548">
     <span class='ocr_line' id='line_1_101' title="bbox 362 5477 1591 5548; baseline 0 -15"><span class='ocrx_word' id='word_1_767' title='bbox 362 5480 409 5513; x_wconf 82' lang='lat'><strong>&quot;</strong></span> <span class='ocrx_word' id='word_1_768' title='bbox 448 5478 642 5534; x_wconf 80' lang='lat' dir='ltr'><strong>Matth.</strong></span> <span class='ocrx_word' id='word_1_769' title='bbox 670 5495 739 5548; x_wconf 64' lang='grc' dir='ltr'><strong>η</strong></span> <span class='ocrx_word' id='word_1_770' title='bbox 783 5478 918 5534; x_wconf 80' lang='lat' dir='ltr'><strong>Luc.</strong></span> <span class='ocrx_word' id='word_1_771' title='bbox 954 5495 1010 5535; x_wconf 75' lang='grc' dir='ltr'><strong>ι.</strong></span> <span class='ocrx_word' id='word_1_772' title='bbox 1098 5480 1143 5511; x_wconf 84' lang='grc'><strong>¹⁸</strong></span> <span class='ocrx_word' id='word_1_773' title='bbox 1182 5478 1372 5535; x_wconf 76' lang='lat' dir='ltr'><strong>Matth.</strong></span> <span class='ocrx_word' id='word_1_774' title='bbox 1407 5495 1485 5534; x_wconf 83' lang='lat' dir='ltr'><strong>vn</strong></span> <span class='ocrx_word' id='word_1_775' title='bbox 1539 5477 1591 5534; x_wconf 75' lang='grc' dir='ltr'><strong>Β.</strong></span> 
     </span>
    </p>
   </div>
   <div class='ocr_carea' id='block_1_102' title="bbox 2001 4576 3506 4647">
    <p class='ocr_par' dir='ltr' id='par_1_102' title="bbox 2001 4576 3506 4647">
     <span class='ocr_line' id='line_1_102' title="bbox 2001 4576 3506 4647; baseline -0.005 -10"><span class='ocrx_word' id='word_1_776' title='bbox 2001 4582 2091 4639; x_wconf 85' lang='lat' dir='ltr'><strong>Vl.</strong></span> <span class='ocrx_word' id='word_1_777' title='bbox 2134 4583 2270 4639; x_wconf 92' lang='lat' dir='ltr'><strong>Cum</strong></span> <span class='ocrx_word' id='word_1_778' title='bbox 2301 4583 2417 4637; x_wconf 68' lang='lat' dir='ltr'><strong>haec</strong></span> <span class='ocrx_word' id='word_1_779' title='bbox 2444 4580 2635 4638; x_wconf 84' lang='lat' dir='ltr'><strong>Nieeta</strong></span> <span class='ocrx_word' id='word_1_780' title='bbox 2664 4580 2917 4644; x_wconf 81' lang='lat' dir='ltr'><strong>dixisset,</strong></span> <span class='ocrx_word' id='word_1_781' title='bbox 2942 4576 3143 4647; x_wconf 84' lang='lat' dir='ltr'><strong>Aquila</strong></span> <span class='ocrx_word' id='word_1_782' title='bbox 3176 4589 3394 4645; x_wconf 86' lang='lat' dir='ltr'><strong>quoque</strong></span> <span class='ocrx_word' id='word_1_783' title='bbox 3413 4589 3506 4629; x_wconf 87' lang='lat' dir='ltr'><strong>ro—</strong></span> 
     </span>
    </p>
   </div>
   <div class='ocr_carea' id='block_1_103' title="bbox 1926 4666 3503 4749">
    <p class='ocr_par' dir='ltr' id='par_1_103' title="bbox 1926 4666 3503 4749">
     <span class='ocr_line' id='line_1_103' title="bbox 1926 4666 3503 4749; baseline -0.008 -19"><span class='ocrx_word' id='word_1_784' title='bbox 1926 4692 2062 4749; x_wconf 87' lang='lat' dir='ltr'><strong>gans</strong></span> <span class='ocrx_word' id='word_1_785' title='bbox 2085 4677 2190 4732; x_wconf 91' lang='lat' dir='ltr'><strong>sibi</strong></span> <span class='ocrx_word' id='word_1_786' title='bbox 2213 4674 2435 4731; x_wconf 90' lang='lat' dir='ltr'><strong>dicendi</strong></span> <span class='ocrx_word' id='word_1_787' title='bbox 2465 4673 2779 4729; x_wconf 83' lang='lat' dir='ltr'><strong>facultatem</strong></span> <span class='ocrx_word' id='word_1_788' title='bbox 2806 4671 2947 4733; x_wconf 87' lang='lat' dir='ltr'><strong>dari,</strong></span> <span class='ocrx_word' id='word_1_789' title='bbox 2996 4669 3100 4723; x_wconf 84' lang='lat' dir='ltr'><strong>hoc</strong></span> <span class='ocrx_word' id='word_1_790' title='bbox 3132 4667 3295 4722; x_wconf 91' lang='lat' dir='ltr'><strong>modo</strong></span> <span class='ocrx_word' id='word_1_791' title='bbox 3335 4666 3503 4719; x_wconf 90' lang='lat' dir='ltr'><strong>etiam</strong></span> 
     </span>
    </p>
   </div>
   <div class='ocr_carea' id='block_1_104' title="bbox 1929 4759 3505 4842">
    <p class='ocr_par' dir='ltr' id='par_1_104' title="bbox 1929 4759 3505 4842">
     <span class='ocr_line' id='line_1_104' title="bbox 1929 4759 3505 4842; baseline -0.01 -16"><span class='ocrx_word' id='word_1_792' title='bbox 1929 4772 2047 4842; x_wconf 91' lang='lat' dir='ltr'><strong>ipse</strong></span> <span class='ocrx_word' id='word_1_793' title='bbox 2076 4777 2401 4842; x_wconf 90' lang='lat' dir='ltr'><strong>prosecutus</strong></span> <span class='ocrx_word' id='word_1_794' title='bbox 2434 4776 2549 4825; x_wconf 89' lang='lat' dir='ltr'><strong>est:</strong></span> <span class='ocrx_word' id='word_1_795' title='bbox 2600 4766 2852 4835; x_wconf 78' lang='lat' dir='ltr'><strong>Suscipe,</strong></span> <span class='ocrx_word' id='word_1_796' title='bbox 2888 4778 3095 4834; x_wconf 67' lang='lat' dir='ltr'><strong>quaeso,</strong></span> <span class='ocrx_word' id='word_1_797' title='bbox 3125 4770 3177 4816; x_wconf 92' lang='lat' dir='ltr'><strong>et</strong></span> <span class='ocrx_word' id='word_1_798' title='bbox 3219 4759 3327 4814; x_wconf 91' lang='lat' dir='ltr'><strong>mei</strong></span> <span class='ocrx_word' id='word_1_799' title='bbox 3373 4772 3505 4827; x_wconf 87' lang='lat' dir='ltr'><strong>erga</strong></span> 
     </span>
    </p>
   </div>
   <div class='ocr_carea' id='block_1_105' title="bbox 1928 4850 3507 4931">
    <p class='ocr_par' dir='ltr' id='par_1_105' title="bbox 1928 4850 3507 4931">
     <span class='ocr_line' id='line_1_105' title="bbox 1928 4850 3507 4931; baseline -0.009 -14"><span class='ocrx_word' id='word_1_800' title='bbox 1928 4870 1983 4918; x_wconf 90' lang='lat' dir='ltr'><strong>te</strong></span> <span class='ocrx_word' id='word_1_801' title='bbox 2006 4864 2210 4918; x_wconf 91' lang='lat' dir='ltr'><strong>amoris</strong></span> <span class='ocrx_word' id='word_1_802' title='bbox 2236 4877 2448 4928; x_wconf 88' lang='lat' dir='ltr'><strong>curam,</strong></span> <span class='ocrx_word' id='word_1_803' title='bbox 2489 4859 2692 4931; x_wconf 92' lang='lat' dir='ltr'><strong>optime</strong></span> <span class='ocrx_word' id='word_1_804' title='bbox 2722 4856 2915 4922; x_wconf 88' lang='lat' dir='ltr'><strong>Petre;</strong></span> <span class='ocrx_word' id='word_1_805' title='bbox 2944 4862 2998 4909; x_wconf 91' lang='lat' dir='ltr'><strong>et</strong></span> <span class='ocrx_word' id='word_1_806' title='bbox 3022 4869 3124 4923; x_wconf 89' lang='lat' dir='ltr'><strong>ego</strong></span> <span class='ocrx_word' id='word_1_807' title='bbox 3157 4852 3303 4906; x_wconf 87' lang='lat' dir='ltr'><strong>enim</strong></span> <span class='ocrx_word' id='word_1_808' title='bbox 3347 4850 3507 4903; x_wconf 83' lang='lat' dir='ltr'><strong>valde</strong></span> 
     </span>
    </p>
   </div>
   <div class='ocr_carea' id='block_1_106' title="bbox 1930 4942 3503 5023">
    <p class='ocr_par' dir='ltr' id='par_1_106' title="bbox 1930 4942 3503 5023">
     <span class='ocr_line' id='line_1_106' title="bbox 1930 4942 3503 5023; baseline -0.01 -13"><span class='ocrx_word' id='word_1_809' title='bbox 1930 4954 2201 5010; x_wconf 89' lang='lat' dir='ltr'><strong>sollicitus</strong></span> <span class='ocrx_word' id='word_1_810' title='bbox 2234 4969 2354 5009; x_wconf 91' lang='lat' dir='ltr'><strong>sum</strong></span> <span class='ocrx_word' id='word_1_811' title='bbox 2377 4968 2475 5023; x_wconf 91' lang='lat' dir='ltr'><strong>pro</strong></span> <span class='ocrx_word' id='word_1_812' title='bbox 2501 4959 2576 5007; x_wconf 89' lang='lat' dir='ltr'><strong>te.</strong></span> <span class='ocrx_word' id='word_1_813' title='bbox 2606 4949 2718 5005; x_wconf 86' lang='lat' dir='ltr'><strong>Nec</strong></span> <span class='ocrx_word' id='word_1_814' title='bbox 2750 4945 3123 5018; x_wconf 89' lang='lat' dir='ltr'><strong>reprehendas</strong></span> <span class='ocrx_word' id='word_1_815' title='bbox 3154 4960 3256 4999; x_wconf 88' lang='lat' dir='ltr'><strong>nos</strong></span> <span class='ocrx_word' id='word_1_816' title='bbox 3287 4944 3343 4997; x_wconf 91' lang='lat' dir='ltr'><strong>in</strong></span> <span class='ocrx_word' id='word_1_817' title='bbox 3373 4942 3503 5004; x_wconf 90' lang='lat' dir='ltr'><strong>hoc,</strong></span> 
     </span>
    </p>
   </div>
   <div class='ocr_carea' id='block_1_107' title="bbox 1923 5034 3506 5119">
    <p class='ocr_par' dir='ltr' id='par_1_107' title="bbox 1923 5034 3506 5119">
     <span class='ocr_line' id='line_1_107' title="bbox 1923 5034 3506 5119; baseline -0.009 -19"><span class='ocrx_word' id='word_1_818' title='bbox 1923 5048 2053 5119; x_wconf 89' lang='lat' dir='ltr'><strong>quia</strong></span> <span class='ocrx_word' id='word_1_819' title='bbox 2086 5064 2273 5103; x_wconf 88' lang='lat' dir='ltr'><strong>curam</strong></span> <span class='ocrx_word' id='word_1_820' title='bbox 2304 5062 2492 5118; x_wconf 90' lang='lat' dir='ltr'><strong>gerere</strong></span> <span class='ocrx_word' id='word_1_821' title='bbox 2522 5043 2755 5113; x_wconf 90' lang='lat' dir='ltr'><strong>alicujus</strong></span> <span class='ocrx_word' id='word_1_822' title='bbox 2788 5058 2855 5097; x_wconf 79' lang='lat' dir='ltr'><strong>ex</strong></span> <span class='ocrx_word' id='word_1_823' title='bbox 2888 5040 3081 5095; x_wconf 81' lang='lat' dir='ltr'><strong>affectu</strong></span> <span class='ocrx_word' id='word_1_824' title='bbox 3121 5038 3291 5099; x_wconf 89' lang='lat' dir='ltr'><strong>venit,</strong></span> <span class='ocrx_word' id='word_1_825' title='bbox 3325 5034 3506 5104; x_wconf 86' lang='lat' dir='ltr'><strong>negli-</strong></span> 
     </span>
    </p>
   </div>
   <div class='ocr_carea' id='block_1_108' title="bbox 1924 5122 3499 5209">
    <p class='ocr_par' dir='ltr' id='par_1_108' title="bbox 1924 5122 3499 5209">
     <span class='ocr_line' id='line_1_108' title="bbox 1924 5122 3499 5209; baseline -0.012 -16"><span class='ocrx_word' id='word_1_826' title='bbox 1924 5154 2050 5209; x_wconf 83' lang='lat' dir='ltr'><strong>gere</strong></span> <span class='ocrx_word' id='word_1_827' title='bbox 2075 5146 2253 5192; x_wconf 89' lang='lat' dir='ltr'><strong>autem</strong></span> <span class='ocrx_word' id='word_1_828' title='bbox 2287 5153 2397 5192; x_wconf 90' lang='lat' dir='ltr'><strong>non</strong></span> <span class='ocrx_word' id='word_1_829' title='bbox 2434 5135 2618 5189; x_wconf 90' lang='lat' dir='ltr'><strong>minus</strong></span> <span class='ocrx_word' id='word_1_830' title='bbox 2646 5139 2731 5188; x_wconf 86' lang='lat' dir='ltr'><strong>est</strong></span> <span class='ocrx_word' id='word_1_831' title='bbox 2782 5145 2948 5202; x_wconf 86' lang='lat' dir='ltr'><strong>quam</strong></span> <span class='ocrx_word' id='word_1_832' title='bbox 3004 5126 3211 5183; x_wconf 88' lang='lat' dir='ltr'><strong>odisse.</strong></span> <span class='ocrx_word' id='word_1_833' title='bbox 3272 5122 3499 5178; x_wconf 83' lang='lat' dir='ltr'><strong>Testem</strong></span> 
     </span>
    </p>
   </div>
   <div class='ocr_carea' id='block_1_109' title="bbox 1921 5217 3504 5299">
    <p class='ocr_par' dir='ltr' id='par_1_109' title="bbox 1921 5217 3504 5299">
     <span class='ocr_line' id='line_1_109' title="bbox 1921 5217 3504 5299; baseline -0.011 -13"><span class='ocrx_word' id='word_1_834' title='bbox 1921 5247 2053 5287; x_wconf 89' lang='lat' dir='ltr'><strong>vero</strong></span> <span class='ocrx_word' id='word_1_835' title='bbox 2078 5231 2273 5287; x_wconf 91' lang='lat' dir='ltr'><strong>invoco</strong></span> <span class='ocrx_word' id='word_1_836' title='bbox 2294 5230 2489 5291; x_wconf 84' lang='lat' dir='ltr'><strong>Deum,</strong></span> <span class='ocrx_word' id='word_1_837' title='bbox 2513 5227 2642 5299; x_wconf 88' lang='lat' dir='ltr'><strong>quia</strong></span> <span class='ocrx_word' id='word_1_838' title='bbox 2662 5241 2773 5281; x_wconf 89' lang='lat' dir='ltr'><strong>non</strong></span> <span class='ocrx_word' id='word_1_839' title='bbox 2802 5232 2861 5279; x_wconf 92' lang='lat' dir='ltr'><strong>ut</strong></span> <span class='ocrx_word' id='word_1_840' title='bbox 2886 5222 3190 5293; x_wconf 84' lang='lat' dir='ltr'><strong>segniorem</strong></span> <span class='ocrx_word' id='word_1_841' title='bbox 3216 5229 3269 5274; x_wconf 91' lang='lat' dir='ltr'><strong>te</strong></span> <span class='ocrx_word' id='word_1_842' title='bbox 3295 5217 3351 5272; x_wconf 90' lang='lat' dir='ltr'><strong>in</strong></span> <span class='ocrx_word' id='word_1_843' title='bbox 3377 5230 3504 5270; x_wconf 61' lang='lat' dir='ltr'><strong>cera</strong></span> 
     </span>
    </p>
   </div>
   <div class='ocr_carea' id='block_1_110' title="bbox 1925 5314 3500 5391">
    <p class='ocr_par' dir='ltr' id='par_1_110' title="bbox 1925 5314 3500 5391">
     <span class='ocr_line' id='line_1_110' title="bbox 1925 5314 3500 5391; baseline -0.012 -11"><span class='ocrx_word' id='word_1_844' title='bbox 1925 5325 2132 5380; x_wconf 89' lang='lat' dir='ltr'><strong>tamine</strong></span> <span class='ocrx_word' id='word_1_845' title='bbox 2151 5324 2335 5380; x_wconf 91' lang='lat' dir='ltr'><strong>sciens</strong></span> <span class='ocrx_word' id='word_1_846' title='bbox 2351 5330 2535 5379; x_wconf 89' lang='lat' dir='ltr'><strong>metuo</strong></span> <span class='ocrx_word' id='word_1_847' title='bbox 2558 5335 2659 5391; x_wconf 90' lang='lat' dir='ltr'><strong>pro</strong></span> <span class='ocrx_word' id='word_1_848' title='bbox 2682 5325 2759 5385; x_wconf 87' lang='lat' dir='ltr'><strong>te,</strong></span> <span class='ocrx_word' id='word_1_849' title='bbox 2790 5316 2990 5391; x_wconf 85' lang='lat' dir='ltr'><strong>quippe</strong></span> <span class='ocrx_word' id='word_1_850' title='bbox 3008 5314 3103 5386; x_wconf 87' lang='lat' dir='ltr'><strong>qui</strong></span> <span class='ocrx_word' id='word_1_851' title='bbox 3126 5328 3228 5369; x_wconf 90' lang='lat' dir='ltr'><strong>nec</strong></span> <span class='ocrx_word' id='word_1_852' title='bbox 3253 5323 3500 5382; x_wconf 82' lang='lat' dir='ltr'><strong>unquam</strong></span> 
     </span>
    </p>
   </div>
   <div class='ocr_carea' id='block_1_111' title="bbox 1547 5629 2178 5691">
    <p class='ocr_par' dir='ltr' id='par_1_111' title="bbox 1547 5629 2178 5691">
     <span class='ocr_line' id='line_1_111' title="bbox 1547 5629 2178 5691; baseline -0.01 0"><span class='ocrx_word' id='word_1_853' title='bbox 1547 5630 1909 5691; x_wconf 80' lang='lat' dir='ltr'><strong>COTELERII</strong></span> <span class='ocrx_word' id='word_1_854' title='bbox 1947 5629 2178 5687; x_wconf 70' lang='grc' dir='ltr'><strong>ΝΟΤᾹΞ.</strong></span> 
     </span>
    </p>
   </div>
   <div class='ocr_carea' id='block_1_112' title="bbox 329 5750 2933 5874">
    <p class='ocr_par' dir='ltr' id='par_1_112' title="bbox 329 5750 2933 5874">
     <span class='ocr_line' id='line_1_112' title="bbox 329 5750 2933 5874; baseline -0.005 -20"><span class='ocrx_word' id='word_1_855' title='bbox 329 5796 444 5874; x_wconf 73' lang='lat'><strong>(60)</strong></span> <span class='ocrx_word' id='word_1_856' title='bbox 485 5796 762 5858; x_wconf 77' lang='lat' dir='ltr'><strong>Brumam.</strong></span> <span class='ocrx_word' id='word_1_857' title='bbox 788 5796 1041 5865; x_wconf 83' lang='lat' dir='ltr'><strong>Candei.,</strong></span> <span class='ocrx_word' id='word_1_858' title='bbox 1080 5805 1133 5854; x_wconf 87' lang='lat' dir='ltr'><strong>et</strong></span> <span class='ocrx_word' id='word_1_859' title='bbox 1178 5794 1413 5856; x_wconf 85' lang='lat' dir='ltr'><strong>Carmel.</strong></span> <span class='ocrx_word' id='word_1_860' title='bbox 1468 5809 1708 5867; x_wconf 88' lang='lat' dir='ltr'><strong>quoque,</strong></span> <span class='ocrx_word' id='word_1_861' title='bbox 1756 5792 2019 5863; x_wconf 77' lang='lat' dir='ltr'><strong>bromum,</strong></span> <span class='ocrx_word' id='word_1_862' title='bbox 2047 5792 2191 5866; x_wconf 81' lang='lat' dir='ltr'><strong>quod</strong></span> <span class='ocrx_word' id='word_1_863' title='bbox 2246 5799 2350 5859; x_wconf 86' lang='lat' dir='ltr'><strong>est,</strong></span> <span class='ocrx_word' id='word_1_864' title='bbox 2383 5788 2601 5863; x_wconf 74' lang='grc' dir='ltr'><strong>βρόμον,</strong></span> <span class='ocrx_word' id='word_1_865' title='bbox 2646 5785 2933 5859; x_wconf 64' lang='lat' dir='ltr'><strong>fremitum.</strong></span> 
     </span>
    </p>
   </div>
  </div>
