3890 6192
462 271 601 328 1251.

1314 275 1372 335 8.
1410 277 1808 337 CLEMENTIS
1843 279 1862 336 Ι
1895 278 2063 337 ROM.
2100 280 2302 338 PONT.
2337 280 2567 338 OPERA
2603 280 2830 339 DUBIA.

455 387 557 442 tibi
588 396 787 457 praesto
818 390 1014 446 fuerim
1044 390 1373 463 disputanti,
1402 394 1497 450 sed
1534 397 1625 466 qui
1661 396 1809 453 illius
1839 397 2031 468 impie-
2061 407 2109 463 Α
2139 398 2196 453 in
2237 412 2469 453 numero
2512 397 2727 453 dierum
2766 395 2934 468 positi
2973 394 3347 469 videbantur),
3383 396 3573 456 Simon
3617 402 3701 457 hic

457 484 599 536 tates
632 482 767 538 bene
805 484 1083 549 noverim,
1134 486 1600 542 existimationem
1646 495 1797 543 tuam
1851 490 2034 561 cogito

458 574 623 627 simul
646 582 699 629 et
731 576 945 632 animos
984 577 1330 643 auditorum,
1365 587 1420 633 et
1470 580 1644 649 ipsius
1674 589 1800 635 ante
1849 582 2034 636 omnia

454 665 704 719 veritatis
736 673 961 723 statum.
998 666 1304 724 Vehemens
1344 670 1543 725 etenim
1592 678 1675 725 est
1720 672 1807 726 hic
1843 688 2033 742 magus

452 755 519 810 ad
551 758 736 812 omnia
765 774 1105 831 quaacunque
1123 761 1355 815 voluerit
1379 769 1434 816 et
1466 778 1630 833 supra
1665 765 1883 818 modum
1913 780 2035 819 sce-

453 849 662 915 lestus;
692 848 746 904 in
781 850 1035 904 omnibus
1058 852 1202 905 enim
1227 867 1349 906 eum
1378 852 1667 923 diligenter
1687 855 2031 924 agnovimus,

453 949 643 1011 utpote
673 945 764 1012 qui
796 959 827 997 a
858 961 1028 1015 puero
1061 945 1330 999 malorum
1364 946 1485 1014 ejus
1538 946 1819 1001 auditores
1860 946 2033 1000 fueri-

451 1045 574 1085 mus
606 1041 661 1087 et
696 1034 953 1098 ministri,
976 1043 1031 1089 et
1064 1034 1169 1090 nisi
1202 1050 1303 1089 nos
1329 1035 1421 1089 Dei
1447 1050 1602 1088 amor
1624 1036 1935 1106 abrupisset
1963 1036 2033 1089 ab

449 1137 538 1186 eo,
574 1123 631 1177 in
687 1124 895 1180 eisdem
940 1140 1064 1179 cum
1121 1126 1241 1197 ipso
1269 1127 1435 1182 etiam
1488 1142 1635 1182 nunc
1686 1142 2034 1183 versaremur

452 1214 615 1270 malis
643 1232 658 1282 ;
694 1216 789 1272 sed
823 1218 1101 1287 ingenitus
1132 1218 1354 1288 quidam
1385 1220 1546 1274 nobis
1585 1235 1715 1289 erga
1748 1218 1916 1273 Deum
1949 1218 2031 1272 af-

454 1304 651 1371 fectus,
682 1310 891 1364 scelera
922 1309 1143 1379 quidem
1176 1310 1297 1379 ejus
1320 1326 1509 1373 exosa,
1542 1311 1749 1364 cultum
1774 1326 1904 1365 vero
1937 1309 2032 1363 Dei

453 1400 741 1454 amabilem
772 1399 920 1456 fecit.
955 1400 1108 1456 Unde
1129 1411 1182 1456 et
1203 1403 1442 1456 arbitror
1470 1418 1607 1475 Opus
1635 1403 1804 1457 fuisse
1835 1402 2032 1457 divinae

454 1490 829 1558 providentiae,
882 1502 939 1546 ut
979 1508 1080 1547 nos
1118 1494 1293 1562 primo
1355 1492 1654 1549 familiares
1698 1494 1818 1562 ejus
1851 1494 2031 1547 ellerti

442 1582 707 1643 notitiam
738 1598 1061 1654 caperemus
1084 1585 1379 1654 quomodo,
1412 1585 1495 1639 vel
1519 1585 1665 1655 quali
1695 1594 1814 1639 arte
1848 1585 2032 1655 prodi—

452 1673 563 1742 gia,
596 1689 716 1744 qua:
746 1673 928 1729 facere
959 1675 1175 1731 videtur
1211 1676 1437 1732 efficiat.
1462 1675 1597 1743 Quis
1624 1676 1771 1731 enim
1800 1686 1909 1741 est,
1936 1677 2031 1747 qui

2133 490 2309 554 malae,
2343 498 2403 543 ut
2433 489 2694 551 diximus,
2728 490 2916 559 glorias
2946 488 3182 559 cupidus
3211 490 3426 546 accedit
3450 492 3519 546 ad
3550 491 3703 548 Dosi-

2135 580 2322 635 theum
2355 589 2409 634 et
2439 580 2716 635 simulatis
2750 580 3011 634 amicitiis
3058 588 3269 645 exorat,
3303 589 3361 634 ut
3405 582 3448 636 si
3487 587 3705 652 quando

2134 672 2335 743 aliquis
2369 687 2436 727 ex
2467 672 2575 727 illis
2605 672 2827 741 triginta
2872 671 3104 735 obisset,
3150 674 3204 725 in
3232 672 3409 727 locum
3463 672 3707 728 defuncti

2134 781 2193 820 se
2219 765 2485 819 continuo
2504 764 2869 833 subrogaret;
2912 764 3039 833 quia
3077 778 3255 833 neque
3306 772 3578 820 statutum
3608 781 3706 819 nu-

2133 871 2344 911 merum
2364 856 2630 911 excedere
2659 856 2803 927 apud
2833 870 2929 909 eos
2964 854 3047 911 fas
3076 863 3215 917 erat,
3247 872 3425 926 neque
3460 857 3705 927 ignotum

2134 949 2370 1017 aliquem
2403 949 2644 1003 inserere
2672 956 2765 1001 aut
2794 947 3032 1002 nondum
3089 947 3414 1017 probatum;
3469 947 3615 1001 unde
3654 955 3706 1009 et

2133 1039 2315 1094 caueri
2348 1040 2633 1094 studentes
2658 1039 2808 1109 digni
2839 1040 2958 1094 loco
2991 1053 3056 1093 ac
3088 1053 3319 1093 numero
3346 1037 3485 1101 fieri,
3516 1054 3709 1094 secun-

2132 1129 2261 1183 dum
2290 1137 2452 1184 secta:
2474 1146 2587 1185 sua:
2612 1130 2867 1183 instituta
2892 1128 3106 1198 placere
3123 1144 3219 1198 per
3239 1128 3421 1181 omnia
3442 1125 3704 1198 gestiunt,

2132 1237 2242 1290 quo
2270 1222 2445 1290 possit
2468 1221 2851 1289 unusquisque
2881 1236 2949 1274 ex
2990 1219 3077 1273 bis
3099 1219 3192 1288 qui
3235 1219 3387 1272 illum
3420 1230 3706 1272 numerum

2134 1317 2464 1379 sequuntur,
2500 1324 2625 1363 cum
2648 1308 2787 1362 forte
2813 1308 3035 1378 aliquis,
3070 1318 3130 1361 ut
3168 1306 3430 1373 diximus,
3457 1305 3705 1360 decesseo

2133 1402 2226 1464 rit,
2261 1400 2463 1471 dignus
2493 1399 2688 1463 videri,
2724 1399 2817 1468 qui
2847 1399 2900 1452 in
2931 1398 3110 1451 locum
3144 1396 3393 1452 defuncti
3446 1393 3706 1451 subslitui

2132 1489 2351 1543 debeat.
2385 1487 2557 1559 Igitur
2588 1487 2880 1542 Dositheus
2907 1487 3160 1557 plurimis
3187 1486 3255 1540 ab
3285 1488 3393 1540 hoc
3429 1495 3703 1546 exoratus,

2134 1578 2224 1633 ubi
2258 1577 2411 1633 locus
2440 1578 2585 1631 intra
2619 1592 2909 1633 numerum
2942 1575 3123 1631 factus
3150 1583 3259 1641 est,
3294 1576 3601 1632 introduxit
3628 1572 3706 1629 Si-

2133 1687 2371 1727 monem.

453 1777 563 1820 non
594 1766 950 1837 obstupescat
980 1783 1145 1837 super
1168 1767 1276 1831 his,
1302 1782 1423 1837 quae
1454 1766 1610 1830 facit,
1656 1767 2028 1832 mirabilibus,
2062 1782 2107 1836 Β
2204 1758 2296 1816 IX.
2333 1759 2439 1816 Sed
2473 1761 2562 1818 hic
2595 1776 2705 1817 non
2738 1760 2910 1815 multo
2954 1767 3078 1829 post
3111 1759 3306 1814 incidit
3358 1760 3415 1813 in
3472 1775 3703 1815 amorem

453 1862 515 1909 ut
544 1864 695 1924 putet
720 1872 842 1910 eum
878 1856 946 1910 de
976 1858 1133 1912 emlis
1164 1856 1333 1911 Deum
1369 1857 1434 1911 ad
1470 1858 1703 1913 salutem
1744 1857 2027 1912 hominum

453 1945 840 2001 descendisse?
887 1945 999 2017 Ego
1034 1946 1101 2001 de
1140 1948 1350 2017 meipso
1379 1946 1577 2011 fateor,
1636 1947 1743 2003 nisi
1797 1947 2030 2003 interius

450 2050 577 2090 eum
607 2036 861 2100 scissem,
888 2044 944 2091 et
973 2036 1346 2093 interfuissent
1378 2038 1596 2093 actibus
1634 2038 1778 2106 ejus,
1815 2037 2029 2108 subripi

453 2127 584 2180 mihi
615 2126 773 2183 facile
794 2127 1090 2198 potuisset;
1118 2128 1260 2183 unde
1283 2144 1392 2182 non
1416 2126 1518 2182 fuit
1542 2143 1799 2197 tnagnum
1832 2143 1932 2184 nos
1962 2129 2033 2183 ab

451 2219 573 2289 ejus
598 2221 879 2275 consortio
911 2219 1179 2289 separari,
1214 2220 1449 2275 scientes
1478 2235 1602 2274 eum
1635 2218 1864 2289 magicis
1896 2218 2032 2271 arti-

456 2314 558 2369 bus
584 2322 639 2368 et
668 2315 997 2369 commentis
1042 2317 1308 2369 scelerum
1339 2313 1460 2367 niti.
1490 2311 1647 2379 Quod
1680 2314 1725 2368 si
1755 2313 1838 2367 vis
1863 2313 2029 2367 etiam

455 2406 572 2476 ipse
598 2407 666 2461 de
696 2421 762 2461 eo
793 2414 993 2461 cuncta
1024 2420 1379 2476 cognoscere,
1428 2405 1554 2475 quis
1587 2407 1704 2475 ipse
1735 2406 1845 2469 sit,
1895 2420 2036 2475 qua-

452 2498 611 2561 lisve,
642 2504 696 2551 et
747 2496 911 2560 unde,
966 2498 1049 2552 vel
1082 2497 1318 2567 qualiter
1367 2505 1657 2567 patrentur
1708 2511 1832 2567 qua:
1868 2495 2030 2567 gerit,

453 2589 729 2643 ausculta.

524 2678 637 2735 VII.
671 2679 859 2735 Simon
910 2680 1030 2744 hic,
1066 2687 1220 2750 patre
1257 2680 1497 2734 Antonio
1522 2719 1540 2743 ,
1598 2687 1773 2735 matre
1824 2678 2031 2737 Rachel

454 2780 617 2827 natus
643 2780 750 2837 est,
792 2780 953 2843 gente
978 2772 1288 2843 Samaraeus
1313 2787 1381 2827 ex
1407 2772 1530 2827 vico
1552 2769 1884 2835 Gethonum,
1911 2781 2032 2828 arte

456 2878 670 2932 magus,
698 2862 905 2917 Graecis
939 2872 1121 2916 tamen
1156 2862 1357 2918 litteris
1412 2863 1731 2918 liberalibus
1783 2863 2030 2934 apprime

451 2956 723 3019 eruditus,
749 2956 935 3027 gloria:
958 2970 1021 3009 ac
1046 2956 1327 3024 jactantiaz
1357 2971 1523 3027 supra
1547 2972 1708 3010 omne
1730 2971 1904 3026 genus
1932 2955 2036 3011 ho-

455 3047 663 3101 minum
717 3047 970 3116 cupidus,
1029 3049 1101 3101 ita
1163 3056 1221 3101 ut
1277 3048 1552 3102 excelsam
1611 3047 1866 3102 virtutem
1909 3063 2033 3118 qua:

2130 1853 2376 1908 mulieris
2408 1853 2555 1909 illius
2573 1869 2737 1924 quam
2760 1851 2970 1907 Lunam
2996 1859 3211 1915 vocant,
3231 1851 3509 1921 nobisque
3532 1859 3705 1920 utpote

2131 1940 2491 1998 familiaribus
2520 1946 2637 1999 suis
2677 1944 2862 1998 omnia
2895 1943 3285 2005 concredebat,
3317 1944 3468 2012 quod
3522 1957 3704 2012 magus

2129 2045 2298 2098 esset,
2323 2045 2375 2089 et
2394 2036 2541 2106 quod
2566 2045 2777 2092 amaret
2808 2036 3038 2099 Lunam,
3065 2034 3320 2106 quodque
3343 2036 3533 2105 gloriae
3562 2033 3705 2104 cupi—

2130 2124 2233 2182 dus
2263 2127 2432 2181 nollet
2462 2142 2525 2181 ea
2553 2127 2825 2198 inglorius
2854 2126 2983 2189 frui,
3007 2126 3101 2181 sed
3141 2137 3466 2195 exspectare
3511 2125 3705 2195 patien-

2132 2227 2215 2273 ter
2244 2217 2419 2272 donec
2459 2218 2688 2273 honeste
2721 2234 2786 2272 ea
2821 2220 2901 2272 uti
2933 2219 3123 2272 liceret
3149 2256 3167 2282 ,
3208 2219 3259 2272 si
3312 2226 3501 2272 tamen
3550 2218 3703 2272 etiam

2131 2325 2234 2365 nos
2260 2311 2710 2381 conspiraremus
2739 2310 2791 2365 ei
2829 2310 2898 2365 ad
2930 2310 3115 2364 omnia
3138 2325 3261 2380 qua:
3304 2311 3458 2365 velit.
3508 2308 3611 2364 Sed
3656 2316 3706 2361 et

2132 2402 2447 2456 mercedem
2472 2403 2763 2458 ministerii
2786 2403 2952 2473 hujus
2982 2403 3241 2457 daturum
3272 2418 3333 2456 se
3368 2403 3532 2458 nobis
3558 2403 3701 2472 polli-

2132 2488 2381 2561 cebatur,
2411 2498 2643 2553 summis
2678 2505 2738 2551 ut
2763 2497 3071 2553 honoribus
3091 2496 3251 2560 allici,
3283 2505 3339 2551 et
3367 2495 3444 2550 dii
3490 2512 3609 2551 esse
3640 2495 3705 2549 ab

2130 2587 2447 2644 hominibus
2472 2589 2846 2651 crederemur,
2875 2596 3087 2642 tantum
3120 2597 3178 2642 ut
3207 2587 3367 2652 mihi,
3401 2588 3599 2658 inquit,
3627 2584 3703 2639 Si-

2132 2682 2281 2737 moni
2314 2681 2576 2737 deieratis
2606 2680 2900 2751 primatus,
2934 2680 3028 2749 qui
3062 2696 3286 2751 possunt
3339 2686 3555 2752 magica
3598 2690 3705 2732 arte

2132 2775 2306 2828 multa
2333 2774 2488 2845 signa
2517 2781 2572 2828 et
2618 2772 2869 2843 prodigia
2900 2772 3212 2835 ostendere,
3243 2787 3343 2842 per
3378 2789 3503 2843 qua:
3543 2772 3703 2843 possit

2134 2866 2215 2921 vel
2242 2866 2428 2937 gloria:
2458 2864 2541 2920 vel
2575 2872 2739 2919 sectae
2769 2871 2974 2918 nostra;
3000 2864 3141 2918 ratio
3170 2872 3452 2919 constare.
3484 2862 3701 2917 Possum

2131 2960 2277 3015 enim
2310 2958 2492 3014 facere
2519 2958 2631 3028 (65)
2666 2964 2724 3012 ut
2755 2957 3067 3012 volentibus
3106 2971 3193 3011 me
3248 2954 3701 3026 comprehendere

2133 3068 2245 3107 non
2277 3065 2592 3123 appaream,
2624 3059 2679 3107 et
2708 3066 2905 3105 rursus
2934 3051 3123 3105 volens
3147 3048 3320 3103 videri
3353 3048 3533 3119 palam
3584 3045 3699 3107 sim,

457 3152 623 3208 supra
647 3146 949 3193 creatorem
973 3138 1138 3193 Deum
1170 3140 1261 3200 sit.
1306 3139 1457 3193 credi
1484 3155 1542 3194 se
1570 3138 1733 3203 velit,
1762 3148 1825 3195 et,
1863 3137 2029 3195 Chri-
2057 3124 2099 3182 ο
2134 3144 2181 3200 si
2207 3144 2395 3215 fugere
2413 3144 2572 3199 velim
2598 3152 2812 3198 montes
2834 3142 3105 3213 perforem
3124 3148 3178 3196 et
3200 3156 3333 3196 saxa
3359 3141 3519 3211 quasi
3537 3140 3694 3193 lutum

458 3239 602 3285 stum
632 3232 835 3301 putari,
862 3240 1022 3302 atque
1066 3235 1313 3287 Stantem
1350 3233 1643 3289 nominari.
1690 3232 1805 3288 Ilac
1844 3243 2027 3290 autem

457 3325 820 3394 appellatione
844 3328 1015 3379 utitur
1056 3327 1214 3395 quasi
1261 3326 1356 3396 qui
1408 3335 1567 3396 neget
1618 3343 1780 3397 posse
1824 3344 1884 3383 se
1927 3328 2029 3381 ali—

454 3416 674 3485 quando
696 3416 946 3481 dissolvi,
981 3433 1237 3473 asserens
1268 3434 1490 3473 carnem
1545 3434 1701 3475 suam
1733 3420 1807 3473 ita
1831 3420 2031 3475 divini-

454 3506 584 3561 tatis
608 3522 721 3562 sute
746 3509 943 3563 vit-tute
969 3517 1335 3579 compactam,
1364 3518 1423 3563 ut
1466 3511 1639 3579 possit
1666 3510 1721 3565 in
1759 3521 2027 3567 aeternum

455 3594 676 3653 durare.
730 3597 868 3653 Hinc
899 3616 1029 3671 ergo
1065 3601 1229 3655 Stans
1263 3603 1589 3671 appellatur,
1630 3611 1887 3674 tanquam
1931 3602 2027 3675 qui

454 3699 565 3742 non
594 3688 768 3757 possit
798 3691 905 3743 ulla
930 3692 1283 3761 corruptione
1313 3692 1587 3748 decidere.

531 3778 666 3835 VIII.
708 3780 1002 3836 Interfecto
1031 3784 1254 3844 etenim,
1287 3785 1429 3839 sicut
1458 3785 1567 3840 scis
1596 3792 1649 3840 et
1680 3788 1815 3857 ipse,
1845 3785 2030 3857 Bapti-

460 3878 543 3925 sta
569 3870 780 3926 Joanne
802 3874 937 3945 (6l),
963 3890 1087 3927 cum
1118 3873 1407 3930 Dositheus
1432 3876 1702 3931 haereseos
1725 3892 1837 3932 suae
1867 3876 2028 3931 iniis-

459 3970 543 4018 set
568 3964 871 4029 exordium,
905 3981 1028 4020 cum
1081 3967 1202 4021 aliis
1234 3969 1456 4038 triginta
1509 3969 1908 4040 principalibus
1945 3970 2029 4023 di-

459 4054 681 4125 scipulis
710 4055 820 4127 (62)
848 4068 900 4111 et
931 4072 1040 4111 una
1064 4059 1293 4113 muliere
1323 4076 1445 4131 quae
1490 4059 1644 4115 Luna
1679 4062 1912 4116 vocitata
1943 4069 2029 4117 est

460 4144 627 4216 (unde
655 4154 709 4201 et
744 4148 822 4202 illi
854 4149 1074 4220 triginta
1107 4152 1267 4220 quasi
1311 4152 1614 4209 secundum
1636 4154 1779 4208 luna:
1802 4166 2029 4208 cursum

2134 3246 2534 3307 pertranseam,
2567 3235 2614 3291 si
2665 3250 2752 3290 me
2781 3235 2849 3290 de
2878 3245 3063 3289 monte
3090 3233 3308 3303 excelso
3354 3232 3695 3303 praecipitem,

2133 3337 2396 3398 tanquam
2423 3327 2718 3383 subvectus
2755 3327 2823 3382 ad
2853 3334 3031 3381 terras
3059 3325 3264 3380 illazsus
3300 3323 3543 3379 deferar.
3578 3320 3700 3373 Vin-

2133 3430 2256 3477 etus
2284 3421 2661 3490 memetipsum
2684 3420 2915 3483 solvam,
2938 3434 3034 3474 eos
3063 3434 3194 3473 vero
3225 3418 3317 3489 qui
3358 3416 3579 3471 vincula
3621 3413 3695 3467 iu-

2129 3513 2367 3583 jeeerint
2396 3513 2610 3567 vinctos
2641 3511 2888 3575 reddam,
2914 3511 2969 3564 in
2999 3524 3221 3565 carcere
3248 3510 3539 3579 colligatus
3561 3504 3697 3559 ειθιιο

2134 3616 2249 3661 stra
2280 3614 2475 3676 sponte
2506 3602 2752 3675 patefieri
2778 3602 2997 3667 faciam,
3032 3608 3247 3656 statuas
3280 3600 3557 3653 animatas
3585 3593 3696 3649 red-

2133 3695 2283 3761 dam,
2308 3699 2383 3751 ita
2414 3703 2474 3750 ut
2498 3702 2758 3765 putentur
2776 3695 2847 3749 ab
2866 3695 2951 3749 his
2968 3693 3063 3764 qui
3081 3692 3268 3747 vident
3293 3691 3543 3746 homines
3563 3700 3690 3745 esse.

2132 3804 2306 3844 novas
2332 3788 2559 3844 arbores
2588 3786 2772 3843 subito
2801 3786 2936 3841 oriri
2968 3785 3188 3847 faciam,
3212 3791 3267 3838 et
3287 3781 3570 3853 repentina
3597 3778 3696 3831 vir:

2132 3882 2283 3953 gulta
2316 3881 2613 3953 producam
2639 3918 2655 3944 ,
2692 3880 2746 3933 in
2790 3880 2972 3949 ignem
3016 3877 3403 3947 memetipsum
3455 3871 3690 3941 injiciens

2133 3990 2243 4029 non
2277 3974 2520 4028 ardeam.
2547 3971 2769 4026 Vultum
2794 3988 2972 4027 meum
2994 3978 3297 4033 commuto,
3323 3979 3386 4022 ut
3410 3982 3516 4021 non
3538 3975 3692 4033 agnoa

2136 4081 2282 4129 sear,
2316 4064 2413 4120 sed
2444 4070 2499 4120 et
2534 4064 2673 4119 duas
2704 4062 2873 4118 facies
2905 4062 3107 4116 habere
3138 4076 3247 4124 me,
3283 4073 3507 4129 possum
3530 4049 3691 4107 homi-

2137 4156 2301 4212 nibus
2329 4155 2637 4211 ostenderc.
2669 4153 2800 4210 Ovis
2824 4162 2919 4209 aut
2938 4167 3105 4224 capra
3124 4150 3358 4214 efﬂciar,
3375 4149 3555 4223 pueris
3575 4155 3690 4216 pm“

1752 4337 2119 4396 COTELERII
2152 4338 2387 4396 ΝΟΤᾹΞ.

535 4554 648 4623 (61)
682 4553 928 4622 Baptista
961 4552 1191 4610 Joanne.
1240 4551 1301 4607 In
1341 4549 1700 4607 Clementinis
1740 4552 1933 4608 homil.
1968 4569 2031 4618 tt,
2064 4559 2110 4615 D

555 4626 660 4675 25:
692 4634 745 4675 et
772 4623 1040 4675 Enitomes
1062 4642 1184 4675 ean.
1214 4624 1306 4675 26.
1352 4623 1605 4675 Ἰωάννης
1634 4625 2039 4675 Ἦμεοοϐαπτι-

1878 4642 1983 4677 απτ
1993 4642 2039 4677 ι-

467 4644 522 4681 n.
555 4626 625 4678 25
645 4634 745 4695 λει
772 4623 1040 4695 Epitomes
1062 4642 1184 4695 cap.
1214 4624 1306 4688 26,
1352 4623 1769 4695 Ἰωάννηςγᾚμε

462 4696 611 4764 στής.
646 4693 1376 4761 ΩιιειηιιὼιιοάυιηΊιιειὶιιο
1408 4694 1632 4764 martyri
1670 4693 1877 4762 Dialogi
1912 4712 2033 4764 pag.

457 4764 592 4886 507‘,
616 4765 913 4818 Βαπτισταί
947 4765 1226 4830 dicuntur,
1256 4765 1349 4835 qui
1376 4766 1589 4820 exteris
1632 4764 2036 4836 Ἠμεροὸαπτι-

459 4853 559 4886 στα
587 4873 601 4886 .

459 4853 601 4889 σται.

530 4905 639 4977 ((52)
677 4902 808 4960 Cum
834 4906 953 4977 aliis
972 4907 1194 4977 triginta
1219 4900 1599 4974 principalibus
1628 4903 2033 4977 discipulis.AAd

458 4977 512 5032 id
540 4972 709 5045 'I‘oitei
732 4972 1067 5044 respiciebat
1088 4972 1370 5045 Origenes,
1394 4972 1397 4973 ⁷
1419 4992 1542 5045 cum
1582 4982 1715 5029 tom.
1751 4986 1803 5026 Vt
1839 4975 1892 5027 in
1920 4972 2035 5029 Cel-

456 5065 571 5098 sum
596 5062 656 5116 _p.
691 5044 818 5107 291,
843 5046 1107 5116 πήδη-(ξι
1137 5063 1148 5097 :
1179 5044 1240 5099 Oi
1275 5046 1331 5097 δὲ
1356 5044 1663 5116 Δοσιθξηνοὶ
1694 5045 1815 5097 οὐδὲ
1840 5044 2036 5116 agora-

457 5134 549 5188 ρρν
577 5112 862 5188 quaedam
885 5116 997 5168 Νῦν
1025 5112 1086 5169 δὲ
1116 5112 1858 5188 παντελῶςῄὲπιλέλοίπᾳσιν,
1883 5112 2034 5168 ὥστε

455 5180 701 5259 τεὸνῧλόν
727 5185 904 5259 alier
943 5186 1269 5259 iotopaicflat
1298 5186 1525 5259 ἀριθμὸν
1556 5185 1655 5238 οὐκ
1675 5180 1812 5237 εἶναι
1838 5186 1893 5237 ὲν
1920 5189 2033 5259 rei;

455 5255 889 5328 τρςᾶκονταλιυυ
906 5268 1010 5320 est,
1037 5254 1119 5309 tne
1153 5258 1279 5327 περὶ
1305 5254 1441 5310 τέύδσί
1461 5258 1855 5325 interpretante
1883 5274 1893 5307 :
1926 5254 2033 5309 Do-

457 5326 676 5380 sitltceni
710 5341 825 5378 vero
861 5342 951 5379 nec
984 5326 1243 5393 superiori
1274 5337 1500 5395 tempore
1522 5328 1857 5394 ﬂoruerunt:
1893 5342 2030 5379 nunc

455 5413 573 5449 vero
607 5398 817 5448 omnino
844 5395 1157 5464 defecerunt,
1190 5397 1317 5449 adeo
1349 5407 1406 5448 ut
1432 5408 1571 5450 lotus
1601 5396 1815 5464 illorum
1848 5412 2029 5449 nume-

458 5481 551 5536 rus
588 5466 849 5532 referatur
878 5463 981 5520 non
1012 5484 1123 5520 esse
1154 5469 1207 5528 in
1239 5469 1473 5536 triginta.
1510 5466 1575 5519 Ει
1600 5474 1732 5536 toni.
1766 5463 1808 5528 l,
1846 5482 1897 5535 p.
1923 5467 2030 5521 45:

460 5535 597 5588 Νυνὶ
628 5535 683 5588 δὲ
705 5537 829 5600 τοὺς
862 5536 1068 5599 πάντας
1092 5539 1148 5589 ἐν
1172 5537 1552 5661 τῗζοίκουμὲνῃ
1581 5536 1680 5590 οὐκ
1703 5535 1816 5587 ἔστι
1850 5537 2029 5658 Σὶυιωτ

464 5607 670 5661 νιανοὺς
703 5606 880 5661 εὑρεῖν
925 5607 1016 5659 τὸν
1048 5606 1218 5661 antlia.
1250 5626 1277 5660 ν
1319 5604 1471 5661 οἶμαι
1518 5607 1830 5661 τριάκοντα.
1932 5622 2029 5660 unc

464 5607 670 5667 νιανοὺς
703 5606 1016 5679 εὐρεῖνᾼξτὸν
1048 5604 1277 5679 ἀριθμὸν
1319 5604 1471 5679 olunt
1518 5604 1830 5678 τριάκοντα.
1874 5604 2031 5679 Nunc

460 5688 635 5739 ωηιρηι
669 5692 844 5730 omnes
878 5673 1212 5730 Simonianu's
1252 5679 1303 5733 in
1340 5673 1461 5735 orbe
1505 5673 1729 5747 reperire
1766 5692 1869 5731 non
1909 5678 2028 5731 licet

460 5757 703 5811 numero,
733 5748 936 5813 opinor,
970 5747 1211 5818 triginta.

2209 4555 2320 4627 (65)
2345 4555 2567 4610 Possunt
2588 4556 2727 4609 enim
2754 4556 2945 4627 facere,
2970 4561 3076 4627 etc.
3092 4550 3398 4627 Legendus
3416 4565 3567 4627 quem
3586 4548 3683 4603 Abo

2141 4623 2556 4691 diam'vocant;
2605 4623 2964 4695 notanquue
2992 4625 3047 4679 in
3089 4625 3182 4678 illo
3218 4626 3382 4677 variae
3416 4623 3673 4695 lectiones.

2140 4697 2479 4765 corrigendae
2526 4698 2698 4750 falsae.
2759 4692 3063 4750 Notabilem
3118 4709 3339 4765 quoque
3390 4692 3678 4765 varietatem

2137 4759 2360 4841 exhib'et
2409 4768 2545 4841 liber
2585 4768 2822 4841 Carmel.
2857 4766 3064 4841 Aurum
3089 4759 3363 4841 plumbum
3408 4759 3674 4841 ostendant:

2139 4838 2230 4914 yhi
2267 4839 2447 4891 caeteri
2487 4838 2690 4914 Aurum
2721 4837 3029 4914 _plurimum
3058 4827 3370 4914 ostendam,
3398 4834 3500 4914 ρὺκ
3526 4827 3675 4914 sine?!

2135 4905 2383 4977 θαύματα
2417 4907 2655 4961 ποιοῦσιν
2687 4902 2874 4977 οἱ-ἁπὸ
2904 4905 3015 4977 τῶν
3043 4902 3236 4977 ψήφων
3268 4904 3367 4977 τᾲς
3394 4902 3675 4977 ὲετωννμξας

2133 4972 2364 5046 ἔχοντες.
2387 4977 2697 5046 Δεικνύουσι
2726 4976 2832 5046 γὰρ
2860 4972 3401 5046 χρυσδνοξῦκέᾴληθῶς
3420 4972 3545 5046 ὄντα»
3560 4984 3674 5046 χρὴ·

2143 4994 2364 5098 Ξᾷοντες.
2387 4994 2697 5030 Δεικνυουσι
2726 4994 2832 5046 γαρ
2860 4994 3055 5046 χρυσον
3074 4994 3173 5026 ουκ
3188 4994 3401 5045 annum;
3420 4994 3538 5025 οντα
3560 4994 3674 5038 χρυ·

2143 5063 2175 5116 ᾳ
2206 5064 2254 5100 ν.
2274 5046 2409 5102 Cum
2434 5050 2634 5116 quibus
2660 5045 2975 5116 Tlteodoriti
3004 5046 3069 5098 ad
3097 5043 3140 5097 ll
3172 5043 3413 5116 Thessali
3435 5057 3492 5103 tt,
3520 5044 3569 5116 ετ
3592 5036 3675 5115 ati-

2132 5114 2302 5186 junge
2336 5118 2437 5171 ista
2453 5109 2683 5188 "gemina
2719 5115 2860 5185 apud
2904 5114 3262 5169 Athanasium
3291 5114 3347 5167 in
3378 5109 3669 5187 Quwstioni-

2138 5188 2233 5240 bus
2258 5186 2326 5239 ad
2359 5186 2670 5240 Antiochum
2692 5201 2941 5253 respons.
2968 5184 3070 5238 124
3098 5204 3110 5237 :
3138 5186 3199 5237 Οἱ
3222 5183 3495 5253 λεγόμενοι
3512 5180 3671 5253 tim??-

2138 5204 2233 5240 ous
2258 5204 2325 5239 aa
2359 5204 2670 5240 mutuatum
2692 5204 2941 5255 respons.
2968 5204 3070 5238 πάι
3098 5204 3110 5237 :
3138 5204 3199 5237 υι
3224 5204 3495 5253 Λεγομενοι
3512 5204 3670 5248 ψηττα-

2134 5256 2241 5319 δες,
2275 5259 2369 5333 καῖ
2410 5258 2571 5333 πάλιν
2615 5256 2781 5333 εὐκτὸς
2808 5258 2835 5309 ὁ
2877 5254 3237 5333 ξΛντςχριᾳτος
3264 5253 3580 5333 ’ἐρχᾴμξνιξςν
3622 5246 3670 5296 έν

2136 5327 2408 5398 φαντασίᾳ
2446 5327 2642 5398 πλανᾷ
2689 5326 2815 5398 nos;
2866 5320 3177 5398 ὀεξθαῖιμοὺς
3221 5320 3667 5398 τῷνῇνθριξιταυγσ

2134 5383 2355 5466 ἀρυσίον
2384 5383 2576 5459 ἀὐτοῖς
2616 5383 2877 5466 ectasin;
2984 5383 3221 5466 ἆργυρὸν
3261 5383 3577 5466 ὐπορεικνὺς.
3599 5383 3665 5466 lu

2190 5483 2309 5535 pere
2337 5451 2636 5535 imperfecto
2662 5468 2717 5519 in
2752 5451 3080 5535 Hatth'azuiu'
3099 5451 3169 5535 ξω
3210 5479 3329 5532 cap.
3356 5463 3407 5524 7,
3430 5475 3564 5513 vers.
3583 5451 3665 5535 _IG,

2137 5529 2232 5590 seu
2266 5544 2323 5590 ut
2354 5529 2625 5599 dividunt,
2663 5537 2849 5588 homil.
2889 5535 2981 5593 t9:
3021 5533 3210 5589 Volare
3235 5529 3323 5603 per
3348 5546 3533 5603 aerem.
3553 5529 3665 5579 sit!“

2130 5616 2183 5676 et
2212 5605 2498 5661 Dominum
2525 5606 2768 5659 diabolus
2790 5603 3136 5676 hortabatur;
3160 5602 3364 5661 statuas
3392 5602 3667 5676 faceresit:

2134 5675 2346 5738 balare;
2379 5686 2470 5729 aut
2508 5677 2834 5730 connuisceri
2862 5668 3123 5743 ﬂamma,
3144 5686 3196 5731 et
3226 5692 3324 5731 non
3348 5668 3603 5729 comburi;
3621 5668 3666 5719 α

2132 5747 2259 5810 alia,
2286 5748 2466 5819 qualia
2493 5746 2673 5801 Simon
2700 5746 2841 5815 jecit.
