3890 6192
211 295 356 351 12:33

1418 275 1985 336 RECOGNITIONUM
2023 275 2151 333 LIB.
2186 273 2252 333 ll.

3331 267 3476 327 ηει

207 414 296 465 vis
322 408 549 462 barbam
580 400 902 473 producam,
935 397 993 455 in
1021 411 1206 455 aerem
1259 394 1498 451 volando
1540 392 1792 455 invehar,
1822 398 1869 454 Α
1898 392 2049 462 virga
2074 391 2311 447 transire
2336 408 2351 458 ;
2384 405 2551 463 super
2578 404 2689 461 quo
2710 386 3129 459 obstupefactus
3157 386 3474 454 Dositheus,

209 513 410 555 aurum
444 496 743 567 plurimum
789 494 1099 560 ostendam,
1136 506 1292 563 reges
1340 490 1536 545 faciam
1580 503 1787 559 eosque

208 588 487 658 dejiciam.
512 584 799 639 Adorabor
820 594 874 637 ut
903 582 1066 647 Deus,
1094 582 1307 653 publice
1322 580 1522 636 divinis
1540 580 1789 635 donahor

211 680 540 743 honoribus,
573 677 648 731 ita
689 687 747 730 ut
780 675 1138 731 simulacrum
1170 674 1304 728 mihi
1346 680 1645 727 statuentes
1672 668 1785 739 (64)

209 782 473 842 tanquam
504 770 674 825 Deum
701 770 883 824 colant
913 776 968 822 et
994 766 1241 822 adorent.
1278 764 1345 819 Et
1377 765 1506 834 quid
1535 779 1675 834 opus
1702 771 1789 817 est

209 866 387 920 multa
445 864 669 919 dicere?
702 861 965 933 quidquid
1024 860 1251 915 voluero
1300 858 1520 921 facere,
1577 868 1785 926 potero.

208 958 380 1012 Multa
407 956 605 1011 etenim
637 955 748 1023 jam
784 954 918 1007 mihi
947 950 1299 1021 experimenti
1329 964 1497 1005 causa
1530 964 1792 1003 consum-

210 1059 361 1105 mata
402 1058 549 1104 sunt.
594 1046 839 1115 Denique
879 1042 1196 1114 aliquando,
1226 1043 1426 1111 inquit,
1459 1057 1584 1096 cum
1617 1053 1791 1095 mater

206 1158 334 1197 mea
357 1140 555 1194 Rachel
579 1139 793 1208 juberet
818 1152 905 1191 me
925 1136 1073 1190 exire
1098 1137 1164 1189 ad
1188 1149 1400 1204 agrum,
1424 1142 1484 1188 ut
1506 1143 1786 1198 meterem,

210 1248 315 1302 ego
368 1231 558 1285 falcem
616 1229 804 1282 videns
845 1226 1075 1295 positam
1130 1224 1356 1294 praecepi
1396 1224 1445 1278 ei
1500 1233 1559 1277 ut
1596 1223 1700 1278 iret
1735 1232 1791 1279 et

211 1333 460 1384 nieteret,
490 1334 544 1376 et
579 1320 805 1375 messuit
838 1318 1067 1388 decuplo
1096 1316 1332 1386 amplius
1364 1315 1592 1371 caeteris.
1622 1316 1789 1371 Multa

206 1419 326 1489 jam
361 1432 501 1471 nova
532 1416 762 1486 virgulta
789 1412 1020 1483 produxi
1056 1412 1122 1465 de
1155 1418 1301 1465 terra
1327 1420 1380 1464 et
1416 1411 1790 1467 convalescere

210 1526 277 1565 ea
319 1509 459 1573 feci,
502 1508 606 1563 sub
660 1513 939 1561 momento
980 1503 1243 1573 temporis
1295 1516 1556 1572 apparere
1594 1502 1697 1557 feci
1734 1511 1791 1558 et

206 1608 455 1656 montem
487 1596 818 1668 proximum,
856 1609 957 1663 ego
994 1592 1237 1648 secundo
1277 1590 1569 1660 perforavi.

282 1680 350 1736 Χ.
394 1679 502 1736 Sed
539 1682 653 1737 haec
682 1697 808 1736 cum
841 1683 1051 1739 diceret
1103 1684 1173 1740 de
1207 1684 1457 1755 virgultis
1502 1687 1789 1756 productis

206 1780 261 1828 et
284 1781 470 1827 monte
499 1772 801 1844 perforato,
823 1776 1207 1846 stupescebam
1232 1792 1332 1847 pro
1353 1792 1442 1842 eo,
1459 1777 1605 1847 quod
1625 1780 1786 1833 etiam
1824 1758 1865 1812 Β

206 1879 310 1920 nos
332 1865 742 1920 circumvenire
773 1867 927 1932 velit,
954 1866 1158 1937 quibus
1209 1883 1269 1922 se
1316 1871 1705 1927 commendare
1736 1879 1790 1925 et

202 1956 539 2012 concredere
593 1957 921 2025 videbatur;
979 1959 1293 2016 sciebamus
1330 1957 1497 2016 'enim
1561 1964 1706 2033 quod
1759 1979 1789 2017 a

198 2048 427 2119 proavis
452 2049 567 2103 hrec
596 2047 854 2116 fuissent,
879 2066 1001 2121 quae
1031 2066 1061 2104 a
1090 2066 1149 2106 se
1170 2068 1346 2122 nuper
1367 2051 1509 2107 facta
1535 2054 1792 2124 perhibe-

203 2140 318 2197 bat.
354 2140 479 2196 Hzec
504 2157 634 2213 ergo
656 2159 759 2199 nos
790 2144 859 2197 ab
876 2159 941 2199 eo
962 2143 1166 2215 ﬂagitia
1187 2144 1491 2207 audientes,
1513 2152 1569 2200 et
1594 2146 1789 2200 horum

202 2233 504 2299 deteriora,
533 2236 905 2305 sequebamur
953 2244 1137 2292 tamen
1168 2244 1223 2292 et
1258 2239 1358 2309 ipsi
1400 2237 1523 2306 ejus
1555 2240 1785 2303 scelera,

201 2331 260 2379 et
286 2325 427 2381 alios
445 2327 514 2380 ab
544 2342 610 2381 eo
641 2326 820 2399 decipi
855 2329 1220 2398 patiebamur,
1251 2329 1421 2383 multa
1443 2330 1606 2383 etiam
1637 2346 1793 2385 men-

201 2415 405 2472 tientes
433 2433 533 2487 pro
568 2432 655 2482 eo,
710 2426 765 2473 et
805 2419 911 2474 hoc
942 2421 1266 2492 priusquam
1321 2420 1530 2491 aliquid
1582 2420 1790 2476 faceret

154 2504 157 2505 ⁷
201 2524 399 2565 eorum
423 2526 545 2581 qua!
576 2512 927 2582 promiserat,
959 2515 1035 2569 ita
1071 2523 1132 2568 ut
1161 2513 1329 2569 nullis
1376 2514 1555 2569 adhuc
1594 2514 1787 2588 gestis,

201 2616 237 2657 a
258 2604 546 2660 nonnullis
578 2611 763 2659 tamen
793 2613 1088 2676 putaretur
1126 2605 1291 2663 Deus.

274 2692 369 2750 XI.
413 2695 640 2751 Interim
675 2698 731 2751 in
762 2697 924 2753 initio
971 2714 1097 2754 cum
1151 2701 1332 2755 adhuc
1374 2702 1518 2756 inter
1564 2699 1793 2772 triginta

200 2783 455 2842 Dosithei
482 2787 793 2859 discipulos
824 2790 1146 2855 haberetur,
1177 2793 1346 2862 coepit
1378 2792 1482 2862 ipsi
1530 2790 1794 2847 Dositheo

200 2876 491 2947 derogare,
544 2886 805 2951 tanquam
854 2882 949 2952 qui
986 2898 1095 2935 non
1137 2882 1347 2953 integre
1396 2898 1498 2938 nec
1550 2881 1792 2953 perfecte

200 2966 447 3034 doceret,
484 2970 648 3043 idque
677 2988 801 3027 eum
827 2989 938 3030 non
963 2974 1168 3029 invidia
1200 2974 1381 3029 facere
1405 2974 1501 3030 sed
1530 2976 1585 3029 in
1610 2975 1793 3031 scien-

201 3060 304 3115 tia.
337 3059 544 3117 Verum
568 3062 863 3122 Dositheus
896 3066 989 3121 ubi
1020 3066 1126 3123 sibi
1147 3066 1397 3139 derogari
1430 3068 1653 3122 sensita
1695 3065 1785 3121 Si-

199 3163 390 3215 mone,
428 3168 627 3210 verens
651 3172 720 3211 ne
736 3157 924 3227 opinio
951 3173 1051 3214 sua
1086 3159 1484 3215 obscuraretur
1517 3159 1662 3231 apud
1685 3160 1784 3214 ho-

203 3240 425 3309 mines,
481 3246 575 3317 qui
619 3264 745 3304 eum
796 3251 1067 3323 putabant
1118 3253 1298 3323 ipsum
1336 3269 1459 3308 esse
1509 3254 1781 3318 Stantem,

201 3332 396 3391 furore
418 3349 750 3406 commotus,
777 3357 901 3398 cum
932 3342 1001 3397 ad
1025 3344 1271 3400 scholam
1305 3345 1467 3399 solito
1490 3344 1785 3400 convenis-

201 3436 350 3492 sent,
385 3429 537 3501 virga
568 3442 821 3505 correpta
846 3436 1142 3492 verberare
1190 3434 1470 3492 Simonem
1499 3436 1701 3506 cmpit,
1732 3442 1788 3491 et

201 3530 433 3592 repente
454 3540 553 3595 per
579 3542 783 3600 corpus
811 3530 932 3602 ejus
952 3529 1116 3602 quasi
1154 3546 1252 3602 per
1286 3530 1521 3599 fumum,
1552 3530 1673 3586 visa
1700 3536 1787 3585 est

1812 3118 1859 3179 C

1896 484 1974 537 ait
2000 482 2068 536 ad
2097 498 2261 537 eum:
2289 481 2386 535 Dic
2418 481 2573 545 mihi,
2605 480 2652 535 si
2682 489 2738 534 tu
2761 495 2821 534 es
2851 478 3037 541 Stans,
3063 485 3125 535 ut
3146 478 3365 534 adorem
3400 487 3471 535 te.

1894 573 2143 645 Cumque
2176 572 2364 628 Simon
2385 571 2784 642 respondisset,
2820 585 2921 641 ego
2974 584 3097 625 sum
3119 609 3136 634 ,
3184 568 3477 626 Dositheus

1892 668 2087 723 videns
2141 683 2200 723 se
2228 682 2339 721 non
2394 680 2519 721 esse
2573 662 2848 726 Stantem,
2883 662 3085 722 cecidit
3137 673 3192 718 et
3228 663 3479 718 adoravit

1893 774 2042 823 eum,
2072 765 2128 813 et
2175 756 2386 813 Simoni
2432 756 2657 829 quidem
2689 754 2835 811 cedit
2866 754 3231 825 principatum
3288 771 3473 819 suum,

1895 847 2112 917 ipsique
2134 847 2358 902 obedire
2386 862 2603 901 omnem
2658 846 2883 916 triginta
2938 845 3184 899 virorum
3222 843 3472 899 ordinem

1891 939 2073 1010 jubet,
2104 940 2459 1009 semetipsum
2497 952 2628 992 vero
2675 936 2733 991 in
2764 937 2944 991 locum
2988 934 3236 991 Simonis
3281 934 3477 990 statuit

1893 1040 1950 1089 et
1983 1047 2093 1086 non
2123 1032 2297 1085 multo
2323 1039 2443 1100 post
2473 1029 2767 1084 defunctus
2795 1036 2881 1084 est
2914 1026 3052 1100 (65).

1964 1126 2081 1182 XII.
2122 1125 2292 1196 Igitur
2319 1132 2443 1195 post
2473 1126 2683 1179 obitum
2724 1123 2971 1179 Dosithei
3021 1122 3211 1177 Simon
3256 1123 3472 1193 accepit

1892 1216 2124 1282 Lunam,
2160 1233 2282 1271 cum
2307 1232 2414 1287 qua
2449 1232 2623 1287 usque
2659 1216 2727 1271 ad
2757 1230 3002 1285 przesens
3036 1216 3256 1279 circuit,
3300 1223 3362 1269 ut
3390 1217 3476 1269 vi-

1892 1314 2035 1369 detis
2059 1311 2340 1380 decipiens
2366 1310 2559 1364 turbas
2592 1317 2647 1363 et
2675 1323 2953 1371 asserens,
2980 1308 3333 1378 semetipsum
3355 1309 3477 1378 qui.

1892 1406 2015 1461 dem
2044 1405 2303 1459 virtutem
2342 1417 2463 1457 esse
2488 1400 2804 1472 quamdam,
2834 1416 2958 1471 qua:
2986 1401 3059 1455 sit
3082 1415 3247 1470 supra
3278 1401 3476 1455 condi-

1894 1507 2064 1553 torem
2100 1496 2292 1562 Deum,
2328 1494 2539 1549 Lunam
2574 1509 2707 1549 vero
2742 1509 2863 1563 qure
2902 1509 3088 1548 secum
3118 1500 3225 1557 est,
3254 1508 3377 1549 esse
3406 1493 3475 1547 de

1892 1587 2273 1659 superioribus
2304 1586 2461 1641 caelis
2501 1584 2813 1650 deductam,
2852 1585 3216 1655 eamdemque
3242 1592 3476 1640 cuncto-

1894 1697 2014 1735 rum
2060 1680 2377 1751 genitricem
2418 1678 2617 1733 asserit
2644 1693 2768 1733 esse
2810 1677 3159 1747 sapientiam,
3202 1691 3302 1748 pro
3338 1692 3472 1747 qua,

1891 1773 2092 1843 inquit,
2150 1772 2325 1827 Grmci
2393 1780 2449 1826 et
2491 1772 2712 1826 barbari
2756 1771 3132 1840 confligentes.
3180 1771 3474 1841 imaginem

1892 1867 2110 1937 quidem
2140 1866 2262 1935 ejus
2294 1865 2408 1934 (66)
2446 1866 2630 1935 aliqua
2655 1881 2720 1920 ex
2753 1874 2912 1935 parte
2939 1865 3123 1921 videre
3156 1872 3472 1934 potuerunt,

1892 1959 2065 2031 ipsam
2096 1973 2226 2013 vero
2255 1965 2314 2011 ut
2342 1966 2448 2019 est,
2494 1958 2712 2027 penitus
2744 1957 3093 2027 ignorarunt,
3124 1958 3327 2030 quippe
3350 1973 3475 2029 qua!

1891 2048 2037 2119 apud
2088 2048 2240 2101 illum
2279 2048 2517 2118 primum
2574 2048 2821 2102 omnium
2871 2056 2926 2103 et
2971 2049 3148 2104 solum
3201 2048 3474 2103 habitaret

1890 2141 2082 2196 Deum.
2127 2139 2190 2195 Et
2227 2140 2340 2194 haec
2364 2149 2530 2210 atque
2560 2140 2665 2194 alia
2695 2140 2783 2195 his
2805 2140 3005 2196 similia
3029 2156 3153 2194 cum
3179 2140 3471 2195 verborum

1891 2248 2089 2304 pompa
2131 2231 2438 2303 proferens,
2494 2230 2713 2301 decepit
2756 2232 2981 2286 multos.
3024 2230 3129 2286 Sed
3163 2241 3219 2287 et
3251 2231 3355 2287 hoc
3390 2231 3475 2286 inv

1890 2325 2076 2380 dicare
2120 2324 2314 2389 debeo,
2359 2323 2505 2395 quod
2540 2324 2657 2394 ipse
2702 2339 2803 2394 ego
2863 2324 3072 2379 vidisse
3105 2340 3191 2379 me
3222 2324 3471 2390 memini,

1889 2433 2014 2472 cum
2035 2426 2184 2474 esset
2208 2416 2507 2487 aliquando
2526 2416 2679 2470 Luna
2705 2416 2797 2469 illa
2819 2415 2940 2485 ejus
2966 2416 3019 2470 in
3049 2416 3189 2470 turri
3212 2416 3474 2487 quadam,

1891 2509 2192 2565 multitudo
2221 2509 2417 2580 ingens
2448 2508 2516 2563 ad
2548 2523 2669 2563 eam
2710 2517 3045 2563 convenerat
3083 2508 3475 2579 pervidendam

1889 2612 1944 2658 et
1972 2602 2216 2673 undique
2241 2603 2389 2657 circa
2420 2601 2618 2657 turrim
2660 2601 2877 2667 stabat;
2903 2608 2960 2655 at
3001 2602 3093 2655 illa
3136 2617 3235 2672 per
3281 2615 3475 2656 omnes

1892 2692 2163 2749 fenestras
2194 2694 2366 2749 turris
2396 2693 2546 2749 illius
2576 2694 2726 2748 omni
2770 2693 2974 2764 populo
3001 2694 3361 2764 procumbere
3409 2709 3474 2749 ac

1890 2787 2207 2858 prospicere
2237 2786 2551 2842 videbatur.
2579 2784 2646 2840 Et
2676 2787 2850 2841 multa
2875 2786 2981 2840 alia
3026 2786 3302 2841 mirabilia
3344 2784 3477 2841 fecit

1889 2888 1945 2937 et
1973 2881 2128 2947 facit,
2162 2881 2239 2935 ita
2280 2889 2342 2934 ut
2385 2888 2673 2950 stupentes
2706 2894 2808 2949 pro
2850 2879 2937 2935 his
2975 2878 3231 2934 homines
3274 2885 3477 2949 putent

1889 2988 2015 3028 eum
2040 2973 2220 3043 ipsum
2250 2988 2375 3027 esse
2403 2987 2678 3028 summum
2707 2970 2901 3026 Deum.

1964 3062 2105 3120 XIII.
2144 3062 2283 3121 Nam
2316 3064 2448 3119 mihi
2479 3063 2775 3134 aliquando
2799 3070 2855 3118 et
2882 3061 3087 3119 Niceta:
3112 3060 3469 3134 rogantibus,

1890 3166 1949 3212 ut
1975 3163 2271 3228 exponeret
2290 3156 2565 3227 quomodo
2588 3155 2703 3210 haec
2726 3155 2944 3226 possint
2972 3163 3092 3210 arte
3122 3154 3334 3225 magica
3379 3152 3467 3209 ef-

1888 3249 1997 3313 fici,
2031 3258 2084 3304 et
2108 3264 2230 3321 quae
2251 3257 2397 3304 esset
2422 3246 2587 3318 hujus
2610 3246 2690 3302 rei
2722 3255 2942 3311 natura,
2978 3245 3168 3301 Simon
3200 3253 3471 3316 tanquam

1887 3343 2248 3399 familiaribus
2281 3342 2396 3398 suis
2424 3341 2719 3412 explanare
2768 3339 2847 3395 ita
2898 3341 3106 3411 coepit:
3150 3338 3339 3406 Pueri,
3380 3340 3471 3394 in-

1888 3436 2028 3507 quit,
2060 3435 2363 3506 incorrupti
2408 3442 2465 3489 et
2488 3433 2762 3489 violenter
2818 3433 3022 3498 necati,
3066 3431 3305 3487 animam
3349 3430 3470 3502 (67)

1890 3528 2286 3600 adjuramentis
2316 3525 2684 3583 inelfabilibus
2730 3534 3017 3582 evocatam
3047 3525 3311 3583 assistere
3332 3523 3469 3579 mihi

1481 3688 1843 3748 COTELERII
1876 3687 2109 3746 ΝΟΤίΕ.

270 3862 392 3936 (64)
425 3861 514 3917 Ita
544 3872 601 3917 ut
630 3863 977 3921 simulacrum
1021 3867 1152 3922 mihi
1199 3876 1511 3925 statuentes.
1554 3867 1723 3923 Recte
1752 3884 1783 3923 a

202 3933 264 4009 _S_.
288 3933 513 4009 ‘I‘re‘nazo
545 3935 638 3989 Iih.
674 3951 723 4009 ι,
758 3951 878 4006 cap.
911 3938 983 3993 20
1004 3978 1018 4001 ,
1059 3940 1273 4009 publica
1329 3947 1509 3993 statua
1543 3939 1785 3994 Simonis

202 4005 345 4088 Elogi
380 4002 565 4088 Itonia:
602 4006 801 4088 posita,
828 4002 1157 4088 secerni-tur
1192 4009 1783 4088 ab_‘itnagine_privata

203 4074 448 4151 Simonis
470 4074 651 4151 specie
672 4074 1035 4151 flovis,ﬁquam
1068 4080 1381 4151 Simoniani
1403 4074 1529 4151 cum
1550 4074 1787 4151 imagine

203 4145 434 4220 Selenes
454 4161 559 4220 seu
592 4145 809 4220 Helena:
836 4145 1078 4220 factagad
1107 4150 1331 4220 figuram
1369 4150 1625 4205 Minervae
1653 4145 1786 4205 ﬁdo-

201 4218 422 4289 rabant.
454 4215 510 4271 Id
544 4217 727 4289 monui
749 4257 764 4279 .
800 4221 927 4288 quia
976 4218 1035 4289 BV.
1069 4215 1406 4289 Augustinus
1446 4221 1502 4274 in
1535 4221 1676 4275 libro
1710 4220 1789 4274 De

199 4286 490 4360 liceresibus
512 4286 750 4360 _videtur
788 4286 967 4345 minus
994 4286 1253 4345 distincte
1284 4290 1451 4360 loqui.
1494 4291 1685 4346 dicens
1715 4294 1782 4346 de

200 4356 433 4413 Simone
457 4377 469 4412 :
494 4355 677 4411 Jovem
705 4374 760 4411 se
780 4359 921 4413 credi
942 4360 1167 4424 volebat,
1194 4355 1487 4415 Minervam
1529 4377 1646 4415 vero
1675 4377 1782 4415 me—

198 4429 445 4500 retricem
486 4427 771 4499 quamdam
801 4428 1049 4493 Selenen;
1080 4448 1239 4500 quam
1266 4432 1368 4485 sibi
1397 4432 1595 4485 sociant
1629 4435 1786 4485 scele-

1886 3886 2055 3934 crum,
2079 3885 2175 3938 pro
2192 3883 2293 3937 quo
2316 3866 2607 3938 conﬂatum
2636 3865 2740 3936 fuit
2770 3864 2966 3938 bellum
2995 3863 3489 3938 decemiannonm.

1888 3935 2159 3996 Caeterum
2185 3935 2407 4008 quando
2436 3935 2790 4007 Celsus'apud
2808 3935 3097 4008 Qrigenem
3128 3936 3469 4008 Simonianis

1888 4013 2005 4065 vult
2035 4005 2349 4079 impositum
2381 4005 3327 4079 t‘uisseAnonien‘Helenianorumab
3357 4006 3469 4063 He-

1890 4082 2036 4144 lena,
2065 4075 2146 4133 vel
2169 4086 2504 4150 praeceptore
2525 4076 2754 4142 Heleno,
2784 4077 2837 4131 in
2860 4075 3065 4132 Heleno
3092 4092 3200 4131 non
3224 4075 3473 4145 jocatur',

1890 4153 2105 4222 Opinor,
2131 4149 2237 4222 sed
2268 4156 2434 4222 errat.

1964 4221 2078 4291 (67)
2114 4220 2277 4274 Pueri
2302 4219 2598 4287 incorrupti
2632 4228 2683 4272 et
2720 4218 2979 4291 uiolenter
2994 4218 3179 4291 necati
3205 4219 3467 4291 animam.

1887 4288 2140 4348 JuStihus
2176 4299 2379 4360 martyr
2411 4288 2835 4360 apologeticoE.
2865 4304 2918 4357 p.
2953 4288 3076 4360 657:»
3107 4289 3173 4340 Ai
3208 4288 3471 4360 ἀδιαφθό-

1891 4381 1999 4435 ρων
2040 4362 2246 4435 πᾳίᾉδων
2290 4356 2673 4435 ὲῖιυτοτεείὲειξςέιςἱ
2712 4356 2914 4435 uagae;
2943 4358 3231 4435 ἀφθρρους,
3265 4356 3467 4435 in

1891 4428 2063 4495 crate,
2091 4433 2186 4486 lib.
2222 4447 2306 4494 ut,
2341 4445 2461 4499 cap.
2505 4430 2591 4484 l5.
2631 4429 2888 4499 lloratins
2925 4428 3147 4498 epod.v,
3178 4443 3330 4499 puer,
3358 4428 3468 4483 im-

197 4514 327 4572 rum
352 4493 546 4572 fecerat
576 4500 984 4572 {imaginesque
1004 4511 1062 4572 ret
1092 4493 1248 4572 suam
1277 4512 1324 4555 et
1348 4501 1580 4572 ejusdem
1616 4520 1783 4556 mere—
1816 4493 1860 4549 Ι)
1881 4503 2014 4572 pube
2037 4493 2244 4571 corpus.
2276 4493 2429 4569 Apud
2460 4500 2776 4572 Eusebium,
2800 4498 2943 4553 Hist.
2961 4493 3069 4572 lib.
3092 4493 3191 4561 vti,
3216 4493 3337 4572 cap.
3371 4500 3460 4572 ωε

201 4570 357 4622 tricis
381 4567 665 4643 discipulis
678 4567 789 4623 suis
818 4567 1081 4638 pra'bebat
1098 4567 1424 4638 adorandas,
1449 4589 1580 4643 quas
1612 4584 1661 4626 et
1682 4572 1785 4625 Ro-

198 4655 304 4693 mae
340 4648 593 4710 tanquam
631 4638 848 4693 deorum
885 4643 1176 4697 simulacra
1218 4638 1536 4698 auctoritate
1571 4644 1785 4712 publica

196 4714 569 4767 constituerat.

277 4776 391 4850 (65)
418 4777 489 4850 Et
522 4793 626 4850 non
657 4777 968 4850 multopost
999 4778 1278 4850 defunctus
1305 4790 1399 4837 est.
1430 4780 1653 4835 Mortem
1679 4780 1785 4834 Do-

202 4848 377 4919 sitliei
399 4848 656 4919 describit
688 4858 809 4919 post
836 4848 1199 4919 Epiphanium
1233 4852 1422 4906 haeresi
1450 4852 1535 4915 l5,
1565 4850 1781 4907 Nicetes

202 4918 502 4973 Choniales
529 4918 623 4971 lib.
655 4934 667 4970 I
708 4917 986 4982 Thesauri,
1013 4936 1061 4975 c.
1088 4921 1174 4975 35.
1212 4920 1383 4975 Pauli)
1410 4922 1566 4976 aliter
1592 4922 1645 4975 in
1674 4920 1785 4975 No-

204 4988 601 5062 tisAbraliami
639 4987 1004 5062 Ecchellensis
1046 4990 1325 5046 Maronitae
1358 4995 1423 5045 ad
1458 4992 1780 5062 Catalogum

200 5056 529 5127 ﬂebedjesu,
554 5074 607 5127 p.
641 5058 761 5113 164.

275 5126 725 5208 (66)]ηιαρἱειη
773 5129 983 5199 quidem
1007 5129 1177 5208 ejus,
1222 5138 1326 5208 e_tc.
1364 5129 1516 5208 Haud
1550 5130 1779 5208 dubium

240 5198 336 5252 uin
368 5198 556 5252 Simon
599 5212 968 5253 commentum
1006 5200 1109 5255 hoc
1143 5201 1209 5254 de
1239 5199 1391 5254 Luna
1434 5202 1529 5256 seu
1562 5200 1775 5265 Selene,

239 5271 346 5321 icta
370 5269 535 5322 etiam
563 5267 786 5332 Helena,
815 5270 1061 5324 hauserit
1092 5270 1160 5325 ab
1191 5271 1458 5337 ethnicis;
1493 5285 1616 5325 cum
1653 5270 1778 5325 Pla-

198 5338 347 5409 tonis
390 5338 622 5409 insjgnia
656 5340 817 5394 verba
862 5349 1094 5404 exstent,
1126 5341 1219 5395 lib.
1259 5357 1312 5394 ix
1356 5342 1430 5394 De
1462 5342 1727 5409 republica
1754 5357 1776 5396 :

197 5408 273 5493 To
298 5407 397 5476 τῆς
432 5407 676 5493 Ἑλένῃςλ
690 5410 905 5463 εἴδωλον
1086 5409 1210 5493 τῶν.
1235 5412 1294 5463 ὲν
1322 5412 1493 5493 Τροίᾳ,
1512 5407 1773 5493 ξαξηςίχο-

199 5478 293 5554 eoi;
322 5492 457 5554 εξῃᾳι
487 5479 1160 5554 γενέσθαιᾼπερξμάχητον,
1188 5478 1495 5554 ἀγνοίᾳζτοῦ
1520 5478 1772 5554 ἀλήθόῦς.

198 5546 277 5621 De
331 5546 544 5621 Helenae
581 5546 1195 5621 Aimagine'Sjtesi'c'horus
1237 5546 1324 5605 ’ἀει
1354 5546 1626 5621 ’Τνοῂιηοὲ
1666 5556 1774 5608 veri

193 5619 529 5693 ignoratione
554 5618 868 5693 decertasse.
897 5620 1203 5693 ItemVSexiti
1238 5618 1495 5693 Empirici
1523 5625 1772 5678 adversus

195 5686 602 5764 .llutlieniqticos
626 5689 719 5743 lib.
749 5706 842 5754 vn,
869 5707 920 5760 p.
953 5691 1209 5764 l84,_l85
1240 5711 1252 5747 :
1290 5686 1505 5764 Ἑλένης
1531 5694 1767 5762 εἴδωλον,

194 5758 324 5829 περὶ
354 5752 414 5811 οὗ
443 5756 702 5831 δεκαέτης
744 5752 975 5833 συνέξττη
1016 5752 1270 5835 πόλεμος.
1303 5752 1516 5819 Helena:
1548 5752 1771 5819 simula-'-

1891 4569 2171 4643 σπλάγχνα
2204 4573 2424 4643 νεογελνῆ
2449 4610 2463 4634 ,
2514 4571 2637 4643 lib:
2662 4585 2794 4643 VIII,
2825 4583 2968 4643 _eap.
3005 4569 3095 4643 1A5,
3147 4577 3202 4643 et
3236 4569 3465 4643 Debita

1887 4638 2226 4699 Constantini
2247 4642 2285 4704 l,
2304 4638 2680 4712 3Q,_veoyavibv
2702 4638 2986 4712 στῖλᾲγχνα
3022 4639 3258 4712 βρεφῶν.
3285 4639 3465 4712 Chry-

1887 4724 2185 4777 sostomus,
2210 4722 2342 4767 tom.
2359 4710 2426 4776 V,
2457 4708 2721 4766 concione
2746 4709 2780 4762 2
2803 4708 3144 4775 De'Lazaro,‘
3164 4711 3299 4766 νέων
3323 4708 3464 4765 ἀπᾶ-

1885 4785 1993 4853 λῷν
2022 4783 2270 4853 σώματα
2318 4781 2719 4850 κατασφάττειν
2742 4819 2758 4843 ,
2794 4796 2955 4853 quem
2986 4790 3041 4836 et
3070 4781 3194 4853 vide
3237 4783 3462 4836 homilia

1884 4851 1957 4905 28
2010 4852 2066 4905 in
2094 4851 2428 4909 Matthwum.
2458 4853 2797 4922 Augustinus
2829 4852 2923 4906 lib.
2957 4868 3087 4906 xvut
3143 4852 3223 4907 De
3250 4853 3468 4907 civitate

1885 4923 1986 4978 Dei
2014 4939 2136 4994 cap.
2161 4924 2263 4979 55:
2288 4924 2430 4977 Puer
2461 4922 2976 4994 anniculusoccisus
2996 4962 3010 4987 ,
3049 4932 3103 4994 et
3142 4922 3460 4994 dilaniatus,

1884 5003 1933 5048 et
1963 4990 2300 5061 ritu'nefario
2324 4994 2553 5062 sepultus
2582 5001 2679 5047 est.
2700 4990 2803 5044 Alii
2838 4993 3130 5062 innumeri.
3161 4994 3293 5059 Quis
3314 4993 3461 5062 etiim

1886 5081 1995 5119 non
2030 5064 2358 5135 memoravit
2376 5061 2559 5135 gquam
2606 5068 2804 5135 vocant
2833 5061 3286 5135 Ifsycliagogiam,
3326 5061 3466 5135 Psy-

1884 5135 2252 5206 chomzmtiam
2274 5175 2288 5196 ,
2341 5131 2812 5206 Necyomantiani,
2848 5131 3312 5206 Necroniantiam.
3350 5131 3460 5206 (seu

1879 5205 2035 5273 juxta
2068 5203 2434 5259 Barbarorum
2457 5201 2644 5268 'tilios,
2666 5201 3149 5273 iNigromantiam,
3204 5204 3457 5273 peritiam

1883 5272 2062 5355 ciendi
2093 5276 2305 5355 animas
2332 5276 2401 5355 ab
2418 5272 2863 5355 _inl‘er-is,§l_anes.
2877 5274 3149 5355 sepulcris
3180 5272 3463 5355 eliciendi?

1882 5342 1993 5400 Nec
2040 5346 2306 5415 pra'leriri
2348 5346 2509 5401 debet
2543 5343 2610 5415 de
2658 5342 2996 5415 Simonianis
3040 5345 3194 5398 locus
3222 5342 3459 5415 Tertul-

1882 5416 2013 5470 liani
2041 5412 2166 5486 cap.
2201 5417 2408 5486 penult.
2452 5416 2545 5470 lib.
2576 5413 2654 5468 De
2685 5415 2866 5468 anima
2896 5432 2914 5469 :
2951 5412 3083 5486 Ecce
3128 5414 3280 5468 hodie
3314 5414 3460 5482 ejus-

1882 5486 1997 5540 dem
2019 5485 2249 5540 Siniom's
2287 5486 2559 5541 ha’reticos
2588 5494 2738 5538 tanta
2757 5485 3096 5554 praesumptio
3127 5486 3259 5538 artis
3286 5486 3462 5538 extol-

1884 5558 1962 5614 lit.
1998 5567 2056 5641 ut
2081 5559 2246 5641 etiam
2248 5558 2627 5641 prophetarum
2650 5555 2947 5641 animosas
2965 5556 3148 5623 inferis
3182 5569 3382 5641 movere
3402 5567 3461 5608 se

1882 5627 2193 5696 spondeam.
2222 5624 2287 5681 Et
2313 5624 2468 5683 credo
2484 5627 2609 5698 quia
2631 5625 2901 5698 mendacio
2922 5635 3161 5698 possunt.
3185 5624 3338 5698 ρειοᾴ
3358 5638 3461 5677 au-

1885 5694 1997 5763 tem,
2022 5699 2379 5754 doctissimus
2409 5694 2718 5752 Gronovius
2753 5695 3090 5751 Observator.
3122 5697 3177 5749 in
3217 5694 3462 5763 Scripto-

1884 5767 2030 5823 ribus
2060 5770 2429 5825 ecclesiasticis
2459 5784 2580 5839 cap.
2619 5768 2651 5822 4
2690 5768 2818 5839 legit
2851 5766 2903 5821 in
2922 5766 3185 5822 Aldhelmi
3212 5766 3332 5822 loco
3360 5777 3459 5819 su-
