3890 6192
405 270 546 328 ηδε

1258 267 1317 324 S.
1351 266 1748 323 CLEMENTIS
1780 266 1801 321 1
1836 266 2003 322 BOM.
2046 265 2247 323 PONT.
2285 264 2516 325 OPERA
2554 264 2778 321 DUBIA.

3516 268 3653 325 i256

406 384 537 448 feci,
592 392 649 439 et
713 397 813 455 per
874 382 1052 453 ipsam
1114 380 1173 436 fit
1235 396 1399 436 omne
1472 381 1619 451 quod
1683 381 1872 450 jubeo.
1920 380 1987 435 Et
2016 390 2058 445 Α
2088 396 2213 437 cum
2249 380 2473 437 essetin
2505 388 2776 451 potestate
2815 395 2956 443 inea,
3006 380 3093 436 vel
3132 395 3358 451 parvum
3387 396 3535 445 esse,
3572 386 3655 439 vel

405 493 546 549 ego:
573 476 762 538 Estne,
804 476 1049 544 inquam,
1080 474 1345 544 possibile
1375 475 1571 527 animai
1608 474 1725 527 haec
1757 472 1979 529 facere?

406 567 501 623 Ille
531 568 813 637 respondit
847 585 859 619 :
895 564 1009 619 Hoc
1037 580 1135 619 vos
1175 565 1316 620 scire
1343 567 1490 627 volo,
1517 566 1645 634 quia
1678 565 1981 619 secundum

409 662 589 715 locum
642 667 763 729 post
819 657 989 711 Deum
1055 658 1267 712 obtinet
1318 658 1498 710 anima
1548 657 1809 721 hominis,
1856 672 1982 710 cum

408 761 573 807 exuta
604 752 771 806 fuerit
799 765 829 803 a
855 750 1106 819 corporis
1148 749 1235 803 sui
1286 749 1550 804 tenebris.
1593 747 1792 802 Statim
1829 748 1987 804 deni-

407 858 516 913 que
542 851 595 896 et
627 842 1024 911 praescientiam
1051 841 1233 901 habet,
1280 848 1503 910 propter
1531 840 1676 910 quod
1724 848 1987 896 evocatur

409 935 476 989 ad
508 935 963 989 necromantiam.
992 932 1059 987 Et
1097 947 1199 1003 ego
1235 933 1491 1001 respondi
1527 952 1540 986 :
1574 932 1687 986 Cur
1721 949 1851 1004 ergo
1895 934 1983 987 in-

410 1024 760 1079 terfectorum
806 1024 1002 1078 animae
1043 1039 1154 1078 non
1205 1024 1555 1078 ulciscuntur
1603 1024 1987 1080 interfectores

408 1131 540 1172 suos
559 1116 673 1186 (68)
689 1117 712 1169 ἲ
731 1116 799 1169 At
821 1116 942 1171 ille:
967 1115 1085 1170 Non
1103 1117 1422 1181 meministi,
1446 1118 1641 1187 inquit,
1666 1119 1812 1188 quod
1846 1118 1980 1181 dixi,

408 1209 537 1278 quia
566 1222 691 1262 cum
724 1208 920 1262 exierit
949 1208 1018 1262 de
1057 1223 1308 1277 corpore,
1368 1210 1531 1263 etiam
1581 1210 1984 1280 praescientlam

409 1305 611 1359 habet?
635 1300 853 1356 Memini
890 1301 1136 1371 inquam.
1178 1298 1260 1355 0b
1289 1301 1391 1355 hoc
1436 1316 1588 1371 ergo,
1623 1302 1824 1371 inquit,
1857 1314 1984 1355 cum

408 1394 624 1450 excedit
654 1408 963 1462 ecorpore,
1008 1392 1195 1448 statim
1232 1394 1527 1462 pramoscit
1572 1392 1819 1447 futurum
1863 1407 1987 1447 esse

405 1488 699 1558 judicium.
731 1493 782 1541 et
816 1501 1262 1555 unumquemque
1290 1499 1391 1555 pro
1426 1485 1513 1540 his
1544 1501 1665 1555 quae
1696 1486 1784 1540 hic
1813 1486 1987 1555 egerit

411 1578 569 1633 malis
598 1592 791 1647 pinnas
819 1576 1100 1637 daturum,
1128 1584 1184 1629 et
1211 1574 1334 1629 ideo
1362 1574 1557 1628 nolunt
1591 1574 1785 1629 ulcisci
1814 1575 1987 1629 inter-

412 1670 648 1726 fectores
677 1685 829 1733 suos,
861 1668 990 1738 quia
1018 1676 1073 1721 et
1105 1667 1236 1737 ipsa:
1275 1680 1375 1736 pro
1406 1666 1523 1721 suis
1557 1667 1716 1721 malis
1744 1682 1865 1736 quae
1894 1665 1984 1719 hic

410 1760 824 1823 commiserant,
859 1737 1146 1828 perferunt
1193 1757 1497 1820 cruciatus,
1552 1764 1607 1812 et
1649 1756 1760 1811 illis
1804 1754 1986 1811 sciunt
2017 1737 2058 1792 Β

412 1851 469 1905 in
494 1850 702 1921 judicio
734 1850 984 1921 graviora
1042 1863 1264 1903 manere
1312 1849 1601 1919 supplicia.
1644 1846 1822 1918 Super
1868 1847 1985 1902 haec

412 1954 594 2000 autem
630 1944 813 1998 omnia
862 1958 964 1998 nec
992 1942 1333 2012 permittitur
1373 1941 1455 1997 eis
1482 1942 1654 2000 exire,
1687 1950 1782 1994 aut
1807 1939 1988 1995 facere

413 2037 712 2107 quidquam
759 2035 829 2089 ab
866 2034 1076 2104 angelis
1113 2033 1206 2103 qui
1234 2034 1317 2088 eis
1349 2040 1609 2103 praesunt.
1638 2030 1707 2086 Et
1736 2046 1838 2102 ego
1863 2045 1985 2086 res-

412 2128 578 2199 pondi
606 2146 618 2181 :
648 2126 705 2182 Si
733 2142 842 2181 non
873 2125 1210 2196 permittitur
1233 2124 1315 2179 eis
1337 2124 1405 2179 ab
1430 2124 1638 2195 angelis
1660 2123 1769 2178 huc
1798 2121 1988 2177 venire

413 2226 510 2273 aut
558 2219 738 2274 facere
778 2218 925 2288 quod
958 2217 1174 2277 volunt,
1221 2214 1497 2285 quomodo
1538 2230 1698 2285 mago
1735 2213 1987 2269 evocanti

413 2311 796 2380 obtemperant
843 2308 1076 2362 animae?
1121 2304 1282 2376 ipsis,
1324 2306 1525 2376 inquit,
1583 2306 1873 2361 animabus
1894 2320 1989 2359 ve-

413 2404 534 2460 nire
585 2400 898 2455 volentibus
953 2414 1062 2453 non
1090 2398 1395 2467 indulgent,
1446 2412 1570 2451 cum
1619 2412 1751 2453 vero
1797 2397 1852 2451 hi
1891 2397 1985 2468 qui

412 2505 656 2566 praesunt
693 2494 869 2563 angeli
902 2490 1137 2559 adjurati
1158 2489 1359 2545 fuerint
1377 2505 1473 2559 per
1511 2490 1771 2559 majorem
1804 2503 1986 2549 suum,

410 2593 827 2643 excusationem
862 2585 1063 2639 habent
1098 2591 1324 2647 nostrae,
1370 2582 1464 2651 qui
1505 2598 1601 2638 eos
1648 2583 1986 2651 ailjurainus,

418 2677 712 2742 violentia,
747 2686 807 2731 ut
845 2675 1166 2746 permittant
1197 2674 1347 2730 exire
1385 2677 1599 2729 animas
1630 2688 1768 2743 quas
1795 2688 1991 2728 evoca-

412 2785 570 2833 mus;
602 2785 710 2824 non
740 2770 885 2823 enim
915 2767 993 2820 illi
1028 2774 1257 2837 peccant
1286 2766 1381 2837 qui
1412 2766 1520 2820 vim
1547 2765 1856 2835 patiuntur,
1894 2764 1990 2819 sed

414 2880 517 2921 nos
556 2862 651 2933 qui
695 2861 983 2916 inferimus
1038 2860 1443 2915 necessitatem.
1492 2858 1575 2911 Ad
1626 2857 1740 2911 haec
1776 2855 1988 2920 Niceta,

418 2958 560 3011 ultra
584 2970 694 3009 non
726 2954 909 3009 ferens
935 2966 1279 3023 praepropere
1303 2948 1609 3019 respondit,
1637 2947 1783 3018 quod
1812 2953 1868 3001 et
1889 2962 1992 3017 ego

415 3048 641 3121 quidem
669 3045 918 3101 facturus
939 3059 1113 3109 eram,
1146 3042 1240 3098 sed
1271 3041 1425 3111 prius
1455 3056 1578 3095 eum
1619 3039 1897 3109 expiscari
1924 3038 1992 3093 de

421 3140 658 3211 singulis
674 3138 991 3208 cupiebam;
1018 3136 1136 3201 sed,
1161 3144 1219 3189 ut
1239 3133 1375 3197 dixi,
1399 3131 1587 3186 Niceta
1613 3132 1953 3202 praeveniens
1974 3152 1985 3186 :

417 3231 484 3288 Et
504 3240 586 3295 tu,
627 3232 827 3301 inquit,
861 3243 969 3282 non
1008 3227 1173 3280 times
1202 3224 1345 3279 diem
1379 3222 1595 3292 judicii,
1632 3224 1725 3293 qui
1754 3223 1862 3277 vim
1894 3238 1994 3276 an:

417 3323 551 3395 gelis
583 3321 737 3384 facis,
768 3330 823 3374 et
870 3319 1080 3371 animas
1125 3329 1340 3378 evocas,
1377 3324 1433 3369 et
1466 3314 1715 3370 homines
1758 3314 1989 3383 decipis,

418 3421 475 3467 et
506 3412 770 3466 honorem
806 3407 905 3462 tibi
947 3407 1191 3461 divinum
1233 3405 1301 3459 ab
1337 3403 1655 3459 hominibus
1692 3403 1994 3458 mercaris?

418 3510 473 3557 et
502 3500 777 3573 quomodo
807 3499 969 3552 nobis
1001 3497 1297 3567 persuades
1328 3495 1473 3565 quod
1520 3510 1697 3565 neque
1722 3495 1993 3564 judicium

419 3592 544 3652 erit,
581 3596 639 3642 ut
663 3588 911 3642 nonnulli
940 3585 1253 3640 Judzeorum
1285 3585 1560 3648 fatentur,
1593 3601 1769 3656 neque
1797 3586 1994 3640 animm

420 3681 761 3736 immortales
805 3680 938 3743 sint,
970 3678 1115 3749 quod
1146 3678 1363 3732 videtur
1392 3678 1663 3748 pluribus,
1700 3694 1825 3733 cum
1858 3679 1993 3748 ipsis

421 3771 597 3826 oculis
628 3770 737 3825 tuis
763 3770 949 3823 videas
975 3784 1090 3832 eas,
1122 3774 1177 3821 et
1202 3769 1620 3822 commotionem
1652 3767 1824 3822 divini
1844 3766 1994 3837 judi-

418 3862 490 3916 cii
521 3863 707 3931 capias
734 3877 802 3915 ex
836 3859 1009 3929 ipsis?

494 3948 635 4005 XIV.
678 3950 775 4005 llis
810 3952 879 4004 ab
908 3964 974 4003 eo
1007 3948 1170 4003 dictis
1203 3947 1470 4019 impalluit
1503 3947 1712 4013 Simon,
1737 3954 1791 4003 et
1815 3958 1994 4002 tamen

421 4054 543 4117 post
597 4042 877 4114 paululum
929 4042 1253 4112 recolligens
1302 4056 1395 4104 se,
1447 4041 1521 4095 ita
1571 4039 1996 4111 responditzNe

424 4136 647 4208 putetis,
676 4134 873 4205 inquit,
908 4134 1053 4204 quod
1078 4134 1293 4203 generis
1321 4132 1489 4187 vestri
1522 4132 1684 4185 homo
1716 4132 1819 4186 sini
1847 4148 1861 4197 ;
1894 4145 1995 4202 ego

422 4246 600 4302 neque
631 4244 821 4299 magus
852 4243 997 4295 sum,
1030 4241 1206 4296 neque
1236 4235 1450 4281 amator
1471 4224 1656 4288 Lunae,
1690 4239 1864 4294 neque
1886 4226 1997 4278 An-

424 4324 560 4378 tonii
611 4321 775 4377 ﬁlius.
812 4321 953 4375 Ante
1002 4319 1147 4374 enim
1204 4334 1366 4388 quam
1418 4326 1589 4372 mater
1634 4334 1752 4372 mea
1796 4316 1995 4372 Rachel

2083 488 2365 543 magnum,
2422 480 2477 527 et
2537 471 2811 527 hominem
2858 472 3001 525 inter
3065 471 3315 527 homines
3366 486 3657 541 apparere.

2083 563 2352 619 Tentandi
2381 580 2514 635 eigo
2539 566 2712 635 gratia
2744 580 2841 618 vos
2872 564 3080 633 primos
3118 566 3389 633 assumpsi
3422 570 3659 630 amicos,

2084 663 2145 711 ut
2174 656 2229 710 in
2275 658 2593 712 ctelestibus
2620 656 3076 711 et'ineﬂ'abilibus
3105 657 3241 712 locis
3280 658 3420 713 meis
3447 660 3662 728 primos

2083 760 2181 799 vos
2229 747 2513 808 collocein,
2566 761 2691 799 cum
2739 746 3060 815 probavero.
3102 745 3349 801 Humana
3405 763 3545 818 ergo
3595 748 3665 803 de

2084 838 2296 908 meipso
2325 840 2585 894 mentitus
2618 854 2763 901 sum,
2789 847 2847 892 ut
2875 852 2972 894 vos
3002 839 3350 894 manifestius
3395 854 3667 910 compro-

2083 929 2292 995 barem,
2324 930 2369 986 si
2403 930 2673 1002 integrum
2698 946 2825 1001 erga
2856 945 2941 984 me
2969 932 3206 986 servatis
3228 930 3509 986 affectum.
3550 931 3669 1002 Ego

2083 1037 2212 1077 vero
2232 1023 2346 1077 hmc
2370 1023 2620 1086 audiens,
2642 1024 2820 1095 ipsum
2844 1023 3065 1093 quidem
3098 1024 3354 1078 miserum
3375 1023 3665 1092 judicans,

2085 1115 2476 1185 impudentiam
2502 1123 2684 1171 tamen
2717 1116 2837 1184 ejus
2874 1115 3175 1178 admirans,
3202 1124 3257 1169 et
3303 1130 3403 1185 pro
3432 1130 3499 1169 eo
3544 1116 3670 1184 ipse

2083 1209 2435 1270 erubescens,
2472 1208 2636 1262 simul
2677 1215 2733 1262 et
2772 1207 2984 1262 veritus
3005 1223 3074 1262 ne
3101 1207 3231 1278 quid
3278 1207 3332 1260 in
3363 1222 3469 1261 nos
3498 1207 3669 1260 moli-

2083 1310 2237 1356 retur
2252 1302 2399 1365 mali,
2420 1303 2588 1356 innuo
2604 1301 2822 1363 Nicetze.
2840 1304 3117 1375 pauliSper
3133 1318 3239 1356 una
3256 1317 3468 1356 mecum
3485 1303 3666 1356 simu-

2084 1394 2220 1455 lare,
2238 1402 2293 1448 et
2320 1394 2406 1447 aio
2424 1394 2490 1447 ad
2524 1410 2647 1448 eum
2671 1414 2683 1448 :
2704 1393 2821 1448 Non
2843 1394 3002 1448 nobis
3028 1395 3325 1464 indigneris
3345 1394 3664 1447 hominibus

2084 1487 2551 1557 corruptibilibus,
2592 1488 3025 1557 incorruptibilis
3083 1486 3260 1554 Deus;
3296 1486 3392 1541 sed
3439 1486 3665 1555 suscipe

2085 1578 2259 1648 magis
2290 1579 2544 1633 allectum
2579 1589 2926 1642 nostrum,et
2948 1581 3188 1634 animum
3214 1582 3483 1634 volentem
3517 1581 3665 1634 scire

2085 1668 2177 1737 qui
2200 1670 2271 1724 sit
2293 1668 2435 1724 Deus
2454 1687 2470 1730 ;
2501 1672 2743 1725 nondum
2765 1672 2909 1726 enim
2935 1672 3242 1726 sciebamus
3262 1673 3386 1742 quis
3404 1689 3583 1735 esses,
3612 1683 3664 1727 et

2088 1775 2190 1814 nec
2241 1761 2654 1818 advertebamus
2691 1764 2819 1833 quia
2847 1772 2905 1816 tu
2942 1778 3004 1818 es
3042 1778 3201 1833 quem
3257 1766 3662 1833 querebamus.

2158 1849 2274 1906 XV.
2316 1850 2441 1907 Haac
2472 1862 2526 1907 et
2555 1853 2641 1909 his
2667 1854 2868 1909 similia
2895 1854 3050 1907 vultu
3080 1868 3180 1924 pro
3213 1869 3272 1908 re
3310 1861 3491 1923 aptato
3532 1869 3667 1923 pro-

2089 1944 2451 2013 sequentibus
2500 1946 2685 2009 nobis,
2740 1947 3073 2001 vanissimus
3118 1946 3356 2001 credidit
3396 1962 3497 2001 nos
3562 1948 3663 2001 de-

2088 2040 2300 2102 ceptos,
2325 2041 2379 2089 et
2401 2050 2468 2090 eo
2497 2038 2671 2107 magis
2700 2038 2877 2093 elatus
2908 2038 3115 2092 addidit
3130 2039 3293 2093 etiam
3326 2038 3441 2093 haec
3476 2058 3488 2091 :
3527 2037 3667 2093 Pro-

2088 2124 2256 2194 pitius
2284 2127 2441 2182 vobis
2486 2127 2598 2197 jam
2630 2144 2774 2193 sum,
2818 2144 2920 2199 pro
2960 2130 3153 2184 allecto
3184 2146 3344 2200 quem
3386 2145 3518 2201 erga
3578 2147 3665 2186 me

2090 2216 2258 2271 Deum
2281 2219 2491 2289 geritis,
2517 2226 2603 2275 m'e
2622 2218 2767 2274 enim
2794 2220 3087 2291 diligentes
3116 2222 3463 2286 nesciebatis,
3491 2229 3552 2276 et
3579 2238 3668 2277 me

2089 2317 2397 2380 quaerentes
2421 2311 2776 2381 ignorabatis.
2814 2310 2921 2366 Sed
2952 2313 3081 2366 nolo
3098 2311 3381 2373 dubitetis,
3399 2314 3529 2383 quia
3561 2313 3667 2366 hoc

2089 2412 2175 2457 est
2200 2417 2326 2456 vere
2354 2400 2522 2456 Deum
2561 2417 2705 2466 esse,
2737 2418 2861 2457 cum
2902 2410 3081 2472 potest
3110 2404 3233 2474 quis
3261 2418 3463 2473 parvus
3488 2404 3663 2469 effici,

2090 2495 2175 2549 vel
2207 2509 2458 2564 magnus,
2511 2494 2557 2548 si
2593 2494 2851 2559 voluerit,
2878 2511 3006 2549 nam
3049 2510 3273 2566 quoquo
3302 2495 3465 2560 modo
3494 2511 3671 2566 appao

2091 2599 2211 2639 rere
2246 2584 2561 2641 hominibus
2583 2592 2851 2654 poteram.
2881 2584 3040 2641 Nunc
3064 2601 3194 2656 ergo
3226 2586 3481 2655 incipiam
3508 2586 3673 2640 vobis

2092 2692 2305 2748 aperire
2332 2677 2479 2749 quod
2507 2694 2693 2733 verum
2722 2686 2827 2734 est.
2872 2678 2985 2749 Ego
3014 2679 3217 2732 virtute
3263 2693 3382 2731 mea
3421 2678 3666 2748 quodam

2092 2778 2337 2838 tempore
2375 2785 2559 2825 aerem
2598 2776 2817 2824 vertens
2861 2769 2917 2823 in
2969 2785 3163 2840 aquam
3183 2768 3321 2837 (70),
3360 2778 3416 2823 et
3464 2784 3668 2840 aquam

2094 2874 2290 2915 rursus
2319 2861 2373 2914 in
2397 2861 2740 2931 sanguinem,
2778 2876 3112 2931 carnemque
3152 2861 3419 2924 solidans,
3457 2877 3669 2915 novum

2096 2948 2371 3004 hominem
2416 2964 2644 3019 puerum
2680 2947 2933 3013 formavi,
2979 2958 3035 3003 et
3056 2963 3193 3017 opus
3226 2947 3511 3002 conditore
3558 2946 3674 3002 Deo

2094 3040 2269 3096 multo
2306 3040 2548 3096 nobilius
2580 3040 2799 3109 protuli.
2842 3038 2936 3095 ille
2977 3040 3122 3095 enim
3150 3041 3356 3093 creavit
3386 3039 3673 3094 hominem

2093 3145 2123 3182 e
2165 3137 2334 3197 terra,
2366 3144 2467 3201 ego
2510 3138 2716 3195 autem,
2762 3129 2910 3199 quod
2932 3137 3017 3184 est
3061 3127 3356 3191 diﬂicilius,
3394 3144 3462 3183 ex
3516 3143 3670 3195 aere,

2092 3237 2365 3293 quemque
2413 3237 2607 3277 rursus
2658 3222 2938 3276 resolvens
2985 3220 3100 3275 aeri
3147 3218 3380 3283 reddidi,
3427 3220 3673 3290 speciem

2094 3324 2274 3369 tamen
2306 3315 2425 3384 ejus
2465 3314 2863 3385 imaginemque
2879 3313 3152 3384 depictam
3186 3312 3243 3367 in
3270 3312 3539 3367 interiore
3568 3327 3673 3367 cu-

2093 3407 2277 3462 biculo
2320 3408 2605 3472 collocavi,
2657 3416 2714 3461 ut
2754 3415 2904 3462 esset
2961 3405 3226 3461 indicium
3284 3419 3348 3459 ac
3398 3407 3675 3459 memoria

2093 3501 2278 3569 Operis
2313 3501 2442 3555 mei.
2471 3498 2596 3553 [hec
2628 3508 2807 3553 autem
2855 3498 3296 3567 intelligebamus
3331 3511 3457 3551 eum
3483 3496 3677 3551 dicere

2094 3606 2194 3661 pro
2224 3605 2392 3661 puero
2436 3590 2550 3654 illo,
2589 3590 2748 3659 cujus
2787 3589 2839 3643 vi
2885 3589 3063 3644 necati
3101 3589 3305 3652 anima,
3334 3588 3404 3642 ad
3435 3602 3499 3642 ea
3546 3604 3675 3657 qua:

2093 3681 2309 3735 volebat
2340 3679 2664 3743 ministeria,
2694 3680 2967 3735 utebatur.

2201 3771 2338 3827 XVI.
2379 3771 2575 3826 Petrus
2620 3787 2751 3826 vero
2781 3772 2897 3827 hac
2941 3771 3174 3825 audiens
3234 3785 3359 3824 cum
3409 3769 3675 3840 lacrymis

2094 3864 2208 3918 ait:
2240 3863 2409 3918 Miror
2440 3863 2733 3918 admodum
2765 3863 3090 3917 immensam
3124 3861 3219 3916 Dei
3251 3863 3596 3931 patientiam,
3618 3869 3677 3913 et

2094 3971 2125 4011 e
2156 3954 2435 4017 contrario
2460 3955 2515 4009 in
2543 3956 2822 4011 nonnullis
2852 3956 3103 4009 humanae
3133 3952 3459 4008 temeritatis
3500 3952 3675 4005 auda-

2095 4048 2256 4101 ciam.
2282 4045 2415 4111 Quaz
2439 4046 2583 4100 enim
2608 4046 2749 4100 ratio
2770 4045 3001 4101 inveniri
3027 4045 3167 4098 ultra
3200 4043 3423 4113 poterit,
3448 4057 3572 4111 qua:
3594 4038 3678 4092 Si.

2096 4137 2246 4192 moni
2276 4138 2523 4200 suadeat,
2553 4138 2695 4207 quod
2729 4136 2869 4192 Deus
2890 4135 3372 4205 judicetiniquos;
3399 4148 3523 4185 cum
3558 4134 3679 4201 ipse

2098 4230 2199 4285 sibi
2235 4228 2551 4300 persuadet,
2577 4228 2721 4299 quod
2745 4229 3051 4282 animarum
3072 4226 3379 4280 ohedientia
3409 4224 3473 4276 ad
3497 4224 3678 4277 scele-

2096 4337 2219 4375 rum
2244 4336 2468 4377 suorum
2501 4329 2686 4376 utatur
2731 4318 3133 4373 minislerium?
3162 4334 3219 4372 re
3269 4324 3451 4370 autem
3484 4330 3618 4369 vera
3646 4331 3678 4367 a

427 4412 745 4468 conveniret
774 4426 897 4465 cum
925 4424 992 4464 eo
1019 4408 1155 4479 (69),
1199 4408 1379 4463 adhuc
1414 4408 1568 4479 virgo
1588 4409 1841 4479 concepit
1885 4424 1991 4472 me,
2030 4438 2073 4493 υ
2097 4414 2439 4470 daemonibus
2469 4413 2746 4479 illuditur;
2769 4420 2950 4465 tamen
2966 4412 3007 4442 "
3025 4426 3147 4464 cum
3167 4425 3261 4479 per
3280 4409 3394 4463 11316
3412 4408 3529 4476 ipsa
3552 4423 3677 4460 cer-

533 4551 575 4583 ¹⁷
616 4548 811 4602 Tamen
850 4576 921 4585 -—
948 4544 1299 4599 substantiam
1335 4543 1534 4599 desunt
1578 4544 1632 4597 in
1662 4542 1820 4597 codd.
1860 4542 2037 4613 Lipss.

1694 4658 2059 4716 COTELERII
2099 4654 2330 4713 NOTE.

427 4800 523 4860 pra
556 4782 727 4860 relato
760 4793 883 4832 eum
926 4777 1259 4857 testimoniis
1301 4786 1543 4860 veterum
1582 4794 1594 4829 :
1630 4775 1798 4860 Atque
1831 4774 2000 4829 Simo-

429 4846 530 4911 niae
576 4851 844 4913 tedii/eras
888 4848 1260 4902 necromantia:
1304 4846 1578 4899 labruscas
1623 4847 1879 4898 radicitus
1908 4860 2000 4899 ea:-

428 4929 759 4993 stirpuntem,
808 4935 906 4987 pro
945 4918 1215 4993 tetliiferas
1256 4934 1452 4993 necnon
1496 4916 1767 4993 Bouiania:
1819 4916 2000 4993 labra.

431 4985 583 5057 scas;
607 5006 795 5046 vereor
810 4985 879 5057 'ut
912 4991 983 5042 sit
1006 4985 1375 5043 necessarium
1406 5002 1417 5036 :
1452 5002 1575 5057 cum
1604 4985 1869 5039 Bouiania
1905 5002 2002 5057 eit-

432 5056 571 5138 poni
604 5061 776 5138 possit
815 5056 1061 5138 Romana
1108 5058 1296 5138 religio
1328 5072 1423 5137 seu
1453 5056 1670 5110 ethnica
1696 5096 1710 5120 ,
1742 5056 2005 5126 quemad-

433 5128 652 5192 inmluiu
686 5128 929 5183 Simouia
965 5128 1188 5183 haaresis
1220 5128 1458 5182 Simonis

504 5204 618 5275 (68)
650 5200 759 5275 Cur
785 5216 906 5269 ergo
936 5199 1327 5275 inter[e_ct_orum
1366 5197 1702 5275 animarnon
1738 5195 2004 5275 ulciscun-

433 5264 521 5328 tur
552 5264 905 5339 interfectores
937 5272 1094 5324 suos?
1123 5268 1267 5339 Idem
1306 5274 1684 5339 argumentum
1718 5274 1872 5336 urget
1897 5264 2002 5319 Ta-

435 5348 617 5400 tianus
643 5336 897 5394 Oratione
915 5348 1100 5392 contra
1127 5338 1358 5400 ercos,
1382 5336 1437 5407 'p.
1475 5336 1595 5407 15β.

507 5415 620 5483 (69)
653 5412 787 5464 Ante
826 5411 1154 5483 enintquarn
1183 5405 1495 5483 ntuetr—nea
1523 5405 1736 5483 Rachel.
1755 5406 2000 5483 conveni-

436 5474 663 5538 ret‘cu'm
702 5496 781 5533 eo.
823 5474 1083 5534 Abutitur
1108 5478 1308 5548 impius
1341 5476 1528 5548 Simon
1562 5477 1679 5530 loco
1704 5474 2001 5548 scripturas

440 5554 627 5608 Matth.
666 5566 705 5611 i,
736 5550 825 5611 l8,
855 5550 983 5618 quia
1026 5565 1084 5604 se
1118 5545 1242 5603 esse
1281 5547 1562 5602 Christum
1604 5546 1766 5618 credi,
1795 5545 1999 5618 voluit;

436 5622 583 5700 quod
613 5628 669 5700 et
698 5618 764 5673 de
790 5634 850 5700 se
874 5616 1011 5700 ipsis
1032 5619 1295 5700 dixerunt_
1312 5618 1532 5700 quidam
1564 5616 1868 5700 postuillum
1892 5616 2003 5669 ha:-

442 5686 750 5749 resiarcbaz.
794 5686 919 5745 Pari
957 5689 1122 5746 modo
1156 5688 1299 5759 apud
1334 5686 1625 5743 Socratem
1662 5686 1755 5742 lib.
1790 5701 1843 5751 ι,
1878 5701 1999 5756 cap.

2102 4773 2196 4830 2‘2.
2219 4771 2582 4827 Terebinthus
2603 4810 2618 4832 ,
2651 4784 2746 4824 seu
2783 4766 2998 4820 Buddas
3043 4760 3228 4818 natum
3250 4775 3433 4832 seex
3464 4760 3681 4827 virgine

2104 4829 2335 4913 alliruiat
2368 4861 2380 4895 ε
2415 4829 2639 4913 propter
2661 4848 2923 4913 vet_erem,
2956 4838 3009 4888 ni
3026 4835 3219 4913 “fallor,
3249 4829 3679 4913 Buddanrigle-

2105 4914 2270 4968 menti
2310 4900 2680 4982 Aleiandrino
2728 4908 2978 4982 Buttain,
3020 4902 3217 4982 Suom.
3261 4917 3320 4982 1,.
3349 4915 3402 4982 p.
3611 4902 3680 4980 de

2103 5001 2213 5052 quo
2244 4991 2366 5052 post
2394 4982 2533 5052 alios
2563 4980 2895 5052 [intravimus
2915 4976 3063 5052 libro
3095 4972 3171 5052 D_e
3206 4971 3485 5052 nativitatis
3518 4971 3680 5052 Ebri-

2104 5039 2172 5105 εἰί
2205 5039 2322 5122 cap.
2356 5053 2413 5109 δ,
2437 5050 2705 5118 Spicitegit’
2737 5046 3019 5122 Aenariam
3063 5051 3102 5095 ι.
3132 5045 3176 5101 l.
3216 5042 3300 5093 An
3328 5049 3481 5122 certe.
3512 5039 3685 5122 3mg:

2105 5109 2383 5175 manorum
2411 5109 2686 5189 sequentur
2708 5119 3024 5190 opinionem,
3048 5109 3579 5190 rntﬁqnentadinodmn.
3602 5111 3682 5190 itii

2101 5203 2257 5247 secta:
2282 5207 2391 5245 sua:
2421 5180 2689 5243 auctorem
2733 5180 2975 5261 Bubdant
3006 5184 3080 5254 (ι.
3105 5180 3375 5261 Radit-ant)
3396 5194 3490 5245 per

2104 5265 2185 5316 nis
2219 5263 2357 5315 latus
2394 5269 2615 5313 narrant
2645 5267 2920 5320 exortum,
2955 5249 3030 5307 ita
3068 5269 3161 5307 nos
3199 5249 3471 5305 Christum
3514 5250 3685 5317 fuisse

2099 5334 2481 5401 pradiceinus?
2765 5399 2773 5401 Α
3098 5390 3154 5401 Α.
3313 5398 3322 5401 _
3388 5388 3403 5401 _
3523 5389 3535 5397 ,

2173 5403 2303 5472 (70)
2320 5403 2504 5472 Aerem
2530 5408 2729 5455 vertens
2756 5399 2811 5452 in
2833 5411 3061 5472 equam.
3090 5390 3346 5472 Clamant.
3388 5388 3589 5472 humi];
3616 5388 3680 5472 ’ἓν

2101 5489 2152 5527 c.
2179 5456 2409 5527 ἒϐίηοο
2424 5487 2639 5543 quoque
2667 5490 2697 5524 e
2714 5456 2911 5543 inedia
2935 5461 3276 5543 philosophia
3294 5456 3682 5543 Simon.‘}_'ide-

2105 5544 2182 5597 sis
2210 5528 2500 5597 Dionenein
2550 5528 2824 5595 Laertium
2857 5528 2953 5592 lib'.
3005 5552 3080 5589 vii
3110 5528 3168 5586 in
3216 5528 3459 5591 Zenone,
3503 5529 3659 5583 Clem

2105 5613 2283 5735 Αἶιῖχῖ
2311 5597 2519 5735 ἒιιὋιιιἱ
2555 5606 2617 5677 ν,
2648 5626 2700 5681 p.
2739 5608 2867 5675 599,
2908 5603 3296 5663 Theodoritum
3331 5597 3540 5655 "mret.
3600 5599 3684 5668 (a-

2139 5700 2173 5735 ﬂ
2200 5723 2240 5735 ..
2290 5725 2304 5735 .
2335 5698 2374 5735 Ι.
2408 5700 2457 5735 c.
2528 5720 2545 5735 ο

2107 5684 2240 5750 ὸίίΙ..
2266 5684 2304 5739 l.
2335 5698 2374 5746 t,
2408 5700 2457 5737 c.
2492 5684 2545 5735 1.
