3890 6192
240 272 386 328 [157

1457 278 2023 337 RECOGNI‘I‘IONUM
2058 281 2187 336 LIB.
2225 268 2292 336 n.

3352 285 3491 341 rem

233 392 332 441 tus
359 386 452 451 sit,
492 388 638 458 quod
667 390 1001 445 immortales
1031 400 1161 445 sunt
1196 391 1389 446 animai
1416 402 1469 447 et
1487 393 1809 462 iudicantur
1838 398 1883 455 Α
1912 393 2103 451 ﬁdeles
2134 410 2164 449 a
2196 395 2451 450 ﬁdelibus
2471 404 2524 450 et
2551 396 2626 466 pii
2645 398 3032 453 discernantur
3049 400 3119 455 ab
3139 400 3341 470 impiis,
3367 416 3493 470 per-

230 494 340 548 pro
359 479 443 535 his
468 497 589 551 qua:
604 485 891 553 gesserint.
910 493 963 539 et
980 485 1071 553 qui
1089 491 1307 553 scputet
1327 500 1384 538 re
1405 486 1521 555 ipsa
1544 484 1725 540 videre
1743 501 1808 541 ea

228 582 361 636 quae
392 584 491 625 nos
518 572 621 625 fide
655 573 952 633 credimus.
991 576 1260 644 quamvis,
1287 582 1347 629 ut
1376 575 1511 638 dixi,
1548 577 1810 633 illudatur

226 675 267 715 a
297 662 655 727 damonibus,
682 674 864 720 tamen
895 668 1191 722 arbitratur
1220 683 1278 723 se
1304 668 1476 738 ipsam
1506 670 1699 725 anima:
1726 673 1809 724 vi-

230 751 365 807 dere
395 753 779 809 subStantiam.
802 756 1032 821 Quando
1051 756 1161 819 hic,
1185 757 1427 827 inquam,
1448 757 1705 814 fatebitur
1724 761 1808 815 vel

229 844 377 898 male
401 858 461 898 se
497 859 657 914 agere
689 847 745 900 in
781 855 933 902 tanto
961 851 1105 903 malo
1139 851 1373 919 positus,
1422 852 1508 906 vel
1545 851 1805 921 judican-

224 931 364 987 dum
394 948 455 989 se
486 950 584 1004 pro
608 935 692 990 his
723 952 846 1006 qua:
872 938 1063 1008 egerit,
1090 942 1181 1008 qui
1212 940 1394 994 sciens
1419 939 1512 995 Dei
1536 941 1806 1010 judicium

227 1026 535 1080 contemnit
575 1035 629 1080 et
663 1027 945 1082 inimicum
997 1045 1056 1084 se
1109 1030 1329 1085 exhibet
1368 1030 1502 1098 Deo,
1541 1041 1595 1087 et
1643 1035 1806 1090 audet

226 1122 343 1169 tam
366 1114 602 1172 nefanda
630 1119 1008 1176 committere?
1038 1118 1193 1177 Unde
1222 1130 1430 1176 certum
1462 1134 1567 1187 est,
1606 1123 1804 1179 fratres

227 1204 665 1263 mei.nonnullos
691 1209 906 1263 veritati
936 1224 1001 1264 ac
1024 1211 1271 1282 religioni
1302 1212 1397 1266 Dei
1421 1228 1529 1267 non
1557 1214 1678 1269 ideo
1710 1213 1806 1267 ad-

222 1296 461 1361 versari,
491 1298 639 1366 quod
681 1300 761 1353 eis
797 1299 921 1354 ﬁdei
955 1302 1095 1355 ratio
1164 1317 1506 1374 nequaquam
1548 1314 1803 1361 constare

222 1384 503 1449 videatur,
536 1386 631 1440 sed
666 1389 795 1457 quia
837 1396 931 1443 aut
958 1390 1237 1446 nimietate
1268 1402 1612 1461 peccatorum
1648 1395 1804 1451 invo-

223 1475 348 1541 luti,
378 1486 472 1530 aut
498 1478 656 1532 malis
691 1480 808 1534 suis
839 1483 1112 1549 praeventi
1137 1490 1191 1537 et
1222 1492 1437 1538 tumore
1462 1486 1646 1541 cordis
1673 1487 1801 1541 elati

216 1573 378 1632 sunt,
409 1567 484 1619 ita
522 1576 581 1620 ut
605 1583 704 1621 nec
724 1583 788 1622 ea
816 1570 1035 1638 quidem
1064 1572 1310 1636 credant,
1343 1589 1462 1643 quae
1485 1576 1658 1632 oculis
1686 1577 1801 1632 suis

220 1669 287 1709 se
316 1654 501 1710 videre
526 1657 881 1713 arbitrantur.

1910 487 2142 542 missum
2169 496 2255 542 est
2280 488 2521 559 maligno
2545 491 2623 543 uti
2656 490 2742 545 his
2764 492 2998 552 artibus,
3022 493 3224 561 quibus
3246 494 3491 562 singulo-

1911 591 2032 630 rum
2056 592 2182 648 erga
2211 592 2400 631 verum
2425 588 2709 648 parentem
2747 582 3047 650 probentur
3067 580 3313 636 affectus.
3334 581 3492 647 Quod

1909 668 1958 721 si
1982 668 2027 699 ²⁰
2052 682 2181 722 vere
2218 678 2365 723 esset
2411 669 2611 740 aliquis
2649 670 2787 726 deus
2833 673 3068 736 alienus,
3097 682 3279 727 tamen
3305 673 3374 727 ab
3400 688 3489 732 eo.

1908 757 2002 828 qui
2035 774 2137 812 nos
2182 770 2469 816 creaverat
2520 762 2725 832 quique
2773 763 2935 819 nobis
2957 774 3109 833 pater
3148 771 3203 818 et
3237 765 3493 818 conditor

1909 849 2108 914 fuerat,
2146 857 2430 906 rectumne
2469 862 2610 916 erat,
2645 854 2838 908 relicto
2887 855 3110 925 proprio
3142 856 3379 910 transire
3421 857 3490 909 ad

1906 939 2187 994 alienum?
2222 941 2291 995 Et
2331 941 2528 1011 Aquila
2561 963 2573 997 :
2607 941 2806 998 Absit!
2842 944 3040 1014 inquit.
3080 943 3218 998 Tum
3250 944 3485 1000 Petrus:

1906 1030 2190 1097 Quomodo
2211 1048 2340 1104 ergo
2360 1035 2609 1091 dicemus
2635 1037 2931 1105 malignum
2954 1052 3079 1092 esse
3103 1052 3326 1091 causam
3357 1053 3487 1107 pcc-

1906 1122 2014 1174 cati
2048 1123 2247 1187 nostri,
2273 1139 2399 1178 cum
2424 1124 2531 1179 hoc
2548 1127 2822 1195 permissu
2842 1125 2938 1179 Dei
2968 1126 3080 1190 ﬁat,
3100 1133 3159 1179 ut
3188 1142 3284 1196 per
3309 1126 3487 1195 ipsum

1904 1215 2209 1283 probentur
2235 1223 2291 1270 et
2322 1215 2379 1269 in
2408 1216 2496 1271 die
2520 1216 2716 1286 judicii
2753 1226 3056 1287 arguantur
3091 1218 3145 1271 hi
3183 1219 3277 1287 qui
3309 1219 3488 1286 majo-

1904 1307 2060 1363 ribus
2094 1308 2589 1378 pollicitationibus
2635 1309 2875 1372 invitati,
2905 1310 3020 1364 veri
3062 1310 3235 1379 patris
3266 1316 3321 1364 et
3358 1325 3488 1365 con-

1905 1397 2103 1453 ditoris
2133 1399 2220 1451 sui
2255 1399 2581 1469 reliquerint
2613 1400 2896 1470 pietatem,
2936 1401 2991 1453 hi
3031 1417 3163 1455 vero
3193 1401 3285 1470 qui
3324 1400 3484 1456 ﬁdem

1903 1495 1958 1542 et
1988 1489 2313 1544 charitatem
2342 1493 2551 1561 proprii
2579 1494 2774 1562 patris,
2801 1495 2964 1547 etiam
2995 1508 3118 1547 cum
3140 1502 3481 1563 paupertate,

1902 1581 1949 1635 si
1980 1582 2267 1645 acciderit,
2298 1592 2353 1637 et
2384 1599 2508 1638 cum
2543 1586 2895 1643 tribulatione
2925 1589 3287 1649 servaverint,
3320 1588 3482 1643 donis

1904 1674 2223 1731 caelestibus
2258 1676 2314 1729 in
2346 1692 2515 1747 regno
2545 1678 2667 1747 ejus
2705 1688 2759 1733 et
2800 1680 3205 1735 immortalibus
3238 1681 3483 1737 muneri-

289 1787 453 1844 x‘m.
496 1787 695 1845 verum
728 1794 983 1863 quoniam
1012 1796 1249 1865 ingenim
1285 1815 1411 1870 erga
1455 1800 1623 1855 Deum
1658 1816 1796 1856 com
1829 1737 1876 1798 Β
1903 1766 2006 1822 bus
2027 1767 2421 1836 perfruantur?
2452 1769 2558 1826 Sed
2582 1772 2697 1827 haec
2725 1773 2866 1829 alias
2894 1774 3213 1844 diligentius
3242 1790 3482 1844 expone-

212 1876 456 1933 ditorem
485 1879 739 1935 sufficere
769 1881 839 1936 ad
867 1883 1096 1938 salutem
1123 1888 1407 1944 videbatur
1437 1891 1654 1946 affectio
1688 1894 1793 1960 his,

215 1967 313 2037 qui
344 1967 634 2040 diligerent
664 1984 811 2036 eum,
839 1973 1022 2027 studet
1064 1976 1320 2033 inimicus
1368 1980 1510 2034 hanc
1553 1980 1796 2036 affectio-

214 2072 346 2113 nem
378 2058 436 2112 in
468 2059 783 2115 hominibus
813 2070 1145 2131 pervertere,
1178 2074 1233 2121 et
1279 2068 1535 2125 inimicos
1563 2085 1657 2125 eos
1682 2071 1795 2126 elli-

211 2164 344 2206 cere
388 2158 550 2221 atque
594 2151 836 2222 ingratos
867 2153 1150 2211 Conditori
1199 2174 1320 2215 suo.
1373 2159 1569 2216 Testor
1612 2172 1793 2218 autem

209 2241 418 2295 coelum
443 2256 519 2295 ac.
538 2249 761 2305 terram,
793 2244 938 2313 quod
972 2246 1017 2299 si
1048 2257 1311 2317 quantum
1357 2253 1507 2321 cupit
1537 2254 1793 2311 inimicus

217 2329 507 2403 deszevire,
536 2332 944 2400 permitteretur
969 2337 1136 2390 etiam
1168 2354 1197 2391 a
1243 2339 1375 2404 Deo,
1425 2343 1556 2397 olim
1601 2360 1793 2401 omnes

209 2422 468 2478 homines
498 2425 875 2494 deperissent;
908 2429 1003 2483 sed
1049 2432 1441 2489 misericordiae
1475 2452 1641 2493 causa
1682 2454 1791 2493 non

206 2515 347 2569 sinit
378 2514 542 2571 Deus.
575 2516 732 2582 Quod
761 2520 807 2573 si
826 2518 869 2550 ¹⁸
899 2520 1151 2575 affectum
1182 2539 1340 2578 suum
1377 2527 1627 2585 homines
1659 2545 1792 2585 con—

211 2613 497 2660 verterent
528 2608 594 2662 ad
620 2606 811 2672 Deum,
851 2626 1041 2667 omnes
1071 2614 1189 2669 sine
1224 2615 1391 2671 dubio
1418 2619 1786 2688 salvarentur,

200 2698 374 2752 etiam
405 2700 449 2753 si
482 2716 582 2769 pro
606 2703 881 2772 aliquibus
934 2704 1148 2759 delictis
1183 2707 1254 2761 ob
1285 2708 1557 2778 justitiam
1585 2716 1789 2785 corripi

203 2788 545 2844 viderentur.
583 2790 690 2847 Sed
718 2808 867 2847 nunc
897 2794 1118 2863 plurimi
1158 2795 1443 2852 hominum
1476 2800 1684 2855 inimici
1708 2801 1790 2857 ef-

201 2880 338 2936 fecti
370 2890 498 2937 sunt
536 2882 655 2952 Dei,
704 2901 939 2956 quorum
966 2888 1239 2959 malignus
1261 2892 1427 2946 corda
1463 2899 1785 2963 penetravit,

201 2981 263 3027 et
320 2973 578 3029 affectum
628 2993 792 3046 quem
844 2980 924 3034 eis
975 2966 1228 3035 conditor
1267 2981 1409 3039 Deus
1458 2986 1783 3055 inseruerat,

1897 1877 2041 1916 mus.
2085 1861 2227 1928 Quid
2288 1874 2469 1919 autem
2519 1862 2710 1920 Simon
2757 1867 2928 1937 egerit
2976 1877 3098 1937 post
3151 1870 3286 1935 haec,
3337 1873 3481 1928 scire

1893 1954 2078 2022 cupio.

1966 2044 2108 2099 XIX.
2151 2045 2220 2101 Et
2256 2047 2450 2104 Niceta
2481 2052 2766 2121 respondit
2796 2072 2811 2107 :
2842 2052 2943 2108 Ubi
2978 2055 3315 2113 intellexisse
3352 2073 3478 2112 eum

1894 2137 2196 2203 sensimus,
2221 2141 2365 2209 quod
2388 2142 2769 2211 deprehensus
2804 2156 2952 2203 esset
2993 2163 3023 2201 a
3067 2148 3250 2211 nobis,
3298 2151 3479 2203 collo-

1893 2228 2007 2281 cuti
2036 2227 2178 2283 inter
2208 2244 2309 2285 nos
2332 2230 2400 2285 de
2426 2232 2732 2289 sceleribus
2768 2235 2889 2305 ejus
2916 2236 3246 2306 reliquimus
3273 2256 3396 2295 eum
3422 2251 3479 2295 et

1895 2321 1965 2375 ad
2005 2321 2327 2378 Zacchzeum
2373 2326 2649 2392 venimus,
2701 2328 2817 2383 haec
2862 2331 2979 2400 ipsa
3012 2332 3084 2394 ei,
3126 2349 3251 2403 quae
3291 2343 3346 2388 et
3375 2336 3475 2391 tibi

1892 2428 2044 2469 nunc
2069 2416 2427 2484 protulimus,
2475 2418 2804 2475 indicantes.
2850 2421 2919 2475 At
2951 2422 3041 2477 ille
3073 2424 3474 2494 benignissime

1891 2520 1993 2559 nos
2054 2508 2381 2577 suscipiens,
2434 2518 2489 2565 et
2538 2510 2607 2567 de
2664 2511 2770 2567 ﬁde
2823 2511 3039 2568 Domini
3107 2518 3280 2571 nostri
3338 2517 3474 2574 .Iesu

1891 2593 2099 2649 Christi
2130 2597 2389 2663 edocens,
2432 2599 2675 2656 fidelium
2718 2618 2951 2659 numero
3007 2607 3256 2663 sociavit.
3300 2607 3471 2664 Cum-

1891 2698 1998 2754 que
2021 2684 2137 2739 haec
2170 2685 2365 2742 Niceta
2395 2688 2649 2755 dixisset,
2684 2690 2981 2750 Zacchzeus
3016 2695 3109 2764 qui
3141 2697 3305 2765 paulo
3343 2706 3475 2753 ante

1891 2789 2152 2845 egressus
2179 2776 2381 2847 fuerat,
2406 2781 2815 2852 ingrediebatur
2838 2784 3027 2842 dicens
3058 2808 3071 2843 :
3098 2788 3339 2862 Tempus
3363 2800 3470 2857 est,

1894 2875 1953 2920 ut
1978 2868 2249 2938 procedas
2300 2871 2368 2924 ad
2417 2870 2833 2944 diSputandum,
2878 2876 3075 2945 Petre;
3123 2880 3282 2936 turba
3325 2882 3470 2937 enim

1892 2959 2063 3012 multa
2094 2960 2147 3013 in
2173 2963 2315 3015 atrio
2339 2962 2535 3019 domus
2568 2975 2896 3039 congregata
2922 2977 2976 3025 te
3000 2972 3301 3039 opperitur,
3328 2989 3468 3044 quo-

201 3071 269 3117 m
292 3080 419 3135 erga
454 3082 512 3121 se
548 3066 834 3135 haberem,
870 3070 928 3124 in
973 3072 1329 3143 semetipsum
1362 3075 1602 3135 deﬂexit.
1634 3050 1789 3134 Alio;
1814 3089 1855 3145 Ο
1894 3064 2017 3103 rum
2060 3050 2121 3145 in
2160 3054 2342 3145 medio
2382 3056 2569 3113 multis
2615 3056 2786 3113 fultus
2831 3061 3059 3116 asseclis
3090 3064 3350 3118 consistit
3380 3064 3469 3119 Si-

198 3172 328 3210 rum
380 3174 531 3223 vero,
565 3157 658 3231 qui
708 3164 1109 3233 aliquantulum
1161 3167 1389 3237 vigilare
1426 3170 1775 3235 videbantur,

196 3246 258 3299 in
316 3247 606 3317 phantasia
655 3254 843 3322 gloriae
896 3262 951 3309 et
1021 3255 1331 3324 splendoris
1384 3274 1675 3328 apparens,
1726 3273 1780 3318 et

196 3351 402 3408 magna
431 3342 677 3410 qumdam
708 3350 872 3414 atque
910 3346 1149 3417 ingentia
1202 3351 1613 3417 repromittens,
1652 3367 1779 3407 cva-

192 3431 317 3499 gari
345 3430 701 3490 nihilominus
730 3451 762 3489 a
796 3435 905 3492 Deo
930 3453 1062 3492 vero
1082 3447 1317 3494 mentem
1345 3450 1506 3512 atque
1535 3444 1775 3499 animum

194 3519 362 3586 fecit;
397 3538 517 3592 qua:
557 3532 739 3580 tamen
770 3536 1083 3598 perpetrare
1127 3530 1179 3585 ei
1202 3530 1352 3600 justa
1384 3535 1618 3603 quadam
1652 3551 1768 3606 per-

192 3611 435 3666 mittitur
466 3615 695 3672 ratione.

265 3742 457 3801 XVIII.
500 3747 584 3803 Ad
613 3750 730 3806 haec
759 3754 953 3825 Aquila
991 3757 1275 3828 respondit
1308 3778 1321 3814 :
1356 3759 1499 3826 Quid
1529 3777 1658 3832 ergo
1678 3762 1774 3818 de-

190 3834 453 3907 linquunt
481 3838 753 3908 homines,
796 3845 841 3899 si
876 3848 1147 3917 malignus
1183 3850 1585 3909 transformans
1625 3871 1683 3910 se
1716 3855 1771 3908 in

185 3930 537 3999 splendorem
573 3934 776 3990 lucis"
804 3939 1011 4008 majora
1056 3945 1390 4011 repromittit
1430 3945 1767 4011 hominibus,

188 4037 357 4091 quam
389 4023 505 4092 ipse
529 4026 780 4081 conditor
811 4027 994 4084 Deus?
1018 4030 1077 4086 Et
1107 4032 1304 4089 Petrus
1339 4054 1351 4089 :
1387 4034 1548 4103 Puto,
1572 4039 1766 4108 inquit,

189 4112 297 4167 hoc
330 4115 593 4184 injustius
626 4120 760 4174 nihil
791 4136 932 4189 esse,
983 4132 1036 4178 et
1078 4134 1350 4196 quatenus
1391 4128 1656 4199 injustum
1698 4132 1769 4187 sit

187 4206 341 4261 audi.
378 4206 435 4260 Si
468 4207 611 4264 filius
635 4217 787 4275 tuus,
819 4214 914 4283 qui
943 4230 973 4268 a
1018 4222 1071 4271 te
1093 4218 1244 4271 omni
1272 4219 1552 4290 diligentia
1582 4222 1763 4276 erudi-

189 4306 284 4353 tus
332 4306 420 4353 est
465 4308 520 4355 et
560 4303 826 4368 nutritus,
881 4314 1045 4376 atque
1092 4307 1160 4362 ad
1215 4309 1429 4365 virilem
1470 4313 1766 4382 perductus

184 4398 429 4457 atatem,
461 4392 707 4463 ingratus
733 4396 834 4451 tibi
856 4397 947 4462 sit,
974 4407 1028 4453 et
1052 4400 1367 4471 relinquens
1390 4410 1441 4457 te
1474 4405 1541 4458 ad
1567 4406 1756 4467 alium,

185 4497 352 4551 quem
381 4481 520 4539 forte
543 4484 794 4540 ditiorem
819 4488 1037 4553 viderit,
1071 4497 1179 4555 eat,
1220 4501 1275 4547 et
1308 4493 1570 4549 honorem
1602 4512 1763 4565 quem

185 4572 290 4628 tibi
314 4572 549 4629 debebat
580 4575 657 4629 illi
683 4577 958 4639 exhibeat,
998 4594 1064 4634 ac
1102 4596 1198 4650 spe
1239 4584 1465 4653 majoris
1496 4585 1634 4639 lucri
1666 4602 1756 4640 na-

181 4672 372 4717 turam
407 4677 567 4736 neget
608 4675 663 4722 et
690 4666 817 4736 jura
849 4678 1078 4745 paterna
1119 4672 1380 4745 defugiat,
1419 4684 1631 4731 rectum
1665 4678 1763 4733 tibi

184 4757 425 4820 videtur,
466 4731 537 4813 an
577 4731 937 4830 impiumﬁilt
984 4764 1181 4834 Aquila
1215 4731 1536 4837 respondit:
1571 4731 1764 4824 Omni-

182 4847 290 4902 bus
319 4847 499 4917 palam
547 4859 656 4913 est,
709 4853 853 4921 quod
903 4854 1129 4925 impium
1176 4857 1267 4912 sit.
1326 4858 1392 4910 Et
1434 4858 1668 4916 Petrus:
1701 4860 1761 4916 Si

179 4954 314 5011 ergo
343 4941 400 4993 in
429 4940 745 4998 hominibus
778 4945 882 4999 hoc
914 4948 1139 5016 impium
1170 4950 1329 5012 dicis,
1357 4961 1564 5020 quanto
1584 4955 1758 5024 magis

178 5027 237 5080 in
283 5026 415 5091 Deo,
451 5032 544 5100 qui
567 5047 732 5103 supra
769 5050 961 5091 omnes
1006 5038 1257 5096 homines
1300 5042 1508 5098 honore
1550 5047 1620 5100 ab
1661 5047 1759 5101 ho-

178 5122 424 5179 minibus
455 5125 655 5198 dignus
704 5130 826 5185 est?
867 5132 1027 5202 cujus
1082 5151 1194 5191 non
1255 5139 1433 5194 solum
1481 5141 1761 5197 beneﬁciis

177 5211 441 5281 fruimur,
497 5234 688 5274 verum
735 5229 789 5277 et
840 5238 944 5294 ope
981 5240 1045 5280 ac
1094 5229 1300 5285 virtute
1338 5246 1460 5287 esse
1488 5235 1757 5304 coepimus

176 5320 307 5360 cum
337 5324 447 5363 non
477 5326 751 5382 essemus,
778 5316 977 5387 cuique
1006 5320 1052 5373 si
1083 5320 1396 5390 placeamus
1420 5328 1759 5387 merebimur

179 5396 257 5453 ab
283 5414 373 5463 eo,
400 5407 462 5455 ut
487 5404 654 5459 etiam
683 5409 875 5463 aeterni
916 5408 974 5464 in
1003 5410 1164 5468 bonis
1193 5413 1389 5471 simus.
1424 5415 1497 5471 Ut
1519 5433 1651 5489 ergo
1673 5422 1759 5475 in—

289 5548 333 5579 ¹⁶
370 5549 487 5617 Quo
516 5556 563 5607 si
593 5586 663 5597 —-
682 5557 980 5613 viderentur
1014 5571 1066 5617 et

1891 3156 2038 3195 mon.
2078 3140 2215 3195 Tum
2244 3141 2439 3199 Petrus
2471 3152 2531 3199 ut
2573 3147 2691 3202 haec
2736 3150 2962 3213 audivit,
2994 3153 3261 3208 orationis
3290 3157 3467 3225 gratia

1881 3232 2144 3287 secedere
2176 3249 2260 3287 me
2282 3234 2484 3302 jubens
2533 3236 2801 3306 (nondum
2833 3241 2977 3294 enim
3004 3256 3155 3296 eram
3186 3243 3396 3299 dilutus
3434 3261 3465 3298 a

1883 3321 2144 3389 peccatis,
2171 3338 2290 3391 quae
2320 3324 2375 3377 in
2407 3325 2716 3394 ignorantia
2745 3329 3259 3403 commiseram),ait
3285 3334 3351 3388 ad
3378 3349 3466 3389 re-

1879 3411 2363 3482 liquos:0remus
2419 3414 2641 3481 fratres,
2697 3426 2757 3471 ut
2818 3418 2961 3475 Deus
3016 3437 3115 3490 per
3179 3421 3463 3480 Christum

1877 3517 2038 3557 suum
2085 3518 2183 3571 pro
2230 3503 2493 3559 ineffabili
2532 3506 2916 3563 misericordia
2960 3526 3058 3565 sua
3101 3512 3323 3581 adjuvet
3370 3531 3463 3570 me

1876 3602 2163 3649 exeuntem
2202 3610 2301 3664 pro
2344 3596 2521 3653 salute
2566 3598 2872 3667 hominum,
2917 3605 3009 3673 qui
3040 3606 3109 3661 ab
3138 3606 3259 3676 ipso
3290 3610 3462 3664 creati

1876 3691 2023 3738 sunt.
2056 3682 2118 3735 Et
2148 3685 2263 3738 haec
2289 3700 2416 3739 cum
2446 3687 2701 3753 dixisset,
2735 3694 2983 3749 oratione
3009 3694 3154 3750 facta
3177 3701 3460 3767 processit

1874 3774 1942 3829 ad
1978 3774 2179 3828 atrium
2212 3775 2431 3841 domus,
2488 3779 2544 3832 in
2594 3796 2705 3850 quo
2758 3791 2880 3837 erat
2927 3787 3224 3843 multitudo
3271 3792 3460 3862 populi

1874 3864 2109 3932 plurima
2139 3876 2505 3938 congregata;
2555 3885 2693 3940 quos
2746 3875 2840 3929 ubi
2888 3891 3079 3934 omnes
3120 3897 3337 3938 summo
3376 3885 3456 3939 si-

1872 3952 2041 4006 lentio
2071 3953 2139 4008 ad
2173 3970 2233 4010 se
2263 3956 2500 4010 intentos
2523 3961 2678 4025 vidit,
2709 3972 2763 4016 et
2804 3981 3020 4037 magum
3072 3969 3354 4030 Simonem
3387 3977 3445 4031 in

1872 4044 2051 4099 medio
2077 4060 2269 4101 eorum
2308 4051 2459 4105 velut
2510 4052 2833 4121 signiferum
2864 4066 3123 4127 stantem,
3158 4062 3263 4118 hoc
3293 4065 3455 4121 modo

1870 4138 2046 4208 coepit
2071 4158 2084 4193 :

1940 4229 2057 4285 XX.
2098 4230 2208 4286 Pax
2233 4234 2388 4289 vobis
2416 4237 2489 4290 sit
2518 4238 2796 4305 omnibus,
2830 4242 2925 4310 qui
2958 4245 3133 4312 parati
3163 4249 3299 4303 estis
3317 4248 3453 4304 dex-

1868 4327 2017 4376 teras
2047 4323 2181 4379 dare
2224 4328 2479 4395 veritati;
2524 4332 2842 4404 quicunque
2887 4340 3031 4392 enim
3075 4341 3339 4397 obediunt
3375 4345 3450 4412 ei,

1869 4411 2121 4467 videntur
2150 4417 2370 4485 quidem
2411 4421 2517 4476 sibi
2566 4424 2771 4494 aliquid
2812 4430 3002 4497 gratia:
3030 4432 3284 4490 conferre
3318 4435 3450 4504 Deo,

1872 4518 2037 4573 porro
2058 4514 2241 4561 autem
2271 4510 2377 4579 ipsi
2409 4513 2479 4566 ab
2502 4529 2567 4568 eo
2595 4514 2799 4571 donum
2822 4522 3023 4575 summi
3047 4527 3295 4581 muneris
3317 4544 3451 4584 con-

1870 4606 2175 4666 sequuntur
2197 4600 2427 4669 justitiae
2449 4605 2569 4673 ejus
2603 4608 2814 4665 semitis
2849 4612 3185 4675 incedentes.
3218 4618 3451 4692 Propter

1871 4687 2021 4757 quod
2053 4690 2290 4758 primum
2334 4704 2418 4749 est
2446 4698 2715 4760 omnium,
2746 4701 3020 4771 justitiam
3054 4705 3149 4763 Dei
3191 4687 3450 4781 regnum-

1867 4796 1975 4851 que
2016 4785 2136 4854 ejus
2176 4787 2556 4859 inquirere“;
2594 4793 2869 4862 justitiam
2914 4801 3135 4869 quidem
3190 4813 3252 4858 ut
3299 4816 3449 4863 recte

1868 4890 2030 4945 agere
2060 4878 2379 4946 doceamur,
2413 4901 2643 4955 regnum
2684 4904 2834 4955 vero,
2869 4898 2930 4945 ut
2958 4909 3080 4963 quae
3119 4896 3192 4951 sit
3231 4914 3445 4957 merces

1864 4969 2041 5036 posita
2087 4972 2292 5028 laboris
2342 4984 2398 5030 et
2446 4978 2720 5046 patientiae
2763 4985 3098 5051 noverimus,
3132 4989 3187 5043 in
3222 5006 3332 5060 quo
3360 5001 3447 5047 est

1868 5060 2029 5116 bonis
2068 5065 2293 5133 quidem
2335 5076 2667 5125 aeternorum
2720 5070 2987 5129 bonorum
3044 5084 3441 5146 remuneratio,

1868 5152 1955 5205 his
1983 5164 2186 5222 autem,
2213 5159 2307 5227 qui
2342 5168 2534 5215 contra
2568 5163 2903 5220 voluntatem
2936 5166 3031 5223 Dei
3064 5171 3296 5240 egerint,
3340 5188 3443 5243 pro

1862 5245 2295 5318 uniuscujusque
2321 5253 2492 5321 gestis
2516 5269 2800 5324 pugnarum
2844 5256 3004 5329 digna
3022 5262 3317 5321 restitutio.
3341 5264 3441 5321 llic

1864 5351 2016 5406 ergo,
2048 5338 2151 5394 hoc
2182 5349 2266 5395 est
2309 5344 2364 5398 in
2414 5350 2668 5415 praesenti
2707 5351 2813 5403 vita
2854 5352 3064 5420 positos
3093 5364 3309 5423 oportet
3338 5374 3439 5413 vos

1865 5440 2166 5496 agnoscere
2197 5433 2532 5489 voluntatem
2556 5437 2672 5501 Dei,
2703 5440 2796 5493 ubi
2828 5452 2882 5494 et
2914 5442 3105 5511 agendi
3138 5444 3293 5500 locus
3327 5456 3433 5501 est.

1090 5574 1539 5663 qqa’elseqquntur
1566 5587 1578 5622 :
1610 5570 1853 5663 Aliorum
1884 5591 2001 5663 vero
2027 5607 2096 5617 -
2131 5582 2457 5663 permittitur
2484 5585 2688 5663 ratione
2716 5586 3169 5663 desideranturin
3192 5602 3422 5663 utroque

171 5619 549 5730 Lipss.
616 5627 657 5657 ¹⁹
679 5626 719 5678 ll
748 5632 874 5684 (lor.
900 5647 978 5697 χι,
999 5633 1085 5688 14.
1108 5619 1123 5634 ⁸
1150 5636 1194 5666 ²⁰
1215 5619 1369 5702 Quiut
1400 5619 1822 5696 siévmuneribus
1843 5619 2698 5725 pgriuanu'li'{{ZIHTé'guhTL'F'iB
3116 5619 3421 5719 ¹¹ἶῖ¹ῗιῖξῗῖἶῖἶ

179 5706 259 5755 vt,
292 5690 382 5744 35.

338 5782 607 5849 Parnm.
644 5788 755 5850 Gn.
799 5790 846 5851 Ι.

2991 5816 3069 5876 LO
