3890 6192
334 5644 337 5647 -
437 5604 666 5677 missio;
688 5604 851 5657 αὑτοῦ
881 5604 1341 5677 μαρτυζορμενος.

434 268 573 328 1159

1282 268 1340 325 S.
1376 268 1777 329 CLEMENTIS
1810 272 1831 328 Ι
1864 268 2031 328 ROM.
2072 267 2270 326 PONT.
2307 268 2535 327 OPEBA
2569 267 2792 324 DUBIA.

3537 269 3676 327 1189

430 385 568 441 Nam
602 383 648 440 si
679 383 805 453 quis
835 381 968 437 velit
988 382 1101 455 (7i)
1139 394 1430 455 antequam
1468 394 1625 442 actus
1662 402 1793 441 suos
1824 400 2009 441 emen—
2039 386 2084 446 Α
2116 384 2279 453 positi
2328 382 2599 448 veritatis,
2634 396 2822 437 verum
2852 380 3173 452 prophetam
3212 381 3458 437 invenire
3494 386 3676 453 possi-

432 479 546 538 det,
598 474 665 530 de
717 475 804 529 his
847 476 1129 545 requirere
1182 493 1303 547 qua:
1343 493 1453 531 non
1503 485 1683 548 potest
1730 477 2003 539 invenire,

432 570 599 621 stulta
628 578 681 623 et
703 565 946 620 ineﬂicax
980 566 1086 621 erit
1111 567 1492 637 hujuscemodi
1520 571 1820 639 inquisitio.
1847 567 2007 622 Tem—

430 675 533 728 pus
583 658 729 713 enim
774 658 941 713 breve
993 666 1099 723 est,
1149 666 1205 715 et
1253 659 1521 729 judicium
1572 660 1667 715 Dei
1726 669 2005 731 gestorum

431 768 595 807 causa
621 761 835 821 agetur,
864 768 971 805 non
1002 753 1388 821 quaestionum.
1416 752 1651 825 Ideoque
1669 763 1795 810 ante
1824 755 2006 808 omnia

430 843 533 896 hoc
566 857 899 911 quzeramus,
933 843 1063 913 quid
1090 857 1212 905 nos,
1240 850 1338 897 aut
1371 844 1607 914 qualiter
1635 858 1797 914 agere
1843 859 2005 915 opor-

430 942 561 991 teat.
596 944 653 987 ut
680 943 940 988 mternam
975 935 1141 988 vitam
1169 936 1430 1005 consequi
1457 951 1788 991 mereamur.

500 1024 640 1078 XXI.
684 1023 815 1077 Nam
863 1025 908 1077 si
938 1025 1196 1095 exiguum
1226 1026 1331 1080 hoc
1360 1026 1485 1080 vita:
1516 1035 1729 1096 tempus
1763 1042 1859 1097 per
1887 1026 2005 1080 ina-

430 1132 527 1171 nes
556 1131 889 1186 occupemus
918 1126 971 1170 et
1013 1116 1234 1172 inutiles
1263 1117 1619 1188 quaestiones,
1665 1118 1857 1173 inanes
1886 1119 2005 1174 sine

429 1208 598 1263 dubio
643 1217 697 1263 et
746 1208 908 1261 vacui
959 1209 1030 1263 ab
1080 1210 1341 1280 Operibus
1389 1209 1551 1266 bonis
1598 1224 1887 1281 pergemus
1937 1210 2004 1265 ad

430 1299 621 1363 Deum,
649 1298 741 1352 ubi
768 1298 1126 1367 judicium",
1159 1308 1217 1353 ut
1250 1298 1385 1364 dixi,
1425 1314 1651 1370 operum
1684 1308 2002 1354 nostrorum

431 1388 539 1443 lict.
571 1386 921 1458 Unaquaeque
955 1390 1157 1444 etenim
1188 1405 1277 1446 res
1310 1405 1473 1445 suum
1500 1398 1718 1461 tempus
1760 1391 1922 1445 habet
1950 1400 2005 1446 et

428 1476 629 1531 locum.
654 1473 892 1545 Operum
927 1476 1015 1530 hic
1044 1477 1221 1543 locus,
1254 1479 1357 1534 hoc
1383 1487 1601 1551 tempus
1627 1488 1711 1535 est
1742 1481 2002 1536 saeculum

431 1569 695 1621 t'uturum.
720 1565 797 1622 Ne
826 1582 957 1639 ergo
988 1569 1351 1639 impediamur
1389 1571 1637 1626 ordinem
1664 1571 1906 1626 locorum
1928 1570 2005 1629 “ac

428 1667 737 1729 temporum
782 1668 1180 1729 permutantes,
1215 1663 1391 1731 primo
1418 1678 1540 1733 qua:
1568 1664 1639 1718 sit
1666 1662 1759 1719 Dei
1787 1662 2002 1733 justitia

428 1750 797 1820 requiramus,
824 1761 881 1803 ut
903 1760 1163 1821 tanquam
1198 1730 1302 1807 iter
1328 1730 1530 1819 acturi,
1555 1730 1857 1809 abundanti
1887 1753 2002 1809 via-
2033 1730 2076 1786 Β

427 1842 539 1895 tico
583 1842 741 1897 bonis
787 1830 1048 1911 operibus
1096 1845 1425 1914 repleamur,
1473 1860 1583 1915 quo
1627 1845 1902 1916 possimus
1934 1845 2003 1901 ad

428 1946 654 2001 regnum
694 1929 809 1996 Dei,
834 1941 1092 2001 tanquam
1145 1934 1210 1986 ad
1244 1934 1434 1989 urbem
1483 1936 1778 1990 maximam
1808 1951 2001 2007 perve-

427 2020 566 2073 nire.
602 2017 745 2075 Deus
782 2023 929 2074 enim
972 2021 1081 2085 his,
1115 2021 1209 2091 qui
1254 2031 1400 2077 recte
1446 2024 1711 2088 sentiunt,
1743 2040 1841 2095 per
1883 2025 2003 2095 ipsa

427 2125 593 2180 opera
624 2110 835 2176 mundi,
868 2126 988 2182 quae
1010 2112 1139 2169 fecit
1162 2113 1489 2171 manifestus
1511 2122 1617 2181 est,
1652 2116 1828 2185 ipsius
1854 2132 2001 2173 crea-

427 2212 566 2259 turae
598 2221 712 2261 suae
740 2213 899 2262 utens
928 2207 1244 2261 testimonio
1259 2207 1327 2272 “,
1361 2217 1414 2263 et
1450 2208 1572 2264 ideo
1610 2224 1734 2265 cum
1785 2212 1853 2266 de
1890 2209 2002 2265 Deo

424 2297 697 2352 dubitatio
723 2313 846 2354 esse
881 2314 990 2353 non
1020 2297 1312 2359 debeat,de
1344 2302 1461 2355 sola
1498 2315 1646 2356 nunc
1680 2301 1801 2372 ejus
1835 2302 2001 2372 justi-

426 2388 503 2441 tia
534 2390 878 2459 requiramus
911 2399 966 2446 et
996 2405 1188 2459 regno.
1217 2389 1374 2457 Quod
1407 2394 1453 2449 si
1495 2394 1699 2465 aliquid
1739 2395 1898 2451 nobis
1931 2394 2002 2451 de

425 2482 659 2536 secretis
684 2490 738 2536 et
779 2482 1079 2538 reconditis
1122 2483 1509 2553 inquirendum
1552 2487 1794 2558 suggerit
1842 2504 1999 2544 mens

425 2579 636 2637 nostra,
670 2580 961 2644 antequam
991 2576 1059 2632 de
1086 2576 1349 2646 operibus
1372 2576 1603 2647 justitia:
1628 2580 1995 2650 requiramus,

429 2663 694 2718 rationem
732 2665 971 2721 reddere
1004 2668 1417 2739 nobismetipsis
1444 2669 1736 2737 debemus;
1779 2671 1905 2740 quia
1949 2671 1997 2726 si

427 2756 566 2810 bene
594 2765 818 2827 agentes
855 2758 1091 2813 salutem
1133 2759 1397 2830 consequi
1444 2762 1832 2827 meruerimus,
1875 2771 2000 2817 tau-

424 2860 590 2915 quam
646 2848 785 2901 casti
841 2856 897 2901 et
952 2849 1141 2904 mundi
1196 2857 1393 2906 euntes
1442 2850 1507 2905 ad
1554 2850 1728 2906 Deum
1787 2850 1997 2923 Spiritu

426 2946 621 2993 sancto
660 2940 1019 3009 replebimur,
1065 2942 1341 2997 et-omnia
1382 2957 1504 3013 quae
1551 2952 1681 2997 sunt
1706 2951 1916 2999 secreta
1943 2951 1998 3000 et

423 3027 661 3091 occulta,
702 3029 821 3084 sine
849 3030 958 3084 ulla
1008 3034 1373 3101 quaestionum
1414 3032 1759 3089 cavillatione
1804 3050 1989 3091 nosce-
2022 3064 2067 3124 ο

426 3134 571 3184 mus,
607 3135 728 3191 quae
759 3137 927 3187 nunc,
961 3124 1126 3178 etiam
1152 3124 1198 3180 si
1228 3132 1405 3179 totum
1426 3126 1549 3196 quis
1571 3126 1699 3181 vitae
1729 3142 1841 3182 sua:
1869 3135 2001 3184 tem-

428 3226 530 3279 pus
556 3211 612 3266 in
639 3212 966 3283 inquirendo
987 3226 1295 3281 consumat,
1330 3234 1439 3272 non
1470 3218 1645 3273 solum
1670 3234 1776 3273 non
1802 3221 2001 3289 poterit

428 3300 695 3369 invenire,
748 3304 844 3358 sed
884 3310 939 3359 et
994 3304 1296 3373 majoribus
1345 3321 1405 3361 se
1448 3306 1728 3362 erroribus
1770 3308 1997 3375 inseret,

426 3390 555 3459 quia
583 3405 694 3446 non
724 3407 820 3462 per
846 3392 987 3446 viam
1018 3394 1172 3463 prius
1194 3392 1424 3463 justitiaa
1450 3395 1735 3462 incedens,
1771 3396 1839 3451 ad
1870 3412 1999 3468 por-

427 3484 543 3530 tum
569 3479 697 3535 vita
717 3484 1000 3551 pervenire
1031 3484 1335 3539 contendit.

500 3569 667 3626 XXII.
706 3572 771 3625 Et
800 3582 1087 3644 propterea
1130 3574 1338 3630 suadeo
1372 3577 1550 3645 primo
1576 3577 1847 3647 justitiam
1876 3581 1996 3651 ejus

430 3662 831 3732 requirendam,
866 3673 925 3719 ut
952 3681 1048 3735 per
1090 3666 1232 3722 hanc
1273 3667 1378 3723 iter
1425 3677 1671 3739 agentes,
1715 3679 1770 3725 et
1804 3671 1859 3725 in
1906 3674 1995 3728 via

2108 490 2254 539 mus,
2281 490 2390 529 non
2435 475 2722 529 velocitate
2752 472 2973 545 pedum,
3018 473 3114 528 sed
3155 488 3381 543 operum
3435 474 3678 531 bonitate

2106 578 2428 635 currentes;
2464 574 2524 621 ut
2553 568 2670 637 ipso
2699 566 2836 621 duce
2878 566 2987 630 usi,
3021 565 3229 620 nullum
3260 565 3357 621 via:
3387 566 3558 636 hujus
3586 582 3679 637 pa-

2106 660 2308 716 tiamur
2339 674 2605 714 errorem.
2635 657 2691 713 Si
2721 657 2868 713 enim
2918 659 3099 728 ipsum
3136 666 3428 727 sequentes
3465 658 3679 727 ingredi

2106 753 2467 807 meruerimus
2498 752 2666 815 illam,
2696 766 2804 821 quo
2833 750 3115 819 pervenire
3161 750 3437 821 cupimus,
3478 750 3679 803 civita-

2106 847 2237 907 tem,
2261 842 2445 896 omnia
2464 842 2577 911 jam
2618 841 2685 897 de
2707 841 2914 911 quibus
2950 840 3234 910 quaeritur,
3266 841 3441 896 oculis
3475 842 3679 896 videbi-

2106 946 2248 997 mus,
2298 940 2559 1003 tanquam
2606 931 2850 986 haaredes
2890 930 3133 985 omnium
3186 930 3335 987 facti.
3383 931 3680 1002 lntelligite

2106 1024 2287 1094 itaque
2311 1024 2457 1077 viam
2484 1038 2606 1079 esse
2633 1022 2779 1076 hunc
2808 1020 2935 1076 vita:
2979 1030 3182 1077 nostrae
3220 1038 3469 1089 cursum,
3505 1024 3682 1078 viato-

2106 1131 2196 1170 res
2243 1130 2361 1179 eos,
2412 1115 2506 1185 qui
2553 1114 2696 1168 bona
2749 1126 2915 1181 Opera
2950 1119 3168 1182 gerunt,
3225 1123 3435 1182 portam
3482 1128 3680 1169 verum

2105 1212 2443 1279 prophetam,
2468 1207 2535 1261 de
2576 1220 2687 1277 quo
2716 1204 2973 1270 dicimus,
3014 1203 3205 1259 urbem
3250 1220 3475 1275 regnum
3527 1220 3678 1272 esse,

2104 1299 2159 1354 in
2186 1313 2293 1369 quo
2319 1297 2523 1353 residet
2552 1295 2900 1366 omnipotens
2942 1304 3115 1365 pater,
3142 1310 3302 1365 quem
3343 1296 3448 1349 soli
3487 1296 3682 1351 videre

2105 1396 2333 1461 possunt
2355 1388 2409 1443 hi
2437 1388 2533 1459 qui
2569 1387 2772 1442 mundo
2807 1393 2936 1441 sunt
2972 1386 3136 1441 corde
3154 1387 3220 1440 “.
3262 1384 3381 1440 Non
3412 1395 3545 1457 ergo
3579 1404 3682 1443 no-

2103 1484 2189 1539 bis
2216 1481 2449 1535 dillicilis
2481 1479 2731 1535 videatur
2772 1478 2935 1548 hujus
2984 1478 3200 1533 itineris
3233 1478 3408 1543 labor,
3450 1479 3587 1549 quia
3626 1480 3679 1533 in

2104 1576 2210 1630 line
2250 1576 2371 1644 ejus
2395 1572 2614 1643 requies
2651 1571 2759 1627 erit
2779 1571 2861 1639 ";
2906 1586 3031 1625 nam
3074 1580 3127 1626 et
3184 1569 3301 1639 ipse
3340 1585 3502 1624 verus
3552 1586 3683 1640 pro-

2104 1668 2267 1739 pheta
2294 1667 2362 1722 ab
2386 1666 2541 1721 initio
2570 1663 2757 1719 mundi
2787 1679 2883 1733 per
2909 1661 3169 1718 szeculum
3184 1675 3413 1716 currens
3447 1659 3682 1715 festinat

2107 1760 2175 1815 ad
2198 1759 2464 1829 requiem.
2480 1755 2649 1810 Adest
2672 1755 2819 1810 enim
2845 1754 3005 1809 nobis
3025 1753 3282 1808 omnibus
3300 1752 3517 1816 diebus,
3545 1763 3606 1807 et
3631 1752 3683 1807 si

2103 1845 2325 1918 quando
2350 1860 2578 1900 necesse
2606 1852 2691 1899 est
2725 1852 2947 1913 apparet
2988 1852 3043 1899 et
3070 1843 3297 1914 corrigit
3341 1858 3463 1907 nos.
3489 1851 3551 1896 ut
3577 1843 3684 1897 oh-

2103 1944 2467 2008 temperantes
2498 1936 2604 1991 sibi
2628 1935 2697 1989 ad
2740 1937 2903 1990 vitam
2932 1934 3194 2008 perducat
3232 1942 3515 1989 aeternam.
3562 1934 3682 1989 Mea

2103 2042 2235 2098 ergo
2267 2028 2372 2082 ista
2405 2026 2677 2083 sententia
2707 2032 2815 2086 est.
2855 2027 2999 2082 sicut
3026 2033 3082 2082 et
3125 2040 3252 2081 vero
3286 2026 3570 2096 prophetae
3598 2027 3684 2080 vi-

2101 2136 2224 2178 sum
2283 2129 2387 2185 est,
2448 2126 2509 2174 ut
2557 2119 2738 2190 primo
2779 2120 2846 2175 de
2882 2119 3097 2188 justitia
3134 2120 3465 2189 requiratur,
3491 2118 3567 2175 ab
3593 2119 3682 2173 his

2101 2213 2338 2268 maxime
2379 2211 2473 2283 qui
2506 2210 2677 2267 Deum
2736 2226 2795 2267 se
2840 2226 3006 2267 nosse
3046 2210 3389 2282 proﬁtentur.
3441 2208 3496 2264 Si
3545 2225 3683 2281 ergc

2101 2303 2266 2360 habet
2291 2303 2492 2374 aliquis
2516 2302 2664 2374 quod
2692 2317 2817 2358 esse
2846 2302 3052 2357 rectius
3084 2310 3256 2373 putet,
3286 2302 3436 2356 dicat
3460 2309 3516 2355 et
3549 2315 3683 2355 cum

2100 2394 2300 2451 dixerit
2322 2395 2529 2459 audiat,
2558 2393 2654 2450 sed
2677 2409 2803 2449 cum
2837 2393 3103 2465 patientia
3128 2402 3183 2449 et
3209 2393 3412 2464 quiete.
3443 2391 3686 2463 Propter

2099 2488 2203 2543 hoc
2230 2486 2377 2543 enim
2422 2486 2494 2542 ab
2538 2486 2718 2550 initio,
2750 2486 3097 2542 salutationis
3123 2485 3303 2557 specie
3323 2484 3437 2557 (72)
3481 2499 3685 2555 pacem

2098 2578 2314 2635 cunctis
2346 2586 2604 2649 precatus
2636 2592 2779 2633 sum.

2172 2668 2359 2725 XXIII.
2397 2669 2479 2723 Ad
2517 2670 2631 2724 haec
2663 2665 2853 2721 Simon
2894 2666 3212 2739 respondit:
3244 2664 3355 2723 Nos
3398 2682 3536 2737 pace
3583 2675 3685 2721 tua

2098 2776 2238 2834 opus
2268 2778 2376 2817 non
2409 2762 2707 2826 habemus,
2740 2760 2786 2817 si
2816 2761 2963 2817 enim
2996 2776 3100 2830 pax
3153 2761 3224 2816 sit
3252 2768 3309 2815 et
3337 2762 3683 2825 concordia,

2099 2851 2167 2906 ad
2186 2851 2568 2907 inveniendam
2588 2849 2875 2905 veritatem
2901 2848 3041 2903 nihil
3058 2848 3321 2919 proﬁcere
3348 2846 3683 2917 poterimus;

2097 2942 2301 2998 habent
2335 2943 2480 2997 enim
2514 2941 2657 2996 inter
2686 2956 2745 2996 se
2773 2954 2963 3010 pacem
2991 2947 3044 2996 et
3072 2940 3312 2994 latrones
3334 2980 3349 3003 ,
3381 2948 3436 2994 et
3461 2948 3687 2995 scorta-

2098 3040 2270 3097 tores,
2304 3040 2359 3088 et
2384 3031 2566 3088 omnis
2596 3031 2843 3102 nequitia
2870 3046 2996 3085 cum
3029 3031 3320 3101 semetipsa
3348 3030 3681 3086 concordat.

2100 3132 2156 3180 et
2185 3140 2285 3180 nos
2327 3138 2458 3194 ergo
2489 3124 2533 3177 si
2566 3122 2636 3177 ob
2668 3123 2771 3177 hoc
2797 3122 3156 3178 convenimus
3176 3160 3191 3184 ,
3227 3131 3286 3174 ut
3314 3120 3469 3191 pacis
3506 3135 3685 3175 causa

2098 3217 2354 3272 omnibus
2379 3230 2500 3286 quae
2527 3215 2786 3270 dicuntur
2817 3216 3156 3313 pgaebeamus
3188 3229 3497 3277 assensum,
3542 3215 3687 3270 nihil

2099 3305 2446 3361 auditoribus
2477 3304 2865 3372 conferemusf
2886 3305 2979 3361 sed
3009 3321 3039 3360 e
3065 3305 3342 3359 contrario
3370 3304 3555 3359 illusis
3578 3306 3683 3370 eis,

2099 3413 2201 3453 nos
2235 3397 2397 3451 amici
2428 3397 2796 3455 discedemus.
2829 3396 3061 3468 Propter
3096 3396 3238 3467 quod
3272 3396 3384 3451 noli
3421 3397 3689 3453 invocare

2100 3506 2314 3562 pacem,
2339 3489 2435 3546 sed
2465 3491 2641 3561 magis
2673 3506 2909 3561 pugnam
2942 3501 3168 3544 matrem
3189 3489 3331 3559 ejus.
3369 3496 3425 3543 et
3449 3489 3496 3543 si
3524 3502 3689 3560 potes

2101 3596 2356 3651 expugna
2387 3596 2629 3638 errores.
2673 3581 2785 3636 Nec
2816 3581 3066 3652 requiras
3110 3580 3408 3634 amicitiam
3455 3570 3690 3649 injustis

2101 3672 2571 3729 assentationibus
2602 3681 2811 3744 partam
2837 3692 2852 3741 ;
2874 3674 2979 3727 hoc
3003 3673 3145 3728 enim
3170 3681 3295 3727 ante
3324 3673 3512 3726 omnia
3537 3675 3691 3728 seire

530 3800 576 3878 ξ’
619 3796 719 3878 U_bi
760 3800 1360 3878 judiciumfepervenire
1391 3817 1512 3878 no_n_
1555 3803 1808 3878 leguntur
1842 3804 1897 3857 in
1931 3814 2164 3878 utroque
2212 3809 2371 3864 codd.
2433 3808 2613 3878 Lipss.
2692 3809 2739 3842 ’³
2778 3807 2936 3863 Rom.
2984 3825 3025 3871 ι,
3068 3808 3158 3863 20.
3234 3808 3279 3839 "
3319 3806 3511 3864 Matth.
3544 3826 3602 3877 ν,
3627 3811 3686 3866 8.

430 3870 475 3901 ’⁸
512 3868 729 3940 Requies
758 3868 879 3926 erit.
902 3868 1349 3943 Pergit’uterque
1377 3872 1536 3928 codd.
1566 3868 1743 3943 Lipss.
1776 3874 1889 3927 ita:
1922 3874 2044 3930 Mea
2077 3868 2201 3951 ergo
2225 3881 2331 3934 ista
2357 3888 2435 3934 est
2465 3868 2745 3935 sententia.
2777 3878 2837 3933 Si
2864 3868 3137 3948 ergo,'etc.

1710 4006 2077 4065 COTELERII
2109 4008 2342 4067 ΝΟΤΑΕ.

499 4138 612 4207 (Ἡ)
652 4135 797 4213 Nam
819 4139 866 4193 si
885 4140 1001 4213 quis
1030 4140 1173 4206 velit,
1207 4148 1316 4213 etc.
1350 4141 1428 4196 Ex
1458 4142 1545 4197 his
1571 4144 1859 4199 observavi
1892 4148 1991 4203 de-

431 4215 699 4285 sumptam
715 4209 884 4285 fuisse
896 4209 1191 4285 epistolam
1208 4210 1313 4285 Nili,
1326 4213 1394 4266 ad
1414 4213 1714 4285 Asclepium
1730 4233 1995 4285 gramma-

429 4281 618 4348 ticum,
657 4277 993 4334 Possiniana:
1020 4282 1276 4338 editionis
1306 4283 1430 4348 5l5,
1454 4277 1751 4338 Alla'tianai
1767 4286 1857 4347 24.
1893 4289 1990 4343 lib.

2105 4157 2249 4195 nem.
2290 4139 2394 4195 Sed
2421 4147 2477 4193 et
2517 4139 2598 4209 (ut
2638 4151 2809 4208 pauca
2843 4134 2909 4189 de
2948 4132 3132 4209 multis
3171 4130 3384 4209 dicam).
3408 4128 3517 4209 Nili
3564 4131 3693 4209 epit-

2106 4212 2245 4266 stola
2276 4211 2365 4275 52,
2394 4210 2488 4262 lib.
2524 4202 2561 4273 ἰ,
2608 4202 2691 4262 est
2736 4206 3001 4260 sententia
3050 4202 3302 4275 Gregorii
3342 4202 3689 4275 Naziauseni

2054 4324 2067 4339 .
2104 4291 2243 4335 orat.
2290 4273 2379 4342 2i,
2416 4295 2469 4349 p.
2516 4278 2656 4343 382,
2684 4278 2761 4342 A;
2808 4284 2861 4349 at
2898 4275 3004 4327 254
3050 4274 3207 4349 epist.
3257 4273 3503 4349 ejusdem
3558 4273 3687 4349 libri

430 4365 487 4404 In
518 4365 529 4399 :
562 4347 685 4431 ’βὰν
705 4351 809 4431 πρξ
830 4349 936 4431 τῶν
952 4350 1171 4431 ᾲγαρῶν
1186 4343 1434 4431 πρᾴξςων
1456 4343 2008 4431 ζητῶμενςητῄματά

2104 4343 2467 4431 expressae“
2485 4364 2549 4431 ex
2582 4346 2902 4431 ιτεηεεένίυ·
2932 4343 3195 4431 μεριξ-ἕν
3215 4343 3506 4431 2:1?»38:
3535 4344 3687 4431 ei"?!

426 4436 549 4494 τινα
566 4412 812 4494 ἀνω-φελῆ
833 4421 929 4494 καὶ
950 4412 1240 4494 ανειξρεταξ
1251 4412 1328 4485 ὡξ
1345 4412 1544 4494 ἐνδεὲῗς
1560 4412 2007 4494 φρενόῗίπάανώ-

2104 4412 2465 4494 Epiphanium
2499 4420 2689 4494 haeres.
2738 4417 2828 4494 3i,
2862 4432 2913 4468 ιι.
2945 4412 3177 4494 _16,_l7.
3214 4413 3513 4492 Epistulam
3552 4428 3688 4494 vero

476 4490 697 4567 aduocat
741 4489 1145 4567 ἐγεδρευόμιθα.
1295 4510 1353 4567 re
1394 4493 1509 4567 frdp
1541 4489 1772 4567 ὲξὰστῼυ
1817 4497 2007 4567 χρόνος

476 4507 570 4541 ‘ua.
607 4507 697 4542 και
741 4507 855 4543 ενεο
894 4507 1145 4561 ευομευα.
1224 4507 1264 4545 υ
1295 4510 1353 4545 τε
1402 4507 1509 4563 γαρ
1541 4507 1772 4547 εκαστου
1817 4507 2000 4567 χρόνος

430 4507 790 4635 ἕξαχὺςκκαὶ
827 4508 891 4635 τε
917 4560 1196 4635 κρξνξσθαι
1230 4562 1360 4635 ἡμῖν
1390 4564 1505 4635 ὲ-στι
1542 4564 1897 4635 περιέργων,
1938 4568 2000 4620 οὐ

429 4627 560 4707 eripi.
581 4627 833 4707 yvtbcetoc;
866 4627 1210 4707 despair]:wa
1246 4627 1335 4707 ἐξιὸ
1366 4633 1439 4707 μὴ
1462 4627 2003 4707 καταλείψὼμενςη-

426 4701 563 4761 τείν,
598 4698 651 4750 τί
673 4700 778 4820 χρέ
813 4698 1143 4770 ποιήσανιέας
1174 4698 1317 4771 ζωῆς
1343 4698 1559 4755 αἰώνιον
1579 4698 1789 4773 τυχέῖνξ
1812 4706 1875 4757 Εἰ

428 4768 744 4820 ἀπασγοληθ
780 4786 897 4820 ντες
918 4771 1009 4820 τὸν
1045 4770 1249 4820 ϐοανὺν
1276 4772 1466 4820 γοόνον
1488 4775 1567 4820 sic
1595 4774 1889 4820 δυσεύοετα
1910 4793 1980 4820 κα

428 4768 897 4849 ᾲπασχρῇηθκέντςς
918 4768 1009 4823 τὸν
1044 4770 1249 4849 ﬁgatbe
1275 4768 1466 4849 χρόνον
1488 4775 1567 4849 ei;
1595 4768 1980 4849 ouaedpe'ra_3_cd

429 4838 680 4926 ambo-eli]
703 4838 1014 4926 ματα
1038 4838 1161 4926 ἐτ’ὰξή
1175 4838 1183 4840 ’
1197 4842 1229 4910 ἡ
1238 4838 1407 4926 tisi-3a;
1448 4842 1542 4926 τρῦ
1583 4861 1658 4896 πα
1661 4838 1873 4926 ρόνέος.
1887 4845 1916 4915 β
1914 4846 2002 4926 Eoo

429 4909 863 4978 καταδαπανήσω
910 4926 996 4990 εν,
1035 4909 1435 5000 ἐνεδρευθέντες
1467 4912 1609 4982 ἅπερ
1647 4909 1817 4983 ὁμεθα
1850 4909 2005 4969 ἐνθεν

430 4980 615 5034 κεναῖς
650 4977 825 5034 γερσί.
858 4926 923 5031 Et
957 4979 1097 5032 infra
1123 4996 1135 5030 :
1188 4981 1432 5033 Εκαστον
1463 4981 1572 5034 γὰο
1591 4932 1718 5034 τέων
1749 4984 1861 5034 Eva:
1881 5002 2003 5034 και-

430 4980 615 5039 κεναῖς
650 4977 825 5048 χερσί.
858 4977 923 5031 Et
957 4979 1103 5063 infra,
1123 4996 1135 5030 :
1159 4977 1432 5060 "Exaaroy
1463 4977 1718 5053 γὰρ’ῖξιόν
1749 4984 1861 5053 ἔχει
1881 5002 2003 5038 και-

434 5047 548 5117 ρὸν,
580 5046 642 5100 τὸ
663 5047 930 5117 πράττειν
960 5049 1028 5101 τὰ
1056 5048 1238 5102 δικαια
1262 5050 1514 5113 ὲνταυθα,
1546 5051 1607 5104 τὸ
1626 5053 1681 5105 δὲ
1713 5053 2005 5109 ἀπολαὼίν

434 5047 548 5117 ρὸν,
580 5047 642 5100 τὸ
670 5047 930 5117 πράττειν
960 5049 1028 5101 τὰ
1056 5048 1238 5102 δίκαια
1262 5047 1514 5113 ἐνταῦθα,
1541 5047 1607 5104 Ψτὺ
1626 5053 1681 5105 δὲ
1713 5047 2003 5109 ὰτὲὸλαὸεἰν

429 5116 1060 5207 ξὴγρξιξεὲετῖῆδφῖίξςνὲγ
1193 5118 1451 5207 είέλλοντίι,
1471 5121 1643 5207 awar-
1810 5122 1902 5207 οὖν
1927 5126 2003 5196 μὴ

432 5186 831 5258 ὲνίεδρευθῶμεν
865 5188 1061 5257 μᾶλλον
1088 5186 1556 5261 τῆν’δικαιοσὺνην
1587 5186 2005 5264 ὶχνεΰσωμέν’τέ

432 5257 529 5331 καὶ
558 5255 878 5331 ττιρςιίξῳει..ι;κ.ςἱ
911 5258 1059 5331 ὅπιρς
1096 5258 1357 5331 καθᾲπερΑ
1389 5260 1530 5331 τινὲς
1566 5261 1835 5315 κάλλιστοι
1865 5264 2004 5317 ὁδοι-

434 5326 615 5402 ςξόροι;
639 5326 733 5402 καὶ⁹
758 5326 942 5394 ἐφόδια
966 5327 1073 5402 ’Ξῶν
1095 5326 1701 5402 ἀχαθῷνξβαςξτ-άσαντες
1732 5331 2002 5402 πράξεων,

436 5394 626 5468 eam?
656 5398 752 5468 ei;
771 5414 889 5449 τινα
916 5396 1068 5468 nam
1094 5394 1158 5450 ἐδ
1189 5398 1284 5451 τοῦ
1303 5394 1435 5451 Θεοῦ
1459 5399 1727 5468 βασίλειον
1755 5394 2007 5457 ε’ῐσέλθωὲ

439 5466 664 5545 μξνηςθ
690 5466 798 5545 γᾴρ
827 5484 907 5519 τοι
934 5466 1065 5545 Θερς
1094 5469 1205 5530 τοῖς
1238 5466 1655 5545 εὐχνῳμὸνοῦσι,
1798 5471 1894 5545 τὸν
1913 5474 2005 5527 ὑπ’

436 5536 603 5587 αὐτοῦ
628 5536 916 5613 γενρμενον
952 5537 1175 5606 κόσμον,
1214 5536 1476 5660 «magis;
1503 5540 1651 5593 ἐστιν
1684 5541 1789 5593 ὑπὸ
1825 5542 2007 5614 πάσης

437 5604 666 5666 κτίσεως
688 5604 851 5657 αὑτοῦ
882 5608 1341 5666 μαρτυρούμενος.
1422 5610 1499 5661 ari
1532 5610 1689 5663 modo
1716 5612 2004 5666 epistolam

443 5624 666 5666 κτισεως
688 5624 851 5657 αυτου
881 5624 1341 5677 μαρτυρουμενος,
1378 5624 1499 5661 rari
1532 5624 1689 5663 mooo
1716 5624 2004 5679 epistulam

443 5673 514 5722 ad
544 5669 811 5743 {mortem
833 5684 1110 5743 acceptam
1138 5675 1306 5732 fuisse
1331 5693 1359 5730 a
1390 5678 1591 5732 Basilio
1613 5680 1789 5734 edocti
1815 5697 2005 5738 sumus

438 5757 535 5808 per
568 5740 871 5798 Emericum
914 5740 1177 5817 Bigetium
1212 5748 1425 5804 eximiae
1458 5750 1779 5806 eruditionis
1827 5752 2003 5807 homi-

2102 4481 2228 4553 ἳιίἳξ
2259 4489 2326 4543 ad
2350 4490 2573 4543 verbum
2602 4490 2744 4556 leges
2773 4488 2826 4539 in
2858 4485 3046 4556 eodem
3072 4481 3271 4556 [renati
3299 4484 3475 4556 capite
3498 4498 3553 4551 p.
3577 4482 3687 4535 537

2102 4558 2165 4625 Β,
2193 4560 2451 4629 Epiplian.
2488 4574 2540 4611 n.
2578 4553 2678 4611 24ῖ
2696 4556 2815 4611 Jam
2844 4555 2968 4629 libri
3001 4554 3309 4629 utepistola
3342 4558 3400 4629 (ξ,
3438 4553 3687 4629 formata

2102 4629 2207 4684 fuit
2238 4625 2309 4684 ei
2353 4629 2536 4683 Basilii
2585 4630 2705 4682 loco
2744 4641 2906 4696 quem
2958 4625 3216 4696 inhisce
3263 4625 3410 4696 no_tis
3452 4625 3681 4696 protuli.

2101 4701 2278 4769 Atque
2299 4701 2525 4769 epistola
2546 4699 2615 4751 ad
2642 4692 2917 4752 Chionium
2939 4693 3101 4769 verba
3132 4694 3294 4769 habet
3315 4692 3504 4769 Basilii
3531 4696 3688 4769 ejus-

2102 4764 2225 4824 dem
2279 4764 2498 4823 humilia
2552 4770 2620 4821 15
2670 4765 3038 4822 exhortatoria
3090 4765 3157 4817 ad
3209 4764 3580 4831 baptismum,
3625 4766 3685 4817 in

2100 4842 2226 4894 line.
2249 4838 2356 4893 Nili
2383 4848 2528 4893 certe
2553 4854 2659 4893 non
2687 4852 2872 4907 paucae
2898 4834 3171 4907 epistolas;
3204 4834 3387 4887 forsan
3422 4849 3530 4907 non
3548 4834 3689 4907 _sine

2100 4910 2312 4977 fraude,
2359 4917 2454 4963 aut
2504 4902 2704 4963 salleni
2736 4902 3358 4977 errore'Graeculprum.
3412 4902 3689 4977 Conferas

2099 4981 2264 5034 etiam
2297 4973 2457 5034 velim
2484 4980 2629 5033 illam
2662 4977 2762 5031 190
2804 4978 2897 5030 lib.
2940 4991 2977 5029 ιι
3015 4989 3139 5028 cum
3171 4973 3198 5043 §
3238 4975 3337 5026 ult.
3363 4973 3688 5044 epistolaris

2100 5050 2343 5118 Dionysii
2372 5048 2964 5118 pseudo-Areopagitae,
2994 5046 3059 5098 de
3089 5044 3287 5111 Carpo.

2166 5114 2285 5192 ,(72)
2317 5114 2666 5192 salutationis
2712 5114 2912 5192 specie,
2956 5129 3136 5184 pacem
3177 5114 3381 5192 cunctis
3428 5125 3687 5192 precatus

2099 5182 2237 5246 sunt.
2266 5182 2349 5244 'Ad
2388 5188 2576 5242 Matth.
2609 5205 2674 5252 x,
2707 5182 2796 5251 Η,
2826 5182 3189 5254 Hieronymus
3221 5201 3235 5234 :
3277 5182 3498 5237 Occulta
3532 5188 3691 5237 salu-

2101 5262 2350 5315 tationem
2380 5258 2593 5313 Hebrazi
2622 5275 2685 5311 ac
2734 5256 2860 5326 Syri
2906 5255 3160 5326 sermonis
3199 5258 3487 5323 expressit.
3525 5255 3686 5320 Quod

2098 5334 2238 5387 enim
2283 5330 2461 5384 Grates
2497 5329 2695 5381 dicitur
2722 5323 2901 5397 χαῖρε,
2934 5336 2984 5378 et
3029 5323 3213 5376 Latine
3256 5329 3402 5390 Ave,
3437 5327 3537 5379 hoc
3572 5326 3687 5379 He-

2102 5428 2281 5482 braico
2311 5426 2547 5499 Syroque
2568 5442 2805 5503 sermone
2832 5425 3132 5495 appellatur
3162 5433 3293 5503 πω
3314 5408 3474 5483 m’m
3496 5425 3693 5480 Salom

2104 5519 2245 5583 (ach,
2273 5520 2378 5573 sive
2422 5503 2487 5577 ’ἡ
2528 5502 2699 5583 Dabar,
2742 5516 2798 5570 id
2849 5526 2950 5581 est,
3005 5531 3107 5585 pax
3158 5524 3364 5569 tecum.
3402 5514 3529 5582 Quo
3587 5515 3693 5570 loci

2105 5612 2163 5668 in
2184 5611 2375 5665 codice
2392 5609 2558 5681 Regio
2576 5610 2703 5681 230,
2735 5610 2936 5665 litteris
2962 5606 3308 5681 solummodo
3331 5604 3562 5681 Latinis
3593 5622 3692 5681 ex-

2106 5690 2315 5736 aratum
2359 5675 2612 5745 habétur,
2654 5680 2805 5736 chere
2840 5688 2890 5735 et
2933 5677 3205 5750 appellant
3239 5675 3558 5733 Salomlach
3588 5678 3694 5732 sive

2109 5750 2470 5807 Salamalach.
