3890 6192
229 308 356 367 {261

1427 313 1995 375 RECOGNITIONUM
2034 320 2163 377 LIB.
2201 319 2262 374 II.

3331 318 3468 374 1202

226 434 280 481 te
299 426 444 495 volo,
469 426 598 497 quia
624 426 843 484 duobus
871 427 1014 483 inter
1042 442 1102 484 se
1123 428 1514 487 dimicantibus
1541 438 1673 487 tunc
1694 433 1800 488 erit
1828 439 1876 495 Α
1902 434 2149 507 Intelligo
2191 436 2463 491 versutias
2490 440 2645 500 tuas;
2676 433 2759 490 vis
2791 433 2936 488 enim
2967 434 3066 487 tibi
3093 448 3157 487 ea
3196 433 3313 509 ipse
3341 450 3475 504 pro-

221 533 361 587 pax,
395 533 521 573 cum
553 521 692 575 alter
720 519 983 575 ceciderit
1020 531 1349 590 superatus;
1379 529 1434 576 et
1465 523 1587 577 ideo
1619 540 1796 594 pugna

225 616 285 663 ut
314 618 503 679 potes,
530 626 633 665 nec
656 613 907 682 requiras
938 626 1126 682 pacem
1149 613 1269 668 sine
1298 613 1441 668 bello
1462 654 1477 680 ,
1509 615 1655 684 quod
1695 616 1798 669 im-

223 700 488 770 possibile
512 710 620 766 est,
652 711 746 757 aut
776 704 822 758 si
854 712 1035 773 potest
1064 704 1202 768 fieri,
1236 704 1484 761 ostende.

292 793 484 850 XXIV.
526 794 610 848 Ad
640 795 755 850 haec
785 795 981 851 Petrus
1008 816 1021 851 :
1048 796 1324 853 Attentius
1348 799 1561 864 audite,
1595 814 1628 853 ο
1657 800 1795 868 viri,

218 900 343 954 qua:
391 885 649 941 dicimus.
704 884 981 942 Ponamus
1030 889 1296 942 mundum
1343 890 1492 945 hunc
1542 885 1803 961 campum

216 991 345 1031 esse
393 978 627 1047 aliquem
674 993 931 1048 magmun
953 1018 967 1042 ,
996 986 1050 1033 et
1092 996 1158 1034 ex
1201 981 1415 1036 duabus
1445 982 1793 1047 civitatibus,

215 1083 455 1138 quarum
503 1084 660 1139 reges
709 1069 817 1123 sibi
865 1070 1098 1125 invicem
1129 1073 1240 1126 sint
1267 1073 1560 1137 contrarii,
1593 1074 1794 1129 missos

213 1173 343 1215 esse
386 1159 635 1230 singulos
665 1160 733 1215 ad
758 1161 1127 1216 dimicandum
1163 1163 1333 1219 duces
1354 1207 1367 1231 ,
1399 1174 1453 1221 et
1484 1166 1636 1220 illum
1669 1169 1795 1237 qui-

215 1249 344 1304 dem
376 1251 504 1304 boni
536 1251 681 1321 regis
708 1252 903 1306 ducem
950 1254 1245 1308 consilium
1274 1255 1429 1320 dare,
1465 1265 1524 1310 ut
1567 1265 1796 1327 uterque

211 1339 498 1395 exercitus
528 1341 735 1409 absque
764 1343 1052 1411 sanguinis
1075 1344 1392 1413 prolusione
1414 1385 1428 1409 ,
1455 1347 1699 1401 melioris
1739 1349 1795 1402 in

212 1431 366 1501 regis
388 1431 514 1500 jura
547 1432 844 1498 concedat,
878 1448 987 1503 quo
1016 1436 1135 1489 sine
1160 1436 1406 1504 periculo
1436 1450 1626 1491 onmes
1657 1436 1793 1491 salvi

213 1523 373 1588 ﬁant,
406 1524 558 1578 illum
588 1540 720 1580 vero
749 1526 1089 1581 contrarium
1122 1528 1343 1583 dicere:
1376 1527 1521 1596 Non,
1554 1529 1648 1584 sed
1688 1544 1793 1599 pu-

209 1622 437 1686 gnetur,
464 1622 524 1670 ut
553 1631 664 1670 non
695 1617 790 1687 qui
813 1618 1013 1689 dignus
1041 1627 1160 1683 est,
1203 1621 1297 1675 sed
1326 1621 1419 1691 qui
1446 1622 1641 1677 fortior
1678 1622 1796 1691 ipse

212 1720 346 1759 cum
374 1706 459 1762 his
481 1708 575 1777 qui
603 1708 884 1763 evaserint
914 1720 1126 1781 regnet.
1152 1710 1349 1777 Quaeso
1377 1728 1498 1777 vos,
1530 1714 1661 1784 quid
1686 1729 1795 1766 ma-

210 1797 302 1868 gis
330 1798 642 1868 eligeretis?
674 1799 792 1855 Non
824 1800 1017 1857 dubito
1045 1804 1208 1873 quin,
1248 1814 1309 1858 ut
1334 1819 1460 1859 cum
1501 1806 1794 1861 incolumi-
1826 1787 1870 1843 Β

210 1897 328 1943 tate
350 1890 596 1944 omnium
622 1928 638 1955 ,
669 1892 785 1962 regi
819 1893 1035 1948 meliori
1069 1908 1264 1949 manus
1287 1893 1569 1950 darentur.
1600 1894 1667 1948 Et
1693 1910 1793 1964 ego

210 1995 369 2034 nunc
390 1996 522 2046 non,
553 1989 615 2037 ut
634 1980 829 2038 Simon
856 1985 954 2049 ait,
978 1984 1131 2054 pacis
1162 1999 1330 2039 causa
1360 2000 1647 2041 assensum
1667 1990 1793 2043 volo

208 2072 556 2127 commodari
607 2074 694 2131 his
738 2090 860 2146 qua
909 2077 1051 2131 male
1092 2075 1388 2143 dicuntur,
1432 2078 1528 2134 sed
1566 2086 1624 2133 ut
1666 2094 1789 2134 cum

206 2163 403 2235 quiete
428 2171 484 2219 et
510 2166 704 2222 ordine
734 2167 940 2224 veritas
967 2168 1304 2238 requiratur.

286 2255 455 2313 XXV.
480 2257 739 2313 Nonnulli
764 2260 909 2314 enim
942 2261 999 2315 in
1026 2261 1460 2332 disputationum
1489 2264 1793 2319 certamine

204 2346 311 2403 ubi
339 2365 580 2405 errorem
615 2368 775 2407 suum
806 2352 1083 2408 senserint
1108 2353 1383 2409 confutari
1409 2394 1424 2419 ,
1468 2370 1637 2411 causa
1669 2373 1794 2428 per-

203 2440 350 2512 fugii
367 2444 698 2500 conturbare
721 2445 989 2500 continuo
1018 2446 1308 2517 incipiunt,
1330 2455 1385 2503 et
1402 2463 1621 2505 movere
1642 2451 1791 2516 lites,

203 2548 285 2587 ne
314 2533 493 2602 palam
542 2533 635 2590 ﬁat
680 2535 937 2591 omnibus
985 2536 1133 2606 quod
1185 2546 1552 2608 superantur;
1588 2546 1641 2594 et
1666 2557 1793 2611 pro-

203 2634 401 2694 pterea
430 2640 533 2696 ego
562 2624 876 2697 frequenter
899 2642 1089 2693 exoro,
1114 2636 1175 2683 ut
1201 2643 1327 2683 cum
1350 2629 1496 2683 omni
1528 2631 1793 2700 patientia

201 2723 270 2770 et
324 2715 510 2785 quiete
542 2715 742 2787 indago
770 2716 1159 2788 disputationis
1204 2719 1495 2788 habeatur,
1549 2730 1609 2775 ut
1656 2729 1711 2777 et
1745 2723 1794 2777 si

204 2808 360 2863 forte
390 2808 597 2879 aliquid
624 2810 807 2866 minus
834 2819 986 2867 recte
1017 2813 1223 2868 dictum
1254 2813 1523 2880 videatur,
1547 2823 1794 2885 repetere

202 2901 268 2956 id
285 2908 339 2955 et
369 2902 612 2973 apertius
642 2903 806 2958 liceat
824 2906 1140 2975 explanare.
1162 2904 1313 2963 Solet
1338 2908 1485 2963 enim
1516 2908 1790 2963 interdum

205 2994 376 3049 aliter
395 2994 504 3049 dici
531 2996 665 3066 quid
694 3008 748 3052 et
776 2998 935 3053 aliter
962 2999 1183 3065 audiri,
1214 3002 1345 3056 dum
1376 3009 1471 3055 aut
1500 3002 1684 3059 minus
1714 3003 1792 3057 Iu-

201 3085 336 3139 cide
366 3084 664 3155 profertur,
700 3094 794 3142 aut
840 3090 1025 3145 minus
1056 3090 1349 3162 vigilanter
1380 3092 1704 3158 advertitur,
1734 3102 1789 3148 et

203 3176 287 3230 ob
310 3174 415 3229 hoc
440 3177 709 3246 patienter
738 3180 903 3249 cupio
931 3180 1123 3235 haberi
1154 3196 1483 3245 sermonem,
1518 3191 1578 3237 ut
1616 3200 1794 3254 neque

204 3267 486 3337 snbripiat
509 3269 648 3324 alter
676 3270 831 3324 alteri
858 3310 874 3335 ,
905 3287 1083 3342 neque
1105 3288 1411 3329 sermonem
1445 3274 1680 3330 dicentis
1711 3277 1796 3331 in—

206 3359 579 3427 tempestivus
607 3375 790 3415 sermo
814 3363 1246 3419 contradicentis
1276 3365 1660 3435 interrumpat,
1696 3382 1793 3421 ne-

204 3464 322 3519 que
352 3449 783 3519 reprehendendi
830 3453 1072 3507 studium
1103 3469 1378 3525 geramus,
1408 3456 1504 3511 sed
1536 3456 1695 3511 liceat
1734 3465 1796 3511 ut

205 3540 329 3595 dixi
356 3580 373 3604 ,
404 3542 589 3597 minus
622 3542 785 3612 plane
810 3543 956 3598 dicta
986 3553 1271 3615 repetere,
1302 3553 1363 3600 ut
1393 3546 1796 3602 examinatione

200 3633 520 3702 justissima
563 3633 833 3690 clarescat
879 3636 1129 3692 veritatis
1181 3637 1408 3708 agnitio.
1458 3636 1611 3692 Scire
1648 3638 1793 3693 enim

206 3722 500 3788 debemus,
532 3725 662 3793 quia
692 3726 740 3779 si
765 3726 892 3797 quis
921 3742 953 3781 a
984 3728 1215 3782 veritate
1245 3729 1519 3794 vincatur,
1544 3744 1653 3783 non
1677 3730 1796 3800 ipse

206 3812 455 3865 vincitur
476 3851 492 3876 ,
526 3815 621 3869 sed
654 3814 967 3884 ignorantia
999 3831 1120 3886 quae
1160 3817 1213 3870 in
1252 3818 1371 3887 ipso
1402 3826 1520 3882 est,
1553 3834 1675 3889 quae
1710 3827 1796 3875 est

207 3902 429 3955 daemon
459 3904 757 3972 pessimus,
789 3921 953 3975 quam
984 3906 1077 3976 qui
1112 3910 1350 3976 potuerit
1377 3909 1650 3979 etl'ugare,
1704 3922 1794 3963 sa-

208 3994 346 4052 lutis
370 3996 573 4066 accipit
598 3998 858 4067 palmam.
890 3997 1237 4067 Propositum
1266 4014 1503 4070 namque
1535 3999 1693 4055 nobis
1712 4010 1796 4055 est

209 4088 481 4158 prodesse
508 4089 889 4155 auditoribus,
945 4107 1057 4146 non
1089 4101 1148 4146 ut
1176 4094 1318 4149 male
1346 4093 1657 4155 vincamus,
1697 4092 1794 4147 sed

212 4192 275 4234 ut
324 4196 428 4251 pro
472 4182 753 4252 agnitione
776 4184 1027 4238 veritatis
1055 4184 1193 4239 bene
1220 4185 1521 4239 vincamur.
1558 4182 1615 4236 Si
1647 4183 1792 4237 enim

209 4276 461 4331 veritatis
495 4275 833 4346 inquirenda:
850 4278 1033 4333 studio
1048 4292 1230 4333 sermo
1249 4285 1555 4340 moveatur,
1577 4276 1791 4330 etiamsi

207 4367 347 4437 quid
376 4368 561 4425 minus
590 4369 749 4439 plene
787 4384 887 4440 pro
918 4371 1156 4425 humana
1191 4370 1484 4441 fragilitate
1521 4369 1789 4435 dicemus,

208 4460 358 4515 Deus
390 4475 488 4529 pro
516 4460 776 4515 ineffabili
804 4477 903 4516 sua
938 4462 1201 4526 bonitate,
1235 4476 1299 4515 ea
1336 4476 1458 4531 quae
1486 4461 1688 4517 desunt
1720 4462 1791 4515 la-

208 4558 395 4605 tenter
428 4551 738 4605 auditorum
786 4551 1041 4606 sensibus
1090 4551 1426 4621 adimplebit.
1479 4550 1671 4607 Justus
1705 4560 1790 4607 est

207 4643 381 4705 enim,
409 4651 463 4697 et
491 4643 795 4698 secundum
826 4644 1262 4713 uniuscujusque
1280 4643 1644 4713 propositum,
1668 4642 1791 4697 aliis

208 4732 435 4803 quidem
467 4733 522 4787 in
549 4742 806 4804 promptu
836 4732 967 4787 facit
995 4748 1117 4789 esse
1145 4733 1293 4803 quod
1340 4733 1630 4802 quaeritur,
1667 4734 1791 4787 aliis

208 4839 342 4879 vero
358 4823 654 4880 obscurum
674 4825 869 4889 reddit,
888 4826 1050 4880 etiam
1074 4825 1219 4895 quod
1235 4824 1414 4894 palam
1435 4826 1667 4894 positum
1685 4834 1791 4882 est.

210 4916 354 4982 Quia
381 4931 514 4986 ergo
545 4917 628 4971 via
656 4916 775 4981 Dei,
798 4918 887 4973 via
918 4918 1072 4987 pacis
1105 4925 1212 4982 est,
1236 4932 1362 4971 cum
1388 4932 1523 4987 pace
1552 4932 1673 4987 qua!
1694 4917 1789 4971 Dei

210 5014 345 5060 sunt
374 5006 746 5078 requiramus.
778 5006 861 5061 Ad
898 5008 1011 5062 haec
1050 5008 1097 5061 si
1126 5008 1252 5077 quis
1285 5008 1448 5062 habet
1478 5008 1625 5075 quod
1664 5023 1792 5079 pro-

210 5105 501 5168 sequatur,
534 5098 691 5152 locus
720 5105 838 5166 est;
880 5098 927 5154 si
958 5114 1086 5154 vero
1109 5100 1294 5153 nullus
1327 5106 1412 5153 est
1443 5100 1539 5168 qui
1572 5115 1792 5170 respon-

210 5190 345 5245 dere
390 5190 542 5256 velit,
592 5205 695 5260 ego
740 5190 926 5246 dicere
977 5191 1260 5260 incipiam,
1306 5198 1361 5244 et
1410 5206 1533 5260 qute
1555 5192 1689 5245 mihi
1720 5192 1791 5245 ab

211 5281 322 5335 alio
350 5291 583 5351 possunt
612 5282 818 5351 obiici,
864 5282 985 5352 ipse
1030 5282 1086 5336 in
1138 5282 1378 5337 medium
1435 5282 1645 5352 prolata
1673 5283 1788 5339 dis-

214 5374 453 5428 salvam.

286 5462 475 5521 XXVI.
531 5465 667 5522 Cum
715 5482 846 5538 ergo
883 5466 1078 5523 Petrus
1139 5468 1398 5537 coepisset
1461 5468 1790 5523 continuare

212 5571 524 5612 sermonem
550 5598 567 5624 ,
623 5558 813 5613 Simon
842 5559 1149 5630 interrupta
1179 5562 1427 5615 oratione
1456 5561 1576 5630 ejus
1608 5580 1619 5615 :
1654 5561 1787 5625 Cur,

211 5649 429 5721 inquit,
458 5650 826 5721 festinasipse
857 5652 955 5707 tibi
980 5651 1184 5718 dicere,
1218 5667 1339 5722 quae
1370 5652 1468 5706 tibi
1495 5653 1788 5708 videntur?

286 5764 333 5795 “
370 5764 564 5820 matth.
602 5783 657 5825 x.
691 5766 779 5821 54.
852 5767 893 5797 ³⁷
920 5764 1183 5827 Mattlt.v,
1207 5766 1261 5821 9.
1338 5767 1383 5798 ³⁸
1402 5764 1592 5821 Matth.
1627 5784 1682 5830 ι,
1716 5767 1825 5821 95;

1901 542 2133 596 ponere,
2170 542 2401 596 quorum
2444 526 2720 579 absolutio
2762 525 2899 579 bene
2935 525 3031 578 tibi
3066 518 3320 579 meditata
3352 532 3470 588 est,

1904 624 1963 670 ut
1998 618 2385 688 ignorantibus
2408 618 2587 671 turbis
2614 615 2851 671 videaris
2870 624 3016 669 recte
3038 616 3240 684 aliquid
3265 615 3473 680 dicere;

1901 710 1996 763 sed
2027 709 2169 779 apud
2211 725 2297 763 me
2328 723 2436 762 non
2469 708 2566 762 tibi
2596 709 2699 763 erit
2721 708 2916 761 horum
2949 708 3122 762 locus.
3150 705 3303 760 Nunc
3323 721 3473 776 ergo,

1898 797 2160 866 quoniam
2212 805 2271 850 ut
2305 798 2390 850 vir
2434 796 2593 852 fortis
2628 797 2900 868 polliceris
2927 836 2941 859 ,
2974 804 3028 850 te
3075 796 3225 849 omni
3273 796 3476 849 volenti

1899 902 2205 957 proponere
2252 902 2684 957 responsurum,
2734 886 2869 940 mihi
2926 885 3145 940 interim
3178 885 3354 955 primo
3383 899 3477 940 re-

1899 979 2183 1048 spondeto.
2210 978 2277 1031 Et
2310 978 2502 1033 Petrus
2528 998 2539 1033 :
2567 977 2821 1041 Paratus,
2860 978 3057 1047 inquit,
3091 992 3234 1039 sum,
3264 983 3477 1029 tantum

1898 1080 1959 1124 ut
2002 1086 2128 1125 cum
2174 1085 2309 1141 pace
2360 1072 2432 1126 sit
2477 1085 2681 1124 sermo.
2716 1068 2855 1122 Tum
2891 1068 3077 1123 Simon
3106 1084 3118 1118 :
3152 1067 3270 1123 Non
3300 1067 3475 1129 vides,

1895 1162 2095 1231 inquit,
2121 1161 2552 1230 imperitissime,
2573 1159 2719 1229 quod
2753 1158 3034 1212 contraria
3067 1159 3183 1228 agis
3214 1158 3480 1227 magistro

1897 1261 2012 1316 tuo,
2031 1267 2221 1324 pacem
2248 1250 2573 1321 deposcens,
2607 1250 2753 1321 quod
2784 1252 2968 1319 utique
2991 1264 3101 1303 non
3126 1251 3381 1304 convenit
3403 1248 3476 1310 ei,

1895 1345 1989 1413 qui
2018 1349 2459 1413 expugnaturum
2492 1356 2550 1395 se
2574 1340 2847 1410 promittit
2878 1338 3281 1409 ignorantiam?
3304 1338 3411 1392 Aut
3430 1338 3480 1392 si

1895 1442 1953 1489 tu
2004 1444 2151 1489 recte
2195 1449 2383 1504 pacem
2413 1432 2483 1487 ab
2526 1431 2874 1486 auditoribus
2921 1430 3138 1500 poscis,
3187 1444 3296 1482 non
3329 1438 3476 1482 recte

1895 1527 2154 1598 magister
2176 1534 2305 1579 tuus
2335 1525 2473 1579 dixit
2499 1540 2511 1575 :
2547 1522 2688 1590 Quia
2719 1539 2822 1576 non
2849 1523 2962 1575 veni
2988 1536 3165 1589 pacem
3189 1522 3393 1574 mittere
3422 1522 3480 1573 in

1897 1630 2094 1675 terram
2115 1660 2130 1684 ,
2182 1620 2272 1675 sed
2297 1618 2617 1691 gladium".
2650 1618 2760 1670 Aut
2789 1616 2932 1671 enim
2963 1623 3022 1669 tu
3056 1615 3194 1669 bene
3227 1613 3386 1673 dicis,
3425 1621 3479 1666 et

1897 1715 1989 1769 ille
2005 1729 2114 1768 non
2146 1714 2301 1776 bene,
2330 1718 2424 1765 aut
2452 1711 2497 1765 si
2528 1710 2789 1780 magister
2806 1708 3114 1772 tuusbene,
3133 1714 3190 1760 tu
3217 1706 3476 1776 pessime,

1895 1805 1991 1876 qui
2021 1820 2130 1859 non
2162 1802 2481 1858 intellexisti
2513 1800 2793 1855 contraria
2831 1807 2886 1855 te
2921 1798 3170 1870 proferre
3207 1800 3289 1861 ei,
3319 1797 3481 1867 cujus

1897 1905 1951 1953 te
1980 1896 2311 1955 discipulum
2345 1893 2638 1953 proﬁteris.

1965 2016 2181 2074 XXVII.
2210 2015 2292 2071 Ad
2325 2016 2439 2071 haec
2463 2014 2662 2071 Petrus
2690 2034 2703 2070 :
2730 2013 2916 2085 Neque
2936 2013 3027 2085 qui
3055 2012 3205 2067 misit
3233 2027 3318 2068 me
3340 2013 3481 2067 male

1896 2111 2025 2167 fecit
2053 2111 2292 2182 gladium
2329 2108 2546 2163 mittere
2574 2107 2631 2161 in
2665 2114 2894 2172 terram,
2930 2121 3108 2176 neque
3142 2120 3243 2175 ego
3270 2113 3483 2159 contra-

1895 2204 1977 2259 ria
2010 2203 2060 2258 ei
2093 2217 2195 2272 ago
2216 2241 2233 2266 ,
2281 2200 2595 2255 auditorum
2632 2214 2822 2269 pacem
2847 2199 3158 2268 requirens.
3193 2196 3300 2252 Sed
3334 2204 3392 2251 tu
3425 2205 3482 2253 et

1892 2294 2147 2365 imperite
2176 2299 2232 2348 et
2263 2299 2468 2347 temere
2498 2290 2856 2361 reprehendis
2879 2306 2942 2345 ea
2985 2304 3106 2360 quae
3139 2304 3250 2343 non
3282 2289 3482 2344 intelli-

1893 2386 2005 2457 gis;
2029 2384 2230 2439 etenim
2260 2383 2386 2454 quia
2414 2398 2603 2453 pacem
2631 2398 2743 2436 non
2774 2381 2924 2434 venit
2949 2381 3164 2434 mittere
3190 2380 3244 2433 in
3276 2386 3480 2432 terram

1894 2476 2178 2548 magister,
2209 2474 2445 2539 audisti,
2478 2474 2627 2544 quod
2658 2480 2842 2528 autem
2878 2472 3078 2527 dixerit
3104 2486 3117 2521 :
3152 2470 3303 2525 Beati
3332 2471 3481 2539 paci-

1894 2569 2006 2639 ﬁci,
2036 2568 2287 2638 quoniam
2308 2566 2410 2635 ipsi
2434 2566 2538 2635 ﬁlii
2567 2564 2666 2619 Dei
2691 2563 3102 2628 vocabuntur",
3125 2578 3233 2617 non
3252 2562 3476 2618 audisti.

1894 2658 2124 2730 Pr0pter
2146 2659 2293 2731 quod
2321 2675 2433 2713 non
2465 2674 2567 2729 ego
2599 2657 2869 2728 magistro
2899 2656 3115 2712 diversa
3144 2655 3352 2720 sentio,
3386 2670 3481 2725 pa-

1892 2768 2011 2809 cem
2030 2753 2388 2823 persuadens,
2411 2766 2573 2822 quam
2592 2750 2681 2805 ille
2705 2749 3051 2806 servantibus
3086 2749 3479 2804 beatitudinem

1894 2846 2097 2917 posuit.
2126 2845 2192 2899 Et
2221 2844 2412 2899 Simon
2443 2844 2520 2897 ait
2547 2860 2559 2894 :
2591 2842 2701 2897 Pro
2730 2842 2997 2916 magistro
3020 2841 3353 2912 respondere
3382 2856 3483 2895 cu‘

1892 2939 2071 3008 piens,
2091 2952 2124 2990 ο
2150 2936 2331 2998 Petre,
2354 2936 2526 2990 multo
2553 2950 2681 2991 eum
2714 2935 2936 3004 gravius
2965 2932 3262 2995 accusasti,
3288 2931 3333 2987 si
3354 2946 3480 2985 cum

1894 3030 2011 3101 ipse
2039 3045 2149 3086 non
2179 3030 2392 3085 venerit
2424 3043 2613 3099 pacem
2653 3027 2837 3082 facere
2859 3066 2874 3091 ,
2908 3026 3051 3080 hanc
3105 3026 3229 3079 aliis
3259 3039 3482 3080 servare

1820 3142 1864 3201 α
1896 3122 2236 3193 praeceperit.
2266 3120 2331 3173 Et
2360 3118 2639 3190 quomodo
2681 3119 2823 3173 alius
2853 3118 2945 3172 ille
2978 3116 3099 3185 ejus
3135 3130 3316 3171 sermo
3347 3130 3481 3169 con-

1898 3214 2066 3270 stabit
2086 3228 2246 3283 quem
2275 3211 2417 3265 dixit
2433 3210 2609 3277 ?Quia
2633 3210 2821 3279 sufﬁcit
2846 3208 3128 3278 discipulo,
3154 3216 3211 3260 ut
3249 3209 3320 3261 sit
3343 3208 3480 3260 sicut

1896 3306 2146 3376 magister
2176 3305 2291 3373 ejus
2313 3303 2379 3359 ³⁸.

1964 3426 2201 3482 XXVIII.
2230 3427 2424 3482 Petrus
2443 3426 2507 3481 ad
2534 3426 2648 3480 haec
2673 3445 2685 3479 :
2722 3424 2998 3495 Magister,
3034 3423 3234 3492 inquit,
3262 3430 3474 3485 noster,

1894 3524 1987 3594 qui
2018 3530 2138 3577 erat
2161 3537 2327 3576 verus
2357 3521 2624 3591 propheta
2649 3527 2703 3574 et
2740 3520 2824 3575 sui
2864 3520 2921 3571 in
2965 3518 3220 3572 omnibus
3246 3532 3476 3578 memor,

1896 3631 2072 3687 neque
2098 3615 2201 3669 sibi
2230 3614 2507 3669 contraria
2529 3614 2747 3667 locutus
2778 3618 2883 3676 est,
2909 3624 3090 3679 neque
3116 3609 3277 3663 nobis
3302 3609 3369 3663 ab
3391 3609 3478 3664 his

1895 3723 2015 3777 quae
2046 3706 2162 3776 ipse
2190 3704 2414 3776 gerebat
2434 3703 2652 3757 diversa
2678 3700 2979 3755 mandavit.
3010 3699 3165 3765 Quod
3195 3698 3340 3753 enim
3364 3699 3472 3751 ait:

1898 3799 2021 3853 Non
2045 3799 2157 3853 veni
2198 3812 2377 3866 pacem
2406 3796 2613 3849 mittere
2639 3795 2695 3848 in
2740 3803 2973 3857 terram,
3018 3791 3108 3846 sed
3140 3791 3398 3861 gladium,
3428 3800 3479 3844 et

1894 3906 1959 3945 ea:
1987 3891 2081 3944 hoc
2114 3889 2353 3945 videbitis
2378 3888 2619 3956 separari
2654 3896 2858 3956 patrem
2889 3901 2922 3937 a
2949 3884 3094 3953 ﬁlio,
3125 3883 3297 3952 ﬁlium
3323 3900 3355 3935 a
3380 3898 3479 3950 pa-

1896 3993 1995 4046 tre,
2037 3984 2206 4036 virum
2243 3981 2307 4033 ab
2332 3995 2497 4033 uxore
2518 4018 2533 4041 ,
2559 3988 2609 4032 et
2640 3993 2858 4031 uxorem
2902 3994 2934 4029 a
2963 3976 3093 4037 viro,
3125 3984 3175 4027 et
3201 3984 3421 4028 matrem
3442 3992 3477 4027 α

1895 4076 2033 4144 ﬁlia,
2053 4075 2222 4145 ﬁliam
2246 4088 2277 4125 a
2303 4082 2492 4131 matre,
2516 4072 2738 4139 fratrem
2761 4086 2793 4121 a
2819 4068 3008 4137 fratre,
3028 4082 3236 4120 socrum
3262 4081 3294 4117 a
3313 4081 3474 4130 nuru,

1896 4167 2124 4219 amicum
2146 4163 2211 4217 ab
2240 4162 2412 4216 amico
2434 4162 2501 4223 '9,
2519 4160 2633 4214 haec
2660 4159 2842 4213 omnia
2859 4159 3143 4211 continent
3168 4154 3471 4209 doctrinam

1894 4259 2070 4330 pacis,
2106 4264 2160 4311 et
2184 4254 2461 4326 quomodo
2483 4294 2498 4318 ,
2533 4254 2681 4307 audi.
2716 4251 2875 4305 Initio
2905 4249 3308 4319 praedicationis
3336 4265 3469 4311 suav,

1894 4357 2081 4421 utpote
2112 4349 2205 4419 qui
2236 4347 2370 4401 velit
2413 4360 2606 4399 omnes
2634 4344 2867 4397 invitare
2895 4350 2949 4395 et
2975 4340 3243 4395 adducere
3276 4340 3341 4393 ad
3384 4356 3475 4393 sa-

1893 4442 2058 4494 lutem
2080 4478 2096 4501 ,
2141 4453 2205 4491 ac
2230 4437 2548 4506 patientiam
2584 4436 2831 4489 laborum
2867 4432 3337 4501 tentationumque
3375 4431 3475 4484 Ita—

1824 4512 2124 4583 Dbendam
2180 4526 2466 4586 suaderet,
2520 4540 2793 4595 pauperes
2848 4522 3223 4587 beatificabat,
3266 4540 3473 4595 eosque

1892 4633 1991 4690 pro
2021 4618 2263 4689 penuria:
2298 4615 2592 4670 tolerantia
2638 4615 2932 4685 adepturos
2961 4632 3085 4671 esse
3114 4617 3473 4687 pollicebatur

1893 4725 2058 4780 regna
2098 4710 2405 4771 caelorum,
2469 4714 2529 4761 ut
2580 4707 2683 4761 sub
2736 4714 2891 4760 tanta
2944 4722 3041 4775 spe
3093 4709 3473 4777 aaquanimiter

1895 4800 2233 4872 paupertatis
2250 4798 2489 4868 pondus,
2511 4804 2695 4865 spreta
2724 4797 3027 4865 cupiditate
3050 4804 3352 4866 portarent.
3374 4796 3472 4851 Est

1894 4891 2040 4945 enim
2067 4905 2234 4943 unum
2258 4897 2312 4943 et
2344 4888 2642 4941 maximum
2670 4901 2736 4939 ex
2760 4886 3249 4955 perniciosissimis
3279 4902 3472 4955 pecca-

1892 4985 1984 5047 tis,
2016 4982 2305 5052 cupiditas.
2344 4978 2449 5033 Sed
2470 4986 2524 5033 et
2544 4979 2854 5032 esurientes
2882 4986 2937 5031 et
2966 4979 3215 5032 sitientes
3242 4978 3462 5031 aeternis

1892 5076 2053 5131 bonis
2069 5073 2297 5142 justitiae
2329 5071 2658 5126 saturandos
2681 5084 2804 5123 esse
2832 5070 3121 5137 promisit,
3154 5076 3213 5121 ut
3251 5076 3470 5139 egesta-

1891 5176 2002 5223 tem
2030 5165 2386 5222 tolerabiliter
2417 5162 2676 5223 ferentes,
2697 5161 2835 5214 nihil
2872 5177 2971 5231 pro
2995 5161 3096 5215 hac
3122 5160 3309 5228 injusti
3335 5175 3467 5229 ope-

1890 5260 1971 5315 ris
2001 5259 2341 5312 molirentur.
2364 5254 2596 5309 Mundus
2626 5268 2845 5322 quoque
2873 5251 3041 5306 corde
3071 5251 3323 5305 similiter
3344 5250 3468 5304 bea-

1892 5362 1980 5408 tos
2026 5352 2273 5415 dicebat,
2320 5358 2373 5403 et
2424 5364 2519 5418 per
2549 5348 2652 5401 hoc
2698 5346 2865 5400 Deum
2915 5346 3167 5406 visuros,
3213 5352 3269 5396 ut
3300 5358 3466 5397 unus-

1892 5446 2130 5516 quisque
2142 5440 2365 5511 adipisci
2388 5450 2596 5493 tantum
2621 5438 2849 5507 cupiens
2866 5438 3089 5498 bonum,
3111 5436 3464 5503 semetipsum

1895 5552 1925 5590 a
1949 5534 2202 5607 pessimis
2230 5540 2282 5587 et
2312 5530 2535 5601 pollutis
2565 5528 2990 5599 cogitationibus
3017 5526 3340 5581 contineret.

1964 5650 2157 5707 XXIX.
2218 5649 2312 5703 Sic
2354 5662 2483 5717 ergo
2521 5643 2780 5713 magister
2821 5650 3005 5696 nosIcr
3045 5636 3345 5708 discipulos
3393 5634 3461 5689 ad

1891 5767 1934 5797 ’9
1960 5764 2097 5819 Ibit].
2131 5764 2222 5824 54,
2257 5761 2347 5825 53;
2376 5759 2509 5814 Luc.
2539 5766 2634 5818 xtl,
2658 5755 2749 5811 53.
