3890 6192
416 322 554 376 19»ὖό
1270 312 1326 367 S.
1363 306 1754 366 CLEMENTIS
1790 306 1808 360 Ι
1844 304 2011 360 ROM.

2130 301 2252 356 iNT.
2291 298 2519 357 OPERA
2556 297 2780 354 DUBIA.
3524 286 3648 341 ιεθι

415 435 736 510 patientiam
766 432 1028 493 invitans,
1050 430 1253 485 bonum
1283 426 1434 497 pacis
1459 425 1623 481 etiam
1648 436 1774 479 cum
1805 420 1994 474 labore
2022 421 2071 476 Α
2098 414 2196 470 des
2224 429 2253 467 a
2285 414 2573 481 temetipso
2591 451 2605 474 ,
2636 406 2909 481 quomodo
2953 402 3165 459 stabis?
3209 399 3441 455 Necesse
3487 406 3573 453 est
3602 404 3650 449 ut

416 490 693 601 patientia:
709 524 975 582 suadebat
1000 537 1121 577 esse
1151 514 1850 576 servandum.Econtrario
1863 525 1994 565 vero
2099 506 2292 569 cadat,
2324 506 2418 575 qui
2466 506 2519 558 in
2559 500 2855 571 semetipso
2901 497 3181 551 dividitur.
3214 491 3375 547 Omne
3407 490 3549 544 enim
3582 505 3653 542 re-

416 583 516 678 eos
546 620 640 690 qui
672 619 729 672 in
758 616 967 672 divitiis
992 629 1054 668 ac
1087 613 1303 667 luxuria
1332 609 1721 669 versabantur,
1753 605 1993 675 lugebat,
2097 616 2255 669 gnum
2302 600 2357 651 in
2390 597 2723 663 semetipsum
2749 593 2994 653 divisum,
3028 605 3131 642 non
3162 586 3323 640 stabit
3346 584 3411 638 ³⁸.
3446 584 3526 638 Ad
3553 583 3654 637 haec

418 713 515 785 qui
536 683 671 767 nihil
692 708 1026 781 pauperibus
1058 705 1467 776 largiebantur,
1498 716 1736 772 arguens
1775 713 1872 752 eos
1909 712 1996 750 ra-
2100 688 2147 741 si
2171 686 2568 785 uidetur,
2602 683 2790 738 dicito.

362 793 371 804 ’
421 764 626 861 :ionem
657 764 971 857 reddituros
992 839 1007 863 ,
1041 764 1174 868 quia
1222 764 1502 867 proximos
1534 764 1665 848 suos
1707 806 1847 861 quos
1876 787 2002 843 dili-
2174 776 2387 832 XXXII.
2431 776 2495 829 Et
2528 774 2716 829 Simon
2746 793 2757 826 :
2791 769 3085 824 Stultitiam
3118 774 3263 821 tuam
3292 767 3553 822 demiror.
3578 764 3658 818 Sic

424 912 553 969 gere
581 895 727 951 sicut
753 892 966 963 seipsos
994 856 1317 954 debuerant,
1342 902 1409 941 ne
1441 885 1495 940 in
1524 856 1763 955 egestate
1782 878 2002 949 quidem
2104 870 2263 925 nobis
2293 868 2542 939 magistri
2564 867 2643 920 tui
2676 865 2839 919 verba
2869 861 3152 933 proponis,
3184 860 3340 930 quasi
3373 868 3582 914 certum
3604 856 3662 911 de

424 950 634 1061 positos
665 950 909 1041 miserati
942 989 1092 1039 sunt.
1125 979 1252 1035 Haec
1283 950 1467 1033 autem
1498 950 1692 1030 dicens
1721 974 1860 1027 alios
1881 970 2005 1041 qui-
2104 977 2170 1061 eo
2197 961 2455 1015 habeatur
2486 958 2630 1029 quod
2659 956 2924 1027 propheta
2966 953 3065 1017 sit,
3095 968 3257 1022 quem
3288 967 3387 1022 ego
3419 950 3663 1021 perfacile

422 1042 547 1136 33m
598 1076 825 1133 obedire
873 1075 1037 1139 fecit,
1081 1073 1219 1127 alios
1268 1086 1399 1124 νριυο
1448 1067 1683 1122 reddidit
1731 1065 2003 1119 inimicos,
2106 1050 2481 1105 demonstrare
2503 1062 2747 1119 possum,
2778 1046 2944 1098 multa
2968 1042 3073 1098 sibi
3099 1042 3373 1097 contraria
3406 1042 3661 1096 locutum.

425 1135 793 1224 credentibus
832 1180 962 1236 ergo
1008 1135 1065 1218 et
1112 1159 1495 1216 obedientihus
1564 1169 1752 1225 pacem
1806 1152 2008 1205 habere
2108 1142 2352 1213 Denique
2393 1158 2459 1197 ex
2496 1142 2617 1203 his,
2656 1154 2780 1210 quae
2825 1138 2942 1206 ipse
2992 1135 3298 1205 protulisti,
3349 1149 3572 1205 arguam
3599 1143 3663 1188 te.

426 1258 571 1311 inter
603 1270 661 1310 se
693 1228 928 1307 invicem
957 1250 1135 1319 jubet.
1162 1255 1216 1301 et
1246 1246 1380 1316 ipsis
1402 1243 1536 1297 dicit
1562 1262 1574 1295 :
1602 1241 1752 1295 Beati
1775 1237 2005 1308 paciﬁci,
2110 1234 2205 1291 Ais
2234 1236 2379 1289 enim
2415 1234 2621 1289 dixisse
2644 1246 2767 1287 eum
2794 1270 2809 1295 ,
2842 1244 2990 1282 omne
3036 1243 3249 1296 regnum
3274 1228 3356 1283 vel
3382 1228 3565 1281 omnis
3598 1228 3667 1280 ci-

425 1347 552 1416 quia
580 1344 682 1413 ipsi
704 1343 805 1412 ﬁlii
832 1341 927 1395 Dei
956 1317 1281 1394 uocabantur
1298 1336 1364 1390 ³θ.
1394 1334 1491 1389 His
1519 1339 1698 1387 autem
1721 1370 1736 1394 ,
1770 1330 1862 1400 qui
1899 1342 2010 1382 non
2108 1328 2252 1382 vitas
2280 1326 2455 1381 divisa
2484 1326 2540 1379 in
2571 1322 2861 1391 semetipsa
2895 1336 2999 1373 non
3023 1320 3203 1372 stabit.
3236 1317 3302 1371 Et
3330 1320 3461 1374 alibi
3488 1320 3664 1373 iterum

428 1438 604 1494 solum
626 1451 736 1490 non
761 1432 1068 1495 credidere,
1102 1443 1291 1484 verum
1325 1434 1379 1482 et
1410 1423 1715 1480 adversarii
1746 1420 2012 1476 doctrinae
2112 1420 2194 1473 ais
2226 1433 2349 1472 eum
2387 1417 2593 1471 dixisse
2615 1455 2629 1480 ,
2655 1414 2783 1484 quia
2825 1412 2940 1482 ipse
2969 1410 3179 1464 miserit
3207 1410 3446 1480 gladium
3474 1452 3487 1474 ,
3511 1421 3567 1465 ut
3595 1424 3669 1463 se.

427 1530 550 1599 ejus
575 1528 703 1582 facti
730 1524 1105 1591 sunt,bellum
1128 1520 1281 1576 verbi
1310 1528 1365 1574 et
1396 1515 1794 1573 confutationis
1822 1511 2017 1566 indicit
2114 1518 2330 1580 pararet
2359 1524 2455 1563 eos
2484 1508 2577 1579 qui
2610 1508 2662 1561 in
2694 1506 2856 1561 domo
2887 1512 3035 1566 sunt,
3060 1503 3134 1556 ita
3164 1511 3224 1557 ut
3249 1503 3525 1557 dividatur
3544 1502 3669 1555 ﬁlius

427 1591 484 1676 et
513 1622 618 1675 ait:
647 1620 789 1687 Quia
811 1633 876 1672 ea:
902 1617 996 1671 hoc
1024 1613 1258 1670 videbitis
1302 1611 1541 1680 separari
1573 1610 1744 1676 ﬁlium
1782 1624 1813 1660 a
1837 1610 2009 1676 patre,
2113 1616 2143 1653 a
2163 1607 2351 1669 patre,
2398 1607 2450 1654 et
2475 1598 2582 1652 ﬁlia
2616 1613 2647 1651 a
2676 1604 2851 1650 matre
2873 1635 2887 1659 ,
2934 1602 2989 1649 et
3020 1592 3187 1647 frater
3218 1609 3247 1646 a
3280 1592 3488 1657 fratre,
3530 1601 3587 1646 ut
3630 1591 3669 1644 si

428 1721 478 1769 et
508 1715 676 1767 uirum
703 1710 768 1765 ab
795 1725 960 1763 uxore
983 1748 997 1771 ,
1023 1721 1072 1762 et
1106 1706 1276 1775 ﬁliam
1313 1721 1345 1756 a
1388 1712 1589 1764 matre,
1626 1710 1676 1754 et
1722 1699 1943 1768 fratrem
1980 1714 2013 1749 a
2045 1768 2081 1775 _
2119 1693 2321 1747 fuerint
2359 1694 2412 1746 in
2448 1706 2554 1746 una
2586 1690 2749 1745 domo
2778 1689 3049 1759 quinque,
3096 1685 3414 1741 dividantur
3445 1693 3555 1740 tres
3591 1682 3672 1737 ad-

431 1803 627 1871 fratre,
660 1812 707 1856 et
739 1816 930 1855 nurum
968 1817 998 1853 a
1032 1813 1187 1852 socru
1208 1838 1223 1861 ,
1254 1806 1302 1849 et
1334 1796 1536 1849 inimici
1570 1793 1794 1847 hominis
1834 1791 2008 1844 dome-
2043 1768 2088 1824 Β
2115 1802 2334 1843 versum
2358 1785 2520 1850 duos,
2545 1792 2599 1841 et
2628 1785 2738 1840 duo
2762 1782 3047 1839 adversum
3070 1786 3180 1832 tres
3194 1777 3261 1833 ³⁸.
3296 1778 3353 1833 Si
3377 1794 3513 1849 ergo
3532 1790 3673 1831 omne

432 1870 553 1951 stici
592 1896 789 1965 ejus".
836 1892 896 1947 In
927 1904 1257 1962 unaquaque
1300 1888 1448 1945 enim
1479 1888 1667 1950 domo,
1716 1900 1841 1939 cum
1874 1884 2015 1938 inter
2115 1879 2259 1949 quod
2291 1878 2575 1941 dividitur,
2609 1876 2757 1930 cadit
2785 1916 2800 1942 ,
2852 1876 2957 1933 iste
2987 1880 3079 1948 qui
3108 1874 3407 1931 divisiones
3434 1870 3561 1924 facit
3594 1882 3672 1922 ca-

432 1989 750 2044 credenlcm
779 1995 834 2043 et
864 2000 975 2041 non
1006 1958 1319 2040 credentem
1352 1981 1579 2051 coeperit
1615 1994 1739 2035 esse
1785 1977 2016 2033 diversi-
2116 1969 2280 2025 dendi
2314 1968 2566 2039 praestitit
2595 1982 2814 2030 causas,
2848 1974 2900 2021 et
2940 1969 2984 2022 si
3016 1967 3143 2021 talis
3171 1973 3274 2027 est,
3300 1962 3493 2031 utique
3519 1958 3675 2012 malus

432 2089 540 2146 tas,
572 2079 889 2136 necessario
918 2092 1100 2149 pugna
1132 2076 1210 2139 fit,
1243 2074 1546 2130 incredulis
1577 2071 1793 2143 quidem
1826 2078 2017 2125 contra
2116 2070 2221 2119 est.
2257 2062 2335 2115 Ad
2366 2062 2482 2115 haec
2505 2058 2777 2129 reSponde
2807 2059 2854 2114 si
2889 2066 3066 2129 potes.

435 2141 597 2227 fidem
628 2141 1024 2226 dimicantibus
1046 2209 1059 2230 .
1095 2167 1347 2222 fidelibus
1373 2181 1506 2220 vero
1536 2141 1609 2219 in
1633 2164 1742 2217 illis
1773 2175 2017 2218 errorem
2189 2152 2428 2208 XXXIII.
2451 2152 2515 2205 Et
2533 2151 2724 2206 Petrus
2749 2169 2762 2204 :
2790 2147 2909 2203 Non
2936 2158 3139 2204 temere
3157 2146 3461 2217 deroges,o
3482 2141 3671 2198 Simon.

434 2272 697 2327 veterem,
728 2271 781 2318 et
810 2272 1162 2333 peccatorum
1198 2259 1326 2312 vitia
1355 2254 1791 2312 confutantibus.
2121 2248 2205 2303 his
2236 2263 2356 2318 qua:
2378 2260 2487 2300 non
2520 2243 2800 2313 intelligis.
2834 2240 3018 2296 Primo
3049 2255 3181 2311 ergo
3211 2236 3567 2309 respondeam
3594 2249 3676 2304 pro

504 2356 673 2413 XXX.
719 2331 985 2410 Similiter
1010 2368 1230 2424 quoque
1273 2351 1439 2406 etiam
1490 2362 1621 2419 erga
1664 2346 1875 2402 scribas
1901 2384 1916 2409 ,
1967 2352 2021 2398 et
2120 2354 2187 2394 eo
2212 2336 2359 2409 quod
2387 2336 2488 2397 ais,
2534 2350 2621 2390 me
2643 2333 2889 2404 magistri
2914 2332 3019 2387 mei
3053 2331 3217 2386 verba
3246 2342 3570 2400 proponere.
3608 2334 3675 2377 at-

434 2448 740 2507 Phariszeos
771 2446 967 2501 ultimo
996 2420 1264 2500 doctrina:
1294 2454 1408 2495 suae
1438 2446 1684 2509 tempore
1706 2436 1905 2491 bellum
1925 2450 1989 2504 ge
2008 2464 2020 2473 -
2124 2447 2228 2501 que
2274 2446 2337 2483 ex
2375 2428 2509 2499 ipsis
2548 2441 2613 2482 ea
2636 2464 2653 2491 ,
2699 2426 2767 2480 de
2797 2424 2998 2495 quibus
3045 2423 3359 2485 dubitatur,
3397 2420 3673 2475 absolvere.

439 2543 530 2605 rit,
585 2550 818 2607 arguens
856 2549 951 2589 eos
1000 2545 1166 2600 super
1208 2530 1421 2584 actibus
1462 2542 1571 2582 non
1617 2526 1775 2582 bonis
1817 2533 1871 2577 et
1903 2538 2014 2576 non
2124 2524 2389 2578 Dominus
2439 2530 2622 2575 noster
2661 2518 2883 2572 mittens
2920 2531 3022 2572 nos
3077 2522 3358 2586 apostolos
3404 2511 3473 2567 ad
3506 2509 3676 2581 praedi-

439 2640 589 2689 recta
630 2628 876 2685 doctrina
900 2666 915 2693 ,
956 2633 1012 2681 et
1059 2623 1207 2694 quod
1264 2623 1469 2677 clavem
1510 2620 1750 2675 scientiae
1782 2634 1944 2688 quam
1984 2631 2015 2669 a
2125 2614 2381 2676 candum,
2408 2610 2663 2683 praecepit
2690 2609 2872 2672 nobis,
2899 2618 2956 2663 ut
2980 2607 3270 2663 doceamus
3292 2619 3487 2660 omnes
3511 2608 3676 2675 gentes

442 2724 631 2793 Moyse
656 2690 910 2773 traditam
934 2690 1311 2786 susceperunt,
1339 2714 1695 2775 occultarent,
1724 2726 1819 2780 per
1854 2723 2017 2779 quam
2125 2704 2192 2760 de
2221 2704 2307 2758 his
2350 2718 2472 2773 qua:
2505 2700 2761 2755 mandata
2792 2706 2920 2755 sunt
2968 2697 3208 2753 nobis".
3236 2695 3427 2766 Neque
3453 2708 3573 2763 ergo
3604 2690 3676 2745 di-

442 2782 619 2881 pos'sit
646 2809 815 2877 janua
842 2805 991 2876 regni
1020 2782 1259 2860 caelestis
1283 2802 1481 2872 aperiri
1513 2801 1575 2854 ”.
1604 2798 1708 2854 Sed
1742 2809 1795 2854 et
1824 2814 1921 2853 nos
1949 2797 2017 2851 ad
2126 2811 2249 2851 cere
2269 2809 2355 2856 ea,
2389 2801 2449 2848 ut
2474 2794 2543 2847 ah
2566 2793 2684 2862 ipso
2715 2790 2862 2845 dicta
2891 2799 3041 2855 sunt,
3072 2786 3523 2860 possumus.Non
3551 2782 3673 2840 enim

442 2898 849 2973 praedicandum
909 2895 1131 2949 mittens
1194 2892 1459 2947 Dominus
1518 2899 1703 2944 noster
1766 2887 2019 2957 prmcepit
2125 2887 2335 2949 dicere,
2378 2885 2472 2940 sed
2503 2885 2703 2939 docere
2733 2898 2798 2939 ea
2830 2883 2886 2937 in
2916 2882 3188 2937 mandatis
3218 2881 3515 2944 habemus,
3549 2884 3595 2931 et
3620 2890 3675 2929 ex

445 2989 625 3055 nobis,
659 2996 718 3042 ut
741 2987 796 3041 in
821 2998 1206 3056 quamcunque
1244 2982 1520 3037 civitatem
1552 2979 1637 3033 vel
1667 2976 1890 3031 domum
1935 2976 2013 3028 in-
2129 2981 2263 3051 ipsis
2292 2978 2601 3041 ostendere,
2634 2976 2915 3047 quomodo
2945 2973 3383 3043 unumquodque
3411 2985 3588 3027 eorum
3607 2982 3677 3020 ve-

443 3075 1070 3146 troierimu8,dieamus:
1106 3072 1226 3125 Ραω
1248 3072 1367 3124 huic
1389 3070 1604 3130 domui:
1638 3077 1686 3121 el
1713 3068 1758 3121 εἰ
1784 3068 2014 3137 quidem.
2053 3108 2097 3166 Ο
2130 3071 2292 3125 ritate
2341 3069 2633 3124 subnixum
2664 3067 2757 3122 sit.
2787 3064 2975 3136 Neque
3006 3080 3197 3119 rursus
3234 3064 3514 3134 proprium
3544 3060 3675 3113 nobis

445 3170 641 3241 inquit,
670 3170 830 3239 fuerit
865 3167 937 3220 ibi
971 3166 1114 3236 [ilius
1150 3167 1319 3235 pacis,
1346 3164 1510 3218 ueniet
1554 3176 1709 3229 super
1748 3175 1867 3213 eum
1910 3174 2017 3227 pax
2056 3150 2097 3166 ’⁸⁸
2132 3161 2335 3233 aliquid
2378 3161 2562 3216 dicere
2595 3159 2926 3230 permissum
2956 3167 3058 3213 est,
3097 3155 3299 3211 Sumus
3332 3155 3478 3210 enim
3511 3150 3673 3207 missi,

444 3272 651 3327 vestra;
680 3262 728 3316 si
760 3276 877 3315 vero
911 3276 1011 3313 non
1056 3259 1236 3328 fuerit,
1280 3274 1385 3327 pax
1426 3266 1593 3309 vestra
1621 3253 1688 3307 ad
1733 3270 1819 3307 vos
1850 3269 2016 3305 rever-

447 3366 616 3419 tetur;
646 3362 908 3410 exeuntes
942 3361 1121 3407 autem
1151 3350 1218 3405 de
1246 3351 1408 3404 domo
1442 3348 1525 3402 ch
1555 3348 1620 3401 de
1656 3346 1876 3400 civitate
1903 3346 2013 3408 illa,

445 3456 507 3503 ut
531 3447 696 3502 etiam
729 3446 1028 3515 pulverem,
1064 3441 1157 3511 qui
1205 3440 1494 3493 adhaeserit
1523 3438 1747 3506 pedibus
1792 3436 2013 3499 nostris,

445 3539 789 3594 excutiamus
820 3551 983 3605 super
1008 3549 1121 3588 eos.
1154 3531 1503 3585 Tolerabilms
1528 3539 1703 3582 autem
1737 3530 1835 3580 erit
1863 3538 2017 3580 terra?

446 3630 795 3687 Sodomorum
825 3636 875 3681 et
909 3625 1368 3680 Comorrhworum
1402 3626 1451 3677 in
1488 3624 1573 3676 die
1604 3622 1818 3691 judicii,
1855 3635 2016 3689 quam

2129 3264 2184 3312 et
2216 3253 2530 3310 necessario
2564 3254 2657 3322 qui
2685 3252 2890 3307 missus
2928 3258 3033 3312 est.
3066 3251 3195 3304 illud
3235 3250 3384 3319 quod
3410 3250 3585 3319 jussus
3610 3250 3677 3297 est

2130 3350 2384 3412 nuntiat,
2414 3354 2469 3402 et
2497 3346 2833 3401 voluntatem
2882 3343 3150 3398 mittentis
3196 3342 3445 3410 exponit.
3488 3338 3609 3392 Nam
3640 3336 3676 3387 si

2130 3441 2277 3496 aliud
2316 3439 2518 3503 dicam,
2545 3452 2709 3508 quam
2742 3435 2997 3507 praecepit
3020 3433 3152 3487 mihi
3183 3433 3274 3488 ille
3299 3432 3397 3505 qui
3426 3446 3509 3486 me
3532 3428 3676 3488 misit,

2130 3531 2302 3587 falsus
2330 3544 2427 3586 ero
2455 3528 2758 3599 apostolus,
2784 3526 2879 3597 qui
2903 3541 3015 3579 non
3047 3523 3179 3578 illud
3207 3524 3336 3579 dico
3364 3522 3502 3595 quod
3519 3521 3679 3589 jussus

2131 3638 2253 3679 sum
2284 3623 2489 3685 dicere,
2526 3619 2622 3676 sed
2653 3618 2801 3689 quod
2827 3617 2960 3672 mihi
2991 3616 3226 3672 videtur.
3253 3614 3415 3682 Quod
3435 3614 3523 3685 qui
3552 3610 3675 3666 facit.

446 3721 531 3774 illi
574 3718 778 3773 civitati
824 3715 902 3770 uel
944 3715 1125 3768 domui
1157 3714 1221 3767 ³³.
1270 3714 1425 3779 Quod
1452 3714 1637 3782 utique
1677 3713 1751 3766 ita
1795 3712 2016 3765 demum

444 3809 703 3881 praacepit
735 3806 874 3871 fieri,
908 3805 953 3860 si
986 3805 1141 3875 prius
1172 3805 1227 3859 in
1258 3805 1482 3861 civitate
1522 3806 1610 3860 vel
1633 3806 1797 3859 domo
1829 3806 2029 3859 verita-

445 3902 519 3956 tis
542 3914 724 3956 sermo
750 3897 1103 3969 praadicetur,
1131 3913 1197 3952 ex
1222 3913 1331 3967 quo
1354 3900 1439 3952 vel
1468 3900 1799 3969 recipientes
1828 3901 2032 3953 verita-

448 3993 518 4049 tis
545 3992 705 4047 ﬁdem
738 3990 836 4044 filii
876 3988 1028 4058 pacis
1060 3999 1114 4043 et
1145 3989 1241 4042 filii
1287 3989 1379 4043 Dei
1416 3989 1546 4043 ﬁant
1573 4032 1587 4055 ,
1622 3993 1703 4045 vel
1745 4007 1852 4045 non
1889 3993 2029 4047 reci-

448 4087 662 4157 pientes
695 4091 995 4153 arguantur
1027 4082 1187 4152 quasi
1214 4082 1421 4135 inimici
1454 4082 1604 4151 pacis
1632 4094 1685 4137 et
1715 4082 1829 4138 Dei.

517 4173 709 4233 XXII.
742 4174 820 4230 Ita
842 4190 975 4246 ergo
1003 4181 1057 4230 et
1091 4189 1194 4228 nos
1232 4175 1479 4246 magistri
1512 4175 1768 4229 instituta
1798 4191 2028 4231 servan-

2132 3718 2320 3787 utique
2352 3730 2411 3771 se
2442 3714 2722 3769 meliorem
2763 3710 3056 3766 ostendere
3085 3710 3203 3764 vult
3232 3724 3398 3779 quam
3443 3714 3521 3762 est
3545 3704 3622 3757 ille
3653 3715 3677 3751 τι

2130 3823 2241 3879 quo
2265 3806 2471 3862 missus
2498 3811 2600 3870 est,
2632 3813 2689 3859 et
2716 3810 2800 3858 est
2832 3803 2952 3858 sine
2999 3800 3169 3856 dubio
3198 3801 3593 3864 praevaricator.
3630 3790 3674 3844 Si

2129 3912 2260 3953 vero
2288 3913 2350 3951 ea
2381 3911 2503 3966 quae
2535 3895 2726 3964 jussus
2755 3902 2840 3949 est
2870 3900 3258 3962 prosequatur,
3285 3901 3573 3957 eorumque
3602 3898 3675 3935 εει

2132 3990 2402 4045 sertiones
2443 3984 2923 4041 manifestissimas
2966 3983 3247 4055 proferat,
3300 3978 3527 4051 apostoli
3565 3985 3678 4043 opus

2131 4081 2355 4151 exsequi
2382 4078 2690 4144 videbitur,
2720 4076 2868 4147 quod
2918 4090 3019 4146 ego
3055 4089 3204 4129 nunc
3234 4074 3461 4144 implere
3487 4076 3676 4124 conten-

2132 4175 2267 4229 dens
2299 4188 2407 4226 non
2438 4171 2535 4225 tibi
2565 4171 2773 4240 placeo.
2804 4167 2925 4221 Non
2952 4180 3081 4237 ergo
3140 4162 3525 4235 reprehendas,
3559 4153 3677 4226 quml

448 4281 556 4338 tes,
588 4284 779 4341 pacem
811 4269 987 4339 primo
1019 4268 1377 4338 proponimus
1409 4268 1775 4332 auditoribus,
1816 4276 1879 4323 ut
1905 4269 2031 4325 abs—
2132 4265 2254 4334 ejus
2282 4262 2377 4333 qui
2403 4277 2490 4316 me
2512 4261 2662 4316 misit
2689 4260 2965 4331 proferam
2988 4257 3185 4321 verba;
3220 4254 3319 4311 sed
3348 4256 3394 4310 si
3422 4252 3569 4309 estin
3590 4248 3679 4299 illis

447 4379 554 4433 que
600 4362 711 4416 ulla
744 4360 1162 4431 perturbatione
1195 4360 1366 4430 possit
1415 4360 1503 4413 via
1545 4360 1739 4414 salutis
1783 4361 2027 4430 agnosci.
2135 4354 2370 4425 aliquid,
2399 4352 2547 4423 quod
2577 4367 2687 4405 non
2724 4351 2797 4405 sit
2840 4350 3053 4419 integre
3097 4348 3345 4411 dictum,
3389 4343 3507 4400 inde
3530 4356 3605 4396 me
3632 4344 3679 4389 ιιι

448 4451 605 4519 Quod
655 4450 703 4507 si
743 4451 869 4521 quis
927 4450 1079 4522 pacis
1105 4451 1270 4505 verba
1300 4465 1409 4503 non
1442 4451 1676 4519 suscipit
1722 4466 1899 4520 neque
1939 4466 2033 4505 ac-
2062 4441 2109 4502 D
2135 4460 2334 4516 arguas
2380 4444 2546 4509 licet;
2576 4441 2725 4512 quod
2774 4450 2961 4496 tamen
2992 4440 3144 4494 nullo
3179 4437 3342 4493 modo
3372 4437 3481 4492 fieri
3508 4438 3675 4504 potest.

447 4544 683 4615 quiescit
728 4543 947 4598 veritati
976 4582 991 4606 ,
1043 4543 1247 4598 scimus
1287 4542 1578 4597 adversum
1613 4558 1738 4597 eum
1790 4560 2025 4613 pugnam
2132 4535 2427 4605 (PrOpheta
2459 4534 2604 4589 enim
2631 4540 2737 4597 est,
2765 4539 2820 4585 et
2852 4531 2954 4587 sibi
2982 4545 3106 4585 esse
3135 4530 3443 4583 contrarius
3482 4539 3578 4579 non
3600 4534 3679 4591 ρο·

448 4638 600 4693 verbi
644 4651 883 4703 movere,
915 4643 969 4691 et
997 4650 1229 4702 arguere
1261 4636 1444 4691 acrius
1492 4612 1828 4691 confutando
1875 4612 2029 4705 igno-
2130 4636 2240 4683 test
2255 4628 2345 4696 ⁸⁷.)
2375 4627 2484 4680 Aut
2514 4625 2562 4679 si
2586 4640 2697 4679 non
2728 4630 2893 4694 putas
2927 4638 3051 4678 eum
3084 4621 3407 4692 prophetam
3436 4631 3564 4683 esse,
3594 4612 3677 4665 hoc

449 4731 686 4784 rantiam
714 4738 769 4784 et
799 4728 1181 4799 redarguendo
1211 4736 1455 4797 peccata.
1488 4727 1817 4785 Necessario
1863 4731 2029 4801 igitur
2131 4720 2309 4790 primo
2340 4718 2679 4787 I‘GQUiralur-

450 4837 640 4892 pacem
674 4794 1067 4891 proponimus,
1095 4828 1155 4874 ut
1195 4794 1242 4874 si
1274 4820 1398 4890 quis
1426 4828 1511 4876 est
1547 4820 1689 4876 filius
1715 4794 1909 4892 pacis:
1926 4837 2030 4892 pax
2210 4808 2447 4865 XXXIV.
2489 4807 2555 4860 Et
2596 4804 2790 4859 Simon
2820 4820 2833 4856 :
2874 4802 2993 4858 Non
3024 4819 3163 4875 opus
3198 4803 3374 4857 habeo
3397 4800 3493 4853 hoc
3525 4794 3676 4857 dicere

452 4920 640 4968 nostra
666 4914 851 4968 veniat
883 4928 1049 4983 super
1077 4927 1225 4971 cum.
1259 4913 1328 4967 ab
1357 4927 1424 4966 eo
1453 4922 1633 4967 autem
1677 4914 1771 4983 qui
1786 4906 1859 4968 'se
1907 4914 2034 4968 alie—
2136 4905 2235 4959 abs
2270 4912 2351 4967 le.
2384 4900 2482 4956 sed
2525 4897 2802 4971 quomodo
2833 4898 2939 4951 Sibi
2968 4898 3075 4950 iSla
3105 4896 3449 4950 οοηνσῖηίὶιηῑο
3478 4888 3528 4945 εί
3554 4883 3675 4940 enim

452 5019 585 5059 num
617 5004 769 5074 pacis
799 5003 1061 5069 effecerit,
1086 5003 1429 5073 regredietur
1459 5003 1527 5057 ad
1559 5019 1660 5059 nos
1680 5020 1785 5073 pax
1816 5014 2020 5060 nostra.

2136 4998 2509 5051 inconsonans
2536 4990 2879 5047 ostendetur.
2915 4989 3078 5043 simul
3112 4988 3278 5043 etiam
3309 4985 3552 5057 prOpbeta
3585 4988 3673 5030 non

452 5096 579 5152 Non
610 5112 762 5166 ergo,
802 5104 862 5150 ut
892 5096 1002 5160 ais,
1050 5111 1327 5151 consensu
1375 5096 1644 5149 malorum
1674 5111 1864 5166 pacem
1903 5112 2033 5166 pto-
2138 5103 2263 5144 esse
2281 5084 2591 5143 docebitur.
2617 5080 2757 5134 Tum
2788 5078 3026 5135 Petrus:
3064 5077 3172 5133 Sed
3203 5079 3249 5134 si
3275 5079 3457 5149 prius,
3490 5067 3671 5138 inquit.

454 5187 734 5257 ponimus;
788 5201 913 5240 nam
950 5186 1136 5255 utique
1181 5186 1439 5239 continuo
1478 5185 1577 5238 tibi
1622 5184 1901 5239 dexteram
1951 5185 2039 5239 de-
2140 5178 2435 5236 ostendero
2462 5189 2589 5231 eum
2620 5172 2940 5243 prophetam
2965 5211 2981 5234 ,
3025 5170 3133 5226 hoc
3162 5173 3307 5241 quod
3341 5167 3541 5225 videtur
3572 5170 3671 5214 esse

454 5189 734 5257 ponimus;
788 5201 913 5240 nam
950 5189 1136 5255 utique
1181 5189 1439 5239 continuo
1478 5189 1577 5238 tibi
1622 5189 1901 5239 dexteram
1951 5189 2039 5239 de-
2140 5189 2435 5236 ostendero
2462 5189 2589 5231 eum
2620 5189 2940 5243 prophetam
2965 5211 2981 5234 ,
3027 5189 3133 5226 noc
3162 5189 3307 5241 quou
3341 5189 3540 5225 videtur
3572 5189 3670 5214 των

453 5280 757 5344 dissemus,
787 5280 883 5334 sed
914 5285 973 5332 ut
1018 5293 1117 5349 per
1145 5277 1379 5347 quietem
1411 5283 1466 5331 et
1509 5276 1826 5345 patientiam
1868 5275 2042 5329 disse-
2143 5274 2541 5329 inconsonans,
2573 5280 2683 5319 non
2711 5266 2840 5325 erit.
2871 5278 3052 5333 neque
3079 5264 3224 5325 enim
3266 5278 3332 5318 ex
3360 5248 3669 5316 consonantia

456 5326 757 5344 ..ηψπ-υ,
788 5326 883 5334 η-
918 5326 971 5332 _-
1021 5326 1108 5349 τ--
1148 5326 1378 5347 Ἴ--------
1417 5326 1461 5331 γ
1509 5326 1557 5345 ,ν
1876 5326 2013 5329 ﬁ---
2145 5326 2179 5328 -,
2530 5326 2537 5329 _
2960 5326 2979 5333 _

456 5373 706 5428 rentibus
741 5373 924 5437 nobis,
952 5372 1044 5440 qui
1076 5370 1147 5425 sit
1178 5382 1359 5423 sermo
1383 5384 1566 5431 verus,
1596 5367 1811 5421 facilius
1839 5368 1907 5421 ab
1938 5382 2037 5420 auo
2142 5366 2265 5436 quis
2300 5360 2564 5433 pr0pheta
2594 5372 2719 5411 esse
2763 5355 3051 5426 probatur,
3081 5355 3208 5425 quia
3245 5355 3349 5410 hoc
3377 5349 3547 5407 multis
3571 5326 3702 5412 pos-i

458 5463 732 5521 ditoribus
762 5436 1213 5537 dignoscatur.Si
1245 5471 1425 5515 autem
1446 5460 1717 5516 dissideas
1744 5467 1799 5515 et
1822 5460 2034 5515 discor—
2143 5456 2302 5512 sibile
2345 5460 2432 5508 est
2482 5448 2698 5515 facere;
2729 5446 2875 5517 quod
2908 5446 2956 5501 si
2993 5446 3356 5502 consonantia
3398 5436 3671 5513 ρτοριιεωω

553 5599 599 5631 ³⁸
638 5598 831 5653 Matth.
864 5615 918 5663 v,
940 5599 994 5653 9.
1096 5598 1139 5630 ³¹
1181 5597 1373 5653 Matth.
1404 5614 1457 5659 x,
1482 5596 1688 5663 31,55;
1720 5595 1854 5649 Luc.
1890 5612 1988 5657 xn,
2026 5595 2114 5651 5'5.
2188 5592 2262 5663 λ’
2302 5589 2492 5645 Matth.
2543 5601 2703 5663 xxiii;
2737 5582 2872 5663 Iino.
2909 5600 2986 5663 x_t_.
3020 5583 3112 5663 _”
3150 5580 3340 5663 Matth.
3376 5595 3469 5663 ι,υὲ

465 5668 599 5750 13“?-
639 5642 918 5750 $373."
942 5642 994 5750 ξς
1026 5642 1511 5750 ΜθῑῑῘῖ-’ἶίξϊῖξν
1531 5642 1580 5699 3;
1600 5642 2001 5750 €5,3thta.
2027 5642 2147 5750 "'3‘
2186 5642 2598 5750 Matthixxvm,
2631 5642 2718 5720 I9,
2746 5655 2835 5709 20.
2936 5655 2997 5729 "’ﬁ
3020 5650 3300 5709 Vocabula
3327 5647 3472 5707 uncis
3493 5642 3668 5698 inclusa

471 5739 529 5792 in
554 5725 1093 5810 textum'recepimus
1122 5755 1186 5793 ex
1223 5725 1383 5793 codd.
1418 5725 2036 5813 Thuan.,Sorb.,Lipss.
2071 5742 2126 5791 et
2156 5734 2244 5788 all.
2320 5730 2349 5735 ’“
2984 5725 2997 5729 ”
