3890 6192
245 325 387 382 1205

1441 333 2014 392 ΒΕΟΟΟΝΞΤΙΟΝΗΜ
2049 335 2179 393 LIB.
2216 334 2275 413 ιι.

3372 340 3511 397 19.66

243 459 355 499 non
400 443 566 507 facit,
616 444 792 500 multo
844 448 1018 518 magis
1051 462 1152 501 nec
1187 448 1628 505 inconsonantia.
1680 450 1820 518 Quia
1851 455 1893 511 A
1928 450 2073 521 quod
2120 464 2220 519 pro
2265 451 2568 504 assertione
2626 448 2822 504 horum
2886 452 3170 507 innumera
3216 453 3511 510 verborum

240 551 376 607 ergo
410 536 581 590 multa
617 546 784 601 sunt,
835 554 957 608 quae
984 540 1237 595 videntur
1263 541 1483 611 quidem
1523 544 1826 599 inconsona

242 645 369 683 esse
391 628 691 692 nonnullis,
721 630 924 684 habent
952 638 1133 686 tamen
1156 632 1510 701 profundiore
1532 637 1744 691 ratione
1769 638 1824 692 in

242 722 556 792 semetipsis
580 724 1022 789 consonantiam,
1043 725 1187 780 sicut
1217 735 1273 781 et
1304 728 1408 781 alia
1431 745 1551 799 qua:
1576 729 1827 785 videntur

243 813 449 869 habere
495 816 949 881 consonantiam,
1000 817 1254 875 discussa
1303 819 1619 887 diligentius
1676 823 1827 879 inve—

242 907 474 961 niuntur
514 906 818 962 inconsona
844 948 859 973 ,
889 908 992 963 hac
1022 910 1089 967 de
1128 925 1297 966 causa
1346 914 1509 967 aliam
1541 930 1652 969 non
1694 925 1827 986 puto

243 999 532 1055 rectiorem
563 1015 687 1057 esse
732 1002 879 1056 viam
911 1002 979 1057 ad
1017 1002 1213 1059 horum
1262 1005 1587 1073 discrimen,
1618 1009 1728 1063 nisi
1768 1018 1827 1064 ut

240 1089 399 1159 prius
426 1106 846 1161 cognoscamus,
877 1094 925 1149 si
952 1095 1000 1150 is
1047 1096 1141 1165 qui
1171 1096 1386 1151 locutus
1414 1107 1499 1153 est
1520 1114 1583 1153 ea
1604 1115 1725 1170 quae
1745 1102 1827 1155 vi-

242 1182 448 1237 dentur
483 1184 819 1250 inconsona,
852 1188 1118 1258 pr0pheta
1146 1191 1235 1246 sit.
1271 1190 1327 1245 Si
1361 1192 1504 1247 enim
1551 1194 1826 1248 invenitur

242 1276 513 1347 prepheta
557 1293 680 1335 esse
705 1320 720 1343 ,
753 1281 936 1335 omnia
986 1281 1079 1335 illa
1106 1298 1227 1353 qua:
1258 1284 1509 1340 videntur
1557 1286 1661 1342 sibi
1703 1303 1827 1342 esse

239 1372 554 1437 contraria,
595 1379 817 1428 constat
858 1374 1061 1429 habere
1091 1379 1545 1441 consonantiam,
1582 1379 1677 1435 sed
1717 1395 1824 1434 non

240 1462 499 1533 intelligi.
524 1463 600 1518 De
629 1464 715 1520 his
741 1482 873 1536 ergo
907 1468 1268 1536 probamenta
1306 1472 1513 1526 rectius
1550 1472 1826 1543 requiren-

241 1562 356 1609 tur.
383 1553 494 1608 Nos
519 1558 665 1611 enim
701 1561 936 1628 apostoli
972 1561 1119 1618 illius
1151 1564 1246 1633 qui
1295 1580 1396 1619 nos
1428 1566 1611 1632 misit,
1656 1566 1825 1622 verba

239 1662 515 1717 exponere
544 1650 701 1706 missi
730 1667 922 1709 sumus
953 1663 1010 1708 et
1048 1654 1319 1713 allirmare
1345 1659 1671 1724 sententias,
1697 1674 1825 1729 pro-

241 1740 567 1821 prium-vero
588 1741 768 1800 dicere
791 1746 995 1817 aliquid
1026 1765 1137 1805 non
1160 1750 1427 1807 habemus
1448 1753 1505 1807 in
1525 1755 1821 1821 mandatis,

238 1833 339 1887 sed
364 1814 656 1891 verborum
686 1837 865 1900 illius,
902 1848 963 1893 ut
994 1841 1129 1906 dixi,
1168 1844 1380 1913 aperire
1402 1845 1711 1902 veritatem.

314 1923 532 1981 XXXV.
576 1927 642 1981 Et
676 1931 866 1983 Simon
898 1932 973 1984 ait
1011 1949 1023 1983 :
1058 1932 1202 1989 Doce
1231 1951 1361 2006 ergo
1394 1952 1515 2004 nos,
1545 1940 1822 2009 quomodo

238 2022 553 2085 conveniat,
579 2030 638 2077 ut
662 2024 708 2078 is
731 2025 825 2094 qui
851 2025 1151 2082 divisiones
1191 2028 1343 2094 facit,
1371 2046 1491 2101 qua:
1522 2033 1822 2091 divisiones

238 2114 440 2170 cadere
477 2114 682 2171 faciant
706 2133 801 2173 eos
823 2120 916 2188 qui
944 2120 1281 2185 dividuntur,
1316 2123 1398 2177 vel
1430 2124 1608 2181 bonus
1636 2126 1822 2181 videa—

241 2216 357 2269 tur,
389 2207 472 2261 vel
513 2207 581 2261 ad
628 2208 914 2264 hominum
956 2211 1187 2266 salutem
1212 2214 1451 2270 venisse.
1498 2215 1564 2269 Et
1589 2216 1817 2274 Petrus:

237 2300 407 2363 Audi,
442 2302 715 2371 quomodo
744 2305 1006 2372 magister
1052 2313 1242 2361 noster
1280 2323 1439 2364 omne
1478 2326 1728 2381 regnum,
1768 2320 1821 2367 et

238 2408 465 2448 omnem
492 2392 714 2448 domum
744 2394 976 2451 divisam
1008 2397 1300 2454 adversum
1333 2402 1705 2471 semetipsam,
1738 2401 1821 2456 di-

236 2488 323 2541 xit
371 2496 517 2543 stare
564 2503 678 2543 non
718 2505 899 2561 posse.
951 2490 1066 2547 Hoc
1115 2502 1298 2549 autem
1343 2511 1467 2549 cum
1516 2497 1631 2568 ipse
1671 2498 1819 2564 fecit,

235 2577 367 2634 vide
389 2581 665 2649 quomodo
689 2582 757 2637 ad
792 2584 1023 2639 salutem
1059 2586 1237 2642 cedat.
1274 2587 1335 2641 In
1363 2604 1550 2645 errore
1584 2593 1821 2661 positum

238 2673 430 2727 mundi
473 2688 723 2744 regnum,
771 2676 855 2731 vel
903 2693 1340 2750 unamquamque
1392 2681 1447 2735 in
1491 2697 1557 2739 eo
1599 2684 1820 2740 domum

238 2764 411 2820 verbo
442 2767 685 2824 veritatis
717 2762 930 2834 dividit,
962 2774 1153 2840 procul
1185 2773 1353 2828 dubio
1395 2782 1455 2828 ut
1485 2775 1645 2831 cadat
1668 2793 1824 2834 error

237 2868 296 2914 et
322 2860 522 2915 veritas
552 2871 762 2933 regnet.
794 2864 949 2931 Quod
981 2867 1029 2922 si
1063 2869 1224 2921 alicui
1266 2871 1480 2924 accidat
1520 2872 1729 2937 domui,
1761 2884 1821 2927 ut

236 2966 402 3005 error
448 2952 793 3011 introductus
836 2973 932 3027 per
976 2959 1212 3029 aliquem
1258 2962 1465 3017 dividat
1511 2964 1818 3028 veritatem,

238 3058 371 3096 eum
415 3060 572 3100 errcr
621 3048 944 3114 obtinuerit,
979 3059 1189 3106 certum
1228 3063 1311 3110 est
1358 3056 1639 3112 veritatem
1675 3066 1821 3113 stare

240 3151 357 3190 non
398 3153 579 3207 posse.
634 3139 699 3194 Et
734 3138 960 3197 Simon:
992 3144 1100 3200 Sed
1158 3149 1429 3203 incertum
1482 3158 1587 3214 est,
1637 3158 1818 3206 utrum
1848 3156 1890 3211 C

242 3226 510 3295 magister
546 3237 727 3285 vester
768 3248 1011 3289 errorem
1042 3236 1250 3291 dividat
1282 3253 1349 3293 an
1383 3239 1685 3297 veritatem.
1754 3240 1819 3296 Et

241 3314 439 3374 Petrus
463 3340 474 3374 :
503 3321 652 3377 Istud
681 3324 905 3382 alterius
924 3330 1244 3397 quaestionis
1267 3340 1367 3387 est.
1398 3330 1503 3388 Sed
1533 3333 1580 3390 si
1606 3342 1821 3390 constat

241 3410 393 3479 apud
422 3420 493 3477 te,
528 3416 656 3483 quia
685 3432 847 3474 omne
878 3421 1025 3489 quod
1070 3423 1308 3478 divisum
1339 3425 1503 3480 fuerit
1529 3426 1694 3493 cadit,
1726 3444 1821 3484 su-

242 3509 430 3569 perest
453 3511 511 3557 ut
534 3507 838 3573 ostendam,
865 3510 910 3565 si
942 3516 1156 3566 tantum
1187 3529 1311 3568 cum
1339 3530 1472 3585 pace
1497 3518 1688 3573 audire
1716 3519 1816 3581 vis,

242 3594 394 3662 quod
426 3593 588 3652 Jesus
633 3608 824 3655 uoster
855 3617 1099 3658 errorem
1138 3605 1388 3663 diviserit
1418 3622 1483 3664 ac
1514 3611 1817 3677 resolverit,

240 3682 497 3739 docendo
521 3690 827 3747 veritatem.

317 3776 556 3834 XXXVI.
592 3781 730 3837 Tum
764 3783 952 3841 Simon
980 3804 992 3838 :
1018 3787 1238 3855 Omitte,
1282 3792 1480 3864 inquit,
1513 3810 1819 3852 sermonem

241 3868 399 3938 pacis
434 3868 748 3941 frequenter
780 3876 1001 3942 iterare,
1032 3880 1161 3949 quid
1188 3898 1317 3936 vero
1348 3886 1419 3939 sit
1458 3886 1604 3955 quod
1648 3889 1820 3943 sentis

241 3969 341 4012 aut
391 3962 587 4028 credis,
627 3964 865 4021 breviter
911 3984 1142 4040 expone.
1194 3973 1260 4027 Et
1308 3973 1503 4034 Petrus
1532 3979 1646 4034 ait:
1678 3979 1821 4045 Quid

239 4058 408 4111 times
464 4056 658 4111 crebro
704 4059 896 4116 audire
938 4063 1006 4118 de
1054 4066 1229 4133 pace?
1279 4077 1373 4123 aut
1428 4069 1647 4141 ignoras
1692 4073 1821 4143 quia

241 4147 511 4219 perfectio
540 4150 675 4221 legis
700 4167 805 4222 pax
835 4156 959 4210 est?
991 4172 1057 4211 ex
1085 4160 1328 4227 peccatis
1377 4164 1523 4217 enim
1555 4165 1696 4219 bella
1723 4181 1822 4219 na-

240 4247 480 4295 scuntur
505 4249 559 4297 et
584 4245 910 4309 certamina,
945 4247 1039 4302 ubi
1071 4257 1254 4305 autem
1282 4262 1569 4321 peccatum
1600 4272 1706 4311 non
1741 4257 1818 4322 fit,

236 4344 350 4402 pax
378 4340 463 4386 est
480 4334 708 4389 animae:
736 4336 831 4391 ubi
859 4353 991 4394 vero
1012 4355 1115 4409 pax
1143 4351 1246 4408 est,
1276 4343 1331 4397 in
1361 4346 1821 4415 disputationibus

240 4424 471 4487 veritas,
506 4425 560 4480 in
592 4427 851 4496 operibus
901 4429 1116 4499 justitia
1164 4435 1458 4491 invenitur.
1510 4436 1573 4491 Et
1598 4437 1815 4493 Simon:

249 4513 465 4570 \‘ideris
511 4518 643 4570 mihi
686 4533 796 4573 non
848 4535 1009 4590 posse
1041 4524 1281 4593 profiteri
1325 4529 1470 4597 quod
1515 4531 1706 4587 sentis.
1756 4530 1822 4584 Et

238 4602 486 4660 Petrus:
521 4606 728 4675 Dicam,
779 4627 845 4666 ex
893 4615 1121 4670 arbitrio
1170 4626 1370 4685 tamen,
1407 4638 1515 4679 non
1563 4630 1672 4685 tuis
1702 4646 1822 4687 ver-

243 4693 411 4748 sutiis
441 4706 687 4755 coactus.
737 4700 915 4772 Cupio
954 4707 1102 4759 enim
1145 4710 1293 4777 quod
1339 4714 1579 4773 salutare
1608 4727 1661 4773 et
1693 4722 1823 4778 utile

238 4794 333 4841 est
364 4789 621 4845 omnibus
666 4791 864 4849 adduci
913 4795 970 4851 in
1015 4799 1289 4868 notitiam,
1320 4812 1375 4860 et
1416 4807 1539 4863 ideo
1579 4812 1823 4881 proferre

240 4894 413 4947 quam
474 4880 799 4940 brevissime
858 4902 969 4942 non
1024 4894 1300 4950 morabor.
1355 4896 1506 4954 Unus
1536 4880 1619 4957 est
1654 4903 1819 4972 Deus,

243 4972 505 5042 idemque
547 4976 801 5031 conditor
848 4982 1074 5048 mundi,
1117 4986 1304 5054 justus
1348 4989 1551 5058 judex,
1598 5002 1651 5049 et
1696 4998 1821 5051 nni-

241 5062 448 5133 cuique
476 5081 575 5135 pro
607 5070 819 5125 actibus
848 5072 965 5127 suis
994 5077 1320 5147 quandoque
1351 5084 1665 5141 restituens.
1702 5087 1821 5142 Jam

244 5170 381 5209 vero
417 5173 515 5226 pro
558 5164 859 5219 assertione
902 5166 1121 5233 horum,
1171 5172 1285 5225 scio
1326 5176 1612 5232 innumera
1663 5198 1824 5251 posse

244 5245 542 5300 verborum
569 5252 733 5305 millia
763 5261 1114 5314 commoveri.

320 5335 586 5395 XXXVII.
629 5342 695 5396 Et
733 5344 921 5403 Simon
953 5350 1065 5406 ait:
1101 5352 1267 5409 Miror
1307 5359 1527 5426 quidem
1564 5364 1823 5419 velocita-

243 5440 361 5484 tem
390 5431 591 5503 ingenii
618 5438 719 5503 tui,
752 5456 861 5495 non
890 5450 1069 5500 tamen
1095 5450 1395 5519 amplector
1421 5471 1661 5515 errorem
1701 5461 1823 5517 fidei

243 5533 390 5591 tute;
431 5529 728 5597 prudenter
756 5535 903 5589 enim
930 5541 1252 5608 prazvidisti,
1279 5548 1424 5615 quod
1471 5550 1567 5606 tibi
1599 5562 1824 5610 contra-

243 5618 361 5672 dici
407 5623 609 5690 possit,
648 5633 701 5681 et
736 5630 941 5687 urbane
984 5632 1037 5688 id
1073 5635 1234 5692 etiam
1280 5638 1397 5710 ipse
1428 5643 1711 5712 professus
1741 5666 1808 5706 es.

337 5800 383 5830 ³⁸
422 5800 553 5859 Gen.
611 5822 697 5871 ιιι,
746 5809 798 5864 5.

1926 539 2098 592 millia
2128 538 2527 605 movebuntur;
2567 538 2703 592 nulli
2732 538 2879 593 enim
2916 539 3213 593 concordat
3242 538 3513 610 professio

1936 629 2060 684 fidei
2109 636 2236 683 tuae.
2285 628 2526 699 Denique
2574 629 2722 700 quod
2754 645 2900 685 unus
2930 629 3004 685 sit
3038 629 3204 695 Deus,
3238 632 3399 700 cujus
3442 633 3515 687 sit

1923 736 2063 791 opus
2114 719 2374 784 mundus,
2426 720 2532 774 hoc
2576 722 2813 791 primum
2869 722 2993 791 quis
3051 722 3319 792 recipiat?
3375 731 3513 793 puto

1926 813 2057 881 quia
2103 828 2279 882 neque
2308 828 2644 882 paganorum
2676 814 2990 884 quisquam,
3027 814 3281 884 quamvis
3320 814 3411 870 ille
3438 816 3514 870 sit

1926 903 2119 968 idiota,
2160 900 2608 975 philosophorum
2654 914 2834 961 autem
2881 907 3109 962 omnino
3158 908 3365 970 nullus,
3413 906 3509 963 sed

1925 1010 2028 1050 nec
2054 994 2366 1050 .Iudzeorum
2398 997 2617 1067 quidem
2661 998 3110 1069 imperitissimus
3140 1002 3431 1072 quisquam
3458 1009 3513 1056 et

1924 1087 2293 1150 miserrimus,
2333 1104 2511 1158 neque
2534 1104 2633 1159 ego
2672 1091 2789 1160 ipse
2817 1091 2913 1161 qui
2943 1106 3134 1146 eorum
3172 1093 3344 1163 legem
3372 1093 3512 1149 bene

1926 1178 2076 1232 novi.
2121 1177 2184 1231 Et
2211 1178 2444 1235 Petrus:
2480 1178 2704 1247 Omitte,
2744 1181 2942 1252 inquit,
2987 1184 3274 1254 opiniones
3312 1184 3513 1239 absen-

1926 1270 2100 1335 tium,
2140 1271 2236 1326 tibi
2289 1272 2420 1341 quid
2462 1271 2699 1339 videtur,
2732 1288 2973 1344 praesens
3013 1278 3270 1345 praesenti
3320 1276 3511 1333 dicito.

1926 1360 2064 1417 Tum
2108 1362 2297 1419 Simon
2329 1380 2342 1416 :
2373 1363 2628 1432 Possum,
2660 1365 2869 1437 inquit,
2900 1382 3174 1438 exponere
3203 1369 3356 1439 quod
3388 1384 3513 1425 vere

1924 1454 2124 1520 sentio,
2175 1456 2271 1513 sed
2320 1456 2615 1528 pigriorem
2662 1473 2750 1514 me
2800 1458 2934 1514 facit
2980 1461 3072 1514 illa
3113 1460 3508 1528 consideratio,

1926 1547 2055 1616 quia
2081 1548 2125 1604 si
2154 1548 2366 1616 dixero,
2397 1552 2543 1620 quod
2568 1567 2747 1622 neque
2770 1553 2870 1607 tibi
2898 1553 2971 1608 sit
3002 1568 3307 1609 consonum
3330 1570 3513 1626 neque

1927 1639 2093 1711 vulgo
2140 1641 2269 1697 huic
2316 1642 2571 1713 imperito
2622 1653 2832 1699 rectum
2887 1646 3123 1712 videtur,
3173 1655 3231 1701 tu
3286 1648 3509 1718 quidem

1928 1733 2084 1801 quasi
2143 1733 2599 1805 obstupefactus,
2656 1751 2818 1792 aures
2874 1740 3138 1795 continuo
3202 1740 3509 1796 obcludens

1929 1824 2076 1878 velut
2107 1841 2174 1878 ne
2205 1826 2542 1897 blasphemia
2576 1828 2908 1899 polluantur,
2947 1832 3177 1887 verteris
3212 1833 3269 1887 in
3301 1832 3506 1903 fugam,

1925 1916 2054 1986 quia
2085 1918 2231 1986 quod
2258 1920 2592 1990 respondeas
2620 1936 2732 1976 non
2762 1921 3031 1990 invenies,
3064 1925 3297 1993 populus
3328 1933 3508 1979 autem

1933 2007 2331 2067 irrationabilis
2368 2020 2683 2070 assentatus
2727 2014 2851 2081 tibi,
2878 2023 2933 2070 te
2961 2017 3179 2085 quidem
3216 2018 3511 2089 amplecte-

1925 2105 2035 2163 tur,
2077 2102 2236 2171 quasi
2280 2119 2343 2158 ea
2375 2104 2661 2161 docentem
2706 2122 2828 2177 quae
2878 2108 2932 2161 in
2967 2125 3070 2165 usu
3118 2110 3198 2165 eis
3231 2118 3384 2177 sunt,
3418 2127 3503 2166 me

1925 2206 2055 2245 vero
2084 2194 2544 2262 exsecrabuntur,
2578 2196 2744 2251 veluti
2776 2212 2917 2251 nova
2950 2197 3193 2267 quaedam
3230 2208 3393 2270 atque
3422 2201 3506 2254 in-

1926 2284 2110 2336 audita
2139 2284 2506 2354 profitentem,
2538 2304 2831 2358 meumque
2858 2304 3099 2345 errorem
3131 2291 3325 2347 alienis
3356 2308 3509 2347 men-

1927 2374 2078 2429 tibus
2110 2371 2458 2432 inferentem.

2004 2463 2291 2522 XXXVIII.
2335 2466 2473 2523 Tum
2501 2468 2733 2526 Petrus:
2758 2469 3017 2541 Nunquid
3061 2487 3171 2527 non
3202 2482 3282 2539 tu,
3315 2473 3371 2528 in
3399 2490 3509 2546 quo

1924 2572 2025 2611 nos
2057 2558 2379 2624 accusabas,
2409 2559 2529 2630 ipse
2557 2562 2877 2633 ambagibus
2910 2564 3102 2633 uteris,
3132 2566 3271 2620 nihil
3300 2567 3509 2625 habens

1926 2651 2071 2719 q'uod
2105 2651 2302 2708 aﬂ‘eras
2330 2654 2622 2708 veritatis?
2658 2661 2753 2708 aut
2780 2654 2826 2709 si
2859 2654 3048 2719 habes,
3083 2657 3262 2728 incipe
3300 2660 3510 2731 absque

1926 2744 2370 2811 circuitionibus,
2421 2746 2469 2803 si
2518 2757 2729 2803 tantum
2776 2748 3055 2806 confidis:
3092 2760 3147 2808 et
3192 2754 3240 2809 si
3289 2754 3510 2825 quidem

1927 2851 2039 2891 non
2070 2837 2382 2907 placuerint
2411 2839 2576 2894 alicui
2620 2841 2929 2896 auditorum
2961 2860 3082 2914 quae
3108 2845 3269 2912 dicis,
3314 2848 3509 2904 absce-

1925 2929 2037 2993 det,
2076 2929 2171 3000 qui
2201 2944 2333 2985 vero
2362 2932 2787 3001 permanserint,
2819 2943 3084 3004 cogentur
3110 2937 3509 2996 assertionibus

1929 3020 2041 3076 tuis
2091 3021 2325 3091 probare
2370 3022 2517 3093 quod
2548 3038 2737 3079 verum
2782 3036 2889 3079 est.
2932 3024 3113 3095 Incipe
3169 3028 3337 3098 igitur
3361 3033 3510 3100 quod

1928 3110 2025 3165 tibi
2064 3120 2273 3166 rectum
2318 3113 2557 3179 videtur,
2600 3129 2894 3184 exponere.
2938 3116 3004 3170 Et
3036 3117 3225 3173 Simon
3253 3121 3369 3174 ait:
3397 3121 3510 3195 Ego

1926 3204 2049 3257 dico
2098 3204 2304 3258 multos
2348 3221 2470 3260 esse
2501 3206 2656 3270 deos,
2688 3222 2854 3260 unum
2891 3214 3074 3264 tamen
3122 3226 3245 3267 esse
3297 3213 3510 3268 incom-

1923 3292 2347 3362 prehensibilem
2384 3301 2550 3364 atque
2579 3294 2839 3350 omnibus
2886 3296 3247 3368 incognitum,
3278 3300 3506 3357 borum-

1921 3400 2027 3454 que
2082 3386 2329 3440 omnium
2379 3386 2608 3441 deorum
2640 3385 2831 3441 Deum.
2878 3387 3016 3443 Tum
3049 3388 3247 3448 Petrus
3279 3413 3291 3448 :
3324 3392 3505 3458 Hunc,

1924 3478 2131 3546 inquit,
2166 3495 2330 3550 quem
2355 3479 2497 3535 dicis
2525 3494 2647 3535 esse
2697 3480 3306 3551 incoznprehensibilem
3339 3495 3394 3543 et
3422 3488 3508 3542 in-

1922 3572 2201 3641 cognith
2234 3572 2491 3627 omnibus
2521 3571 2712 3635 Deum,
2737 3587 2805 3627 ex
2843 3572 3147 3645 Scripturis
3182 3576 3501 3634 Judazorum

1922 3676 2043 3729 qua:
2076 3661 2131 3713 in
2160 3664 2490 3717 auctoritate
2515 3662 2811 3727 habentur,
2846 3666 3079 3734 probare
3102 3676 3278 3737 potes,
3330 3686 3399 3725 an
3439 3688 3503 3727 ex

1924 3750 2047 3807 aliis
2071 3751 2367 3822 aliquibus,
2396 3771 2535 3824 quas
2551 3771 2742 3814 omnes
2764 3758 3104 3830 ignoramus,
3126 3774 3193 3812 an
3216 3775 3281 3814 ex
3300 3759 3506 3816 Graecis

1923 3844 2264 3907 auctoribus,
2313 3860 2383 3900 an
2432 3862 2499 3902 ex
2542 3849 2653 3905 tuis
2699 3851 2990 3920 scripturis
3038 3853 3318 3921 propriis?
3346 3852 3508 3908 Certe

1921 3948 1989 3987 ex
2014 3930 2433 4007 quibuScunque
2460 3940 2569 4003 vis,
2607 3941 2801 4007 dicito,
2832 3941 2905 3994 ita
2944 3948 3125 3997 tamen
3164 3952 3218 3996 ul
3249 3945 3506 4001 ostendas

1922 4040 2016 4081 eas
2039 4026 2193 4096 prius
2220 4042 2344 4084 esse
2374 4032 2753 4101 propheticas;
2796 4034 2871 4088 ita
2903 4034 3049 4088 enim
3080 4035 3191 4101 fiet,
3228 4045 3287 4092 ut
3316 4052 3507 4094 earum

1924 4117 2236 4172 indubitata
2274 4120 2545 4178 habeatur
2576 4132 2896 4187 auctoritas.

1997 4208 2240 4267 XXXIX.
2284 4213 2348 4268 Et
2391 4215 2578 4274 Simon
2618 4222 2732 4275 ait:
2764 4222 2842 4279 Ex
2885 4225 3001 4295 lege
3025 4224 3340 4282 Iudaeorum
3388 4229 3507 4285 sola

1931 4302 2271 4361 assertiones
2316 4306 2604 4366 adhibebo.
2637 4311 2903 4371 Omnibus
2934 4318 3078 4371 enim
3105 4319 3200 4388 qui
3229 4320 3507 4391 religionis

1923 4408 2111 4449 curam
2148 4406 2365 4467 gerunt,
2402 4402 2752 4459 manifestum
2788 4414 2872 4463 est
2904 4410 3073 4464 totius
3104 4425 3227 4465 esse
3266 4414 3507 4468 auctori-

1852 4505 1901 4566 ο
1927 4486 2056 4541 tatis
2086 4487 2227 4542 hanc
2261 4489 2455 4561 legem,
2492 4509 2937 4569 unumquemque
2980 4508 3160 4557 tamen
3201 4505 3504 4562 secundum

1924 4581 2206 4650 proprium
2254 4600 2478 4640 sensum
2522 4587 2935 4658 intelligentiam
2988 4595 3121 4665 legis
3158 4596 3323 4667 hujus
3359 4600 3506 4654 acci—

1924 4684 2073 4741 pere.
2103 4673 2181 4726 Ita
2210 4674 2353 4729 enim
2388 4675 2457 4730 ab
2477 4692 2543 4731 eo
2567 4681 2659 4749 qui
2695 4682 2956 4736 mundum
2991 4685 3258 4749 condidit,
3293 4690 3503 4760 scripta

1924 4767 2032 4827 est,
2063 4769 2120 4815 ut
2167 4762 2225 4817 in
2275 4764 2394 4835 ipsa
2440 4782 2622 4822 rerum
2671 4770 2807 4826 ﬁdes
2853 4774 3136 4830 habeatur.
3188 4774 3346 4832 Unde
3388 4780 3503 4835 sive

1930 4853 2057 4922 quis
2099 4869 2248 4919 vera,
2301 4856 2416 4913 sive
2448 4858 2611 4913 etiam
2654 4859 2790 4916 falsa
2830 4864 3076 4933 proferre
3103 4868 3253 4935 velit,
3297 4869 3505 4941 absque

1926 4944 2029 4997 hac
2082 4945 2198 5012 lege
2254 4946 2403 5001 nulla
2464 4950 2760 5021 recipietur
2817 4959 3071 5013 assertio.
3135 4959 3273 5025 Quia
3332 4961 3503 5033 igitur

1926 5035 2157 5091 scientia
2188 5051 2307 5090 mea
2336 5038 2651 5107 plenissime
2683 5060 2807 5097 cum
2842 5046 2960 5115 lege
2993 5051 3313 5119 concordat,
3347 5061 3498 5108 recte

1928 5126 2129 5181 multos
2166 5142 2288 5181 esse
2330 5133 2675 5198 pronuntiavi
2723 5135 2885 5199 deos,
2937 5155 3170 5208 quorum
3222 5160 3365 5199 unus
3415 5155 3501 5199 est

1924 5217 2253 5272 eminentior
2280 5227 2334 5273 et
2361 5220 2950 5295 incomprehensibilis,
2984 5231 3103 5301 ipse
3128 5233 3224 5303 qni
3247 5242 3333 5289 est
3356 5233 3498 5291 Deus

1925 5303 2170 5359 deorum.
2237 5306 2394 5372 Quod
2458 5319 2639 5367 autem
2715 5318 2869 5371 multi
2912 5320 3024 5375 sint
3063 5320 3169 5387 dii,
3230 5324 3347 5394 ipsa
3413 5342 3499 5381 me

1925 5392 2140 5447 edocuit
2169 5395 2276 5451 lex.
2314 5397 2499 5455 Primo
2526 5404 2747 5473 quidem
2782 5408 2872 5462 ubi
2906 5425 2971 5465 ex
3001 5392 3496 5485 persona—serpen-

1926 5485 1997 5538 tis
2024 5487 2224 5541 dicitnr
2253 5490 2317 5544 ad
2351 5490 2542 5560 Evam,
2574 5498 2802 5566 primam
2828 5502 3111 5558 mulierem
3140 5520 3153 5556 :
3179 5505 3498 5578 Quacunque

1929 5574 2013 5629 die
2039 5579 2480 5639 manducaveritis
2524 5588 2587 5641 de
2611 5588 2753 5659 ligno
2782 5592 2985 5647 sciendi
3006 5592 3197 5649 bonum
3224 5608 3274 5651 et
3296 5599 3494 5652 malum

1926 5669 2072 5723 eritis
2101 5673 2237 5726 sicut
2267 5673 2342 5729 dii
2371 5676 2435 5743 ³⁸,
2468 5678 2566 5734 hoc
2592 5692 2696 5748 est,
2732 5686 2871 5739 sicut
2901 5685 2955 5739 hi
2980 5687 3071 5756 qui
3105 5687 3379 5746 hominem
3409 5689 3493 5746 fe-
