3890 6192
239 342 377 398 1269

1440 333 2013 393 RECOGNITIONUM
2044 334 2169 389 LIB.
2208 333 2266 386 Π,

3347 334 3486 390 1270

230 461 287 507 et
309 453 522 507 dicatur
544 450 614 506 ab
634 450 723 506 bis
740 451 939 521 quibus
958 458 1173 520 praeest,
1192 447 1349 511 deus,
1370 456 1546 502 tamen
1572 447 1805 503 interro—
1834 451 1882 508 Α
1977 446 2161 502 XLIV.
2226 446 2383 511 Quod
2424 454 2479 501 et
2526 447 2573 501 si
2602 448 2713 501 sint
2753 446 2868 511 alii,
2900 455 2960 501 ut
2990 446 3254 513 diximus,
3281 448 3377 519 qui
3403 449 3487 503 di-

230 555 393 616 gatus
410 558 520 598 non
537 542 642 600 sibi
659 542 810 597 dabit
826 542 943 612 ipse
958 542 1068 596 tale
1082 539 1480 596 testimonium.
1500 537 1642 594 Deus
1661 538 1807 594 enim

228 636 506 699 excelsus,
554 634 651 705 qui
691 634 845 690 solus
881 639 1208 703 potestatem
1245 631 1487 686 omnium
1527 638 1676 685 tenet
1700 670 1715 692 ,
1752 630 1808 684 in

229 726 580 797 septuaginta
603 732 657 780 et
677 725 816 779 duas
838 732 1024 795 partes
1045 722 1233 779 divisit
1251 721 1422 777 totius
1448 728 1610 776 terrae
1634 720 1808 775 natio-

231 835 356 883 nes,
386 820 577 889 eisque
604 816 880 887 principes
912 815 1135 884 angelos
1176 813 1385 869 statuit.
1419 811 1526 867 Uni
1556 826 1685 867 vero
1713 810 1807 882 qui

229 911 291 965 in
340 908 684 980 archangelis
728 916 846 964 erat
893 906 1188 969 maximus,
1236 912 1384 961 sorte
1411 904 1536 958 data
1562 912 1648 960 est
1693 904 1807 959 dis-

229 1002 483 1073 pensatio
515 1016 704 1056 eorum
725 1039 741 1063 ,
767 998 862 1069 qui
900 1012 1011 1068 prae
1058 997 1271 1052 caeteris
1315 996 1574 1051 omnibus
1604 996 1807 1052 excelsi

228 1096 332 1152 Dei
378 1096 586 1151 cultum
633 1101 796 1164 atque
863 1090 1153 1148 scientiam
1202 1096 1547 1159 receperunt.
1610 1088 1717 1145 Sed
1753 1098 1809 1145 et

228 1188 410 1243 sancti
452 1186 726 1250 homines,
760 1191 819 1240 ut
850 1184 1113 1251 diximus,
1157 1183 1449 1253 impiorum
1497 1181 1808 1237 elliciuntur

225 1278 331 1343 dii,
362 1285 623 1349 tanquam
653 1277 746 1347 qui
770 1284 1092 1348 potestatem
1121 1275 1434 1345 acceperint
1462 1276 1518 1329 in
1549 1289 1644 1330 eos
1677 1273 1807 1330 vita:

225 1386 296 1426 ac
325 1366 500 1434 necis,
542 1379 603 1425 ut
632 1369 701 1426 de
732 1369 915 1440 Moyse
938 1377 993 1425 et
1024 1367 1303 1438 judicibus
1340 1382 1507 1437 supra
1535 1382 1805 1421 memora-

224 1462 432 1517 vimus.
456 1460 687 1531 Propter
716 1461 863 1531 quod
897 1461 1163 1530 scriptum
1195 1467 1279 1514 est
1305 1458 1510 1514 de’eis:
1534 1458 1669 1512 Deos
1700 1474 1807 1512 non

225 1552 534 1617 maledices,
567 1560 617 1606 et
654 1551 940 1621 principem
974 1549 1155 1619 populi
1191 1549 1267 1602 tui
1304 1565 1409 1603 non
1440 1547 1717 1602 maledices
1737 1549 1803 1602 δ’.

222 1641 513 1713 Principes
561 1657 692 1713 ergo
730 1641 1073 1712 singularum
1119 1639 1362 1711 gentium
1407 1637 1482 1693 dii
1524 1639 1805 1709 appellan-

228 1745 343 1793 tur.
390 1736 709 1806 Principum
754 1745 933 1791 autem
974 1733 1119 1790 Deus
1145 1733 1399 1789 Christus
1440 1740 1545 1797 est,
1593 1733 1686 1803 qui
1725 1738 1808 1787 est

221 1830 473 1886 omnium
530 1828 718 1900 judex.
765 1825 906 1881 Vere
952 1840 1087 1896 ergo
1128 1839 1307 1895 neque
1355 1824 1569 1894 angeli,
1626 1839 1806 1894 neque

220 1923 499 1986 homines,
530 1936 711 1991 neque
761 1920 872 1973 ulla
921 1923 1175 1972 creatura
1228 1915 1304 1971 dii
1367 1929 1491 1971 esse
1554 1920 1804 1984 possunt,

220 2016 426 2086 quippe
472 2014 565 2085 qui
612 2011 717 2068 sub
763 2016 1034 2081 potestate
1090 2013 1221 2064 sunt
1286 2007 1484 2077 positi,
1544 2014 1806 2076 tanquam

218 2104 398 2160 creati
433 2111 492 2158 et
528 2102 760 2158 mobiles
790 2101 875 2167 ”;
937 2098 1117 2171 angeli
1157 2097 1412 2169 quidem,
1450 2104 1513 2153 ut
1551 2100 1641 2167 qui
1695 2112 1805 2151 non

219 2193 383 2251 fuere
433 2204 488 2250 et
530 2193 684 2259 sint,
741 2191 989 2247 homines
1043 2200 1224 2245 autem
1270 2197 1331 2243 ut
1378 2190 1655 2253 mortales,
1682 2204 1802 2245 om-

214 2290 312 2344 nis
361 2302 490 2343 vero
531 2292 787 2342 creatura
824 2323 840 2347 ,
893 2292 955 2339 ut
1004 2298 1128 2354 quae
1160 2282 1297 2338 solvi
1334 2281 1530 2353 possit,
1567 2282 1664 2336 sed
1714 2298 1806 2337 re-

214 2393 356 2434 vera
383 2378 433 2433 si
461 2376 688 2433 solverit
717 2376 812 2432 ille
835 2374 929 2446 qui
960 2372 1112 2430 fecit.
1144 2373 1212 2428 Et
1241 2373 1365 2428 ideo
1410 2373 1504 2428 ille
1533 2373 1685 2428 solus
1707 2388 1801 2427 ve-

216 2488 323 2527 rus
357 2478 441 2526 est
466 2468 612 2525 Deus
649 2468 744 2539 qui
784 2482 897 2521 non
934 2466 1114 2523 solum
1152 2465 1269 2535 ipse
1290 2464 1445 2529 vivit,
1479 2464 1575 2520 sed
1601 2472 1655 2520 et
1681 2464 1803 2519 aliis

214 2567 391 2621 vitam
414 2569 660 2633 praestat,
685 2576 851 2632 quam
875 2567 930 2617 et
947 2560 1163 2616 auferre
1191 2567 1370 2630 potest
1401 2573 1526 2614 cum
1556 2558 1695 2613 vult.

292 2652 477 2707 XLlll.
514 2651 810 2724 Propterea
852 2666 983 2723 ergo
1030 2652 1231 2707 clamat
1270 2647 1557 2719 Scriptura
1583 2663 1650 2702 ex
1682 2663 1804 2718 per-

215 2762 362 2801 sona
394 2744 489 2801 Dei
516 2745 856 2808 Iudaeorum,
882 2751 938 2799 et
959 2742 1097 2799 dicit
1121 2762 1134 2796 :
1194 2739 1373 2795 Videte
1391 2780 1407 2806 ,
1463 2739 1650 2805 videte,
1674 2756 1803 2810 que-

216 2838 370 2891 m‘am
394 2852 486 2909 ego
533 2852 653 2892 sum
682 2834 845 2899 Deus,
872 2842 923 2888 et
943 2850 1046 2887 non
1066 2840 1145 2887 est
1181 2830 1322 2887 alius
1347 2840 1540 2899 preter
1572 2847 1673 2885 me.
1692 2830 1802 2901 Ego

215 2928 485 2995 occidam,
514 2937 565 2983 et
592 2929 758 2983 vivere
795 2926 1028 2997 faciam;
1048 2923 1363 2992 percutiam,
1385 2930 1435 2976 et
1458 2938 1551 2993 ego
1576 2920 1799 2987 sanabo,

214 3029 273 3075 et
320 3028 531 3075 nonest
576 3019 666 3090 qui
691 3017 883 3088 eripiat
914 3017 978 3071 de
1008 3015 1251 3069 manibus
1301 3015 1432 3069 meis
1486 3015 1554 3069 ⁸⁸.
1601 3012 1802 3071 Videas

1910 546 2113 596 cuntur
2141 538 2241 601 dii,
2268 537 2372 593 sub
2402 544 2669 607 potestate
2718 547 2845 594 sunt
2869 536 3182 593 Judreorum
3207 536 3325 604 Dei,
3360 540 3489 610 quia

1909 632 1985 687 ita
2009 631 2149 685 dixit
2181 630 2465 701 Scriptura
2512 629 2756 686 Iudaeis:
2797 629 3051 685 Dominus
3103 628 3245 685 Deus
3286 640 3487 695 noster,

1908 723 1993 777 hic
2020 732 2097 778 est
2124 723 2267 777 Deus
2291 722 2531 787 deorum,
2549 732 2601 777 et
2618 722 2875 775 Dominus
2892 720 3228 775 dominorum
3246 721 3313 776 ⁵⁸.
3333 720 3488 776 llunc

1906 815 2072 870 etiam
2102 815 2280 870 solum
2334 814 2623 870 colendum
2674 820 2863 867 monet
2914 812 3219 883 Scriptura,
3250 811 3484 868 dicens:

1908 906 2194 961 Dominum
2214 907 2382 961 Deum
2413 916 2561 961 tuum
2588 906 2860 964 adorabis.
2886 914 2936 959 et
2966 905 3049 959 illi
3078 904 3182 959 soli
3208 906 3399 960 servies
3415 905 3486 960 "..

1906 1002 1974 1056 Et
1992 1023 2004 1059 :
2023 1002 2162 1057 Audi
2174 1001 2367 1066 Israel,
2394 1000 2653 1056 Dominus
2686 998 2826 1054 Deus
2857 1010 2975 1053 tuus
2994 998 3135 1053 Deus
3166 1014 3300 1052 unus
3322 998 3483 1052 est".

1906 1094 2151 1164 Denique
2208 1104 2262 1151 et
2323 1094 2502 1149 sancti
2554 1090 2761 1163 Spiritu
2810 1090 2904 1146 Dei
2946 1090 3161 1161 repleti,
3213 1096 3268 1145 et
3319 1088 3488 1161 guttis

1907 1186 2296 1243 misericordia:
2319 1186 2440 1256 ejus
2489 1185 2707 1239 irrorati
2735 1182 3134 1247 exclamabant,
3187 1182 3438 1238 dicentes
3469 1200 3482 1236 :

1908 1279 2015 1346 Qui
2052 1279 2242 1334 similis
2270 1278 2365 1333 tibi
2389 1279 2443 1332 in
2462 1278 2590 1345 diis,
2627 1276 2867 1341 Domine,
2898 1278 3013 1348 quis
3045 1274 3238 1330 similis
3269 1276 3365 1329 tibi
3392 1276 3486 1329 ⁵³⁸2

1907 1372 1975 1426 Et
2021 1371 2218 1425 iterum
2255 1389 2270 1426 :
2304 1369 2436 1437 Quis
2489 1368 2630 1423 Deus
2675 1378 2867 1438 prwter
2919 1366 3228 1433 Dominum,
3264 1376 3312 1420 et
3367 1367 3484 1438 quis

1906 1461 2047 1516 Deus
2075 1470 2265 1531 prater
2323 1460 2607 1515 Dominum
2656 1470 2893 1514 nostrum
2917 1459 3005 1513 "‘9
3054 1458 3243 1528 Itaque
3270 1456 3484 1528 Moyses

1908 1554 2000 1609 ubi
2033 1557 2295 1623 prolicere
2317 1553 2580 1623 populum
2614 1552 2772 1611 vidit,
2808 1550 3068 1622 paulatim
3094 1565 3190 1606 eos
3220 1549 3285 1602 ad
3320 1549 3482 1604 intel-

1906 1646 2187 1717 ligentiam
2217 1645 2572 1709 monarchize,
2598 1651 2651 1699 et
2698 1644 2856 1699 [idem
2912 1628 3194 1699 Dei'unius
3225 1643 3480 1708 initiavit,

1908 1736 2045 1791 utin
2076 1735 2538 1806 consequentibus
2570 1735 2704 1789 dicit
2730 1754 2744 1790 :
2808 1732 3046 1789 Nomina
3096 1733 3314 1788 deorum
3345 1735 3485 1789 alio-

1907 1847 2027 1884 rum
2056 1845 2161 1884 non
2191 1829 2626 1884 commemorabis
2656 1828 2725 1894 ⁸ο,
2776 1827 3095 1883 recordatus
3144 1827 3263 1884 sine
3290 1828 3480 1895 dubio,

1906 1922 2056 1993 quali
2089 1937 2251 1993 paena
2296 1921 2587 1977 damnatus
2616 1920 2688 1976 sit
2715 1936 2966 1991 serpens,
3018 1921 3110 1992 qui
3136 1922 3347 1992 primus
3382 1938 3479 1976 nov

1908 2014 2251 2069 minaverant
2277 2012 2409 2069 deos
2436 2012 2502 2069 “.
2535 2011 2758 2067 Terram
2780 2012 3015 2082 denique
3042 2012 3328 2067 comedere
3351 2026 3483 2067 con-

1906 2105 2216 2171 demnatur,
2250 2114 2305 2161 et
2334 2105 2429 2159 tali
2456 2104 2581 2160 cibo
2610 2105 2810 2175 dignus
2835 2104 3114 2176 judicatur
3143 2105 3213 2159 ob
3246 2105 3481 2175 id,quod

1907 2195 2142 2266 primum
2176 2194 2419 2249 omnium
2447 2193 2875 2264 appellationum
2908 2192 3135 2248 deorum
3180 2191 3482 2246 introduxit

1907 2289 1961 2344 in
1986 2288 2269 2343 mundum.
2297 2286 2454 2354 Quod
2486 2287 2549 2342 'si
2595 2294 2649 2341 et
2700 2297 2759 2342 tu
2803 2286 3006 2341 multos
3036 2285 3168 2341 deos
3196 2286 3279 2341 vis
3308 2286 3482 2340 intro.

1905 2379 2126 2446 ducere,
2188 2378 2313 2436 vide
2353 2394 2423 2435 ne
2472 2378 2679 2433 exitum
2738 2377 3009 2447 serpentis
3066 2376 3301 2432 similem
3355 2392 3478 2432 sor-

1903 2470 2083 2527 tiaris.

1973 2560 2135 2619 XLV.
2167 2560 2362 2618 Certus
2419 2568 2600 2617 autem
2650 2568 2789 2624 esto,
2822 2558 2967 2630 quod
2996 2575 3098 2615 nos
3141 2559 3306 2630 hujus
3358 2564 3478 2619 ausi

1904 2656 2086 2713 socios
2121 2669 2231 2709 non
2284 2652 2532 2713 habebis,
2568 2665 2669 2705 nec
2718 2651 2895 2723 decipi
2943 2666 3045 2705 nos
3076 2650 3345 2721 patiemur
3382 2650 3479 2707 abs

1902 2756 1977 2804 te.
2009 2746 2197 2818 Neque
2222 2747 2367 2802 enim
2412 2743 2656 2816 proderit
2699 2743 2859 2799 nobis
2890 2742 2958 2798 ad
2986 2744 3392 2800 excusationem
3424 2744 3478 2797 in

1900 2839 2134 2910 judicio,
2170 2840 2217 2895 si
2244 2838 2492 2893 dicamus
2519 2835 2664 2908 quod
2689 2850 2743 2891 tu
2775 2835 3053 2906 deceperis
3082 2850 3204 2900 nos,
3228 2834 3354 2906 quia
3375 2851 3477 2890 nec

1902 2931 2133 3001 primam
2175 2929 2461 2985 mulierem
2490 2943 2757 2985 excusare
2810 2926 2984 2997 potuit
3012 2927 3151 2982 male
3178 2926 3481 2983 credidisse

1903 3019 2163 3090 serpenti,
2202 3018 2299 3075 sed
2328 3026 2506 3074 morte
2536 3018 2665 3090 quia
2709 3018 2851 3072 male
2880 3016 3193 3081 crediderit,
3218 3016 3479 3072 condem-

214 3126 357 3181 ει·εο
382 3109 657 3181 quomodo
702 3109 963 3166 ineﬂ‘abili
1012 3107 1248 3179 quadam
1278 3106 1481 3162 virtute
1509 3105 1795 3177 Scriptura
1826 3136 1870 3194 α
1903 3121 2033 3169 nata
2060 3119 2167 3169 est,
2200 3110 2315 3165 Hac
2361 3125 2493 3182 ergo
2522 3111 2590 3166 de
2618 3125 2786 3165 causa
2830 3115 2884 3164 et
2932 3107 3145 3179 Moyses
3172 3109 3332 3163 unius
3382 3107 3477 3163 Dei

215 3218 522 3260 occa-rens
547 3203 749 3258 futuris
773 3201 1055 3259 erroribus
1085 3215 1275 3255 eorum
1302 3198 1395 3269 qui
1424 3198 1589 3252 alium
1603 3196 1794 3265 Deum,

216 3303 425 3366 praeter
451 3310 576 3352 eum
603 3295 697 3367 qui
729 3301 814 3351 est
839 3293 1175 3355 budaeorum,
1234 3291 1320 3346 vel
1364 3291 1421 3345 in
1468 3290 1624 3345 cmlis
1650 3304 1797 3356 esss,

219 3387 311 3441 vel
346 3386 399 3441 in
429 3388 593 3443 terris
623 3385 973 3447 aﬂirmarent,
997 3382 1318 3454 pronuntiat
1348 3380 1539 3436 dicens
1566 3399 1579 3436 :
1612 3380 1795 3435 Domi-

216 3490 327 3529 nus
360 3473 498 3530 Deus
527 3487 645 3529 tuus
693 3475 806 3547 (75)
835 3474 975 3529 Deus
1005 3489 1139 3527 unus
1164 3482 1263 3537 est,
1316 3472 1372 3525 in
1405 3470 1534 3525 ccelo
1560 3486 1795 3535 sursum,

216 3577 274 3622 et
304 3568 359 3621 in
388 3577 530 3622 terra
559 3569 824 3632 deorsum,
853 3576 902 3622 et
924 3576 1115 3637 praeter
1139 3568 1309 3632 ipsum
1333 3564 1471 3617 alius
1497 3580 1600 3616 non
1626 3571 1705 3616 est
1730 3562 1795 3617 ⁸⁸.

217 3657 512 3725 Quomodo
561 3675 872 3731 ergoausus
898 3675 958 3715 es
1009 3658 1190 3713 dicere
1223 3659 1387 3711 alium
1432 3670 1558 3710 esse
1602 3653 1797 3719 Deum,

216 3757 422 3823 prater
448 3765 572 3805 eum
602 3752 695 3821 qui
715 3749 1027 3805 Iudaeorum
1058 3756 1143 3805 est
1194 3748 1377 3804 Deus?
1423 3747 1470 3779 ⁸³
1498 3746 1565 3801 Et
1594 3746 1793 3802 iterum

218 3844 362 3899 dicit
383 3841 665 3915 Scriptura
699 3863 713 3898 :
748 3842 881 3897 Ecce
911 3842 1123 3897 Domini
1144 3841 1241 3896 Dei
1271 3842 1347 3895 tui
1377 3842 1585 3903 caelum,
1619 3850 1668 3894 et
1697 3857 1798 3895 ca:-

222 3936 339 3990 lum
360 3936 497 4003 caeli,
528 3946 671 3991 terra
708 3945 758 3990 et
784 3936 961 3989 omnia
1009 3950 1125 4005 qum
1149 3933 1203 3987 in
1229 3934 1305 3988 eis
1331 3943 1480 3989 sunt.
1516 3933 1792 3989 Verumta-

218 4046 344 4084 men
364 4037 538 4098 patres
571 4038 687 4082 tuos
712 4027 879 4097 elegi,
935 4036 992 4079 ut
1024 4025 1297 4095 diligerem
1326 4042 1436 4089 eos,
1467 4036 1516 4080 et
1548 4043 1636 4080 vos
1678 4036 1797 4095 post

217 4122 367 4189 ipsos
380 4119 445 4173 “.
469 4119 547 4173 lta
571 4134 635 4173 ex
668 4118 815 4171 omni
836 4125 987 4186 parte
1008 4116 1075 4170 ab
1106 4114 1388 4186 Scriptura
1419 4118 1664 4172 munitur
1689 4119 1793 4174 ista

218 4208 517 4272 sententia,
549 4208 676 4279 quia
718 4208 832 4277 ipse
868 4206 960 4276 qui
1003 4204 1262 4259 mundum
1298 4206 1527 4270 creavit,
1552 4222 1717 4262 verus
1739 4216 1797 4262 et-

218 4302 379 4358 solus
400 4308 485 4357 est
504 4299 668 4355 Deus.

1901 3205 2060 3261 [idem
2079 3203 2279 3274 populo
2308 3201 2721 3264 commendans,
2746 3200 2822 3254 ait
2843 3219 2855 3254 :
2873 3198 3102 3255 Observa
3120 3198 3215 3252 tibi
3237 3199 3338 3269 ipsi
3361 3197 3475 3271 (76)

1900 3312 1965 3351 ne
1992 3293 2267 3350 seducaris
2290 3310 2323 3347 a
2344 3292 2572 3347 Domino
2602 3291 2709 3346 Deo
2745 3301 2833 3345 tuo
2864 3290 2929 3346 °'.
2967 3287 3099 3345 Vide
3125 3290 3254 3361 quia
3283 3289 3475 3345 ecdem

1900 3386 2068 3441 verbo
2109 3384 2299 3449 utitur,
2330 3400 2439 3454 quo
2461 3390 2516 3438 et
2570 3383 2742 3453 prima
2774 3380 2970 3436 mulier
3014 3381 3067 3434 in
3118 3380 3476 3437 excusatione

1901 3477 2176 3539 utebatur,
2238 3475 2517 3531 seductam
2560 3490 2620 3531 se
2673 3473 2884 3538 dicens,
2925 3472 3017 3528 sed
3065 3471 3199 3526 nihil
3244 3472 3472 3542 profuit.

1904 3569 2082 3639 Super
2116 3568 2300 3622 omnia
2330 3575 2511 3622 autem
2559 3567 2775 3622 etiamsi
2806 3582 2967 3621 verus
2994 3564 3193 3636 aliquis
3223 3575 3475 3637 surgeret

1904 3660 2189 3730 propheta,
2220 3658 2313 3728 qui
2347 3659 2504 3729 signa
2521 3668 2574 3713 et
2602 3659 2847 3729 prodigia
2878 3656 3097 3721 faceret,
3123 3657 3354 3713 suadere
3376 3672 3445 3712 au

1904 3759 2016 3807 tem
2039 3750 2188 3816 velit,
2220 3757 2283 3805 ut
2326 3751 2634 3806 coleremus
2682 3750 2816 3805 deos
2865 3748 3002 3805 alios
3045 3756 3243 3819 praeter
3286 3747 3471 3803 Judae-

1905 3854 2061 3896 orum
2084 3838 2278 3905 Deum,
2334 3855 2611 3910 nunquam
2668 3839 2717 3894 ei
2771 3838 2994 3894 credere
3027 3852 3336 3908 possemus.
3383 3835 3473 3891 Sic

1903 3928 2049 3985 enim
2083 3944 2184 3985 nos
2232 3928 2417 3984 docuit
2469 3930 2550 3984 lex
2588 3929 2792 3993 divina,
2843 3934 3116 4009 secretum
3166 3941 3470 3983 sermonem

1903 4022 2095 4091 purius
2118 4037 2185 4077 ex
2207 4019 2502 4076 traditione
2524 4020 2932 4075 commendans.
2956 4017 3046 4072 Ait
3068 4031 3237 4088 ergo:
3270 4016 3332 4071 Si
3358 4033 3473 4071 sur—

1902 4115 2094 4168 rexerit
2115 4115 2172 4167 in
2207 4122 2254 4168 te
2272 4112 2541 4182 propheta,
2574 4120 2667 4166 aut
2698 4112 2967 4166 somnians
2990 4110 3272 4175 somnium,
3304 4118 3355 4163 et
3379 4109 3470 4162 de-

1899 4206 2035 4259 derit
2063 4207 2213 4277 signa
2241 4205 2319 4261 vel
2352 4204 2614 4275 prodigia,
2664 4212 2714 4258 et
2743 4205 3002 4258 evenerint
3055 4204 3207 4273 signa
3261 4201 3361 4255 illa
3389 4202 3469 4255 vel

1895 4299 2161 4369 prodigia,
2208 4308 2257 4354 et
2305 4297 2499 4352 dixerit
2532 4296 2600 4351 ad
2652 4306 2718 4361 te,
2753 4313 2934 4351 eamus
2962 4304 3013 4351 ct
3042 4295 3278 4350 colamus
3337 4294 3461 4351 deos

327 4460 374 4492 “
409 4456 580 4514 Exod.
628 4472 759 4521 χχιι,
800 4455 891 4510 28.
971 4454 1017 4487 '°
1050 4454 1117 4508 Et
1141 4454 1502 4525 nobiles—qui
1530 4454 1653 4525 fecit
1677 4470 1794 4525 non
1826 4454 2079 4525 leguntur
2103 4456 2160 4509 in
2192 4462 2424 4525 utroque
2457 4453 2617 4525 codd.
2639 4452 2828 4525 Lipss.
2906 4452 2952 4485 ⁸¹
2981 4451 3137 4525 Deut.
3169 4472 3339 4523 xxxu,
3370 4456 3461 4512 59.

216 4533 267 4564 ⁵¹
298 4529 456 4585 Deut.
482 4545 552 4594 IV,
587 4527 676 4581 39.
753 4526 798 4557 ⁵⁸
835 4525 965 4592 Qua:
995 4533 1301 4595 sequuntur
1338 4523 1529 4595 usque
1559 4524 1637 4595 ad
1657 4523 1764 4595 illa
1793 4523 1940 4594 cap),
1971 4540 2151 4593 sequ.,
2187 4523 2451 4595 vocabula
2475 4542 2488 4577 :
2516 4523 2745 4595 Denique
2764 4524 3035 4595 etsancti,
3082 4532 3212 4595 etc.,
3244 4527 3463 4582 deside-

215 4612 420 4656 rantur
456 4600 511 4653 in
540 4592 675 4651 cod.
714 4595 862 4666 Lips.
946 4596 992 4627 5‘
1031 4592 1283 4666 Deutqt1
1336 4592 1438 4656 Μί
1468 4594 1554 4649 15.
1614 4594 1674 4666 ff
1714 4592 1797 4666 Dei

1905 4610 1959 4657 x,
2004 4592 2090 4649 l7;

2198 4596 2243 4627 “
2279 4594 2438 4648 Deut.
2494 4611 2569 4657 γι,
2604 4592 2705 4659 15;
2740 4610 2794 4657 x,
2822 4593 2915 4651 20.
3008 4594 3053 4626 ⁸⁷
3088 4592 3244 4652 Deut.
3300 4614 3373 4663 vi,
3406 4598 3461 4654 4.

216 4673 268 4705 ⁸⁸
309 4669 457 4726 Psal.
516 4683 712 4731 Lxxxv,
744 4662 808 4752 8";
851 4682 976 4730 Lxx,
1018 4666 1104 4720 i9.
1175 4665 1222 4696 “
1256 4664 1402 4719 Psal.
1446 4680 1579 4729 xvu,
1612 4663 1702 4719 52.
1776 4664 1821 4695 ⁶⁰
1860 4662 1975 4719 Jos.
2007 4681 2160 4731 xxm,
2187 4666 2218 4719 7
2247 4666 2303 4719 in
2325 4663 2497 4720 LXX.
2577 4663 2771 4718 “Gen.
2808 4681 2887 4719 ιιι.
2965 4664 3009 4696 ⁶’
3038 4664 3197 4721 Deut.
3229 4684 3345 4735 vm,
3373 4669 3461 4723 Η.

1500 4795 1863 4853 COTELERII
1900 4796 2131 4854 NOT/E.

214 4932 438 5006 Θρᾷκές
478 4948 536 4985 τε
569 4932 670 5006 ἔαρι
718 4928 1019 5006 Βιιζὰντιοιι,
1037 4927 1144 5006 ’διαὶ
1173 4928 1223 4978 οἱ
1251 4929 1404 5006 Δπρὸς
1537 4930 1797 5006 βοσπὸρῳ

214 4997 539 5073 Κὶιὶμὲριοι,
569 4999 778 5073 Βιθυνοί
804 5015 863 5073 ἐξ
890 4998 997 5073 ⁸κςιιὶ
1037 4997 1419 5073 Κατῖπεδόὰεαι,
1454 4997 1663 5073 Φρύγες
1705 4997 1797 5073 uati.

217 5022 293 5059 λι
346 5022 539 5073 μεριοι,
570 5022 777 5053 ῠιῠυνοι
804 5022 863 5050 τε
903 5022 997 5051 και
1038 5022 1419 5061 ιιαππαουκαι,
1454 5022 1663 5068 Ψρυγες
1705 5022 1795 5053 και

216 5022 409 5144 Ripa;
440 5074 540 5144 ita).
572 5071 787 5144 Atium,
813 5068 1048 5144 Γαλάται
1084 5067 1179 5144 atat
1210 5067 1480 5144 "leaupot,
1514 5068 1795 5144 Λυδοξκᾳὶ

216 5136 436 5199 Πισῖίδαι
460 5141 554 5194 καὶ
571 5136 1177 5210 Πάμφυλοι,γΛυκόνονέςΔ
1196 5152 1256 5210 ξε
1285 5136 1795 5210 καῐΚίλικεςκΣκύ-

215 5215 313 5267 θαι
340 5213 434 5265 καὶ
465 5204 672 5281 Πέρσαρ
702 5204 1100 5281 ἀαὶβέκτριοι,
1134 5204 1329 5281 Ιςρλκοι
1360 5208 1455 5281 χοι).
1500 5207 1793 5281 Ἀᾳσρριομ

214 5280 539 5370 Πάρθοιλαξὶ
550 5277 718 5370 Ῐμῆδῳ
730 5277 961 5370 κὶιῌξὲλα
969 5277 1135 5370 pira},
1152 5277 1426 5370 'anquoi
1439 5295 1499 5329 τε
1726 5296 1793 5348 μ-

218 5346 381 5423 μυὲς,
424 5346 577 5404 Ἰνδοὶ
619 5346 714 5402 icui.
751 5346 1027 5410 Αἰθίοπες,
1069 5346 1403 5432 Ἰσραηλῖται
1444 5346 1788 5429 καὶηΑὶγύπ-

211 5439 348 5481 τισι,
382 5421 541 5490 Σύροι
557 5419 661 5490 sta).
694 5418 1314 5490 ΠᾳλᾳιστινοζρΚρπριᾳι
1335 5417 1437 5490 καὶ.
1462 5419 1675 5490 Κρηζεες
1696 5418 1788 5490 κα).

229 5491 444 5553 Ῥόδιοι,
461 5485 665 5551 Nelei;
679 5488 773 5540 καὶ
792 5489 995 5549 Ἴωνες,
1016 5485 1312 5540 Γόίτθοιίκαῖ⁹
1332 5485 1595 5555 Ἀδασὴοῖ
1615 5504 1674 5539 τε
1693 5488 1787 5540 καὶ

214 5560 488 5623 Χάλυϐες,
513 5558 754 5628 Φοίνικές
781 5574 840 5609 τε
866 5555 1227 5628 καὶ”Αρα6ες,
1255 5556 1628 5628 ξΡωμαῖριίκᾳὶ
1660 5557 1788 5609 Ἰου-

210 5630 376 5693 δαῖοι,
407 5627 713 5700 ΚυρηναῖοξΔ
729 5644 788 5679 τε
819 5628 910 5681 καὶ
942 5624 1177 5700 Λζὸῐέεες,Δ
1198 5624 1490 5700 Admirati.
1513 5626 1669 5700 Γέῖᾳι
1694 5628 1787 5700 κᾳὶ

217 5695 815 5771 ΣαυρᾳμάὲαὶιΚέλτοι
838 5713 898 5771 ῖς
925 5699 1016 5751 καὶ
1048 5695 1579 5771 Βᾲνδηξεριπιδηρες,
1596 5696 1781 5771 βοά-

217 5712 591 5771 ιαυρομαται,
624 5712 812 5751 nemo;
838 5713 897 5749 τε
925 5712 1016 5751 και
1052 5712 1781 5818 υανοηλοι,”ιοηρες,λὲοα-

212 5787 303 5825 τοι
325 5770 416 5825 καὶ
437 5768 720 5826 Μωαϐῖται
736 5766 827 5821 καὶ
860 5768 1212 5840 Ἀμμωνίται.
1226 5766 1516 5820 Χαναναῖοι
1535 5767 1625 5819 καὶ
1692 5783 1784 5819 ετ-

1897 4934 2053 5008 “ratio:L
2069 4933 2171 4984 καὶ
2204 4932 2640 5008 ’ᾼξορραἰοιηκαὶ
2666 4929 2965 5008 Φερεςαῖοι,
2990 4932 3174 5008 Ethnici
3204 4938 3298 4990 καὶ
3334 4939 3467 5008 Γερο

1897 4999 2101 5076 χεζαὶοι
2142 5002 2238 5076 ita)
2269 4999 2615 5076 “Is-ﬁbugaiot,
2638 4999 2751 5054 καῖ
2771 5000 2840 5076 oi“
2853 5003 3245 5076 Δκατοιιερῦνιιτες
3271 4999 3465 5076 νήσούς

1897 5069 2261 5147 ξξρεττῳίικὰς
2289 5072 2385 5147 ita!
2413 5070 2481 5124 τὰ
2516 5071 2761 5143 Γάδειρα.
2782 5069 2985 5147 -Ιοσας
3031 5074 3269 5147 Μωῦσῆς
3322 5069 3465 5145 ἕξειξ

1897 5138 2062 5264 (fonte
2082 5139 2289 5265 éﬁsm).
2324 5140 2452 5211 Leg.
2482 5156 2639 5195 conc.
2668 5138 2742 5195 vu
2780 5138 3060 5196 Nicamum
3085 5181 3101 5208 ,
3146 5138 3235 5208 ιι,’
3260 5138 3378 5202 δαί
3407 5138 3462 5216 5,

1897 5225 1993 5265 nos
2048 5226 2132 5264 me
2178 5250 2191 5265 .

1968 5219 2019 5264 st
2048 5219 2191 5265 med.

1893 5225 2361 5350 Ῡοῗὲὅῗιῖῗδιηὶιιασ
2408 5278 2547 5350 Deus
2593 5288 2743 5341 tuus,
2794 5278 2932 5336 Deus
2958 5297 3093 5336 unus
3134 5292 3231 5339 est.
3286 5283 3377 5340 Sic
3406 5288 3461 5343 in

1894 5348 2120 5427 Vulgata
2153 5351 2317 5407 Marc.
2344 5366 2439 5427 xu,
2463 5349 2559 5427 .29,
2593 5352 3075 5427 concordantibus
3105 5351 3462 5427 Hieronymo,

1890 5421 2225 5490 Augustino,
2267 5429 2375 5476 etc.
2413 5420 2585 5475 Aliter
2620 5421 2690 5475 ab
2725 5420 2964 5490 glrenaeo;
3007 5423 3166 5477 aliter
3204 5426 3272 5479 ab
3313 5420 3458 5483 aliis.

1892 5489 2153 5564 Videatur
2177 5491 2383 5545 Fronto
2406 5490 2636 5547 Ducaeus
2670 5489 2738 5544 ad
2766 5491 3042 5546 homiliam
3085 5492 3461 5564 Chrysostemi

1891 5560 1969 5614 De
1996 5560 2175 5631 Phoco
2211 5572 2465 5631 martyre.

1964 5629 2073 5700 (76)
2110 5631 2339 5685 Observa
2358 5629 2462 5685 tibi
2492 5632 2613 5698 ipsi,
2642 5647 2705 5685 ne
2736 5632 3004 5686 seducaris
3047 5650 3079 5686 a
3107 5632 3334 5690 Dommo
3353 5635 3460 5693 Deo

1890 5709 1997 5756 tuo.
2026 5700 2166 5775 Lege
2191 5701 2348 5758 Deut.
2374 5717 2445 5768 γι,
2477 5702 2542 5755 l2
2565 5720 2579 5769 ;
2606 5702 2841 5770 Vlll,_“;
2878 5718 2955 5772 ιι,
2990 5703 3057 5759 16
3084 5712 3139 5759 ct
3176 5706 3421 5774 “111,5.
