3890 6192
458 315 589 374 HT!

1318 302 1371 358 S.
1410 296 1801 356 CLEMENTIS
1833 295 1851 348 l
1886 292 2051 350 ROM.
2085 290 2287 347 PONT.
2322 287 2549 346 OPERA
2585 284 2811 339 DUBIA.

3573 275 3688 330 12ῗὲ

450 434 651 486 alienos
687 441 817 498 quos
860 423 1093 485 nescitis,
1138 436 1243 473 non
1286 417 1513 471 audietis
1563 414 1717 470 verba
1764 412 2027 481 propheta:
2059 414 2103 469 Δ
2131 409 2317 462 dixisti
2363 402 2796 465 habereDeum,
2836 398 2980 498 quod
3013 405 3109 498 est
3147 394 3353 498 injuriae
3380 394 3694 498 ;'q.uomodo

450 526 618 581 il'ius,
646 532 806 582 neque
829 529 1091 569 somnium
1120 511 1461 565 somniatoris
1485 509 1654 569 illius,
1679 507 1802 575 quia
1822 515 2032 557 teutaus

453 616 669 672 tentavit
704 628 814 674 vos,
872 619 927 663 ut
983 608 1157 663 videat
1189 609 1236 661 si
1284 606 1507 676 diligitis
1548 603 1832 657 Dominum
1868 600 2034 653 Deum

450 718 684 761 oestrum
709 706 774 758 ".

518 795 697 851 XLVI.
732 794 1026 864 Propterea
1054 806 1183 861 ergo
1210 798 1264 845 et
1285 786 1549 844 Dominus
1579 794 1765 841 noster
1795 784 1951 853 signa
1982 788 2037 836 et

446 885 696 957 prodigia
746 884 978 945 faciens,
1024 881 1192 935 Deum
1240 879 1575 949 praedicabat
1620 876 1954 939 Judasorum,
1983 880 2037 928 et

450 978 572 1033 ideo
627 983 776 1031 recte
823 971 1194 1043 prcedicationi
1244 971 1364 1038 ejus
1412 970 1675 1023 creditur.
1724 966 1806 1020 Tu
1856 974 2036 1018 autem

447 1068 612 1120 etiam
657 1065 702 1119 si
751 1078 880 1117 vere
925 1062 1187 1131 propheta
1220 1076 1393 1122 esses,
1436 1068 1490 1113 et
1532 1060 1687 1129 signa
1718 1057 1931 1111 faceres
1974 1069 2038 1107 ac

449 1158 715 1229 prodigia,
746 1156 888 1210 sicut
933 1154 1223 1223 promittis,
1254 1162 1306 1208 et
1334 1154 1470 1207 alios
1513 1153 1869 1206 annuntiares
1906 1153 2039 1207 deos

448 1260 645 1322 printer
673 1264 798 1304 eum
820 1250 913 1318 qui
946 1263 1108 1303 verus
1148 1255 1253 1313 est,
1286 1245 1635 1301 manifestum
1680 1254 1827 1300 esset
1872 1254 1927 1301 te
1969 1248 2035 1301 ad

450 1342 805 1397 tentationem
850 1340 1052 1410 p0pulo
1095 1338 1189 1393 Dei
1242 1339 1585 1400 suscitatum,
1618 1345 1673 1393 et
1716 1338 1839 1394 ideo
1886 1340 2038 1393 credi

448 1434 548 1493 tibi
580 1434 802 1488 omnino
852 1450 961 1487 non
1008 1440 1203 1503 potest.
1238 1430 1391 1485 Unus
1419 1439 1505 1486 est
1538 1432 1684 1485 enim
1725 1446 1912 1497 verus,
1944 1434 2037 1502 qui

447 1534 532 1581 est
554 1524 862 1581 Iudaeorum
891 1524 1054 1587 Deus,
1081 1532 1134 1579 et
1159 1524 1229 1577 ob
1253 1524 1356 1577 hoc
1382 1523 1643 1577 Dominus
1664 1531 1850 1577 noster
1877 1522 2038 1579 Jesus

447 1618 702 1671 Christus
729 1616 958 1670 docebat
991 1613 1344 1684 qumrendum
1373 1629 1494 1668 esse
1528 1628 1635 1666 non
1675 1611 1843 1667 Deum
1873 1629 2035 1682 quem

447 1710 588 1763 bene
638 1719 918 1767 noverant,
968 1707 1063 1761 sed
1121 1721 1351 1775 regnum
1399 1714 1454 1760 et
1494 1705 1765 1774 justitiam
1814 1706 1932 1775 ejus
1965 1708 2029 1771 ⁸⁵,

448 1816 611 1868 quam
644 1799 848 1854 Scriba:
878 1807 930 1853 et
970 1797 1249 1861 Pharisaei,
1280 1806 1529 1865 suscepta
1578 1796 1819 1851 scientia:
1856 1797 2026 1860 clave,

450 1907 560 1946 non
588 1893 995 1951 concluserant,
1030 1890 1123 1945 sed
1154 1890 1503 1945 excluserunt
1531 1889 1596 1943 “.
1628 1888 1763 1942 Nam
1795 1889 1840 1944 si
1872 1890 2029 1959 ignoo

448 1991 664 2037 rassent
709 1998 898 2037 verum
943 1982 1133 2045 Deum,
1176 1996 1454 2050 nunquam
1509 1981 1700 2051 utique
1747 1982 1911 2050 hujus
1950 1982 2028 2035 rei

449 2073 735 2129 scientiam
762 2073 1096 2143 relinquens,
1130 2087 1250 2142 qua:
1276 2079 1393 2127 erat
1415 2072 1661 2127 omnium
1693 2080 1879 2143 caput.
1914 2074 2031 2127 cul-

448 2172 603 2235 paret
625 2180 719 2220 eos
749 2165 817 2219 de
846 2166 1031 2235 parvis
1059 2171 1113 2219 et
1147 2164 1411 2230 minimis,
1451 2164 1501 2218 id
1544 2174 1627 2220 est
1649 2166 1796 2235 quod
1833 2165 2032 2219 dilata-

450 2264 569 2311 rent
597 2255 838 2312 fimbrias
868 2270 1019 2320 suas,
1044 2264 1098 2310 et
1116 2258 1322 2325 primos
1359 2256 1643 2312 accubitus
1679 2258 1735 2311 in
1762 2258 2031 2311 conviviis

446 2348 808 2407 vindicarent.
833 2354 887 2402 et
916 2348 1062 2417 quod
1098 2348 1154 2401 in
1180 2349 1485 2419 quadriviis
1533 2356 1744 2403 stantes
1789 2356 2028 2411 orarent,

447 2444 502 2490 et
531 2438 638 2490 alia
670 2437 753 2491 his
777 2436 1000 2499 similia,
1027 2452 1147 2505 qua:
1173 2437 1359 2507 utique
1389 2453 1451 2490 ex
1485 2437 1891 2505 comparatione
1915 2452 2031 2491 ma-

446 2529 540 2597 gni
571 2528 734 2595 hujus
763 2529 982 2599 capitis,
1028 2531 1349 2601 ignorantia:
1398 2529 1513 2593 Dei,
1551 2531 1747 2601 exigua
1782 2530 2034 2586 videntur

446 2625 503 2672 et
531 2633 719 2686 parva.

520 2708 728 2763 XLVII.
758 2708 826 2763 Et
858 2710 1047 2764 Simon
1080 2710 1148 2764 ad
1174 2711 1285 2765 hare
1312 2713 1386 2765 ait
1419 2731 1431 2765 :
1464 2712 1540 2766 Ex
1572 2713 1757 2768 verbis
1788 2711 2032 2784 magistri

447 2803 527 2853 tui
552 2800 877 2855 convincam
907 2808 980 2865 te,
1014 2802 1143 2870 quia
1165 2802 1331 2855 etiam
1362 2803 1478 2871 ipse
1506 2803 1812 2873 ignoratum
1842 2819 2034 2872 quem-

448 2892 571 2944 dam
605 2890 861 2944 omnibus
889 2890 1188 2944 introducit
1219 2890 1407 2945 Deum.
1442 2892 1578 2947 Cum
1604 2892 1750 2947 enim
1773 2902 1826 2947 et
1860 2892 2031 2946 Adam

448 2991 747 3037 creatorem
790 2998 950 3037 suum
992 2984 1177 3038 scierit
1209 2982 1401 3049 Deum,
1442 2984 1739 3053 mundique
1783 2986 2034 3040 condito-

446 3087 582 3133 rem,
609 3080 665 3126 et
695 3070 902 3136 Enoch,
935 3071 1135 3141 quippe
1163 3071 1259 3140 qui
1294 3072 1361 3125 ab
1401 3087 1466 3126 eo
1506 3072 1806 3127 translatus
1838 3080 1944 3134 est,
1973 3080 2029 3128 et
2053 3103 2100 3162 α

445 3161 580 3225 Noe,
611 3169 797 3232 utpote
827 3162 893 3217 ab
933 3176 1001 3218 eo
1042 3163 1237 3231 jussus
1283 3177 1466 3216 arcam
1500 3174 1837 3229 construere,
1867 3177 1990 3219 cum
2010 3198 2023 3206 -

445 3269 552 3321 quc
586 3260 639 3306 et
667 3252 965 3317 Abraham,
1010 3260 1064 3307 et
1116 3253 1287 3316 Isaac,
1325 3260 1380 3308 et
1403 3252 1594 3319 Iacob,
1621 3261 1678 3310 et
1710 3253 1944 3326 Moyses,
1973 3266 2028 3312 et

446 3360 659 3407 omnes,
694 3345 983 3415 omnisque
1005 3346 1239 3415 pepulus
1268 3354 1432 3416 atque
1479 3362 1672 3402 omnes
1703 3358 1895 3418 gentes
1925 3365 2027 3404 no-

449 3436 623 3489 verint
653 3436 990 3490 conditorem
1021 3436 1230 3501 mundi,
1261 3444 1314 3490 et
1343 3438 1615 3493 fateantur
1646 3438 1837 3504 Deum,
1866 3441 2029 3499 Jesus

446 3534 645 3589 vester,
670 3527 761 3595 qui
789 3527 946 3595 longe
974 3528 1246 3597 posterior
1267 3526 1523 3584 Patribus
1549 3532 1826 3599 apparuit,
1851 3533 1987 3587 dicit
2010 3553 2024 3589 :

449 3614 619 3669 Nemo
650 3616 792 3671 novit
824 3615 1049 3679 Filium,
1080 3618 1184 3671 nisi
1225 3618 1407 3679 Pater,
1439 3635 1598 3689 neque
1638 3620 1855 3673 Patrem
1885 3624 2022 3693 quis,

447 3709 551 3761 nisi
580 3706 623 3759 F
627 3709 775 3776 ilius,
802 3718 852 3763 et
878 3710 965 3762 cui
992 3709 1213 3762 voluerit
1243 3708 1420 3763 Filius
1440 3712 1672 3767 revelare
1695 3713 1760 3768 “.
1792 3714 1870 3767 Ita
1899 3731 2030 3786 ergo

446 3806 500 3853 et
520 3796 680 3854 .lesus
719 3808 897 3853 vester
940 3800 1105 3853 alium
1146 3816 1269 3855 esse
1301 3800 1468 3855 Deum
1505 3802 2027 3873 incomprehensibi-

448 3886 554 3941 Iem
586 3888 842 3942 omnibus
867 3898 920 3943 et
950 3888 1284 3958 incognitum
1315 3888 1533 3947 fatetur.

518 3969 751 4029 XLVIII.
787 3977 924 4029 Tum
958 3977 1153 4033 Petrus
1188 3998 1202 4033 :
1232 3979 1539 4045 Contraria,
1587 3982 1785 4052 inquit,
1816 3983 2029 4041 tibimet

446 4068 549 4137 ipsi
581 4078 633 4122 te
660 4067 905 4138 proferre
939 4084 1047 4123 non
1074 4072 1263 4127 sentis.
1299 4070 1357 4125 Si
1384 4072 1529 4126 enim
1558 4082 1612 4128 et
1634 4071 1795 4131 Jesus
1840 4084 2029 4131 noster

444 4158 549 4212 scit
581 4158 766 4222 istum,
803 4174 963 4228 quem
995 4159 1134 4215 dicis
1165 4160 1501 4230 incognitum
1532 4162 1723 4231 Deum,
1755 4182 1884 4235 ergo
1916 4166 2028 4235 jam

446 4263 553 4301 non
583 4261 615 4300 a
645 4255 698 4302 te
724 4248 840 4302 solo
870 4256 953 4303 est
985 4251 1257 4319 cognitus.
1289 4251 1401 4306 Imo
1431 4253 1475 4306 si
1499 4250 1660 4309 Jesus
1690 4264 1877 4309 noster
1905 4273 2029 4311 eum

446 4340 617 4402 novit,
643 4339 856 4409 Moyses
884 4356 1121 4411 quoque,
1154 4344 1247 4413 qui
1276 4352 1332 4397 et
1370 4343 1555 4401 Iesum
1588 4358 1875 4401 venturum
1908 4365 2030 4405 esse

2136 500 2282 553 enim
2300 498 2499 552 habere
2520 497 2687 549 lilium
2707 499 2901 563 potest,
2924 490 3030 545 nisi
3053 488 3253 545 similia
3273 486 3599 540 hominibus
3620 492 3697 537 aut

2139 590 2472 645 animalibus
2490 586 2761 657 patiatur?
2788 583 2892 638 Sed
2914 580 2979 636 de
2993 580 3077 635 bis
3094 596 3205 633 non
3224 586 3308 633 est
3325 593 3484 631 nunc
3502 585 3698 643 tempus

2138 696 2366 752 arguere
2392 677 2715 749 profundam
2744 673 3029 729 stultitiam
3056 680 3224 733 tuam,
3250 667 3458 723 festino
3481 667 3623 721 enim
3645 666 3701 719 de

2140 772 2504 827 immensitate
2568 782 2794 824 summa:
2831 764 2970 819 lucis
3002 777 3293 833 exponere,
3326 770 3384 815 et
3418 759 3540 827 jam
3575 771 3702 809 nunc

2138 862 2285 915 audi.
2306 860 2440 914 I’uto
2459 874 2578 914 esse
2601 858 2832 926 aliquam
2863 855 3113 909 virtutem
3146 852 3431 905 immensae
3458 855 3515 903 et
3536 844 3704 902 iueﬁa—

2142 954 2267 1009 bilis
2297 953 2455 1013 lucis,
2485 950 2642 1018 cujus
2666 947 2979 1019 magnitudo
3020 940 3601 1012 incomprehensibilis
3623 939 3705 991 ha-

2141 1045 2527 1112 beatur,quam
2547 1043 2799 1094 virtutem
2813 1040 2974 1093 etiam
2992 1034 3177 1089 mundi
3203 1032 3465 1087 conditor
3488 1031 3704 1101 ignoret,

2136 1143 2193 1190 et
2232 1135 2505 1205 legislator
2530 1132 2761 1203 Moyses,
2793 1138 2845 1184 et
2875 1129 3129 1198 magister
3166 1132 3344 1180 vester
3378 1122 3576 1179 Iesus.

2210 1226 2272 1281 L.
2322 1225 2459 1279 Tum
2501 1224 2695 1279 Petrus
2727 1242 2739 1277 :
2772 1221 2891 1275 Non
2942 1220 3038 1273 tibi
3068 1218 3278 1273 videtur
3327 1216 3591 1269 amentia:
3631 1229 3707 1268 res

2138 1334 2283 1383 esse,
2312 1331 2555 1371 asserere
2584 1314 2718 1368 velle
2745 1311 3073 1382 quempiam,
3099 1305 3241 1376 quod
3273 1306 3343 1359 sit
3391 1306 3542 1358 alius
3578 1302 3707 1356 Deus

2140 1426 2302 1480 quam
2332 1409 2477 1469 Deus
2506 1406 2771 1467 omnium,
2803 1410 2857 1457 et
2892 1402 3097 1465 dicere,
3125 1406 3253 1468 puto
3303 1412 3434 1452 esse
3459 1396 3703 1448 virtutem

2140 1502 2451 1573 quamdam,
2482 1507 2534 1555 et
2559 1498 2879 1569 priusquam
2922 1494 3026 1563 ipsi
3069 1500 3277 1546 certum
3332 1489 3409 1543 sit
3449 1486 3600 1558 quod
3638 1487 3706 1539 lo-

2138 1596 2343 1665 quitur,
2372 1594 2479 1647 boc
2505 1592 2640 1647 velle
2667 1590 2789 1647 aliis
2816 1585 3179 1643 conﬁrmare?
3211 1583 3377 1637 Estne
3413 1582 3615 1651 aliquis
3643 1581 3706 1632 ita

2141 1699 2400 1753 przeeeps,
2432 1681 2524 1751 qui
2554 1681 2732 1736 verbis
2776 1679 2886 1734 tuis
2909 1677 3116 1743 credat,
3140 1676 3195 1729 in
3223 1674 3431 1744 quibus
3462 1682 3517 1725 te
3544 1675 3705 1739 ipsum

2134 1777 2313 1831 videat
2343 1775 2715 1839 dubitantem;
2754 1780 2811 1825 et
2840 1771 3089 1826 admittat
3112 1783 3233 1824 esse
3267 1767 3518 1837 aliquam
3549 1766 3705 1818 virtu-

2133 1879 2239 1925 tem
2274 1868 2599 1937 incognitam
2668 1864 2903 1920 creatori
2928 1862 3058 1928 Deo,
3092 1869 3146 1917 et
3176 1859 3370 1930 Moysi,
3400 1866 3459 1913 et
3490 1856 3706 1927 prophe-

2132 1962 2223 2024 tis,
2272 1970 2326 2016 et
2358 1961 2481 2029 legi.
2538 1966 2591 2013 et
2626 1956 2756 2012 Jesu
2799 1956 2961 2011 etiam
3003 1952 3263 2024 magistro
3315 1958 3555 2019 nostro,
3601 1961 3707 2015 qua:

2132 2054 2306 2109 virtus
2354 2052 2426 2104 ita
2468 2052 2610 2105 bona
2656 2050 2749 2112 sit,
2779 2056 2837 2101 ut
2869 2046 3004 2101 nulli
3046 2045 3173 2100 velit
3211 2043 3585 2105 innotescere,
3614 2038 3705 2093 nisi

2134 2143 2227 2196 uni
2252 2150 2484 2207 tantum,
2515 2148 2569 2193 et
2599 2140 2700 2193 hoc
2730 2139 2825 2193 tibi
2856 2134 3132 2192 tali?'l'um
3161 2134 3363 2190 deinde
3396 2136 3446 2188 si
3475 2146 3614 2186 nova
3634 2137 3708 2184 est

2134 2236 2237 2290 ista
2261 2234 2456 2297 virtus,
2489 2231 2761 2302 quomodo
2790 2229 2949 2283 nobis
2982 2243 3092 2282 non
3119 2226 3210 2281 dat
3244 2241 3455 2280 novum
3490 2225 3705 2293 aliquem

2134 2342 2356 2383 sensum
2409 2336 2602 2396 printer
2648 2324 2747 2379 hos
2788 2337 2925 2392 quos
2962 2321 3202 2392 gerimus
3248 2318 3522 2388 quinque,
3554 2323 3611 2369 ut
3650 2329 3705 2367 es

2134 2420 2255 2491 ipso
2294 2420 2363 2474 ab
2411 2434 2477 2473 ea
2516 2418 2674 2474 nobis
2714 2416 2908 2485 largito
2950 2428 3093 2468 novo
3144 2428 3335 2477 sensu,
3379 2411 3557 2479 ipsam
3600 2419 3703 2477 quae

2134 2526 2274 2565 nova
2305 2518 2390 2566 est
2412 2524 2606 2580 capere
2646 2518 2699 2563 et
2737 2508 3036 2577 intelligere
3064 2502 3379 2575 possimus?
3409 2509 3507 2556 aut
3536 2500 3582 2553 si
3611 2513 3704 2550 non

2135 2610 2311 2675 potest
2357 2603 2563 2673 largiri,
2596 2602 2868 2672 quomodo
2898 2599 2995 2654 tibi
3024 2597 3215 2667 largita
3258 2596 3387 2650 est?
3415 2600 3511 2647 aut
3547 2593 3591 2647 si
3621 2589 3701 2643 tibi

2135 2695 2415 2757 revelavit,
2437 2709 2535 2749 cur
2584 2708 2692 2747 non
2716 2702 2767 2747 et
2795 2688 2988 2745 nobis?
3020 2688 3077 2742 Si
3100 2701 3226 2740 vero
3255 2701 3287 2739 a
3322 2686 3609 2753 temetipso
3631 2683 3702 2734 in-

2135 2789 2414 2851 tellexisti,
2444 2802 2567 2858 qum
2602 2801 2671 2841 ne
2705 2784 2981 2856 propheta:
3009 2780 3223 2851 quidem
3267 2780 3480 2833 sentire
3518 2784 3607 2829 aut
3630 2775 3700 2828 in-

2138 2882 2379 2951 telligere
2408 2887 2720 2950 potuerunt,
2751 2876 2841 2931 dic
2877 2890 2975 2945 age
3016 2873 3172 2928 nobis
3208 2886 3357 2924 nunc
3388 2869 3521 2939 quid
3550 2880 3699 2921 unus-

2136 2973 2370 3041 quisque
2402 2977 2650 3024 nostrum
2684 2966 2889 3037 cogitat
2916 2984 2928 3019 :
2964 2962 3023 3017 Si
3053 2962 3197 3017 enim
3239 2967 3431 3014 tantus
3471 2966 3551 3013 est
3579 2956 3630 3009 in
3654 2964 3699 3008 te

2134 3064 2383 3133 spiritus,
2414 3069 2474 3116 ut
2493 3077 2557 3115 ea
2584 3076 2705 3130 qua:
2734 3072 2898 3127 super
2920 3056 3089 3110 caelos
3119 3059 3268 3114 sunt,
3304 3050 3578 3120 incognita
3602 3062 3697 3101 om.

2131 3157 2296 3212 nibus
2332 3162 2387 3209 et
2438 3152 2697 3209 omnibus
2745 3143 3325 3218 incomprehensibilia
3373 3154 3692 3212 cognoscas,

2128 3246 2301 3299 multo
2351 3244 2566 3298 facilius
2606 3241 2965 3312 cogitationes
3000 3238 3267 3292 humanas
3310 3249 3436 3304 qua:
3468 3234 3522 3287 in
3552 3228 3693 3285 terris

2128 3338 2398 3393 habentur
2425 3335 2699 3405 agnoscis.
2728 3331 2881 3399 Quod
2912 3331 2956 3385 si
2990 3330 3347 3401 cogitationes
3378 3337 3593 3382 nostras
3616 3320 3693 3391 qui

2129 3429 2219 3484 hic
2245 3435 2457 3483 stamus
2486 3443 2592 3481 non
2620 3433 2775 3495 potes
2814 3427 2978 3489 seire,
3001 3421 3273 3493 quomodo
3302 3436 3370 3476 ea
3409 3434 3531 3489 quae
3548 3416 3692 3472 nullis

2128 3535 2253 3577 esse
2280 3520 2497 3590 cognita
2518 3518 2772 3580 affirmas,
2802 3519 2942 3572 scire
2972 3526 3023 3571 te
3053 3515 3230 3570 dicis?

2200 3610 2287 3666 LI.
2318 3611 2493 3665 Crede
2514 3617 2694 3665 autem
2728 3608 2882 3671 mihi,
2914 3607 3040 3677 quia
3081 3620 3361 3675 nunquam
3393 3607 3561 3661 scires
3580 3599 3691 3672 quid

2129 3712 2213 3759 est
2235 3705 2348 3767 lux,
2374 3704 2481 3758 nisi
2507 3706 2576 3759 ab
2605 3702 2721 3771 ipsa
2763 3702 2885 3756 luce
2912 3699 3220 3769 accepisses
3249 3704 3305 3751 et
3336 3697 3514 3752 visum
3542 3701 3590 3749 et
3614 3694 3689 3746 in-

2129 3803 2404 3857 tellectum
2442 3800 2696 3865 videndi;
2731 3799 2813 3853 sic
2840 3806 2897 3853 et
2931 3798 2988 3851 in
3030 3796 3260 3852 exteris.
3311 3793 3451 3847 Hinc
3492 3796 3689 3858 accepta

2131 3893 2515 3962 intelligentia,
2548 3890 2724 3960 majus
2752 3887 2957 3958 aliquid
2988 3894 3043 3941 et
3076 3885 3369 3941 sublimius
3400 3881 3588 3939 somnii
3615 3894 3688 3931 iu-

2131 3992 2248 4041 star
2275 3984 2575 4053 excogitas,
2624 3982 2917 4036 occasione
2968 3988 3144 4032 tamen
3188 3992 3254 4031 ex
3298 3976 3421 4031 istis
3472 3974 3686 4044 quinque

2131 4076 2384 4132 sensibus
2414 4081 2650 4143 sumpta,
2682 4086 2916 4142 quorum
2939 4069 3183 4141 largitori
3208 4069 3457 4138 ingratus
3475 4083 3550 4120 es.
3573 4063 3685 4118 Cer-

2130 4175 2220 4222 tus
2248 4174 2427 4220 autem
2453 4172 2593 4228 esto,
2615 4162 2760 4231 quod
2790 4162 2963 4215 donec
3001 4174 3108 4213 non
3140 4157 3356 4211 invenis
3386 4166 3578 4209 novum
3600 4148 3685 4203 ali-

2131 4274 2290 4329 quem
2322 4273 2563 4321 sensum,
2589 4257 2681 4326 qui
2704 4263 2859 4310 extra
2881 4254 2982 4307 hos
3008 4252 3249 4323 quinque
3278 4251 3351 4305 sit
3374 4248 3565 4319 quibus
3591 4258 3686 4297 oni-

2132 4368 2231 4409 nes
2258 4352 2487 4412 utimur,
2518 4363 2718 4403 novum
2749 4362 2995 4402 asserere
3041 4360 3152 4399 non
3185 4342 3396 4413 poteris
3418 4340 3599 4394 Deum.
3625 4333 3682 4387 Et

444 4431 785 4499 prophetavit
811 4432 930 4487 sine
958 4433 1125 4488 dubio
1154 4450 1253 4489 nec
1278 4435 1393 4505 ipse
1418 4436 1689 4507 ignoravit
1715 4453 1836 4492 eum
1859 4456 1872 4506 ;
1898 4455 2016 4508 pro-
2060 4453 2103 4506 ι)
2136 4444 2325 4499 Simon
2350 4463 2363 4498 ;
2390 4443 2526 4499 cum
2547 4441 2789 4512 quinque
2821 4437 3075 4495 sensibus
3102 4442 3354 4491 constent
3382 4430 3559 4488 omnia
3579 4439 3682 4496 qua:

443 4522 607 4590 pheta
635 4523 781 4577 enim
823 4534 962 4588 erat,
991 4534 1046 4579 et
1076 4525 1171 4595 qui
1219 4526 1286 4580 de
1336 4526 1473 4581 Filio
1516 4529 1878 4598 prephetavit,
1912 4531 2030 4586 sine

443 4612 611 4667 dubio
642 4624 971 4685 cognoverat
999 4615 1235 4672 Patrem.
1270 4616 1327 4672 Si
1366 4620 1510 4673 enim
1544 4620 1599 4673 in
1638 4622 1917 4675 voluntate
1944 4630 2033 4679 est

444 4703 568 4759 Filii
601 4708 842 4763 revelare
889 4707 1106 4763 I’atrcm
1155 4712 1243 4765 cui
1290 4712 1545 4777 voluerit,
1596 4712 1787 4778 Filius,
1831 4730 1924 4784 qui
1960 4715 2029 4770 ab

442 4799 602 4853 initio
629 4810 683 4855 et
709 4816 923 4872 semper
953 4819 1074 4857 eum
1100 4803 1261 4858 Patre
1294 4805 1393 4858 fuit
1429 4821 1525 4875 per
1568 4807 1815 4876 singulas
1859 4823 2027 4877 quas-

444 4904 551 4959 que
579 4893 980 4960 generationes,
1008 4894 1151 4948 sicut
1180 4895 1439 4949 revelavit
1468 4894 1639 4967 Moysi
1679 4896 1915 4962 Patrem,
1950 4898 2026 4953 ita

442 4992 497 5036 et
528 4984 651 5037 aliis
678 4987 991 5055 prophetis;
1018 4988 1164 5058 quod
1195 4988 1242 5043 si
1282 4996 1387 5053 est,
1420 4990 1554 5043 nulli
1607 4989 1823 5047 Patrem
1856 4993 2027 5049 fuisse

444 5074 781 5144 incognitum
819 5086 1051 5133 constat.
1089 5078 1210 5133 Tibi
1239 5095 1366 5133 vero
1400 5081 1493 5150 qui
1540 5079 1735 5135 Filium
1763 5099 1871 5137 non
1905 5098 2026 5139 cre-

443 5164 551 5230 dis,
575 5168 849 5235 quomodo
871 5171 1046 5239 potuit
1080 5170 1306 5225 revelari
1347 5170 1529 5236 Pater,
1567 5174 1658 5241 qui
1688 5152 1823 5228 nulli
1862 5181 2029 5231 notus

442 5264 548 5319 est,
572 5257 678 5312 nisi
706 5259 796 5313 cui
828 5261 1058 5316 voluerit
1092 5261 1263 5318 Filius
1289 5264 1563 5318 revelare?
1592 5263 1813 5321 Revelat
1840 5276 2021 5321 autem

441 5344 613 5401 Filius
636 5346 851 5405 Patrem
879 5351 963 5405 his
985 5354 1081 5422 qui
1112 5353 1189 5407 ita
1220 5352 1586 5409 honorificam
1612 5354 1833 5423 Filium,
1872 5358 2017 5414 sicut

446 5440 807 5496 honorificam
833 5442 1048 5500 Patrem
1064 5447 1129 5501 ³⁷.

513 5531 700 5588 XLIX.
731 5534 869 5590 Tum
897 5536 1084 5592 Simon
1111 5558 1123 5592 :
1152 5538 1440 5606 Memento,
1461 5540 1657 5611 inquit,
1690 5541 1818 5612 quia
1846 5540 2014 5596 filium

519 5749 563 5780 ”
585 5748 738 5806 Deut.
773 5767 887 5822 nu,
922 5752 1029 5809 1—5.

2132 4542 2281 4598 sunt,
2320 4533 2456 4587 nihil
2501 4546 2703 4585 novum
2736 4529 2934 4583 addere
2968 4526 3147 4579 virtus
3200 4524 3289 4576 illa
3324 4520 3535 4576 cunctis
3560 4512 3678 4571 emi-

2132 4628 2350 4683 nentior
2380 4631 2581 4695 potest.
2608 4620 2674 4677 Et
2701 4620 2896 4675 Petrus
2918 4619 2994 4672 ait
3021 4637 3032 4672 :
3067 4615 3290 4671 Falsum
3319 4624 3421 4669 est.
3446 4611 3539 4665 Est
3553 4607 3678 4663 enim

2130 4726 2185 4774 et
2235 4719 2375 4772 alius
2406 4725 2592 4772 sextus
2640 4728 2867 4773 sensus,
2923 4710 2976 4764 id
3033 4715 3118 4763 est
3160 4702 3564 4777 praenoscendi;
3599 4695 3674 4752 isti

2131 4811 2273 4864 enim
2304 4808 2545 4877 quinque
2572 4819 2769 4859 sensus
2799 4800 3042 4857 scicntia:
3074 4812 3304 4868 capaces
3334 4802 3479 4859 sunt,
3509 4797 3673 4847 sextus

2131 4909 2311 4954 autem
2345 4896 2701 4968 priescientiaa
2743 4901 2848 4955 est,
2911 4906 3072 4961 quem
3127 4889 3367 4943 habuere
3406 4884 3669 4956 prophetis.

2132 4992 2213 5046 Tu
2249 5003 2377 5061 ergo
2406 4986 2681 5057 quomodo
2708 4991 2864 5055 potes
2887 4982 3052 5036 Deum
3076 4980 3332 5036 omnibus
3364 4974 3669 5045 incognitum

2131 5098 2315 5143 nosse,
2349 5079 2442 5150 qui
2469 5094 2569 5133 nec
2600 5074 2975 5147 propheticum
3030 5088 3274 5137 sensum,
3313 5070 3406 5141 qui
3445 5077 3521 5123 est
3544 5078 3666 5135 prie-

2131 5174 2391 5235 scientiae,
2452 5168 2796 5240 cognovisti?
2846 5165 2983 5220 Tum
3035 5163 3224 5220 Simon
3254 5164 3417 5233 coepit
3461 5161 3661 5213 dicere:

2128 5263 2280 5316 Hauc
2308 5276 2471 5332 quam
2522 5259 2647 5313 dico
2703 5256 2959 5309 virtutem
3015 5246 3596 5323 incomprehensibilem
3619 5247 3664 5293 et

2125 5354 2543 5410 eminentiorem
2594 5348 2831 5411 cunctis,
2885 5346 3049 5401 etiam
3109 5346 3231 5414 ipso
3286 5341 3378 5413 qui
3427 5334 3661 5393 mundum

2125 5447 2370 5501 condidit
2398 5445 2531 5507 Deo,
2584 5457 2760 5513 neque
2812 5440 3129 5511 angelorum
3179 5438 3461 5507 quisquam
3508 5436 3660 5495 neque

2121 5543 2426 5595 daemonum
2467 5536 2618 5590 novit
2646 5547 2820 5604 neque
2864 5530 3202 5594 Judaaorum,
3236 5542 3407 5599 neque
3436 5525 3534 5580 ulla
3558 5531 3655 5575 οω-

1132 5754 1174 5788 “
1214 5753 1403 5811 Matth.
1433 5772 1502 5825 vi,
1527 5757 1614 5811 55.
1690 5758 1731 5789 ⁸⁸
1768 5756 1896 5810 Lu1'.
1935 5771 2007 5819 xi,
2042 5758 2045 5803 1

2211 5755 2254 5783 δ’*
2296 5753 2497 5809 Matth.
2538 5769 2609 5824 si,
2642 5752 2730 5808 27.
2813 5752 2855 5784 θ’
2895 5750 3054 5839 Ιυίιιι..
3085 5767 3138 5818 v,
3169 5750 3261 5805 23.
