3890 6192
250 313 394 373 ηπ.

1434 306 2002 365 RECOGNITIONUM
2034 306 2164 363 LIB.
2200 306 2261 365 II.

3344 313 3483 370 1274

246 428 381 481 nino
408 440 526 497 qum
557 440 588 480 a
631 424 916 480 conditore
948 422 1060 477 Deo
1088 422 1333 478 substitit
1370 432 1643 479 creatura.
1665 428 1816 490 Quo—
1847 432 1893 488 Α
1920 434 2142 473 causam
2182 419 2239 473 in
2295 420 2549 488 paradiso
2580 421 2798 490 posuit?
2847 419 2905 475 Si
2959 437 3084 477 vero
3131 422 3332 478 bonum
3365 438 3486 482 erat

245 519 411 573 modo
438 519 585 573 enim
616 524 851 588 poterat,
882 531 1045 586 quam
1074 513 1303 570 Creator
1355 517 1472 585 ipse
1504 530 1614 569 non
1648 531 1814 569 nove-

243 616 355 671 rat,
400 608 482 662 lex
508 623 594 661 me
624 608 798 676 ipsius
827 605 1107 661 Creatoris
1138 606 1387 676 edocere,
1412 622 1537 661 cum
1562 620 1665 661 nec
1693 607 1812 676 ipsa

238 699 410 764 sciret
437 702 580 769 quod
610 700 860 755 doceret?

312 790 422 846 LII.
456 792 522 845 Et
580 792 815 848 Petrus:
869 792 1057 858 Miror,
1088 794 1283 863 inquit,
1342 794 1617 864 quomodo
1657 800 1718 848 tu
1746 809 1813 848 ex

236 881 360 951 lege
393 884 514 952 plus
570 885 815 953 potueris
870 885 1104 948 discere,
1141 900 1303 955 quam
1335 886 1533 941 docere
1558 886 1643 941 vel
1671 886 1814 941 scire

238 973 326 1028 lex
359 976 609 1043 poterat?
634 982 686 1029 et
738 977 1012 1045 quomodo
1060 977 1253 1031 horum
1304 992 1426 1046 quae
1455 992 1701 1034 asserere
1731 979 1813 1033 vis

237 1066 596 1133 probationes
626 1067 777 1121 dicas
808 1075 860 1122 te
890 1084 957 1122 ex
1000 1068 1117 1139 lege
1169 1070 1434 1138 proferre,
1466 1084 1591 1124 cum
1636 1085 1813 1140 neque

236 1154 416 1226 legem
448 1171 667 1212 asseras
713 1172 878 1211 nosse
904 1172 967 1213 ea
1013 1174 1132 1228 quae
1162 1158 1331 1223 dicis,
1358 1166 1535 1229 nequ'e
1563 1175 1687 1215 eum
1716 1160 1811 1229 qui

235 1246 409 1317 legem
443 1247 610 1310 dedit.
656 1250 710 1304 id
766 1258 850 1305 est
888 1252 1075 1306 mundi
1107 1252 1462 1307 Creatorem?
1490 1251 1596 1309 Sed
1626 1265 1679 1309 et
1708 1254 1811 1308 hoc

231 1337 431 1403 miror,
463 1340 738 1408 quomodo
769 1348 826 1395 tu
879 1344 971 1413 qui
1005 1346 1156 1400 solus
1187 1344 1299 1400 haec
1331 1347 1498 1416 nosti,
1533 1347 1623 1401 hic
1650 1350 1812 1403 modo

232 1442 362 1481 cum
394 1430 653 1486 omnibus
686 1440 799 1487 stes
854 1435 1037 1492 brevis
1088 1437 1209 1491 atrii
1245 1439 1410 1507 hujus
1467 1440 1674 1495 ambitu
1702 1441 1813 1494 cir-

232 1521 551 1577 cumdatus.
592 1523 659 1577 Et
691 1523 880 1580 Simon
909 1528 1102 1583 videns
1139 1544 1263 1584 cum
1315 1532 1464 1585 omni
1498 1535 1701 1603 populo
1731 1537 1810 1588 ri.-

229 1609 452 1664 dentem
510 1611 731 1667 Petrum
756 1634 767 1669 :
796 1614 985 1680 Rides,
1014 1617 1213 1686 inquit,
1248 1617 1428 1682 Petre,
1470 1634 1595 1675 cum
1630 1636 1811 1675 sermo

229 1701 299 1755 de
329 1703 494 1758 tantis
522 1705 685 1761 rebus
735 1716 788 1760 et
817 1714 927 1760 tam
958 1710 1322 1766 eminentibus
1346 1711 1640 1766 habeatur?
1673 1712 1808 1766 Tum

1912 513 2059 583 quod
2089 513 2142 567 in
2182 512 2439 582 paradiso
2483 514 2688 585 posuit,
2720 530 2830 570 non
2852 524 2937 571 cst
2963 516 3091 571 boni
3114 517 3405 587 prohibere
3454 537 3487 575 a

1912 604 2075 659 bono.

1984 694 2116 751 LIV.
2160 695 2250 751 Sic
2276 713 2407 769 ergo
2433 713 2557 769 cum
2589 699 2635 755 is
2665 698 2759 769 qui
2790 698 3065 754 hominem
3097 699 3227 755 fecit
3249 711 3303 757 et
3328 719 3489 759 ruun—

1912 786 2063 851 dum,
2089 790 2389 843 secundum
2421 805 2486 845 ea
2525 806 2647 861 qua:
2676 792 2762 846 lex
2789 790 2959 846 refert
2988 791 3341 862 imperfectus
3392 795 3483 859 sit,

1913 880 2080 934 alium
2109 882 2229 937 sine
2259 882 2427 938 dubio
2455 882 2550 937 dat
2581 883 2812 954 intelligi
2835 884 2929 953 qui
2954 884 3229 953 perfectus
3261 886 3352 941 sit.
3381 885 3488 943 Ne-

1913 987 2072 1027 cesse
2106 980 2191 1028 est
2217 975 2363 1027 enim
2414 990 2536 1030 esse
2567 975 2803 1045 aliquem
2844 975 3089 1030 omnium
3143 978 3490 1047 praestantio-

1914 1077 2047 1125 rem,
2070 1072 2291 1134 propter
2318 1080 2479 1135 quem
2508 1072 2561 1119 et
2582 1068 2762 1121 omnis
2788 1075 3037 1122 creatura
3060 1068 3308 1124 ordinem
3326 1086 3489 1126 suum

1912 1162 2113 1210 servat.
2141 1154 2297 1212 Unde
2319 1167 2371 1213 et
2405 1172 2506 1228 ego
2536 1159 2740 1222 sciens,
2765 1160 2892 1228 quia
2916 1160 3231 1215 omnimodo
3263 1178 3489 1221 necesse

1911 1254 1998 1300 est
2027 1261 2148 1302 esse
2194 1248 2430 1318 aliquem
2487 1249 2860 1315 benigniorem
2906 1259 2960 1304 et
3008 1251 3369 1320 potentiorem
3397 1268 3486 1319 eo,

1911 1337 2004 1405 qui
2037 1338 2208 1408 legem
2258 1339 2426 1404 dedit,
2462 1340 2781 1411 imperfecto
2816 1340 2940 1405 deo,
2974 1358 3041 1400 ex
3075 1346 3489 1416 comparatione

1914 1429 2214 1496 imperfecti
2270 1429 2568 1499 perfectum
2614 1431 2746 1501 quid
2805 1433 2877 1487 sit
2912 1433 3244 1503 intelligens,
3276 1450 3339 1490 ex
3369 1436 3487 1506 ipsa

1914 1518 2198 1588 Scriptura
2243 1521 2413 1577 Deum
2474 1521 2631 1577 illum
2663 1522 2730 1578 de
2770 1539 2879 1593 quo
2911 1526 3173 1594 scriptum
3205 1543 3314 1581 non
3343 1536 3484 1594 erat,

1912 1607 2173 1664 intellexi.
2209 1608 2273 1663 Et
2299 1610 2401 1664 hoc
2425 1610 2585 1665 modo
2605 1612 2823 1680 potui,o
2839 1609 3019 1677 Petre,
3040 1628 3105 1668 ex
3131 1614 3248 1685 lege
3272 1615 3487 1672 discere

1913 1699 2057 1766 quod
2090 1702 2370 1757 nesciebat
2429 1701 2536 1758 lex.
2568 1701 2724 1769 Quod
2758 1710 2812 1757 et
2864 1704 2910 1758 si
2962 1704 3049 1758 lex
3081 1720 3191 1758 non
3243 1706 3488 1762 dedisset

227 1790 428 1849 Petrus
459 1814 472 1848 :
504 1793 647 1859 Noli,
680 1797 877 1867 inquit,
926 1799 1197 1869 indignari
1253 1801 1462 1868 Simon,
1489 1804 1626 1857 nihil
1653 1804 1797 1858 enim

1907 1793 2133 1855 indicia,
2166 1794 2367 1863 quibus
2414 1793 2765 1865 colligeretur
2805 1795 3157 1865 imperfectus
3185 1812 3308 1852 esse
3340 1797 3485 1855 Deus

227 1893 427 1953 praeter
468 1887 886 1955 promissionem
938 1898 1181 1944 nostram
1214 1893 1474 1961 gerimus,
1504 1909 1680 1963 neque
1704 1910 1803 1947 au~-

226 1994 322 2033 res
354 1988 574 2036 nostras
602 1982 933 2043 claudimus,
960 1991 1020 2037 ut
1049 1983 1295 2046 dicebas,
1328 2000 1505 2054 neque
1532 1987 1714 2039 statim
1742 1994 1802 2039 ut

225 2068 540 2128 audivimus
572 2088 601 2125 a
631 2080 683 2128 te
733 2074 1026 2128 ineffabilia
1056 2074 1289 2144 proferri
1342 2075 1397 2129 in
1439 2075 1622 2147 fugam
1657 2077 1800 2132 versi

220 2177 440 2225 sumus,
474 2166 567 2219 sed
586 2181 654 2221 ne
680 2166 800 2220 loco
829 2167 1050 2235 quidem
1096 2168 1251 2222 moti.
1283 2167 1468 2236 Neque
1489 2168 1634 2222 enim
1662 2169 1802 2223 veri-

218 2252 428 2306 similia
467 2255 658 2309 saltem
715 2256 894 2325 aliqua
932 2255 1287 2325 proferuntur
1309 2257 1409 2310 abs
1438 2264 1510 2319 te,
1555 2272 1677 2326 quae
1700 2273 1801 2313 nos

220 2344 440 2413 possint
470 2346 816 2416 aliquatenus
847 2347 1141 2411 deterrere,
1170 2355 1264 2401 aut
1294 2359 1442 2402 certe
1468 2350 1617 2417 aperi
1643 2348 1801 2403 nobis

218 2435 642 2507 intelligentiam
672 2440 803 2494 dicti
849 2439 1034 2513 hujus,
1063 2443 1339 2510 quomodo
1387 2449 1443 2496 tu
1477 2458 1543 2495 ex
1574 2444 1689 2512 lege
1718 2442 1799 2495 di-

217 2528 425 2584 diceris
453 2529 644 2595 Deum,
673 2547 834 2601 quem
878 2534 959 2587 lex
996 2533 1115 2603 ipsa
1162 2535 1358 2597 nescit,
1391 2542 1444 2588 et
1475 2549 1634 2602 quem
1684 2534 1801 2603 ipse

217 2619 319 2689 qui
353 2620 521 2690 legem
549 2623 730 2691 posuit
778 2623 1009 2694 ignoret.
1044 2624 1107 2677 Et
1134 2623 1323 2679 Simon
1351 2642 1364 2677 :
1388 2624 1465 2688 Si,
1494 2624 1691 2693 inquit,
1718 2624 1799 2678 ri-

214 2712 402 2768 dendo
446 2716 701 2779 cessasti,
732 2716 1083 2773 evidentibus
1120 2717 1517 2772 assertionibus
1545 2731 1802 2786 compro-

215 2804 385 2858 babo.
418 2802 483 2857 Et
512 2803 706 2861 Petrus
735 2808 811 2861 ait
841 2827 854 2861 :
888 2808 1031 2873 Quin
1082 2808 1352 2872 desinam,
1385 2815 1445 2862 ut
1472 2808 1678 2878 possim
1709 2807 1797 2862 di-

213 2911 425 2951 scerea
455 2906 526 2959 te,
559 2900 834 2967 quomodo
883 2909 943 2954 tu
990 2915 1020 2953 a
1072 2902 1188 2972 lege
1238 2900 1515 2966 didiceris,
1542 2917 1664 2971 qua:
1711 2902 1796 2956 lex

213 2991 394 3042 nescit
415 2998 467 3042 et
489 3006 608 3059 quae
636 2992 749 3060 ipse
777 2991 918 3048 Deus
959 2994 1091 3062 legis
1121 2994 1351 3062 ignoret.

291 3080 425 3137 LIII.
457 3082 521 3136 Et
550 3082 740 3137 Simon
762 3084 944 3150 :Audi,
971 3086 1170 3156 inquit,
1191 3086 1538 3142 manifestum
1572 3096 1657 3141 est
1681 3103 1797 3142 om-

212 3177 383 3231 nibus
436 3184 488 3231 et
544 3176 803 3232 ineffabili
859 3180 1093 3247 quadam
1155 3181 1363 3235 ratione
1420 3188 1795 3252 compertum,

211 3284 387 3321 unum
426 3284 549 3324 esse
580 3268 769 3333 Deum,
822 3271 915 3340 qui
971 3271 1043 3326 sit
1080 3274 1323 3326 omnium
1377 3275 1592 3338 melior,
1627 3290 1656 3328 a
1687 3292 1799 3345 quo

211 3373 381 3417 omne
414 3360 557 3428 quod
592 3368 696 3425 est,
723 3363 960 3432 sumpsit
987 3364 1295 3427 exordium,
1325 3365 1470 3419 unde
1498 3373 1554 3420 et
1600 3382 1795 3423 neces-

210 3454 368 3507 sario
391 3452 633 3521 subjecta
658 3463 787 3509 sunt
814 3456 861 3510 ei
893 3456 1074 3509 omnia
1104 3472 1226 3526 quae
1265 3465 1386 3527 post
1417 3458 1594 3528 ipsum
1645 3469 1793 3525 sunt,

207 3543 367 3598 velut
422 3544 656 3614 principi
714 3546 959 3599 omnium
1019 3555 1072 3601 et
1126 3549 1491 3603 eminentiori.
1526 3548 1638 3619 Ego
1665 3566 1797 3621 ergo

208 3651 343 3689 cum
373 3639 752 3706 cognovissem
806 3638 975 3693 Deum
1028 3642 1171 3693 hunc
1202 3642 1293 3709 qui
1326 3651 1606 3696 creaverat
1635 3658 1797 3697 mun-

208 3726 370 3789 dum,
406 3729 708 3782 secundum
744 3730 890 3799 quod
934 3731 1018 3784 lex
1049 3731 1230 3795 docet,
1258 3731 1313 3786 in
1345 3733 1530 3787 multis
1559 3749 1682 3789 esse
1712 3734 1797 3788 in~

208 3816 458 3881 ﬁrmum,
490 3818 649 3889 longe
673 3829 855 3875 autem
890 3821 1149 3875 abhorret
1177 3822 1464 3879 inlirmitas
1496 3839 1525 3877 a
1553 3824 1796 3893 perfecto

210 3907 347 3973 Deo,
371 3916 426 3963 et
457 3910 603 3965 hunc
624 3911 860 3966 viderem
886 3928 993 3966 non
1024 3929 1146 3969 esse
1182 3915 1503 3984 perfectura,
1534 3932 1793 3973 necessa-

208 4002 297 4055 rio
338 4002 499 4056 alium
547 4019 671 4059 esse
722 4004 963 4059 intellexi
1014 4007 1108 4076 qui
1155 4016 1303 4063 esset
1358 4008 1654 4078 perfectus.
1694 4009 1793 4065 llic

206 4093 383 4157 enim,
415 4102 474 4147 ut
509 4095 643 4158 dixi,
694 4096 991 4150 secundum
1029 4098 1172 4167 quod
1206 4098 1489 4169 Scriptura
1531 4102 1667 4171 legis
1693 4102 1796 4156 do-

207 4187 323 4241 cet,
350 4180 404 4234 in
431 4184 618 4237 multis
642 4183 891 4239 infirmus
921 4201 1045 4241 esse
1075 4189 1516 4258 deprehenditur.
1539 4191 1584 4222 ⁸⁸
1606 4190 1794 4246 Primo

205 4271 361 4339 quod
396 4272 559 4327 homo
588 4291 749 4343 quem
784 4277 1092 4345 plasmavit,
1128 4296 1238 4334 non
1269 4285 1445 4351 potuit
1474 4300 1794 4352 permanere

202 4364 339 4418 talis
370 4366 584 4434 qualem
634 4367 753 4436 ipse
805 4369 1069 4435 voluerat,
1098 4379 1152 4425 et
1191 4374 1318 4443 quia
1348 4391 1449 4429 nec
1478 4376 1655 4432 bonus
1682 4384 1787 4443 est,

1903 1884 1998 1954 qui
2026 1883 2272 1938 condidit
2303 1880 2589 1948 mundum,
2625 1886 2757 1939 mihi
2788 1887 3050 1956 possibile
3071 1896 3209 1953 erat,
3231 1893 3394 1945 etiam
3418 1908 3485 1947 ex

1904 1975 1990 2029 his
2016 1991 2140 2045 quae
2195 1976 2250 2029 in
2308 1975 2413 2030 hoc
2461 1977 2666 2031 mundo
2688 1985 2954 2048 geruntur
2984 1980 3144 2035 malis
3172 1997 3273 2035 nec
3299 1998 3487 2037 emen-

1904 2069 2123 2133 dantur,
2149 2070 2427 2139 colligere,
2485 2071 2571 2124 vel
2603 2071 2733 2140 quia
2771 2071 3137 2142 impossibilis
3164 2080 3250 2129 est
3272 2083 3485 2129 creator

1906 2160 2047 2229 ejus,
2081 2162 2173 2229 qui
2196 2161 2337 2215 male
2358 2168 2509 2231 gesta
2540 2177 2649 2215 non
2675 2162 2923 2232 corrigit,
2950 2165 2997 2218 si
3022 2178 3131 2218 non
3169 2173 3368 2234 p0test,
3397 2167 3485 2221 vel

1903 2253 1948 2306 si
1981 2268 2089 2306 non
2118 2252 2234 2307 vult
2256 2253 2474 2307 auferre
2501 2255 2663 2321 mala,
2682 2254 2799 2325 ipse
2826 2256 3002 2313 malus
3031 2258 3123 2322 sit,
3147 2258 3195 2314 si
3225 2275 3355 2315 vero
3382 2277 3481 2317 ne—

1902 2360 2008 2413 que
2040 2351 2217 2412 potest
2244 2360 2421 2413 neque
2450 2346 2586 2409 vult,
2644 2361 2745 2400 nec
2793 2354 2986 2416 potens
3022 2363 3124 2403 nec
3179 2348 3355 2405 bonus
3387 2351 3481 2407 sit.

1903 2435 1967 2488 Et
1994 2452 2059 2491 ex
2088 2436 2173 2492 his
2202 2450 2429 2491 necesse
2485 2444 2569 2492 est
2620 2438 2823 2507 colligi,
2864 2440 3012 2509 quod
3063 2441 3203 2498 alius
3234 2443 3307 2497 sit
3337 2442 3483 2497 Deus

1901 2527 2144 2581 omnium
2179 2529 2526 2596 praestantior
2545 2537 2599 2584 et
2632 2531 2924 2599 potentior.
2969 2532 3054 2588 Ad
3084 2532 3201 2590 haec
3252 2536 3299 2590 si
3348 2536 3483 2607 quid

1902 2618 2074 2675 habes
2105 2619 2311 2686 dicere,
2344 2637 2452 2675 non
2487 2624 2743 2679 moreris.

1970 2709 2082 2767 LV.
2113 2711 2307 2768 Petrus
2338 2715 2620 2784 respondit
2651 2736 2663 2770 :
2692 2715 2881 2772 Solent
2913 2719 3037 2784 ista,
3067 2735 3101 2775 o
3130 2720 3340 2787 Simon,
3377 2724 3481 2778 ab-

1902 2803 2067 2858 surda
2113 2806 2376 2861 adversus
2422 2806 2590 2862 Deum
2642 2810 2896 2864 meditari
2945 2811 2999 2864 hi
3030 2813 3122 2882 qui
3154 2813 3325 2883 legem
3371 2830 3482 2870 non

1900 2900 2181 2968 magistris
2222 2899 2567 2954 tradentibus
2618 2901 2827 2971 legunt,
2879 2904 2975 2956 sed
3021 2905 3348 2973 semetipsos
3379 2906 3481 2961 do-

1901 2999 2083 3046 ctores
2113 2992 2317 3046 habent
2345 2999 2400 3046 et
2424 3000 2616 3061 putant
2647 3008 2707 3049 se
2741 2994 3044 3064 intelligere
3068 3011 3231 3065 posse
3268 2997 3443 3066 legem
3461 3039 3480 3066 ,

1902 3099 2063 3151 quam
2090 3084 2195 3138 sibi
2224 3100 2334 3138 non
2360 3084 2615 3154 exposuit
2647 3084 2737 3139 ille
2763 3085 2905 3155 quia
2926 3086 3189 3156 magistro
3204 3087 3476 3146 didicerit.

1906 3172 2291 3230 Verumtamen
2306 3192 2474 3241 nunc,
2495 3185 2555 3229 ut
2570 3184 2622 3230 et
2638 3192 2739 3231 nos
2762 3177 3063 3232 secundum
3087 3186 3239 3234 tuum
3256 3196 3480 3236 sensum

1904 3266 2244 3337 Scripturam
2284 3269 2420 3338 legis
2443 3270 2595 3337 sequi
2635 3269 2943 3334 videamur,
2975 3271 3103 3339 quia
3136 3280 3191 3324 et
3214 3273 3479 3342 impossi—

1900 3359 2062 3413 bilem
2090 3366 2143 3413 et
2175 3374 2281 3412 non
2305 3360 2508 3413 bonum
2536 3359 2675 3415 dicis
2706 3361 2923 3416 ostendi
2951 3364 3302 3419 Conditorem
3320 3382 3481 3420 mun-

1900 3450 1978 3514 di,
2013 3452 2289 3521 quomodo
2320 3468 2430 3505 non
2462 3452 2644 3507 vidisti
2692 3452 2838 3523 quod
2884 3453 3079 3509 iisdem
3118 3456 3254 3526 ipsis
3290 3474 3479 3528 repre-

1901 3543 2263 3599 hensionibus
2285 3544 2594 3599 succumbit
2619 3554 2674 3599 et
2704 3545 2951 3614 subjacet
2981 3547 3145 3609 etiam
3172 3549 3278 3603 ista
3300 3551 3477 3607 virtus

1898 3642 2016 3698 tua,
2044 3650 2210 3705 quam
2251 3635 2391 3691 dicis
2432 3652 2556 3691 esse
2592 3638 3006 3693 eminentiorem
3051 3642 3337 3697 omnium?
3371 3643 3478 3698 Eo-

1898 3727 2020 3782 dem
2052 3743 2292 3798 namque
2322 3729 2484 3784 modo
2511 3730 2578 3785 de
2607 3733 2725 3799 ipsa
2752 3732 2863 3785 dici
2895 3739 3094 3802 potest,
3137 3735 3265 3804 quia
3291 3738 3476 3793 omnia

1897 3838 2019 3893 quae
2046 3822 2133 3876 hic
2157 3824 2297 3877 male
2322 3830 2608 3892 geruntur,
2636 3830 2731 3875 aut
2749 3824 3106 3893 impossibilis
3120 3834 3205 3881 est
3221 3842 3341 3897 quae
3365 3845 3475 3883 non

1898 3914 2147 3984 corrigit,
2167 3921 2261 3967 aut
2289 3914 2334 3969 si
2365 3922 2545 3983 potest
2568 3924 2621 3968 et
2649 3929 2760 3967 non
2786 3916 2926 3979 vult,
2946 3916 3090 3970 mala
3121 3927 3223 3973 est.
3259 3916 3316 3971 Si
3342 3935 3475 3975 vero

1900 4021 2075 4075 neque
2112 4012 2293 4075 potest
2327 4021 2503 4076 neque
2536 4006 2671 4071 vult,
2705 4015 2760 4061 et
2795 4007 3155 4076 impossibilis
3189 4016 3244 4063 et
3272 4010 3475 4079 impera

1898 4097 2037 4152 fecta
2066 4105 2169 4152 est.
2203 4096 2358 4151 Unde
2387 4112 2496 4150 non
2539 4098 2717 4152 solum
2750 4097 2914 4151 simili
2947 4099 3121 4167 culpae
3145 4100 3323 4156 virtus
3358 4103 3469 4158 ista

1898 4196 1990 4242 tua
2020 4203 2180 4251 nova,
2214 4188 2308 4243 sed
2334 4195 2389 4242 et
2414 4188 2675 4243 deteriori
2700 4188 2977 4252 invenitur
3006 4191 3263 4257 obnoxia,
3298 4192 3346 4247 si
3375 4209 3473 4247 su-

1896 4296 1993 4350 per
2024 4281 2139 4335 haec
2167 4282 2357 4334 omnia
2391 4281 2554 4335 etiam
2584 4296 2708 4335 cum
2752 4296 2861 4335 non
2896 4282 2986 4345 sit,
3025 4298 3147 4337 esse
3188 4284 3467 4342 credatur.

1894 4373 2028 4428 Nam
2060 4375 2106 4429 is
2146 4373 2239 4443 qui
2270 4374 2534 4426 mundum
2568 4373 2793 4439 creavit,
2820 4374 2923 4428 hoc
2962 4375 3139 4443 ipsum
3165 4377 3309 4446 quod
3336 4378 3469 4432 sub-

202 4457 302 4526 qui
337 4458 510 4525 primo
537 4460 741 4513 homini
773 4462 954 4528 posuit
991 4464 1182 4534 legem,
1216 4473 1275 4519 ut
1306 4467 1374 4521 ab
1396 4470 1651 4524 omnibus
1664 4472 1788 4539 qui-
1819 4473 1864 4530 Ι)
1893 4466 2119 4521 sistitex
2139 4480 2302 4535 Opere
2315 4465 2435 4534 ejus
2453 4480 2561 4534 quo
2579 4465 2841 4518 mundum
2860 4467 3127 4533 condidit,
3148 4468 3327 4537 palam
3353 4478 3462 4534 est,

200 4546 334 4597 dem
363 4544 521 4616 lignis
565 4553 801 4619 paradisi
827 4555 1010 4609 ederet
1030 4597 1044 4617 ,
1075 4557 1141 4611 de
1166 4559 1312 4627 ligno
1341 4567 1519 4614 autem
1547 4562 1789 4615 scientiae

203 4649 322 4687 non
354 4639 719 4710 contingeret,
753 4645 848 4699 sed
899 4647 946 4702 si
1002 4656 1280 4717 gustasset
1316 4660 1643 4707 moreretur.
1677 4654 1790 4708 Cur

198 4727 355 4780 enim
388 4738 595 4786 vetaret
645 4751 767 4789 eum
795 4739 939 4793 vesci
967 4747 1020 4792 et
1068 4742 1209 4796 scire
1232 4743 1362 4812 quid
1413 4754 1556 4799 esset
1584 4746 1785 4800 bonum

201 4819 294 4873 vel
320 4821 452 4888 quid
507 4832 731 4890 malum,
770 4838 826 4881 ut
876 4846 1057 4886 serens
1117 4835 1259 4887 mala
1311 4836 1532 4905 quidem
1568 4837 1784 4903 vitaret,

200 4910 357 4965 bona
383 4928 513 4968 vero
547 4916 809 4987 eligeret?
855 4918 959 4976 Sed
1014 4939 1188 4994 neque
1213 4925 1329 4995 ipse
1357 4927 1458 4982 hoc
1484 4930 1782 4995 concessit,

196 5010 261 5057 et
293 5004 424 5071 quia
457 5004 546 5060 ille
588 5016 783 5077 prazter
831 5013 1146 5069 mandatum
1188 5019 1429 5087 gustavit
1470 5027 1524 5074 et
1564 5022 1784 5091 agnovit

196 5096 341 5165 quid
369 5110 513 5153 esset
542 5102 764 5165 bonum,
792 5120 855 5158 ac
876 5106 1065 5160 didicit
1095 5109 1317 5165 honoris
1344 5114 1515 5181 gratia
1546 5115 1782 5169 verenda

196 5194 498 5259 contegere
552 5193 891 5263 (indecorum
920 5199 1063 5253 enim
1090 5201 1262 5255 sensit
1290 5204 1542 5259 revelatis
1570 5206 1782 5273 puden—

191 5280 292 5335 dis
328 5291 474 5338 stare
524 5294 649 5342 ante
679 5288 992 5345 Creatorem
1044 5292 1254 5364 suum),
1287 5296 1376 5349 ille
1405 5312 1527 5350 eum
1558 5298 1649 5367 qui
1682 5298 1780 5353 ho-

189 5387 396 5427 norem
431 5374 539 5432 Deo
586 5380 799 5436 deferre
852 5382 1137 5448 didicerat,
1172 5394 1344 5440 morte
1370 5388 1700 5443 condemnat
1726 5397 1781 5445 et

189 5465 450 5533 serpenti
475 5468 567 5536 qui
598 5470 712 5524 haec
752 5473 1088 5539 ostenderat,
1124 5476 1418 5532 maledicit.
1455 5476 1559 5531 Sed
1592 5480 1780 5549 utique

187 5561 246 5610 si
273 5556 555 5616 lzedendus
578 5577 644 5618 ex
676 5562 778 5619 hoc
798 5574 916 5620 erat
944 5568 1107 5622 homo
1125 5606 1139 5633 ,
1168 5583 1268 5623 cur
1297 5570 1522 5624 omnino
1548 5570 1779 5626 laedendi

1893 4559 2038 4613 sicut
2078 4558 2241 4611 etiam
2295 4557 2411 4626 ipse
2445 4556 2745 4611 confiteris.
2794 4555 2905 4612 Ista
2935 4574 3064 4613 vero
3093 4559 3271 4615 virtus
3300 4576 3467 4629 quam

1890 4658 1944 4704 te
1976 4650 2153 4705 solum
2186 4649 2327 4703 scire
2357 4649 2518 4711 dicis,
2538 4650 2750 4703 nullum
2771 4648 2837 4703 de
2868 4664 2927 4704 se
2950 4650 3211 4704 indicium
3239 4653 3465 4723 praebet,

1890 4757 1989 4812 per
2022 4743 2167 4811 quod
2205 4742 2307 4795 huc
2356 4742 2535 4811 ipsum
2568 4743 2758 4797 saltem
2792 4740 2939 4812 quod
2967 4749 3050 4798 est
3078 4748 3131 4797 et
3172 4745 3462 4808 subsistit,

1890 4834 2166 4904 possimus
2216 4833 2518 4887 advertere.

1959 4925 2094 4981 LVI.
2128 4925 2298 4992 Quale
2327 4932 2410 4980 est
2442 4940 2593 4996 ergo,
2629 4933 2689 4979 ut
2710 4924 3153 4997 derelinquamus
3184 4925 3379 4993 Deum,
3406 4929 3463 4985 in

1890 5019 2049 5088 cujus
2072 5018 2278 5072 mundo
2302 5017 2537 5073 vivimus
2559 5027 2614 5072 et
2641 5017 2898 5072 omnibus
2927 5018 2993 5073 ad
3018 5019 3184 5073 vitam
3207 5034 3463 5075 necessa-

1888 5112 1989 5166 riis
2022 5112 2275 5177 fruimur,
2310 5120 2364 5166 et
2397 5126 2691 5181 sequamur
2723 5111 2911 5165 nescio
2937 5126 3129 5180 quem,
3161 5111 3321 5179 cujus
3349 5128 3462 5167 non

1889 5207 2066 5261 solum
2102 5205 2241 5259 nihil
2288 5202 2679 5273 consequimur
2720 5202 2880 5266 boni,
2914 5203 3008 5257 sed
3042 5219 3110 5257 ne
3139 5203 3241 5257 hoc
3273 5205 3455 5274 ipsum

1887 5298 2107 5367 quidem
2132 5338 2147 5363 ,
2178 5296 2325 5366 quod
2365 5296 2459 5356 sit,
2502 5294 2646 5349 scire
2692 5310 2984 5364 possumus
3010 5334 3025 5358 ,
3072 5295 3284 5350 scilicet
3330 5297 3459 5366 quia

1888 5406 1989 5443 nec
2026 5397 2143 5454 est;
2180 5388 2294 5443 sive
2322 5388 2463 5441 enim
2491 5402 2615 5441 eum
2654 5387 2828 5441 lucem
2854 5387 3094 5456 appelles
3125 5394 3178 5442 et
3201 5388 3321 5442 luce
3353 5389 3457 5441 ista

1886 5496 2049 5548 quam
2087 5478 2365 5533 cernimus
2394 5478 2683 5531 ciariorem
2706 5516 2719 5538 ,
2760 5493 2958 5532 nomen
2990 5479 3169 5547 ipsum
3206 5495 3236 5532 a
3266 5480 3455 5536 mundi

1885 5571 2176 5627 Conditore
2197 5569 2500 5635 mutuaris;
2522 5569 2636 5625 sive
2666 5568 3027 5624 substantiam
3055 5570 3197 5625 dixe.
3214 5571 3259 5627 is
3290 5587 3458 5641 super

271 5698 321 5731 ⁸⁸
344 5696 475 5766 Qum
501 5714 808 5775 sequuntur
837 5708 1103 5765 vocabula
1136 5726 1310 5782 usque
1341 5711 1408 5767 ad
1470 5710 1561 5766 illa
1611 5726 1733 5781 cap.
1792 5725 1906 5781 seq.
1943 5724 2006 5765 ex
2039 5707 2452 5778 comparatione,
2504 5712 2635 5768 itc.,
2691 5704 2890 5761 desunt
2946 5705 3001 5761 in
3038 5718 3270 5778 utroque
3324 5704 3448 5761 cod.

191 5766 356 5838 Lips.
