3890 6192
473 306 615 362 I275

1323 310 1379 365 S.
1414 310 1806 367 CLEMENTIS
1838 312 1858 367 Ι
1891 312 2057 370 11031.
2096 315 2297 372 PONT.
2339 317 2564 373 OPiTRA
2606 319 2831 376 DUBIA.

3570 319 3688 375 ωδ

470 423 657 478 omnia
679 464 693 488 ,
726 420 1151 493 intelligentiam
1195 423 1325 477 hinc
1360 424 1574 494 profers
1610 441 1736 479 cum
1771 427 2044 484 sermonis
2071 435 2120 492 Δ
2146 431 2291 485 ditor
2315 432 2485 502 exigit
2524 434 2691 488 etiam
2720 435 2894 504 legem
2935 435 3174 507 impleri.
3198 434 3267 489 Et
3298 433 3496 490 Petrus
3523 454 3535 488 :
3567 433 3689 505 Ergo

468 525 786 586 augmento;
817 516 931 570 sive
953 525 1212 580 mentem,
1247 517 1362 571 sive
1388 517 1839 582 bonitatem,sive
1854 519 2042 586 vitam,

467 609 584 664 sive
614 608 764 662 aliud
806 609 938 678 quid
980 594 1409 673 memoraveris,
1441 610 1571 664 hinc
1611 612 1881 666 vocabula
1923 628 2045 666 inu-

465 705 661 760 tuaris.
717 701 854 756 Cum
879 717 1010 772 ergo
1056 702 1193 755 nihil
1231 704 1359 756 novi
1401 702 1470 756 de
1503 702 1594 757 illa
1631 704 1831 758 virtute
1878 719 2041 773 quam

463 796 629 860 dicis,
671 810 782 850 non
832 795 1011 851 solum
1045 793 1115 847 ad
1168 794 1607 865 intelligendum,
1645 810 1832 850 verum
1866 811 1935 850 ne
1973 796 2041 851 ad

466 889 861 945 nominandum
890 887 1109 959 quidem
1143 887 1381 950 habeas,
1432 888 1707 957 quomodo
1739 887 2042 943 iutroducis

465 998 670 1039 novum
698 980 889 1042 Deum,
924 982 1082 1050 cujus
1113 996 1213 1035 nec
1241 981 1661 1050 appellationem
1702 981 1923 1050 quidem
1955 982 2041 1036 in-

462 1077 620 1133 venis
650 1075 883 1130 novam?
915 1073 1099 1128 Virtus
1130 1074 1277 1127 enim
1308 1088 1417 1126 non
1443 1073 1621 1127 solum
1636 1071 1865 1127 Creator
1880 1089 2039 1127 mun-

462 1170 519 1225 di
548 1168 789 1229 dicitur,
832 1166 927 1222 sed
974 1175 1027 1221 et
1074 1165 1314 1219 ministri
1360 1165 1548 1236 gloria:
1590 1164 1712 1233 ejus
1750 1165 2039 1236 omnisque

462 1261 657 1316 militia
683 1258 947 1313 cmlestis.
982 1257 1099 1311 Non
1129 1258 1228 1312 tibi
1251 1272 1383 1327 ergo
1410 1257 1608 1312 melius
1636 1258 1850 1311 videtur
1876 1274 2000 1313 esse
2018 1299 2033 1322 ,

461 1362 522 1409 ut
540 1368 836 1424 sequamur
866 1350 1127 1404 factorem
1160 1357 1409 1403 nostrum
1434 1347 1626 1412 Deum,
1654 1355 1913 1417 tanquam
1942 1365 2038 1418 pa-

458 1454 600 1502 trem
639 1443 982 1500 erudientem
1033 1456 1135 1495 nos
1164 1447 1218 1495 et
1261 1440 1595 1495 imbuentem
1628 1441 1771 1495 sicut
1793 1441 1909 1510 ipse
1937 1454 2038 1494 no-

460 1535 747 1604 vit'IQuod
776 1544 830 1590 et
856 1535 903 1589 si
931 1534 1004 1589 sit
1026 1532 1249 1603 aliquis.
1276 1539 1336 1585 ut
1361 1542 1419 1585 tu
1441 1533 1581 1587 dicis
1607 1532 1896 1601 benignior
1918 1548 2036 1585 om-

462 1632 615 1686 nium
648 1628 815 1691 Deus,
842 1634 1055 1681 certum
1089 1632 1173 1679 est
1202 1625 1327 1694 quia
1356 1639 1465 1677 non
1495 1624 1753 1677 irascitur
1781 1624 1963 1687 nobis,
1988 1624 2033 1677 si

458 1738 589 1779 vero
654 1720 911 1775 irascitur
977 1719 1156 1773 malus
1205 1724 1313 1771 est.
1347 1715 1545 1771 Noster
1585 1723 1770 1771 autem
1812 1714 1955 1770 Deus
1986 1717 2030 1770 si

2144 529 2199 575 et
2222 522 2502 579 adulteros
2546 533 2603 580 et
2653 526 2961 583 homicidas
3008 528 3207 593 salvat,
3260 526 3308 582 si
3356 527 3691 597 cognoverint

2143 629 2291 679 eum,
2325 616 2499 672 bonos
2529 631 2710 673 autem
2741 627 2795 674 et
2825 620 3043 677 sobrios
3078 621 3161 676 vel
3208 618 3617 679 misericordes.
3652 619 3692 673 si

2143 708 2351 761 nullum
2387 707 2455 763 de
2482 724 2548 763 eo
2572 709 2831 765 indicium
2851 713 3128 782 capientes
3156 710 3527 781 ignoraverint
3554 726 3687 771 eum,

2143 813 2252 852 non
2294 800 2487 855 salvat.
2536 800 2788 872 Magnum
2821 811 2873 858 et
2917 805 3119 859 bonum
3161 803 3453 872 praedicas,
3480 802 3572 872 qui
3601 818 3695 854 non

2143 896 2250 942 tam
2281 891 2455 946 malos
2484 893 2677 956 salvet,
2721 910 2884 963 quam
2914 896 3011 966 qui
3048 896 3207 950 bonis
3254 894 3462 948 nullam
3501 892 3699 946 miseri-

2140 980 2385 1035 cordiam
2424 992 2662 1052 praastet.
2712 984 2779 1039 Et
2826 986 3017 1041 Simon
3060 1004 3075 1041 :
3111 986 3336 1058 Magnus
3376 1002 3512 1041 sane
3562 987 3698 1040 labor

2138 1080 2224 1125 est
2253 1088 2550 1143 agnoscere
2589 1092 2713 1131 eum
2753 1078 2960 1134 homini
2995 1080 3050 1134 in
3084 1095 3249 1135 carne
3288 1080 3486 1149 posito.
3525 1077 3700 1132 Omni-

2139 1163 2242 1217 bus
2271 1166 2415 1219 enim
2443 1168 2683 1223 tenebris
2713 1170 2931 1235 tetrius,
2964 1180 3018 1226 et
3053 1173 3200 1225 omni
3229 1172 3343 1225 luto
3370 1172 3596 1241 gravius
3628 1177 3701 1223 δι

2138 1270 2341 1326 corpus
2386 1258 2511 1319 hoc.
2556 1275 2665 1329 quo
2711 1262 3089 1316 circumdatur
3119 1262 3319 1317 anima.
3366 1260 3434 1315 Et
3471 1260 3701 1316 Petrus:

2139 1347 2279 1420 Ergo
2302 1351 2482 1407 bonus
2514 1354 2619 1409 iste
2662 1352 2805 1410 Deus
2836 1371 2957 1425 qua:
2998 1354 3237 1409 difﬁcilia
3274 1362 3440 1420 sunt,
3491 1354 3700 1422 quaerit.

2137 1442 2242 1507 Qui
2272 1450 2455 1498 autem
2488 1460 2615 1501 vere
2648 1444 2794 1502 Deus
2829 1455 2914 1502 est
2934 1488 2949 1510 ,
2982 1446 3231 1500 faciliora
3259 1447 3485 1515 expetit.
3513 1444 3697 1498 Dimit-

2135 1541 2215 1587 tat
2246 1536 2430 1605 itaque
2459 1552 2560 1592 nos
2588 1539 2747 1608 quasi
2778 1539 2954 1593 bonus
2978 1538 3119 1609 apud
3152 1537 3366 1590 Patrem
3394 1544 3450 1591 et
3482 1536 3697 1591 Creato-

2136 1641 2251 1680 rem
2280 1634 2554 1692 nostrum,
2583 1637 2637 1684 et
2664 1630 2883 1699 quando
2915 1628 3336 1684 discesserimus
3380 1643 3414 1682 e
3443 1643 3696 1697 corpore,

2135 1725 2187 1769 et
2217 1720 2352 1772 istas
2378 1734 2517 1789 quas
2554 1719 2694 1777 dicis
2716 1721 2974 1777 tenebras
2997 1720 3400 1791 reliquerimus,
3432 1729 3563 1774 tunc
3585 1736 3699 1774 eum

460 1813 717 1869 irascitur
743 1820 798 1867 et
817 1810 1078 1873 vindicet,
1108 1824 1216 1863 non
1249 1816 1335 1863 est
1358 1808 1537 1862 malus
1562 1807 1657 1863 sed
1676 1808 1882 1875 justus,
1907 1824 2033 1877 pro-
2067 1774 2105 1828 Β
2138 1810 2354 1866 facilius
2378 1774 2764 1882 algnoscemus,
2792 1820 2847 1867 et
2879 1820 3011 1867 tunc
3044 1774 3217 1883 magis
3247 1812 3432 1864 anima
3451 1811 3697 1865 condito-

457 1908 609 1977 prios
629 1906 776 1961 enim
816 1903 959 1957 filios
996 1902 1226 1972 corripit
1261 1909 1315 1955 et
1339 1900 1615 1955 emendat.
1654 1900 1748 1955 Ille
1777 1915 1908 1955 vero
1932 1903 2029 1970 qui

457 1998 596 2053 nihil
635 1996 923 2052 nobiscum
950 1994 1113 2048 habet
1142 1993 1383 2063 negotii,
1410 1992 1457 2047 si
1489 1992 1773 2047 vindicare
1812 1991 1941 2047 velit
1975 1994 2029 2045 in

454 2106 578 2154 nos,
610 2088 887 2160 quomodo
912 2088 1090 2143 bonus
1115 2086 1257 2141 erit?
1285 2084 1553 2155 supplicia
1588 2099 1811 2140 sumens
1840 2083 1907 2137 de
1930 2098 2032 2138 no-

452 2184 563 2246 bis,
596 2181 743 2253 quod
775 2195 885 2235 non
910 2179 1175 2235 derelicto
1212 2186 1365 2250 patre
1412 2184 1605 2231 nostro
1643 2177 1823 2253 ipsum
1851 2178 2028 2231 secuti

452 2289 647 2329 sumus
681 2272 942 2327 inanibus
970 2270 1388 2341 suspicionibus
1422 2270 1608 2335 tracti,
1642 2270 1918 2341 quomodo
1934 2285 2028 2325 er-

452 2381 522 2436 go
570 2366 672 2420 iste
703 2364 831 2417 talis
866 2364 1045 2421 bonus
1088 2377 1119 2416 a
1149 2371 1202 2418 te
1231 2361 1534 2427 asseritur,
1566 2362 1663 2433 qui
1704 2376 1805 2418 nec
1841 2361 2027 2433 justus

452 2456 687 2525 intelligi
736 2462 937 2523 potest.

519 2545 679 2602 LVII.
715 2546 854 2600 Tum
892 2544 1122 2600 Simon:
1159 2542 1469 2600 Tantumne
1501 2559 1677 2610 erras,
1717 2545 1917 2617 Petre,
1962 2556 2023 2605 ut

449 2642 690 2705 nescias,
731 2641 859 2710 quia
910 2638 1109 2693 animai
1138 2645 1344 2692 nostra:
1373 2654 1401 2690 a
1445 2637 1588 2691 bono
1628 2636 1738 2693 Deo
1770 2650 1899 2694 sunt
1931 2640 2025 2695 illo

446 2735 690 2790 omnium
712 2732 1114 2804 praistantiore,
1138 2730 1233 2785 sed
1265 2730 1494 2799 captiva:
1535 2730 1784 2786 deductae
1811 2742 1942 2787 sunt
1966 2733 2023 2787 in

446 2828 595 2883 hunc
626 2826 920 2882 mundum?
947 2823 1012 2878 Et
1052 2822 1246 2901 Petrus
1278 2842 1289 2876 :
1326 2821 1470 2892 Ergo
1504 2838 1613 2876 non
1640 2830 1724 2877 est
1760 2824 2021 2881 omnibus

446 2920 782 2991 incognitus,
814 2918 957 2973 sicut
982 2915 1145 2986 paulo
1167 2922 1293 2968 ante
1320 2914 1576 2980 dicebas;
1600 2923 1655 2970 et
1680 2923 1863 2971 tamen
1885 2932 2022 2987 quo-

444 3011 610 3068 modo
639 3010 867 3066 indulsit
893 3009 1071 3064 bonus
1098 3004 1243 3062 Deus
1270 3005 1642 3075 captivitatem
1672 3006 1788 3061 fieri
1813 3008 2023 3062 anima-

2134 1918 2246 1957 rem
2280 1919 2438 1958 suum
2470 1904 2877 1975 esseintelliget
2900 1903 3091 1968 Deum,
3123 1912 3177 1958 et
3197 1904 3339 1973 apud
3371 1904 3555 1973 ipsum
3587 1920 3701 1974 per-

2134 1995 2407 2059 manebit,
2442 2012 2541 2051 nec
2577 1999 2719 2050 ultra
2758 1997 2993 2052 diversis
3033 1996 3467 2067 cogitationibus
3511 1994 3698 2064 fatiga-

2133 2086 2297 2149 bitur,
2324 2101 2501 2156 neque
2529 2089 2671 2142 volet
2696 2089 2764 2143 ad
2793 2089 2955 2143 aliam
2971 2086 3265 2158 confugere
3283 2088 3572 2148 virtutem,
3588 2101 3701 2156 quae

2132 2178 2267 2231 nulli
2297 2180 2515 2249 cognita
2545 2188 2629 2235 est
2656 2181 2763 2235 nisi
2797 2179 3006 2234 Simoni
3036 2180 3173 2245 soli;
3198 2194 3318 2249 qua:
3353 2186 3525 2233 tantae
3552 2178 3701 2232 boni-

2130 2270 2260 2325 tatis
2292 2278 2396 2334 est,
2434 2279 2492 2325 ut
2522 2271 2628 2326 nisi
2659 2273 2783 2342 quis
2822 2272 2975 2341 prius
3002 2272 3201 2341 impius
3232 2273 3511 2327 exstiterit
3541 2271 3593 2325 in
3612 2286 3701 2342 pa-

2129 2368 2341 2415 rentem
2373 2377 2534 2417 suum
2558 2402 2574 2426 ,
2632 2363 2700 2416 ad
2727 2364 2897 2433 ipsam
2925 2363 3113 2418 venire
3141 2378 3247 2417 non
3275 2363 3479 2432 possit.
3508 2361 3699 2417 Nescio

2128 2451 2406 2523 quomodo
2432 2454 2547 2508 haec
2576 2454 2753 2510 virtus
2784 2455 2868 2509 vel
2908 2454 3053 2510 bona
3092 2454 3175 2508 vel
3200 2454 3351 2523 justa
3379 2453 3701 2524 appellanda

2129 2545 2225 2609 sit,
2259 2545 2349 2599 cui
2379 2546 2594 2616 placere
2626 2561 2734 2600 non
2765 2553 2983 2616 potest,
3013 2544 3121 2601 nisi
3148 2546 3275 2616 quis
3298 2545 3470 2615 impie
3501 2560 3561 2600 se
3587 2559 3699 2617 ges-

2128 2637 2262 2691 serit
2294 2637 2349 2691 in
2380 2653 2504 2693 eum
2524 2652 2556 2691 a
2584 2653 2694 2709 quo
2725 2637 2903 2694 factus
2932 2645 3037 2694 est.

2197 2727 2336 2786 LIX.
2365 2729 2430 2784 Et
2462 2731 2652 2786 Simon
2687 2752 2699 2786 :
2738 2731 2857 2786 Non
2884 2740 2967 2787 est
3002 2733 3258 2802 impium,
3284 2730 3547 2785 utilitatis
3582 2744 3699 2800 gra-

2126 2827 2201 2880 tia
2235 2836 2290 2881 et
2321 2825 2458 2881 lucri
2490 2824 2715 2894 majoris
2739 2824 3034 2896 confugere
3063 2824 3130 2880 ad
3152 2840 3275 2879 eum
3297 2863 3314 2888 ,
3345 2826 3442 2893 qui
3472 2824 3693 2894 opulen-

2127 2917 2287 2973 tioris
2307 2925 2391 2973 est
2415 2918 2620 2988 gloriae.
2647 2916 2712 2969 Et
2747 2914 2945 2971 Petrus
2977 2936 2989 2971 :
3033 2914 3113 2981 Si,
3144 2922 3204 2970 ut
3234 2924 3288 2970 tu
3323 2915 3407 2969 ais
3430 2955 3447 2979 ,
3482 2932 3590 2969 non
3619 2924 3699 2969 est

2127 3009 2354 3080 impium
2393 3007 2690 3080 confugere
2730 3009 2798 3064 ad
2837 3010 3111 3073 alienum,
3145 3009 3316 3062 multo
3346 3009 3527 3079 magis
3556 3008 3699 3079 pium.

446 3120 567 3159 rum
600 3117 847 3167 suarum,
878 3101 925 3157 si
958 3108 1077 3155 erat
1104 3114 1268 3169 super
1298 3114 1489 3153 omnes
1520 3099 1794 3169 potentior
1809 3100 2021 3155 virtus?
2046 3110 2089 3168 α
2120 3108 2203 3156 est
2224 3117 2542 3171 permanere
2571 3101 2713 3171 apud
2739 3101 3019 3172 proprium
3040 3106 3270 3171 patrem,
3302 3100 3531 3155 etiamsi
3571 3114 3691 3170 pau-

443 3195 511 3250 Et
541 3194 761 3249 Simon:
789 3190 910 3263 Ipse
949 3191 1099 3247 misit
1124 3198 1430 3246 creatorem
1470 3188 1641 3245 Deum
1662 3229 1677 3256 ,
1711 3198 1770 3245 ut
1809 3190 2018 3247 conde--

442 3296 527 3343 ret
568 3286 866 3347 mundum,
900 3283 996 3339 sed
1022 3284 1133 3349 ille,
1167 3282 1371 3337 mundo
1392 3283 1636 3345 condito,
1664 3285 2019 3355 semetipsum

442 3377 817 3451 pronuntiavit
849 3375 1039 3430 Deum.
1084 3373 1149 3428 Et
1179 3372 1378 3429 Petrus
1412 3394 1423 3429 :
1462 3373 1604 3445 Ergo
1641 3391 1752 3429 non
1795 3376 2017 3447 ignora-

440 3481 531 3526 tur
559 3470 629 3524 ab
647 3484 715 3525 eo
743 3468 837 3539 qui
870 3466 1116 3523 condidit
1139 3467 1404 3520 mundum
1430 3505 1446 3530 ,
1487 3475 1547 3520 ut
1578 3465 1834 3536 superius
1864 3468 2020 3523 dixe-

439 3576 555 3625 ras,
587 3560 682 3616 sed
713 3574 890 3629 neque
933 3559 1130 3613 anima:
1162 3558 1418 3628 ignorant
1449 3574 1571 3613 eum
1597 3602 1611 3624 ,
1647 3558 1915 3628 siquidem
1949 3558 2018 3613 ab

438 3656 559 3727 ipso
588 3654 837 3708 abducta:
867 3658 1016 3707 sunt.
1049 3650 1151 3705 Cui
1178 3650 1440 3719 ergojam
1474 3650 1577 3704 erit
1609 3650 1944 3720 incognitus,
1968 3650 2015 3705 si

438 3754 495 3802 ct
525 3744 713 3801 mundi
737 3744 965 3798 Creator
995 3741 1145 3796 novit
1174 3757 1318 3804 eum,
1342 3748 1401 3794 ut
1425 3741 1493 3795 ab
1525 3740 1640 3810 ipso
1669 3741 1894 3804 missus,
1928 3757 2015 3797 se-

435 3836 677 3891 cundum
707 3850 771 3891 ea
798 3850 921 3905 quae
953 3844 1010 3888 tu
1040 3833 1201 3896 dicis,
1227 3846 1283 3887 et
1316 3848 1506 3887 omnes
1536 3832 1731 3886 anima:
1750 3839 2012 3903 tanquam

435 3930 507 3985 ab
529 3930 648 3998 ipso
680 3928 785 3981 huc
818 3927 1083 3981 violenter
1103 3925 1434 3980 abstracta}?
1458 3922 1599 3977 Tum
1626 3923 1823 3978 deinde
1855 3925 2010 3980 dicas

435 4022 621 4084 velim,
650 4020 742 4091 qui
776 4020 1026 4073 mittebat
1056 4018 1394 4071 conditorem
1420 4014 1633 4079 mundi,
1661 4031 1768 4070 non
1800 4016 2011 4072 sciebat

433 4113 675 4183 eumqui
710 4111 1046 4172 mittebatur,
1082 4109 1240 4163 fidem
1272 4124 1380 4162 non
1426 4108 1807 4162 servaturum?
1836 4108 1882 4163 si
1912 4124 2009 4165 ne-

432 4206 643 4262 sciebat
674 4203 937 4275 przescius
980 4217 1087 4255 non
1112 4208 1262 4266 erat,
1296 4200 1343 4254 si
1369 4214 1500 4254 vero
1530 4200 1767 4270 praesciit
1796 4209 1849 4254 et
1882 4216 2009 4270 pas-

431 4313 529 4353 sus
555 4303 661 4359 est,
696 4294 822 4348 facti
872 4294 1036 4363 hujus
1086 4293 1200 4364 ipse
1227 4308 1353 4347 reus
1389 4299 1495 4355 est,
1518 4292 1611 4362 qui
1654 4307 1764 4346 non
1797 4292 2003 4360 vetuit;

429 4390 576 4460 quod
628 4389 673 4443 si
733 4403 842 4441 non
878 4385 1090 4456 potuit,
1115 4385 1465 4453 omnipotens
1502 4400 1611 4439 non
1643 4392 1747 4440 est.
1775 4383 1833 4439 Si
1872 4401 2003 4441 vero

429 4483 587 4552 quasi
618 4482 821 4535 bouum
846 4480 896 4532 id
932 4480 1113 4533 sciens
1141 4494 1249 4531 non
1282 4477 1579 4546 prohibuit,
1616 4478 1892 4534 invenitur
1913 4478 2004 4535 ille

431 4592 556 4630 esse
589 4575 784 4628 melior
800 4574 891 4643 qui
918 4572 1269 4641 praesumpsit
1295 4571 1474 4626 facere
1504 4571 1583 4637 id,
1614 4571 1760 4643 quod
1796 4572 1887 4626 ille
1908 4573 2003 4642 qui

427 4667 679 4722 mitti-bat
712 4667 984 4735 ignoravit
1018 4664 1244 4719 bonum.

500 4756 680 4813 LVIII.
715 4756 780 4810 Et
813 4755 1040 4809 Simon:
1078 4752 1357 4817 Volentes,
1385 4753 1595 4823 inquit,
1628 4753 1694 4807 ad
1726 4770 1784 4808 se
1813 4753 2002 4809 venire

425 4850 657 4921 suscipit
693 4857 747 4905 et
775 4849 908 4919 ipsis
932 4847 1223 4903 beiielacit.
1250 4846 1315 4899 Et
1344 4847 1540 4901 Petrus
1570 4867 1581 4902 :
1619 4846 1727 4900 Nec
1769 4846 1875 4901 hoc
1909 4862 2006 4901 no-

422 4958 550 4998 vum
579 4950 683 5001 est,
708 4940 812 4995 hoc
840 4941 985 4994 enim
1010 4940 1138 4993 facit
1166 4945 1219 4993 ct
1252 4939 1340 4993 hic
1370 4955 1528 5008 quem
1560 4938 1750 4991 mundi
1775 4946 1994 4994 creato-

421 5052 535 5090 rem
565 5034 777 5089 fateris.
813 5032 879 5086 Et
906 5031 1095 5086 Simon
1129 5052 1141 5085 :
1171 5031 1276 5086 Sed
1314 5034 1489 5086 bonus
1528 5030 1671 5086 Deus
1703 5039 1914 5085 tantum
1944 5032 1992 5085 si

419 5134 752 5196 agnoscatur
783 5126 1013 5180 salutem
1044 5124 1416 5195 praestat(77),
1445 5124 1632 5177 mundi
1653 5131 1833 5177 autem
1857 5138 1993 5178 con-

490 5264 533 5337 ‘f
576 5263 1115 5337 sintsi—relinquere
1146 5265 1317 5337 potuit
1338 5278 1446 5319 non
1472 5264 1726 5337 leguntur
1747 5267 1802 5321 in
1828 5266 1950 5322 cod.
1984 5265 2130 5336 Lips.

416 5333 645 5405 Reliqua
674 5333 873 5388 desunt
901 5333 957 5387 iu
988 5335 1112 5389 cod.
1143 5333 1295 5405 Lips.

2121 3208 2217 3265 per
2249 3194 2339 3248 sit.
2365 3192 2472 3247 Aut
2502 3192 2548 3248 si
2570 3193 2615 3224 ”
2646 3208 2754 3247 non
2786 3201 2946 3263 putas
2973 3206 3098 3247 esse
3122 3192 3369 3261 impium,
3412 3199 3478 3246 ut
3514 3192 3697 3245 relicto

2120 3295 2270 3356 patre
2294 3294 2483 3341 nostro
2503 3284 2886 3356 confugiamus
2915 3284 2983 3338 ad
3008 3284 3174 3339 alium
3205 3284 3363 3354 quasi
3395 3285 3691 3342 meliorem.

2120 3393 2295 3447 neque
2324 3377 2595 3448 indignari
2619 3362 2800 3431 credis
2832 3392 2931 3447 pro
2954 3377 3059 3431 hoc
3088 3383 3397 3431 creatorem
3427 3384 3697 3439 nostrum,

2118 3469 2290 3522 multo
2319 3469 2492 3539 magis
2543 3469 2722 3523 bonus
2776 3468 2919 3523 Deus
2957 3484 3069 3522 non
3099 3467 3519 3536 indignabitur,
3556 3465 3693 3537 quod

2115 3576 2240 3615 cum
2272 3577 2519 3616 essemus
2548 3561 2615 3615 ab
2644 3575 2710 3616 eo
2736 3558 2918 3623 alieni,
2940 3577 3050 3613 non
3073 3559 3431 3630 confugimus
3449 3560 3519 3615 ad
3544 3571 3687 3615 eum.

2115 3654 2210 3709 sed
2239 3653 2641 3724 permansimus
2665 3652 2808 3723 apud
2848 3651 3163 3708 Creatorem
3195 3659 3491 3717 nostrum;
3528 3658 3580 3705 et
3599 3665 3692 3719 pu-

2115 3754 2171 3801 to
2200 3746 2342 3817 quod
2370 3762 2437 3801 ex
2462 3747 2566 3800 hoc
2599 3746 2772 3817 magis
2802 3744 3139 3799 collaudabit
3164 3759 3265 3799 nos
3290 3783 3305 3807 ,
3349 3744 3489 3812 quia
3539 3741 3694 3796 ﬁdem

2114 3851 2403 3894 servamus
2427 3837 2672 3893 Creatori
2708 3844 2899 3891 nostro
2929 3836 3060 3899 Deo,
3088 3835 3454 3891 considerans
3482 3839 3608 3907 quia
3638 3834 3682 3887 si

2113 3930 2198 3984 sui
2242 3929 2414 4000 ipsius
2454 3928 2769 3993 fuissemus,
2802 3944 3083 3998 nunquam
3111 3929 3490 3997 relinquentes
3519 3929 3686 3998 ipsum

2113 4024 2302 4078 seduci
2343 4022 2618 4077 illecebris
2649 4022 3020 4092 potuissemus
3058 4019 3273 4074 alienis.
3308 4017 3451 4073 Nam
3479 4020 3527 4074 si
3565 4026 3685 4088 quis

2110 4114 2548 4184 opulentioribus
2567 4114 2781 4169 illectus
2814 4112 3323 4184 pollicitationibus,
3345 4112 3545 4167 relicto
3567 4127 3689 4181 pro-

2109 4206 2228 4275 prio
2259 4213 2485 4276 parente
2530 4205 2809 4277 confugiat
2836 4205 2903 4259 ad
2936 4205 3174 4258 alienum
3198 4244 3213 4267 ,
3239 4213 3429 4272 potest
3455 4203 3595 4266 fieri,
3628 4210 3683 4254 ut

2115 4299 2312 4353 iterum
2341 4299 2534 4353 relicto
2556 4315 2623 4354 eo
2643 4340 2659 4366 ,
2695 4298 2761 4353 ad
2788 4297 2953 4351 alium
2986 4304 3172 4367 pergat
3196 4297 3289 4366 qui
3312 4295 3528 4367 majora
3559 4311 3683 4365 pro-

2109 4393 2340 4460 miserit,
2386 4408 2453 4447 eo
2506 4393 2679 4461 magis
2722 4391 2872 4462 quod
2908 4389 3083 4459 ipsius
3118 4388 3375 4458 proprius
3420 4403 3537 4441 non
3571 4394 3684 4440 erat

2108 4484 2272 4547 filius,
2306 4485 2503 4555 quippe
2545 4484 2641 4554 qui
2681 4484 2844 4538 etiam
2873 4497 3020 4545 eum,
3053 4480 3147 4550 qui
3188 4480 3239 4535 ei
3288 4489 3489 4533 natura
3538 4487 3682 4550 pater

2102 4584 2249 4637 erat,
2282 4577 2591 4646 relinquere
2643 4576 2840 4645 potuit.
2895 4573 2957 4626 Et
3023 4570 3211 4625 Simon
3246 4570 3359 4641 (78)
3399 4591 3412 4626 :
3447 4570 3591 4637 Quid
3637 4570 3682 4624 si

2104 4669 2173 4722 ab
2204 4668 2294 4721 illo
2322 4676 2451 4722 sunt
2476 4666 2704 4733 animai,
2737 4674 2793 4721 et
2816 4667 3070 4736 ignorant
3085 4678 3233 4727 eum,
3262 4670 3319 4717 et
3338 4661 3436 4718 ille
3455 4671 3541 4717 est
3560 4675 3682 4715 vere

2104 4771 2257 4831 pater
2290 4760 2574 4832 ipsarum?

2176 4852 2284 4907 LX.
2324 4852 2388 4906 Et
2426 4851 2622 4907 Petrus
2652 4870 2663 4905 :
2697 4848 2865 4912 Satis,
2901 4847 3113 4917 inquit,
3149 4844 3401 4901 ostendis
3433 4860 3561 4900 eum
3596 4842 3675 4895 in-

2103 4942 2365 4999 validum.
2397 4942 2533 4996 Nam
2567 4942 2613 4997 si
2645 4940 2919 5011 potentior
2940 4979 2954 5002 ,
3002 4946 3059 4991 ut
3104 4937 3219 5000 ais,
3266 4936 3527 4990 omnibus
3558 4942 3675 4995 est,

2104 5050 2383 5106 nunquam
2420 5032 2713 5105 potentiori
2761 5030 3049 5085 invalidior
3089 5029 3264 5098 spolia
3300 5027 3345 5059 '°
3371 5026 3672 5081 detraxisse

2103 5127 2410 5182 credendus
2438 5136 2518 5181 est
2543 5126 2611 5192 “,
2649 5132 2743 5178 aut
2774 5124 2819 5177 si
2856 5122 3030 5193 potuit
3054 5120 3107 5174 vi
3138 5119 3209 5174 ab
3236 5134 3304 5173 eo
3334 5119 3551 5173 animas
3580 5118 3666 5171 de-

2212 5268 2256 5298 ⁷⁶
2274 5265 2408 5321 Luc.
2446 5282 2523 5329 χι,
2546 5264 2638 5319 22.
2716 5264 2757 5295 ⁷¹
2783 5261 3129 5315 Detraxisset.
3161 5259 3363 5314 Videris
3388 5258 3539 5321 mihi,
3558 5264 3661 5310 etc.

1708 5450 2080 5507 COTELERII
2117 5451 2348 5508 NOTAE.

483 5592 596 5664 (77)
628 5591 805 5664 Bonus
842 5588 982 5664 Deus
1030 5599 1237 5664 tantum
1286 5589 1333 5642 si
1375 5597 1712 5664 agnoscatur,
1753 5588 1981 5664 salutem

409 5657 650 5785 prrestgé.
672 5662 875 5717 Eadem
895 5660 1054 5715 docet
1094 5659 1302 5723 Simon,
1337 5661 1479 5727 apud
1520 5657 1781 5713 lrenauuu
1811 5660 1904 5713 lib.
1940 5675 1979 5723 ι,

411 5749 533 5785 Cll".
568 5768 599 5783 α
642 5772 653 5783 .

411 5749 691 5863 ωἶῖέὸῖιῖῐι
721 5800 906 5858 Simon
959 5799 1191 5856 Additur
1218 5800 1272 5855 in
1303 5800 1487 5856 codice
1511 5800 1784 5856 Cariuclit.
1820 5798 1980 5855 scho-

2085 5587 2216 5641 Iium
2245 5607 2257 5642 :
2284 5587 2505 5643 Creator
2529 5588 2712 5642 mundi
2732 5604 2953 5658 corpora
2970 5587 3225 5650 condidit,
3254 5590 3313 5641 in
3333 5588 3526 5657 quibus
3546 5585 3661 5658 ani-

2084 5674 2199 5710 mas
2234 5675 2352 5728 qua:
2384 5669 2508 5713 sunt
2544 5659 2639 5712 Dei
2674 5656 2854 5729 magni
2893 5660 3145 5714 violenter
3174 5656 3390 5712 inclusit
3419 5675 3439 5711 :
3468 5668 3518 5712 et
3544 5656 3653 5729 ideo

2084 5729 2279 5780 animae
2311 5746 2415 5783 non
2452 5729 2520 5782 ad
2556 5728 2818 5792 alienum,
2863 5730 2952 5784 sed
3001 5729 3068 5781 ad
3107 5740 3312 5797 patrem
3349 5746 3504 5783 suum
3530 5728 3650 5780 dum

2090 5798 2357 5866 redierint,
2394 5800 2460 5854 ad
2495 5801 2650 5855 istaut
2692 5800 2858 5855 redire
2890 5818 2992 5855 non
3022 5808 3262 5870 possunt.
