  <div class='ocr_page' id='page_1' title='image "/cluster/home/n/w/nwhite01/storage/ocr_20150623/1/nnc1.0022106693/694.png"; bbox 0 0 3890 6192; ppageno 0'>
   <div class='ocr_carea' id='block_1_1' title="bbox 282 286 425 345">
    <p class='ocr_par' dir='ltr' id='par_1_1' title="bbox 282 286 425 345">
     <span class='ocr_line' id='line_1_1' title="bbox 282 286 425 345; baseline 0.021 -3"><span class='ocrx_word' id='word_1_1' title='bbox 282 286 425 345; x_wconf 73' lang='grc' dir='ltr'><strong>ηπ</strong></span> 
     </span>
    </p>
   </div>
   <div class='ocr_carea' id='block_1_2' title="bbox 1500 291 2333 353">
    <p class='ocr_par' dir='ltr' id='par_1_2' title="bbox 1500 291 2333 353">
     <span class='ocr_line' id='line_1_2' title="bbox 1500 291 2333 353; baseline 0.006 -7"><span class='ocrx_word' id='word_1_2' title='bbox 1500 291 2062 351; x_wconf 77' lang='lat' dir='ltr'><strong>RECOGNITIONUM</strong></span> <span class='ocrx_word' id='word_1_3' title='bbox 2098 294 2227 353; x_wconf 84' lang='lat' dir='ltr'><strong>LIB.</strong></span> <span class='ocrx_word' id='word_1_4' title='bbox 2269 294 2333 351; x_wconf 83' lang='lat' dir='ltr'><strong>ll.</strong></span> 
     </span>
    </p>
   </div>
   <div class='ocr_carea' id='block_1_3' title="bbox 3371 299 3513 358">
    <p class='ocr_par' dir='ltr' id='par_1_3' title="bbox 3371 299 3513 358">
     <span class='ocr_line' id='line_1_3' title="bbox 3371 299 3513 358; baseline 0.014 -2"><span class='ocrx_word' id='word_1_5' title='bbox 3371 299 3513 358; x_wconf 64' lang='lat' dir='ltr'><strong>i378</strong></span> 
     </span>
    </p>
   </div>
   <div class='ocr_carea' id='block_1_4' title="bbox 274 400 3511 482">
    <p class='ocr_par' dir='ltr' id='par_1_4' title="bbox 274 400 3511 482">
     <span class='ocr_line' id='line_1_4' title="bbox 274 400 3511 482; baseline 0.004 -25"><span class='ocrx_word' id='word_1_6' title='bbox 274 403 481 458; x_wconf 85' lang='lat' dir='ltr'><strong>dueere</strong></span> <span class='ocrx_word' id='word_1_7' title='bbox 512 402 571 456; x_wconf 90' lang='lat' dir='ltr'><strong>in</strong></span> <span class='ocrx_word' id='word_1_8' title='bbox 614 400 761 457; x_wconf 88' lang='lat' dir='ltr'><strong>hunc</strong></span> <span class='ocrx_word' id='word_1_9' title='bbox 809 404 1075 459; x_wconf 90' lang='lat' dir='ltr'><strong>mundum</strong></span> <span class='ocrx_word' id='word_1_10' title='bbox 1110 412 1325 461; x_wconf 82' lang='lat' dir='ltr'><strong>creator</strong></span> <span class='ocrx_word' id='word_1_11' title='bbox 1354 404 1533 473; x_wconf 85' lang='lat' dir='ltr'><strong>Deus,</strong></span> <span class='ocrx_word' id='word_1_12' title='bbox 1569 408 1843 478; x_wconf 88' lang='lat' dir='ltr'><strong>quomodo</strong></span> <span class='ocrx_word' id='word_1_13' title='bbox 1869 412 1915 470; x_wconf 82' lang='grc' dir='ltr'>Α</span> <span class='ocrx_word' id='word_1_14' title='bbox 1947 408 2077 462; x_wconf 90' lang='lat' dir='ltr'><strong>mihi</strong></span> <span class='ocrx_word' id='word_1_15' title='bbox 2111 408 2369 474; x_wconf 91' lang='lat' dir='ltr'><strong>videbar,</strong></span> <span class='ocrx_word' id='word_1_16' title='bbox 2409 417 2462 466; x_wconf 91' lang='lat' dir='ltr'><strong>et</strong></span> <span class='ocrx_word' id='word_1_17' title='bbox 2488 410 2795 482; x_wconf 77' lang='lat' dir='ltr'><strong>cogitabam</strong></span> <span class='ocrx_word' id='word_1_18' title='bbox 2825 410 2893 466; x_wconf 85' lang='lat' dir='ltr'><strong>de</strong></span> <span class='ocrx_word' id='word_1_19' title='bbox 2934 426 2997 466; x_wconf 91' lang='lat' dir='ltr'><strong>ea</strong></span> <span class='ocrx_word' id='word_1_20' title='bbox 3028 427 3151 482; x_wconf 73' lang='lat' dir='ltr'><strong>quae</strong></span> <span class='ocrx_word' id='word_1_21' title='bbox 3193 414 3511 470; x_wconf 82' lang='lat' dir='ltr'><strong>conveniret</strong></span> 
     </span>
    </p>
   </div>
   <div class='ocr_carea' id='block_1_5' title="bbox 270 495 1844 568">
    <p class='ocr_par' dir='ltr' id='par_1_5' title="bbox 270 495 1844 568">
     <span class='ocr_line' id='line_1_5' title="bbox 270 495 1844 568; baseline 0.003 -18"><span class='ocrx_word' id='word_1_22' title='bbox 270 509 368 550; x_wconf 88' lang='lat' dir='ltr'><strong>eas</strong></span> <span class='ocrx_word' id='word_1_23' title='bbox 401 509 630 565; x_wconf 80' lang='lat' dir='ltr'><strong>corpore</strong></span> <span class='ocrx_word' id='word_1_24' title='bbox 659 495 888 552; x_wconf 85' lang='lat' dir='ltr'><strong>emissas</strong></span> <span class='ocrx_word' id='word_1_25' title='bbox 910 504 965 553; x_wconf 88' lang='lat' dir='ltr'><strong>et</strong></span> <span class='ocrx_word' id='word_1_26' title='bbox 998 496 1331 568; x_wconf 75' lang='lat' dir='ltr'><strong>captivitatis</strong></span> <span class='ocrx_word' id='word_1_27' title='bbox 1356 500 1592 556; x_wconf 88' lang='lat' dir='ltr'><strong>vinculis</strong></span> <span class='ocrx_word' id='word_1_28' title='bbox 1631 502 1844 556; x_wconf 90' lang='lat' dir='ltr'><strong>resolu-</strong></span> 
     </span>
    </p>
   </div>
   <div class='ocr_carea' id='block_1_6' title="bbox 272 586 1842 662">
    <p class='ocr_par' dir='ltr' id='par_1_6' title="bbox 272 586 1842 662">
     <span class='ocr_line' id='line_1_6' title="bbox 272 586 1842 662; baseline 0.006 -22"><span class='ocrx_word' id='word_1_29' title='bbox 272 593 380 650; x_wconf 88' lang='lat' dir='ltr'><strong>tas,</strong></span> <span class='ocrx_word' id='word_1_30' title='bbox 404 586 580 642; x_wconf 83' lang='lat' dir='ltr'><strong>bonus</strong></span> <span class='ocrx_word' id='word_1_31' title='bbox 610 586 754 643; x_wconf 87' lang='lat' dir='ltr'><strong>Deus</strong></span> <span class='ocrx_word' id='word_1_32' title='bbox 783 589 995 643; x_wconf 85' lang='lat' dir='ltr'><strong>vocabit</strong></span> <span class='ocrx_word' id='word_1_33' title='bbox 1026 590 1094 644; x_wconf 89' lang='lat' dir='ltr'><strong>ad</strong></span> <span class='ocrx_word' id='word_1_34' title='bbox 1128 606 1366 661; x_wconf 65' lang='lat' dir='ltr'><strong>poenam,</strong></span> <span class='ocrx_word' id='word_1_35' title='bbox 1394 607 1516 662; x_wconf 83' lang='lat' dir='ltr'><strong>quae</strong></span> <span class='ocrx_word' id='word_1_36' title='bbox 1541 608 1639 662; x_wconf 92' lang='lat' dir='ltr'><strong>per</strong></span> <span class='ocrx_word' id='word_1_37' title='bbox 1668 593 1842 662; x_wconf 91' lang='lat' dir='ltr'><strong>ipsius</strong></span> 
     </span>
    </p>
   </div>
   <div class='ocr_carea' id='block_1_7' title="bbox 266 675 1841 749">
    <p class='ocr_par' dir='ltr' id='par_1_7' title="bbox 266 675 1841 749">
     <span class='ocr_line' id='line_1_7' title="bbox 266 675 1841 749; baseline 0.007 -20"><span class='ocrx_word' id='word_1_38' title='bbox 266 677 357 731; x_wconf 76' lang='lat' dir='ltr'><strong>vel</strong></span> <span class='ocrx_word' id='word_1_39' title='bbox 388 675 653 732; x_wconf 87' lang='lat' dir='ltr'><strong>desidiam</strong></span> <span class='ocrx_word' id='word_1_40' title='bbox 698 680 781 735; x_wconf 90' lang='lat' dir='ltr'><strong>vel</strong></span> <span class='ocrx_word' id='word_1_41' title='bbox 828 680 1228 749; x_wconf 85' lang='lat' dir='ltr'><strong>infirmitatem,</strong></span> <span class='ocrx_word' id='word_1_42' title='bbox 1284 684 1528 738; x_wconf 87' lang='lat' dir='ltr'><strong>abstrahi</strong></span> <span class='ocrx_word' id='word_1_43' title='bbox 1571 684 1641 739; x_wconf 92' lang='lat' dir='ltr'><strong>ad</strong></span> <span class='ocrx_word' id='word_1_44' title='bbox 1697 686 1841 741; x_wconf 92' lang='lat' dir='ltr'><strong>hunc</strong></span> 
     </span>
    </p>
   </div>
   <div class='ocr_carea' id='block_1_8' title="bbox 266 768 1841 846">
    <p class='ocr_par' dir='ltr' id='par_1_8' title="bbox 266 768 1841 846">
     <span class='ocr_line' id='line_1_8' title="bbox 266 768 1841 846; baseline 0.007 -24"><span class='ocrx_word' id='word_1_45' title='bbox 266 768 450 823; x_wconf 92' lang='lat' dir='ltr'><strong>locum</strong></span> <span class='ocrx_word' id='word_1_46' title='bbox 483 780 536 824; x_wconf 93' lang='lat' dir='ltr'><strong>et</strong></span> <span class='ocrx_word' id='word_1_47' title='bbox 566 771 769 824; x_wconf 86' lang='lat' dir='ltr'><strong>involvi</strong></span> <span class='ocrx_word' id='word_1_48' title='bbox 803 786 1031 843; x_wconf 91' lang='lat' dir='ltr'><strong>corpore</strong></span> <span class='ocrx_word' id='word_1_49' title='bbox 1061 775 1221 843; x_wconf 91' lang='lat' dir='ltr'><strong>quasi</strong></span> <span class='ocrx_word' id='word_1_50' title='bbox 1252 775 1496 831; x_wconf 83' lang='lat' dir='ltr'><strong>tenebris</strong></span> <span class='ocrx_word' id='word_1_51' title='bbox 1522 776 1841 846; x_wconf 75' lang='lat' dir='ltr'><strong>ignorantize</strong></span> 
     </span>
    </p>
   </div>
   <div class='ocr_carea' id='block_1_9' title="bbox 265 860 1839 937">
    <p class='ocr_par' dir='ltr' id='par_1_9' title="bbox 265 860 1839 937">
     <span class='ocr_line' id='line_1_9' title="bbox 265 860 1839 937; baseline 0.007 -24"><span class='ocrx_word' id='word_1_52' title='bbox 265 862 605 929; x_wconf 87' lang='lat' dir='ltr'><strong>potuerunt?</strong></span> <span class='ocrx_word' id='word_1_53' title='bbox 632 860 846 918; x_wconf 87' lang='lat' dir='ltr'><strong>Videris</strong></span> <span class='ocrx_word' id='word_1_54' title='bbox 870 865 1002 919; x_wconf 92' lang='lat' dir='ltr'><strong>mihi</strong></span> <span class='ocrx_word' id='word_1_55' title='bbox 1038 866 1290 936; x_wconf 84' lang='lat' dir='ltr'><strong>ignorare</strong></span> <span class='ocrx_word' id='word_1_56' title='bbox 1322 867 1453 937; x_wconf 91' lang='lat' dir='ltr'><strong>quid</strong></span> <span class='ocrx_word' id='word_1_57' title='bbox 1490 868 1562 922; x_wconf 87' lang='lat' dir='ltr'><strong>sit</strong></span> <span class='ocrx_word' id='word_1_58' title='bbox 1584 867 1745 924; x_wconf 88' lang='lat' dir='ltr'><strong>Pater</strong></span> <span class='ocrx_word' id='word_1_59' title='bbox 1785 879 1839 925; x_wconf 89' lang='lat' dir='ltr'><strong>et</strong></span> 
     </span>
    </p>
   </div>
   <div class='ocr_carea' id='block_1_10' title="bbox 264 950 1838 1032">
    <p class='ocr_par' dir='ltr' id='par_1_10' title="bbox 264 950 1838 1032">
     <span class='ocr_line' id='line_1_10' title="bbox 264 950 1838 1032; baseline 0.008 -29"><span class='ocrx_word' id='word_1_60' title='bbox 264 950 436 1018; x_wconf 89' lang='lat' dir='ltr'><strong>Deus,</strong></span> <span class='ocrx_word' id='word_1_61' title='bbox 465 970 653 1008; x_wconf 89' lang='lat' dir='ltr'><strong>verum</strong></span> <span class='ocrx_word' id='word_1_62' title='bbox 683 963 736 1009; x_wconf 91' lang='lat' dir='ltr'><strong>et</strong></span> <span class='ocrx_word' id='word_1_63' title='bbox 769 955 964 1010; x_wconf 66' lang='lat' dir='ltr'><strong>anima:</strong></span> <span class='ocrx_word' id='word_1_64' title='bbox 992 958 1135 1012; x_wconf 86' lang='lat' dir='ltr'><strong>unde</strong></span> <span class='ocrx_word' id='word_1_65' title='bbox 1153 959 1262 1014; x_wconf 91' lang='lat' dir='ltr'><strong>sint</strong></span> <span class='ocrx_word' id='word_1_66' title='bbox 1283 960 1366 1012; x_wconf 86' lang='lat' dir='ltr'><strong>vel</strong></span> <span class='ocrx_word' id='word_1_67' title='bbox 1392 959 1609 1029; x_wconf 86' lang='lat' dir='ltr'><strong>quando</strong></span> <span class='ocrx_word' id='word_1_68' title='bbox 1628 968 1681 1015; x_wconf 89' lang='lat' dir='ltr'><strong>et</strong></span> <span class='ocrx_word' id='word_1_69' title='bbox 1702 978 1838 1032; x_wconf 89' lang='lat' dir='ltr'><strong>quo-</strong></span> 
     </span>
    </p>
   </div>
   <div class='ocr_carea' id='block_1_11' title="bbox 260 1044 1836 1117">
    <p class='ocr_par' dir='ltr' id='par_1_11' title="bbox 260 1044 1836 1117">
     <span class='ocr_line' id='line_1_11' title="bbox 260 1044 1836 1117; baseline 0.007 -20"><span class='ocrx_word' id='word_1_70' title='bbox 260 1044 433 1099; x_wconf 88' lang='lat' dir='ltr'><strong>modo</strong></span> <span class='ocrx_word' id='word_1_71' title='bbox 473 1045 664 1113; x_wconf 63' lang='lat' dir='ltr'><strong>factae,</strong></span> <span class='ocrx_word' id='word_1_72' title='bbox 702 1062 918 1117; x_wconf 89' lang='lat' dir='ltr'><strong>possem</strong></span> <span class='ocrx_word' id='word_1_73' title='bbox 994 1048 1206 1115; x_wconf 87' lang='lat' dir='ltr'><strong>dicere,</strong></span> <span class='ocrx_word' id='word_1_74' title='bbox 1236 1050 1331 1106; x_wconf 91' lang='lat' dir='ltr'><strong>sed</strong></span> <span class='ocrx_word' id='word_1_75' title='bbox 1380 1051 1496 1106; x_wconf 83' lang='lat' dir='ltr'><strong>haec</strong></span> <span class='ocrx_word' id='word_1_76' title='bbox 1542 1068 1691 1107; x_wconf 89' lang='lat' dir='ltr'><strong>nunc</strong></span> <span class='ocrx_word' id='word_1_77' title='bbox 1738 1055 1836 1109; x_wconf 91' lang='lat' dir='ltr'><strong>tibi</strong></span> 
     </span>
    </p>
   </div>
   <div class='ocr_carea' id='block_1_12' title="bbox 260 1134 1836 1212">
    <p class='ocr_par' dir='ltr' id='par_1_12' title="bbox 260 1134 1836 1212">
     <span class='ocr_line' id='line_1_12' title="bbox 260 1134 1836 1212; baseline 0.007 -24"><span class='ocrx_word' id='word_1_78' title='bbox 260 1136 480 1206; x_wconf 85' lang='lat' dir='ltr'><strong>aperire</strong></span> <span class='ocrx_word' id='word_1_79' title='bbox 500 1136 585 1193; x_wconf 87' lang='lat' dir='ltr'><strong>fas</strong></span> <span class='ocrx_word' id='word_1_80' title='bbox 603 1153 710 1193; x_wconf 90' lang='lat' dir='ltr'><strong>non</strong></span> <span class='ocrx_word' id='word_1_81' title='bbox 733 1134 843 1205; x_wconf 80' lang='lat' dir='ltr'><strong>est,</strong></span> <span class='ocrx_word' id='word_1_82' title='bbox 874 1139 931 1194; x_wconf 90' lang='lat' dir='ltr'><strong>in</strong></span> <span class='ocrx_word' id='word_1_83' title='bbox 961 1148 1112 1194; x_wconf 87' lang='lat' dir='ltr'><strong>tanto</strong></span> <span class='ocrx_word' id='word_1_84' title='bbox 1133 1156 1319 1197; x_wconf 88' lang='lat' dir='ltr'><strong>errore</strong></span> <span class='ocrx_word' id='word_1_85' title='bbox 1347 1143 1526 1212; x_wconf 87' lang='lat' dir='ltr'><strong>posito</strong></span> <span class='ocrx_word' id='word_1_86' title='bbox 1558 1144 1625 1199; x_wconf 87' lang='lat' dir='ltr'><strong>de</strong></span> <span class='ocrx_word' id='word_1_87' title='bbox 1657 1145 1836 1201; x_wconf 90' lang='lat' dir='ltr'><strong>scien-</strong></span> 
     </span>
    </p>
   </div>
   <div class='ocr_carea' id='block_1_13' title="bbox 258 1227 1835 1308">
    <p class='ocr_par' dir='ltr' id='par_1_13' title="bbox 258 1227 1835 1308">
     <span class='ocr_line' id='line_1_13' title="bbox 258 1227 1835 1308; baseline 0.008 -28"><span class='ocrx_word' id='word_1_88' title='bbox 258 1228 340 1281; x_wconf 87' lang='lat' dir='ltr'><strong>tia</strong></span> <span class='ocrx_word' id='word_1_89' title='bbox 371 1227 485 1285; x_wconf 90' lang='lat' dir='ltr'><strong>Dei.</strong></span> <span class='ocrx_word' id='word_1_90' title='bbox 516 1229 655 1284; x_wconf 91' lang='lat' dir='ltr'><strong>Tum</strong></span> <span class='ocrx_word' id='word_1_91' title='bbox 688 1229 878 1286; x_wconf 88' lang='lat' dir='ltr'><strong>Simon</strong></span> <span class='ocrx_word' id='word_1_92' title='bbox 900 1252 911 1287; x_wconf 93' lang='lat'><strong>:</strong></span> <span class='ocrx_word' id='word_1_93' title='bbox 935 1231 1070 1299; x_wconf 87' lang='lat' dir='ltr'><strong>Erit,</strong></span> <span class='ocrx_word' id='word_1_94' title='bbox 1104 1233 1303 1304; x_wconf 88' lang='lat' dir='ltr'><strong>inquit,</strong></span> <span class='ocrx_word' id='word_1_95' title='bbox 1338 1242 1559 1305; x_wconf 86' lang='lat' dir='ltr'><strong>tempus</strong></span> <span class='ocrx_word' id='word_1_96' title='bbox 1584 1252 1694 1308; x_wconf 91' lang='lat' dir='ltr'><strong>quo</strong></span> <span class='ocrx_word' id='word_1_97' title='bbox 1717 1253 1835 1307; x_wconf 70' lang='lat' dir='ltr'><strong>poe-</strong></span> 
     </span>
    </p>
   </div>
   <div class='ocr_carea' id='block_1_14' title="bbox 258 1320 1833 1393">
    <p class='ocr_par' dir='ltr' id='par_1_14' title="bbox 258 1320 1833 1393">
     <span class='ocr_line' id='line_1_14' title="bbox 258 1320 1833 1393; baseline 0.008 -20"><span class='ocrx_word' id='word_1_98' title='bbox 258 1320 465 1375; x_wconf 86' lang='lat' dir='ltr'><strong>nitebit</strong></span> <span class='ocrx_word' id='word_1_99' title='bbox 512 1330 597 1386; x_wconf 85' lang='lat' dir='ltr'><strong>te,</strong></span> <span class='ocrx_word' id='word_1_100' title='bbox 634 1324 779 1393; x_wconf 92' lang='lat' dir='ltr'><strong>quod</strong></span> <span class='ocrx_word' id='word_1_101' title='bbox 809 1324 1083 1381; x_wconf 86' lang='lat' dir='ltr'><strong>dicentem</strong></span> <span class='ocrx_word' id='word_1_102' title='bbox 1112 1341 1198 1381; x_wconf 89' lang='lat' dir='ltr'><strong>me</strong></span> <span class='ocrx_word' id='word_1_103' title='bbox 1242 1326 1309 1382; x_wconf 92' lang='lat' dir='ltr'><strong>de</strong></span> <span class='ocrx_word' id='word_1_104' title='bbox 1340 1327 1598 1383; x_wconf 70' lang='lat' dir='ltr'><strong>ineffabili</strong></span> <span class='ocrx_word' id='word_1_105' title='bbox 1630 1330 1833 1387; x_wconf 92' lang='lat' dir='ltr'><strong>virtute</strong></span> 
     </span>
    </p>
   </div>
   <div class='ocr_carea' id='block_1_15' title="bbox 256 1412 1833 1494">
    <p class='ocr_par' dir='ltr' id='par_1_15' title="bbox 256 1412 1833 1494">
     <span class='ocr_line' id='line_1_15' title="bbox 256 1412 1833 1494; baseline 0.011 -30"><span class='ocrx_word' id='word_1_106' title='bbox 256 1426 378 1466; x_wconf 86' lang='lat' dir='ltr'><strong>non</strong></span> <span class='ocrx_word' id='word_1_107' title='bbox 406 1412 759 1470; x_wconf 78' lang='lat' dir='ltr'><strong>intellexeris.</strong></span> <span class='ocrx_word' id='word_1_108' title='bbox 789 1414 855 1469; x_wconf 88' lang='lat' dir='ltr'><strong>Et</strong></span> <span class='ocrx_word' id='word_1_109' title='bbox 878 1415 1109 1472; x_wconf 91' lang='lat' dir='ltr'><strong>Petrus:</strong></span> <span class='ocrx_word' id='word_1_110' title='bbox 1138 1416 1213 1471; x_wconf 90' lang='lat' dir='ltr'><strong>Da</strong></span> <span class='ocrx_word' id='word_1_111' title='bbox 1236 1435 1367 1490; x_wconf 85' lang='lat' dir='ltr'><strong>ergo</strong></span> <span class='ocrx_word' id='word_1_112' title='bbox 1397 1421 1577 1488; x_wconf 92' lang='lat' dir='ltr'><strong>nobis,</strong></span> <span class='ocrx_word' id='word_1_113' title='bbox 1610 1431 1665 1477; x_wconf 92' lang='lat' dir='ltr'><strong>ul</strong></span> <span class='ocrx_word' id='word_1_114' title='bbox 1688 1439 1833 1494; x_wconf 65' lang='lat' dir='ltr'><strong>saepe</strong></span> 
     </span>
    </p>
   </div>
   <div class='ocr_carea' id='block_1_16' title="bbox 250 1502 1831 1584">
    <p class='ocr_par' dir='ltr' id='par_1_16' title="bbox 250 1502 1831 1584">
     <span class='ocr_line' id='line_1_16' title="bbox 250 1502 1831 1584; baseline 0.009 -28"><span class='ocrx_word' id='word_1_115' title='bbox 250 1502 375 1573; x_wconf 81' lang='lat' dir='ltr'><strong>jam</strong></span> <span class='ocrx_word' id='word_1_116' title='bbox 412 1503 546 1570; x_wconf 77' lang='lat' dir='ltr'><strong>dixi,</strong></span> <span class='ocrx_word' id='word_1_117' title='bbox 599 1516 861 1578; x_wconf 86' lang='lat' dir='ltr'><strong>tanquam</strong></span> <span class='ocrx_word' id='word_1_118' title='bbox 922 1525 1098 1565; x_wconf 88' lang='lat' dir='ltr'><strong>novus</strong></span> <span class='ocrx_word' id='word_1_119' title='bbox 1160 1510 1301 1566; x_wconf 87' lang='lat' dir='ltr'><strong>Deus</strong></span> <span class='ocrx_word' id='word_1_120' title='bbox 1358 1519 1451 1565; x_wconf 90' lang='lat' dir='ltr'><strong>aut</strong></span> <span class='ocrx_word' id='word_1_121' title='bbox 1482 1515 1575 1584; x_wconf 90' lang='lat' dir='ltr'><strong>qui</strong></span> <span class='ocrx_word' id='word_1_122' title='bbox 1629 1515 1831 1572; x_wconf 90' lang='lat' dir='ltr'><strong>abillo</strong></span> 
     </span>
    </p>
   </div>
   <div class='ocr_carea' id='block_1_17' title="bbox 255 1593 1830 1678">
    <p class='ocr_par' dir='ltr' id='par_1_17' title="bbox 255 1593 1830 1678">
     <span class='ocr_line' id='line_1_17' title="bbox 255 1593 1830 1678; baseline 0.011 -33"><span class='ocrx_word' id='word_1_123' title='bbox 255 1593 614 1653; x_wconf 86' lang='lat' dir='ltr'><strong>descenderis</strong></span> <span class='ocrx_word' id='word_1_124' title='bbox 668 1615 892 1654; x_wconf 90' lang='lat' dir='ltr'><strong>sensum</strong></span> <span class='ocrx_word' id='word_1_125' title='bbox 947 1601 1181 1672; x_wconf 89' lang='lat' dir='ltr'><strong>aliquem</strong></span> <span class='ocrx_word' id='word_1_126' title='bbox 1238 1618 1479 1669; x_wconf 91' lang='lat' dir='ltr'><strong>novum,</strong></span> <span class='ocrx_word' id='word_1_127' title='bbox 1529 1621 1625 1676; x_wconf 90' lang='lat' dir='ltr'><strong>per</strong></span> <span class='ocrx_word' id='word_1_128' title='bbox 1669 1623 1830 1678; x_wconf 88' lang='lat' dir='ltr'><strong>quem</strong></span> 
     </span>
    </p>
   </div>
   <div class='ocr_carea' id='block_1_18' title="bbox 253 1690 1829 1767">
    <p class='ocr_par' dir='ltr' id='par_1_18' title="bbox 253 1690 1829 1767">
     <span class='ocr_line' id='line_1_18' title="bbox 253 1690 1829 1767; baseline 0.01 -27"><span class='ocrx_word' id='word_1_129' title='bbox 253 1702 467 1741; x_wconf 85' lang='lat' dir='ltr'><strong>novum</strong></span> <span class='ocrx_word' id='word_1_130' title='bbox 497 1705 660 1759; x_wconf 90' lang='lat' dir='ltr'><strong>quem</strong></span> <span class='ocrx_word' id='word_1_131' title='bbox 692 1690 830 1745; x_wconf 92' lang='lat' dir='ltr'><strong>dicis</strong></span> <span class='ocrx_word' id='word_1_132' title='bbox 861 1690 1030 1747; x_wconf 92' lang='lat' dir='ltr'><strong>Deum</strong></span> <span class='ocrx_word' id='word_1_133' title='bbox 1062 1694 1336 1763; x_wconf 90' lang='lat' dir='ltr'><strong>possimus</strong></span> <span class='ocrx_word' id='word_1_134' title='bbox 1376 1711 1704 1767; x_wconf 83' lang='lat' dir='ltr'><strong>agnoscere;</strong></span> <span class='ocrx_word' id='word_1_135' title='bbox 1739 1700 1829 1757; x_wconf 89' lang='lat' dir='ltr'><strong>isti</strong></span> 
     </span>
    </p>
   </div>
   <div class='ocr_carea' id='block_1_19' title="bbox 253 1777 1828 1855">
    <p class='ocr_par' dir='ltr' id='par_1_19' title="bbox 253 1777 1828 1855">
     <span class='ocr_line' id='line_1_19' title="bbox 253 1777 1828 1855; baseline 0.01 -25"><span class='ocrx_word' id='word_1_136' title='bbox 253 1777 410 1832; x_wconf 88' lang='lat' dir='ltr'><strong>enim</strong></span> <span class='ocrx_word' id='word_1_137' title='bbox 447 1781 688 1852; x_wconf 91' lang='lat' dir='ltr'><strong>quinque</strong></span> <span class='ocrx_word' id='word_1_138' title='bbox 742 1798 959 1849; x_wconf 88' lang='lat' dir='ltr'><strong>sensus,</strong></span> <span class='ocrx_word' id='word_1_139' title='bbox 1022 1800 1160 1855; x_wconf 91' lang='lat' dir='ltr'><strong>quos</strong></span> <span class='ocrx_word' id='word_1_140' title='bbox 1208 1786 1364 1842; x_wconf 88' lang='lat' dir='ltr'><strong>nobis</strong></span> <span class='ocrx_word' id='word_1_141' title='bbox 1412 1789 1563 1843; x_wconf 91' lang='lat' dir='ltr'><strong>dedit</strong></span> <span class='ocrx_word' id='word_1_142' title='bbox 1610 1798 1828 1846; x_wconf 90' lang='lat' dir='ltr'><strong>creator</strong></span> 
     </span>
    </p>
   </div>
   <div class='ocr_carea' id='block_1_20' title="bbox 252 1868 1829 1953">
    <p class='ocr_par' dir='ltr' id='par_1_20' title="bbox 252 1868 1829 1953">
     <span class='ocr_line' id='line_1_20' title="bbox 252 1868 1829 1953; baseline 0.011 -30"><span class='ocrx_word' id='word_1_143' title='bbox 252 1868 428 1941; x_wconf 90' lang='lat' dir='ltr'><strong>Deus,</strong></span> <span class='ocrx_word' id='word_1_144' title='bbox 446 1872 694 1929; x_wconf 88' lang='lat' dir='ltr'><strong>Creatori</strong></span> <span class='ocrx_word' id='word_1_145' title='bbox 726 1890 828 1931; x_wconf 91' lang='lat' dir='ltr'><strong>suo</strong></span> <span class='ocrx_word' id='word_1_146' title='bbox 858 1874 1019 1931; x_wconf 85' lang='lat' dir='ltr'><strong>fidem</strong></span> <span class='ocrx_word' id='word_1_147' title='bbox 1048 1886 1288 1943; x_wconf 85' lang='lat' dir='ltr'><strong>servant,</strong></span> <span class='ocrx_word' id='word_1_148' title='bbox 1324 1895 1424 1935; x_wconf 91' lang='lat' dir='ltr'><strong>nec</strong></span> <span class='ocrx_word' id='word_1_149' title='bbox 1447 1881 1613 1935; x_wconf 90' lang='lat' dir='ltr'><strong>alium</strong></span> <span class='ocrx_word' id='word_1_150' title='bbox 1636 1900 1829 1953; x_wconf 88' lang='lat' dir='ltr'><strong>quem-</strong></span> 
     </span>
    </p>
   </div>
   <div class='ocr_carea' id='block_1_21' title="bbox 251 1968 1825 2046">
    <p class='ocr_par' dir='ltr' id='par_1_21' title="bbox 251 1968 1825 2046">
     <span class='ocr_line' id='line_1_21' title="bbox 251 1968 1825 2046; baseline 0.01 -30"><span class='ocrx_word' id='word_1_151' title='bbox 251 1980 426 2033; x_wconf 87' lang='lat' dir='ltr'><strong>quam</strong></span> <span class='ocrx_word' id='word_1_152' title='bbox 454 1980 578 2021; x_wconf 90' lang='lat' dir='ltr'><strong>esse</strong></span> <span class='ocrx_word' id='word_1_153' title='bbox 607 1969 852 2022; x_wconf 88' lang='lat' dir='ltr'><strong>sentiunt</strong></span> <span class='ocrx_word' id='word_1_154' title='bbox 901 1968 1094 2035; x_wconf 90' lang='lat' dir='ltr'><strong>Deum,</strong></span> <span class='ocrx_word' id='word_1_155' title='bbox 1130 1970 1233 2025; x_wconf 91' lang='lat' dir='ltr'><strong>hoc</strong></span> <span class='ocrx_word' id='word_1_156' title='bbox 1286 1973 1365 2027; x_wconf 92' lang='lat' dir='ltr'><strong>eis</strong></span> <span class='ocrx_word' id='word_1_157' title='bbox 1397 1972 1514 2043; x_wconf 92' lang='lat' dir='ltr'><strong>ipsa</strong></span> <span class='ocrx_word' id='word_1_158' title='bbox 1568 1977 1651 2031; x_wconf 94' lang='lat' dir='ltr'><strong>sui</strong></span> <span class='ocrx_word' id='word_1_159' title='bbox 1683 1992 1825 2046; x_wconf 74' lang='lat' dir='ltr'><strong>pne-</strong></span> 
     </span>
    </p>
   </div>
   <div class='ocr_carea' id='block_1_22' title="bbox 252 2063 690 2115">
    <p class='ocr_par' dir='ltr' id='par_1_22' title="bbox 252 2063 690 2115">
     <span class='ocr_line' id='line_1_22' title="bbox 252 2063 690 2115; baseline 0.009 -5"><span class='ocrx_word' id='word_1_160' title='bbox 252 2063 440 2111; x_wconf 84' lang='lat' dir='ltr'><strong>stante</strong></span> <span class='ocrx_word' id='word_1_161' title='bbox 469 2065 690 2115; x_wconf 87' lang='lat' dir='ltr'><strong>natura.</strong></span> 
     </span>
    </p>
   </div>
   <div class='ocr_carea' id='block_1_23' title="bbox 328 2169 1823 2253">
    <p class='ocr_par' dir='ltr' id='par_1_23' title="bbox 328 2169 1823 2253">
     <span class='ocr_line' id='line_1_23' title="bbox 328 2169 1823 2253; baseline 0.007 -29"><span class='ocrx_word' id='word_1_162' title='bbox 328 2169 469 2227; x_wconf 81' lang='lat' dir='ltr'><strong>LXI.</strong></span> <span class='ocrx_word' id='word_1_163' title='bbox 520 2170 623 2253; x_wconf 11' lang='lat' dir='ltr'><strong>Ad!</strong></span> <span class='ocrx_word' id='word_1_164' title='bbox 654 2173 768 2229; x_wconf 85' lang='lat' dir='ltr'><strong>haec</strong></span> <span class='ocrx_word' id='word_1_165' title='bbox 817 2172 1041 2230; x_wconf 90' lang='lat' dir='ltr'><strong>Simon:</strong></span> <span class='ocrx_word' id='word_1_166' title='bbox 1077 2175 1310 2242; x_wconf 87' lang='lat' dir='ltr'><strong>Adhibe,</strong></span> <span class='ocrx_word' id='word_1_167' title='bbox 1346 2177 1543 2249; x_wconf 87' lang='lat' dir='ltr'><strong>inquit,</strong></span> <span class='ocrx_word' id='word_1_168' title='bbox 1580 2181 1823 2236; x_wconf 91' lang='lat' dir='ltr'><strong>animum</strong></span> 
     </span>
    </p>
   </div>
   <div class='ocr_carea' id='block_1_24' title="bbox 250 2262 1825 2335">
    <p class='ocr_par' dir='ltr' id='par_1_24' title="bbox 250 2262 1825 2335">
     <span class='ocr_line' id='line_1_24' title="bbox 250 2262 1825 2335; baseline 0.008 -19"><span class='ocrx_word' id='word_1_169' title='bbox 250 2262 329 2317; x_wconf 85' lang='lat' dir='ltr'><strong>ad</strong></span> <span class='ocrx_word' id='word_1_170' title='bbox 364 2279 428 2318; x_wconf 89' lang='lat' dir='ltr'><strong>ea</strong></span> <span class='ocrx_word' id='word_1_171' title='bbox 458 2281 583 2335; x_wconf 72' lang='lat' dir='ltr'><strong>qua:</strong></span> <span class='ocrx_word' id='word_1_172' title='bbox 630 2265 877 2323; x_wconf 91' lang='lat' dir='ltr'><strong>dicturus</strong></span> <span class='ocrx_word' id='word_1_173' title='bbox 908 2283 1051 2332; x_wconf 89' lang='lat' dir='ltr'><strong>sum,</strong></span> <span class='ocrx_word' id='word_1_174' title='bbox 1089 2278 1142 2324; x_wconf 94' lang='lat' dir='ltr'><strong>et</strong></span> <span class='ocrx_word' id='word_1_175' title='bbox 1180 2269 1347 2326; x_wconf 86' lang='lat' dir='ltr'><strong>facito</strong></span> <span class='ocrx_word' id='word_1_176' title='bbox 1370 2287 1495 2326; x_wconf 91' lang='lat' dir='ltr'><strong>eum</strong></span> <span class='ocrx_word' id='word_1_177' title='bbox 1533 2272 1825 2329; x_wconf 89' lang='lat' dir='ltr'><strong>invisibili-</strong></span> 
     </span>
    </p>
   </div>
   <div class='ocr_carea' id='block_1_25' title="bbox 248 2354 1821 2435">
    <p class='ocr_par' dir='ltr' id='par_1_25' title="bbox 248 2354 1821 2435">
     <span class='ocr_line' id='line_1_25' title="bbox 248 2354 1821 2435; baseline 0.008 -27"><span class='ocrx_word' id='word_1_178' title='bbox 248 2354 363 2411; x_wconf 85' lang='lat' dir='ltr'><strong>bus</strong></span> <span class='ocrx_word' id='word_1_179' title='bbox 395 2357 603 2412; x_wconf 89' lang='lat' dir='ltr'><strong>semitis</strong></span> <span class='ocrx_word' id='word_1_180' title='bbox 647 2357 1021 2424; x_wconf 88' lang='lat' dir='ltr'><strong>incedentem,</strong></span> <span class='ocrx_word' id='word_1_181' title='bbox 1054 2363 1337 2431; x_wconf 88' lang='lat' dir='ltr'><strong>pervenire</strong></span> <span class='ocrx_word' id='word_1_182' title='bbox 1373 2362 1442 2418; x_wconf 92' lang='lat' dir='ltr'><strong>ad</strong></span> <span class='ocrx_word' id='word_1_183' title='bbox 1474 2379 1538 2419; x_wconf 90' lang='lat' dir='ltr'><strong>ea</strong></span> <span class='ocrx_word' id='word_1_184' title='bbox 1571 2381 1692 2435; x_wconf 76' lang='lat' dir='ltr'><strong>quae</strong></span> <span class='ocrx_word' id='word_1_185' title='bbox 1724 2366 1821 2423; x_wconf 87' lang='lat' dir='ltr'><strong>tibi</strong></span> 
     </span>
    </p>
   </div>
   <div class='ocr_carea' id='block_1_26' title="bbox 248 2446 1824 2526">
    <p class='ocr_par' dir='ltr' id='par_1_26' title="bbox 248 2446 1824 2526">
     <span class='ocr_line' id='line_1_26' title="bbox 248 2446 1824 2526; baseline 0.008 -26"><span class='ocrx_word' id='word_1_186' title='bbox 248 2446 728 2506; x_wconf 84' lang='lat' dir='ltr'><strong>demonstravero.</strong></span> <span class='ocrx_word' id='word_1_187' title='bbox 770 2450 1037 2507; x_wconf 88' lang='lat' dir='ltr'><strong>Ausculta</strong></span> <span class='ocrx_word' id='word_1_188' title='bbox 1067 2468 1195 2525; x_wconf 92' lang='lat' dir='ltr'><strong>ergo</strong></span> <span class='ocrx_word' id='word_1_189' title='bbox 1234 2470 1380 2509; x_wconf 93' lang='lat' dir='ltr'><strong>nunc</strong></span> <span class='ocrx_word' id='word_1_190' title='bbox 1414 2473 1427 2510; x_wconf 94' lang='lat'><strong>:</strong></span> <span class='ocrx_word' id='word_1_191' title='bbox 1471 2471 1824 2526; x_wconf 90' lang='lat' dir='ltr'><strong>nunquamne</strong></span> 
     </span>
    </p>
   </div>
   <div class='ocr_carea' id='block_1_27' title="bbox 250 2537 1822 2612">
    <p class='ocr_par' dir='ltr' id='par_1_27' title="bbox 250 2537 1822 2612">
     <span class='ocr_line' id='line_1_27' title="bbox 250 2537 1822 2612; baseline 0.008 -21"><span class='ocrx_word' id='word_1_192' title='bbox 250 2537 315 2591; x_wconf 87' lang='lat' dir='ltr'><strong>in</strong></span> <span class='ocrx_word' id='word_1_193' title='bbox 346 2541 678 2611; x_wconf 85' lang='lat' dir='ltr'><strong>cogitatione</strong></span> <span class='ocrx_word' id='word_1_194' title='bbox 729 2544 943 2612; x_wconf 90' lang='lat' dir='ltr'><strong>positus</strong></span> <span class='ocrx_word' id='word_1_195' title='bbox 971 2544 1268 2599; x_wconf 76' lang='lat' dir='ltr'><strong>extendisti</strong></span> <span class='ocrx_word' id='word_1_196' title='bbox 1305 2554 1543 2601; x_wconf 80' lang='lat' dir='ltr'><strong>mentem</strong></span> <span class='ocrx_word' id='word_1_197' title='bbox 1579 2556 1726 2602; x_wconf 91' lang='lat' dir='ltr'><strong>tuam</strong></span> <span class='ocrx_word' id='word_1_198' title='bbox 1766 2550 1822 2604; x_wconf 92' lang='lat' dir='ltr'><strong>in</strong></span> 
     </span>
    </p>
   </div>
   <div class='ocr_carea' id='block_1_28' title="bbox 249 2632 1822 2708">
    <p class='ocr_par' dir='ltr' id='par_1_28' title="bbox 249 2632 1822 2708">
     <span class='ocr_line' id='line_1_28' title="bbox 249 2632 1822 2708; baseline 0.01 -25"><span class='ocrx_word' id='word_1_199' title='bbox 249 2632 508 2701; x_wconf 79' lang='lat' dir='ltr'><strong>regiones</strong></span> <span class='ocrx_word' id='word_1_200' title='bbox 534 2634 619 2690; x_wconf 91' lang='lat' dir='ltr'><strong>vel</strong></span> <span class='ocrx_word' id='word_1_201' title='bbox 650 2634 861 2691; x_wconf 87' lang='lat' dir='ltr'><strong>insulas</strong></span> <span class='ocrx_word' id='word_1_202' title='bbox 888 2652 1051 2707; x_wconf 90' lang='lat' dir='ltr'><strong>porro</strong></span> <span class='ocrx_word' id='word_1_203' title='bbox 1078 2639 1307 2708; x_wconf 88' lang='lat' dir='ltr'><strong>positas,</strong></span> <span class='ocrx_word' id='word_1_204' title='bbox 1329 2645 1382 2693; x_wconf 91' lang='lat' dir='ltr'><strong>et</strong></span> <span class='ocrx_word' id='word_1_205' title='bbox 1404 2639 1479 2693; x_wconf 89' lang='lat' dir='ltr'><strong>ita</strong></span> <span class='ocrx_word' id='word_1_206' title='bbox 1510 2641 1565 2693; x_wconf 91' lang='lat' dir='ltr'><strong>in</strong></span> <span class='ocrx_word' id='word_1_207' title='bbox 1582 2643 1660 2697; x_wconf 87' lang='lat' dir='ltr'><strong>eis</strong></span> <span class='ocrx_word' id='word_1_208' title='bbox 1684 2642 1822 2699; x_wconf 77' lang='lat' dir='ltr'><strong>fixus</strong></span> 
     </span>
    </p>
   </div>
   <div class='ocr_carea' id='block_1_29' title="bbox 248 2724 1822 2800">
    <p class='ocr_par' dir='ltr' id='par_1_29' title="bbox 248 2724 1822 2800">
     <span class='ocr_line' id='line_1_29' title="bbox 248 2724 1822 2800; baseline 0.008 -25"><span class='ocrx_word' id='word_1_209' title='bbox 248 2724 443 2778; x_wconf 83' lang='lat' dir='ltr'><strong>animo</strong></span> <span class='ocrx_word' id='word_1_210' title='bbox 473 2726 762 2792; x_wconf 88' lang='lat' dir='ltr'><strong>mansisti,</strong></span> <span class='ocrx_word' id='word_1_211' title='bbox 798 2736 859 2782; x_wconf 91' lang='lat' dir='ltr'><strong>ut</strong></span> <span class='ocrx_word' id='word_1_212' title='bbox 907 2744 975 2783; x_wconf 92' lang='lat' dir='ltr'><strong>ne</strong></span> <span class='ocrx_word' id='word_1_213' title='bbox 1021 2740 1316 2798; x_wconf 74' lang='lat' dir='ltr'><strong>przesentes</strong></span> <span class='ocrx_word' id='word_1_214' title='bbox 1368 2730 1588 2800; x_wconf 89' lang='lat' dir='ltr'><strong>quidem</strong></span> <span class='ocrx_word' id='word_1_215' title='bbox 1637 2733 1822 2788; x_wconf 90' lang='lat' dir='ltr'><strong>videre</strong></span> 
     </span>
    </p>
   </div>
   <div class='ocr_carea' id='block_1_30' title="bbox 246 2818 1822 2891">
    <p class='ocr_par' dir='ltr' id='par_1_30' title="bbox 246 2818 1822 2891">
     <span class='ocr_line' id='line_1_30' title="bbox 246 2818 1822 2891; baseline 0.008 -24"><span class='ocrx_word' id='word_1_216' title='bbox 246 2821 351 2868; x_wconf 87' lang='lat' dir='ltr'><strong>aut</strong></span> <span class='ocrx_word' id='word_1_217' title='bbox 384 2818 729 2887; x_wconf 88' lang='lat' dir='ltr'><strong>temetipsum</strong></span> <span class='ocrx_word' id='word_1_218' title='bbox 762 2818 907 2876; x_wconf 88' lang='lat' dir='ltr'><strong>scire</strong></span> <span class='ocrx_word' id='word_1_219' title='bbox 954 2820 1046 2875; x_wconf 91' lang='lat' dir='ltr'><strong>ubi</strong></span> <span class='ocrx_word' id='word_1_220' title='bbox 1096 2821 1318 2876; x_wconf 86' lang='lat' dir='ltr'><strong>sederes</strong></span> <span class='ocrx_word' id='word_1_221' title='bbox 1343 2860 1358 2885; x_wconf 89' lang='lat'><strong>,</strong></span> <span class='ocrx_word' id='word_1_222' title='bbox 1406 2837 1517 2891; x_wconf 78' lang='lat' dir='ltr'><strong>pra:</strong></span> <span class='ocrx_word' id='word_1_223' title='bbox 1553 2822 1822 2879; x_wconf 83' lang='lat' dir='ltr'><strong>suavitate</strong></span> 
     </span>
    </p>
   </div>
   <div class='ocr_carea' id='block_1_31' title="bbox 244 2902 1819 2983">
    <p class='ocr_par' dir='ltr' id='par_1_31' title="bbox 244 2902 1819 2983">
     <span class='ocr_line' id='line_1_31' title="bbox 244 2902 1819 2983; baseline 0.005 -21"><span class='ocrx_word' id='word_1_224' title='bbox 244 2922 446 2962; x_wconf 88' lang='lat' dir='ltr'><strong>eorum</strong></span> <span class='ocrx_word' id='word_1_225' title='bbox 494 2925 615 2979; x_wconf 64' lang='lat' dir='ltr'><strong>qua:</strong></span> <span class='ocrx_word' id='word_1_226' title='bbox 646 2910 989 2967; x_wconf 87' lang='lat' dir='ltr'><strong>habebantur</strong></span> <span class='ocrx_word' id='word_1_227' title='bbox 1020 2912 1076 2966; x_wconf 92' lang='lat' dir='ltr'><strong>in</strong></span> <span class='ocrx_word' id='word_1_228' title='bbox 1108 2913 1285 2967; x_wconf 88' lang='lat' dir='ltr'><strong>oculis</strong></span> <span class='ocrx_word' id='word_1_229' title='bbox 1304 2954 1320 2981; x_wconf 96' lang='lat'><strong>,</strong></span> <span class='ocrx_word' id='word_1_230' title='bbox 1356 2902 1585 2983; x_wconf 80' lang='lat' dir='ltr'><strong>pOSses?</strong></span> <span class='ocrx_word' id='word_1_231' title='bbox 1621 2915 1685 2969; x_wconf 88' lang='lat' dir='ltr'><strong>Et</strong></span> <span class='ocrx_word' id='word_1_232' title='bbox 1716 2913 1819 2970; x_wconf 87' lang='lat' dir='ltr'><strong>Pe-</strong></span> 
     </span>
    </p>
   </div>
   <div class='ocr_carea' id='block_1_32' title="bbox 242 3000 1820 3076">
    <p class='ocr_par' dir='ltr' id='par_1_32' title="bbox 242 3000 1820 3076">
     <span class='ocr_line' id='line_1_32' title="bbox 242 3000 1820 3076; baseline 0.005 -21"><span class='ocrx_word' id='word_1_233' title='bbox 242 3010 373 3056; x_wconf 86' lang='lat' dir='ltr'><strong>trus</strong></span> <span class='ocrx_word' id='word_1_234' title='bbox 404 3000 478 3053; x_wconf 86' lang='lat' dir='ltr'><strong>ait</strong></span> <span class='ocrx_word' id='word_1_235' title='bbox 506 3021 519 3057; x_wconf 87' lang='lat'><strong>:</strong></span> <span class='ocrx_word' id='word_1_236' title='bbox 551 3000 747 3058; x_wconf 81' lang='lat' dir='ltr'><strong>Verum</strong></span> <span class='ocrx_word' id='word_1_237' title='bbox 778 3011 884 3069; x_wconf 88' lang='lat' dir='ltr'><strong>est,</strong></span> <span class='ocrx_word' id='word_1_238' title='bbox 918 3003 1106 3060; x_wconf 83' lang='lat' dir='ltr'><strong>Simon</strong></span> <span class='ocrx_word' id='word_1_239' title='bbox 1126 3046 1142 3072; x_wconf 92' lang='lat'><strong>,</strong></span> <span class='ocrx_word' id='word_1_240' title='bbox 1176 3007 1279 3060; x_wconf 86' lang='lat' dir='ltr'><strong>hoc</strong></span> <span class='ocrx_word' id='word_1_241' title='bbox 1324 3005 1457 3060; x_wconf 88' lang='lat' dir='ltr'><strong>mihi</strong></span> <span class='ocrx_word' id='word_1_242' title='bbox 1508 3008 1820 3076; x_wconf 88' lang='lat' dir='ltr'><strong>frequenter</strong></span> 
     </span>
    </p>
   </div>
   <div class='ocr_carea' id='block_1_33' title="bbox 1944 497 3506 573">
    <p class='ocr_par' dir='ltr' id='par_1_33' title="bbox 1944 497 3506 573">
     <span class='ocr_line' id='line_1_33' title="bbox 1944 497 3506 573; baseline 0.006 -22"><span class='ocrx_word' id='word_1_243' title='bbox 1944 497 2012 553; x_wconf 90' lang='lat' dir='ltr'><strong>de</strong></span> <span class='ocrx_word' id='word_1_244' title='bbox 2035 499 2260 554; x_wconf 90' lang='lat' dir='ltr'><strong>civitate</strong></span> <span class='ocrx_word' id='word_1_245' title='bbox 2286 515 2486 570; x_wconf 90' lang='lat' dir='ltr'><strong>magna</strong></span> <span class='ocrx_word' id='word_1_246' title='bbox 2512 502 2763 572; x_wconf 84' lang='lat' dir='ltr'><strong>cogitari,</strong></span> <span class='ocrx_word' id='word_1_247' title='bbox 2782 512 2997 572; x_wconf 82' lang='lat' dir='ltr'><strong>.portas,</strong></span> <span class='ocrx_word' id='word_1_248' title='bbox 3024 518 3235 568; x_wconf 84' lang='lat' dir='ltr'><strong>muros,</strong></span> <span class='ocrx_word' id='word_1_249' title='bbox 3262 504 3506 573; x_wconf 89' lang='lat' dir='ltr'><strong>lavacra,</strong></span> 
     </span>
    </p>
   </div>
   <div class='ocr_carea' id='block_1_34' title="bbox 1942 589 3507 667">
    <p class='ocr_par' dir='ltr' id='par_1_34' title="bbox 1942 589 3507 667">
     <span class='ocr_line' id='line_1_34' title="bbox 1942 589 3507 667; baseline 0.006 -25"><span class='ocrx_word' id='word_1_250' title='bbox 1942 589 2150 660; x_wconf 77' lang='lat' dir='ltr'><strong>plateas</strong></span> <span class='ocrx_word' id='word_1_251' title='bbox 2170 630 2185 655; x_wconf 94' lang='lat'><strong>,</strong></span> <span class='ocrx_word' id='word_1_252' title='bbox 2220 591 2542 662; x_wconf 88' lang='lat' dir='ltr'><strong>angiportus</strong></span> <span class='ocrx_word' id='word_1_253' title='bbox 2566 633 2582 656; x_wconf 89' lang='lat'><strong><em>.</em></strong></span> <span class='ocrx_word' id='word_1_254' title='bbox 2613 593 2730 647; x_wconf 86' lang='lat' dir='ltr'><strong>fora</strong></span> <span class='ocrx_word' id='word_1_255' title='bbox 2762 602 2816 649; x_wconf 91' lang='lat' dir='ltr'><strong>et</strong></span> <span class='ocrx_word' id='word_1_256' title='bbox 2845 595 3040 648; x_wconf 91' lang='lat' dir='ltr'><strong>horum</strong></span> <span class='ocrx_word' id='word_1_257' title='bbox 3071 599 3465 666; x_wconf 85' lang='lat' dir='ltr'><strong>consequentia</strong></span> <span class='ocrx_word' id='word_1_258' title='bbox 3489 640 3507 667; x_wconf 86' lang='lat'><strong>,</strong></span> 
     </span>
    </p>
   </div>
   <div class='ocr_carea' id='block_1_35' title="bbox 1942 682 3505 756">
    <p class='ocr_par' dir='ltr' id='par_1_35' title="bbox 1942 682 3505 756">
     <span class='ocr_line' id='line_1_35' title="bbox 1942 682 3505 756; baseline 0.006 -22"><span class='ocrx_word' id='word_1_259' title='bbox 1942 682 2245 736; x_wconf 87' lang='lat' dir='ltr'><strong>secundum</strong></span> <span class='ocrx_word' id='word_1_260' title='bbox 2271 698 2334 738; x_wconf 90' lang='lat' dir='ltr'><strong>ea</strong></span> <span class='ocrx_word' id='word_1_261' title='bbox 2366 684 2579 739; x_wconf 90' lang='lat' dir='ltr'><strong>scilicet</strong></span> <span class='ocrx_word' id='word_1_262' title='bbox 2599 702 2721 756; x_wconf 66' lang='lat' dir='ltr'><strong>quae</strong></span> <span class='ocrx_word' id='word_1_263' title='bbox 2747 687 2805 740; x_wconf 86' lang='lat' dir='ltr'><strong>in</strong></span> <span class='ocrx_word' id='word_1_264' title='bbox 2824 687 2946 742; x_wconf 89' lang='lat' dir='ltr'><strong>aliis</strong></span> <span class='ocrx_word' id='word_1_265' title='bbox 2974 687 3204 743; x_wconf 88' lang='lat' dir='ltr'><strong>urbibus</strong></span> <span class='ocrx_word' id='word_1_266' title='bbox 3226 688 3466 744; x_wconf 88' lang='lat' dir='ltr'><strong>videram</strong></span> <span class='ocrx_word' id='word_1_267' title='bbox 3487 730 3505 754; x_wconf 90' lang='lat'><strong>,</strong></span> 
     </span>
    </p>
   </div>
   <div class='ocr_carea' id='block_1_36' title="bbox 1938 773 3510 847">
    <p class='ocr_par' dir='ltr' id='par_1_36' title="bbox 1938 773 3510 847">
     <span class='ocr_line' id='line_1_36' title="bbox 1938 773 3510 847; baseline 0.008 -22"><span class='ocrx_word' id='word_1_268' title='bbox 1938 779 1993 826; x_wconf 89' lang='lat' dir='ltr'><strong>et</strong></span> <span class='ocrx_word' id='word_1_269' title='bbox 2025 773 2078 826; x_wconf 94' lang='lat' dir='ltr'><strong>in</strong></span> <span class='ocrx_word' id='word_1_270' title='bbox 2128 782 2339 828; x_wconf 88' lang='lat' dir='ltr'><strong>tantum</strong></span> <span class='ocrx_word' id='word_1_271' title='bbox 2381 777 2683 833; x_wconf 90' lang='lat' dir='ltr'><strong>intentione</strong></span> <span class='ocrx_word' id='word_1_272' title='bbox 2727 779 3106 847; x_wconf 89' lang='lat' dir='ltr'><strong>hujuscemodi</strong></span> <span class='ocrx_word' id='word_1_273' title='bbox 3150 780 3381 835; x_wconf 82' lang='lat' dir='ltr'><strong>intuitu‘s</strong></span> <span class='ocrx_word' id='word_1_274' title='bbox 3413 782 3510 836; x_wconf 86' lang='lat' dir='ltr'><strong>de-</strong></span> 
     </span>
    </p>
   </div>
   <div class='ocr_carea' id='block_1_37' title="bbox 1940 865 3510 941">
    <p class='ocr_par' dir='ltr' id='par_1_37' title="bbox 1940 865 3510 941">
     <span class='ocr_line' id='line_1_37' title="bbox 1940 865 3510 941; baseline 0.005 -23"><span class='ocrx_word' id='word_1_275' title='bbox 1940 865 2198 930; x_wconf 89' lang='lat' dir='ltr'><strong>lectabar,</strong></span> <span class='ocrx_word' id='word_1_276' title='bbox 2231 874 2290 920; x_wconf 94' lang='lat' dir='ltr'><strong>ut</strong></span> <span class='ocrx_word' id='word_1_277' title='bbox 2318 883 2465 931; x_wconf 89' lang='lat' dir='ltr'><strong>vere,</strong></span> <span class='ocrx_word' id='word_1_278' title='bbox 2502 870 2643 923; x_wconf 91' lang='lat' dir='ltr'><strong>sicut</strong></span> <span class='ocrx_word' id='word_1_279' title='bbox 2663 869 2783 938; x_wconf 89' lang='lat' dir='ltr'><strong>ipse</strong></span> <span class='ocrx_word' id='word_1_280' title='bbox 2806 870 3014 934; x_wconf 75' lang='lat' dir='ltr'><strong>dixisti,</strong></span> <span class='ocrx_word' id='word_1_281' title='bbox 3049 886 3152 926; x_wconf 91' lang='lat' dir='ltr'><strong>nec</strong></span> <span class='ocrx_word' id='word_1_282' title='bbox 3180 879 3510 941; x_wconf 67' lang='lat' dir='ltr'><strong>prmsentem</strong></span> 
     </span>
    </p>
   </div>
   <div class='ocr_carea' id='block_1_38' title="bbox 1939 962 3508 1032">
    <p class='ocr_par' dir='ltr' id='par_1_38' title="bbox 1939 962 3508 1032">
     <span class='ocr_line' id='line_1_38' title="bbox 1939 962 3508 1032; baseline 0.004 -21"><span class='ocrx_word' id='word_1_283' title='bbox 1939 966 2101 1029; x_wconf 91' lang='lat' dir='ltr'><strong>atque</strong></span> <span class='ocrx_word' id='word_1_284' title='bbox 2145 968 2411 1015; x_wconf 88' lang='lat' dir='ltr'><strong>astantem</strong></span> <span class='ocrx_word' id='word_1_285' title='bbox 2461 962 2743 1027; x_wconf 87' lang='lat' dir='ltr'><strong>viderem,</strong></span> <span class='ocrx_word' id='word_1_286' title='bbox 2801 977 2903 1017; x_wconf 87' lang='lat' dir='ltr'><strong>nec</strong></span> <span class='ocrx_word' id='word_1_287' title='bbox 2936 962 3053 1032; x_wconf 80' lang='lat' dir='ltr'><strong>ipse</strong></span> <span class='ocrx_word' id='word_1_288' title='bbox 3096 963 3189 1017; x_wconf 90' lang='lat' dir='ltr'><strong>ubi</strong></span> <span class='ocrx_word' id='word_1_289' title='bbox 3224 963 3508 1026; x_wconf 87' lang='lat' dir='ltr'><strong>sederem,</strong></span> 
     </span>
    </p>
   </div>
   <div class='ocr_carea' id='block_1_39' title="bbox 1938 1050 3361 1122">
    <p class='ocr_par' dir='ltr' id='par_1_39' title="bbox 1938 1050 3361 1122">
     <span class='ocr_line' id='line_1_39' title="bbox 1938 1050 3361 1122; baseline 0.004 -18"><span class='ocrx_word' id='word_1_290' title='bbox 1938 1066 2179 1106; x_wconf 91' lang='lat' dir='ltr'><strong>nossem.</strong></span> <span class='ocrx_word' id='word_1_291' title='bbox 2216 1051 2281 1104; x_wconf 83' lang='lat' dir='ltr'><strong>Et</strong></span> <span class='ocrx_word' id='word_1_292' title='bbox 2321 1050 2547 1106; x_wconf 89' lang='lat' dir='ltr'><strong>Simon:</strong></span> <span class='ocrx_word' id='word_1_293' title='bbox 2580 1050 2760 1116; x_wconf 80' lang='lat' dir='ltr'><strong>Modo,</strong></span> <span class='ocrx_word' id='word_1_294' title='bbox 2797 1053 2995 1122; x_wconf 88' lang='lat' dir='ltr'><strong>inquit,</strong></span> <span class='ocrx_word' id='word_1_295' title='bbox 3025 1062 3173 1109; x_wconf 92' lang='lat' dir='ltr'><strong>recte</strong></span> <span class='ocrx_word' id='word_1_296' title='bbox 3202 1054 3361 1110; x_wconf 88' lang='lat' dir='ltr'><strong>dicis.</strong></span> 
     </span>
    </p>
   </div>
   <div class='ocr_carea' id='block_1_40' title="bbox 2006 1141 3507 1215">
    <p class='ocr_par' dir='ltr' id='par_1_40' title="bbox 2006 1141 3507 1215">
     <span class='ocr_line' id='line_1_40' title="bbox 2006 1141 3507 1215; baseline 0.005 -21"><span class='ocrx_word' id='word_1_297' title='bbox 2006 1141 2191 1198; x_wconf 78' lang='lat' dir='ltr'><strong>LXIII.</strong></span> <span class='ocrx_word' id='word_1_298' title='bbox 2226 1142 2292 1196; x_wconf 89' lang='lat' dir='ltr'><strong>Et</strong></span> <span class='ocrx_word' id='word_1_299' title='bbox 2320 1141 2515 1198; x_wconf 87' lang='lat' dir='ltr'><strong>Petrus</strong></span> <span class='ocrx_word' id='word_1_300' title='bbox 2545 1162 2558 1197; x_wconf 87' lang='lat'><strong>:</strong></span> <span class='ocrx_word' id='word_1_301' title='bbox 2584 1142 2827 1214; x_wconf 88' lang='lat' dir='ltr'><strong>Denique</strong></span> <span class='ocrx_word' id='word_1_302' title='bbox 2842 1160 2964 1198; x_wconf 82' lang='lat' dir='ltr'><strong>eum</strong></span> <span class='ocrx_word' id='word_1_303' title='bbox 2984 1144 3188 1215; x_wconf 87' lang='lat' dir='ltr'><strong>piscem</strong></span> <span class='ocrx_word' id='word_1_304' title='bbox 3207 1147 3507 1201; x_wconf 78' lang='lat' dir='ltr'><strong>maximum</strong></span> 
     </span>
    </p>
   </div>
   <div class='ocr_carea' id='block_1_41' title="bbox 1935 1235 3511 1307">
    <p class='ocr_par' dir='ltr' id='par_1_41' title="bbox 1935 1235 3511 1307">
     <span class='ocr_line' id='line_1_41' title="bbox 1935 1235 3511 1307; baseline 0.003 -19"><span class='ocrx_word' id='word_1_305' title='bbox 1935 1235 2026 1304; x_wconf 91' lang='lat' dir='ltr'><strong>qui</strong></span> <span class='ocrx_word' id='word_1_306' title='bbox 2062 1236 2220 1289; x_wconf 89' lang='lat' dir='ltr'><strong>hamo</strong></span> <span class='ocrx_word' id='word_1_307' title='bbox 2262 1235 2577 1302; x_wconf 76' lang='lat' dir='ltr'><strong>inhaeserat,</strong></span> <span class='ocrx_word' id='word_1_308' title='bbox 2601 1245 2784 1291; x_wconf 85' lang='lat' dir='ltr'><strong>mente</strong></span> <span class='ocrx_word' id='word_1_309' title='bbox 2813 1246 3118 1307; x_wconf 89' lang='lat' dir='ltr'><strong>occupatus</strong></span> <span class='ocrx_word' id='word_1_310' title='bbox 3161 1238 3364 1293; x_wconf 85' lang='lat' dir='ltr'><strong>habere</strong></span> <span class='ocrx_word' id='word_1_311' title='bbox 3399 1239 3511 1293; x_wconf 72' lang='lat' dir='ltr'><strong>mi-</strong></span> 
     </span>
    </p>
   </div>
   <div class='ocr_carea' id='block_1_42' title="bbox 1934 1327 3506 1397">
    <p class='ocr_par' dir='ltr' id='par_1_42' title="bbox 1934 1327 3506 1397">
     <span class='ocr_line' id='line_1_42' title="bbox 1934 1327 3506 1397; baseline 0.003 -17"><span class='ocrx_word' id='word_1_312' title='bbox 1934 1327 2081 1381; x_wconf 88' lang='lat' dir='ltr'><strong>nime</strong></span> <span class='ocrx_word' id='word_1_313' title='bbox 2110 1327 2391 1390; x_wconf 88' lang='lat' dir='ltr'><strong>sentirem,</strong></span> <span class='ocrx_word' id='word_1_314' title='bbox 2422 1335 2476 1383; x_wconf 90' lang='lat' dir='ltr'><strong>et</strong></span> <span class='ocrx_word' id='word_1_315' title='bbox 2526 1329 2581 1382; x_wconf 93' lang='lat' dir='ltr'><strong>id</strong></span> <span class='ocrx_word' id='word_1_316' title='bbox 2614 1329 2837 1397; x_wconf 88' lang='lat' dir='ltr'><strong>quidem</strong></span> <span class='ocrx_word' id='word_1_317' title='bbox 2867 1345 2993 1384; x_wconf 90' lang='lat' dir='ltr'><strong>cum</strong></span> <span class='ocrx_word' id='word_1_318' title='bbox 3028 1330 3176 1384; x_wconf 86' lang='lat' dir='ltr'><strong>hami</strong></span> <span class='ocrx_word' id='word_1_319' title='bbox 3205 1330 3405 1385; x_wconf 85' lang='lat' dir='ltr'><strong>lineam</strong></span> <span class='ocrx_word' id='word_1_320' title='bbox 3435 1330 3506 1386; x_wconf 89' lang='lat' dir='ltr'><strong>de</strong></span> 
     </span>
    </p>
   </div>
   <div class='ocr_carea' id='block_1_43' title="bbox 1934 1420 3504 1493">
    <p class='ocr_par' dir='ltr' id='par_1_43' title="bbox 1934 1420 3504 1493">
     <span class='ocr_line' id='line_1_43' title="bbox 1934 1420 3504 1493; baseline 0.004 -21"><span class='ocrx_word' id='word_1_321' title='bbox 1934 1421 2189 1475; x_wconf 89' lang='lat' dir='ltr'><strong>manibus</strong></span> <span class='ocrx_word' id='word_1_322' title='bbox 2241 1421 2379 1475; x_wconf 87' lang='lat' dir='ltr'><strong>meis</strong></span> <span class='ocrx_word' id='word_1_323' title='bbox 2414 1420 2684 1476; x_wconf 82' lang='lat' dir='ltr'><strong>violenter</strong></span> <span class='ocrx_word' id='word_1_324' title='bbox 2732 1423 3021 1492; x_wconf 90' lang='lat' dir='ltr'><strong>arriperet,</strong></span> <span class='ocrx_word' id='word_1_325' title='bbox 3057 1430 3367 1493; x_wconf 88' lang='lat' dir='ltr'><strong>stupentem</strong></span> <span class='ocrx_word' id='word_1_326' title='bbox 3414 1439 3504 1478; x_wconf 85' lang='lat' dir='ltr'><strong>me</strong></span> 
     </span>
    </p>
   </div>
   <div class='ocr_carea' id='block_1_44' title="bbox 1932 1511 3503 1583">
    <p class='ocr_par' dir='ltr' id='par_1_44' title="bbox 1932 1511 3503 1583">
     <span class='ocr_line' id='line_1_44' title="bbox 1932 1511 3503 1583; baseline 0.003 -19"><span class='ocrx_word' id='word_1_327' title='bbox 1932 1511 2124 1568; x_wconf 90' lang='lat' dir='ltr'><strong>videns</strong></span> <span class='ocrx_word' id='word_1_328' title='bbox 2152 1511 2322 1566; x_wconf 84' lang='lat' dir='ltr'><strong>frater</strong></span> <span class='ocrx_word' id='word_1_329' title='bbox 2351 1528 2507 1567; x_wconf 91' lang='lat' dir='ltr'><strong>meus</strong></span> <span class='ocrx_word' id='word_1_330' title='bbox 2532 1512 2780 1569; x_wconf 81' lang='lat' dir='ltr'><strong>Andreas</strong></span> <span class='ocrx_word' id='word_1_331' title='bbox 2800 1514 2892 1583; x_wconf 92' lang='lat' dir='ltr'><strong>qui</strong></span> <span class='ocrx_word' id='word_1_332' title='bbox 2925 1530 3137 1569; x_wconf 86' lang='lat' dir='ltr'><strong>mecum</strong></span> <span class='ocrx_word' id='word_1_333' title='bbox 3166 1514 3413 1579; x_wconf 85' lang='lat' dir='ltr'><strong>sedebat,</strong></span> <span class='ocrx_word' id='word_1_334' title='bbox 3437 1529 3503 1569; x_wconf 88' lang='lat' dir='ltr'><strong>ae</strong></span> 
     </span>
    </p>
   </div>
   <div class='ocr_carea' id='block_1_45' title="bbox 1933 1606 3504 1672">
    <p class='ocr_par' dir='ltr' id='par_1_45' title="bbox 1933 1606 3504 1672">
     <span class='ocr_line' id='line_1_45' title="bbox 1933 1606 3504 1672; baseline 0.003 -15"><span class='ocrx_word' id='word_1_335' title='bbox 1933 1619 2070 1672; x_wconf 91' lang='lat' dir='ltr'><strong>pene</strong></span> <span class='ocrx_word' id='word_1_336' title='bbox 2098 1619 2377 1667; x_wconf 89' lang='lat' dir='ltr'><strong>casurum,</strong></span> <span class='ocrx_word' id='word_1_337' title='bbox 2410 1606 2553 1660; x_wconf 92' lang='lat' dir='ltr'><strong>latus</strong></span> <span class='ocrx_word' id='word_1_338' title='bbox 2589 1606 2801 1661; x_wconf 81' lang='lat' dir='ltr'><strong>fodiens</strong></span> <span class='ocrx_word' id='word_1_339' title='bbox 2835 1607 3025 1660; x_wconf 91' lang='lat' dir='ltr'><strong>cubito</strong></span> <span class='ocrx_word' id='word_1_340' title='bbox 3052 1608 3199 1662; x_wconf 90' lang='lat' dir='ltr'><strong>velut</strong></span> <span class='ocrx_word' id='word_1_341' title='bbox 3231 1607 3504 1662; x_wconf 89' lang='lat' dir='ltr'><strong>dormien-</strong></span> 
     </span>
    </p>
   </div>
   <div class='ocr_carea' id='block_1_46' title="bbox 1932 1695 3501 1768">
    <p class='ocr_par' dir='ltr' id='par_1_46' title="bbox 1932 1695 3501 1768">
     <span class='ocr_line' id='line_1_46' title="bbox 1932 1695 3501 1768; baseline 0.003 -21"><span class='ocrx_word' id='word_1_342' title='bbox 1932 1702 2040 1749; x_wconf 91' lang='lat' dir='ltr'><strong>tem</strong></span> <span class='ocrx_word' id='word_1_343' title='bbox 2065 1697 2266 1751; x_wconf 75' lang='lat' dir='ltr'><strong>excitat</strong></span> <span class='ocrx_word' id='word_1_344' title='bbox 2293 1695 2517 1752; x_wconf 88' lang='lat' dir='ltr'><strong>dicens:</strong></span> <span class='ocrx_word' id='word_1_345' title='bbox 2540 1696 2657 1750; x_wconf 80' lang='lat' dir='ltr'><strong>Non</strong></span> <span class='ocrx_word' id='word_1_346' title='bbox 2678 1697 3049 1763; x_wconf 86' lang='lat' dir='ltr'><strong>vides,Petre,</strong></span> <span class='ocrx_word' id='word_1_347' title='bbox 3064 1714 3227 1768; x_wconf 89' lang='lat' dir='ltr'><strong>quam</strong></span> <span class='ocrx_word' id='word_1_348' title='bbox 3241 1713 3501 1768; x_wconf 87' lang='lat' dir='ltr'><strong>magnum</strong></span> 
     </span>
    </p>
   </div>
   <div class='ocr_carea' id='block_1_47' title="bbox 1932 1786 3501 1860">
    <p class='ocr_par' dir='ltr' id='par_1_47' title="bbox 1932 1786 3501 1860">
     <span class='ocr_line' id='line_1_47' title="bbox 1932 1786 3501 1860; baseline 0.003 -21"><span class='ocrx_word' id='word_1_349' title='bbox 1932 1786 2134 1856; x_wconf 90' lang='lat' dir='ltr'><strong>piscem</strong></span> <span class='ocrx_word' id='word_1_350' title='bbox 2156 1787 2391 1857; x_wconf 87' lang='lat' dir='ltr'><strong>ceperis?</strong></span> <span class='ocrx_word' id='word_1_351' title='bbox 2420 1790 2799 1858; x_wconf 88' lang='lat' dir='ltr'><strong>nunquidnam</strong></span> <span class='ocrx_word' id='word_1_352' title='bbox 2833 1796 3015 1844; x_wconf 86' lang='lat' dir='ltr'><strong>mente</strong></span> <span class='ocrx_word' id='word_1_353' title='bbox 3052 1789 3323 1853; x_wconf 78' lang='lat' dir='ltr'><strong>excidisti,</strong></span> <span class='ocrx_word' id='word_1_354' title='bbox 3352 1788 3501 1860; x_wconf 89' lang='lat' dir='ltr'><strong>quod</strong></span> 
     </span>
    </p>
   </div>
   <div class='ocr_carea' id='block_1_48' title="bbox 1930 1880 3495 1950">
    <p class='ocr_par' dir='ltr' id='par_1_48' title="bbox 1930 1880 3495 1950">
     <span class='ocr_line' id='line_1_48' title="bbox 1930 1880 3495 1950; baseline 0.002 -18"><span class='ocrx_word' id='word_1_355' title='bbox 1930 1893 2010 1932; x_wconf 80' lang='lat' dir='ltr'><strong>src</strong></span> <span class='ocrx_word' id='word_1_356' title='bbox 2030 1880 2294 1935; x_wconf 89' lang='lat' dir='ltr'><strong>attonitus</strong></span> <span class='ocrx_word' id='word_1_357' title='bbox 2324 1881 2547 1949; x_wconf 84' lang='lat' dir='ltr'><strong>stupes?</strong></span> <span class='ocrx_word' id='word_1_358' title='bbox 2576 1881 2706 1950; x_wconf 90' lang='lat' dir='ltr'><strong>quid</strong></span> <span class='ocrx_word' id='word_1_359' title='bbox 2740 1887 2825 1936; x_wconf 90' lang='lat' dir='ltr'><strong>est</strong></span> <span class='ocrx_word' id='word_1_360' title='bbox 2853 1880 2996 1949; x_wconf 90' lang='lat' dir='ltr'><strong>quod</strong></span> <span class='ocrx_word' id='word_1_361' title='bbox 3023 1880 3267 1950; x_wconf 81' lang='lat' dir='ltr'><strong>pateris?</strong></span> <span class='ocrx_word' id='word_1_362' title='bbox 3293 1881 3381 1936; x_wconf 91' lang='lat' dir='ltr'><strong>dic</strong></span> <span class='ocrx_word' id='word_1_363' title='bbox 3404 1882 3495 1935; x_wconf 78' lang='lat' dir='ltr'><strong>mi-</strong></span> 
     </span>
    </p>
   </div>
   <div class='ocr_carea' id='block_1_49' title="bbox 1927 1967 3501 2042">
    <p class='ocr_par' dir='ltr' id='par_1_49' title="bbox 1927 1967 3501 2042">
     <span class='ocr_line' id='line_1_49' title="bbox 1927 1967 3501 2042; baseline 0.003 -22"><span class='ocrx_word' id='word_1_364' title='bbox 1927 1967 2001 2022; x_wconf 90' lang='lat' dir='ltr'><strong>hi.</strong></span> <span class='ocrx_word' id='word_1_365' title='bbox 2035 1968 2102 2023; x_wconf 88' lang='lat' dir='ltr'><strong>At</strong></span> <span class='ocrx_word' id='word_1_366' title='bbox 2122 1985 2224 2040; x_wconf 89' lang='lat' dir='ltr'><strong>ego</strong></span> <span class='ocrx_word' id='word_1_367' title='bbox 2254 1970 2570 2041; x_wconf 81' lang='lat' dir='ltr'><strong>indignatus</strong></span> <span class='ocrx_word' id='word_1_368' title='bbox 2606 1972 2653 2026; x_wconf 92' lang='lat' dir='ltr'><strong>ei</strong></span> <span class='ocrx_word' id='word_1_369' title='bbox 2690 1972 2996 2041; x_wconf 87' lang='lat' dir='ltr'><strong>paululum,</strong></span> <span class='ocrx_word' id='word_1_370' title='bbox 3025 1972 3171 2042; x_wconf 90' lang='lat' dir='ltr'><strong>quod</strong></span> <span class='ocrx_word' id='word_1_371' title='bbox 3195 1988 3280 2027; x_wconf 90' lang='lat' dir='ltr'><strong>me</strong></span> <span class='ocrx_word' id='word_1_372' title='bbox 3311 1987 3343 2026; x_wconf 91' lang='lat' dir='ltr'><strong>a</strong></span> <span class='ocrx_word' id='word_1_373' title='bbox 3375 1972 3501 2027; x_wconf 84' lang='lat' dir='ltr'><strong>dul-</strong></span> 
     </span>
    </p>
   </div>
   <div class='ocr_carea' id='block_1_50' title="bbox 1926 2063 3499 2135">
    <p class='ocr_par' dir='ltr' id='par_1_50' title="bbox 1926 2063 3499 2135">
     <span class='ocr_line' id='line_1_50' title="bbox 1926 2063 3499 2135; baseline 0.001 -18"><span class='ocrx_word' id='word_1_374' title='bbox 1926 2063 2119 2119; x_wconf 91' lang='lat' dir='ltr'><strong>cedine</strong></span> <span class='ocrx_word' id='word_1_375' title='bbox 2146 2079 2336 2119; x_wconf 88' lang='lat' dir='ltr'><strong>eorum</strong></span> <span class='ocrx_word' id='word_1_376' title='bbox 2378 2079 2501 2135; x_wconf 71' lang='lat' dir='ltr'><strong>qua:</strong></span> <span class='ocrx_word' id='word_1_377' title='bbox 2534 2064 2786 2119; x_wconf 91' lang='lat' dir='ltr'><strong>intuebar</strong></span> <span class='ocrx_word' id='word_1_378' title='bbox 2826 2064 3193 2127; x_wconf 81' lang='lat' dir='ltr'><strong>abstraxerit,</strong></span> <span class='ocrx_word' id='word_1_379' title='bbox 3234 2063 3499 2134; x_wconf 79' lang='lat' dir='ltr'><strong>reSpondi</strong></span> 
     </span>
    </p>
   </div>
   <div class='ocr_carea' id='block_1_51' title="bbox 1925 2154 3497 2225">
    <p class='ocr_par' dir='ltr' id='par_1_51' title="bbox 1925 2154 3497 2225">
     <span class='ocr_line' id='line_1_51' title="bbox 1925 2154 3497 2225; baseline 0.001 -18"><span class='ocrx_word' id='word_1_380' title='bbox 1925 2154 2061 2208; x_wconf 86' lang='lat' dir='ltr'><strong>nihil</strong></span> <span class='ocrx_word' id='word_1_381' title='bbox 2102 2170 2189 2210; x_wconf 91' lang='lat' dir='ltr'><strong>me</strong></span> <span class='ocrx_word' id='word_1_382' title='bbox 2228 2155 2356 2209; x_wconf 90' lang='lat' dir='ltr'><strong>mali</strong></span> <span class='ocrx_word' id='word_1_383' title='bbox 2386 2156 2539 2225; x_wconf 91' lang='lat' dir='ltr'><strong>pati,</strong></span> <span class='ocrx_word' id='word_1_384' title='bbox 2573 2156 2667 2210; x_wconf 90' lang='lat' dir='ltr'><strong>sed</strong></span> <span class='ocrx_word' id='word_1_385' title='bbox 2701 2155 2884 2209; x_wconf 90' lang='lat' dir='ltr'><strong>animo</strong></span> <span class='ocrx_word' id='word_1_386' title='bbox 2913 2155 3329 2210; x_wconf 88' lang='lat' dir='ltr'><strong>desiderabilem</strong></span> <span class='ocrx_word' id='word_1_387' title='bbox 3356 2155 3497 2209; x_wconf 89' lang='lat' dir='ltr'><strong>mihi</strong></span> 
     </span>
    </p>
   </div>
   <div class='ocr_carea' id='block_1_52' title="bbox 1926 2244 3499 2317">
    <p class='ocr_par' dir='ltr' id='par_1_52' title="bbox 1926 2244 3499 2317">
     <span class='ocr_line' id='line_1_52' title="bbox 1926 2244 3499 2317; baseline 0.001 -17"><span class='ocrx_word' id='word_1_388' title='bbox 1926 2246 2127 2302; x_wconf 91' lang='lat' dir='ltr'><strong>intueri</strong></span> <span class='ocrx_word' id='word_1_389' title='bbox 2174 2244 2500 2309; x_wconf 87' lang='lat' dir='ltr'><strong>Jerusalem,</strong></span> <span class='ocrx_word' id='word_1_390' title='bbox 2531 2246 2802 2317; x_wconf 89' lang='lat' dir='ltr'><strong>simulque</strong></span> <span class='ocrx_word' id='word_1_391' title='bbox 2827 2246 3151 2310; x_wconf 64' lang='lat' dir='ltr'><strong>Caesaream,</strong></span> <span class='ocrx_word' id='word_1_392' title='bbox 3186 2254 3241 2300; x_wconf 91' lang='lat' dir='ltr'><strong>et</strong></span> <span class='ocrx_word' id='word_1_393' title='bbox 3268 2261 3499 2317; x_wconf 88' lang='lat' dir='ltr'><strong>corpore</strong></span> 
     </span>
    </p>
   </div>
   <div class='ocr_carea' id='block_1_53' title="bbox 1924 2338 3495 2410">
    <p class='ocr_par' dir='ltr' id='par_1_53' title="bbox 1924 2338 3495 2410">
     <span class='ocr_line' id='line_1_53' title="bbox 1924 2338 3495 2410; baseline 0.002 -19"><span class='ocrx_word' id='word_1_394' title='bbox 1924 2338 2141 2408; x_wconf 89' lang='lat' dir='ltr'><strong>quidem</strong></span> <span class='ocrx_word' id='word_1_395' title='bbox 2183 2354 2307 2392; x_wconf 92' lang='lat' dir='ltr'><strong>cum</strong></span> <span class='ocrx_word' id='word_1_396' title='bbox 2353 2339 2472 2408; x_wconf 92' lang='lat' dir='ltr'><strong>ipso</strong></span> <span class='ocrx_word' id='word_1_397' title='bbox 2511 2354 2675 2408; x_wconf 49' lang='lat' dir='ltr'><strong>esse,</strong></span> <span class='ocrx_word' id='word_1_398' title='bbox 2727 2346 2911 2394; x_wconf 88' lang='lat' dir='ltr'><strong>mente</strong></span> <span class='ocrx_word' id='word_1_399' title='bbox 2952 2354 3082 2395; x_wconf 84' lang='lat' dir='ltr'><strong>vero</strong></span> <span class='ocrx_word' id='word_1_400' title='bbox 3114 2339 3243 2393; x_wconf 91' lang='lat' dir='ltr'><strong>illuc</strong></span> <span class='ocrx_word' id='word_1_401' title='bbox 3275 2339 3495 2410; x_wconf 85' lang='lat' dir='ltr'><strong>penitus</strong></span> 
     </span>
    </p>
   </div>
   <div class='ocr_carea' id='block_1_54' title="bbox 1924 2428 3496 2499">
    <p class='ocr_par' dir='ltr' id='par_1_54' title="bbox 1924 2428 3496 2499">
     <span class='ocr_line' id='line_1_54' title="bbox 1924 2428 3496 2499; baseline 0.003 -17"><span class='ocrx_word' id='word_1_402' title='bbox 1924 2428 2151 2484; x_wconf 86' lang='lat' dir='ltr'><strong>auferri.</strong></span> <span class='ocrx_word' id='word_1_403' title='bbox 2184 2430 2253 2484; x_wconf 82' lang='lat' dir='ltr'><strong>At</strong></span> <span class='ocrx_word' id='word_1_404' title='bbox 2280 2430 2369 2485; x_wconf 89' lang='lat' dir='ltr'><strong>ille</strong></span> <span class='ocrx_word' id='word_1_405' title='bbox 2399 2430 2587 2484; x_wconf 90' lang='lat' dir='ltr'><strong>nescio</strong></span> <span class='ocrx_word' id='word_1_406' title='bbox 2623 2430 2765 2484; x_wconf 90' lang='lat' dir='ltr'><strong>unde</strong></span> <span class='ocrx_word' id='word_1_407' title='bbox 2796 2430 3119 2499; x_wconf 86' lang='lat' dir='ltr'><strong>inspiratus,</strong></span> <span class='ocrx_word' id='word_1_408' title='bbox 3151 2429 3496 2487; x_wconf 85' lang='lat' dir='ltr'><strong>reconditum</strong></span> 
     </span>
    </p>
   </div>
   <div class='ocr_carea' id='block_1_55' title="bbox 1922 2522 3097 2593">
    <p class='ocr_par' dir='ltr' id='par_1_55' title="bbox 1922 2522 3097 2593">
     <span class='ocr_line' id='line_1_55' title="bbox 1922 2522 3097 2593; baseline -0.001 -15"><span class='ocrx_word' id='word_1_409' title='bbox 1922 2531 1977 2578; x_wconf 92' lang='lat' dir='ltr'><strong>et</strong></span> <span class='ocrx_word' id='word_1_410' title='bbox 2009 2529 2279 2578; x_wconf 87' lang='lat' dir='ltr'><strong>secretum</strong></span> <span class='ocrx_word' id='word_1_411' title='bbox 2309 2523 2556 2577; x_wconf 89' lang='lat' dir='ltr'><strong>veritatis</strong></span> <span class='ocrx_word' id='word_1_412' title='bbox 2588 2522 2813 2593; x_wconf 88' lang='lat' dir='ltr'><strong>protulit</strong></span> <span class='ocrx_word' id='word_1_413' title='bbox 2850 2523 3097 2578; x_wconf 84' lang='lat' dir='ltr'><strong>verbum.</strong></span> 
     </span>
    </p>
   </div>
   <div class='ocr_carea' id='block_1_56' title="bbox 1992 2636 3499 2709">
    <p class='ocr_par' dir='ltr' id='par_1_56' title="bbox 1992 2636 3499 2709">
     <span class='ocr_line' id='line_1_56' title="bbox 1992 2636 3499 2709; baseline 0.001 -19"><span class='ocrx_word' id='word_1_414' title='bbox 1992 2636 2174 2691; x_wconf 81' lang='lat' dir='ltr'><strong>LXIV.</strong></span> <span class='ocrx_word' id='word_1_415' title='bbox 2216 2636 2433 2701; x_wconf 88' lang='lat' dir='ltr'><strong>Desine,</strong></span> <span class='ocrx_word' id='word_1_416' title='bbox 2466 2637 2665 2707; x_wconf 90' lang='lat' dir='ltr'><strong>inquit,</strong></span> <span class='ocrx_word' id='word_1_417' title='bbox 2688 2636 2878 2705; x_wconf 90' lang='lat' dir='ltr'><strong>Petre;</strong></span> <span class='ocrx_word' id='word_1_418' title='bbox 2911 2638 3041 2708; x_wconf 89' lang='lat' dir='ltr'><strong>quid</strong></span> <span class='ocrx_word' id='word_1_419' title='bbox 3066 2637 3314 2708; x_wconf 83' lang='lat' dir='ltr'><strong>estquod</strong></span> <span class='ocrx_word' id='word_1_420' title='bbox 3340 2638 3499 2709; x_wconf 83' lang='lat' dir='ltr'><strong>agis?</strong></span> 
     </span>
    </p>
   </div>
   <div class='ocr_carea' id='block_1_57' title="bbox 1923 2728 3497 2799">
    <p class='ocr_par' dir='ltr' id='par_1_57' title="bbox 1923 2728 3497 2799">
     <span class='ocr_line' id='line_1_57' title="bbox 1923 2728 3497 2799; baseline 0.001 -16"><span class='ocrx_word' id='word_1_421' title='bbox 1923 2728 1979 2783; x_wconf 89' lang='lat' dir='ltr'><strong>bi</strong></span> <span class='ocrx_word' id='word_1_422' title='bbox 2010 2728 2156 2784; x_wconf 90' lang='lat' dir='ltr'><strong>enim</strong></span> <span class='ocrx_word' id='word_1_423' title='bbox 2187 2729 2280 2799; x_wconf 91' lang='lat' dir='ltr'><strong>qui</strong></span> <span class='ocrx_word' id='word_1_424' title='bbox 2324 2728 2569 2783; x_wconf 69' lang='lat' dir='ltr'><strong>daemone</strong></span> <span class='ocrx_word' id='word_1_425' title='bbox 2616 2728 2883 2798; x_wconf 90' lang='lat' dir='ltr'><strong>incipiunt</strong></span> <span class='ocrx_word' id='word_1_426' title='bbox 2924 2730 3120 2799; x_wconf 90' lang='lat' dir='ltr'><strong>repleri</strong></span> <span class='ocrx_word' id='word_1_427' title='bbox 3156 2731 3241 2785; x_wconf 88' lang='lat' dir='ltr'><strong>vel</strong></span> <span class='ocrx_word' id='word_1_428' title='bbox 3286 2731 3497 2785; x_wconf 88' lang='lat' dir='ltr'><strong>moveri</strong></span> 
     </span>
    </p>
   </div>
   <div class='ocr_carea' id='block_1_58' title="bbox 1921 2820 3496 2892">
    <p class='ocr_par' dir='ltr' id='par_1_58' title="bbox 1921 2820 3496 2892">
     <span class='ocr_line' id='line_1_58' title="bbox 1921 2820 3496 2892; baseline 0 -15"><span class='ocrx_word' id='word_1_429' title='bbox 1921 2832 2102 2877; x_wconf 90' lang='lat' dir='ltr'><strong>mente</strong></span> <span class='ocrx_word' id='word_1_430' title='bbox 2124 2862 2139 2886; x_wconf 95' lang='lat'><strong>,</strong></span> <span class='ocrx_word' id='word_1_431' title='bbox 2185 2821 2563 2890; x_wconf 88' lang='lat' dir='ltr'><strong>hujuscemodi</strong></span> <span class='ocrx_word' id='word_1_432' title='bbox 2598 2820 2751 2875; x_wconf 89' lang='lat' dir='ltr'><strong>initia</strong></span> <span class='ocrx_word' id='word_1_433' title='bbox 2778 2820 3001 2885; x_wconf 89' lang='lat' dir='ltr'><strong>habent,</strong></span> <span class='ocrx_word' id='word_1_434' title='bbox 3052 2837 3148 2891; x_wconf 91' lang='lat' dir='ltr'><strong>per</strong></span> <span class='ocrx_word' id='word_1_435' title='bbox 3175 2821 3496 2892; x_wconf 77' lang='lat' dir='ltr'><strong>phantasias</strong></span> 
     </span>
    </p>
   </div>
   <div class='ocr_carea' id='block_1_59' title="bbox 1920 2912 3492 2987">
    <p class='ocr_par' dir='ltr' id='par_1_59' title="bbox 1920 2912 3492 2987">
     <span class='ocr_line' id='line_1_59' title="bbox 1920 2912 3492 2987; baseline 0 -18"><span class='ocrx_word' id='word_1_436' title='bbox 1920 2916 2098 2987; x_wconf 89' lang='lat' dir='ltr'><strong>primo</strong></span> <span class='ocrx_word' id='word_1_437' title='bbox 2137 2914 2203 2968; x_wconf 92' lang='lat' dir='ltr'><strong>ad</strong></span> <span class='ocrx_word' id='word_1_438' title='bbox 2233 2912 2474 2982; x_wconf 85' lang='lat' dir='ltr'><strong>jucunda</strong></span> <span class='ocrx_word' id='word_1_439' title='bbox 2507 2929 2735 2983; x_wconf 80' lang='lat' dir='ltr'><strong>quaeque</strong></span> <span class='ocrx_word' id='word_1_440' title='bbox 2779 2920 2834 2967; x_wconf 86' lang='lat' dir='ltr'><strong>et</strong></span> <span class='ocrx_word' id='word_1_441' title='bbox 2881 2912 3222 2968; x_wconf 88' lang='lat' dir='ltr'><strong>delectabilia</strong></span> <span class='ocrx_word' id='word_1_442' title='bbox 3253 2912 3492 2969; x_wconf 87' lang='lat' dir='ltr'><strong>transfe-</strong></span> 
     </span>
    </p>
   </div>
   <div class='ocr_carea' id='block_1_60' title="bbox 1922 3005 3495 3074">
    <p class='ocr_par' dir='ltr' id='par_1_60' title="bbox 1922 3005 3495 3074">
     <span class='ocr_line' id='line_1_60' title="bbox 1922 3005 3495 3074; baseline 0 -14"><span class='ocrx_word' id='word_1_443' title='bbox 1922 3016 2137 3073; x_wconf 89' lang='lat' dir='ltr'><strong>runtur;</strong></span> <span class='ocrx_word' id='word_1_444' title='bbox 2170 3005 2365 3061; x_wconf 88' lang='lat' dir='ltr'><strong>deinde</strong></span> <span class='ocrx_word' id='word_1_445' title='bbox 2394 3005 2459 3058; x_wconf 90' lang='lat' dir='ltr'><strong>ad</strong></span> <span class='ocrx_word' id='word_1_446' title='bbox 2484 3019 2548 3060; x_wconf 93' lang='lat' dir='ltr'><strong>ea</strong></span> <span class='ocrx_word' id='word_1_447' title='bbox 2578 3019 2699 3074; x_wconf 71' lang='lat' dir='ltr'><strong>qua:</strong></span> <span class='ocrx_word' id='word_1_448' title='bbox 2720 3018 2830 3059; x_wconf 87' lang='lat' dir='ltr'><strong>non</strong></span> <span class='ocrx_word' id='word_1_449' title='bbox 2859 3011 3008 3067; x_wconf 90' lang='lat' dir='ltr'><strong>sunt,</strong></span> <span class='ocrx_word' id='word_1_450' title='bbox 3039 3005 3196 3060; x_wconf 85' lang='lat' dir='ltr'><strong>vanis</strong></span> <span class='ocrx_word' id='word_1_451' title='bbox 3224 3013 3279 3058; x_wconf 90' lang='lat' dir='ltr'><strong>et</strong></span> <span class='ocrx_word' id='word_1_452' title='bbox 3310 3005 3495 3060; x_wconf 81' lang='lat' dir='ltr'><strong>inani-</strong></span> 
     </span>
    </p>
   </div>
   <div class='ocr_carea' id='block_1_61' title="bbox 244 3091 3490 3157">
    <p class='ocr_par' dir='ltr' id='par_1_61' title="bbox 244 3091 3490 3157">
     <span class='ocr_line' id='line_1_61' title="bbox 244 3091 3490 3157; baseline 0.002 -12"><span class='ocrx_word' id='word_1_453' title='bbox 244 3091 473 3146; x_wconf 85' lang='lat' dir='ltr'><strong>accidit.</strong></span> <span class='ocrx_word' id='word_1_454' title='bbox 494 3092 555 3148; x_wconf 90' lang='lat' dir='ltr'><strong>Et</strong></span> <span class='ocrx_word' id='word_1_455' title='bbox 586 3092 815 3151; x_wconf 82' lang='lat' dir='ltr'><strong>Simon:</strong></span> <span class='ocrx_word' id='word_1_456' title='bbox 850 3095 927 3151; x_wconf 89' lang='lat' dir='ltr'><strong>lta</strong></span> <span class='ocrx_word' id='word_1_457' title='bbox 971 3104 1028 3152; x_wconf 92' lang='lat' dir='ltr'><strong>et</strong></span> <span class='ocrx_word' id='word_1_458' title='bbox 1059 3114 1208 3153; x_wconf 90' lang='lat' dir='ltr'><strong>nunc</strong></span> <span class='ocrx_word' id='word_1_459' title='bbox 1257 3114 1482 3155; x_wconf 88' lang='lat' dir='ltr'><strong>sensum</strong></span> <span class='ocrx_word' id='word_1_460' title='bbox 1527 3108 1682 3155; x_wconf 88' lang='lat' dir='ltr'><strong>tuum</strong></span> <span class='ocrx_word' id='word_1_461' title='bbox 1723 3093 1888 3157; x_wconf 83' lang='lat' dir='ltr'><strong>ex-C</strong></span> <span class='ocrx_word' id='word_1_462' title='bbox 1922 3100 2024 3155; x_wconf 91' lang='lat' dir='ltr'><strong>bus</strong></span> <span class='ocrx_word' id='word_1_463' title='bbox 2068 3099 2306 3154; x_wconf 90' lang='lat' dir='ltr'><strong>motibus</strong></span> <span class='ocrx_word' id='word_1_464' title='bbox 2355 3096 2731 3153; x_wconf 79' lang='lat' dir='ltr'><strong>ell&#39;unduntur.</strong></span> <span class='ocrx_word' id='word_1_465' title='bbox 2784 3096 2899 3152; x_wconf 82' lang='lat' dir='ltr'><strong>Hoc</strong></span> <span class='ocrx_word' id='word_1_466' title='bbox 2946 3104 3127 3152; x_wconf 88' lang='lat' dir='ltr'><strong>autem</strong></span> <span class='ocrx_word' id='word_1_467' title='bbox 3177 3096 3375 3152; x_wconf 89' lang='lat' dir='ltr'><strong>accidit</strong></span> <span class='ocrx_word' id='word_1_468' title='bbox 3420 3113 3490 3153; x_wconf 76' lang='lat' dir='ltr'><strong>ex</strong></span> 
     </span>
    </p>
   </div>
   <div class='ocr_carea' id='block_1_62' title="bbox 245 3180 1818 3260">
    <p class='ocr_par' dir='ltr' id='par_1_62' title="bbox 245 3180 1818 3260">
     <span class='ocr_line' id='line_1_62' title="bbox 245 3180 1818 3260; baseline 0.008 -23"><span class='ocrx_word' id='word_1_469' title='bbox 245 3180 417 3237; x_wconf 77' lang='lat' dir='ltr'><strong>tende</strong></span> <span class='ocrx_word' id='word_1_470' title='bbox 445 3183 500 3238; x_wconf 91' lang='lat' dir='ltr'><strong>in</strong></span> <span class='ocrx_word' id='word_1_471' title='bbox 549 3187 768 3255; x_wconf 62' lang='lat' dir='ltr'><strong>caelum,</strong></span> <span class='ocrx_word' id='word_1_472' title='bbox 816 3195 871 3243; x_wconf 94' lang='lat' dir='ltr'><strong>et</strong></span> <span class='ocrx_word' id='word_1_473' title='bbox 908 3188 1105 3244; x_wconf 87' lang='lat' dir='ltr'><strong>iterum</strong></span> <span class='ocrx_word' id='word_1_474' title='bbox 1152 3204 1318 3260; x_wconf 87' lang='lat' dir='ltr'><strong>super</strong></span> <span class='ocrx_word' id='word_1_475' title='bbox 1347 3191 1581 3256; x_wconf 66' lang='lat' dir='ltr'><strong>coelum,</strong></span> <span class='ocrx_word' id='word_1_476' title='bbox 1609 3202 1664 3246; x_wconf 92' lang='lat' dir='ltr'><strong>et</strong></span> <span class='ocrx_word' id='word_1_477' title='bbox 1692 3193 1818 3250; x_wconf 89' lang='lat' dir='ltr'><strong>vide</strong></span> 
     </span>
    </p>
   </div>
   <div class='ocr_carea' id='block_1_63' title="bbox 240 3272 1817 3352">
    <p class='ocr_par' dir='ltr' id='par_1_63' title="bbox 240 3272 1817 3352">
     <span class='ocr_line' id='line_1_63' title="bbox 240 3272 1817 3352; baseline 0.009 -26"><span class='ocrx_word' id='word_1_478' title='bbox 240 3272 385 3345; x_wconf 73' lang='lat' dir='ltr'><strong>quia</strong></span> <span class='ocrx_word' id='word_1_479' title='bbox 412 3275 572 3332; x_wconf 89' lang='lat' dir='ltr'><strong>debet</strong></span> <span class='ocrx_word' id='word_1_480' title='bbox 616 3294 737 3336; x_wconf 88' lang='lat' dir='ltr'><strong>esse</strong></span> <span class='ocrx_word' id='word_1_481' title='bbox 769 3281 968 3352; x_wconf 90' lang='lat' dir='ltr'><strong>aliquis</strong></span> <span class='ocrx_word' id='word_1_482' title='bbox 998 3282 1152 3337; x_wconf 91' lang='lat' dir='ltr'><strong>locus</strong></span> <span class='ocrx_word' id='word_1_483' title='bbox 1173 3282 1267 3352; x_wconf 86' lang='lat' dir='ltr'><strong>qui</strong></span> <span class='ocrx_word' id='word_1_484' title='bbox 1296 3282 1367 3337; x_wconf 91' lang='lat' dir='ltr'><strong>sit</strong></span> <span class='ocrx_word' id='word_1_485' title='bbox 1396 3284 1537 3337; x_wconf 90' lang='lat' dir='ltr'><strong>ultra</strong></span> <span class='ocrx_word' id='word_1_486' title='bbox 1554 3283 1817 3340; x_wconf 89' lang='lat' dir='ltr'><strong>mundum</strong></span> 
     </span>
    </p>
   </div>
   <div class='ocr_carea' id='block_1_64' title="bbox 240 3369 1820 3448">
    <p class='ocr_par' dir='ltr' id='par_1_64' title="bbox 240 3369 1820 3448">
     <span class='ocr_line' id='line_1_64' title="bbox 240 3369 1820 3448; baseline 0.004 -22"><span class='ocrx_word' id='word_1_487' title='bbox 240 3370 337 3426; x_wconf 75' lang='lat' dir='ltr'><strong>vel</strong></span> <span class='ocrx_word' id='word_1_488' title='bbox 348 3373 503 3422; x_wconf 82' lang='lat' dir='ltr'><strong>extra</strong></span> <span class='ocrx_word' id='word_1_489' title='bbox 517 3369 801 3437; x_wconf 88' lang='lat' dir='ltr'><strong>mundum,</strong></span> <span class='ocrx_word' id='word_1_490' title='bbox 820 3371 878 3426; x_wconf 91' lang='lat' dir='ltr'><strong>in</strong></span> <span class='ocrx_word' id='word_1_491' title='bbox 894 3388 1003 3443; x_wconf 92' lang='lat' dir='ltr'><strong>quo</strong></span> <span class='ocrx_word' id='word_1_492' title='bbox 1016 3390 1192 3444; x_wconf 92' lang='lat' dir='ltr'><strong>neque</strong></span> <span class='ocrx_word' id='word_1_493' title='bbox 1205 3376 1307 3428; x_wconf 77' lang='lat' dir='ltr'><strong>ccel</strong></span> <span class='ocrx_word' id='word_1_494' title='bbox 1317 3392 1403 3429; x_wconf 89' lang='lat' dir='ltr'><strong>um</strong></span> <span class='ocrx_word' id='word_1_495' title='bbox 1416 3376 1506 3441; x_wconf 89' lang='lat' dir='ltr'><strong>sit,</strong></span> <span class='ocrx_word' id='word_1_496' title='bbox 1522 3393 1696 3448; x_wconf 88' lang='lat' dir='ltr'><strong>neque</strong></span> <span class='ocrx_word' id='word_1_497' title='bbox 1709 3384 1820 3433; x_wconf 86' lang='lat' dir='ltr'><strong>ter-</strong></span> 
     </span>
    </p>
   </div>
   <div class='ocr_carea' id='block_1_65' title="bbox 240 3463 1813 3539">
    <p class='ocr_par' dir='ltr' id='par_1_65' title="bbox 240 3463 1813 3539">
     <span class='ocr_line' id='line_1_65' title="bbox 240 3463 1813 3539; baseline 0.003 -19"><span class='ocrx_word' id='word_1_498' title='bbox 240 3481 332 3530; x_wconf 87' lang='lat' dir='ltr'><strong>ra,</strong></span> <span class='ocrx_word' id='word_1_499' title='bbox 351 3479 525 3536; x_wconf 90' lang='lat' dir='ltr'><strong>neque</strong></span> <span class='ocrx_word' id='word_1_500' title='bbox 552 3463 740 3518; x_wconf 90' lang='lat' dir='ltr'><strong>umbra</strong></span> <span class='ocrx_word' id='word_1_501' title='bbox 753 3463 946 3518; x_wconf 90' lang='lat' dir='ltr'><strong>horum</strong></span> <span class='ocrx_word' id='word_1_502' title='bbox 964 3465 1128 3519; x_wconf 90' lang='lat' dir='ltr'><strong>etiam</strong></span> <span class='ocrx_word' id='word_1_503' title='bbox 1165 3466 1239 3520; x_wconf 90' lang='lat' dir='ltr'><strong>ibi</strong></span> <span class='ocrx_word' id='word_1_504' title='bbox 1267 3467 1521 3524; x_wconf 89' lang='lat' dir='ltr'><strong>tenebras</strong></span> <span class='ocrx_word' id='word_1_505' title='bbox 1538 3476 1813 3539; x_wconf 85' lang='lat' dir='ltr'><strong>Operetur,</strong></span> 
     </span>
    </p>
   </div>
   <div class='ocr_carea' id='block_1_66' title="bbox 240 3556 1816 3632">
    <p class='ocr_par' dir='ltr' id='par_1_66' title="bbox 240 3556 1816 3632">
     <span class='ocr_line' id='line_1_66' title="bbox 240 3556 1816 3632; baseline 0.003 -19"><span class='ocrx_word' id='word_1_506' title='bbox 240 3566 303 3613; x_wconf 84' lang='lat' dir='ltr'><strong>et</strong></span> <span class='ocrx_word' id='word_1_507' title='bbox 324 3556 510 3611; x_wconf 85' lang='lat' dir='ltr'><strong>obhoc</strong></span> <span class='ocrx_word' id='word_1_508' title='bbox 522 3572 646 3612; x_wconf 85' lang='lat' dir='ltr'><strong>cum</strong></span> <span class='ocrx_word' id='word_1_509' title='bbox 666 3566 844 3627; x_wconf 60' lang='lat' dir='ltr'><strong>nmue</strong></span> <span class='ocrx_word' id='word_1_510' title='bbox 861 3573 1090 3628; x_wconf 89' lang='lat' dir='ltr'><strong>corpora</strong></span> <span class='ocrx_word' id='word_1_511' title='bbox 1119 3558 1302 3629; x_wconf 86' lang='lat' dir='ltr'><strong>aliqua</strong></span> <span class='ocrx_word' id='word_1_512' title='bbox 1317 3560 1371 3613; x_wconf 92' lang='lat' dir='ltr'><strong>in</strong></span> <span class='ocrx_word' id='word_1_513' title='bbox 1405 3575 1469 3615; x_wconf 93' lang='lat' dir='ltr'><strong>eo</strong></span> <span class='ocrx_word' id='word_1_514' title='bbox 1488 3560 1619 3627; x_wconf 90' lang='lat' dir='ltr'><strong>sint,</strong></span> <span class='ocrx_word' id='word_1_515' title='bbox 1639 3577 1816 3632; x_wconf 87' lang='lat' dir='ltr'><strong>neque</strong></span> 
     </span>
    </p>
   </div>
   <div class='ocr_carea' id='block_1_67' title="bbox 240 3649 1816 3719">
    <p class='ocr_par' dir='ltr' id='par_1_67' title="bbox 240 3649 1816 3719">
     <span class='ocr_line' id='line_1_67' title="bbox 240 3649 1816 3719; baseline 0.003 -15"><span class='ocrx_word' id='word_1_516' title='bbox 240 3665 317 3705; x_wconf 74' lang='lat' dir='ltr'><strong>ex</strong></span> <span class='ocrx_word' id='word_1_517' title='bbox 368 3649 689 3719; x_wconf 88' lang='lat' dir='ltr'><strong>corporibus</strong></span> <span class='ocrx_word' id='word_1_518' title='bbox 747 3650 1004 3714; x_wconf 66' lang='lat' dir='ltr'><strong>tenebrae,</strong></span> <span class='ocrx_word' id='word_1_519' title='bbox 1032 3652 1345 3706; x_wconf 91' lang='lat' dir='ltr'><strong>necessario</strong></span> <span class='ocrx_word' id='word_1_520' title='bbox 1375 3653 1447 3708; x_wconf 92' lang='lat' dir='ltr'><strong>sit</strong></span> <span class='ocrx_word' id='word_1_521' title='bbox 1495 3653 1675 3709; x_wconf 89' lang='lat' dir='ltr'><strong>lumen</strong></span> <span class='ocrx_word' id='word_1_522' title='bbox 1712 3654 1816 3709; x_wconf 78' lang='lat' dir='ltr'><strong>im-</strong></span> 
     </span>
    </p>
   </div>
   <div class='ocr_carea' id='block_1_68' title="bbox 239 3742 1813 3819">
    <p class='ocr_par' dir='ltr' id='par_1_68' title="bbox 239 3742 1813 3819">
     <span class='ocr_line' id='line_1_68' title="bbox 239 3742 1813 3819; baseline 0.006 -24"><span class='ocrx_word' id='word_1_523' title='bbox 239 3756 533 3808; x_wconf 87' lang='lat' dir='ltr'><strong>mensum;</strong></span> <span class='ocrx_word' id='word_1_524' title='bbox 558 3749 613 3796; x_wconf 93' lang='lat' dir='ltr'><strong>et</strong></span> <span class='ocrx_word' id='word_1_525' title='bbox 647 3742 829 3795; x_wconf 87' lang='lat' dir='ltr'><strong>lumen</strong></span> <span class='ocrx_word' id='word_1_526' title='bbox 857 3742 1149 3798; x_wconf 89' lang='lat' dir='ltr'><strong>considera</strong></span> <span class='ocrx_word' id='word_1_527' title='bbox 1180 3746 1492 3813; x_wconf 90' lang='lat' dir='ltr'><strong>cujusmodi</strong></span> <span class='ocrx_word' id='word_1_528' title='bbox 1522 3763 1645 3803; x_wconf 91' lang='lat' dir='ltr'><strong>esse</strong></span> <span class='ocrx_word' id='word_1_529' title='bbox 1680 3764 1813 3819; x_wconf 87' lang='lat' dir='ltr'><strong>pos-</strong></span> 
     </span>
    </p>
   </div>
   <div class='ocr_carea' id='block_1_69' title="bbox 239 3834 1813 3900">
    <p class='ocr_par' dir='ltr' id='par_1_69' title="bbox 239 3834 1813 3900">
     <span class='ocr_line' id='line_1_69' title="bbox 239 3834 1813 3900; baseline 0.004 -11"><span class='ocrx_word' id='word_1_530' title='bbox 239 3835 341 3900; x_wconf 87' lang='lat' dir='ltr'><strong>sit,</strong></span> <span class='ocrx_word' id='word_1_531' title='bbox 374 3834 464 3888; x_wconf 92' lang='lat' dir='ltr'><strong>cui</strong></span> <span class='ocrx_word' id='word_1_532' title='bbox 498 3835 733 3889; x_wconf 70' lang='lat' dir='ltr'><strong>tenebrae</strong></span> <span class='ocrx_word' id='word_1_533' title='bbox 762 3835 926 3891; x_wconf 60' lang='lat' dir='ltr'><strong>nulla:</strong></span> <span class='ocrx_word' id='word_1_534' title='bbox 976 3836 1296 3892; x_wconf 89' lang='lat' dir='ltr'><strong>succedunt.</strong></span> <span class='ocrx_word' id='word_1_535' title='bbox 1335 3837 1473 3893; x_wconf 81' lang='lat' dir='ltr'><strong>Nam</strong></span> <span class='ocrx_word' id='word_1_536' title='bbox 1512 3840 1558 3896; x_wconf 93' lang='lat' dir='ltr'><strong>si</strong></span> <span class='ocrx_word' id='word_1_537' title='bbox 1593 3841 1813 3896; x_wconf 89' lang='lat' dir='ltr'><strong>univer-</strong></span> 
     </span>
    </p>
   </div>
   <div class='ocr_carea' id='block_1_70' title="bbox 240 3927 1813 4002">
    <p class='ocr_par' dir='ltr' id='par_1_70' title="bbox 240 3927 1813 4002">
     <span class='ocr_line' id='line_1_70' title="bbox 240 3927 1813 4002; baseline 0.003 -20"><span class='ocrx_word' id='word_1_538' title='bbox 240 3942 373 3982; x_wconf 85' lang='lat' dir='ltr'><strong>sum</strong></span> <span class='ocrx_word' id='word_1_539' title='bbox 392 3927 537 3981; x_wconf 89' lang='lat' dir='ltr'><strong>hunc</strong></span> <span class='ocrx_word' id='word_1_540' title='bbox 565 3927 829 3982; x_wconf 86' lang='lat' dir='ltr'><strong>mundum</strong></span> <span class='ocrx_word' id='word_1_541' title='bbox 854 3928 986 3984; x_wconf 92' lang='lat' dir='ltr'><strong>solis</strong></span> <span class='ocrx_word' id='word_1_542' title='bbox 1011 3929 1176 4001; x_wconf 88' lang='lat' dir='ltr'><strong>hujus</strong></span> <span class='ocrx_word' id='word_1_543' title='bbox 1203 3932 1372 4000; x_wconf 91' lang='lat' dir='ltr'><strong>replet</strong></span> <span class='ocrx_word' id='word_1_544' title='bbox 1401 3932 1514 3996; x_wconf 82' lang='lat' dir='ltr'><strong>lux,</strong></span> <span class='ocrx_word' id='word_1_545' title='bbox 1549 3940 1813 4002; x_wconf 88' lang='lat' dir='ltr'><strong>quantum</strong></span> 
     </span>
    </p>
   </div>
   <div class='ocr_carea' id='block_1_71' title="bbox 233 4020 1813 4089">
    <p class='ocr_par' dir='ltr' id='par_1_71' title="bbox 233 4020 1813 4089">
     <span class='ocr_line' id='line_1_71' title="bbox 233 4020 1813 4089; baseline 0.002 -14"><span class='ocrx_word' id='word_1_546' title='bbox 233 4020 484 4075; x_wconf 68' lang='lat' dir='ltr'><strong>aestimas</strong></span> <span class='ocrx_word' id='word_1_547' title='bbox 505 4034 629 4074; x_wconf 89' lang='lat' dir='ltr'><strong>esse</strong></span> <span class='ocrx_word' id='word_1_548' title='bbox 658 4020 792 4073; x_wconf 91' lang='lat' dir='ltr'><strong>illud</strong></span> <span class='ocrx_word' id='word_1_549' title='bbox 821 4020 1205 4089; x_wconf 89' lang='lat' dir='ltr'><strong>incorporeum</strong></span> <span class='ocrx_word' id='word_1_550' title='bbox 1230 4022 1414 4076; x_wconf 90' lang='lat' dir='ltr'><strong>lumen</strong></span> <span class='ocrx_word' id='word_1_551' title='bbox 1438 4030 1490 4077; x_wconf 91' lang='lat' dir='ltr'><strong>et</strong></span> <span class='ocrx_word' id='word_1_552' title='bbox 1507 4024 1813 4079; x_wconf 78' lang='lat' dir='ltr'><strong>infinitum?</strong></span> 
     </span>
    </p>
   </div>
   <div class='ocr_carea' id='block_1_72' title="bbox 236 4111 1811 4178">
    <p class='ocr_par' dir='ltr' id='par_1_72' title="bbox 236 4111 1811 4178">
     <span class='ocr_line' id='line_1_72' title="bbox 236 4111 1811 4178; baseline 0.003 -11"><span class='ocrx_word' id='word_1_553' title='bbox 236 4120 457 4167; x_wconf 81' lang='lat' dir='ltr'><strong>tantum</strong></span> <span class='ocrx_word' id='word_1_554' title='bbox 505 4111 625 4168; x_wconf 87' lang='lat' dir='ltr'><strong>sine</strong></span> <span class='ocrx_word' id='word_1_555' title='bbox 674 4112 861 4178; x_wconf 88' lang='lat' dir='ltr'><strong>dubio,</strong></span> <span class='ocrx_word' id='word_1_556' title='bbox 904 4120 966 4165; x_wconf 91' lang='lat' dir='ltr'><strong>ut</strong></span> <span class='ocrx_word' id='word_1_557' title='bbox 997 4113 1143 4167; x_wconf 88' lang='lat' dir='ltr'><strong>istud</strong></span> <span class='ocrx_word' id='word_1_558' title='bbox 1174 4113 1308 4169; x_wconf 84' lang='lat' dir='ltr'><strong>solis</strong></span> <span class='ocrx_word' id='word_1_559' title='bbox 1357 4114 1542 4170; x_wconf 89' lang='lat' dir='ltr'><strong>lumen</strong></span> <span class='ocrx_word' id='word_1_560' title='bbox 1575 4116 1642 4171; x_wconf 87' lang='lat' dir='ltr'><strong>ad</strong></span> <span class='ocrx_word' id='word_1_561' title='bbox 1673 4115 1811 4171; x_wconf 91' lang='lat' dir='ltr'><strong>illud</strong></span> 
     </span>
    </p>
   </div>
   <div class='ocr_carea' id='block_1_73' title="bbox 234 4205 1275 4262">
    <p class='ocr_par' dir='ltr' id='par_1_73' title="bbox 234 4205 1275 4262">
     <span class='ocr_line' id='line_1_73' title="bbox 234 4205 1275 4262; baseline 0.001 -1"><span class='ocrx_word' id='word_1_562' title='bbox 234 4206 480 4261; x_wconf 58' lang='lat' dir='ltr'><strong>tenebrae</strong></span> <span class='ocrx_word' id='word_1_563' title='bbox 504 4212 559 4261; x_wconf 93' lang='lat' dir='ltr'><strong>et</strong></span> <span class='ocrx_word' id='word_1_564' title='bbox 586 4220 697 4259; x_wconf 91' lang='lat' dir='ltr'><strong>non</strong></span> <span class='ocrx_word' id='word_1_565' title='bbox 726 4205 820 4259; x_wconf 80' lang='lat' dir='ltr'><strong>lux</strong></span> <span class='ocrx_word' id='word_1_566' title='bbox 848 4220 972 4261; x_wconf 89' lang='lat' dir='ltr'><strong>esse</strong></span> <span class='ocrx_word' id='word_1_567' title='bbox 1003 4205 1275 4262; x_wconf 91' lang='lat' dir='ltr'><strong>videatur.</strong></span> 
     </span>
    </p>
   </div>
   <div class='ocr_carea' id='block_1_74' title="bbox 315 4318 1803 4391">
    <p class='ocr_par' dir='ltr' id='par_1_74' title="bbox 315 4318 1803 4391">
     <span class='ocr_line' id='line_1_74' title="bbox 315 4318 1803 4391; baseline 0.002 -17"><span class='ocrx_word' id='word_1_568' title='bbox 315 4319 473 4376; x_wconf 77' lang='lat' dir='ltr'><strong>LXII.</strong></span> <span class='ocrx_word' id='word_1_569' title='bbox 509 4320 634 4375; x_wconf 57' lang='lat' dir='ltr'><strong>{late</strong></span> <span class='ocrx_word' id='word_1_570' title='bbox 659 4334 785 4374; x_wconf 88' lang='lat' dir='ltr'><strong>cum</strong></span> <span class='ocrx_word' id='word_1_571' title='bbox 802 4320 1008 4375; x_wconf 91' lang='lat' dir='ltr'><strong>diceret</strong></span> <span class='ocrx_word' id='word_1_572' title='bbox 1021 4318 1231 4384; x_wconf 89' lang='lat' dir='ltr'><strong>Simon,</strong></span> <span class='ocrx_word' id='word_1_573' title='bbox 1257 4320 1451 4377; x_wconf 89' lang='lat' dir='ltr'><strong>Petrus</strong></span> <span class='ocrx_word' id='word_1_574' title='bbox 1480 4321 1764 4391; x_wconf 89' lang='lat' dir='ltr'><strong>respondit</strong></span> <span class='ocrx_word' id='word_1_575' title='bbox 1788 4341 1803 4377; x_wconf 87' lang='lat'><strong>:</strong></span> 
     </span>
    </p>
   </div>
   <div class='ocr_carea' id='block_1_75' title="bbox 1918 3188 3490 3261">
    <p class='ocr_par' dir='ltr' id='par_1_75' title="bbox 1918 3188 3490 3261">
     <span class='ocr_line' id='line_1_75' title="bbox 1918 3188 3490 3261; baseline 0 -17"><span class='ocrx_word' id='word_1_576' title='bbox 1918 3192 2178 3261; x_wconf 89' lang='lat' dir='ltr'><strong>languore</strong></span> <span class='ocrx_word' id='word_1_577' title='bbox 2207 3188 2445 3259; x_wconf 88' lang='lat' dir='ltr'><strong>quodam</strong></span> <span class='ocrx_word' id='word_1_578' title='bbox 2482 3189 2703 3251; x_wconf 69' lang='lat' dir='ltr'><strong>animae,</strong></span> <span class='ocrx_word' id='word_1_579' title='bbox 2735 3204 2843 3258; x_wconf 91' lang='lat' dir='ltr'><strong>quo</strong></span> <span class='ocrx_word' id='word_1_580' title='bbox 2869 3204 2934 3243; x_wconf 91' lang='lat' dir='ltr'><strong>ea</strong></span> <span class='ocrx_word' id='word_1_581' title='bbox 2960 3188 3181 3259; x_wconf 89' lang='lat' dir='ltr'><strong>quidem</strong></span> <span class='ocrx_word' id='word_1_582' title='bbox 3208 3204 3330 3259; x_wconf 69' lang='lat' dir='ltr'><strong>quae</strong></span> <span class='ocrx_word' id='word_1_583' title='bbox 3358 3197 3490 3245; x_wconf 84' lang='lat' dir='ltr'><strong>sunt</strong></span> 
     </span>
    </p>
   </div>
   <div class='ocr_carea' id='block_1_76' title="bbox 1916 3280 3486 3353">
    <p class='ocr_par' dir='ltr' id='par_1_76' title="bbox 1916 3280 3486 3353">
     <span class='ocr_line' id='line_1_76' title="bbox 1916 3280 3486 3353; baseline -0.001 -13"><span class='ocrx_word' id='word_1_584' title='bbox 1916 3300 2027 3340; x_wconf 88' lang='lat' dir='ltr'><strong>non</strong></span> <span class='ocrx_word' id='word_1_585' title='bbox 2049 3282 2255 3347; x_wconf 88' lang='lat' dir='ltr'><strong>vident,</strong></span> <span class='ocrx_word' id='word_1_586' title='bbox 2287 3281 2600 3337; x_wconf 84' lang='lat' dir='ltr'><strong>desiderant</strong></span> <span class='ocrx_word' id='word_1_587' title='bbox 2628 3296 2752 3337; x_wconf 85' lang='lat' dir='ltr'><strong>vero</strong></span> <span class='ocrx_word' id='word_1_588' title='bbox 2776 3280 3044 3336; x_wconf 89' lang='lat' dir='ltr'><strong>adducere</strong></span> <span class='ocrx_word' id='word_1_589' title='bbox 3068 3280 3134 3334; x_wconf 88' lang='lat' dir='ltr'><strong>ad</strong></span> <span class='ocrx_word' id='word_1_590' title='bbox 3159 3292 3486 3353; x_wconf 88' lang='lat' dir='ltr'><strong>conspectus</strong></span> 
     </span>
    </p>
   </div>
   <div class='ocr_carea' id='block_1_77' title="bbox 1916 3372 3486 3445">
    <p class='ocr_par' dir='ltr' id='par_1_77' title="bbox 1916 3372 3486 3445">
     <span class='ocr_line' id='line_1_77' title="bbox 1916 3372 3486 3445; baseline 0.001 -14"><span class='ocrx_word' id='word_1_591' title='bbox 1916 3392 2047 3431; x_wconf 89' lang='lat' dir='ltr'><strong>suos</strong></span> <span class='ocrx_word' id='word_1_592' title='bbox 2077 3390 2140 3430; x_wconf 91' lang='lat' dir='ltr'><strong>ea</strong></span> <span class='ocrx_word' id='word_1_593' title='bbox 2175 3390 2297 3444; x_wconf 68' lang='lat' dir='ltr'><strong>qua:</strong></span> <span class='ocrx_word' id='word_1_594' title='bbox 2329 3389 2439 3428; x_wconf 91' lang='lat' dir='ltr'><strong>non</strong></span> <span class='ocrx_word' id='word_1_595' title='bbox 2469 3381 2618 3429; x_wconf 91' lang='lat' dir='ltr'><strong>sunt.</strong></span> <span class='ocrx_word' id='word_1_596' title='bbox 2653 3372 2761 3428; x_wconf 87' lang='lat' dir='ltr'><strong>Sed</strong></span> <span class='ocrx_word' id='word_1_597' title='bbox 2789 3381 2843 3427; x_wconf 93' lang='lat' dir='ltr'><strong>et</strong></span> <span class='ocrx_word' id='word_1_598' title='bbox 2872 3373 2982 3428; x_wconf 92' lang='lat' dir='ltr'><strong>illis</strong></span> <span class='ocrx_word' id='word_1_599' title='bbox 3012 3374 3085 3427; x_wconf 91' lang='lat' dir='ltr'><strong>ita</strong></span> <span class='ocrx_word' id='word_1_600' title='bbox 3118 3373 3352 3437; x_wconf 89' lang='lat' dir='ltr'><strong>accidit,</strong></span> <span class='ocrx_word' id='word_1_601' title='bbox 3388 3375 3486 3445; x_wconf 91' lang='lat' dir='ltr'><strong>qui</strong></span> 
     </span>
    </p>
   </div>
   <div class='ocr_carea' id='block_1_78' title="bbox 1913 3464 3484 3537">
    <p class='ocr_par' dir='ltr' id='par_1_78' title="bbox 1913 3464 3484 3537">
     <span class='ocr_line' id='line_1_78' title="bbox 1913 3464 3484 3537; baseline -0.001 -16"><span class='ocrx_word' id='word_1_602' title='bbox 1913 3466 2207 3537; x_wconf 90' lang='lat' dir='ltr'><strong>phrenesin</strong></span> <span class='ocrx_word' id='word_1_603' title='bbox 2242 3466 2525 3537; x_wconf 81' lang='lat' dir='ltr'><strong>patiuntur</strong></span> <span class='ocrx_word' id='word_1_604' title='bbox 2569 3472 2624 3521; x_wconf 91' lang='lat' dir='ltr'><strong>et</strong></span> <span class='ocrx_word' id='word_1_605' title='bbox 2673 3464 2927 3520; x_wconf 92' lang='lat' dir='ltr'><strong>videntur</strong></span> <span class='ocrx_word' id='word_1_606' title='bbox 2972 3464 3077 3520; x_wconf 88' lang='lat' dir='ltr'><strong>sibi</strong></span> <span class='ocrx_word' id='word_1_607' title='bbox 3117 3465 3314 3520; x_wconf 87' lang='lat' dir='ltr'><strong>multas</strong></span> <span class='ocrx_word' id='word_1_608' title='bbox 3345 3466 3484 3520; x_wconf 85' lang='lat' dir='ltr'><strong>ima-</strong></span> 
     </span>
    </p>
   </div>
   <div class='ocr_carea' id='block_1_79' title="bbox 1912 3556 3484 3631">
    <p class='ocr_par' dir='ltr' id='par_1_79' title="bbox 1912 3556 3484 3631">
     <span class='ocr_line' id='line_1_79' title="bbox 1912 3556 3484 3631; baseline 0 -18"><span class='ocrx_word' id='word_1_609' title='bbox 1912 3560 2066 3631; x_wconf 89' lang='lat' dir='ltr'><strong>gines</strong></span> <span class='ocrx_word' id='word_1_610' title='bbox 2094 3558 2296 3620; x_wconf 87' lang='lat' dir='ltr'><strong>videre,</strong></span> <span class='ocrx_word' id='word_1_611' title='bbox 2331 3574 2430 3629; x_wconf 91' lang='lat' dir='ltr'><strong>pro</strong></span> <span class='ocrx_word' id='word_1_612' title='bbox 2455 3574 2520 3613; x_wconf 86' lang='lat' dir='ltr'><strong>eo</strong></span> <span class='ocrx_word' id='word_1_613' title='bbox 2548 3557 2691 3628; x_wconf 86' lang='lat' dir='ltr'><strong>quod</strong></span> <span class='ocrx_word' id='word_1_614' title='bbox 2719 3557 2996 3612; x_wconf 84' lang='lat' dir='ltr'><strong>nimietate</strong></span> <span class='ocrx_word' id='word_1_615' title='bbox 3025 3556 3245 3627; x_wconf 82' lang='lat' dir='ltr'><strong>frigoris</strong></span> <span class='ocrx_word' id='word_1_616' title='bbox 3275 3558 3359 3612; x_wconf 87' lang='lat' dir='ltr'><strong>vel</strong></span> <span class='ocrx_word' id='word_1_617' title='bbox 3390 3574 3484 3613; x_wconf 89' lang='lat' dir='ltr'><strong>ca-</strong></span> 
     </span>
    </p>
   </div>
   <div class='ocr_carea' id='block_1_80' title="bbox 1912 3650 3479 3721">
    <p class='ocr_par' dir='ltr' id='par_1_80' title="bbox 1912 3650 3479 3721">
     <span class='ocr_line' id='line_1_80' title="bbox 1912 3650 3479 3721; baseline 0.001 -15"><span class='ocrx_word' id='word_1_618' title='bbox 1912 3652 2047 3706; x_wconf 85' lang='lat' dir='ltr'><strong>loris</strong></span> <span class='ocrx_word' id='word_1_619' title='bbox 2077 3651 2259 3705; x_wconf 88' lang='lat' dir='ltr'><strong>anima</strong></span> <span class='ocrx_word' id='word_1_620' title='bbox 2293 3651 2536 3721; x_wconf 89' lang='lat' dir='ltr'><strong>ipsorum</strong></span> <span class='ocrx_word' id='word_1_621' title='bbox 2566 3650 2827 3704; x_wconf 87' lang='lat' dir='ltr'><strong>convulsa</strong></span> <span class='ocrx_word' id='word_1_622' title='bbox 2866 3661 2919 3705; x_wconf 83' lang='lat' dir='ltr'><strong>et</strong></span> <span class='ocrx_word' id='word_1_623' title='bbox 2958 3658 3136 3703; x_wconf 89' lang='lat' dir='ltr'><strong>emota</strong></span> <span class='ocrx_word' id='word_1_624' title='bbox 3177 3650 3313 3706; x_wconf 90' lang='lat' dir='ltr'><strong>locis</strong></span> <span class='ocrx_word' id='word_1_625' title='bbox 3340 3650 3479 3714; x_wconf 78' lang='lat' dir='ltr'><strong>suis,</strong></span> 
     </span>
    </p>
   </div>
   <div class='ocr_carea' id='block_1_81' title="bbox 1911 3739 3481 3813">
    <p class='ocr_par' dir='ltr' id='par_1_81' title="bbox 1911 3739 3481 3813">
     <span class='ocr_line' id='line_1_81' title="bbox 1911 3739 3481 3813; baseline -0.003 -14"><span class='ocrx_word' id='word_1_626' title='bbox 1911 3757 2151 3799; x_wconf 90' lang='lat' dir='ltr'><strong>errorem</strong></span> <span class='ocrx_word' id='word_1_627' title='bbox 2182 3743 2386 3813; x_wconf 90' lang='lat' dir='ltr'><strong>patitur</strong></span> <span class='ocrx_word' id='word_1_628' title='bbox 2414 3740 2703 3797; x_wconf 90' lang='lat' dir='ltr'><strong>ministerii</strong></span> <span class='ocrx_word' id='word_1_629' title='bbox 2747 3741 3031 3796; x_wconf 89' lang='lat' dir='ltr'><strong>naturalis.</strong></span> <span class='ocrx_word' id='word_1_630' title='bbox 3070 3739 3176 3795; x_wconf 91' lang='lat' dir='ltr'><strong>Sed</strong></span> <span class='ocrx_word' id='word_1_631' title='bbox 3203 3749 3258 3796; x_wconf 92' lang='lat' dir='ltr'><strong>et</strong></span> <span class='ocrx_word' id='word_1_632' title='bbox 3301 3740 3354 3795; x_wconf 90' lang='lat' dir='ltr'><strong>hi</strong></span> <span class='ocrx_word' id='word_1_633' title='bbox 3384 3740 3481 3812; x_wconf 87' lang='lat' dir='ltr'><strong>qui</strong></span> 
     </span>
    </p>
   </div>
   <div class='ocr_carea' id='block_1_82' title="bbox 1911 3831 3482 3902">
    <p class='ocr_par' dir='ltr' id='par_1_82' title="bbox 1911 3831 3482 3902">
     <span class='ocr_line' id='line_1_82' title="bbox 1911 3831 3482 3902; baseline -0.001 -14"><span class='ocrx_word' id='word_1_634' title='bbox 1911 3834 2162 3889; x_wconf 86' lang='lat' dir='ltr'><strong>laborant</strong></span> <span class='ocrx_word' id='word_1_635' title='bbox 2191 3834 2304 3896; x_wconf 88' lang='lat' dir='ltr'><strong>siti,</strong></span> <span class='ocrx_word' id='word_1_636' title='bbox 2332 3849 2457 3887; x_wconf 89' lang='lat' dir='ltr'><strong>eum</strong></span> <span class='ocrx_word' id='word_1_637' title='bbox 2485 3833 2539 3887; x_wconf 89' lang='lat' dir='ltr'><strong>in</strong></span> <span class='ocrx_word' id='word_1_638' title='bbox 2572 3848 2820 3902; x_wconf 86' lang='lat' dir='ltr'><strong>soporem</strong></span> <span class='ocrx_word' id='word_1_639' title='bbox 2848 3834 3096 3887; x_wconf 87' lang='lat' dir='ltr'><strong>venerint</strong></span> <span class='ocrx_word' id='word_1_640' title='bbox 3121 3871 3137 3897; x_wconf 91' lang='lat'><strong>,</strong></span> <span class='ocrx_word' id='word_1_641' title='bbox 3177 3831 3399 3887; x_wconf 84' lang='lat' dir='ltr'><strong>flumina</strong></span> <span class='ocrx_word' id='word_1_642' title='bbox 3424 3839 3482 3888; x_wconf 87' lang='lat' dir='ltr'><strong>et</strong></span> 
     </span>
    </p>
   </div>
   <div class='ocr_carea' id='block_1_83' title="bbox 1912 3925 3480 3991">
    <p class='ocr_par' dir='ltr' id='par_1_83' title="bbox 1912 3925 3480 3991">
     <span class='ocr_line' id='line_1_83' title="bbox 1912 3925 3480 3991; baseline -0.001 -11"><span class='ocrx_word' id='word_1_643' title='bbox 1912 3925 2090 3980; x_wconf 89' lang='lat' dir='ltr'><strong>fontes</strong></span> <span class='ocrx_word' id='word_1_644' title='bbox 2132 3925 2316 3980; x_wconf 90' lang='lat' dir='ltr'><strong>videre</strong></span> <span class='ocrx_word' id='word_1_645' title='bbox 2357 3926 2461 3981; x_wconf 92' lang='lat' dir='ltr'><strong>sibi</strong></span> <span class='ocrx_word' id='word_1_646' title='bbox 2493 3925 2750 3980; x_wconf 87' lang='lat' dir='ltr'><strong>videntur</strong></span> <span class='ocrx_word' id='word_1_647' title='bbox 2778 3940 2842 3979; x_wconf 92' lang='lat' dir='ltr'><strong>ac</strong></span> <span class='ocrx_word' id='word_1_648' title='bbox 2871 3925 3085 3991; x_wconf 88' lang='lat' dir='ltr'><strong>bibere;</strong></span> <span class='ocrx_word' id='word_1_649' title='bbox 3148 3925 3251 3979; x_wconf 91' lang='lat' dir='ltr'><strong>hoc</strong></span> <span class='ocrx_word' id='word_1_650' title='bbox 3295 3933 3480 3978; x_wconf 91' lang='lat' dir='ltr'><strong>autem</strong></span> 
     </span>
    </p>
   </div>
   <div class='ocr_carea' id='block_1_84' title="bbox 1911 4015 3477 4089">
    <p class='ocr_par' dir='ltr' id='par_1_84' title="bbox 1911 4015 3477 4089">
     <span class='ocr_line' id='line_1_84' title="bbox 1911 4015 3477 4089; baseline -0.004 -16"><span class='ocrx_word' id='word_1_651' title='bbox 1911 4020 2188 4089; x_wconf 89' lang='lat' dir='ltr'><strong>patiuntur</strong></span> <span class='ocrx_word' id='word_1_652' title='bbox 2210 4018 2464 4072; x_wconf 88' lang='lat' dir='ltr'><strong>ariditate</strong></span> <span class='ocrx_word' id='word_1_653' title='bbox 2494 4017 2836 4087; x_wconf 87' lang='lat' dir='ltr'><strong>intemperati</strong></span> <span class='ocrx_word' id='word_1_654' title='bbox 2864 4017 3115 4085; x_wconf 90' lang='lat' dir='ltr'><strong>corporis</strong></span> <span class='ocrx_word' id='word_1_655' title='bbox 3144 4015 3477 4069; x_wconf 84' lang='lat' dir='ltr'><strong>laborantes.</strong></span> 
     </span>
    </p>
   </div>
   <div class='ocr_carea' id='block_1_85' title="bbox 1909 4108 3480 4180">
    <p class='ocr_par' dir='ltr' id='par_1_85' title="bbox 1909 4108 3480 4180">
     <span class='ocr_line' id='line_1_85' title="bbox 1909 4108 3480 4180; baseline -0.001 -15"><span class='ocrx_word' id='word_1_656' title='bbox 1909 4110 2135 4179; x_wconf 91' lang='lat' dir='ltr'><strong>Propter</strong></span> <span class='ocrx_word' id='word_1_657' title='bbox 2166 4108 2311 4179; x_wconf 91' lang='lat' dir='ltr'><strong>quod</strong></span> <span class='ocrx_word' id='word_1_658' title='bbox 2358 4117 2567 4163; x_wconf 88' lang='lat' dir='ltr'><strong>certum</strong></span> <span class='ocrx_word' id='word_1_659' title='bbox 2616 4116 2721 4180; x_wconf 74' lang='lat' dir='ltr'><strong>est,</strong></span> <span class='ocrx_word' id='word_1_660' title='bbox 2768 4108 2884 4163; x_wconf 63' lang='lat' dir='ltr'><strong>haec</strong></span> <span class='ocrx_word' id='word_1_661' title='bbox 2932 4108 3063 4163; x_wconf 90' lang='lat' dir='ltr'><strong>vitio</strong></span> <span class='ocrx_word' id='word_1_662' title='bbox 3110 4110 3347 4179; x_wconf 89' lang='lat' dir='ltr'><strong>quodam</strong></span> <span class='ocrx_word' id='word_1_663' title='bbox 3395 4108 3480 4164; x_wconf 90' lang='lat' dir='ltr'><strong>vel</strong></span> 
     </span>
    </p>
   </div>
   <div class='ocr_carea' id='block_1_86' title="bbox 1908 4200 2679 4272">
    <p class='ocr_par' dir='ltr' id='par_1_86' title="bbox 1908 4200 2679 4272">
     <span class='ocr_line' id='line_1_86' title="bbox 1908 4200 2679 4272; baseline -0.008 -13"><span class='ocrx_word' id='word_1_664' title='bbox 1908 4205 2103 4259; x_wconf 63' lang='lat' dir='ltr'><strong>animae</strong></span> <span class='ocrx_word' id='word_1_665' title='bbox 2131 4203 2215 4256; x_wconf 89' lang='lat' dir='ltr'><strong>vel</strong></span> <span class='ocrx_word' id='word_1_666' title='bbox 2245 4202 2492 4272; x_wconf 89' lang='lat' dir='ltr'><strong>corporis</strong></span> <span class='ocrx_word' id='word_1_667' title='bbox 2523 4200 2679 4256; x_wconf 58' lang='lat' dir='ltr'><strong>fieri;</strong></span> 
     </span>
    </p>
   </div>
   <div class='ocr_carea' id='block_1_87' title="bbox 1979 4314 3477 4387">
    <p class='ocr_par' dir='ltr' id='par_1_87' title="bbox 1979 4314 3477 4387">
     <span class='ocr_line' id='line_1_87' title="bbox 1979 4314 3477 4387; baseline -0.001 -16"><span class='ocrx_word' id='word_1_668' title='bbox 1979 4315 2140 4371; x_wconf 79' lang='lat' dir='ltr'><strong>LXV.</strong></span> <span class='ocrx_word' id='word_1_669' title='bbox 2182 4315 2423 4387; x_wconf 89' lang='lat' dir='ltr'><strong>Denique</strong></span> <span class='ocrx_word' id='word_1_670' title='bbox 2453 4326 2510 4370; x_wconf 92' lang='lat' dir='ltr'><strong>ut</strong></span> <span class='ocrx_word' id='word_1_671' title='bbox 2538 4316 2774 4386; x_wconf 76' lang='lat' dir='ltr'><strong>accipias</strong></span> <span class='ocrx_word' id='word_1_672' title='bbox 2802 4316 2882 4371; x_wconf 91' lang='lat' dir='ltr'><strong>rei</strong></span> <span class='ocrx_word' id='word_1_673' title='bbox 2907 4315 3065 4371; x_wconf 83' lang='lat' dir='ltr'><strong>fidem</strong></span> <span class='ocrx_word' id='word_1_674' title='bbox 3091 4315 3157 4371; x_wconf 92' lang='lat' dir='ltr'><strong>de</strong></span> <span class='ocrx_word' id='word_1_675' title='bbox 3176 4314 3477 4371; x_wconf 89' lang='lat' dir='ltr'><strong>Jerusalem</strong></span> 
     </span>
    </p>
   </div>
   <div class='ocr_carea' id='block_1_88' title="bbox 232 4407 3475 4493">
    <p class='ocr_par' dir='ltr' id='par_1_88' title="bbox 232 4407 3475 4493">
     <span class='ocr_line' id='line_1_88' title="bbox 232 4407 3475 4493; baseline -0.002 -24"><span class='ocrx_word' id='word_1_676' title='bbox 232 4414 319 4469; x_wconf 87' lang='lat' dir='ltr'><strong>De</strong></span> <span class='ocrx_word' id='word_1_677' title='bbox 369 4425 598 4483; x_wconf 90' lang='lat' dir='ltr'><strong>utroque</strong></span> <span class='ocrx_word' id='word_1_678' title='bbox 639 4428 769 4483; x_wconf 92' lang='lat' dir='ltr'><strong>ergo</strong></span> <span class='ocrx_word' id='word_1_679' title='bbox 815 4414 1083 4482; x_wconf 87' lang='lat' dir='ltr'><strong>patienter</strong></span> <span class='ocrx_word' id='word_1_680' title='bbox 1128 4415 1377 4468; x_wconf 88' lang='lat' dir='ltr'><strong>ausculta</strong></span> <span class='ocrx_word' id='word_1_681' title='bbox 1403 4454 1416 4478; x_wconf 88' lang='lat'><strong>,</strong></span> <span class='ocrx_word' id='word_1_682' title='bbox 1452 4414 1505 4467; x_wconf 91' lang='lat' dir='ltr'><strong>id</strong></span> <span class='ocrx_word' id='word_1_683' title='bbox 1533 4423 1616 4469; x_wconf 88' lang='lat' dir='ltr'><strong>est</strong></span> <span class='ocrx_word' id='word_1_684' title='bbox 1655 4422 1710 4468; x_wconf 89' lang='lat' dir='ltr'><strong>et</strong></span> <span class='ocrx_word' id='word_1_685' title='bbox 1738 4415 1806 4470; x_wconf 89' lang='lat' dir='ltr'><strong>de</strong></span> <span class='ocrx_word' id='word_1_686' title='bbox 1836 4438 1881 4493; x_wconf 72' lang='grc' dir='ltr'>υ</span> <span class='ocrx_word' id='word_1_687' title='bbox 1909 4424 2070 4479; x_wconf 88' lang='lat' dir='ltr'><strong>quam</strong></span> <span class='ocrx_word' id='word_1_688' title='bbox 2101 4424 2243 4478; x_wconf 62' lang='lat' dir='ltr'><strong>saepe</strong></span> <span class='ocrx_word' id='word_1_689' title='bbox 2272 4408 2533 4475; x_wconf 89' lang='lat' dir='ltr'><strong>videram,</strong></span> <span class='ocrx_word' id='word_1_690' title='bbox 2563 4408 2810 4463; x_wconf 87' lang='lat' dir='ltr'><strong>dieebam</strong></span> <span class='ocrx_word' id='word_1_691' title='bbox 2849 4407 3004 4462; x_wconf 86' lang='lat' dir='ltr'><strong>fratri</strong></span> <span class='ocrx_word' id='word_1_692' title='bbox 3036 4424 3177 4472; x_wconf 82' lang='lat' dir='ltr'><strong>meo,</strong></span> <span class='ocrx_word' id='word_1_693' title='bbox 3207 4424 3326 4478; x_wconf 72' lang='lat' dir='ltr'><strong>qua:</strong></span> <span class='ocrx_word' id='word_1_694' title='bbox 3356 4409 3475 4463; x_wconf 89' lang='lat' dir='ltr'><strong>loca</strong></span> 
     </span>
    </p>
   </div>
   <div class='ocr_carea' id='block_1_89' title="bbox 227 4505 1799 4576">
    <p class='ocr_par' dir='ltr' id='par_1_89' title="bbox 227 4505 1799 4576">
     <span class='ocr_line' id='line_1_89' title="bbox 227 4505 1799 4576; baseline -0.001 -14"><span class='ocrx_word' id='word_1_695' title='bbox 227 4506 485 4576; x_wconf 79' lang='lat' dir='ltr'><strong>exemplo</strong></span> <span class='ocrx_word' id='word_1_696' title='bbox 503 4505 831 4561; x_wconf 80' lang='lat' dir='ltr'><strong>extendendi</strong></span> <span class='ocrx_word' id='word_1_697' title='bbox 862 4521 1056 4561; x_wconf 86' lang='lat' dir='ltr'><strong>sensus</strong></span> <span class='ocrx_word' id='word_1_698' title='bbox 1077 4515 1131 4560; x_wconf 95' lang='lat' dir='ltr'><strong>et</strong></span> <span class='ocrx_word' id='word_1_699' title='bbox 1160 4506 1227 4561; x_wconf 93' lang='lat' dir='ltr'><strong>de</strong></span> <span class='ocrx_word' id='word_1_700' title='bbox 1248 4508 1613 4561; x_wconf 87' lang='lat' dir='ltr'><strong>immensitate</strong></span> <span class='ocrx_word' id='word_1_701' title='bbox 1641 4507 1799 4562; x_wconf 83' lang='lat' dir='ltr'><strong>luris.</strong></span> 
     </span>
    </p>
   </div>
   <div class='ocr_carea' id='block_1_90' title="bbox 232 4598 1803 4670">
    <p class='ocr_par' dir='ltr' id='par_1_90' title="bbox 232 4598 1803 4670">
     <span class='ocr_line' id='line_1_90' title="bbox 232 4598 1803 4670; baseline 0.001 -17"><span class='ocrx_word' id='word_1_702' title='bbox 232 4598 371 4653; x_wconf 90' lang='lat' dir='ltr'><strong>Scio</strong></span> <span class='ocrx_word' id='word_1_703' title='bbox 399 4600 663 4669; x_wconf 89' lang='lat' dir='ltr'><strong>meipsum</strong></span> <span class='ocrx_word' id='word_1_704' title='bbox 683 4641 698 4665; x_wconf 92' lang='lat'><strong>,</strong></span> <span class='ocrx_word' id='word_1_705' title='bbox 732 4614 766 4653; x_wconf 88' lang='grc' dir='ltr'><strong>ο</strong></span> <span class='ocrx_word' id='word_1_706' title='bbox 797 4598 1016 4661; x_wconf 91' lang='lat' dir='ltr'><strong>Simon,</strong></span> <span class='ocrx_word' id='word_1_707' title='bbox 1051 4599 1347 4668; x_wconf 86' lang='lat' dir='ltr'><strong>aliquando</strong></span> <span class='ocrx_word' id='word_1_708' title='bbox 1382 4600 1436 4652; x_wconf 89' lang='lat' dir='ltr'><strong>in</strong></span> <span class='ocrx_word' id='word_1_709' title='bbox 1468 4600 1803 4670; x_wconf 84' lang='lat' dir='ltr'><strong>cogitatione</strong></span> 
     </span>
    </p>
   </div>
   <div class='ocr_carea' id='block_1_91' title="bbox 226 4692 1805 4763">
    <p class='ocr_par' dir='ltr' id='par_1_91' title="bbox 226 4692 1805 4763">
     <span class='ocr_line' id='line_1_91' title="bbox 226 4692 1805 4763; baseline 0.001 -18"><span class='ocrx_word' id='word_1_710' title='bbox 226 4693 473 4763; x_wconf 86' lang='lat' dir='ltr'><strong>positum</strong></span> <span class='ocrx_word' id='word_1_711' title='bbox 514 4692 825 4746; x_wconf 78' lang='lat' dir='ltr'><strong>extendisse</strong></span> <span class='ocrx_word' id='word_1_712' title='bbox 880 4707 1101 4746; x_wconf 88' lang='lat' dir='ltr'><strong>sensum</strong></span> <span class='ocrx_word' id='word_1_713' title='bbox 1130 4707 1309 4746; x_wconf 91' lang='lat' dir='ltr'><strong>meum</strong></span> <span class='ocrx_word' id='word_1_714' title='bbox 1338 4692 1394 4745; x_wconf 93' lang='lat' dir='ltr'><strong>in</strong></span> <span class='ocrx_word' id='word_1_715' title='bbox 1428 4693 1711 4761; x_wconf 88' lang='lat' dir='ltr'><strong>regiones,</strong></span> <span class='ocrx_word' id='word_1_716' title='bbox 1744 4702 1805 4746; x_wconf 93' lang='lat' dir='ltr'><strong>ut</strong></span> 
     </span>
    </p>
   </div>
   <div class='ocr_carea' id='block_1_92' title="bbox 226 4782 1803 4853">
    <p class='ocr_par' dir='ltr' id='par_1_92' title="bbox 226 4782 1803 4853">
     <span class='ocr_line' id='line_1_92' title="bbox 226 4782 1803 4853; baseline -0.001 -15"><span class='ocrx_word' id='word_1_717' title='bbox 226 4785 340 4848; x_wconf 86' lang='lat' dir='ltr'><strong>ais,</strong></span> <span class='ocrx_word' id='word_1_718' title='bbox 368 4792 422 4836; x_wconf 85' lang='lat' dir='ltr'><strong>et</strong></span> <span class='ocrx_word' id='word_1_719' title='bbox 459 4782 667 4838; x_wconf 89' lang='lat' dir='ltr'><strong>insulas</strong></span> <span class='ocrx_word' id='word_1_720' title='bbox 714 4783 902 4852; x_wconf 88' lang='lat' dir='ltr'><strong>procul</strong></span> <span class='ocrx_word' id='word_1_721' title='bbox 948 4784 1156 4853; x_wconf 90' lang='lat' dir='ltr'><strong>positas</strong></span> <span class='ocrx_word' id='word_1_722' title='bbox 1192 4822 1206 4847; x_wconf 91' lang='lat'><strong>,</strong></span> <span class='ocrx_word' id='word_1_723' title='bbox 1242 4798 1443 4853; x_wconf 91' lang='lat' dir='ltr'><strong>easque</strong></span> <span class='ocrx_word' id='word_1_724' title='bbox 1471 4789 1652 4837; x_wconf 90' lang='lat' dir='ltr'><strong>mente</strong></span> <span class='ocrx_word' id='word_1_725' title='bbox 1693 4799 1803 4837; x_wconf 92' lang='lat' dir='ltr'><strong>non</strong></span> 
     </span>
    </p>
   </div>
   <div class='ocr_carea' id='block_1_93' title="bbox 225 4874 1800 4946">
    <p class='ocr_par' dir='ltr' id='par_1_93' title="bbox 225 4874 1800 4946">
     <span class='ocr_line' id='line_1_93' title="bbox 225 4874 1800 4946; baseline -0.002 -14"><span class='ocrx_word' id='word_1_726' title='bbox 225 4878 418 4932; x_wconf 88' lang='lat' dir='ltr'><strong>minus</strong></span> <span class='ocrx_word' id='word_1_727' title='bbox 446 4891 607 4946; x_wconf 87' lang='lat' dir='ltr'><strong>quam</strong></span> <span class='ocrx_word' id='word_1_728' title='bbox 648 4876 823 4930; x_wconf 88' lang='lat' dir='ltr'><strong>oculis</strong></span> <span class='ocrx_word' id='word_1_729' title='bbox 873 4876 1237 4945; x_wconf 80' lang='lat' dir='ltr'><strong>perspexisse.</strong></span> <span class='ocrx_word' id='word_1_730' title='bbox 1270 4874 1410 4929; x_wconf 83' lang='lat' dir='ltr'><strong>Cum</strong></span> <span class='ocrx_word' id='word_1_731' title='bbox 1439 4890 1618 4929; x_wconf 90' lang='lat' dir='ltr'><strong>essem</strong></span> <span class='ocrx_word' id='word_1_732' title='bbox 1657 4875 1800 4944; x_wconf 90' lang='lat' dir='ltr'><strong>apud</strong></span> 
     </span>
    </p>
   </div>
   <div class='ocr_carea' id='block_1_94' title="bbox 223 4968 1801 5039">
    <p class='ocr_par' dir='ltr' id='par_1_94' title="bbox 223 4968 1801 5039">
     <span class='ocr_line' id='line_1_94' title="bbox 223 4968 1801 5039; baseline -0.003 -14"><span class='ocrx_word' id='word_1_733' title='bbox 223 4970 617 5039; x_wconf 87' lang='lat' dir='ltr'><strong>Capharnaum</strong></span> <span class='ocrx_word' id='word_1_734' title='bbox 664 4968 720 5022; x_wconf 92' lang='lat' dir='ltr'><strong>in</strong></span> <span class='ocrx_word' id='word_1_735' title='bbox 766 4976 994 5037; x_wconf 90' lang='lat' dir='ltr'><strong>captura</strong></span> <span class='ocrx_word' id='word_1_736' title='bbox 1026 4968 1261 5037; x_wconf 91' lang='lat' dir='ltr'><strong>piscium</strong></span> <span class='ocrx_word' id='word_1_737' title='bbox 1290 4968 1525 5036; x_wconf 88' lang='lat' dir='ltr'><strong>positus,</strong></span> <span class='ocrx_word' id='word_1_738' title='bbox 1560 4973 1614 5022; x_wconf 92' lang='lat' dir='ltr'><strong>et</strong></span> <span class='ocrx_word' id='word_1_739' title='bbox 1644 4968 1801 5022; x_wconf 83' lang='lat' dir='ltr'><strong>sede-</strong></span> 
     </span>
    </p>
   </div>
   <div class='ocr_carea' id='block_1_95' title="bbox 220 5058 1802 5131">
    <p class='ocr_par' dir='ltr' id='par_1_95' title="bbox 220 5058 1802 5131">
     <span class='ocr_line' id='line_1_95' title="bbox 220 5058 1802 5131; baseline -0.004 -14"><span class='ocrx_word' id='word_1_740' title='bbox 220 5078 349 5117; x_wconf 88' lang='lat' dir='ltr'><strong>rem</strong></span> <span class='ocrx_word' id='word_1_741' title='bbox 380 5076 543 5131; x_wconf 89' lang='lat' dir='ltr'><strong>supra</strong></span> <span class='ocrx_word' id='word_1_742' title='bbox 590 5076 815 5125; x_wconf 81' lang='lat' dir='ltr'><strong>saxum,</strong></span> <span class='ocrx_word' id='word_1_743' title='bbox 847 5060 1067 5113; x_wconf 87' lang='lat' dir='ltr'><strong>hamum</strong></span> <span class='ocrx_word' id='word_1_744' title='bbox 1097 5069 1229 5114; x_wconf 75' lang='lat' dir='ltr'><strong>seta:</strong></span> <span class='ocrx_word' id='word_1_745' title='bbox 1262 5059 1520 5113; x_wconf 82' lang='lat' dir='ltr'><strong>innexum</strong></span> <span class='ocrx_word' id='word_1_746' title='bbox 1566 5066 1619 5113; x_wconf 92' lang='lat' dir='ltr'><strong>et</strong></span> <span class='ocrx_word' id='word_1_747' title='bbox 1651 5058 1802 5113; x_wconf 90' lang='lat' dir='ltr'><strong>deci-</strong></span> 
     </span>
    </p>
   </div>
   <div class='ocr_carea' id='block_1_96' title="bbox 220 5149 1799 5227">
    <p class='ocr_par' dir='ltr' id='par_1_96' title="bbox 220 5149 1799 5227">
     <span class='ocr_line' id='line_1_96' title="bbox 220 5149 1799 5227; baseline -0.003 -19"><span class='ocrx_word' id='word_1_748' title='bbox 220 5153 447 5227; x_wconf 85' lang='lat' dir='ltr'><strong>piendis</strong></span> <span class='ocrx_word' id='word_1_749' title='bbox 480 5152 725 5223; x_wconf 87' lang='lat' dir='ltr'><strong>piscibus</strong></span> <span class='ocrx_word' id='word_1_750' title='bbox 774 5157 1020 5221; x_wconf 88' lang='lat' dir='ltr'><strong>aptatum</strong></span> <span class='ocrx_word' id='word_1_751' title='bbox 1077 5150 1286 5204; x_wconf 87' lang='lat' dir='ltr'><strong>habens</strong></span> <span class='ocrx_word' id='word_1_752' title='bbox 1319 5149 1375 5203; x_wconf 87' lang='lat' dir='ltr'><strong>in</strong></span> <span class='ocrx_word' id='word_1_753' title='bbox 1406 5165 1569 5203; x_wconf 88' lang='lat' dir='ltr'><strong>manu</strong></span> <span class='ocrx_word' id='word_1_754' title='bbox 1591 5189 1606 5214; x_wconf 94' lang='lat'><strong>,</strong></span> <span class='ocrx_word' id='word_1_755' title='bbox 1636 5149 1710 5203; x_wconf 91' lang='lat' dir='ltr'><strong>ita</strong></span> <span class='ocrx_word' id='word_1_756' title='bbox 1738 5158 1799 5203; x_wconf 91' lang='lat' dir='ltr'><strong>ut</strong></span> 
     </span>
    </p>
   </div>
   <div class='ocr_carea' id='block_1_97' title="bbox 220 5240 1795 5312">
    <p class='ocr_par' dir='ltr' id='par_1_97' title="bbox 220 5240 1795 5312">
     <span class='ocr_line' id='line_1_97' title="bbox 220 5240 1795 5312; baseline -0.006 -8"><span class='ocrx_word' id='word_1_757' title='bbox 220 5251 523 5304; x_wconf 78' lang='lat' dir='ltr'><strong>hzerentem</strong></span> <span class='ocrx_word' id='word_1_758' title='bbox 546 5244 599 5301; x_wconf 90' lang='lat' dir='ltr'><strong>ei</strong></span> <span class='ocrx_word' id='word_1_759' title='bbox 621 5262 733 5301; x_wconf 91' lang='lat' dir='ltr'><strong>non</strong></span> <span class='ocrx_word' id='word_1_760' title='bbox 759 5244 1026 5299; x_wconf 87' lang='lat' dir='ltr'><strong>senserim</strong></span> <span class='ocrx_word' id='word_1_761' title='bbox 1060 5243 1289 5312; x_wconf 88' lang='lat' dir='ltr'><strong>piscem,</strong></span> <span class='ocrx_word' id='word_1_762' title='bbox 1319 5240 1449 5295; x_wconf 92' lang='lat' dir='ltr'><strong>dum</strong></span> <span class='ocrx_word' id='word_1_763' title='bbox 1480 5256 1637 5295; x_wconf 90' lang='lat' dir='ltr'><strong>mens</strong></span> <span class='ocrx_word' id='word_1_764' title='bbox 1674 5256 1795 5294; x_wconf 89' lang='lat' dir='ltr'><strong>mea</strong></span> 
     </span>
    </p>
   </div>
   <div class='ocr_carea' id='block_1_98' title="bbox 217 5333 1798 5413">
    <p class='ocr_par' dir='ltr' id='par_1_98' title="bbox 217 5333 1798 5413">
     <span class='ocr_line' id='line_1_98' title="bbox 217 5333 1798 5413; baseline -0.007 -18"><span class='ocrx_word' id='word_1_765' title='bbox 217 5357 326 5413; x_wconf 70' lang='lat' dir='ltr'><strong>per</strong></span> <span class='ocrx_word' id='word_1_766' title='bbox 354 5339 765 5395; x_wconf 84' lang='lat' dir='ltr'><strong>desiderabilem</strong></span> <span class='ocrx_word' id='word_1_767' title='bbox 796 5336 929 5391; x_wconf 89' lang='lat' dir='ltr'><strong>mihi</strong></span> <span class='ocrx_word' id='word_1_768' title='bbox 982 5333 1283 5389; x_wconf 83' lang='lat' dir='ltr'><strong>Jerusalem</strong></span> <span class='ocrx_word' id='word_1_769' title='bbox 1309 5334 1548 5389; x_wconf 88' lang='lat' dir='ltr'><strong>distenta</strong></span> <span class='ocrx_word' id='word_1_770' title='bbox 1575 5349 1798 5402; x_wconf 87' lang='lat' dir='ltr'><strong>percur-</strong></span> 
     </span>
    </p>
   </div>
   <div class='ocr_carea' id='block_1_99' title="bbox 215 5424 1797 5501">
    <p class='ocr_par' dir='ltr' id='par_1_99' title="bbox 215 5424 1797 5501">
     <span class='ocr_line' id='line_1_99' title="bbox 215 5424 1797 5501; baseline -0.008 -12"><span class='ocrx_word' id='word_1_771' title='bbox 215 5439 396 5493; x_wconf 87' lang='lat' dir='ltr'><strong>reret,</strong></span> <span class='ocrx_word' id='word_1_772' title='bbox 423 5431 682 5501; x_wconf 87' lang='lat' dir='ltr'><strong>adquam</strong></span> <span class='ocrx_word' id='word_1_773' title='bbox 724 5444 856 5484; x_wconf 82' lang='lat' dir='ltr'><strong>sane</strong></span> <span class='ocrx_word' id='word_1_774' title='bbox 900 5428 1238 5482; x_wconf 89' lang='lat' dir='ltr'><strong>oblationum</strong></span> <span class='ocrx_word' id='word_1_775' title='bbox 1286 5426 1462 5496; x_wconf 89' lang='lat' dir='ltr'><strong>gratia</strong></span> <span class='ocrx_word' id='word_1_776' title='bbox 1502 5433 1557 5479; x_wconf 93' lang='lat' dir='ltr'><strong>et</strong></span> <span class='ocrx_word' id='word_1_777' title='bbox 1593 5424 1797 5478; x_wconf 84' lang='lat' dir='ltr'><strong>oratio-</strong></span> 
     </span>
    </p>
   </div>
   <div class='ocr_carea' id='block_1_100' title="bbox 215 5515 1796 5595">
    <p class='ocr_par' dir='ltr' id='par_1_100' title="bbox 215 5515 1796 5595">
     <span class='ocr_line' id='line_1_100' title="bbox 215 5515 1796 5595; baseline -0.009 -12"><span class='ocrx_word' id='word_1_778' title='bbox 215 5540 359 5583; x_wconf 78' lang='lat' dir='ltr'><strong>num</strong></span> <span class='ocrx_word' id='word_1_779' title='bbox 389 5524 618 5595; x_wconf 86' lang='lat' dir='ltr'><strong>vigilans</strong></span> <span class='ocrx_word' id='word_1_780' title='bbox 648 5524 958 5592; x_wconf 88' lang='lat' dir='ltr'><strong>frequenter</strong></span> <span class='ocrx_word' id='word_1_781' title='bbox 987 5517 1583 5575; x_wconf 77' lang='lat' dir='ltr'><strong>ascenderam.Verum</strong></span> <span class='ocrx_word' id='word_1_782' title='bbox 1610 5524 1663 5570; x_wconf 86' lang='lat' dir='ltr'><strong>et</strong></span> <span class='ocrx_word' id='word_1_783' title='bbox 1685 5515 1796 5570; x_wconf 67' lang='lat' dir='ltr'><strong>Cte-</strong></span> 
     </span>
    </p>
   </div>
   <div class='ocr_carea' id='block_1_101' title="bbox 218 5609 1793 5675">
    <p class='ocr_par' dir='ltr' id='par_1_101' title="bbox 218 5609 1793 5675">
     <span class='ocr_line' id='line_1_101' title="bbox 218 5609 1793 5675; baseline -0.006 -2"><span class='ocrx_word' id='word_1_784' title='bbox 218 5632 444 5674; x_wconf 81' lang='lat' dir='ltr'><strong>saream</strong></span> <span class='ocrx_word' id='word_1_785' title='bbox 474 5618 613 5671; x_wconf 91' lang='lat' dir='ltr'><strong>hanc</strong></span> <span class='ocrx_word' id='word_1_786' title='bbox 642 5615 832 5670; x_wconf 85' lang='lat' dir='ltr'><strong>mirari</strong></span> <span class='ocrx_word' id='word_1_787' title='bbox 863 5614 932 5668; x_wconf 90' lang='lat' dir='ltr'><strong>ab</strong></span> <span class='ocrx_word' id='word_1_788' title='bbox 955 5614 1079 5667; x_wconf 89' lang='lat' dir='ltr'><strong>aliis</strong></span> <span class='ocrx_word' id='word_1_789' title='bbox 1109 5611 1339 5667; x_wconf 89' lang='lat' dir='ltr'><strong>audiens</strong></span> <span class='ocrx_word' id='word_1_790' title='bbox 1358 5649 1373 5675; x_wconf 92' lang='lat'><strong>,</strong></span> <span class='ocrx_word' id='word_1_791' title='bbox 1406 5618 1458 5665; x_wconf 89' lang='lat' dir='ltr'><strong>et</strong></span> <span class='ocrx_word' id='word_1_792' title='bbox 1477 5609 1793 5664; x_wconf 83' lang='lat' dir='ltr'><strong>desiderare</strong></span> 
     </span>
    </p>
   </div>
   <div class='ocr_carea' id='block_1_102' title="bbox 215 5700 1789 5778">
    <p class='ocr_par' dir='ltr' id='par_1_102' title="bbox 215 5700 1789 5778">
     <span class='ocr_line' id='line_1_102' title="bbox 215 5700 1789 5778; baseline -0.007 -10"><span class='ocrx_word' id='word_1_793' title='bbox 215 5710 466 5768; x_wconf 83' lang='lat' dir='ltr'><strong>solebam</strong></span> <span class='ocrx_word' id='word_1_794' title='bbox 496 5749 511 5772; x_wconf 89' lang='lat'><em>.</em></span> <span class='ocrx_word' id='word_1_795' title='bbox 543 5718 595 5765; x_wconf 91' lang='lat' dir='ltr'><strong>et</strong></span> <span class='ocrx_word' id='word_1_796' title='bbox 643 5723 761 5766; x_wconf 92' lang='lat' dir='ltr'><strong>eam</strong></span> <span class='ocrx_word' id='word_1_797' title='bbox 798 5710 851 5764; x_wconf 90' lang='lat' dir='ltr'><strong>iu</strong></span> <span class='ocrx_word' id='word_1_798' title='bbox 882 5722 989 5778; x_wconf 86' lang='lat' dir='ltr'><strong>qua</strong></span> <span class='ocrx_word' id='word_1_799' title='bbox 1023 5704 1267 5762; x_wconf 86' lang='lat' dir='ltr'><strong>nondum</strong></span> <span class='ocrx_word' id='word_1_800' title='bbox 1308 5702 1518 5760; x_wconf 82' lang='lat' dir='ltr'><strong>fueram</strong></span> <span class='ocrx_word' id='word_1_801' title='bbox 1549 5743 1566 5769; x_wconf 90' lang='lat'><strong>,</strong></span> <span class='ocrx_word' id='word_1_802' title='bbox 1604 5700 1789 5757; x_wconf 85' lang='lat' dir='ltr'><strong>videre</strong></span> 
     </span>
    </p>
   </div>
   <div class='ocr_carea' id='block_1_103' title="bbox 1908 4498 3477 4573">
    <p class='ocr_par' dir='ltr' id='par_1_103' title="bbox 1908 4498 3477 4573">
     <span class='ocr_line' id='line_1_103' title="bbox 1908 4498 3477 4573; baseline 0 -16"><span class='ocrx_word' id='word_1_803' title='bbox 1908 4518 2114 4573; x_wconf 89' lang='lat' dir='ltr'><strong>quosve</strong></span> <span class='ocrx_word' id='word_1_804' title='bbox 2141 4510 2440 4557; x_wconf 88' lang='lat' dir='ltr'><strong>conventus</strong></span> <span class='ocrx_word' id='word_1_805' title='bbox 2472 4502 2625 4557; x_wconf 92' lang='lat' dir='ltr'><strong>visus</strong></span> <span class='ocrx_word' id='word_1_806' title='bbox 2648 4500 2779 4553; x_wconf 88' lang='lat' dir='ltr'><strong>mihi</strong></span> <span class='ocrx_word' id='word_1_807' title='bbox 2807 4498 3029 4554; x_wconf 88' lang='lat' dir='ltr'><strong>fuissem</strong></span> <span class='ocrx_word' id='word_1_808' title='bbox 3053 4500 3256 4555; x_wconf 89' lang='lat' dir='ltr'><strong>videre.</strong></span> <span class='ocrx_word' id='word_1_809' title='bbox 3292 4500 3395 4555; x_wconf 90' lang='lat' dir='ltr'><strong>Sed</strong></span> <span class='ocrx_word' id='word_1_810' title='bbox 3422 4513 3477 4557; x_wconf 88' lang='lat' dir='ltr'><strong>et</strong></span> 
     </span>
    </p>
   </div>
   <div class='ocr_carea' id='block_1_104' title="bbox 1905 4592 3476 4664">
    <p class='ocr_par' dir='ltr' id='par_1_104' title="bbox 1905 4592 3476 4664">
     <span class='ocr_line' id='line_1_104' title="bbox 1905 4592 3476 4664; baseline 0 -13"><span class='ocrx_word' id='word_1_811' title='bbox 1905 4597 1973 4651; x_wconf 90' lang='lat' dir='ltr'><strong>de</strong></span> <span class='ocrx_word' id='word_1_812' title='bbox 1996 4595 2244 4650; x_wconf 62' lang='lat' dir='ltr'><strong>Caesarea</strong></span> <span class='ocrx_word' id='word_1_813' title='bbox 2286 4609 2447 4664; x_wconf 91' lang='lat' dir='ltr'><strong>quam</strong></span> <span class='ocrx_word' id='word_1_814' title='bbox 2479 4609 2754 4664; x_wconf 87' lang='lat' dir='ltr'><strong>nunquam</strong></span> <span class='ocrx_word' id='word_1_815' title='bbox 2793 4592 3030 4646; x_wconf 89' lang='lat' dir='ltr'><strong>videram</strong></span> <span class='ocrx_word' id='word_1_816' title='bbox 3056 4632 3073 4659; x_wconf 91' lang='lat'><strong>,</strong></span> <span class='ocrx_word' id='word_1_817' title='bbox 3118 4594 3476 4651; x_wconf 84' lang='lat' dir='ltr'><strong>nihilominus</strong></span> 
     </span>
    </p>
   </div>
   <div class='ocr_carea' id='block_1_105' title="bbox 1904 4684 3475 4756">
    <p class='ocr_par' dir='ltr' id='par_1_105' title="bbox 1904 4684 3475 4756">
     <span class='ocr_line' id='line_1_105' title="bbox 1904 4684 3475 4756; baseline -0.002 -12"><span class='ocrx_word' id='word_1_818' title='bbox 1904 4688 2337 4752; x_wconf 89' lang='lat' dir='ltr'><strong>contendebam,</strong></span> <span class='ocrx_word' id='word_1_819' title='bbox 2372 4685 2517 4756; x_wconf 85' lang='lat' dir='ltr'><strong>quod</strong></span> <span class='ocrx_word' id='word_1_820' title='bbox 2545 4692 2690 4739; x_wconf 89' lang='lat' dir='ltr'><strong>esset</strong></span> <span class='ocrx_word' id='word_1_821' title='bbox 2738 4684 2881 4745; x_wconf 90' lang='lat' dir='ltr'><strong>talis,</strong></span> <span class='ocrx_word' id='word_1_822' title='bbox 2936 4684 3150 4753; x_wconf 90' lang='lat' dir='ltr'><strong>qualem</strong></span> <span class='ocrx_word' id='word_1_823' title='bbox 3201 4696 3378 4739; x_wconf 86' lang='lat' dir='ltr'><strong>mente</strong></span> <span class='ocrx_word' id='word_1_824' title='bbox 3422 4696 3475 4741; x_wconf 93' lang='lat' dir='ltr'><strong>et</strong></span> 
     </span>
    </p>
   </div>
   <div class='ocr_carea' id='block_1_106' title="bbox 1903 4776 3472 4853">
    <p class='ocr_par' dir='ltr' id='par_1_106' title="bbox 1903 4776 3472 4853">
     <span class='ocr_line' id='line_1_106' title="bbox 1903 4776 3472 4853; baseline -0.004 -15"><span class='ocrx_word' id='word_1_825' title='bbox 1903 4782 2229 4853; x_wconf 81' lang='lat' dir='ltr'><strong>cogitatione</strong></span> <span class='ocrx_word' id='word_1_826' title='bbox 2258 4794 2635 4849; x_wconf 88' lang='lat' dir='ltr'><strong>conceperam.</strong></span> <span class='ocrx_word' id='word_1_827' title='bbox 2667 4776 2803 4831; x_wconf 88' lang='lat' dir='ltr'><strong>Cum</strong></span> <span class='ocrx_word' id='word_1_828' title='bbox 2836 4786 3016 4831; x_wconf 89' lang='lat' dir='ltr'><strong>autem</strong></span> <span class='ocrx_word' id='word_1_829' title='bbox 3042 4777 3311 4832; x_wconf 89' lang='lat' dir='ltr'><strong>venissem</strong></span> <span class='ocrx_word' id='word_1_830' title='bbox 3342 4778 3472 4846; x_wconf 86' lang='lat' dir='ltr'><strong>huc,</strong></span> 
     </span>
    </p>
   </div>
   <div class='ocr_carea' id='block_1_107' title="bbox 1902 4868 3473 4939">
    <p class='ocr_par' dir='ltr' id='par_1_107' title="bbox 1902 4868 3473 4939">
     <span class='ocr_line' id='line_1_107' title="bbox 1902 4868 3473 4939; baseline -0.003 -11"><span class='ocrx_word' id='word_1_831' title='bbox 1902 4874 2038 4928; x_wconf 85' lang='lat' dir='ltr'><strong>nihil</strong></span> <span class='ocrx_word' id='word_1_832' title='bbox 2102 4871 2323 4926; x_wconf 89' lang='lat' dir='ltr'><strong>omnino</strong></span> <span class='ocrx_word' id='word_1_833' title='bbox 2376 4870 2554 4924; x_wconf 89' lang='lat' dir='ltr'><strong>simile</strong></span> <span class='ocrx_word' id='word_1_834' title='bbox 2607 4868 2907 4939; x_wconf 88' lang='lat' dir='ltr'><strong>respiciens</strong></span> <span class='ocrx_word' id='word_1_835' title='bbox 2954 4884 3144 4923; x_wconf 87' lang='lat' dir='ltr'><strong>eorum</strong></span> <span class='ocrx_word' id='word_1_836' title='bbox 3202 4884 3323 4938; x_wconf 63' lang='lat' dir='ltr'><strong>quae</strong></span> <span class='ocrx_word' id='word_1_837' title='bbox 3376 4885 3473 4939; x_wconf 86' lang='lat' dir='ltr'><strong>per</strong></span> 
     </span>
    </p>
   </div>
   <div class='ocr_carea' id='block_1_108' title="bbox 1902 4959 3472 5035">
    <p class='ocr_par' dir='ltr' id='par_1_108' title="bbox 1902 4959 3472 5035">
     <span class='ocr_line' id='line_1_108' title="bbox 1902 4959 3472 5035; baseline -0.003 -16"><span class='ocrx_word' id='word_1_838' title='bbox 1902 4964 2220 5035; x_wconf 86' lang='lat' dir='ltr'><strong>phantasias</strong></span> <span class='ocrx_word' id='word_1_839' title='bbox 2274 4961 2556 5025; x_wconf 87' lang='lat' dir='ltr'><strong>videram,</strong></span> <span class='ocrx_word' id='word_1_840' title='bbox 2613 4960 2935 5030; x_wconf 89' lang='lat' dir='ltr'><strong>reprehendi</strong></span> <span class='ocrx_word' id='word_1_841' title='bbox 2987 4959 3366 5030; x_wconf 88' lang='lat' dir='ltr'><strong>memetipsum</strong></span> <span class='ocrx_word' id='word_1_842' title='bbox 3417 4968 3472 5015; x_wconf 91' lang='lat' dir='ltr'><strong>et</strong></span> 
     </span>
    </p>
   </div>
   <div class='ocr_carea' id='block_1_109' title="bbox 1900 5050 3467 5124">
    <p class='ocr_par' dir='ltr' id='par_1_109' title="bbox 1900 5050 3467 5124">
     <span class='ocr_line' id='line_1_109' title="bbox 1900 5050 3467 5124; baseline -0.003 -14"><span class='ocrx_word' id='word_1_843' title='bbox 1900 5056 2083 5110; x_wconf 86' lang='lat' dir='ltr'><strong>notavi</strong></span> <span class='ocrx_word' id='word_1_844' title='bbox 2116 5054 2306 5116; x_wconf 91' lang='lat' dir='ltr'><strong>valde,</strong></span> <span class='ocrx_word' id='word_1_845' title='bbox 2337 5054 2464 5124; x_wconf 89' lang='lat' dir='ltr'><strong>quia</strong></span> <span class='ocrx_word' id='word_1_846' title='bbox 2493 5068 2559 5106; x_wconf 79' lang='lat' dir='ltr'><strong>ex</strong></span> <span class='ocrx_word' id='word_1_847' title='bbox 2594 5051 2715 5107; x_wconf 85' lang='lat' dir='ltr'><strong>aliis</strong></span> <span class='ocrx_word' id='word_1_848' title='bbox 2746 5067 2866 5121; x_wconf 69' lang='lat' dir='ltr'><strong>qua:</strong></span> <span class='ocrx_word' id='word_1_849' title='bbox 2892 5050 3133 5105; x_wconf 88' lang='lat' dir='ltr'><strong>videram</strong></span> <span class='ocrx_word' id='word_1_850' title='bbox 3157 5091 3170 5113; x_wconf 92' lang='lat'><strong>,</strong></span> <span class='ocrx_word' id='word_1_851' title='bbox 3204 5058 3389 5120; x_wconf 89' lang='lat' dir='ltr'><strong>portas</strong></span> <span class='ocrx_word' id='word_1_852' title='bbox 3418 5052 3467 5105; x_wconf 91' lang='lat' dir='ltr'><strong>ei</strong></span> 
     </span>
    </p>
   </div>
   <div class='ocr_carea' id='block_1_110' title="bbox 1899 5143 3471 5214">
    <p class='ocr_par' dir='ltr' id='par_1_110' title="bbox 1899 5143 3471 5214">
     <span class='ocr_line' id='line_1_110' title="bbox 1899 5143 3471 5214; baseline -0.003 -13"><span class='ocrx_word' id='word_1_853' title='bbox 1899 5158 1951 5201; x_wconf 91' lang='lat' dir='ltr'><strong>et</strong></span> <span class='ocrx_word' id='word_1_854' title='bbox 1982 5162 2168 5201; x_wconf 89' lang='lat' dir='ltr'><strong>muros</strong></span> <span class='ocrx_word' id='word_1_855' title='bbox 2199 5145 2442 5214; x_wconf 89' lang='lat' dir='ltr'><strong>aliasque</strong></span> <span class='ocrx_word' id='word_1_856' title='bbox 2485 5144 2660 5210; x_wconf 68' lang='lat' dir='ltr'><strong>mdes,</strong></span> <span class='ocrx_word' id='word_1_857' title='bbox 2709 5159 2897 5198; x_wconf 83' lang='lat' dir='ltr'><strong>revera</strong></span> <span class='ocrx_word' id='word_1_858' title='bbox 2944 5143 3355 5197; x_wconf 88' lang='lat' dir='ltr'><strong>similitudinem</strong></span> <span class='ocrx_word' id='word_1_859' title='bbox 3400 5157 3471 5197; x_wconf 78' lang='lat' dir='ltr'><strong>ex</strong></span> 
     </span>
    </p>
   </div>
   <div class='ocr_carea' id='block_1_111' title="bbox 1898 5234 3468 5309">
    <p class='ocr_par' dir='ltr' id='par_1_111' title="bbox 1898 5234 3468 5309">
     <span class='ocr_line' id='line_1_111' title="bbox 1898 5234 3468 5309; baseline -0.005 -14"><span class='ocrx_word' id='word_1_860' title='bbox 1898 5242 2021 5296; x_wconf 91' lang='lat' dir='ltr'><strong>aliis</strong></span> <span class='ocrx_word' id='word_1_861' title='bbox 2067 5240 2289 5309; x_wconf 87' lang='lat' dir='ltr'><strong>capiens</strong></span> <span class='ocrx_word' id='word_1_862' title='bbox 2339 5236 2615 5292; x_wconf 89' lang='lat' dir='ltr'><strong>dederam.</strong></span> <span class='ocrx_word' id='word_1_863' title='bbox 2688 5234 2872 5304; x_wconf 86' lang='lat' dir='ltr'><strong>Neque</strong></span> <span class='ocrx_word' id='word_1_864' title='bbox 2924 5235 3068 5289; x_wconf 89' lang='lat' dir='ltr'><strong>enim</strong></span> <span class='ocrx_word' id='word_1_865' title='bbox 3125 5234 3247 5303; x_wconf 87' lang='lat' dir='ltr'><strong>quis</strong></span> <span class='ocrx_word' id='word_1_866' title='bbox 3289 5242 3468 5304; x_wconf 86' lang='lat' dir='ltr'><strong>potest</strong></span> 
     </span>
    </p>
   </div>
   <div class='ocr_carea' id='block_1_112' title="bbox 1896 5325 3466 5399">
    <p class='ocr_par' dir='ltr' id='par_1_112' title="bbox 1896 5325 3466 5399">
     <span class='ocr_line' id='line_1_112' title="bbox 1896 5325 3466 5399; baseline -0.004 -13"><span class='ocrx_word' id='word_1_867' title='bbox 1896 5347 2094 5387; x_wconf 88' lang='lat' dir='ltr'><strong>novum</strong></span> <span class='ocrx_word' id='word_1_868' title='bbox 2127 5330 2351 5399; x_wconf 89' lang='lat' dir='ltr'><strong>aliquid,</strong></span> <span class='ocrx_word' id='word_1_869' title='bbox 2383 5337 2436 5383; x_wconf 90' lang='lat' dir='ltr'><strong>et</strong></span> <span class='ocrx_word' id='word_1_870' title='bbox 2464 5328 2622 5398; x_wconf 89' lang='lat' dir='ltr'><strong>cujus</strong></span> <span class='ocrx_word' id='word_1_871' title='bbox 2651 5325 2825 5381; x_wconf 86' lang='lat' dir='ltr'><strong>forma</strong></span> <span class='ocrx_word' id='word_1_872' title='bbox 2850 5326 2999 5380; x_wconf 89' lang='lat' dir='ltr'><strong>nulla</strong></span> <span class='ocrx_word' id='word_1_873' title='bbox 3031 5340 3268 5393; x_wconf 88' lang='lat' dir='ltr'><strong>unquam</strong></span> <span class='ocrx_word' id='word_1_874' title='bbox 3295 5325 3466 5379; x_wconf 75' lang='lat' dir='ltr'><strong>exsti—</strong></span> 
     </span>
    </p>
   </div>
   <div class='ocr_carea' id='block_1_113' title="bbox 1896 5415 3464 5492">
    <p class='ocr_par' dir='ltr' id='par_1_113' title="bbox 1896 5415 3464 5492">
     <span class='ocr_line' id='line_1_113' title="bbox 1896 5415 3464 5492; baseline -0.008 -14"><span class='ocrx_word' id='word_1_875' title='bbox 1896 5424 2043 5485; x_wconf 81' lang='lat' dir='ltr'><strong>terit,</strong></span> <span class='ocrx_word' id='word_1_876' title='bbox 2080 5423 2336 5492; x_wconf 82' lang='lat' dir='ltr'><strong>eogitare.</strong></span> <span class='ocrx_word' id='word_1_877' title='bbox 2384 5417 2517 5472; x_wconf 84' lang='lat' dir='ltr'><strong>Nam</strong></span> <span class='ocrx_word' id='word_1_878' title='bbox 2556 5428 2611 5472; x_wconf 91' lang='lat' dir='ltr'><strong>et</strong></span> <span class='ocrx_word' id='word_1_879' title='bbox 2647 5417 2693 5473; x_wconf 91' lang='lat' dir='ltr'><strong>si</strong></span> <span class='ocrx_word' id='word_1_880' title='bbox 2739 5417 2869 5471; x_wconf 86' lang='lat' dir='ltr'><strong>velit</strong></span> <span class='ocrx_word' id='word_1_881' title='bbox 2897 5415 3093 5484; x_wconf 91' lang='lat' dir='ltr'><strong>aliquis</strong></span> <span class='ocrx_word' id='word_1_882' title='bbox 3121 5422 3309 5468; x_wconf 90' lang='lat' dir='ltr'><strong>tauros</strong></span> <span class='ocrx_word' id='word_1_883' title='bbox 3338 5428 3464 5467; x_wconf 89' lang='lat' dir='ltr'><strong>cum</strong></span> 
     </span>
    </p>
   </div>
   <div class='ocr_carea' id='block_1_114' title="bbox 1894 5504 3466 5587">
    <p class='ocr_par' dir='ltr' id='par_1_114' title="bbox 1894 5504 3466 5587">
     <span class='ocr_line' id='line_1_114' title="bbox 1894 5504 3466 5587; baseline -0.006 -17"><span class='ocrx_word' id='word_1_884' title='bbox 1894 5516 2078 5587; x_wconf 88' lang='lat' dir='ltr'><strong>quinis</strong></span> <span class='ocrx_word' id='word_1_885' title='bbox 2102 5514 2374 5584; x_wconf 88' lang='lat' dir='ltr'><strong>capitibus</strong></span> <span class='ocrx_word' id='word_1_886' title='bbox 2394 5528 2460 5567; x_wconf 81' lang='lat' dir='ltr'><strong>ex</strong></span> <span class='ocrx_word' id='word_1_887' title='bbox 2490 5527 2589 5566; x_wconf 89' lang='lat' dir='ltr'><strong>sua</strong></span> <span class='ocrx_word' id='word_1_888' title='bbox 2614 5509 2944 5580; x_wconf 84' lang='lat' dir='ltr'><strong>cogitatione</strong></span> <span class='ocrx_word' id='word_1_889' title='bbox 2972 5506 3225 5573; x_wconf 82' lang='lat' dir='ltr'><strong>formare,</strong></span> <span class='ocrx_word' id='word_1_890' title='bbox 3247 5520 3315 5559; x_wconf 78' lang='lat' dir='ltr'><strong>ex</strong></span> <span class='ocrx_word' id='word_1_891' title='bbox 3342 5504 3466 5560; x_wconf 82' lang='lat' dir='ltr'><strong>istis</strong></span> 
     </span>
    </p>
   </div>
   <div class='ocr_carea' id='block_1_115' title="bbox 1893 5594 3462 5678">
    <p class='ocr_par' dir='ltr' id='par_1_115' title="bbox 1893 5594 3462 5678">
     <span class='ocr_line' id='line_1_115' title="bbox 1893 5594 3462 5678; baseline -0.009 -17"><span class='ocrx_word' id='word_1_892' title='bbox 1893 5623 2032 5678; x_wconf 87' lang='lat' dir='ltr'><strong>quos</strong></span> <span class='ocrx_word' id='word_1_893' title='bbox 2062 5605 2195 5661; x_wconf 88' lang='lat' dir='ltr'><strong>vidit</strong></span> <span class='ocrx_word' id='word_1_894' title='bbox 2223 5621 2346 5659; x_wconf 89' lang='lat' dir='ltr'><strong>cum</strong></span> <span class='ocrx_word' id='word_1_895' title='bbox 2373 5603 2604 5673; x_wconf 80' lang='lat' dir='ltr'><strong>singulis</strong></span> <span class='ocrx_word' id='word_1_896' title='bbox 2634 5600 2925 5670; x_wconf 90' lang='lat' dir='ltr'><strong>capitibus,</strong></span> <span class='ocrx_word' id='word_1_897' title='bbox 2958 5599 3081 5653; x_wconf 91' lang='lat' dir='ltr'><strong>illos</strong></span> <span class='ocrx_word' id='word_1_898' title='bbox 3105 5597 3289 5669; x_wconf 89' lang='lat' dir='ltr'><strong>quinis</strong></span> <span class='ocrx_word' id='word_1_899' title='bbox 3311 5594 3462 5666; x_wconf 88' lang='lat' dir='ltr'><strong>capi-</strong></span> 
     </span>
    </p>
   </div>
   <div class='ocr_carea' id='block_1_116' title="bbox 1894 5687 3463 5771">
    <p class='ocr_par' dir='ltr' id='par_1_116' title="bbox 1894 5687 3463 5771">
     <span class='ocr_line' id='line_1_116' title="bbox 1894 5687 3463 5771; baseline -0.008 -15"><span class='ocrx_word' id='word_1_900' title='bbox 1894 5701 2040 5756; x_wconf 89' lang='lat' dir='ltr'><strong>tibus</strong></span> <span class='ocrx_word' id='word_1_901' title='bbox 2074 5698 2245 5771; x_wconf 79' lang='lat' dir='ltr'><strong>fingit.</strong></span> <span class='ocrx_word' id='word_1_902' title='bbox 2288 5697 2350 5751; x_wconf 77' lang='lat' dir='ltr'><strong>Et</strong></span> <span class='ocrx_word' id='word_1_903' title='bbox 2382 5706 2440 5751; x_wconf 90' lang='lat' dir='ltr'><strong>tu</strong></span> <span class='ocrx_word' id='word_1_904' title='bbox 2480 5710 2610 5766; x_wconf 85' lang='lat' dir='ltr'><strong>ergo</strong></span> <span class='ocrx_word' id='word_1_905' title='bbox 2656 5711 2826 5758; x_wconf 82' lang='lat' dir='ltr'><strong>nunc,</strong></span> <span class='ocrx_word' id='word_1_906' title='bbox 2858 5693 2904 5749; x_wconf 85' lang='lat' dir='ltr'><strong>si</strong></span> <span class='ocrx_word' id='word_1_907' title='bbox 2953 5708 3078 5749; x_wconf 81' lang='lat' dir='ltr'><strong>vcie</strong></span> <span class='ocrx_word' id='word_1_908' title='bbox 3126 5687 3333 5762; x_wconf 84' lang='lat' dir='ltr'><strong>aliquid</strong></span> <span class='ocrx_word' id='word_1_909' title='bbox 3365 5687 3463 5743; x_wconf 67' lang='lat' dir='ltr'><strong>tibi</strong></span> 
     </span>
    </p>
   </div>
  </div>
