3890 6192
506 322 651 377 19.79

1363 317 1420 371 S.
1459 315 1849 371 LLEMENTIS
1886 314 1906 369 l
1944 313 2110 369 ROM.
2152 312 2355 371 PONT.
2396 311 2642 368 OPERA.
2682 312 2905 369 DUBIA.

3610 312 3730 367 ηδτ)

501 442 704 498 videris
732 447 827 495 tua
857 439 1184 510 cogitatione
1221 438 1531 509 perspicere
1554 476 1570 500 ,
1611 446 1664 491 ct
1698 451 1864 507 supra
1898 435 2069 489 cmlus
2101 439 2147 496 Α
2174 436 2265 503 qui
2307 433 2377 488 ab
2408 448 2473 487 eo
2522 432 2651 486 facti
2687 442 2838 496 sunt,
2894 431 3037 487 sicut
3084 438 3137 486 et
3183 430 3271 486 lex
3318 429 3478 494 dicit,
3512 445 3733 500 quorum

503 534 724 598 intueri,
758 549 865 588 non
897 532 1121 587 dubium
1152 531 1285 601 quin
1312 546 1379 585 ex
1407 531 1494 585 his
1522 544 1583 584 ea
1617 529 1931 583 consideres
1954 543 2075 597 quae

504 630 558 684 in
588 628 754 683 terris
782 626 995 697 positus
1024 624 1196 679 vides.
1246 623 1354 677 Aut
1395 623 1440 677 si
1471 630 1631 693 putas
1661 621 1873 675 facilem
1905 621 2074 675 menti

500 732 610 777 tua
637 733 922 775 accessum
950 733 1075 773 esse
1114 732 1279 787 super
1326 716 1518 777 cmlos,
1553 725 1604 769 et
1633 714 1983 768 considerare
2024 723 2074 768 te

499 832 660 889 posse
710 828 832 884 quae
876 811 987 865 illic
1035 816 1184 873 sunt,
1236 816 1399 877 atque
1437 808 1715 861 immensae
1760 806 1904 860 illius
1935 805 2073 859 lucis

497 908 783 967 scientiam
822 919 1018 974 capere
1044 942 1059 965 ,
1108 908 1240 972 puto
1267 900 1317 956 ei
1355 899 1450 970 qui
1486 899 1575 953 illa
1613 904 1791 968 potest
1826 912 2074 965 compre-

501 1003 775 1062 hendere,
829 996 1045 1051 facilius
1086 1009 1208 1049 esse
1255 999 1315 1046 ut
1359 1006 1580 1047 sensum
1624 1006 1785 1045 suum
1819 989 1911 1058 qui
1944 989 2073 1042 illuc

497 1096 648 1151 novit
674 1089 987 1151 ascendere,
1015 1088 1069 1141 in
1092 1086 1325 1154 alicujus
1348 1091 1597 1138 nostrum
1620 1082 1713 1152 qui
1740 1081 2069 1143 assistimus,

494 1205 593 1245 cor
614 1195 667 1242 et
685 1192 876 1256 peetus
899 1181 1110 1251 injiciat
1129 1186 1183 1233 et
1204 1177 1373 1239 dicat,
1395 1189 1533 1246 quas
1555 1174 1609 1227 in
1627 1188 1692 1228 eo
1714 1172 2073 1241 cogitationes

494 1290 668 1355 gerat.
704 1278 763 1333 Si
804 1292 935 1346 ergo
965 1282 1120 1344 potes
1149 1270 1384 1339 alicujus
1412 1276 1661 1323 nostrum
1687 1306 1702 1331 ,
1746 1265 1840 1335 qui
1891 1274 2071 1319 tamen

495 1392 604 1431 non
656 1376 727 1429 sit
768 1384 897 1440 erga
944 1367 1185 1420 favorem
1224 1371 1378 1417 tuum
1415 1367 1745 1430 occupatus,
1784 1358 2073 1413 enuntiare

494 1466 855 1537 cogitationes
886 1459 1090 1521 cordis,
1116 1458 1418 1527 poterimus
1440 1453 1540 1507 tibi
1570 1452 1805 1506 fortasse
1826 1450 2070 1515 credere,

493 1559 639 1631 quod
672 1565 725 1613 et
750 1571 814 1611 ea
846 1568 969 1624 qua:
1001 1565 1167 1620 super
1194 1548 1363 1602 cmlos
1392 1551 1520 1601 sunt
1545 1583 1559 1609 ,
1596 1544 1740 1600 scire
1788 1542 2031 1613 potueris
2054 1582 2070 1606 ,

496 1654 621 1706 licet
652 1651 741 1703 illa
771 1647 943 1701 multo
973 1644 1084 1699 sint
1112 1642 1361 1696 celsiora.

563 1740 746 1797 LXVI.
788 1738 868 1793 Ad
904 1737 1017 1791 haec
1044 1734 1231 1789 Simon
1266 1752 1277 1786 :
1317 1730 1421 1797 Qui
1459 1745 1611 1794 vero,
1638 1728 1835 1799 inquit,
1869 1727 2069 1781 multas

494 1836 701 1890 naenias
751 1830 1002 1893 texuisti,
1048 1826 1174 1881 audi
1218 1826 1331 1895 jam
1382 1838 1547 1879 nunc.
1601 1821 1942 1891 Impossibile
1984 1826 2069 1874 est

492 1944 655 1982 omne
688 1924 833 1995 quod
864 1923 932 1977 ad
975 1920 1357 1990 cogitationem
1412 1914 1651 1969 hominis
1690 1915 1920 1975 venerit,
1959 1926 2069 1965 non

492 2020 654 2073 etiam
685 2033 742 2070 re
771 2016 885 2085 ipsa
910 2027 973 2066 ac
1010 2010 1241 2065 veritate
1270 2006 1604 2069 subsistere;
1636 2020 1757 2075 quae
1791 2006 1935 2058 enim
1960 2017 2068 2055 non

494 2108 821 2167 subsistunt,
840 2119 937 2157 nec
960 2100 1195 2171 speciem
1228 2097 1450 2159 habent,
1477 2111 1601 2165 qua:
1624 2102 1803 2150 autem
1830 2092 2067 2162 speciem

494 2214 603 2253 non
630 2196 852 2256 habent,
886 2208 986 2245 nec
1012 2188 1330 2259 cogitationi
1383 2193 1613 2255 possunt
1654 2198 1964 2239 occurrere.
2004 2180 2069 2234 Et

491 2292 733 2345 Petrus:
770 2287 826 2341 Si
875 2300 1056 2347 omne,
1113 2282 1322 2352 inquit,
1375 2280 1520 2351 quod
1569 2278 1637 2334 ad
1683 2276 2065 2348 cogitationem

490 2378 677 2431 venire
728 2380 925 2445 potest,
973 2372 1245 2436 subsistit,
1300 2370 1465 2423 istum
1510 2384 1672 2439 quem
1721 2367 1859 2421 dicis
1913 2373 2067 2420 extra

492 2468 755 2523 mundum
790 2481 912 2520 esse
942 2461 1327 2517 immensitatis
1363 2461 1564 2523 locum,
1603 2460 1649 2515 si
1682 2475 1806 2514 eum
1841 2458 1965 2528 quis
2011 2456 2067 2509 in

490 2561 657 2615 corde
690 2574 789 2613 suo
822 2557 1002 2610 lumen
1033 2568 1152 2609 esse
1186 2553 1408 2623 cogitet,
1455 2552 1596 2607 alius
1626 2567 1755 2607 vero
1789 2552 2065 2615 tenebras,

487 2648 764 2720 quomodo
793 2645 992 2716 poterit
1027 2660 1167 2698 unus
1198 2650 1360 2713 atque
1396 2641 1536 2695 idem
1574 2642 1728 2695 locus
1764 2640 2065 2694 secundum

488 2758 607 2803 eos,
642 2738 736 2809 qui
770 2738 988 2791 diversa
1021 2735 1087 2789 de
1132 2749 1198 2789 eo
1241 2735 1587 2804 cogitarunt,
1622 2739 1675 2786 et
1719 2732 1900 2784 lumen
1944 2746 2067 2786 esse

488 2843 545 2890 et
596 2830 864 2887 tenebrae?
920 2828 983 2882 Et
1035 2826 1221 2880 Simon
1271 2844 1284 2880 :
1334 2824 1535 2879 Omitte
1593 2839 1739 2877 nunc
1796 2823 1900 2877 ista
1946 2838 2067 2892 qua:

488 2940 591 2994 ego
624 2922 757 2986 dixi,
793 2929 852 2974 tu
890 2918 1021 2989 quid
1052 2933 1173 2971 esse
1205 2924 1362 2985 putes
1394 2931 1557 2985 super
1588 2914 1758 2968 coalos
1789 2913 1999 2967 dicito?

561 3010 770 3068 LXVII.
828 3010 895 3063 Et
940 3008 1136 3063 Petrus
1179 3025 1192 3061 :
1241 3006 1297 3059 Si
1347 3006 1413 3060 de
1452 3020 1617 3068 vero,
1664 3002 1873 3074 inquit,
1920 3004 2067 3059 fonte

2178 540 2344 578 unum
2373 524 2574 578 caelum
2601 525 2673 578 sit
2701 524 2976 594 superius,
3000 538 3108 593 quo
3135 524 3444 579 continetur
3472 523 3641 577 etiam
3668 524 3737 575 vi-

2175 616 2333 671 sibile
2359 615 2785 679 firmamentum,
2818 614 2950 670 illud
2979 630 3100 671 esse
3138 622 3457 685 perpetuum
3489 623 3549 669 et
3594 623 3738 667 aeter-

2176 720 2307 758 num
2342 720 2466 758 cum
2491 706 2573 759 bis
2602 708 2696 775 qui
2726 705 2971 759 habitant
3000 705 3109 771 ibi”;
3138 704 3281 759 istud
3316 713 3501 757 autem
3540 703 3739 757 visibilc

2174 797 2229 849 in
2251 797 2725 852 consummatione
2743 798 2926 852 saeculi
2948 796 3326 852 resolvendum
3345 812 3469 851 esse
3492 805 3549 849 et
3573 805 3739 848 trans-

2174 890 2275 952 ire,
2324 896 2383 943 ut
2430 889 2564 943 illud
2612 890 2811 944 caelum
2858 889 3004 959 quod
3044 897 3127 943 est
3156 888 3434 957 antiquius
3484 896 3541 941 et
3576 887 3738 940 excel-

2174 984 2289 1036 sius
2322 991 2445 1051 post
2487 982 2754 1051 judicium
2795 983 2998 1036 sanctis
3044 990 3097 1036 et
3142 981 3319 1051 dignis
3355 987 3642 1049 appareat.
3671 978 3737 1031 Ad

2173 1074 2291 1128 hate
2322 1073 2509 1129 Simon
2555 1074 2880 1145 respondit:
2922 1073 3046 1129 Haec
3093 1074 3170 1127 ita
3198 1088 3339 1135 esse,
3382 1081 3442 1125 ut
3497 1079 3559 1124 tu
3593 1070 3737 1131 dicis,

2174 1166 2534 1221 credentibus
2586 1169 2801 1236 possint
2852 1166 3047 1231 videri,
3094 1167 3143 1220 ei
3190 1176 3368 1219 autem
3420 1163 3519 1233 qui
3562 1163 3738 1217 horum

2172 1266 2452 1330 exspectat
2484 1260 2745 1321 rationes,
2774 1258 3111 1329 impossibile
3138 1267 3221 1313 est
3250 1273 3317 1313 ex
3366 1257 3489 1328 lege
3524 1255 3741 1327 proferri

2171 1361 2227 1406 et
2256 1354 2526 1420 praecipue
2553 1350 2619 1406 de
2650 1352 3019 1405 immensitate
3047 1350 3206 1406 lucis.

2245 1442 2427 1497 LXIX.
2469 1443 2533 1497 Et
2564 1442 2761 1498 Petrus
2794 1462 2807 1497 :
2839 1440 2983 1507 Noli,
3014 1441 3211 1511 inquit,
3242 1450 3437 1511 putare
3477 1456 3585 1495 nos
3611 1442 3739 1511 quod

2173 1535 2287 1590 b:ec
2323 1535 2427 1590 fide
2461 1536 2575 1589 sola
2612 1534 2923 1603 recipienda
2950 1550 3072 1589 esse
3112 1534 3379 1597 dicamus,
3418 1534 3521 1588 sed
3567 1543 3622 1588 et
3665 1549 3739 1586 ra-

2174 1632 2320 1685 tione
2346 1630 2663 1685 asserenda.
2696 1628 2883 1699 Neque
2912 1629 3058 1683 enim
3088 1636 3264 1681 tutum
3306 1638 3395 1682 est
3430 1628 3599 1681 nuda”:
3640 1627 3738 1680 haec

2174 1723 2297 1777 fidei
2329 1723 2535 1792 absque
2570 1723 2784 1777 ratione
2818 1720 3178 1784 committere,
3210 1736 3333 1774 cum
3378 1722 3577 1790 utique
3614 1720 3741 1774 veri-

2174 1823 2257 1867 tas
2284 1814 2495 1867 ratione
2523 1828 2632 1865 non
2671 1820 2878 1866 careat.
2912 1810 2976 1864 Et
3011 1810 3131 1864 ideo
3159 1810 3205 1841 "
3242 1809 3335 1879 qui
3369 1808 3492 1863 haec
3546 1809 3741 1862 ratione

2171 1906 2378 1959 munita
2414 1904 2740 1975 susceperit,
2772 1903 2999 1973 perdere
3073 1915 3137 1957 ea
3218 1918 3508 1973 nunquam
3554 1908 3737 1973 potest.

2171 1999 2263 2068 qui
2298 2014 2427 2053 vero
2453 1999 2660 2071 absque
2692 2001 3095 2057 assertionibus
3127 2015 3191 2055 ea
3219 2000 3457 2069 suscipit
3492 1999 3741 2069 simplicis

2170 2093 2442 2150 εει-11101155
2472 2107 2723 2158 assensu,
2749 2109 2925 2163 neque
2953 2108 3173 2148 servare
3194 2108 3255 2147 ea
3282 2101 3403 2146 tuto
3430 2102 3635 2161 ροιεει,
3659 2109 3739 2146 DC-

2169 2203 2275 2256 quc
2304 2190 2349 2243 si
2378 2203 2506 2242 vera
2538 2188 2649 2243 sint
2671 2194 2855 2242 certus
2882 2195 2985 2251 est,
3019 2187 3145 2257 quia
3172 2186 3264 2255 qui
3298 2186 3465 2241 facile
3489 2186 3662 2241 credit
3681 2186 3740 2237 fa-

2170 2279 2275 2333 cile
2298 2289 2351 2333 et
2373 2278 2579 2333 recedit
2605 2296 2621 2333 z
2652 2279 2744 2348 qui
2776 2287 2957 2332 autem
2986 2278 3249 2332 rationem
3280 2279 3541 2347 quasivit
3570 2293 3736 2333 eorum

2169 2387 2291 2440 quae
2316 2370 2571 2435 credidit,
2605 2377 2661 2425 et
2690 2370 2922 2441 accepit,
2952 2372 3110 2439 quasi
3141 2371 3374 2425 vinculis
3422 2370 3737 2441 quibusdam

2170 2462 2398 2517 rationis
2442 2463 2612 2531 ipsius
2662 2461 2983 2532 colligatus,
3040 2476 3318 2532 nunquam
3376 2463 3452 2516 ab
3505 2462 3592 2516 his
3633 2475 3736 2529 quae

2168 2555 2421 2618 credidit,
2448 2554 2631 2609 divelli
2662 2563 2755 2607 aut
2790 2555 3031 2623 separari
3060 2562 3259 2625 potest.
3290 2554 3356 2608 Et
3391 2554 3522 2610 ideo
3551 2562 3735 2624 quanto

2169 2648 2294 2717 quis
2330 2647 2651 2717 propensior
2685 2646 2849 2699 fuerit
2879 2647 2933 2699 in
2976 2648 3275 2715 expetenda
3317 2647 3561 2712 ratione,
3603 2653 3733 2699 tanto

2169 2740 2274 2794 erit
2299 2740 2506 2793 firmior
2537 2740 2589 2791 in
2618 2740 2994 2793 conservanda
3031 2740 3154 2795 fide.

2240 2830 2402 2885 LXX.
2446 2831 2525 2884 Ad
2559 2832 2671 2884 haec
2702 2829 2889 2883 Simon
2916 2850 2927 2884 :
2957 2830 3205 2900 Magnum
3232 2838 3336 2893 est,
3371 2830 3576 2900 inquit,
3605 2827 3730 2899 quod

2170 2922 2507 2991 repromittis
2555 2931 2613 2974 ut
2664 2920 2943 2975 immensae
2996 2920 3133 2973 lucis
3180 2918 3469 2972 aeternitas
3525 2933 3589 2971 ex
3633 2918 3729 2984 lege

2170 3014 2344 3085 possit
2391 3013 2625 3068 ostendi.
2659 3011 2908 3081 Cumque
2956 3010 3153 3066 Petrus
3200 3010 3436 3065 dixisset
3472 3029 3486 3064 :
3519 3006 3728 3075 Quando

489 3103 711 3160 luminis
735 3099 1011 3162 Cfﬁderes.
1045 3112 1259 3166 Possem
1294 3102 1349 3149 ιθ
1395 3094 1612 3158 docere.
1646 3094 1777 3163 (luid
1826 3103 1879 3148 ει
1928 3110 2066 3163 (luo‘
2092 3130 2134 3186 ο
2170 3108 2438 3173 volucris,
2474 3106 2659 3160 Simon
2691 3107 2765 3160 ait
2799 3125 2810 3159 :
2846 3104 3111 3171 Quoniam
3144 3104 3274 3157 hora
3300 3103 3418 3172 jam
3448 3104 3618 3157 multa
3641 3108 3727 3163 est,

488 3197 650 3251 modo
683 3202 827 3249 esset
878 3192 1024 3264 quod
1060 3192 1384 3244 immensum
1432 3196 1537 3252 est,
1568 3194 1622 3242 et
1668 3203 1777 3242 non
1833 3188 2067 3257 phanta-

489 3291 628 3343 siam
689 3300 905 3350 vanam,
958 3283 1055 3340 sed
1112 3287 1537 3351 cousequentem
1589 3290 1638 3334 et
1695 3281 2064 3335 necessariam

490 3380 759 3435 rationem
795 3377 1078 3432 redderem
1110 3373 1376 3437 veritatis,
1410 3387 1509 3426 nec
1553 3372 1949 3427 assertionibus
1978 3388 2069 3427 so-

492 3471 765 3543 phisticis,
802 3470 896 3524 sed
929 3468 1063 3538 legis
1097 3472 1151 3521 et
1179 3475 1390 3519 natura:
1420 3464 1749 3519 testimoniis
1779 3471 1980 3529 uterer,
2008 3471 2066 3519 ut

491 3568 664 3620 scires
706 3563 831 3633 quia
874 3560 1259 3615 immensitatis
1308 3558 1465 3612 fidem
1506 3559 1780 3627 praecipue
1825 3559 2067 3612 continet

492 3659 598 3712 lex.
639 3653 795 3722 Quod
827 3652 872 3707 si
923 3650 1306 3705 immensitatis
1348 3650 1489 3703 ratio
1536 3664 1643 3703 non
1694 3650 1823 3703 latet
1869 3649 2060 3719 legem.

490 3747 626 3801 nihil
657 3743 900 3815 profecto
932 3741 1077 3795 aliud
1116 3757 1234 3793 eam
1270 3741 1439 3796 latere
1472 3748 1671 3811 potest,
1715 3746 1769 3793 et
1805 3740 1926 3794 ideo
1964 3739 2058 3793 fal-

491 3852 613 3891 sum
648 3843 753 3897 est,
802 3833 948 3903 quod
999 3832 1202 3901 putasti
1236 3847 1357 3886 esse
1404 3832 1609 3902 aliquid
1657 3832 1802 3902 quod
1855 3834 2065 3902 ignoret

490 3929 595 3981 lex.
633 3925 799 3978 Multo
828 3931 1008 3977 autem
1042 3924 1276 3991 amplius
1299 3923 1432 3975 nihil
1467 3924 1651 3977 latebit
1685 3940 1829 3986 eum,
1862 3925 1953 3994 qui
1987 3926 2063 3978 le-

490 4035 609 4090 gem
641 4017 810 4072 dedit.
846 4013 955 4069 Nec
989 4022 1169 4067 tamen
1203 4028 1426 4083 possum
1473 4014 1569 4067 tibi
1606 4015 1807 4083 aliquid
1853 4014 1921 4069 de
1961 4016 2062 4067 im-

490 4108 779 4163 mensitate
808 4114 862 4160 et
888 4106 974 4160 his
997 4120 1118 4175 qua:
1142 4105 1261 4158 sine
1294 4104 1397 4159 Iine
1428 4112 1556 4159 sunt
1578 4105 1746 4174 loqui,
1769 4105 1876 4160 nisi
1906 4106 2061 4175 prius

488 4202 555 4256 de
589 4201 696 4262 his,
722 4199 814 4269 qui
855 4205 1005 4252 certo
1039 4199 1144 4251 line
1176 4197 1540 4251 terminantur
1579 4197 1753 4263 caelis,
1794 4196 2058 4251 rationem

490 4294 573 4347 vel
630 4292 903 4361 receperis
950 4298 1218 4353 nostram,
1267 4288 1351 4343 vel
1402 4289 1515 4358 ipse
1564 4290 1854 4358 protuleris
1889 4300 2056 4344 tuam.

489 4385 645 4452 Quod
675 4385 721 4439 si
739 4384 903 4439 dehis
927 4398 1047 4453 qua:
1076 4382 1240 4437 certis
1264 4380 1463 4435 finibus
1486 4381 2062 4436 concludunturintel—

2171 3201 2414 3255 crastino
2439 3198 2636 3253 astanti
2668 3197 2798 3251 mihi
2824 3207 2878 3251 et
2908 3197 3183 3257 renitenti,
3209 3194 3255 3250 si
3288 3195 3532 3264 probare
3556 3201 3726 3263 potue-

2171 3293 2246 3345 ris
2282 3291 2483 3345 factum
2516 3306 2636 3345 esse
2699 3291 2844 3342 hunc
2872 3288 3129 3342 mundum
3154 3297 3206 3340 ct
3238 3286 3455 3341 animas
3498 3300 3617 3341 esse
3644 3288 3728 3335 im-

2171 3382 2450 3447 mortales,
2475 3382 2699 3436 habebis
2726 3398 2810 3435 me
2844 3380 3153 3449 adjutorem
3182 3377 3591 3447 prredicationis
3618 3382 3723 3427 tux.

2171 3471 2234 3525 Et
2265 3488 2386 3526 cum
2417 3473 2530 3527 haec
2561 3473 2811 3537 dixisset,
2840 3486 3094 3543 egressus
3119 3477 3431 3532 est,secuta
3457 3477 3631 3523 autem
3658 3475 3725 3519 est

2168 3579 2289 3617 eum
2328 3582 2395 3620 ex
2439 3568 2588 3619 omni
2638 3565 2836 3635 populo
2877 3564 2971 3633 qui
3020 3580 3142 3617 cum
3179 3564 3297 3632 ipso
3340 3570 3574 3617 venerat
3619 3572 3725 3629 pars

2167 3657 2353 3719 tertia,
2384 3652 2478 3724 qui
2509 3661 2664 3708 erant
2692 3652 2847 3722 quasi
2882 3652 3029 3706 mille
3056 3652 3190 3719 viri;
3223 3653 3409 3705 caeteri
3442 3666 3569 3705 vero
3591 3649 3723 3702 ﬂexis

2166 3747 2397 3817 genibus
2429 3744 2779 3814 prostrabant
2810 3759 2868 3798 se
2897 3741 3080 3807 Petro,
3112 3756 3275 3811 super
3301 3757 3445 3811 quos
3476 3742 3563 3794 ille
3591 3740 3723 3792 invo-

2164 3848 2289 3892 cato
2323 3837 2412 3891 Dei
2449 3835 2692 3897 nomine,
2728 3835 2862 3889 alios
2906 3835 3172 3888 dazmonia
3214 3833 3485 3888 habentes
3511 3832 3717 3891 curavit,

2164 3928 2299 3981 alios
2334 3927 2495 3980 etiam
2528 3925 2849 3993 languentes
2879 3922 3114 3985 sanavit,
3147 3931 3199 3976 et
3235 3922 3310 3974 ita
3348 3921 3614 3975 laetantem
3638 3934 3722 3989 pe-

2164 4020 2351 4087 pulum
2380 4016 2607 4074 dimisit,
2638 4015 2904 4068 mandans
2933 4014 3034 4076 eis,
3071 4020 3129 4065 ut
3173 4013 3227 4065 in
3258 4014 3564 4067 crastinum
3593 4012 3717 4063 diem

2163 4110 2434 4165 maturius
2464 4108 2841 4164 convenirent.
2890 4104 3085 4160 Petrus
3135 4120 3260 4159 vero
3302 4120 3432 4158 cum
3477 4102 3717 4157 recessis—

2162 4214 2285 4259 sent
2317 4202 2508 4266 turbaa,
2543 4203 2713 4255 sterni
2736 4199 2902 4269 jussit
2939 4198 3088 4251 humi
3124 4197 3225 4251 sub
3258 4212 3387 4251 aere
3436 4196 3556 4249 atrii
3588 4190 3717 4247 nudo

2164 4295 2255 4347 ubi
2301 4293 2472 4347 fuerat
2516 4292 2877 4361 disputatum,
2909 4295 2962 4342 et
3013 4288 3264 4341 recubuit
3303 4302 3414 4339 una
3461 4301 3580 4339 cum
3618 4282 3716 4334 illis

2167 4384 2456 4450 undecim,
2500 4399 2601 4453 ego
2636 4398 2764 4435 vero
2803 4397 2929 4436 cum
2980 4380 3103 4435 aliis
3151 4378 3503 4450 quibusdam.
3544 4377 3629 4445 qui
3669 4379 3714 4426 et

489 4479 656 4547 Iigere
696 4491 803 4529 non
836 4483 1011 4545 potes,
1046 4475 1219 4528 multo
1252 4474 1424 4544 magis
1454 4473 1521 4527 de
1561 4474 1645 4528 his
1672 4490 1791 4543 qua:
1807 4475 1925 4529 sine
1956 4475 2058 4528 fine
2094 4473 2135 4527 D
2168 4479 2270 4548 ipsi
2303 4477 2456 4531 initia
2489 4475 2743 4531 audiendi
2793 4474 2943 4528 verbi
2976 4472 3068 4527 Dei
3116 4480 3441 4543 acceperant
3484 4477 3537 4523 et
3575 4472 3713 4521 erant

491 4576 643 4629 sunt.
674 4583 851 4637 neque
891 4568 1032 4621 scire
1062 4565 1267 4635 aliquid
1296 4566 1499 4635 poteris
1526 4581 1700 4634 neque
1726 4566 1956 4621 discere.

561 4659 788 4715 LXVIII.
807 4660 883 4715 Ad
910 4661 1021 4713 haec
1048 4659 1235 4713 Simon
1269 4678 1282 4712 ;
1315 4656 1526 4719 Melius,
1557 4660 1653 4722 ait,
1686 4660 1815 4711 mihi
1843 4659 2059 4714 videtur

491 4753 808 4823 simpliciter
842 4751 1084 4815 credere,
1114 4752 1241 4820 quia
1290 4750 1432 4804 Deus
1467 4758 1571 4813 est,
1614 4759 1667 4803 et
1709 4752 1834 4821 quia
1883 4753 2058 4807 solum

493 4845 637 4897 istud
668 4845 811 4914 quod
835 4846 1099 4907 videmus,
1133 4845 1203 4897 sit
1235 4845 1432 4897 malum
1464 4845 1517 4897 in
1550 4845 1804 4899 universo
1836 4845 2057 4901 mundo.

490 4928 556 4989 Et
577 4935 769 4991 Petrus
788 4935 930 4991 :Non
948 4938 1041 4997 ita,
1059 4937 1257 5006 inquit,
1279 4935 1374 4989 sed
1392 4952 1557 4989 unum
1571 4937 1789 5005 quidem
1808 4937 2056 4991 confiteri

490 5028 743 5082 convenit
773 5027 938 5083 Deum
963 5028 1054 5098 qui
1084 5044 1208 5083 vere
1239 5037 1355 5093 est;
1388 5029 1556 5083 cmlos
1589 5038 1773 5084 autem
1800 5046 1923 5085 csse
1945 5030 2058 5101 (79)

2167 4569 2498 4628 charissimi,
2532 4567 2854 4621 iccumbcns
2889 4565 3170 4620 sumebam
3192 4564 3398 4617 cibum.

2237 4662 2421 4716 LXXI.
2465 4660 2569 4714 Sed
2598 4659 3022 4729 benignissimus
3043 4656 3239 4711 Petrus
3267 4654 3629 4709 considerans,
3652 4660 3710 4698 ne

2164 4754 2306 4809 forte
2336 4754 2612 4808 tristitiam
2660 4751 2791 4804 mihi
2840 4750 3066 4804 inferret
3097 4748 3201 4802 ista
3244 4744 3611 4815 sequestratio,
3643 4737 3703 4789 ait

2166 4847 2232 4899 ad
2276 4862 2361 4899 me
2390 4866 2402 4900 :
2434 4844 2551 4898 Non
2597 4860 2694 4913 pro
2742 4842 3018 4911 superbia,
3049 4857 3082 4895 o
3115 4841 3386 4900 Clemens,
3425 4831 3701 4889 convivium

2165 4954 2272 4993 non
2306 4954 2405 5007 ago
2434 4953 2557 4989 cum
2591 4936 2676 4988 his
2715 4934 2806 5002 qui
2850 4932 3092 4987 nondum
3137 4930 3406 5000 purificati
3448 4933 3582 4984 sunt.
3620 4916 3699 4972 Sed

2167 5046 2356 5086 vereor
2402 5045 2468 5083 ne
2516 5028 2655 5081 forte
2689 5027 2819 5079 mihi
2852 5025 3071 5096 quidem
3114 5038 3361 5085 noceam,
3388 5022 3514 5089 ipsis
3540 5021 3698 5067 autem

564 5254 609 5284 "
651 5250 717 5304 Et
754 5250 867 5304 ideo
898 5282 962 5289 —
993 5248 1232 5318 separari
1274 5262 1442 5319 potest
1484 5251 1868 5306 desiderantur
1914 5253 1967 5305 in
2007 5258 2237 5320 utroque
2268 5251 2390 5306 cod.
2430 5250 2577 5321 Lips.

1795 5423 2161 5480 COTELERII
2200 5422 2430 5477 ΝΟΤᾸΞ.

561 5590 669 5657 (79)
712 5588 881 5642 Calor
918 5598 1091 5642 autem
1126 5604 1256 5642 esse.
1300 5586 1373 5641 De
1420 5588 1560 5641 coelo
1598 5593 1652 5641 ct
1689 5586 1844 5640 cmlis
1888 5586 2056 5657 multa

494 5661 669 5713 sancti
701 5657 910 5723 Patres,
936 5669 1097 5727 atque
1129 5660 1404 5711 contraria
1441 5678 1451 5709 :
1488 5656 1580 5710 sed
1611 5674 1695 5720 ea,
1720 5664 1777 5707 ut
1805 5665 1858 5709 et
1880 5655 2054 5727 majo-

494 5748 605 5786 rem
630 5724 1050 5800 Recoguiliouuin
1078 5736 1304 5798 partem,
1328 5728 1469 5798 quod
1497 5728 1561 5781 ad
1594 5728 1857 5780 humanas
1887 5724 2052 5780 disci-

2166 5587 2341 5656 plinas
2375 5588 2555 5654 potius
2594 5592 2865 5658 spectent,
2891 5600 3054 5658 quam
3086 5585 3154 5640 ad
3195 5580 3528 5656 theologiam,
3564 5568 3686 5628 notis

2164 5658 2493 5712 illustratum
2525 5672 2633 5711 non
2662 5656 2825 5711 imus.
