3890 6192
133 265 252 318 1981

1310 259 1873 318 RECOGNITIONUM
1908 261 2037 317 LIB.
2080 259 2165 318 Ill.

3210 262 3351 317 {282

131 378 254 433 nihil
281 375 503 446 prosim.
530 373 644 431 Hoc
673 376 817 431 enim
842 391 942 447 pro
962 385 1109 433 certo
1138 374 1282 431 scire
1305 385 1356 431 te
1382 377 1525 441 volo,
1549 377 1678 447 quia
1708 385 1756 441 Α
1785 386 1870 431 tra
1928 377 2262 432 voluntatem
2312 376 2433 445 ejus
2488 375 2696 431 habitat
2749 376 2805 429 in
2868 387 2936 430 eo
2985 375 3197 429 damon
3217 413 3232 437 ,
3297 381 3353 427 et

131 469 295 526 omnis
320 470 412 539 qui
460 470 603 524 idola
643 469 813 523 coluit
841 469 1153 541 aliquando,
1188 478 1241 525 et
1280 486 1375 527 eos
1416 487 1555 541 quos
1590 487 1685 541 pa-

131 561 244 631 gani
271 561 550 615 nominant
567 561 720 627 deos,
734 562 977 616 adoravit
997 563 1081 617 vel
1105 562 1170 618 de
1184 562 1478 618 immolatis
1496 579 1683 618 eorum

132 653 443 723 degustavit,
494 653 690 724 spiritu
737 654 1019 709 immundo
1074 669 1183 709 non
1229 664 1409 722 caret;
1458 655 1685 710 conviva

132 744 264 798 enim
289 742 469 800 factus
498 752 583 801 est
612 744 941 808 daemonum,
970 752 1023 800 et
1064 746 1410 816 participium
1454 747 1687 817 sumpsit

134 834 242 903 ejus
270 834 529 890 dazmonis
571 834 731 905 cujus
760 833 815 888 in
848 843 1028 891 mente
1074 852 1171 890 sua
1213 836 1469 905 speciem,
1499 837 1584 891 vel
1618 837 1687 890 ti—

133 940 273 980 more
313 928 397 981 vel
445 941 629 982 amore
670 926 923 983 formavit
952 928 1019 983 ⁷³.
1064 927 1261 998 Etper
1289 928 1405 983 haec
1450 930 1687 983 mundus

134 1032 234 1071 non
258 1025 340 1073 est
391 1032 422 1071 a
469 1018 663 1088 spiritu
708 1020 1010 1087 immundo,
1059 1027 1113 1074 et
1159 1020 1281 1074 ideo
1314 1018 1689 1089 purificatione

134 1106 327 1177 indiget
355 1109 635 1179 baptismi,
658 1118 720 1164 ut
741 1119 897 1167 exeat
922 1114 990 1167 ab
1011 1127 1077 1167 eo
1099 1111 1327 1182 spiritus
1351 1111 1685 1175 immundus,

134 1199 221 1267 qui
257 1199 543 1257 interiores
577 1203 770 1258 animae
809 1205 983 1274 ipsius
1028 1203 1226 1258 insedit
1276 1202 1499 1258 aﬂectus
1524 1202 1590 1267 “,
1631 1211 1689 1256 et

135 1287 269 1357 quod
295 1298 377 1343 est
408 1288 673 1355 deterius,
703 1308 805 1347 nec
828 1294 971 1364 quod
1003 1292 1336 1349 intrinsecus
1362 1293 1527 1348 lateat
1555 1292 1692 1348 indi-

137 1390 300 1445 catur,
329 1383 497 1437 utine
527 1385 837 1453 publicatus
866 1386 1102 1456 fugetur.

197 1471 396 1527 LXXII.
436 1474 636 1529 Amant
688 1476 835 1531 enim
874 1477 966 1533 isti
1020 1478 1247 1548 spiritus
1293 1477 1556 1533 immundi
1606 1478 1692 1533 in-

136 1561 328 1618 haerere
355 1566 680 1634 corporibus
708 1566 1009 1636 hominum,
1045 1577 1103 1623 ut
1129 1569 1370 1638 ipsorum
1390 1569 1691 1623 ministerio

138 1654 447 1722 cupiditates
468 1672 598 1713 suas
632 1659 906 1728 expleant,
930 1669 983 1715 et
1014 1659 1081 1714 ad
1110 1676 1175 1715 ea
1197 1676 1316 1731 qua:
1348 1661 1449 1730 ipsi
1476 1659 1691 1715 deside-

1785 472 1909 526 ideo
1933 472 1980 503 ⁷⁸
2018 470 2065 526 si
2119 485 2245 525 eum
2295 470 2419 540 quis
2458 469 2646 539 fugare
2688 469 2817 523 velit
2860 475 2914 523 et
2961 467 3230 538 expellere
3282 466 3352 518 ab

1785 577 1871 627 eo,
1903 577 2028 616 cum
2055 563 2127 618 sit
2161 562 2559 631 inseparabilis,
2606 567 2681 625 et,
2712 568 2772 614 ut
2823 559 2898 613 ita
2936 558 3139 622 dicam,
3172 557 3351 610 anima

1782 651 1895 720 jam
1934 652 2051 721 ejus
2081 651 2327 715 effectus,
2357 652 2628 706 videbitur
2675 650 2849 720 magis
2898 663 3095 704 necare
3129 662 3254 701 eum
3295 652 3354 699 et

1787 745 2068 799 homicidii
2116 745 2324 799 crimen
2372 745 2671 799 incurrere.
2720 741 2889 797 Nemo
2934 754 3064 810 ergo
3107 745 3349 793 vestrum

1787 836 2146 890 contristetur
2174 849 2205 887 a
2241 833 2494 888 convivio
2538 838 2730 886 nostro
2766 837 3070 900 separatus,
3109 834 3352 896 tempore

1786 929 1932 983 enim
1995 927 2181 997 aliquo
2231 926 2522 981 observare
2581 923 2744 978 debet
2789 919 3167 991 unusquisque
3221 932 3354 984 sane

1787 1029 1996 1090 quanto
2022 1020 2140 1089 ipse
2175 1018 2430 1072 voluerit.
2465 1015 2643 1069 Parvo
2692 1013 2837 1069 enim
2876 1018 3119 1081 tempore
3162 1024 3355 1078 seque-

1790 1119 2000 1167 stratur
2028 1111 2120 1181 qui
2151 1112 2261 1164 cito
2286 1108 2520 1163 voluerit
2546 1105 2832 1177 baptizari,
2856 1103 3029 1157 multo
3057 1109 3235 1155 autem
3259 1098 3352 1169 qui

1787 1203 2018 1260 tardius.
2050 1201 2439 1271 Unusquisque
2466 1213 2597 1269 ergo
2627 1200 2683 1252 in
2729 1210 2825 1252 sua
2870 1195 3034 1249 habet
3064 1201 3353 1263 potestate,

1789 1299 1956 1353 breve
2015 1303 2110 1350 aut
2150 1295 2372 1365 longum
2429 1290 2762 1362 poenitentiae
2818 1301 2933 1342 sum
2981 1293 3197 1354 tempus
3236 1282 3352 1336 exi-

1790 1404 1938 1461 gere,
1967 1396 2021 1444 et
2047 1386 2167 1442 ideo
2193 1386 2247 1440 in
2277 1384 2432 1440 vobis
2460 1382 2797 1453 est,quando
2817 1380 2992 1435 velitis
3017 1377 3082 1432 ad
3107 1383 3357 1430 nostram

1791 1481 2086 1538 convenire
2119 1493 2386 1542 mensam,
2419 1482 2473 1531 et
2521 1492 2631 1530 non
2666 1476 2722 1528 in
2774 1473 2953 1535 nobis,
2985 1469 3186 1540 quibus
3232 1481 3357 1536 per-

1790 1572 2021 1629 missum
2075 1584 2183 1623 non
2234 1574 2319 1623 est
2373 1580 2591 1623 sumere
2637 1578 2760 1619 cum
2802 1562 2983 1630 aliquo
3013 1558 3218 1620 cibum,
3252 1553 3357 1607 nisi

1795 1661 1959 1717 fuerit
1995 1661 2324 1731 baptizatus.
2361 1656 2471 1712 Vos
2506 1670 2635 1723 ergo
2683 1654 2858 1723 magis
2901 1666 3004 1707 nos
3055 1645 3358 1719 prohibetis

136 1751 250 1797 rant
279 1744 605 1804 inclinantes
649 1753 842 1804 animae
884 1759 1090 1816 motus,
1121 1752 1236 1808 suis
1270 1768 1366 1808 eos
1402 1766 1594 1823 parere
1626 1752 1690 1805 li-
1719 1730 1763 1785 Β
1791 1769 1821 1808 a
1847 1762 2034 1810 vestro
2070 1730 2351 1817 convivio,
2382 1750 2429 1804 si
2478 1748 2547 1802 ad
2596 1745 2989 1818 puriﬁcandum
3039 1754 3221 1796 moras
3260 1737 3359 1790 ba-

136 1836 396 1896 bidinibus
426 1851 645 1911 cogant,
678 1851 738 1897 ut
764 1842 1068 1900 efﬁciantur
1096 1862 1162 1900 ex
1194 1847 1406 1918 integro
1430 1862 1561 1902 vasa
1587 1846 1693 1902 dae-

137 1942 362 1985 monum.
398 1930 479 1985 Ex
528 1933 727 2003 quibus
769 1950 915 1991 unus
964 1945 1049 1992 est
1093 1937 1282 1993 Simon
1313 1939 1423 2004 hic,
1456 1940 1550 2010 qui
1594 1941 1692 1995 tali

136 2018 356 2086 quodam
382 2021 574 2076 morbo
611 2024 1038 2093 comprehensus
1073 2040 1173 2081 nec
1217 2027 1402 2081 sanari
1442 2026 1555 2096 jam
1591 2041 1691 2096 po-

136 2116 254 2174 test,
280 2113 405 2183 quia
438 2114 720 2173 voluntate
745 2125 799 2172 et
836 2117 1118 2189 proposito
1139 2127 1383 2191 aegrotat.
1421 2118 1533 2173 Nec
1557 2133 1689 2173 con~

1791 1848 1965 1903 beatis
1999 1852 2053 1900 et
2080 1844 2290 1899 tardius
2320 1840 2689 1913 baptizeznini.
2734 1837 2829 1893 His
2850 1835 3010 1890 dictis
3036 1847 3160 1887 cum
3192 1831 3345 1884 bene-

1791 1938 2041 2001 dixisset,
2077 1936 2261 1990 cibum
2293 1933 2545 2002 sumpsit.
2582 1930 2650 1985 Et
2679 1938 2803 2001 post
2842 1929 2957 1982 haec
2998 1939 3122 1979 cum
3156 1922 3360 1994 gratias

1792 2033 1997 2103 egisset
2030 2028 2159 2095 Deo,
2184 2027 2466 2098 ingressus
2515 2023 2745 2093 quievit,
2796 2018 3046 2075 similiter
3078 2022 3258 2069 autem
3305 2019 3359 2067 et

1793 2135 1895 2175 nos
1922 2132 2134 2182 omnes,
2158 2125 2277 2172 erat
2305 2117 2448 2171 enim
2468 2114 2581 2184 jam
2610 2127 2738 2167 nox.

136 2315 179 2345 η
198 2247 280 2302 ⁷³1
308 2248 434 2331 βοΐ.
470 2268 526 2316 x,
550 2252 641 2334 20.
719 2254 765 2337 ξι
789 2254 922 2322 Quae
944 2262 1245 2326 sequuntur
1272 2257 1538 2311 vocabula
1567 2271 1740 2326 usque
1770 2255 1834 2310 ad
1862 2254 2023 2312 ﬁnem
2072 2254 2237 2326 hujus
2288 2268 2412 2325 cap.
2441 2250 2639 2307 desunt
2697 2248 2754 2302 in
2784 2242 2950 2302 codd.
2971 2244 3120 2315 Lips.
3154 2241 3352 2298 omnia.

213 2316 277 2370 Et
304 2322 692 2370 Ideo—crimen
721 2342 987 2370 incurram
1017 2342 1120 2370 nmt
1148 2327 1499 2370 inveniuntur-
1528 2328 1581 2370 in
1613 2324 1770 2370 enim-
1803 2321 1953 2370 Ling-

261 2329 277 2372 t
304 2322 692 2378 ideo—crimen
721 2321 987 2381 incurrere
1017 2321 1122 2382 non
1147 2327 1499 2381 inveniuntur
1528 2328 1584 2381 in
1613 2321 1771 2382 codd.
1802 2321 1954 2394 Lips.

144 2471 3308 2497 Wm—

1243 2598 1601 2687 LIBER
1672 2593 2234 2684 TERTIUS.

202 2908 241 2962 1.
279 2906 485 2963 Interea
531 2907 727 2964 Petrus
761 2909 1022 2980 gallorum
1062 2908 1315 2980 cantibus
1360 2924 1591 2980 surgens
1637 2913 1691 2962 et
1716 2911 1760 2970 ο
1792 2908 2050 2973 rumpant
2078 2909 2132 2957 et
2161 2901 2385 2973 fatigent
2413 2900 2798 2972 praedicatores
2820 2897 2967 2953 verbi
2996 2897 3113 2953 Dei.
3139 2895 3364 2968 Propter

140 3000 360 3055 excitare
406 3017 505 3057 nos
538 3002 725 3055 volens
776 3000 983 3055 invenit
1027 3000 1336 3070 vigilantes,
1382 2998 1695 3068 vespertino

141 3092 303 3146 adhuc
328 3094 533 3149 lumine
562 3094 911 3164 perdurante,
942 3108 1174 3161 cumque
1201 3108 1266 3146 ex
1316 3106 1465 3145 more
1491 3091 1696 3144 saluta-

140 3184 295 3239 visset
318 3196 371 3241 et
407 3186 810 3242 resedissemus
839 3200 1051 3248 omnes,
1091 3186 1164 3238 ita
1190 3200 1421 3239 exorsus
1444 3189 1527 3238 est
1559 3201 1572 3236 :
1601 3180 1695 3234 Ni-

140 3274 209 3329 hil
248 3284 328 3331 est
364 3278 673 3342 difﬁcilius,
720 3277 919 3334 fratres
966 3278 1096 3341 mei,
1138 3292 1301 3347 quam
1353 3277 1418 3331 de
1465 3275 1695 3330 veritate

141 3368 271 3436 apud
299 3369 547 3439 permisti
577 3368 761 3439 populi
786 3366 1189 3422 multitudinem
1216 3367 1519 3437 disputare.
1541 3365 1695 3432 Quod

140 3460 273 3513 enim
308 3467 412 3527 est,
444 3459 703 3515 omnibus
750 3466 810 3512 ut
857 3465 945 3514 est
989 3458 1095 3513 dici
1142 3473 1251 3512 non
1298 3457 1446 3523 licet,
1478 3468 1699 3527 propter

141 3564 226 3605 eos
249 3551 338 3621 qui
366 3552 605 3622 maligne
652 3558 705 3606 et
738 3551 1001 3606 insidiose
1044 3550 1301 3617 audiunt;
1339 3549 1526 3605 fallere
1568 3564 1698 3605 vero

142 3655 239 3695 non
251 3644 463 3713 expedit
485 3650 713 3713 propter
724 3656 818 3697 eos
833 3642 927 3711 qui
950 3641 1162 3696 sincere
1184 3638 1697 3707 audire'desiderant

140 3732 426 3789 veritatem.
457 3733 603 3801 Quid
664 3748 796 3804 ergo
840 3731 1002 3787 faciet
1059 3732 1149 3786 cui
1214 3731 1281 3785 ad
1342 3730 1697 3786 indiscretum

141 3826 381 3894 populum
411 3840 595 3881 sermo
622 3831 742 3891 est;
772 3824 1009 3880 occultet
1053 3823 1197 3893 quod
1240 3838 1431 3878 verum
1479 3823 1596 3878 est?
1631 3822 1699 3876 Et

144 3915 397 3979 quomodo
421 3916 659 3971 instruet
678 3930 774 3971 eos
799 3914 891 3985 qui
916 3914 1065 3984 digni
1092 3916 1257 3968 sunt?
1285 3912 1390 3968 Sed
1422 3914 1467 3969 si
1492 3928 1697 3968 meram

145 4003 369 4071 proferat
405 4009 696 4063 veritatem
743 4007 831 4063 his
859 4006 955 4077 qui
997 4006 1244 4061 salutem'
1276 4008 1537 4075 consequi
1587 4022 1698 4060 non

145 4092 460 4165 desiderant,
491 4098 573 4152 illi
601 4112 632 4151 a
660 4113 770 4169 quo
814 4100 1019 4154 missus
1050 4106 1136 4153 est
1182 4098 1437 4168 injuriam
1482 4098 1634 4162 facit,
1668 4112 1698 4151 a

145 4201 241 4254 quo
291 4198 344 4244 et
386 4190 704 4246 mandatum
762 4192 1004 4261 accepit,
1059 4208 1130 4247 ne
1175 4193 1357 4255 mittat
1407 4191 1694 4246 verborum

1794 2994 1941 3066 quod
1967 3003 2021 3050 et
2044 3009 2144 3065 ego
2170 2996 2226 3047 in
2250 2992 2499 3063 plurimis
2521 2992 2748 3047 circuitu
2774 2990 3005 3060 quodam
3032 2989 3178 3044 verbi
3209 3000 3362 3044 utens

1793 3095 2005 3144 tentare
2033 3087 2270 3150 nitebar,
2302 3100 2369 3139 ne
2400 3083 2763 3154 principalem
2796 3082 2862 3136 de
2905 3095 3115 3135 summa
3158 3078 3364 3133 Divini-

1791 3186 1902 3235 tate
1938 3178 2351 3248 intelligentiam
2398 3176 2579 3229 minus
2628 3174 2808 3241 dignis
2849 3172 3072 3226 auribus
3119 3172 3365 3240 publiea-

1792 3288 1934 3331 rem.
1966 3268 2031 3325 Et
2058 3278 2183 3341 post
2210 3271 2325 3324 haec
2357 3268 2623 3338 incipiens
2652 3266 2763 3338 (80)
2792 3266 2858 3320 de
2882 3264 3041 3320 Patre
3068 3271 3122 3319 et
3151 3261 3289 3317 Filio
3310 3271 3364 3318 et

1797 3363 2004 3435 Spiritu
2037 3370 2250 3425 sancto,
2270 3361 2507 3417 breviter
2528 3359 2688 3414 nobis
2716 3366 2769 3412 ct
2797 3357 3073 3412 evidenter
3092 3356 3360 3426 exposuit,

1794 3464 1856 3511 ut
1894 3470 2084 3511 omnes
2126 3454 2409 3509 audientes
2456 3452 2781 3506 miraremur
2798 3448 3069 3521 quomodo
3092 3449 3361 3515 homines,

1795 3546 2053 3604 derelicta
2081 3546 2330 3609 veritate,
2350 3543 2599 3599 conversi
2620 3549 2747 3597 sunt
2778 3541 2842 3596 ad
2871 3541 3185 3594 vanitatem.

1866 3637 1931 3693 ll.
1976 3636 2124 3710 [Ilaec
2158 3636 2315 3692 Petro
2361 3634 2574 3691 dicente
2601 3635 2645 3665 ""
2675 3633 2787 3704 (8i)
2817 3630 3010 3702 Aquila
3054 3632 3168 3686 ait:
3198 3629 3365 3685 Recte

1795 3728 2003 3794 dixisti,
2035 3736 2323 3801 propterea
2371 3728 2528 3782 nobis
2579 3727 2747 3781 dicito
2789 3740 2909 3796 quae
2940 3725 3187 3779 veritatis
3235 3728 3366 3777 sunt

1798 3824 2038 3896 propria.
2080 3821 2148 3876 Et
2196 3821 2392 3876 Petrus
2426 3839 2438 3874 :
2477 3820 2550 3875 De
2595 3820 2795 3889 quibus
2824 3818 2991 3872 vultis
3036 3817 3366 3885 interrogate

1798 3933 1905 3979 me.
1935 3916 2001 3969 Et
2038 3915 2233 3986 Aquila
2269 3916 2381 3969 ait:
2416 3913 2489 3969 De
2521 3913 2790 3983 principio
2826 3920 2878 3967 et
2921 3911 3203 3981 principiis
3245 3925 3369 3964 ver-

1798 4009 1928 4063 bum
1971 4007 2215 4077 disputa,
2260 4014 2314 4061 et
2361 4006 2428 4060 de
2475 4019 2540 4059 eo
2589 4004 2730 4073 quod
2783 4002 3130 4072 reprehendit
3179 4000 3367 4054 Simon

1799 4100 1957 4171 quasi
1989 4098 2374 4153 inconveniens
2396 4136 2410 4161 ,
2444 4095 2641 4149 Filium
2674 4093 2767 4149 Dei
2806 4093 2913 4147 dici
2949 4093 3225 4148 Christum
3249 4132 3263 4158 ,
3300 4107 3368 4146 ne

1804 4193 2002 4248 similia
2048 4189 2474 4262 plantationibus
2518 4196 2572 4242 et
2631 4188 2844 4242 ueteris
2890 4185 3202 4239 inanimatis
3252 4184 3366 4253 pati

142 4276 250 4346 ejus
274 4283 603 4353 margaritas
632 4292 757 4340 ante
786 4299 982 4354 porcos
1016 4291 1071 4340 et
1092 4299 1259 4370 canes
1284 4284 1350 4347 ⁷⁸,
1376 4282 1470 4353 qui
1506 4283 1698 4337 adver-
1728 4268 1773 4323 ι)
1800 4283 2051 4339 videatur
2101 4281 2264 4336 Deus.
2304 4279 2499 4334 Petrus
2556 4284 2735 4332 autem
2789 4276 2976 4331 videns
3021 4290 3210 4330 omnes
3260 4274 3366 4329 hoc

144 4383 253 4425 sum
279 4387 371 4429 eas
398 4377 741 4447 argumentis
770 4391 833 4431 ac
854 4376 1286 4446 sophismatibus
1335 4375 1692 4439 reluctantes,

143 4461 279 4531 ipsas
304 4468 523 4536 quidem
554 4481 714 4522 caeno
737 4467 1106 4540 intelligentia
1128 4467 1365 4522 carnalis
1392 4466 1689 4531 involvant,

148 4553 413 4615 latratibus
458 4567 641 4614 autem
688 4560 805 4616 suis
850 4568 905 4615 et
959 4560 1407 4630 responsionibus
1455 4559 1693 4614 sordidis

1801 4376 1980 4446 ipsum
2012 4376 2255 4430 volentes
2283 4372 2494 4437 audire,
2530 4385 2746 4425 omnem
2789 4368 3053 4423 rationem
3098 4366 3171 4422 ita
3199 4381 3368 4437 expo-

1798 4469 1908 4522 suit
1934 4485 1946 4522 :

1870 4559 1958 4613 Ill.
2000 4557 2263 4626 Principii
2311 4568 2507 4610 nomen
2553 4550 2665 4621 (82)
2706 4550 2761 4604 in
2808 4547 2994 4603 multis
3033 4554 3086 4603 et
3135 4545 3369 4601 diversis

206 4670 249 4702 "
284 4670 473 4743 Matth.
516 4690 611 4734 vn,
649 4673 703 4728 6.
778 4673 824 4705 "’
855 4672 962 4727 Ista
990 4688 1111 4742 qua:
1139 4681 1443 4742 sequuntur
1465 4689 1641 4743 usque
1668 4673 1734 4727 ad
1762 4674 1921 4728 ﬁnem
1952 4688 2071 4743 cap.
2101 4672 2190 4733 12,
2220 4686 2273 4723 ιη
2310 4668 2449 4743 _cod.
2480 4681 2615 4720 mss.
2640 4663 2913 4743 plerisque
2936 4661 3125 4743 iisdem
3149 4663 3369 4743 optimas

148 4746 277 4794 notae
308 4742 524 4806 desunt,
574 4732 630 4799 et
674 4750 886 4797 tantum
933 4732 1132 4799 habent
1184 4732 1264 4797 vel
1296 4732 1644 4800 obscuritatis
1677 4745 1759 4800 vel
1802 4732 2036 4800 erroris'
2063 4749 2123 4796 ut
2172 4740 2357 4809 spuria
2386 4752 2449 4792 ea
2478 4751 2601 4791 esse
2631 4732 2685 4789 et
2722 4734 2790 4789 ab
2822 4733 3076 4789 haeretica
3128 4732 3366 4801 quodam

148 4815 447 4869 recentioris
464 4817 642 4870 anatis
674 4816 884 4869 intrusa
910 4829 1018 4869 non
1049 4813 1379 4871 dubitemus.

1426 4926 1788 4983 COTELERII
1823 4923 2053 4981 ΝΟΤᾹΞ.

209 5038 318 5119 (80)·
349 5038 413 5095 Et
454 5052 574 5111 post
617 5042 1078 5119 [tm_c__in_cipiens_...
1126 5042 1196 5119 qd
1234 5042 1535 5119 vanitgtem.
1580 5040 1706 5119 Haec

151 5110 388 5188 periodus
404 5110 597 5188 exstat
616 5113 670 5166 in
699 5110 1041 5188 libris‘editis
1068 5123 1120 5167 et
1147 5113 1203 5166 in
1236 5110 1501 5188 ms._l_{eg._
1518 5120 1615 5188 ;_.at
1645 5113 1701 5167 in

154 5178 298 5299 ἓξὲξ).
324 5191 377 5235 et
404 5181 513 5239 Th.
539 5183 876 5238 transfertur
903 5182 971 5237 ad
1000 5183 1158 5238 ﬁnem
1182 5197 1303 5253 cap.
1332 5182 1423 5249 il,
1449 5178 1544 5236 ubi
1573 5196 1695 5236 eam

152 5260 261 5302 vute
268 5291 278 5301 .

216 5316 321 5391 (81)
353 5320 481 5375 Ηωσ
514 5321 675 5375 Petro
704 5322 924 5377 dicente.
948 5322 1129 5377 Codex
1152 5321 1577 5377 Candclerianus
1600 5321 1703 5375 hoc

154 5396 300 5466 gaput
325 5400 379 5466 c_t
407 5393 693 5466 sequentia
727 5392 1216 5466 novem_conti_ne_t,
1240 5391 1695 5466 quemadmodum

155 5450 472 5539 Sorlionicus
486 5450 549 5539 ξι
573 5461 834 5539 T_hua_nu_s_
860 5478 872 5513 :
905 5450 1283 5539 Carrneliticus
1320 5470 1497 5539 autem
1527 5471 1581 5515 et
1610 5462 1700 5539 ille

156 5520 475 5602 PetriPetiti
498 5528 668 5602 Regio
690 5534 897 5587 similes
918 5540 1065 5594 sunt,
1098 5533 1358 5601 librisque
1388 5532 1690 5602 impressis.

155 5591 253 5672 Nec
280 5599 523 5672 dubium,
561 5591 695 5670 quin
741 5603 809 5656 ad
845 5603 934 5656 illa
975 5591 1286 5672 pertineant
1311 5616 1432 5671 quae
1465 5591 1696 5672 Rufin_us

157 5662 387 5742 abstulit,
420 5671 493 5742 de
508 5662 758 5741 ingenito
774 5673 887 5727 Des
918 5662 1209 5742 ge'nitoque
1235 5662 1489 5735 disserta,
1519 5671 1586 5727 de
1609 5670 1700 5724 Fi-

160 5729 225 5789 lio
242 5749 436 5807 creato,
464 5741 531 5798 de
561 5729 683 5799 aliis
723 5729 1000 5799 nonnullis
1019 5785 1033 5810 ,
1071 5729 1375 5813 periculosa
1401 5782 1416 5810 ,
1445 5729 1701 5807 obscura,

1812 5042 2024 5095 intrusa
2057 5079 2072 5102 ,
2119 5035 2493 5103 Eunomiana;
2543 5048 2769 5103 quaeque
2805 5042 3019 5103 veteres
3062 5030 3365 5103 Ebionitica

1807 5117 2165 5173 censuerunt,
2196 5105 2415 5168 Ariaua,
2451 5101 2504 5159 et
2531 5101 2796 5158 addititia.
2831 5101 3025 5156 Nescio
3055 5101 3178 5170 quis
3202 5103 3365 5172 igitur

1805 5180 1951 5250 quod
1985 5194 2014 5231 a
2060 5177 2257 5231 Rufino
2299 5176 2725 5250 prmtermissum
2764 5173 2963 5250 fuerat,
2996 5172 3099 5227 sibi
3130 5174 3365 5250 sumpsit

1807 5240 1869 5305 ut
1902 5240 2370 5317 interpretaretur.
2412 5243 2547 5317 Vide
2570 5240 3087 5317 Clementinampm.
3125 5241 3211 5306 i6,
3240 5257 3363 5317 cap.

1810 5321 1894 5375 16.
1928 5310 2181 5374 Ista'vero
2205 5331 2377 5384 usque
2407 5315 2471 5368 ad
2499 5329 2621 5384 cap.
2648 5312 2949 5384 Al‘2_de_sunt
2972 5310 3361 5384 inimpressis:

1803 5391 2087 5459 desumpta
2111 5379 2439 5459 autemsunt
2465 5401 2532 5439 ex
2561 5379 2876 5459 cod._Sorb.
2906 5390 2959 5435 et
2981 5379 3083 5435 Tb.

1879 5447 2279 5530 (82)'Prin_cipii
2310 5472 2516 5530 nomen,
2550 5464 2657 5509 etc.
2687 5454 2745 5530 l_n
2772 5466 2965 5530 marg._
2986 5465 3090 5505 ms.
3120 5447 3221 5503 Th.
3247 5448 3364 5530 haec

1804 5521 2099 5600 leguntur:
2129 5521 2301 5600 Gaure
2324 5525 2421 5596 legi
2471 5531 2670 5600 oportet
2697 5522 2831 5574 hanc
2862 5521 3209 5600 scripturam,
3240 5521 3363 5600 quiq

1801 5587 2145 5655 nescientibus
2174 5595 2329 5665 facile
2371 5587 2529 5649 'error
2555 5593 2827 5665 attemptare
2862 5587 3049 5659 potest.
3097 5587 3273 5665 usque
3294 5587 3363 5642 ad

1807 5669 1979 5725 simile
2001 5659 2207 5737 signum
2246 5666 2409 5737 legere
2434 5665 2563 5721 noli.
2589 5659 2715 5718 Vid.
2741 5659 2882 5716 infra
2906 5668 3090 5716 notam
3118 5659 3364 5730 ejusdem

1810 5740 1928 5795 eod.
1960 5739 2025 5794 ad
2055 5753 2175 5808 cap.
2207 5737 2291 5789 12.
