3890 6192
481 291 623 347 1285

1352 288 1412 347 8.
1452 287 1847 344 CLEMENTIS
1881 287 1901 343 I
1938 287 2103 345 80M.
2145 288 2347 345 PONT.
2384 288 2611 344 OPERA
2642 287 2872 345 DUBIA.

3578 286 3717 343 {984

476 411 828 475 nuncupatur
857 405 1043 471 rebus,
1071 402 1425 459 sensibilibus
1457 405 1667 459 scilicet
1695 412 1749 459 et
1794 405 2050 476 intelligi-
2080 409 2127 467 Α
2155 402 2353 473 gnum?
2400 402 2582 458 Audes
2634 411 2810 458 autem
2861 400 3063 456 factum
3113 399 3292 455 dicere
3339 415 3369 453 a
3424 403 3721 472 semetipso

476 496 700 551 bilibus.
736 496 841 551 Sed
875 511 943 550 ne
979 504 1103 550 ante
1134 496 1567 565 experimentum
1602 497 1940 551 sensibilium
1986 498 2053 552 ad

478 586 840 657 intelligibilia
872 586 1148 641 declinare
1180 587 1477 651 videamur,
1509 587 1663 642 decet
1699 588 1871 655 primo
1913 602 1943 641 a
1968 588 2052 641 vi-

477 678 734 732 sibilibus
765 678 1026 748 incipere,
1061 685 1119 731 ut
1150 677 1216 731 de
1262 678 1512 747 proximo
1556 687 1833 734 sumentes
1872 695 2055 734 exem-

476 766 625 836 plum
660 767 853 820 iterum
903 766 970 820 ad
1012 767 1430 837 intelligibilium
1477 769 1758 824 veniamus
1808 784 2055 839 compre-

475 857 820 915 hensionem.
852 857 973 924 Qun
1002 858 1163 912 modo
1210 859 1293 913 sol
1324 859 1474 914 verbi
1518 862 1693 930 gratia
1742 861 1797 915 in
1844 863 2052 932 princi-

475 950 624 1019 pium
670 949 753 1003 vel
798 949 1164 1019 principatum
1215 950 1321 1003 diei
1369 952 1703 1006 constitutus
1748 960 1871 1017 est,
1922 954 2052 1007 luna

474 1056 605 1096 vero
634 1058 665 1097 e
693 1043 971 1095 contrario
1006 1042 1184 1097 noctis
1212 1043 1293 1110 ";
1324 1043 1438 1098 haec
1483 1053 1663 1100 autem
1690 1056 1747 1101 ut
1778 1047 2055 1118 principa-

472 1140 589 1187 tum
634 1142 825 1203 gerant
854 1135 1152 1189 constituta
1184 1145 1331 1197 sunt.
1371 1152 1400 1191 a
1424 1152 1533 1207 quo
1578 1140 1739 1193 etiam
1780 1149 1837 1193 ut
1867 1148 2052 1196 essent

473 1224 529 1278 in
562 1224 832 1295 principio
854 1233 1200 1296 acceperunt.
1236 1225 1338 1291 Qui
1367 1236 1545 1283 autem
1577 1229 1690 1284 haec
1720 1232 2048 1302 composuit,

467 1315 670 1370 caelum
703 1322 757 1367 et
786 1323 989 1370 terram
1019 1318 1172 1388 prius
1200 1318 1465 1385 condidit,
1494 1328 1688 1390 praeter
1727 1322 1839 1377 lucc
1866 1331 2049 1378 autem

468 1408 754 1461 terrestria
784 1415 838 1462 et
873 1408 1137 1478 inaquosa
1172 1416 1225 1464 et
1254 1412 1497 1465 volatilia
1527 1414 1783 1467 animalia
1827 1430 2050 1486 compo-

470 1498 605 1563 suit,
635 1498 860 1553 arbores
888 1516 1105 1571 quoque
1146 1508 1200 1557 et
1231 1501 1429 1559 herbas
1468 1511 1523 1558 et
1565 1512 1687 1574 post
1728 1505 1842 1559 haec
1874 1505 2051 1561 homi-

470 1604 617 1656 nem,
642 1607 751 1648 non
775 1601 835 1648 ut
862 1604 1047 1651 essent
1070 1598 1183 1652 hate
1206 1605 1415 1652 tantum
1441 1598 1768 1668 principium
1800 1613 2045 1661 sumens.

469 1686 761 1741 sedetiam
809 1696 871 1741 ut
917 1690 1162 1745 viverent
1214 1690 1514 1746 secundum
1561 1690 1876 1744 mandatum
1925 1689 2041 1746 Dei.

2157 494 2289 549 illud
2316 494 2461 565 quod
2492 494 2797 548 inelfectum
2824 494 2941 548 est?
2965 491 3294 559 Putaverunt
3321 501 3507 546 autem
3536 493 3725 561 hujus

2156 585 2302 639 modi
2329 600 2451 639 cum
2482 585 2767 656 disciplina
2794 600 2851 639 se
2886 585 2989 638 hoc
3010 584 3213 648 dicere,
3245 585 3389 639 sicut
3431 585 3601 647 ebrii,
3633 585 3723 654 qui

2156 677 2377 732 umbras
2423 692 2521 746 pro
2554 675 2724 731 foveis
2758 676 3092 731 existimant.
3124 673 3349 744 Propter
3398 673 3551 744 quod
3602 684 3728 728 ante

2154 771 2336 824 omnia
2373 776 2583 839 oportet
2627 782 2727 823 nos
2772 767 3154 822 immortalium
3202 767 3607 821 scrutationem
3652 764 3727 816 fa-

2154 861 2661 930 cientesincipcrea
2693 857 2987 913 Dominicis
3017 856 3423 919 traditionibus,
3449 855 3547 908 ubi
3582 868 3730 907 mor-

2154 950 2345 1004 talium
2374 949 2738 1005 conditionem
2770 949 2840 1002 ab
2868 947 3264 1001 immortalibus
3306 961 3601 1016 separans,
3634 944 3732 997 do.

2153 1043 2378 1097 cuitnos
2400 1042 2636 1112 pericula
2660 1049 2714 1095 et
2737 1039 3064 1095 tentaliones
3087 1054 3257 1109 usque
3281 1038 3348 1091 ad
3376 1042 3558 1109 ipsam
3584 1053 3735 1093 mor-

2152 1141 2259 1187 tem
2285 1134 2557 1187 sustinere
2582 1138 2801 1201 propter
2822 1145 2967 1199 spem
3000 1131 3263 1184 honorum
3284 1130 3465 1199 regni,
3497 1130 3730 1185 dicens:

2154 1222 2335 1277 Nolite
2362 1225 2540 1277 timere
2569 1240 2655 1277 eos
2682 1222 2772 1293 qui
2793 1222 3033 1274 occidunt
3062 1237 3267 1290 corpus,
3307 1222 3523 1274 animas
3550 1230 3735 1276 autem

2151 1334 2253 1371 non
2275 1328 2492 1385 possunt
2532 1316 2782 1377 occidere,
2817 1317 2988 1369 timete
3009 1325 3181 1368 autem
3210 1332 3325 1368 eum
3355 1316 3448 1385 qui
3473 1325 3658 1385 potest
3687 1324 3735 1368 α

2150 1425 2337 1478 corpus
2358 1419 2406 1463 et
2423 1411 2651 1462 animam
2672 1408 2882 1477 perdere
2924 1408 2976 1461 in
3010 1408 3290 1478 gehennam
3320 1408 3389 1461 ".
3418 1406 3488 1459 Et
3516 1424 3655 1461 vere
3692 1408 3735 1461 si

2150 1516 2259 1555 non
2290 1501 2644 1556 commoritur
2670 1502 2883 1571 corpori
2910 1501 3110 1564 anima,
3130 1516 3234 1553 non
3258 1501 3445 1568 utique
3461 1498 3736 1553 dividitur

2148 1607 2249 1647 nec
2290 1592 2437 1647 aliud
2460 1592 2659 1662 aliquid
2690 1592 2897 1663 patitur
2921 1593 2989 1646 de
3009 1593 3096 1647 his
3122 1606 3241 1662 qua:
3262 1593 3472 1661 patitur
3502 1606 3735 1660 corpus,

2149 1686 2296 1741 verbi
2328 1687 2494 1756 gratia
2512 1684 2863 1741 inﬂuxionem
2885 1686 2970 1740 vel
2992 1684 3377 1747 deﬂuxionem,
3403 1684 3737 1738 tenuitatem

470 1770 548 1825 Ita
579 1788 711 1845 ergo
756 1776 923 1830 multa
971 1778 1189 1847 quidem
1236 1785 1465 1848 possunt
1503 1792 1627 1833 esse
1675 1778 1963 1850 principia,
1994 1779 2045 1835 ei
2076 1755 2118 1811 Β
2152 1786 2248 1834 aut
2271 1755 3016 1842 crassitudinem,sanitatem
3038 1775 3121 1830 vel
3139 1775 3741 1839 inﬁrmitatem,absci-

470 1873 654 1921 autem
685 1867 777 1936 qui
809 1876 915 1933 est,
948 1870 1215 1939 principia
1264 1886 1371 1925 non
1397 1878 1544 1925 sunt.
1578 1870 1758 1926 Unum
1789 1880 1874 1928 est
1903 1872 2049 1927 enim

467 1956 798 2027 principium
829 1965 883 2011 et
914 1973 1079 2012 unum
1112 1958 1230 2015 sine
1254 1960 1519 2030 principio
1550 1962 1901 2032 principium,
1928 1977 2051 2031 quae

470 2055 654 2103 autem
682 2057 805 2120 post
836 2049 951 2105 haec
993 2058 1142 2117 sunt,
1172 2052 1397 2109 abusive
1440 2053 1698 2109 dicuntur
1726 2055 1797 2123 (si
1828 2053 2048 2125 quidem

469 2138 768 2213 dicuntur)
815 2142 1103 2213 principia.
1160 2141 1506 2201 Praeveniens
1562 2154 1743 2201 autem
1795 2146 2025 2216 exposui

466 2245 691 2288 causam
717 2231 879 2302 hujus
910 2233 1214 2305 exempli,a
1249 2237 1607 2293 sensibilibus
1642 2236 1851 2293 scilicet
1873 2237 1941 2291 ad
1966 2237 2051 2290 in-

467 2319 794 2390 telligihilia,
809 2322 987 2377 uthac
1006 2323 1093 2377 via
1123 2324 1208 2378 usi
1233 2322 1441 2381 firmam
1464 2334 1518 2382 et
1539 2334 1743 2383 certam
1765 2327 1833 2383 de
1850 2328 2051 2383 intelli-

466 2412 715 2485 gihilium
728 2412 1020 2470 traditione
1031 2416 1409 2485 possideamus
1425 2418 1731 2495 tuitionem.
1750 2418 1880 2476 Sine
1894 2422 2048 2491 prin-

466 2503 611 2574 cipio
644 2520 774 2576 ergo
803 2505 1037 2564 dicimus
1065 2506 1234 2564 Deum
1270 2510 1529 2566 ineffabili
1573 2514 1915 2582 providentia
1951 2516 2047 2571 de-

466 2600 829 2659 monstrante,
854 2596 947 2666 qui
968 2610 1079 2649 non
1112 2611 1141 2650 a
1159 2612 1219 2652 se
1238 2598 1358 2669 ipso
1375 2598 1553 2656 factus
1568 2608 1652 2655 est
1674 2616 1774 2656 nec
1792 2616 1821 2655 a
1850 2616 1908 2656 se
1928 2602 2048 2671 ipso

464 2682 715 2757 genitus;
731 2695 815 2741 est
830 2686 975 2742 enim
994 2687 1112 2743 sine
1140 2689 1409 2759 principio
1426 2697 1481 2745 et
1500 2691 1796 2761 ingenitus.
1819 2690 2047 2763 lngeniti

464 2787 647 2833 autem
679 2779 971 2848 appellatio
999 2795 1106 2835 non
1146 2781 1277 2852 quid
1302 2784 1393 2848 sit,
1420 2783 1577 2838 nobis
1599 2783 1902 2853 intelligere
1929 2786 2043 2849 dat,

464 2866 563 2925 sed
584 2869 727 2939 quod
750 2885 856 2924 non
876 2878 961 2925 est
982 2870 1188 2938 factus;
1222 2874 1573 2947 αὑτοπάτορα
1589 2890 1717 2930 vero
1736 2887 1791 2932 et
1818 2878 2045 2947 αὐτογέ-

463 2977 643 3033 νητον,
667 2961 769 3016 hoc
798 2970 883 3017 est
904 2962 1080 3032 ipsum
1116 2963 1219 3017 sibi
1250 2963 1460 3019 Patrem
1494 2966 1783 3038 ipsumque
1820 2970 1924 3025 sibi
1954 2969 2045 3025 Fi-

466 3052 601 3108 lium
631 3054 724 3124 qui
755 3063 1088 3110 vocaverunt
1136 3056 1270 3111 illud
1312 3057 1456 3127 quod
1496 3058 1815 3128 ingenitum,
1847 3072 2043 3118 contu-
2066 3093 2116 3159 ο

464 3146 682 3202 meliam
725 3145 907 3203 facere
937 3149 1118 3203 conati
1160 3156 1290 3204 sunt
1332 3150 1514 3206 dubiis
1548 3151 1919 3210 deservientes
1948 3172 2041 3211 ra-

461 3238 729 3294 tionibus.
774 3237 1022 3310 lndigere
1057 3240 1203 3295 enim
1248 3241 1532 3297 nativitate
1578 3243 1708 3297 illud
1741 3245 1889 3315 quod
1928 3257 2047 3304 erat

463 3332 787 3403 priusquam
862 3340 1201 3399 nasceretur,
1246 3335 1596 3403 parvulorum
1647 3352 1799 3392 more
1845 3338 2047 3395 intelli-

462 3429 655 3493 gentes
684 3431 968 3493 putarunt,
1001 3431 1054 3478 et
1090 3424 1220 3478 illud
1252 3425 1398 3495 quod
1443 3426 1641 3490 fuerat,
1676 3443 1775 3498 pro
1803 3444 1869 3485 eo
1897 3433 2043 3501 quod

464 3514 630 3570 fuerit
660 3524 944 3587 ponentes,
974 3517 1133 3587 quasi
1178 3532 1271 3587 per
1298 3534 1358 3574 se
1397 3520 1574 3590 ipsum
1612 3520 1813 3575 factum
1860 3522 2045 3579 dicere

463 3606 677 3663 insania
729 3609 1094 3672 insanierunt,
1137 3617 1193 3663 et
1242 3611 1669 3680 plantationibus
1722 3629 2044 3685 comparare

463 3698 598 3754 illud
633 3700 780 3770 quod
818 3708 903 3755 est
942 3702 1262 3770 ingenitum,
1288 3712 1347 3755 ut
1385 3703 1702 3760 daemoniosi
1726 3708 1844 3761 ausi
1891 3716 2039 3763 sunt.

462 3789 591 3846 Haec
632 3802 812 3847 autem
861 3794 1043 3847 omnia
1084 3794 1140 3847 in
1190 3794 1465 3865 impietate
1510 3798 1807 3852 constituta
1848 3814 2043 3855 conse-

461 3890 719 3953 quentem
749 3882 955 3937 habent
989 3884 1368 3953 ignorantiam.
1416 3886 1533 3941 Non
1565 3890 1709 3943 enim
1758 3890 2042 3947 intellexe-

461 3981 593 4027 runt
616 3972 719 4028 hoc
746 3973 923 4043 ipsum
948 3974 1190 4031 dicentes
1220 3984 1273 4031 et
1298 3977 1463 4033 fuisse
1480 3987 1534 4034 et
1550 3996 1658 4034 non
1678 3980 1871 4037 fuisse.
1893 3982 2040 4049 Qua-

462 4074 625 4123 tenus
659 4069 805 4122 cnim
846 4069 1052 4139 genuit,
1086 4068 1209 4132 fuit,
1243 4079 1514 4141 quatenus
1542 4089 1673 4129 vero
1716 4084 1899 4130 natum
1931 4084 2037 4142 est,

463 4160 730 4217 nonfuit.
773 4160 891 4215 Non
940 4160 1109 4217 fuisse
1146 4178 1278 4234 ergo
1325 4181 1449 4220 eum
1498 4176 1714 4223 constat
1765 4178 2039 4239 quatenus

463 4261 654 4309 natum
686 4264 791 4320 est,
834 4254 1004 4310 fuisse
1026 4262 1207 4309 autem
1239 4273 1363 4311 eum
1394 4268 1611 4315 constat
1648 4271 1918 4332 quatenus
1946 4281 2041 4334 ge-

463 4345 607 4401 nuit.
650 4344 777 4400 llazc
821 4353 1001 4400 autem
1052 4354 1283 4417 utraque
1335 4349 1517 4406 dicere
1565 4352 1727 4407 simul
1785 4354 2034 4411 eumdem

464 4436 817 4502 sustinuisse,
846 4452 952 4490 non
984 4440 1246 4506 permittit
1276 4442 1494 4510 pietatis
1522 4444 1809 4513 professio.

534 4522 625 4580 1V.
669 4523 874 4580 Deinde
899 4527 1062 4581 etiam
1085 4544 1402 4586 communes
1424 4534 1784 4603 cogitationes
1809 4537 2039 4593 sollicite

463 4628 495 4668 a
529 4630 588 4669 se
615 4616 885 4685 repellunt
919 4624 1126 4673 tantam
1158 4621 1579 4691 blasphemiam,
1612 4625 1834 4696 dignum
1869 4628 2039 4682 hono-

464 4721 581 4762 rem
608 4705 850 4776 ingenito
876 4707 1206 4767 deferentes.
1237 4710 1509 4777 Quidnam
1543 4715 1707 4786 igitur
1723 4717 1845 4787 quis
1870 4719 2038 4773 inter-

464 4803 689 4864 rogatus
715 4796 861 4850 dicat
882 4814 1071 4855 eorum
1103 4803 1195 4872 qui
1243 4804 1405 4874 impie
1447 4807 1891 4876 appellaverunt?
1934 4812 2037 4867 nisi

461 4886 592 4953 quia
623 4884 724 4940 fuit
754 4889 1067 4960 priusquam
1097 4902 1262 4961 esset,
1292 4894 1406 4965 ipse
1428 4897 1529 4951 sibi
1553 4895 1732 4961 Pater,
1761 4899 1854 4969 qui
1911 4916 2034 4958 esse

463 4975 656 5030 habuit
711 4985 1003 5048 antequam
1039 4982 1143 5037 sibi
1190 4993 1247 5038 ut
1286 4994 1432 5041 esset
1473 4989 1834 5057 praestitisset.
1864 4993 2034 5045 Αὐτο-

461 5065 654 5137 πάτωρ
688 5073 742 5120 ει
767 5069 1081 5142 αὐτογενής,
1108 5072 1213 5128 Ιιοε
1241 5083 1327 5131 εει
1359 5078 1475 5147 ipse
1505 5079 1611 5133 sibi
1637 5078 1797 5135 Pater
1836 5090 1890 5136 et
1919 5082 2036 5152 ipse

461 5156 569 5210 sibi
590 5154 783 5225 Filius,
804 5174 910 5227 qua
936 5161 1145 5217 ratione
1173 5163 1404 5230 dicatur,
1435 5172 1490 5221 et
1527 5182 1651 5221 cum
1680 5168 1898 5238 quidem
1927 5185 2037 5223 non

462 5248 661 5305 fuisset
704 5251 851 5321 quod
893 5261 1064 5320 esset,
1088 5261 1215 5309 ante
1263 5265 1488 5313 exstans
1544 5259 1916 5330 intelligentiae
1957 5261 2035 5314 si-

527 5406 577 5438 "
612 5406 745 5463 Gen.
777 5424 818 5474 ι,
852 5409 939 5467 16.

1049 5412 1097 5443 ⁷³
1135 5409 1325 5465 Matth.
1362 5427 1419 5475 χ,
1458 5410 1551 5467 28.
1628 5412 1674 5444 ⁸⁸
1712 5411 1909 5468 Matth.
1939 5429 1994 5477 v,
2023 5413 2115 5468 27.

2151 1872 2359 1925 sionem
2392 1879 2485 1923 aut
2514 1868 2976 1937 conjunctionem.
3009 1865 3115 1922 Sed
3164 1874 3218 1921 et
3266 1868 3319 1920 in
3372 1867 3497 1936 ipsa
3551 1866 3736 1921 humi-

2150 1977 2281 2016 num
2316 1960 2694 2031 procreatione
2728 1959 2864 2014 nihil
2892 1958 3182 2013 committit
3209 1960 3388 2011 anima
3420 1960 3740 2015 secundum

2149 2051 2645 2118 deﬂuxionem,sed
2667 2052 2722 2106 in
2743 2051 2891 2106 omni
2912 2050 3129 2122 quidem
3156 2057 3303 2104 motu
3333 2058 3442 2105 stat
3473 2052 3739 2107 videlicet

2150 2144 2456 2200 substantia
2480 2142 2855 2208 immutabilis,
2870 2142 3087 2197 diverso
3114 2153 3290 2196 autem
3316 2151 3469 2197 motu
3494 2144 3568 2198 ad
3589 2142 3739 2199 aliud

2148 2244 2203 2292 et
2222 2236 2367 2291 aliud
2391 2252 2591 2306 corpus
2614 2236 2801 2290 incitat
2829 2236 2960 2307 pati.
2980 2233 3121 2289 Fluit
3142 2249 3271 2305 ergo
3288 2241 3343 2289 et
3367 2236 3593 2305 patitur
3609 2236 3740 2291 sub-

2148 2328 2475 2391 stantialiter
2503 2343 2724 2399 corpus,
2755 2329 2914 2383 sicuti
2946 2328 3314 2398 experimento
3341 2329 3733 2398 cognoscitur,

2148 2431 2271 2492 post
2295 2420 2441 2475 illam
2466 2426 2713 2474 natorum
2738 2420 3165 2491 coagulationem
3186 2418 3577 2479 exinanitione
3597 2420 3736 2476 uteri

2149 2513 2290 2567 facta
2317 2552 2332 2575 ,
2385 2520 2605 2583 propter
2643 2522 2978 2567 crementum
3034 2510 3255 2565 infantis
3298 2512 3649 2582 impellentis
3684 2522 3736 2567 et

2149 2601 2366 2674 impulsi
2395 2603 2542 2658 velut
2565 2603 2617 2657 in
2649 2602 2957 2666 luctamine,
2986 2602 3150 2657 verbo
3178 2602 3502 2657 Conditoris
3532 2623 3549 2658 :
3578 2603 3731 2670 Quod

2147 2694 2292 2750 enim
2327 2695 2671 2765 coagulatum
2692 2700 2775 2750 est
2831 2694 3051 2749 festinat
3092 2693 3314 2765 egredi;
3344 2694 3496 2762 quod
3550 2704 3731 2749 autem

2148 2785 2460 2855 coagulavit
2500 2785 2649 2855 cupit
2671 2800 2960 2856 exponere.
2984 2785 3160 2840 Causa
3176 2801 3304 2839 vero
3323 2787 3438 2839 haec
3459 2785 3734 2840 transfert

2148 2876 2297 2947 ipsas
2324 2877 2610 2947 passiones
2660 2877 2726 2930 ad
2752 2878 3153 2933 successionem
3176 2876 3418 2946 ejusdem
3445 2877 3564 2946 rei,
3591 2877 3733 2931 facta

2148 2976 2328 3023 autem
2361 2970 2617 3039 passione
2644 2984 2931 3025 commune
2973 2970 3273 3041 periculum
3316 2969 3531 3039 saepius
3567 2984 3731 3041 quam

2148 3060 2383 3130 speciale
2406 3060 2693 3132 contingit.

2219 3150 2285 3208 V.
2322 3151 2427 3208 Sed
2458 3160 2511 3208 et
2536 3167 2697 3207 omne
2723 3151 2867 3222 quod
2898 3152 3064 3207 servit
3094 3152 3455 3208 muliebribus
3503 3154 3728 3211 deside-

2146 3244 2277 3313 riis,
2309 3253 2667 3316 promovetur
2708 3254 2761 3299 et
2806 3245 3209 3315 praemeditatur
3253 3248 3597 3305 naturaliter
3640 3266 3718 3307 se-

2144 3337 2387 3391 cundum
2432 3335 2871 3405 uniuscujusque
2911 3344 3157 3400 aetatem,
3183 3338 3333 3390 verbi
3363 3352 3547 3395 causa
3578 3340 3729 3393 aliter

2144 3444 2303 3499 puer,
2330 3429 2488 3484 aliter
2510 3444 2640 3484 vero
2670 3427 3019 3491 adolescens,
3054 3430 3212 3483 aliter
3238 3436 3425 3484 autem
3455 3432 3571 3488 vir.
3596 3431 3726 3486 Nam

2144 3522 2328 3577 infans
2357 3521 2579 3592 quidem
2610 3520 2665 3575 in
2692 3521 2895 3576 virtute
2918 3520 3081 3576 habet
3102 3521 3296 3575 horum
3317 3524 3725 3591 operationem,

2143 3613 2389 3667 nondum
2425 3619 2608 3667 autem
2652 3610 2709 3665 in
2739 3612 2945 3666 virtute
2974 3611 3138 3666 habet
3166 3611 3331 3665 etiam
3373 3615 3583 3668 animae
3614 3629 3727 3668 mo-

2143 3715 2272 3773 tus;
2316 3705 2636 3760 adolescens
2678 3718 2811 3757 vero
2838 3711 3062 3774 paratus
3096 3702 3315 3773 quidem
3368 3703 3437 3757 ad
3477 3703 3726 3760 destina-

2141 3803 2293 3861 tum,
2344 3795 2589 3850 nondum
2634 3811 2765 3851 vero
2805 3794 3128 3865 digestionis
3178 3794 3342 3848 habet
3391 3810 3597 3861 usum;
3644 3797 3725 3849 vir

2142 3896 2324 3943 autem
2356 3888 2684 3959 conspirans
2707 3888 2949 3958 possidet
2976 3886 3325 3958 perfectionis
3350 3889 3719 3956 propositum.

2142 3980 2208 4034 Et
2240 3996 2349 4035 non
2391 3996 2457 4036 ex
2510 3982 2623 4037 illis
2675 3982 2809 4037 solis
2857 3981 3149 4035 dicendum
3192 3990 3309 4041 est,
3339 3983 3592 4036 animam
3624 3981 3722 4035 im-

2142 4073 2427 4127 mortalem
2453 4113 2468 4137 ,
2501 4087 2704 4144 corpus
2747 4088 2879 4128 vero
2926 4071 3099 4127 ﬂuens
3123 4111 3139 4137 ,
3186 4072 3278 4128 sed
3311 4072 3484 4127 etiam
3510 4089 3581 4128 ex
3602 4073 3719 4133 his,

2141 4179 2263 4231 qua:
2287 4163 2353 4216 ad
2377 4178 2496 4219 eam
2518 4172 2773 4219 constant
2793 4166 2849 4219 in
2877 4178 3217 4218 communem
3244 4178 3548 4233 personam
3576 4178 3722 4217 man-

2141 4254 2308 4318 datis,
2340 4269 2463 4324 qua:
2495 4256 2572 4309 ait
2599 4253 2865 4310 Dominus
2892 4274 2905 4310 :
2936 4253 3147 4307 Dictum
3170 4263 3246 4306 est
3272 4254 3511 4322 antiquis
3547 4270 3565 4307 :
3598 4251 3720 4306 Non

2142 4343 2511 4423 mmo/iuberis;
2538 4361 2631 4413 ego
2659 4354 2833 4397 autem
2855 4345 2971 4398 dico
2998 4360 3016 4397 :
3044 4342 3154 4397 Nec
3174 4344 3229 4397 in
3254 4354 3533 4411 aspectum
3577 4344 3715 4397 desi-

2068 4446 2111 4501 ι)
2141 4433 2287 4488 deria
2316 4437 2505 4489 servies
2531 4436 2598 4500 ⁸ο,
2632 4436 2797 4491 nimis
2826 4444 2987 4491 caute
3028 4435 3278 4505 loquens.
3323 4433 3381 4489 Si
3412 4435 3571 4490 enim
3597 4450 3717 4489 cor-

2139 4540 2244 4594 pus
2270 4526 2594 4579 naturaliter
2623 4526 2920 4597 obligatum
2961 4533 3045 4580 est
3084 4524 3334 4579 femineis
3373 4526 3716 4581 commistio—

2138 4616 2325 4679 nibus.
2358 4618 2533 4688 magis
2556 4627 2735 4671 autem
2770 4618 2976 4673 servire
2995 4625 3245 4672 coactum
3277 4617 3363 4671 his
3397 4633 3525 4687 quae
3560 4632 3713 4672 acce-

2140 4714 2249 4783 pit,
2283 4719 2344 4766 ut
2373 4720 2519 4767 esset
2545 4720 2601 4766 et
2630 4713 2687 4766 in
2717 4712 2997 4768 schemate
3016 4710 3126 4781 (83)
3160 4710 3423 4772 haberet,
3466 4710 3619 4781 quod
3661 4716 3713 4764 et

2140 4805 2440 4875 principale
2484 4813 2570 4861 est
2616 4804 2855 4860 carnalis
2901 4803 3337 4875 procreationis,
3393 4817 3508 4873 quo
3552 4800 3710 4857 modo

2135 4896 2262 4966 quis
2294 4897 2609 4967 suspicetur
2629 4896 2851 4966 corpori
2878 4911 3003 4952 esse
3030 4894 3238 4949 dictum
3273 4915 3287 4948 :
3321 4893 3377 4947 Ν
3382 4912 3454 4949 on
3483 4894 3711 4949 πιιετλια-

2137 4990 2298 5052 beris,
2335 5006 2430 5060 ego
2477 5000 2652 5043 autem
2684 4989 2805 5043 dico
2835 5006 2927 5044 nec
2961 4987 3223 5043 desiderio
3252 4988 3471 5051 servies,
3504 4995 3559 5042 et
3602 5001 3706 5040 non

2136 5080 2320 5149 potius
2351 5080 2423 5144 ei,
2458 5095 2578 5150 qua:
2603 5081 2774 5135 libera
2802 5089 2888 5136 est
2912 5080 3241 5143 substantia,
3268 5079 3466 5132 talium
3500 5079 3706 5148 passio—

2139 5187 2270 5224 num
2302 5179 2623 5240 potestatem
2652 5172 2862 5227 habens
2888 5172 3076 5226 laxare
3109 5171 3193 5225 vel
3215 5168 3498 5224 refrenare
3520 5180 3703 5223 secun-

2139 5261 2269 5316 dum
2298 5264 2672 5332 operationem
2706 5278 2931 5334 corpus,
2960 5261 3051 5318 hic
3082 5259 3329 5317 melioris
3364 5261 3445 5315 rei
3477 5256 3697 5313 manda-

1762 5568 2128 5625 COTELEBII
2161 5569 2389 5627 NOTAE.

535 5700 653 5773 (83)
687 5703 750 5757 In
780 5705 1056 5761 schemate.
1099 5708 1155 5763 ld
1192 5717 1276 5765 est
1333 5708 1387 5763 in
1425 5724 1576 5766 sexu.
1618 5709 1753 5766 Vide
1784 5710 2019 5767 Constit.
2054 5727 2128 5777 vi,
2154 5711 2241 5765 ll.
2267 5710 2413 5764 Infra
2440 5724 2561 5779 cap.
2582 5710 2637 5765 8.
