3890 6192
184 269 311 324 1285

1345 267 1906 324 RECOGNITIONUM
1948 267 2074 322 LIB.
2103 266 2190 322 Ill.

3263 257 3402 314 1286

175 392 286 438 tum
313 381 662 437 insinuatur?
695 380 788 437 Sic
817 381 962 437 enim
1006 393 1059 437 et
1102 381 1286 436 futura
1311 390 1599 452 sperantes
1627 396 1736 436 non
1766 385 1812 440 A
1839 396 1898 437 se
1933 380 2183 435 dividens
2204 418 2219 443 ,
2252 394 2361 433 non
2392 377 2635 433 defluens
2655 416 2670 442 ,
2704 391 2813 431 non
2845 373 3146 430 extendens
3176 371 3402 442 aliquid.

181 476 480 539 irascimur,
507 483 560 530 et
591 474 829 530 furorem
861 475 1180 528 cohibemus
1200 482 1253 530 et
1275 474 1532 530 mulieres
1563 473 1741 542 despi-

177 567 345 621 cimus
377 582 472 636 spe
506 566 810 620 futurorum
839 581 1060 622 sensum
1091 566 1458 631 sublevantes,
1497 573 1557 618 ut
1598 563 1736 627 dixi,

178 672 279 710 non
318 673 479 712 omne
519 659 663 727 quod
709 674 899 713 sumus
944 658 1140 714 servile
1185 659 1448 713 habentes
1490 657 1738 712 femineis

175 750 610 818 operationibus,
653 751 749 805 sed
795 750 938 804 aliud
974 750 1192 819 quidem
1239 750 1482 806 serviens
1531 755 1740 802 natura

175 839 313 908 quod
366 848 450 895 est
508 856 744 908 corpus,
797 841 938 896 sicut
980 841 1355 905 ostendimus,
1407 840 1551 893 aliud
1607 851 1739 892 vero

175 929 435 995 liberum,
465 940 740 996 mentem,
775 931 920 1002 quod
952 939 1035 985 est
1065 938 1245 985 motus
1292 931 1486 984 anima
1517 931 1739 984 immor-

175 1018 315 1072 talis.

239 1106 326 1161 VI.
365 1107 461 1163 His
491 1107 656 1178 igitur
687 1109 760 1162 ita
793 1123 851 1163 se
875 1108 1225 1175 habentibus,
1251 1109 1545 1180 vestigium
1584 1108 1736 1178 opti-

175 1216 316 1254 mum
340 1200 406 1254 ad
433 1199 850 1270 intelligibilium
870 1201 1407 1270 comprehensionem
1433 1201 1738 1256 invenimus

170 1306 292 1344 cum
339 1289 451 1344 Deo
489 1291 727 1347 dicente.
772 1289 1093 1345 Incedamus
1125 1307 1255 1361 ergo
1306 1307 1403 1360 per
1453 1308 1580 1346 eum
1623 1295 1740 1346 sine

173 1383 444 1451 periculo,
495 1390 711 1438 utentes
760 1383 958 1438 anima
1004 1382 1300 1436 immortali
1342 1385 1737 1454 gubernaculo,

173 1476 312 1528 ultra
342 1489 454 1528 non
485 1475 732 1529 sinentes
768 1474 980 1529 irruere
1014 1474 1330 1545 passionem
1361 1476 1636 1530 carnalem
1663 1478 1739 1530 illi

176 1566 466 1620 immortali
494 1573 548 1620 et
577 1566 911 1636 intelligibili
940 1567 1293 1632 substantia,
1324 1567 1586 1623 honorem
1619 1577 1742 1623 tan-

171 1662 283 1708 tum
314 1655 610 1725 unicuique
646 1655 1072 1726 intelligibilium
1102 1664 1532 1726 sequestrantes,
1567 1675 1740 1730 quan-

1839 473 2164 530 Mementote
2203 474 2348 529 enim
2386 475 2511 543 quia
2549 473 2663 526 hac
2707 485 2997 540 corporum
3039 476 3166 524 sunt
3195 467 3405 538 passio-

1839 581 1979 631 nes,
2025 581 2161 636 quas
2208 567 2370 619 ctiam
2408 567 2600 618 anima
2645 564 2884 616 tribuere
2932 559 3360 629 subterfugimus
3387 597 3403 622 ,

1839 656 2032 710 timore
2062 672 2130 710 ne
2171 655 2310 709 forte
2337 655 2718 708 immortalitas
2744 653 2792 706 ei
2832 653 2915 706 his
2946 650 3222 704 attributis
3255 647 3403 703 aufe-

1839 755 2014 801 ratur.
2049 745 2248 801 Genuit
2276 761 2406 815 ergo
2440 743 2620 808 Deus,
2650 743 2794 812 quod
2818 750 2870 796 et
2902 740 3169 794 facturam
3209 753 3408 791 vocare

1838 834 2134 891 didicimus
2178 835 2322 906 (84),
2356 837 2458 888 hoc
2504 835 2683 903 ipsum
2730 848 2860 902 ergo
2889 845 3085 885 vocare
3114 836 3167 884 et
3197 827 3407 896 genitu-

1838 939 1955 978 ram
1994 931 2048 979 et
2080 925 2345 978 facturam
2397 931 2451 979 et
2490 924 2702 994 reliqua
2737 924 2932 976 horum
2972 919 3405 983 vocabulorum,

1839 1017 1973 1071 illud
2011 1018 2155 1087 quod
2202 1018 2322 1073 sine
2366 1017 2644 1070 schemate
2680 1021 2897 1069 constat
2929 1013 3194 1082 genitoris
3232 1011 3411 1081 speci-

1842 1124 1988 1172 men,
2024 1125 2227 1179 ponere
2259 1109 2546 1178 permittit.
2581 1106 2792 1172 Quibus
2825 1106 2968 1160 enim
2999 1113 3082 1160 est
3106 1103 3409 1159 differentia

1841 1201 2216 1264 schematum,
2252 1202 2305 1254 in
2341 1201 2475 1270 ipsis
2506 1215 2729 1254 necesse
2768 1206 2852 1253 est
2893 1197 3232 1252 observanda
3260 1197 3414 1266 geni-

1838 1298 1960 1346 tura
2006 1301 2062 1346 et
2110 1291 2344 1346 factura.
2391 1289 2657 1344 Manendo
2704 1304 2834 1359 ergo
2881 1286 3262 1358 genuitvDeus,
3301 1302 3411 1339 non

1839 1398 2036 1452 passus
2061 1383 2384 1437 divisionem
2409 1381 2670 1451 aliquam.
2709 1379 2826 1433 Non
2859 1379 3006 1432 enim
3032 1376 3412 1432 honorabilius

1838 1481 1921 1529 est
1943 1471 2052 1529 Deo
2074 1482 2129 1529 et
2160 1474 2262 1529 hoc
2289 1472 2535 1545 Ingenito
2561 1473 2694 1527 illud
2725 1471 2870 1542 quod
2896 1478 3001 1535 est,
3036 1486 3101 1524 eo
3130 1468 3275 1539 quod
3300 1484 3411 1522 non

1837 1573 1922 1620 est
1950 1567 2098 1620 velut
2130 1569 2392 1637 genitum.
2433 1565 2636 1620 Volens
2666 1565 2812 1620 enim
2844 1579 2952 1618 non
2978 1562 3193 1617 tardam
3222 1561 3415 1615 habuit

1839 1657 2100 1713 virtutem
2134 1658 2201 1711 ad
2227 1658 2374 1729 quod
2395 1659 2591 1723 voluit,
2622 1673 2724 1712 nec
2753 1656 2990 1712 excessit
3015 1656 3192 1712 virtus
3220 1655 3416 1709 volun-

169 1751 282 1797 tum
312 1746 360 1799 ei
389 1747 435 1800 is
465 1761 629 1815 quem
660 1761 782 1801 esse
810 1747 893 1801 vel
928 1761 1162 1816 praesse
1207 1757 1425 1804 constat
1465 1749 1576 1805 Deo
1617 1768 1741 1822 pcr-
1773 1743 1814 1800 Β
1842 1755 2047 1816 tatem;
2093 1748 2188 1804 sed
2241 1750 2546 1804 secundum
2592 1763 2927 1812 mensuram,
2972 1747 3189 1818 qualem
3221 1745 3412 1812 voluit,

169 1835 352 1891 mittit.
388 1836 485 1892 Est
528 1840 672 1892 enim
713 1841 971 1908 primum,
1003 1839 1147 1909 quod
1177 1848 1263 1895 est
1293 1841 1618 1912 ingenitum,
1649 1843 1739 1896 cui

165 1936 220 1980 et
279 1930 556 2000 propheta
605 1930 980 1984 testimonium
1033 1931 1321 2001 perhibent
1364 1951 1378 1987 :
1428 1931 1539 2004 Ego
1598 1933 1739 1987 Deus

164 2020 393 2086 primus,
435 2034 486 2075 et
535 2038 626 2093 ego
672 2031 788 2092 post
831 2021 960 2082 hac,
986 2031 1034 2074 et
1078 2031 1271 2092 prater
1319 2039 1400 2077 me
1447 2023 1588 2077 Deus
1636 2041 1740 2078 non

163 2111 333 2178 est“;
369 2111 472 2166 hoc
520 2129 651 2168 vero
687 2115 1017 2170 subauditur
1055 2132 1178 2171 esse
1224 2117 1345 2174 sine
1388 2118 1544 2172 initio
1572 2128 1627 2175 et
1650 2119 1738 2173 in-

163 2201 433 2270 genitum.

230 2291 348 2350 VII.
376 2293 628 2350 Clemens
654 2310 784 2350 vero
807 2304 861 2351 et
883 2298 1064 2352 cateri
1089 2299 1583 2370 interregaverunt,
1609 2298 1739 2371 quid

159 2393 246 2442 est
296 2390 400 2445 hoc
449 2387 796 2461 Ingenitum,
855 2393 1049 2448 audire
1097 2393 1363 2452 volentes.
1422 2395 1488 2449 Et
1545 2395 1740 2452 Petrus

154 2482 603 2537 animadvertens
652 2483 728 2536 ait
762 2498 776 2535 :
809 2483 927 2538 Non
978 2485 1254 2540 modicum
1301 2487 1605 2557 periculum
1655 2495 1740 2543 est

157 2571 224 2626 de
247 2588 336 2638 eo,
371 2573 516 2644 quod
545 2575 664 2628 sine
695 2575 966 2645 principio
994 2584 1078 2630 est
1112 2576 1261 2646 loqui
1287 2579 1372 2632 vel
1406 2579 1615 2643 audire,
1642 2593 1739 2632 vos

155 2680 288 2720 vero
315 2681 416 2736 pro
446 2665 720 2749 desiderio
749 2683 941 2722 eorum
971 2683 1093 2738 qua
1135 2668 1282 2724 dicta
1316 2678 1478 2738 sunt,
1508 2672 1739 2726 immen—

154 2757 381 2811 sitatem
431 2757 641 2812 irruere
691 2758 1108 2828 periclitamini;
1153 2768 1207 2814 et
1244 2777 1330 2816 me
1375 2762 1478 2817 hoc
1527 2764 1636 2833 pati
1681 2773 1740 2820 ut

154 2849 319 2903 video
348 2849 590 2919 captatis
610 2889 625 2914 ,
657 2850 750 2920 qui
777 2851 984 2920 putatis
1016 2867 1179 2922 posse
1208 2854 1341 2907 mihi
1376 2854 1442 2908 de
1469 2855 1561 2908 illo
1590 2858 1736 2926 quod

153 2938 438 2996 ineﬂabile
464 2949 547 2996 est
578 2943 885 3012 subripere.
934 2944 1129 3000 Moneo
1169 2957 1350 3002 autem
1389 2963 1487 3002 vos
1537 2947 1736 3004 fratres

149 3039 206 3084 et
238 3034 532 3099 conservi,
565 3048 674 3088 non
725 3033 856 3102 quid
905 3035 976 3090 sit
1012 3051 1291 3106 quarere,
1327 3038 1423 3093 sed
1478 3039 1605 3108 quia
1649 3050 1734 3095 est

151 3124 547 3179 tantummodo
577 3125 768 3180 audire
797 3125 1136 3183 desiderare.
1164 3124 1230 3183 Et
1253 3129 1321 3185 de
1352 3131 1457 3187 hoc
1486 3106 1608 3201 plus
1639 3134 1736 3186 ali-
1760 3106 1806 3168 ο

151 3214 287 3281 quid
339 3215 523 3270 dicere
564 3231 675 3270 non
712 3223 948 3287 oportet.
984 3216 1081 3273 Est
1122 3219 1426 3288 Ingenitum
1469 3239 1578 3284 non
1620 3226 1736 3280 sola

149 3306 527 3374 appellatione
567 3307 972 3373 honorandum,
1004 3317 1090 3365 est
1117 3311 1262 3365 enim
1309 3319 1363 3366 et
1400 3312 1519 3368 sine
1549 3315 1733 3381 initio;

151 3396 258 3450 hoc
287 3406 479 3452 autem
512 3398 632 3453 sine
660 3400 822 3454 initio
854 3409 909 3456 et
936 3401 1241 3472 Ingenitum
1272 3415 1356 3459 est
1390 3404 1556 3470 Deus,
1591 3408 1737 3477 quod

145 3502 178 3540 a
209 3489 334 3542 sola
362 3489 620 3559 opinione
645 3506 836 3545 eorum
866 3508 988 3562 qua
1020 3493 1162 3548 facta
1200 3505 1327 3550 sunt
1353 3500 1734 3565 annuntiatur,

147 3593 176 3629 a
226 3595 290 3634 se
341 3580 463 3650 ipso
502 3588 686 3635 autem
733 3585 1230 3653 comprehenditur.
1265 3587 1383 3642 Non
1414 3591 1557 3644 enim
1587 3592 1737 3648 inve-

143 3671 264 3725 niet
315 3673 525 3742 aliquid
577 3673 663 3728 sui
709 3675 885 3746 primo
937 3677 1144 3746 fuisse,
1187 3687 1242 3735 et
1288 3682 1492 3752 aliquid
1547 3694 1737 3754 postea

144 3760 366 3816 factum
399 3765 719 3833 conspicere
749 3767 857 3829 sui,
893 3784 958 3823 eo
985 3770 1131 3839 quod
1160 3771 1280 3827 sine
1303 3775 1577 3846 principio
1611 3793 1738 3832 eum

141 3867 275 3908 esse
308 3861 565 3920 constet;
602 3854 718 3908 hac
748 3865 928 3912 autem
961 3875 1150 3914 eorum
1183 3878 1305 3932 qua
1334 3865 1477 3919 facta
1502 3875 1631 3921 sunt
1656 3869 1740 3923 vi-

147 3945 372 4008 sitatio,
409 3953 632 4015 propter
661 3948 807 4016 quod
847 3950 978 4003 illud
1011 3953 1154 4021 quod
1208 3962 1293 4008 est
1341 3956 1638 4022 ineffabile,
1669 3960 1738 4014 ad

141 4033 571 4104 inquisitionem
597 4036 703 4101 sui,
732 4039 878 4107 quod
905 4039 1068 4095 fuerit
1097 4053 1222 4098 ante
1244 4047 1541 4113 pravidere
1572 4065 1738 4119 quam

143 4124 356 4188 fuerit,
402 4127 640 4196 spatium
675 4145 784 4183 non
831 4131 1024 4199 habet;
1063 4150 1172 4189 non
1216 4138 1361 4192 enim
1407 4142 1740 4198 secundatur

141 4216 214 4270 ab
241 4232 316 4271 eo
347 4218 444 4287 qui
469 4226 552 4272 est
576 4217 751 4288 ipsius
777 4224 1029 4278 essentia
1051 4228 1361 4285 curiositas.
1387 4230 1548 4287 Novit
1573 4233 1740 4305 igitur

139 4325 202 4364 se
235 4311 463 4379 ipsum,
498 4313 592 4382 qui
622 4328 733 4368 non
771 4315 1071 4387 interrogat
1119 4335 1177 4374 se
1215 4321 1281 4377 de
1331 4340 1388 4379 se
1441 4326 1579 4396 ipso.
1631 4328 1738 4384 Sed

137 4401 264 4457 hac
289 4401 524 4472 quidem
552 4405 714 4459 etiam
738 4406 860 4475 plus
887 4424 1049 4478 quam
1073 4419 1288 4480 oportet
1308 4415 1564 4484 diximus,
1594 4431 1739 4476 amat

135 4494 296 4546 enim
353 4495 492 4548 illud
536 4497 684 4566 quod
729 4508 813 4553 est
861 4499 1201 4570 Ingenitum,
1231 4506 1449 4563 silentio
1482 4511 1739 4568 honorari

136 4587 564 4642 tantummodo.
620 4587 752 4642 Sine
797 4591 1069 4662 principio
1116 4610 1246 4666 ergo
1296 4598 1436 4654 hanc
1482 4602 1739 4659 substan-

135 4675 306 4740 tiam,
340 4675 646 4730 secundum
679 4678 825 4748 quod
854 4681 1058 4736 sentire
1077 4685 1380 4752 potuimus,
1413 4686 1620 4758 absque
1645 4706 1741 4760 pe-

134 4769 333 4823 riculo
371 4771 720 4840 suscepistis.
737 4818 753 4826 -

210 4859 371 4916 VIII.
405 4861 509 4927 Qui
530 4879 663 4934 ergo
684 4880 805 4921 esse
826 4881 935 4920 non
960 4867 1238 4925 inchoavit
1251 4874 1545 4942 pradictus
1570 4875 1731 4943 Deus,

131 4955 342 5024 genuit
379 4955 807 5025 primogenitum
837 4959 1014 5013 omnis
1045 4969 1331 5029 creatura,
1371 4965 1532 5019 sicuti
1562 4966 1732 5022 Deum

130 5047 378 5113 decuit;
410 5062 520 5101 non
557 5063 618 5103 se
661 5049 977 5115 immutans,
1008 5067 1119 5107 non
1151 5070 1210 5111 se
1239 5065 1591 5125 convertens,
1622 5077 1732 5116 non

205 5205 254 5236 ⁸¹
302 5203 422 5258 Isa.
458 5219 603 5269 κων,
633 5204 683 5258 6.

1844 1844 2006 1897 talem
2042 1851 2095 1897 et
2126 1845 2333 1914 genuit.
2383 1843 2440 1898 Si
2487 1844 2632 1898 enim
2663 1841 2968 1907 manendo,
2996 1855 3105 1895 non
3136 1839 3412 1909 patiendo,

1843 1934 2159 1989 necessitati
2184 1932 2575 1989 crassitudinis
2613 1947 2844 2002 corpora
2874 1930 3166 1986 servientia
3194 1930 3418 1986 umbras

1841 2034 2062 2081 exstare
2087 2025 2314 2090 faciunt,
2347 2033 2553 2097 quanto
2583 2026 2762 2096 magis
2786 2025 3039 2096 ingenita
3067 2023 3255 2078 virtuti
3287 2023 3418 2078 sub-

1844 2128 2160 2193 sequentem
2190 2119 2383 2176 demus
2415 2119 2767 2190 Unigenitum
2807 2119 3086 2172 voluntate
3114 2115 3418 2186 proceden-

1845 2219 1976 2266 tem.
2010 2208 2185 2266 Sicuti
2219 2219 2403 2266 autem
2440 2227 2638 2266 rursus
2670 2211 3171 2281 praintelliguntur
3206 2208 3420 2262 umbris

1841 2319 2093 2373 corpora,
2117 2305 2189 2358 ita
2218 2311 2272 2358 et
2307 2304 2432 2374 plus
2462 2303 2904 2374 praintelligitur
2933 2309 2987 2356 et
3015 2300 3256 2372 ingenita
3285 2300 3418 2355 sub—

1842 2397 2042 2453 stantia
2075 2397 2270 2467 genita
2290 2436 2305 2461 ,
2334 2399 2502 2452 etiarn
2527 2397 2574 2452 si
2607 2411 2674 2451 ex
2717 2411 2782 2451 eo
2829 2395 2975 2466 quod
3002 2402 3148 2457 erat,
3183 2400 3241 2447 ut
3273 2404 3419 2449 esset

1841 2487 2071 2557 accepit.
2114 2487 2320 2548 Idcirco
2350 2487 2519 2557 igitur
2561 2501 2688 2542 vere
2735 2492 2789 2541 et
2836 2486 3083 2556 genitura
3112 2492 3167 2539 et
3206 2485 3416 2539 factura

1840 2585 1894 2632 et
1935 2585 2185 2632 creatura
2233 2584 2608 2648 competenter
2636 2577 2964 2646 appellatur,
3003 2576 3130 2644 quia
3159 2575 3419 2630 substan-

1841 2670 1915 2723 tia
1948 2685 2058 2723 non
2090 2679 2173 2724 est
2201 2667 2533 2739 lngenitum.
2568 2667 2774 2722 Memor
2805 2683 2926 2722 sum
2962 2682 3092 2722 sane
3140 2666 3416 2721 Simonem

1841 2777 2135 2819 accusasse
2175 2777 2280 2817 nos
2320 2761 2699 2832 blasphemia,
2725 2775 2791 2815 eo
2823 2759 2968 2830 quod
2996 2758 3302 2814 diceremus
3330 2757 3420 2811 Fi-

1841 2856 1975 2909 lium
2004 2854 2099 2911 Dei
2141 2853 2448 2919 Christum,
2477 2860 2741 2924 tanquam
2771 2852 3088 2907 hominibus
3118 2858 3172 2906 et
3204 2852 3420 2921 planta—

1842 2948 2082 3003 tionibus
2131 2946 2302 3002 Deum
2349 2955 2664 3015 aquantes;
2705 2958 2804 2999 vos
2847 2958 2979 2998 vero
3030 2958 3099 2998 ex
3145 2942 3419 2997 desiderio

1840 3041 2051 3095 discere
2076 3038 2350 3095 festinate.

1908 3128 2000 3186 IX.
2031 3127 2298 3184 Omnibus
2332 3135 2518 3183 autem
2547 3126 2780 3181 libenter
2809 3125 3179 3179 annuentibus
3212 3123 3288 3176 ait
3314 3123 3418 3178 Pe--

1839 3228 1958 3275 trus
1992 3239 2004 3275 :
2040 3219 2327 3274 Manifesta
2378 3227 2464 3275 est
2520 3218 2686 3288 hujus
2744 3216 3146 3271 incredulitatis
3199 3216 3329 3278 via,
3383 3230 3418 3269 o

1838 3312 2036 3382 Aquila
2085 3320 2140 3367 et
2189 3311 2393 3366 cateri.
2450 3309 2558 3376 Qui
2599 3310 2745 3364 enim
2793 3323 2896 3378 pro
2937 3315 3088 3362 certo
3132 3307 3415 3373 nescierit,

1839 3404 2154 3474 opinionem
2209 3409 2390 3456 autem
2445 3416 2622 3471 usque
2663 3400 2732 3454 ad
2782 3401 3030 3455 auditum
3077 3399 3415 3469 susceperit,

1839 3496 2061 3552 credere
2090 3498 2266 3560 timet,
2286 3510 2409 3549 cum
2433 3492 2595 3548 facile
2620 3493 2793 3562 possit
2812 3493 3222 3547 excusationem
3244 3492 3417 3562 ipsius

1841 3586 2244 3642 incredulitatis
2277 3601 2308 3639 a
2339 3601 2398 3641 se
2436 3585 2675 3654 abjicere
2715 3599 2827 3654 pra
2859 3584 3060 3654 gaudio
3106 3583 3227 3652 ejus
3269 3583 3418 3654 quod

1839 3681 2199 3752 promittitur,
2232 3685 2553 3748 assumptus
2589 3677 2872 3746 publicare
2913 3676 3062 3730 illam
3107 3691 3271 3748 quam
3314 3676 3418 3730 ha-

1838 3776 1957 3830 buit
1985 3775 2051 3829 de
2080 3789 2146 3830 eo
2165 3773 2312 3844 quod
2341 3771 2608 3843 quaritur
2631 3769 3092 3834 incredulitatem,
3118 3769 3418 3840 cupiditate

1839 3865 2083 3922 discendi
2120 3881 2231 3920 non
2273 3864 2507 3918 dubitat.
2563 3860 2672 3916 Sed
2718 3861 2774 3916 in
2825 3861 3068 3917 secundo
3097 3861 3164 3916 de
3210 3861 3312 3915 hac
3356 3877 3419 3917 re

1840 3973 2042 4024 sermo,
2072 3973 2140 4011 ne
2163 3955 2384 4026 quando
2413 3954 2742 4009 abstrahens
2773 3969 2871 4007 vos
2903 3953 3109 4006 incerta
3139 3951 3263 4007 ﬁdei
3293 3968 3418 4023 spes

1838 4050 2145 4120 excipiatur
2175 4063 2275 4118 pro
2306 4046 2409 4102 fide
2441 4048 2497 4100 in
2529 4045 2966 4114 inquisitionem.
2999 4043 3212 4114 Ubique
3234 4054 3416 4100 autem

1840 4141 2163 4212 praferatur
2205 4138 2366 4193 nobis
2405 4135 2550 4191 Deus
2582 4143 2636 4189 et
2665 4137 2732 4189 de
2777 4135 2895 4202 ipso
2934 4134 3223 4204 cogitatus.
3262 4133 3418 4189 Ultro

1841 4231 2173 4287 inviolabilis
2211 4237 2435 4285 exstans
2479 4227 2626 4282 Deus
2671 4226 2981 4295 ingenitus,
3015 4224 3417 4294 operationem-

1841 4342 1948 4397 que
1996 4325 2279 4379 voluntate
2325 4321 2668 4391 virginaliter
2694 4317 3011 4373 custodivit.
3047 4315 3204 4381 Quod
3231 4323 3416 4372 autem

1841 4436 1953 4474 non
2004 4427 2089 4472 est
2137 4415 2464 4487 lngenitum,
2501 4414 2650 4467 ultro
2691 4412 2845 4481 virgo
2890 4424 3013 4464 esse
3058 4425 3168 4463 non
3212 4416 3410 4480 potest.

1840 4511 2066 4565 Factum
2101 4515 2186 4562 est
2214 4507 2382 4571 enim,
2416 4513 2675 4574 tanquam
2707 4503 2810 4558 sub
2841 4509 3044 4554 tactum
3070 4502 3331 4571 genitoris
3361 4510 3416 4556 ct

1840 4602 2066 4658 factoris
2084 4600 2401 4654 adductum.
2425 4597 2767 4665 Intelligatur
2788 4600 2967 4647 autem
2991 4593 3222 4662 qualiter
3245 4591 3414 4648 Deum

1839 4693 2025 4749 decuit
2044 4690 2394 4761 Unigenitum
2416 4701 2682 4758 generare
2703 4691 2758 4738 et
2782 4682 3204 4753 primogenitum
3234 4681 3415 4736 omnis

1839 4796 2124 4848 creatura,
2144 4783 2237 4838 sed
2276 4796 2386 4835 non
2415 4779 2575 4849 quasi
2617 4793 2682 4830 ex
2715 4775 2931 4844 aliquo;
2971 4774 3084 4828 hac
3115 4773 3261 4828 enim
3295 4775 3415 4827 ani-

1839 4875 2105 4930 mantium
2137 4881 2192 4928 et
2219 4868 2643 4926 inanimantium
2673 4872 2758 4920 est
2790 4863 3050 4919 servitus.
3087 4861 3192 4916 Sed
3224 4876 3325 4916 nec
3356 4861 3413 4915 in

1838 4967 2219 5038 operationem
2247 4963 2476 5018 veniens
2519 4960 2641 5030 ipse
2672 4957 2756 5012 sui
2799 4951 3004 5024 aliquid
3049 4952 3265 5024 genuit;
3300 4966 3412 5005 non

1839 5061 1986 5116 enim
2019 5063 2264 5113 maneret
2294 5050 2630 5109 inviolabilis
2657 5057 2712 5105 et
2743 5044 3120 5116 impassibilis,
3153 5049 3412 5114 operatus

1470 5360 1838 5417 COTELERII
1875 5360 2104 5418 NOTAE.

202 5497 335 5566 (84)
378 5495 569 5550 Genuit
591 5512 714 5569 ergo
731 5495 905 5569 Deus,
922 5497 1058 5568 quod
1081 5509 1130 5554 et
1153 5500 1418 5569 facturam
1446 5519 1630 5557 vocare
1646 5501 1730 5556 di-

119 5565 407 5643 dicimus,
431 5577 541 5643 etc.
588 5565 679 5620 Sic
714 5566 902 5622 Ariani
930 5565 1202 5643 γέννημρι,
1236 5573 1446 5643 {notqu
1470 5612 1484 5634 ,
1526 5574 1730 5643 κτίσμα

119 5635 590 5711 confundebant,
621 5652 794 5711 eaque
815 5635 1034 5711 nomina
1055 5635 1544 5710 tribuebant—Filio,
1567 5635 1729 5711 quém

119 5720 182 5765 et
230 5708 620 5767 subetantiam
659 5709 897 5780 genitam
929 5710 1181 5768 solebant
1217 5708 1732 5785 appellare.'A‘tque

1837 5503 2185 5557 observatum
2218 5498 2322 5552 fuit
2347 5513 2375 5551 a
2406 5498 2543 5553 viris
2568 5497 2766 5564 doctis,
2790 5513 2897 5552 non
2928 5495 3259 5552 abstinuisse
3281 5505 3408 5553 ante

1837 5571 2027 5626 Arium
2058 5570 2326 5640 quosdam
2369 5570 2631 5640 antiquos
2667 5567 2861 5640 Patres
2899 5568 3077 5640 tribus
3117 5568 3407 5640 postremis

1838 5636 2231 5707 locution'ibus,
2254 5647 2310 5693 et
2326 5636 2708 5698 consimilibus
2727 5639 2869 5695 aliis.
2897 5636 2976 5694 De
2989 5637 3294 5695 substantia
3315 5653 3381 5705 ge

1837 5713 1952 5768 nita
1972 5712 2212 5768 diximus
2242 5709 2310 5766 ad
2343 5709 2633 5780 Ignatium.
