3890 6192
502 282 642 338 ηδτ
1389 284 1445 337 S.
1487 281 1879 338 CLEMENTIS
1918 284 1937 337 l
1973 283 2139 339 BOM.
2174 280 2377 337 PONT.
2419 279 2647 336 OPERA
2690 277 2912 333 DUBlA.
3594 273 3705 327 1238

501 396 557 450 ln
590 394 805 465 seipse;
836 395 1128 465 impietatis
1169 401 1349 449 autem
1394 394 1553 464 plena
1585 402 1713 448 sunt
1743 394 1856 449 haec
1887 395 1954 450 de
1988 398 2070 450 in—
2099 401 2145 457 Α
2170 393 2573 449 dissensionem
2614 389 2853 445 surrexit
2891 397 2944 442 et
2984 384 3088 441 hoc
3118 400 3349 440 numero
3378 384 3605 446 distans.
3632 400 3707 437 nec

503 487 687 557 genito
718 487 1017 556 suspicari,
1056 487 1439 556 periclitamur
1467 487 1612 540 enim
1644 486 1738 539 ﬁlii
1775 486 2069 554 impiorum
2173 488 2316 540 enim
2365 493 2449 540 est
2494 484 2817 553 Autopator,
2850 482 2953 535 hoc
2978 489 3064 535 est
3092 480 3195 535 sibi
3238 481 3341 549 ipsi
3370 489 3553 549 pater,
3597 494 3708 549 quo-

500 579 589 649 pie
622 594 680 633 se
710 585 964 647 putantes
1013 577 1349 646 intelligere,
1382 591 1632 646 magnam
1676 575 2071 645 blasphemiam
2174 579 2335 633 modo
2383 591 2493 631 non
2549 576 2721 645 magis
2762 572 3075 628 innascibili
3122 586 3390 625 consensu
3424 584 3710 640 permacra

502 668 748 740 lngenito
798 667 1121 739 ingerendo,
1174 668 1678 723 masculofeminam
1730 682 1853 721 eum
1883 665 2073 721 existi-
2173 669 2459 739 diligeret,
2494 666 2639 736 quod
2683 664 2979 735 ingenitum
3009 663 3226 733 quidem
3265 670 3381 716 erat
3408 661 3710 721 substantia,

501 768 736 816 mantes.
766 760 969 815 Memor
1000 775 1121 815 sum
1154 775 1286 815 sane
1309 760 1430 829 ejus
1455 760 1548 830 qui
1578 758 1916 814 commonuit
1945 772 2068 823 nos,
2173 763 2421 832 genitura
2449 773 2574 813 vero
2604 759 2655 811 in
2679 758 2991 811 dualitatem
3009 755 3371 808 dinumerata.
3391 751 3564 821 Hujus
3585 767 3713 805 nam-

501 852 722 907 fratres.
2174 869 2279 923 que
2309 851 2760 907 inconvenientia:
2784 856 2955 902 mater
2974 847 3193 917 quidem
3224 852 3307 900 est
3338 845 3640 915 ignorantia
3663 844 3715 897 de

572 944 640 999 Χ.
685 943 952 1000 Manendo
995 959 1126 1015 ergo
1164 943 1351 1013 genuit
1382 941 1523 997 Deus
1553 942 1831 996 voluntate
1869 956 2071 1012 praace-
2174 942 2314 1009 Deo,
2347 943 2691 1014 eooperatrix
2716 956 2846 995 vero
2872 949 2925 994 et
2959 952 3117 993 soror
3145 938 3474 1007 negligentia
3505 937 3573 992 de
3615 934 3719 1004 Spi-

500 1037 663 1091 dente
690 1038 822 1105 (85),
866 1038 1008 1091 sicut
1055 1034 1372 1105 praedictum
1407 1042 1511 1088 est.
1544 1033 1834 1103 Propterea
1865 1033 2069 1103 Unige-
2175 1039 2283 1092 ritu
2312 1046 2525 1092 sancto.
2560 1035 2800 1105 Spiritus
2841 1041 3018 1087 autem
3051 1040 3274 1087 sanctus
3296 1033 3490 1100 pignus
3518 1032 3581 1086 ad
3608 1046 3741 1101 con-7

502 1129 651 1183 nitus
682 1145 806 1181 vere
839 1128 1173 1197 appellatur;
1207 1143 1273 1181 ex
1304 1126 1545 1195 ingenito
1566 1126 1711 1179 enim
1738 1125 1900 1179 habet
1926 1124 2070 1195 quod
2173 1129 2543 1185 servationem
2569 1142 2758 1181 eorum
2787 1141 2908 1195 quae
2944 1140 2973 1178 a
3002 1124 3231 1177 Domino
3261 1124 3382 1177 data
3421 1132 3550 1178 sunt
3582 1122 3764 1177 nobisE

499 1230 584 1275 est
607 1229 659 1273 et
692 1217 863 1273 Filius
896 1234 1019 1272 vere
1050 1219 1372 1288 appellatur,
1411 1218 1478 1271 ab
1516 1217 1703 1269 innato
1731 1217 1875 1271 enim
1910 1224 2071 1271 natus
2174 1220 2357 1292 (quem
2388 1236 2494 1274 non
2527 1230 2650 1289 post
2678 1220 2878 1273 multos
2921 1218 3039 1271 dies
3082 1216 3473 1285 assumptionis
3502 1214 3616 1284 ejus
3644 1229 3719 1265 ac-

500 1318 603 1365 est.
655 1310 760 1363 Sed
812 1319 991 1363 tamen
1037 1310 1319 1363 voluntate
1368 1307 1803 1362 controversiam
1850 1311 2071 1361 noxiam
2173 1309 2460 1380 cepimus).
2493 1309 2655 1363 habet
2692 1310 2837 1379 quod
2862 1316 2946 1362 est
2976 1308 3045 1361 ab
3088 1306 3396 1377 Unigenito,
3427 1306 3720 1375 plenissima

500 1410 785 1456 mansuete
815 1402 1073 1471 paulatim
1121 1401 1434 1454 relaxantes
1477 1414 1663 1454 eorum
1686 1438 1699 1461 ,
1733 1397 1826 1469 qui
1870 1399 2071 1453 audent
2172 1401 2468 1455 declaratio
2498 1400 2713 1454 virtutis
2736 1400 2883 1469 ejus;
2917 1402 3057 1455 sicut
3083 1400 3390 1469 unigenitus
3418 1413 3473 1452 et
3499 1399 3718 1451 omnium

497 1492 683 1548 dicere
706 1494 967 1548 infectum
994 1508 1023 1546 a
1057 1493 1202 1548 facto
1234 1493 1594 1563 appellatione
1622 1494 1735 1548 sola
1762 1492 1985 1555 distare,
2018 1502 2072 1547 et
2174 1494 2570 1566 primogenitus
2596 1495 2774 1566 imago
2804 1505 2887 1549 est
2917 1495 3273 1549 immutabilis
3296 1493 3551 1563 ingenitas
3578 1493 3722 1544 virtu-

499 1585 629 1639 illud
662 1584 806 1655 quod
831 1587 1009 1657 genite
1038 1586 1362 1640 distinctum
1394 1593 1499 1647 est,
1527 1585 1791 1640 adversus
1820 1586 2069 1639 innatum
2172 1590 2275 1652 tis,
2309 1589 2487 1659 imago
2516 1588 2725 1643 scilicet
2760 1588 2950 1651 unica,
2985 1586 3333 1640 immaculata
3379 1600 3625 1645 manens,
3656 1584 3717 1635 vi-

498 1692 622 1734 esse
654 1680 1016 1733 substantiam
1064 1678 1367 1748 ingenitum
1414 1677 1702 1733 affirmare.
1731 1676 1885 1743 Quod
1916 1678 1960 1732 si
1996 1678 2069 1731 ita
2105 1738 2141 1749 ﬁ
2174 1680 2385 1733 sionem
2421 1680 2645 1749 ingeniti
2679 1695 2802 1733 cum
2836 1678 2907 1733 sit
2942 1678 3194 1741 visibilis,
3235 1686 3457 1747 przestat
3492 1673 3721 1743 intelligi-

498 1771 721 1834 dicitur,
741 1771 883 1839 quod
910 1738 1348 1840 quidemvdicitur
1370 1785 1476 1823 non
1497 1777 1599 1830 est,
1619 1738 1959 1839 quodvautem
1987 1778 2071 1824 est
2105 1738 2143 1792 Β
2173 1771 2376 1825 bilibus
2407 1778 2460 1825 et
2480 1738 2880 1835 sensibilibus;
2936 1784 3046 1839 quo
3098 1738 3259 1821 modo
3308 1769 3351 1821 si
3404 1767 3534 1837 quis
3575 1738 3720 1821 solem

495 1878 607 1916 non
633 1861 852 1915 dicitur.
886 1862 977 1918 Est
998 1863 1141 1917 enim
1174 1862 1431 1917 infectum
1465 1862 1791 1923 substantia,
1816 1862 1859 1917 si
1888 1870 2068 1916 autem
2170 1862 2321 1916 verbi
2347 1862 2516 1931 gratia
2553 1862 2843 1916 ostendere
2863 1861 3052 1915 volens
3082 1868 3175 1913 aut
3198 1858 3345 1912 aliud
3377 1858 3583 1929 aliquid
3604 1900 3617 1921 ,
3650 1859 3719 1911 his

495 1952 701 2006 dicitur
726 1952 951 2016 factum,
972 1953 1273 2007 detestatur
1293 1952 1437 2023 quod
1457 1968 1565 2005 non
1602 1960 1686 2007 est
1719 1953 2067 2021 appellatum.
2170 1955 2262 2023 qui
2296 1970 2403 2007 non
2428 1961 2660 2023 possunt
2690 1968 2787 2023 per
2808 1968 2865 2007 se
2888 1954 3037 2022 ipsos
3066 1968 3189 2006 eum
3221 1952 3426 2015 videre,
3464 1953 3535 2005 sit
3562 1961 3719 2004 autem

496 2044 733 2097 maxime
783 2051 963 2097 autem
1016 2043 1161 2097 ultro
1206 2042 1522 2097 rationabili
1572 2049 1825 2097 exstante
1870 2041 1981 2096 Dco
2016 2051 2069 2098 et
2172 2052 2280 2104 illis
2312 2053 2615 2105 necessitas
2645 2050 2830 2104 videre
2870 2050 3071 2111 solem,
3102 2057 3415 2119 temperans
3464 2048 3723 2103 obtutibus

496 2132 643 2186 ultro
678 2132 798 2187 sine
834 2132 1137 2201 principio,
1170 2132 1314 2201 quod
1364 2132 1526 2186 modo
1574 2145 1683 2184 non
1714 2131 1785 2185 εἰι
1816 2132 2068 2201 impossi-
2171 2143 2343 2213 ipsam
2378 2142 2766 2196 necessitatem
2790 2181 2803 2205 ν
2848 2156 2944 2211 per
2987 2140 3267 2210 speculum
3312 2140 3538 2209 quidem
3575 2140 3720 2193 solem

493 2224 631 2291 bile;
663 2226 837 2295 magis
867 2236 1046 2279 autem
1080 2225 1304 2294 impium
1332 2233 1436 2288 est,
1468 2231 1521 2279 et
1550 2222 1604 2277 id
1633 2222 1778 2293 quod
1805 2225 1951 2278 ultro
1983 2239 2029 2277 es

2186 2234 2457 2289 islenderc
2507 2234 2760 2295 festinat,
2806 2240 2860 2286 et
2910 2232 3235 2286 non-solem
3278 2231 3517 2285 aﬂ‘erens
3568 2230 3722 2299 injicit

492 2319 816 2374 rationabile
865 2319 1120 2388 ultroque
1157 2318 1493 2388 ingenitum,
1524 2332 1636 2371 non
1675 2319 1779 2373 sibi
1812 2318 1914 2387 ipsi
1952 2332 2028 2369 ma

2185 2327 2429 2395 speculo;
2460 2325 2537 2379 ita
2582 2333 2635 2379 ct
2670 2325 2995 2395 Unigenitus
3045 2326 3161 2395 ipse
3206 2325 3425 2394 quidem
3471 2324 3721 2395 ingenitus

491 2412 576 2481 gis
603 2411 766 2465 vellet
792 2426 914 2466 esse
944 2411 1299 2477 conjunctum
1321 2450 1336 2475 ,
1371 2426 1536 2481 quam
1568 2410 1850 2466 dualitatis
1881 2410 2067 2465 subire
2168 2431 2276 2468 non
2301 2422 2407 2479 est,
2431 2414 2735 2486 ingenitum
2762 2430 2887 2469 vero
2913 2422 3082 2469 totam
3113 2416 3166 2467 in
3196 2430 3253 2469 se
3275 2415 3613 2469 demonstrat
3636 2414 3723 2465 vir-

490 2501 737 2557 ordinem
767 2542 783 2565 ,
834 2501 1298 2555 honorabiliorem
1352 2503 1676 2556 existimans
1726 2496 2064 2555 nativitatem
2168 2512 2339 2559 tutem
2379 2521 2504 2559 cum
2541 2505 2612 2560 sit
2643 2506 2768 2560 talis
2814 2518 2879 2559 ac
2909 2512 3097 2558 tantus
3125 2504 3355 2571 deitate;
3389 2506 3467 2559 ab
3504 2506 3586 2559 bis
3613 2519 3721 2555 vero

498 2591 702 2645 innata:
735 2591 1172 2661 perseverantia.
1209 2590 1388 2645 Unum
1420 2592 1563 2646 enim
1602 2606 1709 2645 non
1741 2599 1845 2655 est,
1888 2605 2066 2661 neque
2164 2596 2261 2668 qui
2298 2611 2407 2651 non
2451 2596 2737 2668 diligenter
2778 2597 3151 2666 inquisierunt
3183 2596 3465 2667 ingenitus
3497 2596 3713 2665 suspica

491 2682 671 2751 ipsum
711 2682 816 2737 sibi
861 2683 1108 2752 praecipit
1143 2681 1335 2739 dicens
1366 2702 1380 2737 :
1409 2681 1541 2736 Sede
1587 2699 1619 2735 a
1657 2681 1858 2735 dextris
1903 2682 2061 2746 meis,
2166 2689 2349 2753 batur,
2384 2690 2526 2759 apud
2558 2705 2696 2760 quos
2725 2704 2854 2744 vero
2885 2688 3143 2759 ρι-κοθάίι
3189 2689 3307 2758 ipsa
3352 2689 3637 2758 inquisitio
3663 2687 3719 2739 ιί-

490 2774 653 2828 donec
680 2790 870 2842 ponam
918 2774 1159 2827 inimicos
1214 2784 1330 2827 tuo:
1378 2773 1663 2827 scabellum
1711 2773 1900 2844 pedum
1948 2784 2065 2827 tuo-
2165 2789 2375 2830 morem
2407 2775 2499 2831 Dei
2521 2776 2665 2847 (86),
2705 2792 2813 2831 non
2847 2778 3024 2832 solum
3062 2777 3246 2831 dicere
3278 2778 3490 2847 aliquid
3520 2778 3620 2831 tale
3646 2792 3718 2829 re-

492 2884 611 2921 rum
632 2868 697 2921 ⁸¹.
733 2867 840 2922 Sed
870 2882 1048 2937 neque
1075 2866 1359 2922 contendit
1389 2870 1652 2921 adversus
1684 2883 1742 2922 se
1775 2868 1975 2937 ipsum,
2006 2875 2065 2919 ut
2165 2876 2382 2929 cusant,
2420 2868 2515 2923 sed
2547 2868 2712 2922 etiam
2738 2868 2979 2939 cegitare
3002 2876 3217 2923 cavent.
3250 2868 3383 2924 Cum
3432 2886 3559 2940 ergo
3598 2883 3718 2921 unus

492 2960 695 3030 aliquid
727 2959 978 3014 videlicet
1000 2959 1121 3029 ejus
1142 2966 1483 3029 permaneret
1512 2959 1832 3029 ingenitum,
1860 2957 2063 3029 aliquid
2165 2955 2239 3009 sit
2286 2956 2564 3028 ingenitus
2605 2966 2660 3012 et
2721 2975 2865 3014 unus
2918 2958 3173 3030 genitus,
3228 2959 3473 3029 Spiritus
3517 2966 3714 3014 sanctus

490 3068 623 3107 vero
666 3051 932 3106 nativitati
982 3051 1350 3120 subjiceretur
1390 3069 1404 3105 :
1447 3052 1589 3105 scire
1639 3064 1857 3121 quoque
1900 3062 2063 3121 atque
2088 3080 2132 3140 ε
2165 3042 2338 3101 Filius
2388 3048 2495 3102 dici
2540 3064 2650 3103 non
2697 3058 2897 3121 potest,
2933 3067 3032 3107 nec
3072 3052 3511 3122 primogenitus;
3559 3051 3712 3103 factus

494 3144 751 3215 priescire
784 3143 1026 3213 ingenite
1069 3142 1276 3213 aliquid
1320 3144 1405 3198 sui
1454 3143 1826 3208 nasciturum,
1858 3143 2058 3213 aliquid
2163 3148 2249 3197 est
2280 3142 2424 3195 enim
2463 3156 2559 3211 per
2586 3141 2787 3197 factum
2810 3144 2947 3215 (87),
2978 3146 3525 3199 subconnumeratur
3555 3152 3710 3196 autem

489 3250 622 3290 vero
670 3242 1090 3305 generaturum;
1132 3235 1355 3288 omnino
1390 3233 1643 3288 videlicet
1690 3234 2061 3288 bonorabilio-
2161 3229 2309 3287 Patri
2348 3240 2402 3287 et
2441 3233 2600 3298 Filio,
2635 3243 2895 3305 tanquam
2941 3236 3179 3305 primum
3230 3236 3465 3289 secundi
3514 3251 3605 3305 per
3642 3231 3709 3285 fa-

491 3343 609 3382 rcm
636 3343 694 3381 se
724 3327 1048 3395 sibimetipsi
1084 3340 1192 3379 non
1224 3326 1483 3393 ignorans
1503 3342 1625 3381 esse
1658 3324 1927 3388 futurum,
1961 3326 2061 3379 ali-
2162 3337 2311 3383 ctum
2346 3330 2570 3385 virtutis
2593 3331 2959 3394 signaculum.
2980 3328 3193 3385 Etenim
3219 3330 3335 3400 ipse
3358 3328 3541 3383 Patris
3560 3329 3711 3381 ferens

490 3421 619 3490 quid
641 3420 862 3489 quidem
886 3419 1312 3488 praecipientem,
1342 3418 1546 3487 aliquid
1582 3432 1707 3471 vero
1732 3425 2057 3488 praeceptum
2160 3420 2547 3489 aequipondera
2585 3421 2889 3485 voluntate,
2950 3420 3153 3475 innatae
3203 3420 3621 3490 perseverantiae
3665 3419 3709 3471 in

490 3512 850 3582 accipientem
873 3551 887 3574 ,
922 3510 1057 3564 illud
1091 3510 1243 3565 verbi
1287 3509 1464 3580 gratia
1495 3510 1640 3579 quod
1681 3510 1887 3563 dictum
1934 3518 2055 3563 est:
2162 3512 2397 3582 imagine
2430 3513 2827 3582 operationem,
2854 3523 2979 3583 post
3002 3515 3301 3584 ingenitum
3333 3520 3710 3581 consequenter

491 3605 624 3660 Sede
646 3622 677 3657 a
701 3603 901 3657 dextris
926 3602 1075 3664 meis,
1105 3603 1188 3656 vel
1220 3604 1383 3656 etiam
1419 3600 1549 3655 illud
1577 3602 1718 3670 quod
1750 3602 1816 3655 ad
1849 3600 2063 3655 missio—
2161 3603 2301 3659 bene
2350 3612 2781 3659 connumeratus
2822 3613 2924 3659 est.
2976 3606 3154 3662 Multa
3203 3614 3387 3659 autem
3448 3613 3501 3659 et
3532 3604 3626 3656 alia
3654 3600 3709 3653 de

489 3714 614 3751 nem
659 3694 893 3766 pertinet
926 3703 1016 3747 aut
1062 3694 1205 3763 quod
1240 3694 1354 3773 ipse
1384 3694 1734 3762 semetipsum
1765 3692 2059 3763 prazferens
2162 3694 2343 3759 Patre,
2383 3706 2437 3751 et
2485 3694 2643 3759 Filio,
2673 3705 2727 3751 et
2772 3696 2977 3766 Spiritu
3010 3704 3203 3751 saneto
3226 3697 3469 3750 breviter
3501 3693 3647 3748 nobis
3664 3699 3707 3743 ct

489 3784 1214 3851 eollaudaverit,dicens:Et
1232 3785 1358 3839 vidit
1379 3784 2062 3855 Deus,quiabona",post-
2159 3784 2441 3839 evidenter
2485 3787 2760 3854 exposuit,
2808 3791 2867 3837 ut
2911 3799 3104 3838 omnes
3162 3784 3453 3839 audientes
3506 3783 3703 3835 mirare-

488 3894 651 3949 quam
680 3878 748 3931 ab
772 3876 1061 3946 Unigenito
1090 3892 1180 3931 sex
1208 3876 1399 3930 diebus
1417 3875 1605 3931 effecta
1627 3883 1888 3944 suntquae
1916 3874 2058 3927 facta
2161 3889 2305 3938 mur,
2339 3876 2615 3945 quomodo
2642 3875 2892 3929 homines
2921 3875 3185 3929 derelicta
3215 3876 3451 3929 veritate
3480 3867 3704 3929 Conversi

488 3986 611 4025 esse
641 3975 877 4029 constat,
911 3967 1300 4020 immutabilem
1323 3968 1512 4020 videns
1536 3982 1688 4021 suam
1727 3966 2056 4019 voluntatem
2159 3967 2382 4019 suntsad
2414 3965 2752 4038 vanitatem]

489 4062 545 4117 in
576 4059 1145 4115 consummationibus
1174 4056 1449 4127 Unigeniti
1482 4058 1677 4112 divina:
1699 4058 2055 4127 operationis.
2231 4054 2344 4111 Xll.
2387 4053 2493 4110 Sed
2538 4072 2664 4110 cum
2716 4057 2992 4109 illuxisset
3023 4054 3142 4110 dies
3167 4053 3305 4125 (88),
3335 4056 3606 4124 ingressus
3634 4058 3703 4103 est

558 4150 650 4207 XI.
701 4150 759 4205 Si
793 4157 975 4204 autem
1007 4150 1278 4218 ingenitus
1311 4164 1419 4202 non
1449 4157 1535 4203 est
1570 4148 1746 4204 factus
1778 4148 1937 4203 Pater
1964 4156 2058 4201 aut
2158 4148 2380 4217 quidam
2430 4148 2623 4203 dicens
2654 4167 2665 4202 :
2698 4148 2990 4203 Multitudo
3045 4149 3281 4218 plurima
3342 4152 3612 4206 exsoectal
3658 4142 3703 4193 ill

488 4246 575 4302 sui
608 4244 783 4315 ipsius
822 4242 1017 4306 factor,
1057 4244 1199 4297 sicut
1226 4243 1602 4309 ostendimus;
1644 4243 1918 4312 quomodo
1947 4243 2056 4295 uti-
2158 4241 2319 4304 atrio,
2353 4241 2406 4293 in
2428 4256 2660 4310 quorum
2705 4241 2885 4294 medio
2909 4250 3016 4296 stat
3042 4240 3255 4302 Simon,
3280 4236 3701 4310 persuasionibus

487 4354 595 4411 que
626 4337 835 4392 faceret
863 4344 956 4389 aut
989 4344 1274 4407 generaret
1306 4351 1369 4390 ex
1404 4350 1464 4391 se
1499 4336 1617 4405 ipso
1648 4334 1873 4405 aliquid.
1908 4336 2053 4405 quod
2160 4331 2413 4401 pessimis
2461 4332 2763 4401 praevenire
2794 4346 2956 4385 aures
3004 4331 3190 4400 populi
3231 4332 3488 4399 cupiens.
3522 4328 3583 4380 Et
3612 4324 3699 4377 Pe-

487 4430 826 4486 nativitatcm
882 4439 935 4483 et
989 4428 1253 4481 facturam
1299 4443 1473 4496 usque
1524 4425 1591 4480 ad
1636 4426 2051 4496 appellationem
2087 4442 2129 4497 υ
2157 4430 2279 4477 trus
2305 4425 2487 4479 statim
2512 4439 2769 4493 egressus
2787 4424 2937 4478 stetit
2969 4424 3023 4476 in
3052 4422 3173 4475 loco
3198 4437 3308 4490 quo
3334 4420 3507 4490 pridie
3534 4418 3701 4483 dispu-

485 4537 596 4575 non
638 4521 881 4590 recepit?
908 4519 1025 4573 Non
1061 4520 1206 4575 enim
1254 4520 1399 4590 quod
1430 4527 1516 4574 est
1556 4533 1652 4588 per
1700 4518 1813 4572 htBC
1855 4518 2051 4585 habet;
2153 4525 2386 4580 taverat,
2405 4519 2693 4585 omnisque
2724 4516 2791 4570 ad
2822 4516 2999 4585 ipsum
3030 4514 3261 4583 populus
3284 4525 3578 4566 conversus
3593 4519 3697 4558 cum

484 4612 591 4666 ista
620 4621 800 4665 autem
844 4612 911 4665 de
950 4610 1061 4665 Deo
1110 4611 1293 4666 dicere
1340 4612 1563 4681 impium
1605 4619 1709 4665 est.
1756 4611 2046 4666 Manifesta
2152 4607 2353 4678 gaudio
2382 4605 2701 4661 intendebat
2732 4607 2788 4659 in
2815 4622 2962 4660 eum.
2998 4604 3187 4657 Simon
3233 4618 3364 4656 vero
3409 4602 3497 4655 ubi
3548 4597 3697 4651 sensit

482 4702 628 4757 enim
656 4712 741 4759 est
765 4703 850 4759 his
872 4703 965 4773 qui
993 4704 1075 4758 vel
1108 4704 1378 4757 modicum
1410 4704 1688 4774 quidpiam
1721 4704 1907 4759 videre
1936 4720 2055 4774 pos-
2152 4704 2399 4771 gavisnm
2439 4718 2562 4757 esse
2594 4702 2853 4772 populum
2885 4700 2951 4755 de
2984 4707 3281 4770 conspectu
3319 4698 3485 4759 Petri,
3517 4703 3566 4749 et
3586 4704 3695 4759 erga

484 4802 633 4859 sunt,
662 4796 753 4849 illa
792 4796 1039 4866 ingeniti,
1080 4796 1465 4865 impassibilis,
1498 4796 1681 4849 innata
1716 4797 2047 4851 substantia.
2155 4796 2407 4850 allectum
2434 4796 2554 4863 ejus
2585 4796 2814 4857 moveri,
2841 4793 3253 4862 obstupefactus
3286 4793 3363 4845 ait
3393 4790 3584 4844 :Miror
3610 4786 3693 4837 bo-

484 4884 544 4940 Si
574 4903 703 4943 vero
729 4894 783 4943 et
817 4897 939 4958 post
965 4888 1305 4943 nativitatem
1334 4888 1637 4944 substantia
1667 4904 1945 4958 nunquam
1982 4888 2051 4941 ad
2154 4889 2361 4941 minum
2393 4888 2704 4953 stultitiam,
2730 4888 2824 4957 qui
2847 4902 2934 4942 me
2962 4900 3177 4955 magum
3200 4885 3394 4938 dicunt
3414 4891 3467 4937 et
3500 4882 3691 4935 Petrum

552 5042 601 5074 ⁸¹
637 5040 783 5099 Psal.
814 5059 923 5107 cu,
955 5044 1004 5097 1.
1082 5043 1127 5075 ⁸⁸
1163 5042 1297 5097 Gen.
1332 5059 1369 5105 ι,
1405 5043 1494 5097 51.

1773 5179 1905 5234 COT
1915 5178 2136 5232 ELERII
2171 5178 2400 5233 NOT.~E.

548 5318 659 5390 (85)
693 5315 879 5371 Genuit
906 5316 1038 5371 Deus
1068 5319 1329 5371 voluntate
1354 5316 1692 5386 prmcedenle.
1726 5316 1917 5390 Dicere
1945 5318 2031 5371 de-
2148 5315 2508 5390 Dei.Sic_ms.
2541 5313 2710 5368 Cand.

482 5376 958 5457 Duit,lvoluntale
993 5391 1320 5452 comitante,
1354 5376 1463 5441 'aut
1504 5389 1927 5448 concomitante,
1983 5398 2042 5440 ut
2150 5456 2157 5457 ί
2220 5388 2328 5457 (87)
2366 5384 2561 5457 Factus
2584 5397 2660 5437 est
2682 5384 2817 5457 enim
2840 5398 2929 5457 per
2945 5383 3161 5457 frientur.
3184 5380 3387 5457 Fersan
3409 5376 3681 5457 Grteeellu-

482 5398 623 5455 nuit,
669 5398 947 5442 voluntate
993 5398 1320 5452 comitante,
1369 5398 1463 5441 aut
1504 5398 1927 5448 concomitante,
1983 5405 2014 5439 ιι

482 5461 779 5537 loquuntur
820 5455 1075 5537 tlteplogi.
1118 5457 1240 5537 Pari
1279 5459 1435 5511 modo
1484 5462 1855 5537 paulo_post_,
1879 5467 2018 5537 fecti

2220 5398 2328 5457 (δί)
2366 5398 2398 5437 Γ
2415 5398 2561 5438 actus
2584 5398 2660 5437 est
2682 5401 2817 5437 entm
2834 5398 2929 5505 ger
2945 5398 3161 5451 (acmm.
3184 5398 3213 5435 ιι
3228 5398 3387 5437 nrsan
3409 5398 3580 5432 uncta:
3604 5398 3677 5454 ιω·

2148 5456 2377 5537 bebatur
2408 5455 2605 5537 γέγονε
2638 5454 2743 5537 γέερ
2780 5454 2990 5537 δι’-’φοῦ
3026 5451 3285 5535 γεωιγτωῗι⁹
3334 5447 3677 5537 ᾳιιοᾴνξιηεξιρξ

478 5523 829 5599 scripsisset:
879 5523 1027 5580 Unus
1044 5531 1181 5581 enim
1205 5545 1306 5582 non
1331 5538 1429 5592 est,
1456 5523 1614 5598 neque
1652 5523 1761 5597 ipse
1788 5528 1889 5582 sibi
1915 5543 2047 5596 prw-
2147 5529 2283 5582 verti
2327 5528 2631 5597 potuisset:
2685 5523 2909 5578 Exstitit
2960 5525 3099 5579 enim
3140 5538 3230 5590 per
3267 5538 3384 5576 eum
3424 5523 3509 5589 qui
3548 5523 3673 5569 ortu:

479 5603 628 5669 cipit,
655 5616 774 5668 pro,
802 5614 965 5652 unum
993 5600 1130 5653 enim
1152 5616 1253 5653 non
1275 5609 1373 5664 est,
1398 5616 1556 5669 neque
1585 5601 1753 5667 ipsum
1775 5599 1875 5653 sibi
1907 5614 2045 5667 prrc-
2145 5606 2261 5669 est:
2286 5667 2319 5669 υ
2386 5666 2413 5669 _
2469 5665 2479 5669 _
2856 5665 2878 5669 _
3308 5661 3366 5669 __
3516 5660 3557 5669 Α,
3602 5655 3610 5665 ,

472 5660 625 5736 Cit)“.
658 5660 671 5668 I
761 5660 768 5664 ﬂ
1360 5660 1368 5664 ’
1473 5660 1483 5669 ’
1604 5660 1614 5667 ’
1907 5660 1917 5667 ’
2220 5667 2331 5735 (88)
2376 5665 2479 5719 Sed
2506 5684 2647 5737 rum,
2697 5671 2805 5717 etc.
2856 5665 2918 5719 In
2960 5680 3130 5737 marg.
3172 5680 3273 5720 ms.
3307 5661 3407 5717 Th.
3442 5677 3453 5711 ε
3497 5660 3566 5718 Ab
3595 5660 3678 5707 ista

525 5738 781 5807 (86)]psa
799 5739 1454 5811 inquisiti0.Forte,ipsam
1470 5740 1862 5810 inquisitione»:
1883 5743 2040 5795 timor
2149 5738 2261 5792 loco
2293 5754 2469 5791 secure
2495 5736 2657 5805 legere
2684 5744 2847 5804 potes.
