3890 6192
229 340 252 392 1
263 338 366 394 289

1450 332 2018 389 ΒΕΕΟΕΝΙΤΙΟΝΗΜ
2057 333 2180 387 LIB.
2223 325 2308 388 Ill.

3347 329 3486 385 $296

225 455 486 525 diligunt,
517 468 644 508 cum
692 454 880 524 utique
913 453 1044 508 olim
1089 451 1356 508 habentes
1386 454 1635 506 notitiam
1672 452 1801 514 mei,
1834 464 1879 512 Α
1909 449 2104 505 Petrus
2131 470 2142 504 :
2189 451 2355 504 Video
2381 457 2432 503 te
2464 448 2667 502 sentire
2688 445 2832 515 quod
2857 445 3167 515 arguemlus
3196 436 3296 508 sis,
3325 452 3378 499 et
3399 446 3485 502 vis

225 563 318 604 me
356 548 532 617 magis
571 548 800 618 diligere
838 546 1123 603 deberent.
1158 547 1225 602 Et
1274 546 1396 602 ideo
1425 563 1493 601 ex
1523 548 1626 602 hoc
1657 546 1802 600 indi-

224 640 337 700 cio.
399 640 492 708 qui
525 639 728 694 habent
764 654 988 695 sensum
1034 646 1269 709 possunt
1316 638 1642 709 intelligere,
1674 637 1804 708 quia

225 731 404 802 magis
450 730 646 786 Petrus
703 747 896 802 magus
921 732 1095 787 videri
1125 738 1327 802 potest,
1353 747 1484 786 cum
1520 731 1678 796 mihi,
1712 731 1801 784 cui

223 840 296 880 ex
335 827 737 882 consuetudine
763 827 983 882 debitus
1015 828 1409 897 propemodum
1439 835 1545 890 est,
1571 843 1682 881 non
1707 828 1804 882 de-

226 915 403 971 fertur
434 918 683 983 aﬂ‘ectus,
732 919 811 972 illi
850 926 1055 986 autem,
1087 920 1177 975 cui
1209 921 1360 975 nullo
1402 936 1507 976 usu
1549 921 1801 987 debetur,

221 1007 574 1063 abundanter
598 1011 952 1080 expenditur.

297 1098 437 1154 Xlll.
477 1099 543 1152 Et
572 1115 699 1155 cum
730 1102 905 1154 multa
930 1101 1312 1170 hujuscemodi
1346 1099 1538 1154 Simon
1565 1099 1795 1162 diceret,

220 1187 420 1244 Petrus
450 1191 684 1243 salutato
713 1206 779 1246 ex
811 1207 964 1245 more
987 1194 1188 1263 populo
1216 1193 1291 1246 ita
1314 1192 1599 1260 respondit
1631 1209 1643 1244 :
1672 1190 1803 1244 Suf-

222 1280 337 1336 ﬁcit
386 1282 702 1352 unicuique,
756 1302 790 1337 o
841 1282 1053 1348 Simon,
1110 1285 1179 1340 ad
1234 1282 1631 1338 confutandum
1666 1297 1801 1337 con~

219 1373 457 1428 scientia
498 1390 632 1440 sua;
677 1376 825 1444 quod
865 1375 911 1430 si
947 1377 1048 1429 hoc
1078 1377 1322 1438 miraris,
1354 1375 1501 1446 quod
1537 1375 1654 1429 noti
1689 1390 1800 1428 non

220 1463 407 1516 solum
451 1471 502 1518 te
556 1479 664 1518 non
709 1465 940 1535 diligunt
972 1467 1067 1520 sed
1107 1473 1162 1520 et
1193 1466 1425 1521 oderunt
1444 1467 1545 1531 tui,
1574 1481 1798 1520 causam

216 1555 374 1609 disce
403 1572 434 1609 a
465 1573 571 1611 me.
606 1557 742 1611 Cum
777 1559 854 1612 sis
892 1558 1171 1621 seductor,
1205 1560 1489 1614 veritatem
1517 1566 1571 1614 te
1597 1559 1798 1628 praedi-

217 1663 351 1702 (rare
379 1649 675 1718 profiteris,
710 1651 780 1704 ob
823 1651 924 1705 hoc
967 1652 1152 1720 plures
1185 1652 1518 1706 desiderium
1547 1663 1799 1721 gerentes

216 1738 497 1795 discenda}
516 1743 764 1796 veritatis
795 1742 1002 1797 amicos
1033 1742 1295 1796 habuisti.
1325 1740 1431 1796 Sed
1450 1743 1504 1796 hi
1527 1743 1620 1795 ubi
1657 1758 1794 1796 con-

1910 543 2119 596 urbane
2155 541 2537 611 subterfugere
2583 547 2904 603 certamen;
2951 553 3077 590 nam
3123 537 3256 607 quid
3298 537 3487 592 vidisti
3538 589 3550 601 ,λ

1910 649 1995 688 me
2024 633 2221 687 iratum
2269 633 2461 688 fecisse
2491 633 2549 686 in
2579 638 2633 685 te
2665 630 2943 684 hominem
2980 634 3192 681 tantum
3221 628 3483 698 populum

1907 723 2158 794 decipere
2185 725 2520 794 cupientem,
2551 729 2605 777 et
2635 737 2760 775 cum
2799 721 2934 773 nihil
2981 719 3185 775 habeas
3223 719 3370 788 quod
3400 719 3486 773 di-

1906 829 2022 877 cas,
2057 814 2378 868 modestiam
2413 812 2803 868 simulantem?
2830 811 2922 881 qui
2953 819 3007 864 et
3039 810 3362 888 auctoritate
3389 817 3485 862 tua

1899 904 2084 974 jubes,
2119 913 2177 958 ut
2211 902 2488 974 quomodo
2524 904 2643 972 ipse
2675 904 2759 957 vis
2799 909 2852 957 et
2885 917 2996 956 non
3041 899 3316 971 quomodo
3347 901 3485 955 ordo

1906 998 2166 1067 postulat,
2201 996 2577 1052 controversia
2613 1003 2916 1050 moveatur.
2941 994 3006 1047 Et
3045 992 3235 1048 Simon
3263 1012 3275 1047 :
3307 994 3488 1063 lmpe—
3536 1070 3538 1072 ν

1904 1090 2038 1144 rabo
2070 1089 2204 1142 mihi
2231 1090 2331 1159 ipsi
2357 1087 2623 1158 patientia
2659 1088 2734 1140 uti
2765 1087 2831 1139 ad
2861 1086 3190 1156 imperitiam
3223 1094 3397 1148 tuam,
3425 1091 3486 1138 ut

1904 1185 2190 1239 ostendam
2221 1193 2273 1239 te
2313 1185 2531 1255 quidem
2573 1185 2712 1239 velle
2758 1183 3020 1253 populum
3069 1183 3364 1246 seducere,
3397 1197 3487 1236 me

1904 1283 2084 1329 autem
2116 1277 2319 1331 docere.
2341 1293 2462 1346 qua:
2493 1292 2620 1331 vera
2668 1283 2817 1330 sunt.
2866 1273 2970 1328 Sed
3014 1289 3162 1327 nunc
3186 1275 3385 1328 omitto
3416 1273 3485 1329 de

1904 1369 2173 1426 immensa
2215 1371 2339 1424 luce
2371 1370 2683 1433 discutere,
2717 1369 2862 1438 quod
2910 1368 3188 1438 interrogo
3238 1376 3291 1422 te
3315 1407 3332 1431 ,
3377 1367 3484 1420 hoc

1903 1464 2035 1516 mihi
2064 1463 2334 1532 responde
2364 1481 2378 1517 :
2423 1462 2560 1517 Cum
2590 1448 2736 1516 Deus
2782 1462 2972 1516 fecerit
3002 1462 3260 1516 universa
3280 1501 3295 1527 ,
3330 1469 3390 1514 ut
3418 1470 3482 1518 tu

1901 1555 2064 1617 dicis,
2099 1555 2241 1608 unde
2271 1563 2356 1608 est.
2386 1555 2634 1608 malum?
2677 1554 2742 1606 Et
2773 1553 3002 1608 Petrus:
3037 1552 3151 1606 Iloc
3195 1554 3357 1607 modo
3393 1553 3482 1607 in-

1902 1656 2182 1719 terrogare
2207 1664 2316 1702 non
2339 1655 2424 1702 est
2443 1647 2808 1712 adversantis,
2837 1646 2930 1702 sed
2957 1646 3242 1701 discentis.
3270 1644 3328 1700 Si
3349 1656 3482 1716 ergo

1906 1742 1990 1795 vis
2034 1741 2268 1804 discere,
2300 1740 2581 1804 confitere,
2600 1749 2652 1794 et
2683 1739 2836 1808 prius
2863 1745 2918 1793 te
2957 1739 3183 1792 doceam
3209 1737 3482 1806 quomodo

215 1834 390 1886 traria
421 1834 477 1887 in
510 1841 561 1888 te
596 1851 760 1904 quam
793 1835 1139 1904 proﬁtebaris
1166 1836 1442 1901 viderunt,
1473 1837 1602 1906 quia
1643 1853 1796 1891 ama-
1826 1809 1868 1862 Β
1902 1833 2106 1888 debeas
2129 1831 2363 1897 discere,
2389 1841 2590 1884 etcum
2635 1830 2894 1886 didiceris
2928 1828 3149 1892 audire,
3192 1837 3327 1882 tunc
3364 1829 3481 1898 jam

215 1933 370 1980 tores
398 1933 574 1988 erant,
613 1933 669 1979 ut
698 1927 832 1989 dixi,
865 1927 1138 1989 veritatis,
1173 1943 1282 1981 non
1320 1930 1500 1984 solum
1538 1945 1644 1983 non
1667 1930 1794 1983 dili-

211 2033 346 2086 gere
376 2026 449 2085 te,
486 2019 582 2072 sed
611 2027 664 2074 et
698 2019 882 2075 odisse
903 2027 1211 2090 cmperunt.
1243 2019 1364 2074 Non
1395 2028 1579 2074 autem
1611 2023 1796 2076 statim

213 2107 292 2164 ab
322 2110 402 2164 eis
457 2111 708 2166 desertus
746 2128 826 2174 es.
861 2114 988 2183 quia
1019 2114 1102 2168 vel
1136 2113 1488 2183 pollicebaris
1527 2113 1706 2167 adhuc
1745 2121 1798 2168 te

211 2203 298 2256 cis
334 2201 622 2256 ostendere
661 2219 845 2272 posse,
880 2204 1023 2275 quod
1057 2220 1245 2258 verum
1298 2213 1402 2259 est.
1453 2204 1636 2260 Donec
1666 2221 1798 2277 ergo

209 2295 458 2348 nondum
473 2296 657 2350 aderat
679 2297 769 2367 qui
788 2307 974 2367 posset
999 2299 1316 2364 ostendere,
1351 2299 1698 2369 patiebantur
1720 2308 1792 2364 te,

211 2387 310 2439 ubi
346 2402 473 2441 vero
506 2403 632 2457 spes
654 2389 735 2442 eis
759 2389 1022 2444 doctrina:
1045 2391 1288 2446 melioris
1323 2392 1532 2458 arrisit,
1559 2400 1612 2448 te
1658 2408 1795 2447 con-

206 2482 522 2534 teumentes
563 2482 711 2551 quod
758 2482 956 2538 melius
1004 2484 1316 2554 intelligunt
1356 2499 1527 2539 nosse
1571 2484 1793 2540 deside-

209 2577 361 2624 rant.
382 2569 448 2624 Et
478 2576 536 2625 tu
565 2575 784 2642 quidem
815 2573 1044 2630 nefariis
1073 2576 1286 2630 artibus
1317 2591 1504 2646 agens,
1539 2575 1608 2630 ab
1633 2591 1797 2631 exor-

205 2663 308 2716 dio
338 2663 508 2718 latere
540 2672 590 2720 te
627 2681 790 2736 posse
821 2667 1132 2730 credidisti,
1159 2667 1256 2722 sed
1286 2683 1395 2722 non
1430 2669 1602 2734 lates;
1635 2684 1796 2739 urge-

207 2762 291 2816 ris
325 2762 469 2815 enim
500 2771 554 2817 et
583 2773 776 2818 contra
799 2780 949 2834 spem
977 2764 1300 2835 publicaris,
1332 2767 1460 2835 quia
1481 2781 1590 2820 non
1617 2767 1794 2820 soium

208 2852 484 2922 ignorasti
520 2854 829 2917 veritatem,
868 2855 964 2909 sed
1006 2866 1106 2910 nec
1135 2855 1326 2911 audire
1357 2854 1580 2910 voluisti
1611 2854 1681 2909 ab
1711 2855 1796 2910 his

205 2944 308 3014 qui
356 2958 477 2997 eam
523 2944 790 3000 sciebant.
826 2943 882 2999 Si
915 2947 1062 3002 enim
1093 2948 1284 3003 audire
1314 2949 1604 3012 voluisses,
1639 2947 1797 3001 inno-

204 3036 413 3090 tuisset
444 3037 633 3106 utique
673 3038 767 3092 tibi
799 3039 892 3092 ille
923 3054 1106 3094 sermo
1135 3039 1256 3110 ejus
1288 3041 1382 3112 qui
1415 3042 1515 3108 ait,
1547 3041 1682 3112 quia
1711 3040 1794 3094 ni-

1901 1935 1953 1982 te
1989 1926 2247 1995 incipiam
2287 1931 2688 1995 consequenter
2735 1923 2953 1978 docere.
3001 1921 3059 1976 Si
3089 1937 3220 1978 vero
3245 1921 3355 1976 non
3396 1921 3481 1977 vis

1903 2019 2117 2076 discere
2151 2028 2412 2090 tanquam
2461 2019 2645 2074 sciens
2683 2019 2891 2084 omnia,
2921 2033 3024 2088 ego
3070 2019 3225 2088 prius
3262 2031 3480 2086 expono

1902 2114 2061 2168 fidem
2089 2128 2252 2184 quam
2285 2111 2544 2182 praedico,
2567 2125 2778 2180 expone
2807 2117 2861 2164 et
2891 2117 2949 2163 tu
2979 2109 3125 2179 quod
3158 2109 3260 2164 tibi.
3290 2123 3480 2164 verum

1899 2207 2139 2273 videtur,
2169 2213 2224 2262 et
2252 2221 2378 2260 cum
2404 2203 2699 2258 manifesta
2748 2203 2912 2256 fuerit
2956 2202 3243 2271 utriusque
3268 2200 3482 2270 profes-

1901 2304 2005 2367 sio,
2043 2303 2322 2371 judicetur
2346 2301 2415 2355 ab
2443 2299 2792 2354 auditoribus
2814 2297 2976 2363 cujus
3026 2304 3273 2351 nostrum
3298 2309 3481 2350 sermo.

1901 2397 1974 2450 sit
2001 2395 2233 2450 veritate
2261 2392 2556 2449 subnixus.
2587 2391 2653 2445 Et
2686 2389 2876 2445 Simon
2907 2388 2975 2442 ad
3005 2389 3123 2443 hzec
3155 2387 3475 2458 respondit:

1899 2487 2070 2544 Risus
2093 2488 2228 2542 mihi
2249 2497 2354 2552 est,
2386 2502 2516 2542 ecce
2549 2485 2642 2555 qui
2675 2484 2945 2555 promittit
2977 2482 3122 2552 quod
3147 2497 3233 2537 me
3263 2481 3478 2536 doceat.

1899 2578 2290 2635 Verumtamen
2340 2578 2515 2648 patiar
2563 2585 2617 2632 te
2658 2585 2712 2630 et
2754 2575 3080 2645 imperitiam
3126 2583 3273 2628 tuam
3318 2581 3483 2642 atque

1899 2671 2271 2741 arrogantiam
2305 2669 2496 2724 feram.
2529 2667 2830 2730 Confiteor,
2868 2667 3082 2722 discere
3111 2665 3258 2730 volo,
3295 2665 3481 2718 videa-

1897 2779 2022 2817 mus
2049 2762 2326 2832 quomodo
2357 2777 2442 2816 me.
2473 2760 2681 2830 poteris
2707 2761 2926 2814 docere.

1968 2874 2112 2932 XVI.
2139 2874 2206 2928 Et
2228 2874 2424 2930 Petrus
2447 2894 2458 2928 :
2489 2871 2568 2939 Si,
2593 2873 2793 2942 inquit,
2820 2886 2948 2928 vere
2967 2871 3052 2925 vis
3075 2870 3307 2933 discere,
3329 2869 3480 2924 disce

1898 2970 2004 3025 hoc
2051 2968 2326 3040 primum,
2378 2982 2544 3038 quam
2593 2965 2849 3036 imperite
2900 2962 3360 3033 interrogaveris;
3394 2959 3479 3015 ais

1896 3063 2069 3127 enim,
2103 3076 2228 3115 cum
2261 3059 2406 3114 Deus
2439 3059 2696 3113 universa
2724 3059 3027 3119 creaverit,
3054 3055 3199 3108 unde
3234 3060 3321 3108 est
3360 3067 3478 3105 tua-

201 3129 285 3181 Iri!
319 3137 395 3181 est
426 3127 685 3181 occuftum
721 3129 858 3200 quod
880 3143 983 3183 non
1007 3144 1340 3201 agnoscemr,
1368 3145 1531 3204 neque
1555 3142 1792 3203 opertum
1820 3159 1863 3214 ο
1897 3153 2050 3208 lum?
2107 3152 2249 3206 Αηιθ
2295 3151 2441 3205 enim
2472 3165 2635 3219 quam
2677 3149 2783 3202 hoc
2830 3162 3078 3214 rogares,
3130 3153 3244 3200 ιιιεε
3300 3145 3477 3199 inter-

201 3219 352 3287 quod
379 3237 482 3272 non
512 3222 766 3274 reveletur
783 3221 850 3275 3‘.

281 3310 422 3366 XIV.
465 3310 592 3367 Haec
633 3321 688 3367 et
735 3314 821 3368 his
869 3315 1073 3370 similia
1111 3315 1328 3371 dicente
1374 3315 1560 3379 Petro,
1596 3317 1785 3369 Simon

203 3405 536 3475 respondit:
566 3404 703 3459 Nolo
736 3421 821 3460 me
858 3408 1040 3461 verbis
1087 3422 1347 3478 occupes,
1382 3407 1565 3472 Petre,
1603 3418 1788 3478 repeto

200 3499 310 3553 abs
345 3506 395 3551 te
425 3514 548 3567 quae
575 3498 834 3552 hesterno
866 3500 1241 3569 promiseras;
1266 3499 1492 3556 dicebas
1523 3501 1669 3555 enim
1695 3516 1782 3555 os-

200 3589 437 3645 tendere
469 3597 521 3643 te
559 3605 744 3660 posse,
779 3590 907 3660 quia
961 3592 1048 3646 lex
1096 3592 1290 3648 doceat
1321 3593 1390 3647 de
1420 3594 1788 3648 immensitate

199 3680 352 3734 lucis
377 3688 614 3746 :eternaa,
641 3689 696 3736 et
731 3682 878 3752 quod
903 3683 1013 3737 duo
1043 3691 1257 3738 tantum
1286 3684 1399 3739 sint
1429 3685 1552 3738 (ξωιί
1593 3696 1644 3740 et
1683 3686 1788 3753 ipsi

198 3775 402 3838 creati,
430 3776 522 3830 sed
557 3777 813 3845 superius
842 3793 966 3832 esse
997 3778 1137 3832 lucis
1162 3778 1311 3833 illius
1349 3779 1555 3844 sedem,
1584 3780 1641 3833 in
1679 3797 1787 3849 qua

198 3871 361 3921 solus
384 3867 440 3920 in
470 3874 736 3922 aaternum
770 3869 975 3924 residet
1004 3869 1295 3926 inell‘abilis
1325 3869 1518 3939 Pater;
1546 3871 1613 3926 ad
1640 3873 1786 3930 illius

195 3972 339 4013 vero
397 3959 520 4012 cmli
565 3959 980 4014 similitudinem
1036 3960 1240 4015 factum
1279 3977 1404 4017 esse
1442 3963 1604 4017 etiam
1639 3964 1784 4018 istud

196 4049 423 4105 visibile
468 4051 689 4117 caelum,
717 4053 863 4120 quod
895 4059 950 4106 et
988 4053 1348 4107 transiturum
1399 4054 1784 4112 confirniabas.

198 4141 390 4197 Unum
422 4158 552 4212 ergo
583 4143 772 4198 dixisti
800 4159 922 4200 esse
968 4143 1184 4201 Patrem
1214 4149 1480 4212 omnium,
1511 4149 1640 4218 quia
1677 4166 1786 4205 non

197 4241 442 4306 possunt
468 4235 580 4290 duo
631 4251 756 4291 esse
781 4235 1059 4302 immensi,
1110 4238 1316 4308 alioqui
1358 4249 1552 4294 neuter
1595 4256 1788 4295 eorum

197 4331 510 4384 immensus
538 4328 665 4393 erit,
691 4329 820 4399 quia
856 4330 910 4384 in
939 4345 1006 4385 eo
1026 4347 1136 4400 quo
1157 4333 1296 4388 alter
1318 4333 1596 4398 subsistit,
1625 4336 1786 4390 alteri

195 4425 369 4477 linem
398 4421 735 4476 subsistendi
784 4421 930 4476 facit.
972 4420 1030 4476 Si
1079 4439 1210 4494 ergo
1257 4425 1374 4480 haec
1415 4442 1525 4480 non
1572 4435 1784 4482 tantum

194 4514 510 4585 polliceris,
553 4514 650 4570 sed
679 4523 734 4570 et
761 4516 1054 4571 ostendere
1076 4525 1232 4586 potes
1255 4533 1327 4572 ex-
1355 4520 1492 4589 lege,
1525 4521 1784 4575 omittens
1819 4496 1861 4551 θ

192 4612 363 4681 plura
411 4609 564 4678 loqui
605 4609 736 4662 hinc
765 4609 965 4678 incipe.
996 4609 1062 4662 Et
1084 4610 1281 4666 Petrus
1316 4630 1328 4666 :
1367 4610 1426 4666 Si
1456 4620 1679 4682 propter
1710 4622 1782 4677 te,

195 4700 405 4771 inquit,
438 4701 532 4770 qui
562 4701 629 4755 ad
661 4702 1151 4756 contradicendum
1184 4705 1568 4760 tantummodo
1603 4706 1781 4770 venis,

191 4807 429 4862 rogarer
456 4792 525 4846 de
550 4793 634 4847 his
657 4793 862 4855 dicere,
896 4809 1176 4862 nunquam
1210 4809 1245 4848 ιι
1273 4810 1360 4847 me
1388 4811 1555 4849 unum
1588 4797 1782 4849 saltem

193 4900 396 4956 posses
429 4884 620 4939 audire
645 4901 975 4951 sermonem,
1005 4887 1101 4942 sed
1134 4889 1395 4956 quoniam
1423 4905 1653 4944 necesse
1698 4898 1783 4943 est

190 4975 518 5045 agricolam,
544 4976 639 5044 qui
669 4977 786 5030 vult
835 4976 1034 5031 bonam
1066 4987 1265 5033 terram
1298 4980 1589 5042 seminare,
1635 4997 1772 5034 non-

189 5065 351 5117 nulla
389 5065 600 5118 semina
643 5066 871 5134 perdere
901 5075 996 5120 aut
1041 5069 1096 5121 in
1127 5069 1385 5137 petrosis,
1431 5079 1524 5123 aut
1572 5071 1625 5124 in
1691 5073 1773 5127 his

188 5172 323 5228 qua:
353 5159 421 5211 ab
451 5157 764 5214 hominibus
795 5162 1170 5215 conculcanda
1203 5173 1348 5226 sunt,
1378 5163 1463 5217 vel
1501 5164 1555 5216 in
1581 5164 1776 5218 dumo-

188 5254 274 5308 sis
297 5266 365 5306 ae
388 5253 615 5322 repletis
641 5254 900 5308 sentibus
924 5253 1080 5318 locis,
1107 5255 1250 5310 sicut
1277 5263 1332 5310 et
1369 5256 1628 5328 Magister
1672 5274 1774 5311 no-

188 5357 313 5403 ster
343 5349 598 5417 exposuit
620 5348 993 5402 diversitatem
1017 5349 1282 5418 propositi
1338 5350 1775 5423 uniuscujusque

190 5439 397 5494 animm
420 5455 518 5508 per
547 5440 661 5494 haec
693 5439 948 5494 indicans
964 5441 1032 5507 ⁸³,
1065 5455 1174 5494 non
1209 5443 1487 5498 morabor.

265 5532 392 5589 XV.
433 5533 570 5586 Tum
598 5532 828 5588 Simon:
859 5533 1079 5590 Videris
1115 5537 1280 5604 mihi,
1325 5539 1538 5610 inquit,
1571 5542 1734 5596 irasci
1763 5561 1777 5609 ;

195 5624 349 5697 quod
387 5625 433 5681 si
475 5633 581 5690 est,
628 5640 739 5698 non
777 5641 999 5680 necesse
1038 5638 1124 5682 est
1170 5630 1307 5685 inire
1344 5632 1679 5688 conﬂictum.
1712 5633 1783 5688 Et

309 5809 354 5840 "'
383 5809 570 5862 Matth.
600 5812 769 5870 x,°26.
824 5810 870 5842 ⁸⁸
912 5809 1046 5866 Luc.
1082 5827 1200 5878 .vm,

520 5904 791 5965 Parnm.
838 5905 958 5965 Gn.
1005 5905 1053 5965 Ι.

1893 3242 2121 3313 rogandi
2193 3240 2406 3311 species
2478 3239 2881 3310 praecedebant.
2958 3228 3144 3290 Primo
3177 3276 3193 3302 ,
3273 3235 3321 3290 si
3392 3242 3480 3290 cst

1892 3333 2138 3398 malum;
2194 3329 2468 3394 secundo,
2522 3329 2654 3399 quid
2703 3329 2775 3383 sit
2828 3327 3073 3392 malum;
3130 3324 3328 3389 tertio,
3387 3325 3480 3379 cui

1893 3426 1985 3488 sit,
2034 3433 2089 3479 et
2141 3423 2308 3478 unde.
2361 3421 2438 3476 Ad
2499 3422 2611 3475 haec
2668 3419 2895 3474 Simon:
2949 3416 2993 3473 Ο
3028 3417 3476 3488 imperitissimo,

1894 3518 2069 3588 inquit
2087 3557 2111 3585 .,
2174 3523 2229 3571 et
2274 3514 2725 3578 ineruditissime,
2783 3519 2942 3567 estne
2993 3511 3277 3565 hominum
3327 3511 3481 3578 quis-

1891 3623 2052 3676 quam
2106 3605 2198 3674 qui
2249 3620 2354 3658 non
2391 3603 2752 3666 confiteatur,
2793 3601 2920 3671 quia
2990 3600 3062 3656 sit
3117 3601 3172 3654 in
3206 3600 3311 3654 hac
3367 3601 3480 3654 vita

1894 3698 2144 3753 malum?
2195 3695 2349 3752 Unde
2398 3706 2452 3751 et
2498 3710 2598 3766 ego
2642 3702 2844 3765 putans
2895 3702 2946 3749 te
2995 3693 3079 3748 vel
3127 3707 3478 3753 communem

1890 3791 2136 3844 omnium
2167 3788 2369 3842 habere
2398 3800 2623 3842 sensum
2644 3825 2660 3850 ,
2689 3784 3027 3854 interrogavi
3059 3784 3207 3840 unde
3244 3784 3317 3839 sit
3358 3799 3478 3837 ma-

1890 3883 2024 3945 lum,
2065 3896 2178 3935 non
2212 3887 2274 3934 ut
2299 3880 2516 3935 diseere
2536 3878 2747 3940 volens,
2783 3877 2877 3947 qui
2923 3876 3110 3931 omnia
3149 3877 3342 3937 sciam,
3376 3875 3477 3930 abs

1890 3979 1944 4027 te
1975 3971 2249 4041 praecipue
2277 3969 2369 4040 qui
2410 3968 2547 4022 nihil
2577 3967 2828 4032 noveris,
2859 3967 2952 4022 sed
2988 3973 3046 4020 ut
3091 3974 3142 4020 te
3189 3965 3477 4020 ostendam

1890 4063 2142 4134 ignarum
2171 4071 2291 4117 esse
2308 4061 2572 4116 omnium.
2596 4060 2662 4113 Et
2697 4075 2763 4114 ne
2795 4067 2952 4130 putes
2981 4059 3108 4130 quia
3144 4059 3316 4113 iratus
3350 4073 3475 4112 sum

1889 4156 2038 4226 quod
2075 4157 2151 4209 ita
2199 4166 2378 4210 tecum
2427 4157 2701 4208 austerius
2764 4155 2992 4223 loquor,
3051 4151 3332 4206 miseratio
3385 4163 3476 4202 me

1890 4247 2057 4302 habet
2079 4247 2275 4300 horum
2298 4246 2392 4315 qui
2429 4245 2652 4309 adsunt,
2680 4259 2820 4314 quos
2842 4251 2902 4298 tu
2946 4243 3200 4312 decipere
3229 4241 3469 4295 conaris.

1891 4337 1958 4390 Et
1985 4337 2184 4392 Petrus
2214 4338 2289 4390 ait
2318 4355 2331 4391 :
2369 4335 2597 4390 Multum
2623 4336 2802 4388 malus
2839 4349 2920 4396 es,
2956 4334 3003 4389 si
3029 4340 3214 4388 tantas
3237 4331 3473 4401 injurias

1889 4445 2000 4484 non
2067 4429 2241 4482 iratus
2297 4427 2484 4492 facis;
2534 4427 2630 4481 sed
2709 4425 3048 4495 impossibile
3117 4430 3202 4479 est
3257 4423 3468 4476 fumum

1890 4530 2006 4576 non‘
2030 4535 2385 4590 consurgere,
2419 4520 2510 4574 ubi
2541 4518 2814 4589 ignis'est.
2845 4516 3238 4571 Verumtamen
3266 4513 3468 4573 dicam,

1891 4631 1960 4669 ne
1990 4621 2043 4668 te
2071 4612 2257 4668 verbis
2285 4611 2474 4667 videar
2504 4625 2798 4681 occupare,
2829 4609 3126 4679 quominus
3157 4606 3227 4661 ad
3255 4619 3321 4659 ea
3350 4620 3472 4674 qua:

1890 4708 1988 4763 abs
2011 4713 2064 4762 te
2097 4706 2548 4760 inconvenienter
2579 4711 2710 4760 sunt
2753 4704 2922 4767 dicta,
2960 4699 3344 4771 respondeam.
3373 4698 3472 4788 Ais

1889 4799 2274 4862 omnes_fateri
2315 4799 2443 4869 quia
2474 4799 2547 4854 sit
2590 4799 2825 4858 malum,
2868 4795 3014 4866 quod
3047 4795 3234 4864 utique
3267 4791 3466 4846 falsum

1889 4899 2008 4960 est;
2051 4907 2181 4946 nam
2228 4892 2405 4961 primo
2453 4892 2700 4945 omnium
2749 4891 2878 4959 quia
2915 4889 3180 4942 subsistat
3220 4885 3422 4939 malum
3451 4926 3463 4945 ,

1887 4985 2142 5038 universa
2175 4982 2526 5037 Heb’razor'um
2561 4990 2719 5051 negat
2745 4997 2897 5050 gens.

1960 5073 2120 5129 XVII.
2141 5073 2204 5125 Et
2230 5071 2443 5136 Simon,
2470 5074 2778 5140 interrupto
2807 5071 2926 5138 ejus
2953 5083 3205 5124 sermone
3231 5085 3244 5120 :
3271 5064 3463 5127 Recte,

1886 5169 2087 5237 inquit,
2125 5166 2333 5221 faciunt
2363 5167 2455 5236 qui
2488 5165 2679 5219 dicunt
2710 5180 2817 5217 non
2851 5177 2975 5216 esse
3015 5162 3243 5215 malum.
3275 5157 3341 5210 Et
3363 5155 3466 5209 Pc-

1884 5273 2004 5316 trus
2031 5279 2046 5315 :
2079 5259 2196 5314 Non
2227 5260 2294 5313 de
2341 5262 2443 5313 hoc
2497 5275 2642 5312 nunc
2692 5259 3079 5328 proposuimus
3111 5245 3294 5308 dicere
3315 5292 3331 5316 ,
3367 5251 3464 5303 sed

1883 5357 2012 5424 quia
2046 5369 2154 5408 non
2200 5368 2392 5406 omnes
2424 5351 2618 5405 dicunt
2673 5366 2796 5405 esse
2858 5349 3083 5402 malum.
3147 5341 3463 5398 Secundum

1885 5454 2067 5501 autem
2099 5452 2216 5500 erat
2263 5444 2604 5512 interrogare
2638 5450 2712 5505 te,
2767 5441 2897 5510 quid
2931 5447 3016 5494 est
3059 5437 3298 5502 malum,
3332 5433 3464 5488 sub-

1887 5541 2110 5601 stantia,
2142 5554 2210 5591 an
2245 5537 2538 5603 accidens,
2571 5551 2640 5589 an
2673 5534 2873 5588 actus?
2902 5531 2998 5586 sed
3044 5537 3099 5585 et
3139 5528 3245 5582 alia
3290 5524 3464 5579 multa

1889 5632 2226 5703 lmjusmodi.
2261 5629 2326 5683 Et
2361 5637 2484 5702 post
2532 5629 2682 5693 hazc,
2724 5641 2852 5698 erga
2893 5624 3024 5696 quid
3053 5623 3136 5677 vel
3184 5615 3464 5691 quomodo

3103 5897 3177 5954 Ῑιί
