3890 6192
451 302 582 362 rem

1292 304 1349 360 S.
1392 302 1785 359 CLEMENTIS
1823 302 1840 356 Ι
1878 300 2041 355 ROM.
2084 300 2283 357 PONT.
2326 300 2553 357 OPERA
2592 299 2815 356 DUBIA.

3564 293 3686 349 ιὲεε

450 423 545 483 sit,
581 429 675 475 aut
720 421 811 475 cui
852 420 925 476 sit
959 419 1187 480 malum,
1214 427 1399 472 utrum
1429 416 1541 471 Deo
1572 432 1640 471 an
1678 417 1885 486 angelis
1907 455 1922 478 ,
1956 432 2025 469 an
2054 420 2097 475 Α
2128 414 2186 469 Si
2212 415 2431 487 quidem
2457 423 2516 470 ut
2545 414 2677 469 mihi
2698 413 2916 467 videtur
2944 410 3121 466 facere
3140 410 3247 473 vis,
3273 423 3374 480 ego
3398 408 3687 463 secundum

449 514 797 576 hominibus,
834 513 941 583 piis
972 528 1040 567 an
1072 511 1287 582 impiis,
1318 510 1574 565 omnibus
1603 525 1669 563 an
1710 510 1985 579 aliquibus
2005 548 2022 571 ,

450 619 518 659 an
544 606 649 660 sibi
685 606 811 675 ipsi.
843 620 909 658 an
940 604 1093 658 nulli.
1119 603 1184 656 Et
1213 612 1345 656 tunc
1369 602 1737 669 interrogares
1768 601 1909 656 unde
1931 602 2022 668 sit,

448 704 766 749 utrumnam
801 710 830 747 a
866 694 995 758 Deo,
1036 709 1107 748 an
1149 708 1215 749 ex
1255 693 1463 758 nihilo,
1507 706 1795 761 semperne
1837 692 2022 759 fuerit,

449 798 519 837 an
552 800 620 839 ex
652 790 898 853 tempore
930 784 1156 854 coeperit
1179 825 1193 849 ,
1226 784 1360 839 utile
1398 784 1471 839 sit
1500 798 1568 836 an
1594 783 1805 849 inutile,
1838 793 1891 838 et
1917 784 2025 838 alia

448 876 621 929 multa
648 889 769 945 qu:e
805 874 1187 943 hujuscemodi
1221 873 1526 944 propositio
1567 873 1754 942 exigit.
1786 872 1868 927 Ad
1909 873 2024 927 haec

448 966 639 1021 Simon
689 966 1013 1035 respondit:
1069 964 1295 1036 Ignosce
1346 965 1503 1031 mihi,
1531 965 1710 1020 erravi
1744 968 1813 1020 de
1850 966 2023 1034 prima

446 1056 895 1127 interrogatione,
931 1058 1024 1113 sed
1051 1067 1180 1127 puta
1214 1071 1302 1112 me
1332 1072 1479 1111 nunc
1508 1057 1745 1128 primum
1785 1057 2023 1113 interro-

446 1160 596 1216 gare,
622 1155 708 1202 est
740 1148 942 1203 malum
974 1161 1044 1201 an
1079 1146 1233 1200 non?

516 1257 703 1315 XVIII.
746 1259 812 1314 Et
833 1258 1027 1315 Petrus
1056 1258 1131 1312 ait
1157 1277 1170 1314 :
1198 1256 1484 1325 Quomodo
1516 1258 1842 1328 interrogas,
1865 1257 2025 1328 quasi

445 1352 658 1408 discere
688 1354 879 1409 volens
912 1369 979 1407 an
1023 1353 1239 1418 docere,
1280 1367 1348 1406 an
1379 1352 1701 1423 quazstiouis
1744 1353 2025 1407 movendae

445 1446 659 1517 gratia?
687 1445 743 1499 Si
777 1446 996 1517 quidem
1023 1446 1179 1515 quasi
1206 1446 1418 1500 discere
1446 1445 1654 1512 volens,
1681 1444 1857 1500 habeo
1878 1446 2023 1515 quod

442 1546 496 1593 te
524 1540 676 1607 prius
706 1538 956 1603 doceam,
992 1545 1050 1592 ut
1081 1554 1176 1608 per
1205 1537 1653 1608 consequentiam
1686 1545 1739 1592 et
1773 1536 2023 1593 ordinem

439 1633 707 1688 doctrina:
759 1632 1020 1697 veniens,
1063 1648 1127 1685 ex
1166 1639 1219 1685 te
1275 1631 1393 1699 ipso
1438 1630 1711 1701 intelligas
1767 1632 1900 1701 quid
1952 1632 2025 1687 sit

440 1724 668 1780 malum.
714 1722 771 1777 Si
808 1739 938 1778 vero
987 1732 1047 1779 ut
1088 1724 1291 1778 docens
1324 1723 1607 1793 preponis,
1654 1738 1764 1777 non
1805 1723 2021 1795 indigeo

441 1816 539 1870 abs
570 1824 621 1870 te
659 1816 871 1879 doceri,
905 1815 1081 1869 habeo
1110 1816 1255 1868 enim
1288 1814 1607 1882 magistrum
1637 1828 1667 1867 a
1696 1829 1807 1884 quo
1834 1816 2019 1869 omnia

440 1904 633 1960 didici.
684 1903 842 1970 Quod
876 1907 921 1959 si
964 1905 1285 1974 quarstionis
1316 1903 1599 1959 movendae
1624 1910 1678 1958 et
1703 1903 2019 1975 disputandi

439 1995 635 2065 gratia,
675 2003 912 2066 uterque
960 2006 1210 2050 nostrum
1262 1995 1417 2065 prius
1464 1998 1609 2066 quod
1641 1996 1746 2052 sibi
1782 1997 2019 2067 videtur,

438 2098 677 2159 exponat
702 2098 756 2145 et
794 2091 867 2144 ita
900 2099 1183 2145 certamen
1215 2090 1503 2145 habeatur.
1532 2088 1720 2161 Neque
1748 2092 1894 2146 enim
1925 2109 2021 2149 ve-

436 2197 558 2237 rum
586 2189 671 2237 est
700 2181 816 2252 (89)
850 2189 911 2237 ut
940 2183 1247 2253 interroges
1276 2182 1433 2252 quasi
1463 2181 1677 2237 discere
1705 2183 1929 2251 volens,
1964 2191 2019 2239 et

435 2272 787 2328 contradicas
814 2280 874 2326 ut
902 2273 1129 2338 docens,
1162 2282 1222 2328 ut
1250 2282 1373 2344 post
1391 2274 1809 2344 responsionem
1840 2291 2017 2330 meam

435 2366 494 2420 in
527 2373 620 2420 tuo
651 2365 866 2435 judicio
895 2366 968 2421 sit
997 2365 1206 2430 dicere,
1239 2366 1285 2421 si
1317 2366 1456 2421 bene
1477 2381 1546 2421 an
1583 2368 1725 2422 male
1755 2367 2013 2423 dixerim.

436 2458 668 2530 Propter
713 2458 860 2530 quod
923 2475 1034 2515 non
1090 2471 1246 2529 potes
1303 2460 1358 2514 in
1401 2460 1523 2515 loco
1588 2460 2018 2518 contradicentis

434 2552 778 2621 stausjudex
823 2566 945 2607 esse
976 2567 1167 2607 eorum
1191 2568 1315 2623 quae
1352 2552 1625 2619 dicimus;
1668 2561 1723 2608 et
1768 2552 1913 2619 ideo,
1959 2561 2018 2608 ut

434 2640 569 2706 dixi,
599 2643 647 2696 si
677 2648 955 2696 certamen
994 2641 1304 2697 habendum
1350 2652 1457 2710 est,
1497 2654 1727 2712 uterque
1764 2654 2016 2699 nostrum

434 2736 579 2806 quod
610 2736 778 2790 sentit
814 2743 1072 2807 exponat,
1124 2743 1179 2791 et
1214 2737 1376 2793 nobis
1409 2738 1463 2791 in
1507 2737 1767 2793 conﬂictu
1817 2738 2017 2809 positis

433 2827 679 2899 religiosi
708 2828 991 2883 auditores
1030 2827 1085 2881 hi
1110 2827 1247 2897 justi
1270 2827 1491 2897 judices
1517 2836 1702 2883 erunt.

504 2964 647 3021 XIX.
693 2964 758 3019 Et
791 2963 979 3021 Simon
1031 2984 1044 3020 :
1076 2964 1193 3021 Non
1226 2966 1324 3021 tibi
1363 2966 1576 3022 videtur
1611 2967 1911 3023 absurdum
1953 2975 2015 3022 ut

435 3059 723 3130 imperitus
768 3060 1005 3129 populus
1055 3058 1124 3113 de
1158 3060 1364 3115 nostris
1397 3059 1563 3117 dictis
1616 3061 1812 3117 habeat
1864 3062 2013 3133 judi-

431 3153 579 3207 cium
607 3153 629 3206 ?
659 3151 721 3204 Et
746 3150 981 3206 Petrus:
1020 3149 1138 3206 Non
1174 3152 1247 3207 ita
1281 3161 1387 3219 est,
1421 3152 1568 3223 quod
1600 3153 1745 3208 enim
1774 3157 1866 3209 uni
1905 3154 2015 3209 foro
2041 3140 2083 3198 Β

432 3252 581 3298 tasse
615 3243 799 3297 minus
855 3243 1047 3313 liquet,
1087 3244 1403 3315 investigari
1441 3260 1472 3299 a
1506 3245 1760 3316 plurimis
1793 3248 2011 3317 poterit,

432 3350 558 3389 nam
593 3351 738 3405 saepe
794 3336 958 3390 etiam
1010 3335 1155 3390 fama
1212 3337 1361 3406 vulgi
1413 3338 1715 3409 prophetiae
1773 3341 2013 3409 speciem

431 3434 601 3480 tenet.
635 3425 811 3495 Super
843 3425 959 3481 haec
993 3434 1175 3482 autem
1207 3428 1415 3494 omnia,
1445 3444 1684 3499 praesens
1712 3429 1801 3484 hic
1834 3431 2015 3485 omnis

433 3519 667 3588 populus
715 3534 901 3573 amore
945 3517 1039 3572 Dei
1076 3521 1413 3576 constrictus
1447 3520 1536 3575 hic
1571 3527 1753 3585 astat,
1790 3521 2014 3591 veriq-ue

430 3607 800 3679 cognoscendi
846 3610 1044 3680 gratia.
1074 3618 1129 3663 et
1162 3610 1287 3665 ideo
1322 3627 1516 3666 omnes
1552 3612 1641 3666 isti
1675 3612 1834 3683 quasi
1868 3628 2014 3668 unus

433 3702 717 3755 habendus
749 3708 854 3766 est,
887 3717 989 3771 pro
1020 3718 1129 3756 uno
1163 3702 1464 3773 eodemque
1490 3719 1619 3774 erga
1646 3719 1890 3759 amorem
1921 3720 2012 3760 ve-

434 3792 617 3845 ritatis
651 3792 845 3845 affectu
868 3832 883 3856 ,
945 3794 1087 3846 sicut
1125 3808 1156 3847 e
1206 3796 1487 3849 contrario
1518 3794 1627 3849 duo
1674 3795 1817 3849 inter
1849 3812 1909 3851 se
1964 3795 2010 3851 si

429 3882 800 3949 dissentiant,
850 3884 1007 3936 multi
1040 3890 1170 3938 sunt
1201 3893 1257 3938 et
1297 3885 1524 3941 diversi.
1593 3885 1649 3941 Si
1702 3894 1882 3943 autem
1927 3889 2010 3944 vis

431 3971 692 4027 indicium
726 3989 957 4045 capere,
990 3978 1266 4046 quomodo
1299 3980 1479 4034 omnis
1515 3978 1607 4034 hic
1648 3982 1882 4052 populus
1914 3982 2009 4052 qui

428 4070 574 4117 astat
603 4066 763 4135 quasi
807 4083 950 4122 unus
979 4068 1053 4122 sit
1086 4070 1273 4137 homo,
1300 4087 1367 4127 ex
1402 4074 1622 4128 silentio
1653 4074 1774 4143 ejus
1810 4074 1931 4145 ipso
1955 4082 2009 4129 et

428 4155 614 4223 quiete
647 4157 960 4224 considera,
998 4164 1274 4230 quomodo
1308 4178 1433 4218 cum
1468 4164 1615 4218 omni
1653 4166 1913 4235 patientia
1951 4174 2010 4220 ut

428 4246 601 4310 vides,
630 4249 794 4303 etiam
829 4259 1122 4320 antequam
1158 4254 1395 4319 discant,
1431 4254 1647 4309 veritati
1696 4254 1791 4310 Dei
1835 4256 2007 4310 hono-

430 4354 543 4393 rem
596 4339 871 4397 deferunt.
929 4342 1181 4399 Nerulum
1232 4347 1380 4401 enim
1440 4348 1703 4417 majorem
1754 4349 2004 4413 cultum,

2127 507 2375 577 magistri
2409 506 2515 561 mei
2547 514 2874 576 praeceptum
2906 502 3023 557 fieri
3049 502 3203 566 volo,
3236 503 3328 572 qui
3360 502 3539 571 primo
3579 515 3689 554 om-

2126 600 2279 654 nium
2316 598 2555 654 Hebrzeze
2595 598 2767 669 genti,
2816 612 2980 667 quam
3012 595 3220 651 sciebat
3267 594 3467 648 habere
3513 592 3691 662 cogni-

2126 688 2330 741 tionem
2368 685 2463 741 Dei
2492 696 2547 742 et
2572 688 2720 758 quod
2752 688 2869 757 ipse
2896 695 3042 742 esset
3065 686 3157 757 qui
3187 684 3376 739 iecerit
3407 684 3690 746 mundum,

2127 780 2408 849 praecepit,
2440 796 2548 835 non
2580 788 2643 836 ut
2673 796 2797 835 eum
2821 788 3089 851 quaereret
3116 793 3276 849 quem
3322 777 3537 831 sciebat
3556 816 3571 841 ,
3606 775 3695 831 sed

2124 872 2460 927 voluntatem
2492 873 2612 942 ejus
2637 870 3021 943 justitiamque
3060 869 3403 940 perquireret
3429 867 3617 921 sciens
3632 867 3697 932 ⁸³,

2125 967 2253 1037 quia
2282 968 2338 1022 in
2366 968 2647 1023 hominum
2675 966 2905 1021 arbitrio
2929 965 3166 1036 positum
3192 971 3298 1031 est,
3326 969 3389 1016 ut
3420 963 3529 1017 hoc
3555 977 3700 1033 qua:-

2124 1068 2311 1117 rentes
2342 1062 2621 1116 inveniant
2668 1068 2723 1114 et
2762 1058 2963 1113 faciant
3012 1066 3177 1127 atque
3205 1056 3502 1110 observent
3542 1070 3606 1110 ea
3636 1055 3700 1111 de

2124 1153 2328 1224 quibus
2353 1152 2637 1222 judicandi
2671 1159 2821 1207 sunt.
2853 1150 2917 1204 Et
2941 1150 3066 1205 ideo
3091 1148 3259 1218 jussit
3298 1163 3402 1202 nos
3429 1164 3698 1216 querere,

2124 1261 2235 1301 non
2266 1244 2410 1300 unde
2438 1246 2509 1301 sit
2548 1245 2776 1308 malum,
2806 1251 2864 1299 ut
2894 1250 2952 1297 tu
2985 1243 3152 1312 paulo
3194 1247 3319 1295 ante
3356 1240 3701 1310 requirebas,

2122 1338 2219 1393 sed
2248 1337 2519 1407 justitiam
2562 1336 2692 1391 boni
2734 1335 2829 1389 Dei
2864 1350 3177 1405 regnumque
3203 1333 3349 1401 ejus,
3386 1342 3434 1386 et
3485 1332 3702 1396 omnia,

2123 1430 2331 1499 inquit,
2379 1428 2488 1483 haec
2527 1426 2846 1496 adjiciantur
2880 1425 3025 1479 vobis
3044 1424 3110 1478 ⁸⁷.
3164 1422 3229 1475 Ει
3272 1421 3508 1475 Simon:
3554 1422 3705 1488 Quo-

2124 1524 2295 1587 niam,
2328 1520 2527 1590 inquit,
2569 1518 2817 1579 IIebrazis
2850 1518 2953 1573 ista
2999 1514 3330 1569 mandantur
3375 1514 3527 1567 velut
3560 1525 3705 1568 recte

2124 1612 2430 1669 scientibus
2460 1610 2630 1666 Deum
2660 1618 2714 1665 et
2743 1608 3118 1681 opinantibus,
3145 1607 3290 1677 quod
3319 1606 3704 1680 unusquisque

2125 1704 2181 1759 in
2218 1719 2320 1760 suo
2369 1701 2597 1758 arbitrio
2630 1703 2827 1757 habeat
2874 1715 3035 1770 agere
3080 1715 3163 1763 ea,
3201 1699 3269 1753 de
3319 1699 3530 1770 quibus
3556 1699 3703 1768 judi-

2051 1779 2095 1837 Β
2122 1795 2332 1851 candus
2356 1803 2461 1860 est,
2499 1793 2633 1847 mihi
2662 1801 2846 1846 autem
2870 1791 2937 1845 ab
2962 1790 3071 1845 illis
3099 1789 3378 1861 discrepat
3406 1788 3701 1851 sententia,

2120 1887 2268 1943 unde
2296 1886 2381 1942 vis
2414 1894 2473 1939 ut
2496 1885 2755 1955 incipiam
2780 1884 2804 1937 τ

2189 1976 2331 2034 XXI.
2375 1977 2514 2033 Tum
2548 1976 2787 2032 Petrus:
2822 1974 2974 2046 Ego,
3020 1973 3233 2045 inquit,
3281 1971 3491 2027 suadeo
3526 1971 3706 2041 primo

2118 2069 2477 2141 quaerendum
2510 2083 2666 2129 esse.
2697 2068 2747 2122 si
2798 2067 2852 2120 in
2907 2073 3175 2135 potestate
3208 2069 3399 2118 nostra
3442 2069 3532 2116 est
3563 2062 3707 2115 scire

2120 2160 2266 2217 unde
2292 2158 2579 2231 judicandi
2621 2157 2818 2213 simus.
2853 2156 2918 2209 Et
2950 2154 3139 2209 Simon
3169 2172 3182 2207 :
3214 2151 3334 2206 Non
3367 2152 3464 2215 ita,
3505 2152 3705 2221 inquit,

2119 2254 2213 2310 sed
2253 2253 2321 2309 de
2345 2252 2475 2317 Deo,
2507 2250 2653 2306 unde
2683 2258 2737 2306 et
2767 2265 2960 2304 omnes
2994 2248 3088 2318 qui
3121 2253 3320 2317 praesto
3350 2254 3486 2300 sunt
3517 2246 3709 2301 audire

2117 2346 2370 2417 cupiunt.
2404 2344 2471 2398 Et
2503 2342 2701 2398 Petrus
2727 2361 2739 2395 :
2774 2340 3003 2395 Constat
3033 2354 3163 2409 ergo
3192 2334 3333 2407 apud
3368 2344 3443 2401 te,
3474 2337 3605 2405 quia
3628 2344 3711 2389 est

2119 2437 2326 2510 aliquid
2363 2437 2419 2491 in
2458 2436 2672 2491 arbitrii
2707 2442 3017 2507 potestate;
3059 2431 3228 2485 fatere
3262 2430 3366 2483 hoc
3400 2436 3622 2483 tantum
3664 2429 3710 2483 si

2117 2539 2224 2598 est,
2248 2539 2302 2586 et
2326 2530 2671 2601 requiramus
2701 2536 2759 2581 ut
2790 2526 2951 2585 dicis,
2984 2523 3052 2578 de
3098 2521 3228 2576 Deo.
3262 2519 3459 2575 Simon
3492 2521 3563 2574 ad
3598 2521 3711 2578 hac

2117 2622 2445 2694 respondit:
2482 2619 2859 2690 Nequaquam.
2900 2616 2965 2671 Et
3004 2614 3245 2670 Petrus:
3286 2611 3345 2667 Si
3386 2628 3527 2683 ergo
3573 2613 3711 2667 nihil

2117 2714 2279 2769 estin
2305 2720 2493 2767 nostra
2518 2716 2815 2779 potestate,
2848 2705 3184 2778 superfluum
3208 2713 3293 2760 est
3318 2718 3421 2757 nos
3459 2719 3713 2775 quare-re

2118 2803 2327 2875 aliquid
2357 2804 2424 2859 de
2454 2802 2589 2867 Deo,
2621 2817 2746 2855 cum
2782 2802 2838 2854 in
2873 2806 3147 2870 potestate
3192 2814 3300 2851 non
3338 2797 3411 2851 sit
3454 2812 3713 2867 quaeren-

2119 2898 2266 2954 tibus
2294 2896 2560 2951 invenire.
2599 2893 2752 2949 Unde
2773 2893 2911 2948 bene
2942 2891 3188 2946 dixeram
3219 2888 3324 2943 hoc
3350 2888 3538 2959 primo
3560 2905 3715 2958 qua:-

2116 2988 2350 3044 rendum
2377 3003 2523 3052 esse,
2577 2987 2621 3041 si
2672 2992 2757 3041 est
2791 2984 2999 3054 aliquid
3036 2984 3090 3036 in
3139 2981 3353 3036 arbitrii
3404 2988 3709 3052 potestate.

2118 3078 2257 3134 Tum
2288 3078 2478 3134 Simon
2508 3097 2522 3135 :
2553 3077 2672 3131 Non
2698 3092 3018 3148 possumus,
3049 3075 3247 3144 inquit,
3284 3090 3355 3128 ne
3384 3074 3496 3128 hoc
3528 3060 3709 3144 ipsum

2117 3172 2337 3242 quidem
2373 3172 2678 3241 intelligere
2706 3168 2853 3242 quod
2885 3169 3049 3232 dicis,
3086 3168 3131 3221 si
3166 3166 3496 3236 estaliquid
3537 3168 3594 3221 in
3624 3184 3712 3221 δικ

2116 3264 2266 3321 bitrii
2298 3270 2592 3335 potestate.
2629 3261 2697 3315 At
2732 3261 2929 3317 Petrus
2955 3261 3147 3315 videns
3190 3258 3338 3330 quod
3387 3259 3459 3313 ad
3495 3269 3710 3329 partem

2116 3374 2176 3415 se
2206 3358 2690 3413 contentiosiorem
2726 3356 2989 3420 declinat,
3031 3354 3282 3426 superari
3317 3364 3616 3413 metuens,
3655 3359 3715 3406 ut

2114 3450 2275 3520 quasi
2315 3451 2582 3504 incertum
2618 3448 2924 3501 confundat
2961 3447 3168 3511 omnia,
3200 3444 3534 3514 respondit:
3560 3444 3714 3510 Quo—

2114 3542 2279 3597 modo
2308 3557 2439 3612 ergo
2477 3542 2609 3604 scis,
2639 3540 2768 3610 quia
2812 3554 2923 3594 non
2954 3547 3041 3595 est
3069 3540 3124 3593 in
3158 3538 3397 3593 hominis
3432 3545 3715 3608 potestate

2114 3636 2256 3690 scire
2291 3634 2519 3705 aliquid,
2551 3648 2676 3687 cum
2710 3632 2814 3686 hoc
2847 3632 3025 3701 ipsum
3062 3630 3250 3687 scias?

2184 3724 2351 3779 XXII.
2395 3724 2461 3778 Et
2514 3722 2747 3779 Simon:
2802 3721 3038 3787 Nescio,
3074 3721 3291 3791 inquit,
3353 3719 3401 3775 si
3459 3720 3549 3775 vel
3606 3721 3713 3775 hoc

2112 3818 2293 3891 ipsum
2325 3816 2537 3882 sciam;
2573 3814 2952 3885 unusquisque
2982 3814 3129 3868 enim
3180 3813 3325 3868 sicut
3362 3812 3413 3866 ei
3451 3811 3567 3866 fato
3614 3815 3713 3868 de.

2112 3909 2394 3973 cernitur,
2426 3907 2511 3960 vel
2544 3906 2655 3975 agit
2686 3904 2897 3976 aliquid
2929 3905 3013 3958 vel
3046 3902 3304 3973 intelligit
3348 3902 3437 3957 vel
3473 3903 3705 3972 patitur.

2113 4000 2251 4055 Tum
2281 3998 2518 4055 Petrus:
2571 3996 2787 4061 Videte,
2826 3996 3043 4066 inquit,
3078 3993 3281 4048 fratres
3306 4035 3321 4057 ,
3359 3993 3413 4045 in
3442 4009 3571 4063 quae
3610 3992 3700 4047 ab-

2112 4086 2277 4141 surda
2310 4084 2577 4141 deciderit
2621 4083 2833 4150 Simon,
2878 4084 2970 4153 qui
3007 4092 3133 4137 ante
3184 4096 3367 4135 meum
3399 4081 3709 4135 adventum

2110 4178 2375 4244 docebat,
2406 4177 2552 4247 quod
2608 4176 2862 4231 homines
2916 4175 2968 4228 iu
3007 4182 3283 4244 potestate
3341 4172 3616 4228 haberent
3655 4182 3709 4228 et

2110 4286 2304 4340 sapere
2347 4278 2402 4325 et
2441 4269 2621 4324 facere
2667 4284 2789 4339 qua:
2831 4268 3064 4333 vellent,
3095 4281 3242 4319 nunc
3291 4264 3349 4317 in
3399 4274 3705 4336 angustum

2111 4366 2367 4420 redactus
2421 4362 2754 4417 necessitate
2785 4361 3105 4423 verborum,
3136 4365 3297 4428 negat
3332 4373 3460 4412 esse
3496 4361 3553 4412 in
3606 4358 3707 4411 ho-

426 4446 589 4499 que'“
617 4435 664 4535 θξ
709 4436 922 4535 “Ferre
948 4437 1204 4535 (Ῑέικξίιιξῑν
1233 4441 1563 4496 άίάίεθτυηιο
1596 4442 1635 4495 Ρ
1644 4454 1825 4513 τοΡῐθι·
1856 4447 2004 4516 (ιυοά
2036 4479 2080 4535 D
2110 4456 2274 4511 minis
2303 4463 2575 4525 potestate
2609 4459 2704 4506 aut
2735 4449 3007 4507 sentiendi
3040 4449 3247 4520 aliquid
3278 4456 3374 4503 aut
3399 4450 3630 4522 agendi,
3654 4461 3709 4507 et

428 4539 591 4592 spero
632 4526 700 4581 de
744 4528 1032 4585 clementia
1065 4530 1181 4596 Dei,
1220 4535 1365 4603 quod
1411 4534 1726 4604 religiosum
1758 4538 2006 4608 proposi-

429 4626 543 4670 tum
578 4620 774 4675 mentis
801 4638 989 4677 eorum
1014 4625 1366 4694 amplectetur
1385 4641 1511 4696 erga
1541 4642 1618 4692 se,
1643 4636 1694 4682 et
1724 4631 2005 4683 veritatem

428 4708 742 4774 praedicanti
780 4712 1023 4767 victoria:
1066 4715 1301 4785 palmam
1337 4716 1517 4781 dabit,
1552 4726 1610 4771 ut
1650 4717 2004 4774 manifestum

426 4799 504 4850 cis
540 4797 702 4854 faciat
734 4803 975 4859 veritatis
1005 4821 1333 4875 praeconem.

498 4900 614 4957 XX.
656 4902 795 4958 Tum
839 4905 1070 4962 Simon:
1108 4906 1185 4963 De
1235 4925 1383 4980 quo.
1412 4912 1628 4982 inquit,
1678 4913 1763 4968 vis
1812 4912 2001 4970 haberi

425 4997 740 5050 certamen?
769 4999 878 5062 dic,
909 5008 968 5055 ut
1000 5009 1052 5055 et
1081 5017 1182 5072 ego
1214 5002 1468 5058 deﬁniam
1502 5005 1647 5075 quod
1687 5006 1819 5059 mihi
1850 5006 2001 5061 vide-

425 5092 540 5149 tur,
575 5095 629 5141 et
660 5088 734 5141 ita
785 5093 1018 5160 qumstio
1068 5092 1317 5162 incipiat.
1352 5095 1418 5149 Et
1449 5094 1645 5153 Petrus
1680 5100 1997 5169 respondit:

2110 4557 2289 4601 tamen
2320 4545 2480 4600 audet
2515 4560 2573 4599 se
2606 4544 2885 4598 doctorem
2923 4540 3191 4611 profiteri.
3230 4540 3339 4596 Sed
3389 4540 3523 4608 dic,
3565 4559 3709 4613 quo-

2106 4640 2271 4694 modo
2292 4654 2420 4708 ergo
2442 4637 2586 4693 Deus
2603 4636 2817 4707 judicat
2844 4634 3149 4690 secundum
3174 4634 3472 4689 veritatem
3499 4651 3709 4689 unum-

2104 4748 2379 4804 quemque
2430 4746 2529 4802 pro
2563 4730 2781 4785 artibus
2814 4729 2953 4797 suis,
2988 4729 3035 4784 si
3068 4743 3231 4799 agerc
3260 4727 3479 4797 aliquid
3516 4730 3571 4782 in
3606 4743 3708 4799 po-

2107 4832 2307 4879 testate
2343 4839 2452 4878 non
2490 4821 2859 4877 habuit?lloc
2889 4821 2935 4877 si
2970 4826 3245 4886 teneatur,
3271 4820 3541 4875 convulsa
3572 4830 3707 4875 sunt

2105 4916 2312 4979 omnia,
2344 4914 2550 4969 frustra
2593 4916 2699 4969 erit
2728 4913 2972 4968 studium
3007 4910 3255 4967 sectandi
3298 4912 3571 4978 meliora,
3604 4911 3705 4966 sed

2105 5018 2160 5065 et
2181 5008 2398 5080 judices
2421 5009 2605 5063 saeculi
2643 5008 2851 5063 frustra
2878 5006 3091 5078 legibus
3114 5013 3363 5077 praesunt
3382 5011 3439 5058 et
3462 5004 3706 5074 puniunt

2106 5116 2202 5155 eos
2245 5100 2340 5172 qui
2393 5101 2535 5154 male
2568 5110 2775 5170 agunt;
2825 5115 2933 5153 non
2977 5099 3124 5153 enim
3158 5097 3217 5151 in
3269 5111 3373 5151 sua
3421 5101 3705 5166 potestate

536 5242 581 5273 ⁸⁸
615 5238 898 5325 Vocabula
931 5247 1197 5325 sciens_—:
1218 5248 1656 5325 judicandisunt
1690 5260 1742 5304 et
1783 5268 1905 5325 qua:
1964 5253 2126 5322 paulo
2157 5262 2281 5325 post
2335 5263 2643 5325 sequuntur
2686 5264 2737 5309 et
2774 5252 3202 5323 opinantibus—
3219 5248 3556 5319 judicandus
3606 5260 3700 5306 est

427 5314 631 5369 desunt
664 5316 719 5367 in
752 5325 986 5386 utroque
1017 5317 1139 5371 cod.
1174 5314 1323 5387 Lips,
1402 5322 1447 5352 ⁸⁷
1491 5320 1681 5375 Matth.
1717 5314 1914 5387 “[53.

1725 5474 2093 5531 COTELERII
2137 5476 2368 5534 ΝΟΤᾹΞ.

499 5610 625 5685 (89)Δ
648 5608 820 5678 Neque
859 5606 995 5685 enim
1025 5621 1324 5685 verum_est.
1380 5610 1600 5684 Ἀληθές
1642 5615 1756 5666 ἐστι
1793 5631 1891 5685 pro
1919 5615 1999 5668 δί-

428 5680 582 5731 καιόν
613 5682 745 5739 ἐστι,
772 5685 948 5734 oratio
973 5684 1169 5736 Attica.
1209 5681 1397 5735 Verum
1429 5680 1505 5736 est
1537 5699 1631 5751 pro
1658 5680 1863 5751 justum
1892 5695 1993 5748 est,

436 5764 636 5815 a'quam
678 5759 783 5813 est,
825 5755 997 5807 oratio
1046 5751 1311 5810 Romana.
1348 5753 1586 5816 Doccnt,
1635 5755 1994 5821 adductisque

2106 5615 2371 5683 exemplis
2418 5614 2636 5667 firmant
2654 5611 3069 5683 “grammatici,
3112 5617 3328 5666 veteres
3374 5625 3442 5667 ac
3493 5624 3682 5669 recen-

2104 5678 2293 5749 tiores.
2331 5680 2607 5746 Horatius,
2644 5678 2816 5749 Epist.
2854 5685 2898 5746 ι,
2927 5699 3024 5747 vn,
3052 5684 3120 5737 98
3156 5699 3169 5734 :

2141 5748 2323 5805 Metiri
2354 5769 2408 5808 se
2442 5748 2813 5823 quemque’suo
2840 5755 3051 5808 modulo
3083 5770 3143 5808 ac
3172 5752 3304 5822 pede
3339 5770 3528 5808 verum
3560 5758 3666 5809 est.
