3890 6192
288 332 429 391 1295
1532 328 1827 389 BECOGNI

1933 328 2097 388 INUM
2139 330 2265 387 LIB.
2307 331 2396 388 III.
3403 333 3535 388 12M

284 450 629 515 habuerunt,
664 456 727 505 ut
760 464 867 503 non
903 456 1215 519 peccarent.
1253 446 1407 503 Vana
1444 458 1608 502 erunt
1639 454 1697 501 et
1734 446 1859 514 jura
1888 446 1935 504 Δ
1962 447 2088 502 coeli
2138 455 2194 503 et
2244 448 2549 503 ministeria
2583 444 2915 502 necessariis
2968 443 3210 499 motibus
3256 453 3530 513 constant.

284 543 613 613 populorum
636 582 651 606 ,
683 556 805 613 qua:
853 542 1013 599 malis
1059 541 1272 596 actibus
1322 554 1514 610 poenas
1572 544 1858 603 statuunt;
1961 537 2136 595 Homo
2158 556 2286 596 vero
2311 547 2530 595 actuum
2562 555 2785 596 suorum
2808 547 2987 594 motus
3014 537 3351 593 voluntarios
3370 538 3530 607 gerit.

282 634 475 690 mis‘eri
509 642 672 688 erunt
726 640 780 688 et
810 633 864 688 hi
903 634 997 698 qui
1032 641 1256 689 servant
1287 647 1412 687 cum
1463 632 1649 687 labore
1695 630 1861 699 justi-
1959 629 2026 683 Et
2072 629 2195 686 ideo
2243 632 2351 685 alia
2398 638 2550 695 sunt,
2576 645 2699 701 quae
2745 631 2816 685 ob
2844 630 2949 684 hoc
2977 637 3161 683 creata
3200 635 3350 693 sunt,
3386 637 3445 682 ιιι
3475 628 3532 682 in

280 726 438 791 tiam,
496 725 640 781 beati
684 724 814 781 vero
857 725 934 780 illi
978 726 1072 795 qui
1119 724 1175 779 in
1224 723 1437 779 deliciis
1475 723 1673 794 positi,
1730 736 1857 775 cum
1957 722 2280 779 ministeriis
2326 722 2445 779 suis
2494 722 2823 778 necessitate
2847 720 3180 785 deserviant,
3219 736 3322 776 nec
3353 720 3532 777 facere

279 818 501 873 luxuria
532 827 586 871 et
620 820 828 874 scelere
853 819 1099 873 viventes
1127 815 1475 888 tyrannidem
1503 822 1715 870 tenent.
1756 811 1857 867 Se-
1956 814 2106 868 aliud
2137 814 2418 884 quidpiam
2470 815 2685 884 possint
2712 813 2818 869 nisi
2848 814 2993 883 quod
3020 813 3102 869 eis
3130 820 3393 868 statutum
3422 820 3528 879 est,

276 911 521 965 cundum
546 910 662 964 haec
683 924 817 981 ergo
847 924 948 965 nec
972 908 1335 980 justitia_erit,
1360 921 1459 961 nec
1488 905 1724 969 bonitas,
1753 917 1854 959 nec

276 1000 388 1053 ulla
420 999 618 1065 virtus,
640 1008 718 1067 et,
749 1007 809 1053 ut
842 1001 952 1063 vis,
974 1014 1076 1053 nec
1108 995 1392 1053 Deus.Sed
1419 996 1611 1061 btee,o
1641 992 1850 1060 Simon,

273 1109 381 1148 cur
418 1094 626 1149 dixeris
680 1094 826 1159 scio;
880 1092 1070 1148 volens
1129 1090 1372 1161 profecto
1420 1088 1658 1158 eﬂ‘ugere
1702 1103 1851 1158 quac-

272 1185 520 1249 stiones,
569 1200 637 1238 ne
676 1185 857 1255 possis
909 1182 1257 1238 manifestius
1293 1180 1591 1246 confutari,
1631 1188 1687 1234 et
1725 1178 1849 1232 ideo

270 1274 358 1327 ais
390 1289 499 1327 non
541 1289 667 1329 esse
714 1274 767 1327 in
800 1281 1070 1345 potestate
1116 1272 1353 1328 hominis
1400 1270 1602 1326 sentire
1643 1269 1847 1340 aliquid

267 1374 369 1417 aut
394 1365 662 1420 invenire.
697 1363 754 1418 Si
784 1367 929 1420 enim
956 1379 1083 1421 vere
1111 1365 1215 1419 hoc
1258 1364 1334 1418 ita
1381 1361 1693 1425 sensisses,
1736 1376 1847 1415 non

270 1456 465 1525 utique
495 1456 659 1511 etiam
690 1464 818 1511 ante
859 1456 1150 1511 adventum
1182 1469 1363 1509 meum
1413 1453 1556 1523 apud
1585 1452 1844 1523 populum

266 1552 324 1600 te
374 1545 713 1615 profitereris
757 1547 1059 1601 doctorem.
1094 1545 1207 1616 Ego
1236 1546 1402 1617 igitur
1430 1545 1575 1601 dico.
1597 1544 1682 1599 sui
1722 1558 1845 1598 esse

265 1636 480 1690 arbitrii
510 1637 807 1692 hominem.
837 1637 900 1690 Et
932 1636 1121 1692 Simon
1146 1657 1158 1692 :
1191 1636 1331 1703 Quid
1355 1646 1440 1692 est
1470 1636 1554 1692 sui
1588 1635 1845 1689 arbitrii?

263 1726 357 1781 die
385 1727 567 1783 nobis.
596 1726 789 1783 Petrus
823 1728 887 1781 ad
918 1728 1034 1784 haec
1060 1748 1073 1784 :
1104 1728 1161 1783 Si
1192 1729 1326 1783 nihil
1354 1736 1529 1799 potest
1550 1727 1714 1791 disci,
1742 1741 1842 1781 cur

1953 918 2079 958 cum
2137 915 2317 962 autem
2351 906 2397 938 ⁸⁸
2439 907 2777 977 expleverint
2832 906 3203 961 ministerium
3232 944 3248 970 ,
3300 903 3529 959 Creator

1949 996 2195 1050 omnium
2220 998 2315 1067 qui
2340 998 2415 1051 ita
2438 998 2728 1052 constituit
2749 1013 2813 1052 ea
2842 1006 3004 1069 prout
3023 997 3278 1061 voluerit,
3304 1010 3530 1050 conser-

1950 1098 2041 1142 vat
2077 1102 2159 1142 ea.
2192 1088 2313 1143 Alia
2345 1105 2474 1144 vero
2504 1098 2653 1155 sunt,
2687 1091 2780 1145 ubi
2816 1096 3061 1160 potestas
3088 1096 3174 1145 est
3202 1088 3525 1150 voluntatis,

1949 1188 2003 1235 et
2057 1184 2113 1237 in
2157 1183 2359 1252 quibus
2415 1183 2610 1254 agendi
2665 1197 2787 1253 quae
2823 1183 2994 1239 velint
3033 1183 3266 1238 liberum
3294 1180 3530 1234 habetur

1950 1272 2257 1327 arbitrium.
2299 1271 2445 1337 Ilaec,
2480 1281 2540 1327 ut
2586 1272 2721 1338 dixi,
2754 1288 2865 1327 non
2910 1287 3125 1343 semper
3153 1271 3209 1325 in
3238 1284 3303 1326 eo
3332 1269 3528 1324 ordine

1947 1378 2058 1432 quo
2115 1372 2303 1421 creata
2349 1373 2479 1422 sunt
2526 1373 2866 1435 permanent,
2916 1365 3011 1420 sed
3062 1371 3223 1436 prout
3269 1364 3526 1419 voluntas

1945 1458 2169 1512 duxerit
2210 1464 2265 1513 et
2306 1458 2474 1513 animi
2509 1458 2779 1527 judicium
2814 1458 3193 1523 declinaverit,
3224 1458 3338 1511 sive
3364 1456 3525 1511 bonis

1945 1552 2063 1607 sive
2097 1550 2257 1607 malis
2286 1551 2620 1618 studebant;
2658 1557 2715 1607 et
2754 1550 2877 1606 ideo
2907 1550 3046 1605 bene
3074 1549 3362 1620 agentibus
3397 1565 3521 1602 mu-

1946 1658 2078 1700 nera
2106 1645 2311 1713 posuit,
2346 1644 2488 1699 male
2527 1642 2814 1714 agentibus
2842 1656 3056 1712 poenas.

2015 1734 2182 1792 XXV.
2206 1735 2301 1791 Ais
2326 1751 2459 1807 ergo
2479 1744 2561 1801 tu,
2584 1736 2632 1791 si
2659 1734 2804 1791 Deus
2824 1735 2941 1789 vult
2959 1733 3166 1804 aliquid
3190 1748 3312 1789 esse
3334 1741 3516 1795 etest,

259 1825 319 1871 εί
352 1818 545 1873 audire
574 1819 695 1874 νίδῗ
714 1818 782 1874 Et
814 1819 1003 1876 Simon
1036 1838 1051 1877 ³
1082 1819 1229 1875 Nihil
1256 1820 1430 1877 habes
1459 1819 1529 1875 ad
1557 1820 1663 1874 hoc
1690 1817 1837 1889 (ιιιοά
1868 1802 1915 1860 Β
1941 1836 1997 1884 et
2034 1831 2080 1884 si
2115 1844 2227 1884 non
2261 1802 2415 1884 vult-
2438 1844 2549 1883 non
2577 1838 2693 1896 est;
2729 1828 2938 1884 scilicet
2969 1838 3028 1882 ut
3050 1802 3101 1882 si
3131 1824 3516 1895 responderem

263 1910 603 1979 respondeas
626 1912 649 1965 ?

334 2018 520 2075 XXIII.
554 2019 692 2075 Tum
741 2021 942 2077 Petrus
978 2041 993 2078 :
1045 2021 1253 2087 Dicam,
1293 2039 1404 2078 non
1441 2038 1471 2078 a
1508 2031 1560 2079 te
1588 2025 1837 2095 compul-

257 2128 379 2178 sus,
433 2113 529 2170 sed
563 2114 632 2169 ab
662 2116 1005 2171 auditoribus
1049 2122 1293 2187 rogatus.
1324 2115 1552 2170 Arbitrii
1593 2124 1837 2186 potestas

254 2215 344 2263 est
392 2224 588 2265 sensus
628 2209 841 2272 animae,
869 2209 1077 2264 habens
1122 2209 1401 2272 virtutem,
1425 2223 1532 2280 qua
1560 2209 1733 2279 possit
1759 2209 1828 2263 ad

251 2315 395 2369 quos
424 2301 555 2354 velit
590 2308 746 2355 actus
769 2300 1020 2356 inclinari
1052 2299 1187 2371 (90).
1220 2299 1357 2355 Tum
1409 2298 1597 2354 Simon
1628 2302 1835 2355 collau-

251 2393 395 2447 dans
418 2390 640 2446 Petrum
683 2407 848 2463 super
884 2393 971 2447 his
998 2408 1118 2462 qua:
1147 2392 1359 2447 dixerat
1391 2410 1404 2449 :
1436 2391 1595 2457 Vere,
1631 2393 1830 2463 inquit,

252 2480 546 2551 magniﬁce
567 2490 622 2536 et
643 2482 1153 2554 incomparabiliter
1172 2483 1497 2552 exposuisti,
1519 2484 1656 2540 bene
1685 2487 1831 2539 enim

248 2569 459 2625 dicenti
507 2571 605 2625 tibi
655 2571 825 2627 debeo
877 2573 1253 2627 testimonium
1290 2574 1419 2629 dare
1454 2594 1466 2628 :
1497 2575 1601 2630 hoc
1647 2582 1831 2633 tamen

249 2660 400 2728 quod
434 2672 483 2716 te
519 2662 794 2733 interrogo
826 2679 972 2717 nunc
1002 2664 1049 2719 si
1078 2667 1405 2736 exposueris
1433 2667 1587 2731 mihi,
1619 2668 1676 2722 in
1724 2684 1831 2723 eaa-

250 2754 388 2808 terls
439 2756 694 2809 omnibus
751 2756 1141 2827 obtemperabo
1187 2758 1322 2825 tibi;
1350 2758 1496 2829 quod
1544 2776 1677 2831 ergo
1707 2763 1830 2816 volo

246 2842 466 2898 discere
495 2844 598 2899 hoc
627 2852 711 2899 est
741 2864 754 2900 :
790 2844 848 2900 Si
878 2848 1021 2917 quod
1058 2847 1202 2903 Deus
1233 2850 1348 2903 vult
1374 2866 1516 2917 esse,
1548 2860 1662 2919 est;
1696 2858 1751 2908 et
1780 2853 1830 2908 si

245 2933 398 3001 quod
430 2949 537 2988 non
569 2935 681 2990 vult
709 2951 850 3000 esse,
875 2953 984 2991 non
1006 2938 1125 2992 est?
1151 2939 1218 2993 de
1247 2939 1350 2993 hoc
1379 2942 1650 3011 responde
1671 2942 1827 2997 mihi.

248 3024 319 3077 Et
369 3024 562 3082 Petrus
595 3046 611 3083 :
646 3026 703 3081 Si
757 3030 975 3099 ignoras
1006 3031 1152 3100 quod
1205 3031 1442 3087 absurde
1468 3039 1522 3087 et
1551 3034 1829 3105 incompe-

246 3119 432 3165 tenter
459 3113 784 3186 interroges,
827 3118 1116 3188 ignescens
1148 3119 1245 3173 tibi
1276 3120 1393 3191 ipse
1439 3137 1743 3192 exponam;
1778 3125 1822 3179 si
1850 3153 1903 3220 ο

244 3210 432 3258 autem
489 3207 600 3263 seis
651 3209 794 3278 quod
841 3210 1300 3281 inconsequenter
1337 3213 1678 3285 interrogas,
1714 3231 1822 3271 non

245 3302 399 3349 recte
424 3295 580 3353 facis.
623 3298 761 3353 Tum
794 3300 982 3356 Simon
1016 3322 1028 3357 :
1057 3302 1212 3368 Juro,
1246 3305 1445 3375 inquit,
1477 3306 1651 3377 ipsam
1677 3325 1825 3380 quae-

242 3401 467 3457 cunque
495 3390 587 3444 illa
611 3399 695 3446 est
724 3408 991 3448 summam
1020 3394 1389 3462 Divinitatem,
1408 3413 1529 3468 quae
1557 3399 1717 3456 habet
1742 3404 1829 3472 ju-

242 3477 450 3532 dicium
482 3488 535 3535 et
563 3481 859 3537 vindictam
881 3484 933 3538 in
957 3500 1053 3541 eos
1074 3485 1166 3556 qui
1199 3498 1447 3556 peccant.
1479 3490 1606 3560 quia
1633 3492 1825 3563 ignoro

239 3570 379 3639 quid
406 3572 836 3643 incompetenter
866 3577 1097 3631 dixerim
1126 3585 1180 3632 et
1208 3579 1340 3649 quid
1370 3580 1425 3635 in
1465 3582 1646 3639 verbis
1684 3585 1824 3641 meis

241 3658 517 3717 habeatur
570 3666 893 3733 absurdum,
949 3668 1004 3723 in
1045 3669 1134 3726 bis
1174 3670 1441 3726 duntaxat
1469 3689 1591 3744 qua:
1621 3690 1823 3747 propo-

242 3766 356 3806 SUI.

314 3841 506 3902 XXIV.
530 3846 612 3901 Ad
640 3847 756 3905 haec
779 3847 974 3907 Petrus
1004 3850 1329 3921 :Quoniam,
1359 3856 1558 3929 inquit,
1586 3867 1636 3915 te
1666 3860 1821 3931 igno-

235 3950 367 3987 rare
421 3937 710 3995 confessus
758 3956 840 4007 es,
873 3942 1045 3998 disce.
1080 3942 1440 4018 Interrogatio
1469 3956 1562 4004 tua
1607 3952 1822 4009 duobus

234 4027 346 4079 sibi
378 4026 610 4083 invicem
639 4033 931 4087 contrariis
958 4048 1124 4087 unam
1148 4039 1474 4093 sententiam
1500 4044 1817 4112 postulavit.

233 4116 455 4172 Etenim
501 4123 682 4177 omnis
732 4132 915 4180 motus
965 4126 1019 4181 in
1050 4126 1191 4183 duas
1233 4137 1418 4199 partes
1448 4131 1730 4197 dividitur,
1760 4143 1821 4188 ut

230 4209 488 4279 qutedam
549 4214 902 4281 necessitate,
942 4219 1189 4287 quaedam
1241 4223 1520 4279 voluntate
1562 4241 1822 4281 movean—

232 4310 349 4366 tur,
383 4313 438 4359 et
468 4321 531 4360 ea
557 4307 777 4377 quidem
808 4326 928 4379 qua:
956 4316 1260 4370 necessitas
1289 4325 1469 4372 movet
1499 4333 1716 4390 semper
1762 4320 1819 4375 in

228 4406 390 4452 motu
441 4411 585 4467 sunt,
640 4418 762 4474 qua:
818 4421 949 4460 vero
1000 4407 1252 4464 voluntas
1298 4425 1409 4465 non
1480 4428 1713 4484 semper.
1748 4413 1818 4470 Ut

1941 1917 2070 1987 quia
2098 1918 2245 1988 quod
2269 1918 2384 1972 vult
2405 1925 2459 1972 et
2487 1924 2593 1981 est,
2623 1917 2768 1987 quod
2794 1927 2973 1972 autem
3001 1931 3110 1971 non
3138 1917 3255 1971 vult
3278 1931 3385 1969 non
3410 1923 3516 1979 est,

1938 2013 2149 2069 diceres
2180 2031 2195 2066 :
2221 2010 2363 2083 Ergo
2380 2012 2498 2082 ipse
2515 2011 2632 2066 vult
2646 2026 2770 2066 esse
2797 2011 2939 2064 mala
2957 2024 3079 2080 quae
3108 2008 3163 2063 in
3185 2008 3289 2063 hoc
3313 2006 3519 2061 mundo

1938 2113 2226 2175 geruntur,
2258 2106 2387 2176 quia
2444 2119 2608 2159 omne
2650 2103 2797 2174 quod
2846 2104 2962 2158 vult
2990 2103 3095 2156 hoc
3142 2111 3196 2156 et
3224 2110 3327 2168 est,
3369 2101 3515 2170 quod

1937 2206 2120 2252 autem
2149 2212 2258 2252 non
2288 2198 2405 2251 vult
2429 2213 2541 2251 non
2575 2202 2681 2251 est.
2719 2194 2778 2249 Si
2806 2210 2937 2251 vero
2963 2193 3372 2264 respondissem
3407 2207 3516 2246 non

1935 2306 2059 2348 esse
2090 2289 2215 2355 hoc,
2256 2298 2316 2344 ut
2356 2288 2504 2359 quod
2549 2289 2666 2343 vult
2702 2286 2847 2342 Deus
2882 2287 2973 2352 sit,
3005 2296 3059 2340 et
3093 2283 3239 2353 quod
3262 2298 3372 2336 non
3399 2283 3516 2335 vult

1936 2399 2045 2438 non
2076 2387 2168 2449 sit,
2196 2390 2312 2436 tum
2351 2388 2559 2437 retorto
2590 2394 2845 2436 sermone
2874 2377 3119 2433 diceres:
3139 2374 3281 2445 Ergo
3309 2375 3516 2444 impos~

1934 2476 2110 2531 sibilis
2132 2482 2217 2529 est
2246 2472 2414 2538 Deus,
2433 2473 2483 2529 si
2506 2471 2652 2543 quod
2682 2471 2797 2524 vult
2818 2484 2929 2524 non
2959 2474 3157 2538 potest,
3176 2474 3228 2521 et
3250 2466 3514 2521 existeres

1935 2566 2292 2639 petulantior,
2328 2572 2389 2619 ut
2430 2565 2524 2635 qui
2557 2563 2695 2618 nihil
2725 2570 2938 2618 rectum
2976 2560 3202 2622 dixeris,
3226 2559 3425 2612 vicisse
3461 2565 3515 2610 te

1932 2638 2208 2716 crederes.
2233 2657 2301 2711 Et
2325 2656 2448 2712 ideo
2467 2657 2710 2726 ignoras,
2734 2670 2768 2708 o
2792 2651 3005 2716 Simon,
3026 2657 3081 2706 et
3095 2638 3252 2704 valde
3267 2648 3509 2718 ignoras,

1930 2749 2203 2821 quomodo
2252 2749 2307 2803 in
2354 2747 2584 2817 singulis
2634 2745 2943 2816 quibusque
2988 2743 3243 2799 voluntas
3287 2741 3360 2796 sit
3392 2737 3508 2793 Dei.

1930 2841 2242 2909 Quasdam”
2265 2840 2412 2897 enim
2439 2839 2633 2905 voluit,
2655 2845 2716 2892 ut
2734 2837 2993 2901 diximus,
3009 2835 3084 2889 ita
3113 2848 3256 2897 esse,
3280 2842 3338 2886 ut
3363 2832 3509 2885 aliud

1928 2950 2054 2991 esse
2084 2950 2196 2989 non
2244 2937 2471 3004 possent
2505 2944 2668 3000 quam
2710 2928 2766 2983 id
2788 2928 2935 2999 quod
2977 2926 3047 2980 ab
3107 2924 3228 2994 ipso
3258 2923 3509 2978 instituta

1929 3035 2080 3091 sunt,
2110 3032 2164 3079 et
2193 3024 2279 3080 his
2312 3038 2487 3093 neque
2520 3021 2740 3093 praemia
2769 3034 2947 3091 neque
2978 3017 3245 3088 supplicia
3277 3014 3505 3080 statuit;

1929 3134 1994 3175 ea
2044 3134 2174 3174 vero
2220 3132 2343 3187 quae
2386 3116 2461 3170 ita
2506 3129 2629 3170 esse
2684 3111 2879 3175 voluit,
2907 3119 2967 3165 ut
3007 3109 3064 3163 in
3107 3124 3206 3165 sua
3236 3112 3507 3177 potestate

1931 3212 2169 3266 habeant
2218 3223 2380 3279 agere
2425 3205 2571 3277 quod
2604 3206 2791 3267 velint,
2822 3204 2909 3258 his
2932 3217 3034 3273 pro
3064 3200 3284 3256 actibus
3315 3212 3380 3250 ac
3409 3211 3507 3251 vo-

1927 3302 2229 3358 luntatibus
2262 3299 2379 3355 suis
2412 3298 2628 3359 statuit,
2660 3305 2720 3350 ut
2752 3302 2847 3349 aut
2875 3289 3354 3348 remunerationes
3384 3300 3506 3339 me-

1925 3402 2152 3449 reantur
2192 3398 2288 3447 aut
2343 3405 2554 3460 poenas.
2606 3386 2743 3443 Cum
2786 3400 2917 3457 ergo
2948 3384 3005 3437 in
3052 3382 3191 3437 duas
3220 3386 3280 3434 ut
3306 3376 3502 3433 edocui

1926 3496 2111 3561 partes
2137 3485 2457 3541 dividantur
2482 3490 2680 3538 cuncta
2706 3496 2829 3551 qua!
2859 3483 3167 3538 moventur,
3200 3470 3502 3529 secundum

1924 3560 2044 3639 eam
2067 3595 2231 3652 quam
2264 3592 2431 3649 supra
2454 3575 2692 3631 diximus
2716 3568 3148 3632 distinctionem,
3170 3579 3333 3621 omne
3356 3560 3503 3633 quod

1926 3678 2040 3733 vult
2071 3676 2215 3731 Deus
2249 3680 2354 3736 est,
2378 3671 2527 3743 quod
2557 3676 2739 3724 autem
2771 3680 2882 3719 non
2917 3661 3034 3715 vult
3055 3674 3164 3714 non
3198 3664 3301 3713 est.

1994 3765 2189 3821 XXVI.
2219 3765 2288 3819 Et
2343 3762 2533 3818 Simon
2585 3760 2654 3813 ad
2705 3758 2821 3812 haec
2851 3773 2866 3810 :
2902 3752 3095 3808 Nonne
3137 3756 3353 3821 poterat
3399 3759 3502 3800 nos

1922 3875 2113 3916 omnes
2153 3858 2331 3912 facere
2360 3855 2499 3908 tales
2533 3858 2594 3905 ut
2626 3861 2875 3904 essemus
2899 3843 3052 3905 boni,
3096 3851 3152 3897 et
3179 3839 3330 3894 aliud
3377 3854 3502 3893 esse

1923 3969 2030 4008 non
2061 3947 2388 4022 possemus?
2416 3944 2614 3999 Petrus
2641 3938 2938 4009 respondet
2974 3955 2988 3990 :
3020 3934 3089 3988 Et
3123 3934 3230 3988 hoc
3262 3928 3501 3986 absurde

1922 4020 2251 4113 interrogas.
2286 4037 2343 4092 Si
2376 4035 2521 4091 enim
2553 4048 2655 4089 nos
2689 4025 3121 4086 inconvertibilis
3167 4030 3379 4078 naturae
3415 4020 3501 4074 fe-

1921 4139 2090 4195 cisset
2127 4111 2182 4190 et
2208 4130 2514 4187 immobiles
2544 4141 2575 4181 a
2605 4125 2900 4187 bono,non
2925 4132 3174 4175 essemus
3198 4130 3323 4169 vere
3342 4111 3496 4175 boni,

1918 4231 2049 4302 quia
2097 4225 2245 4282 aliud
2292 4238 2414 4279 esse
2444 4236 2557 4276 non
2593 4228 2916 4288 possemus;
2948 4217 3003 4265 et
3038 4224 3148 4263 non
3175 4214 3294 4261 erat
3318 4203 3497 4289 nostri

1918 4320 2186 4394 prepositi
2230 4314 2377 4386 quod
2440 4324 2661 4367 eramus
2725 4305 2874 4367 boni,
2906 4314 3013 4355 nec
3072 4305 3325 4394 nostrum
3377 4303 3497 4394 erat

1920 4385 2068 4487 quod
2111 4411 2407 4483 agebamus
2442 4403 2536 4459 sed
2565 4396 2914 4456 necessitatis
2946 4400 3178 4487 naturae.
3210 4385 3497 4487 Quomodo

226 4488 387 4542 verbi
412 4493 585 4560 gratia
615 4494 816 4562 dicam,
843 4498 979 4552 solis
1005 4506 1190 4554 motus
1224 4502 1553 4558 necessitate
1587 4478 1809 4561 ducitur
1850 4493 1895 4548 Ῑ)
1923 4478 2054 4577 ergo
2108 4478 2213 4559 hoc
2258 4504 2465 4556 bonum
2515 4496 2751 4555 dicetur,
2788 4487 2933 4559 quod
2974 4478 3041 4539 e'x
3077 4481 3493 4577 propositum.“

228 4585 294 4632 ut
352 4588 619 4639 statutum
675 4590 946 4658 compleat
1012 4606 1261 4657 cursum,
1295 4594 1585 4665 omnisque
1631 4606 1806 4655 status

1914 4566 2135 4671 agitur?
2166 4593 2248 4651 Ob
2279 4592 2384 4646 hoc
2408 4594 2589 4643 autem
2611 4582 2727 4656 (9i)
2755 4587 2810 4635 et
2837 4572 3229 4650 prolixioribus
3259 4566 3495 4637 indiguit

307 4788 357 4819 ⁸⁸
395 4786 672 4843 Vocabula
704 4789 835 4845 Cum
865 4800 1380 4846 autem—conservat
1401 4813 1463 4851 ea
1488 4805 1543 4853 et
1584 4797 1696 4854 [nec
1735 4809 1793 4853 ιιι
1823 4797 2291 4854 dixi—studebant
2344 4804 2455 4845 non
2483 4788 2741 4857 leguntur
2772 4781 2829 4835 in
2858 4775 3182 4846 eodd.Lips.
3250 4772 3295 4803 ”
3335 4769 3495 4836 Qua?—

225 4859 527 4913 dam—aut
552 4877 729 4931 pwnas
762 4861 960 4917 desunt
988 4863 1042 4917 in
1073 4862 1195 4918 cod.
1230 4862 1379 4934 Lips.

1527 5017 1895 5074 COTELERII
1931 5015 2161 5074 ΝΟΤᾹΞ.

303 5219 416 5291 (90)
438 5219 656 5291 Arbitrii
665 5227 896 5291 potestas
908 5225 1051 5291 est...
1068 5216 1335 5291 inclinari.
1350 5214 1647 5291 Gregorius
1662 5215 1800 5285 Nys—

225 5286 431 5347 senus:
468 5286 1255 5359 Δύτεξσυσιὸτηςίὲστὶὰψυχῇς
1296 5287 1519 5359 λογικῆς
1563 5286 1801 5359 θέᾒησις,

226 5307 431 5347 εθηιιεε
468 5304 889 5359 Δῡτεζουσιοτης
926 5304 1043 5340 εστι
1080 5304 1152 5355 ψυ
1230 5305 1255 5349 ς
1299 5304 1519 5359 Αογικης
1563 5304 1801 5355 υελησις,

226 5362 463 5435 ξτοίμως
490 5360 782 5435 κινοσμένη
803 5362 881 5435 εἰς
898 5358 1035 5435 ᾇπερ
1060 5304 1309 5435 ἂν
1329 5366 1492 5426 atque
1524 5372 1590 5411 ex
1614 5355 1807 5410 Graeco

226 5427 567 5492 Diadoehus,
608 5427 682 5483 De
703 5427 1016 5497 perfectione
1039 5427 1329 5494 spifituali.

306 5501 416 5570 (91)
453 5501 530 5555 0b
548 5500 643 5554 hoc
674 5492 871 5563 autem,
902 5492 1382 5570 etchollectanea
1417 5510 1574 5570 sacra
1607 5492 1665 5550 S.
1704 5493 1811 5547 Da-

224 5566 501 5634 masceni,
534 5587 655 5640 quae
691 5571 745 5624 in
780 5570 969 5640 multis
996 5567 1213 5640 diversa
1241 5567 1309 5640 ab
1343 5566 1583 5640 excusis,
1614 5573 1669 5620 et
1710 5579 1809 5640 au-

225 5642 407 5697 ctiora
438 5634 729 5695 servantur
756 5639 899 5709 apud
922 5637 1113 5709 Patres
1138 5635 1429 5709 Societatis
1451 5634 1603 5709 Iesu,
1629 5636 1809 5704 capite

224 5712 367 5792 I_Ispi
389 5711 626 5792 duom-71$
637 5711 734 5792 30:1}.
746 5707 1151 5792 div-varrowasrog
1169 5710 1225 5759 ὲν
1238 5707 1418 5792 ἡμέρᾳ.
1439 5708 1690 5792 κρίσεως,
1700 5713 1812 5792 εθιιῑἰ
1823 5722 1837 5757 :

221 5776 339 5835 Τοῦ
382 5776 536 5851 ἀῒίου
578 5776 899 5853 ’Κλήμεντος
932 5777 1230 5831 ἐπισκόπου
1262 5776 1499 5848 ⁷Ῥώμης
1537 5778 1601 5827 ὲκ
1634 5776 1728 5826 τοῦ
1764 5781 1812 5825 a.’

1908 5217 2065 5283 λόγου
2107 5212 2221 5267 τῶν
2264 5207 2649 5283 Περιόδων.-...,
2702 5196 3263 5283 ῥιὰ.τοῇτοήμ9κροῦ
3307 5196 3493 5283 coelique.

1909 5264 3492 5383 aegrgavisi.“se:cessassem:

1910 5336 2263 5423 ἒῶιιάγαοῷν
2305 5336 2757 5423 ψυγξῦξίᾴρἰμίὸς
2784 5336 3352 5423 ςὶνατζλήρῳσιννλάδῃ.
3384 5336 3491 5423 15a}

1868 5478 1891 5505 ν
1909 5404 2030 5478 τότ-ε
2049 5404 2260 5478 "citem
2292 5404 2844 5505 dryéptbvﬁiuxa‘tgtbg
2869 5404 3087 5505 φὲὒξσὸι
3124 5404 3351 5505 agitagit
3381 5404 3495 5474 ἀμ-

1912 5475 2207 5566 etiamm-
2245 5475 2319 5547 ἀἱ
2341 5475 2430 5566 ’ξὲ
2472 5475 2586 5566 sibi:
2619 5475 3127 5566 '&GE6(?)V,I5L&7‘CC)Y

2210 5542 2420 5684 πιλεινῷ
2457 5555 2726 5626 πνεῦματι
2772 5542 3209 5619 ἀνάκεκραμέναι
3233 5585 3259 5627 1
3288 5542 3367 5607 εἰξ
3396 5542 3490 5627 5b»

1916 5636 2077 5684 ϐυθὸν
2100 5634 2193 5684 τοῦ
2217 5636 2287 5684 ac
2323 5631 2480 5684 ἐστου
2507 5627 2680 5684 πυρὸς
2708 5622 3025 5684 ἐνεχθεῖσαι,
3060 5619 3137 5680 εἰς
3166 5619 3338 5670 αἰωνα
3362 5630 3489 5667 κλυ-

1951 5619 2077 5689 eos;
2100 5634 2193 5687 τοῦ
2217 5619 2480 5687 ὰσδέσὲου
2507 5619 2680 5697 πυρδς
2708 5626 2791 5676 ὲνε
2832 5622 3025 5683 θεῖσαι,
3060 5619 3137 5680 εἰς
3166 5619 3338 5670 αἰῶνα
3362 5619 3489 5667 κλυ-

1914 5636 2349 5759 ἕωνισθήσονται.
2372 5699 2505 5757 Vide
2534 5641 2912 5759 superiusﬁib.
2948 5707 2987 5757 ι,
3018 5704 3140 5759 cap.
3164 5686 3254 5741 ‘28.

1944 5686 2349 5777 ᾧῖιισθήσονται.
2372 5699 2505 5757 Vide
2534 5686 2912 5767 superius'lib.
2948 5707 2987 5757 ι,
3018 5704 3140 5759 cap.
3164 5686 3254 5741 ‘28.
