3890 6192
402 314 546 370 tam;

1252 317 1309 371 S.
1350 316 1743 372 CLEMENTIS
1780 315 1799 368 I
1840 313 2005 367 ROM.
2048 310 2250 367 PONT.
2290 308 2515 368 OPERA
2556 312 2784 370 DUBIA.

3518 307 3653 364 1296

404 430 642 485 mundus
688 431 792 486 iste
850 430 1211 500 temporibus.
1273 430 1447 485 donec
1500 433 1807 487 animarum
1859 431 2055 501 qureA
2088 444 2182 496 per
2254 428 2725 497 incorruptibilia,
2784 427 2877 480 scd
2932 432 3093 495 prout
3153 423 3389 477 voluerit
3436 431 3656 476 creator

403 523 801 592 pmdcstinata:
844 532 996 586 sunt,
1028 523 1093 577 ad
1143 523 1504 592 expletionem
1550 525 1670 592 ejus
1720 538 1981 577 numerus

404 612 744 683 impleretur,
772 624 824 667 et
875 622 1007 667 tunc
1062 614 1206 669 istud
1264 616 1482 683 quidem
1517 615 1729 669 visibile
1780 616 1980 668 cmlum

406 706 778 760 revolveretur
808 714 866 759 ut
900 706 1057 769 liber,
1091 706 1224 758 illud
1260 722 1388 760 vero
1421 706 1566 777 quod
1606 714 1690 760 est
1727 708 1981 775 superius

404 805 785 865 appareret,et
813 797 1007 851 anima
1038 798 1320 851 beatorum
1354 800 1679 866 corporibus
1712 800 1827 854 suis
1858 801 1982 854 red-

404 888 532 942 dita:
561 888 953 943 inducerentur
988 889 1044 942 in
1076 890 1272 952 lucem,
1310 889 1600 959 impiorum
1636 906 1764 945 vero
1788 894 1982 946 anima:

406 996 506 1049 pro
546 980 841 1034 immundis
870 981 1083 1035 actibus
1116 982 1232 1035 suis
1254 983 1446 1050 spiritu
1470 982 1720 1037 ﬂammeo
1746 984 1985 1037 cireum-

405 1072 565 1136 datze,
616 1073 671 1125 in
713 1072 1039 1142 profundum
1078 1073 1218 1142 ignis
1263 1073 1721 1145 inexstinguibilis
1774 1092 1983 1145 merge-

407 1171 619 1226 rentur,
681 1180 777 1233 per
830 1166 1088 1218 szcculum
1144 1180 1463 1233 expensum:
1509 1168 1797 1236 supplicia.
1858 1167 1984 1222 lla‘c

405 1261 586 1307 autem
646 1255 718 1307 ita
764 1270 885 1309 esse
939 1272 1100 1309 verus
1132 1257 1289 1311 nobis
1320 1258 1581 1327 propheta
1612 1267 1845 1314 testatus
1875 1270 1981 1325 est,

405 1344 597 1412 dequo
618 1346 662 1397 si
691 1346 772 1399 vis
798 1362 1094 1414 agnoscere
1120 1348 1246 1416 quia
1275 1348 1538 1417 propheta
1568 1350 1659 1413 sit,
1683 1352 1984 1406 innumeris

406 1437 802 1491 assertionibus
858 1439 1117 1494 edocebo.
1171 1439 1249 1493 Ex
1307 1441 1391 1495 his
1446 1443 1591 1497 enim
1643 1459 1765 1513 qua:
1803 1445 1871 1498 ab
1919 1460 1985 1499 eo

405 1528 550 1581 dicta
600 1538 748 1594 sunt,
778 1542 832 1585 et
882 1547 1030 1585 nunc
1065 1534 1278 1603 singula
1309 1550 1429 1603 qua:
1461 1536 1599 1589 dixit
1654 1537 1982 1606 implentur;

407 1621 567 1673 etiam
620 1637 684 1675 ea
732 1638 853 1693 qua:
901 1622 1084 1676 futura
1137 1626 1295 1690 dixit,
1330 1627 1631 1681 creduntur
1688 1629 1982 1698 implenda,

411 1711 543 1767 ﬁdes
568 1714 712 1766 enim
740 1714 939 1769 futuris
962 1732 1028 1770 ex
1061 1717 1145 1772 his
1179 1735 1299 1787 quas
1322 1720 1434 1789 jam
1467 1730 1618 1790 gesta
1642 1730 1769 1776 sunt
1800 1722 1980 1777 datur.

480 1801 693 1857 XXVII.
716 1802 782 1858 At
805 1804 993 1859 Simon
1022 1809 1108 1861 cui
1142 1820 1479 1879 compertum
1500 1821 1639 1875 erat,
1674 1811 1893 1866 Petrum
1915 1814 1983 1868 de

409 1894 705 1963 prophetia
763 1897 923 1951 titulo
981 1900 1219 1954 dilucide
1274 1903 1555 1971 assignare
1606 1906 1892 1967 rationem,
1917 1922 1983 1961 ex

407 1998 519 2051 quo
574 1988 806 2052 quaastio
850 1989 1030 2043 omnis
1088 1991 1409 2050 absolvitur.
1437 2009 1746 2051 sermonem
1785 1997 1851 2051 de
1881 1999 1985 2052 hoc

410 2074 527 2127 ﬁeri
560 2073 877 2142 declinavit,
904 2086 957 2133 et
985 2083 1324 2149 respondens
1363 2084 1438 2137 ait
1466 2103 1477 2138 :
1506 2084 1587 2138 Ad
1617 2100 1679 2140 ea
1713 2103 1834 2157 quae
1861 2088 1984 2141 volo

410 2168 680 2234 responde
702 2169 833 2223 mihi
862 2170 1091 2237 etdie,si
1115 2174 1329 2229 visibile
1362 2177 1529 2243 istud,
1561 2188 1620 2233 ut
1648 2182 1751 2246 ais,
1784 2182 1982 2235 caelum

410 2256 737 2319 resolvetur,
775 2274 874 2313 cur
932 2277 999 2315 ex
1053 2262 1208 2317 initio
1260 2264 1463 2319 factum
1525 2270 1647 2322 est?
1682 2269 1987 2340 Respondit

412 2344 607 2403 Petrus
644 2369 657 2403 :
692 2348 919 2420 Propter
943 2352 1224 2408 hominum
1263 2366 1586 2426 praesentem
1619 2360 1759 2415 hanc
1784 2363 1984 2417 factum

409 2450 494 2494 est
539 2444 724 2505 vitam,
771 2452 831 2497 ut
875 2454 1021 2500 esset
1066 2449 1371 2516 interjectio
1403 2452 1650 2521 quadam
1679 2462 1734 2509 et
1760 2454 1981 2517 divisio,

409 2545 479 2583 ne
514 2536 637 2600 quis
677 2534 814 2599 forte
864 2536 1122 2607 indignus
1155 2540 1547 2597 habitationem
1576 2547 1883 2601 cmlestium
1930 2555 1985 2601 et

410 2621 503 2677 Dei
530 2624 703 2691 ipsius
733 2627 918 2681 sedem
953 2629 1182 2695 videret,
1225 2649 1346 2702 qua:
1378 2634 1462 2690 his
1493 2638 1625 2691 solis
1650 2640 1741 2707 qui
1781 2639 1986 2695 mundo

409 2714 577 2767 corde
604 2726 727 2769 sunt
749 2718 794 2748 ’°
822 2718 1050 2773 videnda
1073 2733 1470 2792 praeparantur.
1503 2726 1660 2782 Nunc
1688 2737 1894 2794 autem,
1929 2731 1985 2784 id

414 2813 500 2860 est
552 2808 744 2876 agonis
798 2818 1074 2880 tempore,
1133 2814 1424 2870 invisibilia
1476 2832 1598 2873 esse
1646 2820 1850 2889 placuit
1898 2836 1982 2886 ea,

409 2912 531 2965 qum
580 2898 929 2956 vincentibus
965 2904 1029 2957 ad
1085 2906 1367 2973 praernium
1429 2909 1699 2965 destinata
1750 2921 1897 2968 sunt.
1922 2913 1986 2968 Et

411 2990 602 3044 Simon
628 2992 736 3045 ait:
765 2990 820 3045 Si
853 2994 1106 3050 conditor
1136 2998 1310 3053 bonus
1332 3008 1415 3054 est
1437 3008 1493 3055 et
1517 3004 1754 3059 mundus
1784 3004 1981 3073 bonus,
2005 3066 2008 3070 Α

409 3080 684 3149 quomodo
712 3081 889 3137 bonus
913 3084 1054 3139 bona
1080 3087 1342 3144 dissolvet
1369 3090 1702 3160 aliquando?
1727 3092 1783 3147 Si
1803 3106 1983 3151 autem
2011 3113 2055 3170 ο

409 3172 671 3226 dissolvet
716 3174 862 3242 quod
903 3177 1106 3231 bonum
1166 3188 1271 3245 est,
1327 3185 1601 3251 quomodo
1649 3188 1764 3256 ipse
1809 3188 1986 3244 bonus

410 3261 715 3315 videbitur?
762 3261 821 3317 Si
870 3276 1051 3321 autem
1100 3271 1257 3338 quasi
1314 3273 1517 3326 malum
1545 3275 1779 3329 resolvet
1804 3286 1857 3331 et
1892 3278 1987 3331 de-

411 3357 606 3415 struet,
638 3354 910 3421 quomodo
959 3373 1066 3412 non
1113 3360 1385 3415 videbitur
1440 3364 1617 3419 malus
1655 3365 1748 3433 qui
1780 3367 1986 3421 malum

412 3442 543 3497 fecit
563 3446 585 3498 ?

482 3537 716 3597 XXVIII.
735 3542 929 3598 Petrus
946 3543 1008 3597 ad
1034 3544 1145 3598 hmc
1173 3564 1185 3599 :
1213 3544 1503 3611 Quoniam,
1521 3548 1718 3618 inquit,
1745 3566 1989 3623 spopon-

411 3625 594 3683 dinius
626 3631 745 3694 tibi,
789 3648 857 3687 ne
904 3634 1369 3704 blasphemantem
1420 3644 1473 3689 te
1522 3638 1825 3708 fugiamus,
1872 3644 1988 3712 ipse

410 3719 555 3771 enim
607 3722 801 3778 reddes
848 3736 948 3793 pro
998 3726 1082 3780 his
1121 3742 1240 3795 qua:
1279 3728 1518 3797 loqueris
1561 3732 1850 3801 rationem,
1890 3753 1988 3806 pa-

412 3811 611 3865 tienter
669 3814 914 3871 ferimus.
974 3817 1114 3873 Audi
1178 3832 1307 3888 ergo
1359 3836 1506 3874 nunc
1541 3840 1552 3873 :
1588 3821 1798 3878 Caelum
1837 3826 1986 3888 istud

411 3904 559 3970 quod
598 3905 810 3960 visibile
841 3915 924 3961 est
955 3917 1007 3961 et
1052 3911 1373 3977 pertransit,
1413 3911 1460 3966 si
1498 3915 1719 3982 quidem
1768 3926 1989 3989 propter

413 3996 765 4064 semetipsum
824 3997 1027 4052 factum
1073 4009 1241 4064 esset,
1274 4002 1498 4058 haberet
1557 4004 1792 4063 fortasse
1841 4012 1987 4079 quod

413 4086 552 4142 dicis
584 4089 789 4158 aliquid
825 4091 1074 4155 rationis,
1100 4095 1226 4163 quia
1260 4096 1455 4150 resolvi
1492 4098 1716 4155 minime
1745 4102 1984 4159 deberet.

415 4177 473 4230 Si
502 4195 631 4235 vero
648 4190 868 4251 propter
897 4184 1045 4238 aliud
1066 4186 1195 4253 qttid
1227 4187 1428 4241 factum
1454 4198 1605 4245 estet
1630 4208 1739 4247 non
1768 4204 1990 4265 propter

412 4284 491 4332 se,
524 4275 839 4328 necessario
893 4276 1155 4341 solvetur,
1204 4288 1263 4331 ut
1305 4280 1441 4334 illud
1487 4299 1584 4352 pro
1620 4300 1731 4354 quo
1781 4287 1985 4342 factum

416 4362 629 4417 videtur
656 4375 936 4435 appareat.
969 4367 1123 4422 Sicut
1155 4372 1304 4426 verbi
1336 4374 1512 4441 gratia
1558 4374 1811 4441 dixerim,
1845 4385 1985 4433 testa

2088 518 2255 581 Deus,
2285 520 2357 572 ita
2387 527 2441 573 et
2469 528 2627 573 erunt
2656 519 2746 571 illa
2787 534 2906 587 qua:
2953 525 3121 569 creat.
3156 515 3343 583 Neque
3376 513 3525 567 enim
3555 513 3657 568 sub

2086 612 2202 678 lege
2232 617 2317 665 est
2352 612 2527 663 virtus
2568 609 2685 673 Dei,
2714 609 2807 664 sed
2833 611 2917 663 lex
2956 609 3225 662 creaturis
3257 607 3374 661 suis
3402 606 3657 659 voluntas

2084 703 2204 769 ejus
2242 709 2346 756 est.
2376 702 2693 771 Despondit
2724 708 2778 755 et
2810 699 3045 769 Simon:
3080 699 3295 753 Revoco
3344 706 3418 763 te,
3453 699 3655 767 inquit,

2085 794 2152 847 ad
2174 794 2404 862 primam
2435 793 2814 861 quaestionem,
2847 791 3033 847 dixisti
3059 791 3225 846 Deum
3258 806 3405 845 nunc
3432 790 3659 859 quidem

2084 886 2218 939 nulli
2252 900 2375 940 esse
2397 885 2691 948 visibilem,
2712 899 2836 938 cum
2859 899 2990 937 vero
3018 884 3318 938 resolutum
3350 881 3517 935 fuerit
3546 895 3662 934 cce-

2087 979 2198 1031 lum
2252 978 2397 1032 istud
2452 986 2505 1032 et
2546 993 2819 1047 supernus
2864 977 2953 1031 ille
2988 983 3164 1030 status
3214 974 3366 1044 regni
3412 974 3662 1027 caelestis

2086 1067 2397 1129 obfulserit,
2431 1074 2562 1121 tunc
2591 1084 2686 1122 eos
2716 1067 2810 1137 qui
2839 1067 3027 1120 mundi
3049 1076 3176 1120 sunt
3207 1066 3373 1119 corde
3396 1065 3467 1127 ",
3489 1065 3663 1117 etiam

2088 1156 2255 1210 Deum
2293 1156 2543 1221 visuros;
2591 1173 2712 1226 qua:
2768 1157 3037 1211 sententia
3084 1156 3357 1209 contraria
3401 1163 3488 1208 est
3531 1153 3662 1225 legi,

2088 1248 2162 1301 ibi
2204 1249 2349 1302 enim
2381 1250 2647 1318 scriptum
2669 1257 2753 1303 est
2784 1248 2951 1303 Deum
2982 1247 3189 1302 dixisse
3228 1267 3240 1300 :
3268 1246 3441 1301 Nemo
3463 1248 3664 1301 ridebit

2087 1339 2276 1407 faciem
2304 1356 2471 1392 meam
2496 1348 2545 1392 et
2572 1340 2705 1392 viret
2726 1340 2792 1392 ν’.

2162 1428 2326 1483 XXX.
2373 1429 2437 1483 Et
2482 1428 2679 1484 Petrus
2728 1427 3168 1498 responditzllis
3195 1429 3286 1497 qui
3322 1428 3500 1498 legem
3546 1442 3664 1481 non

2088 1538 2150 1576 ex
2186 1522 2480 1577 traditione
2510 1522 2680 1592 Moysi
2712 1522 2921 1591 legunt,
2956 1522 3263 1574 contrarius
3292 1521 3513 1575 videtur
3546 1536 3667 1575 ser-

2089 1632 2178 1669 mo
2211 1632 2385 1674 meus.
2420 1616 2513 1670 sed
2558 1616 2689 1669 audi
2724 1615 2997 1684 quomodo
3037 1630 3149 1668 non
3201 1616 3273 1667 sit
3320 1613 3662 1667 contrarius.

2092 1705 2233 1759 Deus
2260 1705 2469 1759 videtur
2504 1716 2685 1759 mente
2711 1720 2817 1759 non
2851 1720 3102 1774 corpore,
3122 1705 3317 1773 spiritu
3340 1720 3452 1757 non
3471 1720 3663 1758 carne.

2016 1764 2057 1821 Β
2091 1793 2246 1849 Unde
2279 1804 2334 1848 et
2368 1796 2543 1866 angeli
2575 1795 2669 1864 qui
2700 1807 2829 1850 sunt
2879 1764 3125 1865 spiritus,
3153 1764 3342 1849 vident
3377 1793 3571 1858 Deum,
3610 1802 3666 1849 et

2087 1886 2339 1941 homines
2389 1904 2519 1957 ergo
2569 1888 2744 1941 donec
2792 1888 3041 1942 homines
3074 1897 3223 1951 sunt,
3271 1886 3442 1941 Deum
3474 1888 3667 1941 videre

2088 1995 2195 2033 non
2239 1987 2489 2049 possunt.
2526 1979 2602 2033 Ex
2641 1983 3039 2036 resurrectione
3081 1988 3259 2034 autem
3291 1990 3663 2041 mortuorum,

2087 2089 2212 2127 cum
2269 2072 2396 2125 facti
2449 2072 2651 2126 fuerint
2716 2073 2860 2126 sicut
2918 2074 3113 2142 angeli,
3148 2073 3334 2127 videre
3397 2083 3667 2143 poterunt

2088 2163 2255 2219 Deum
2282 2164 2347 2219 ".
2383 2164 2446 2217 Et
2492 2165 2594 2219 hoc
2647 2165 2809 2218 modo
2850 2180 2957 2217 non
3002 2174 3084 2221 est
3124 2181 3304 2220 sermo
3346 2150 3529 2222 meus.
3557 2167 3668 2237 legi

2088 2260 2420 2321 contrarius,
2454 2275 2630 2329 neque
2674 2260 2809 2313 illud
2845 2260 2989 2329 quod
3016 2259 3272 2330 magister
3294 2276 3453 2314 meus
3476 2260 3622 2316 dixit
3648 2281 3664 2317 :

2088 2351 2242 2404 Beati
2272 2351 2465 2404 mundo
2508 2350 2683 2415 corde,
2710 2353 2961 2419 quoniam
2995 2352 3094 2419 ipsi
3120 2350 3283 2404 Deum
3313 2351 3563 2406 ridebunt
3591 2353 3662 2409 “.

2087 2438 2353 2494 Futurum
2394 2442 2539 2495 enim
2576 2448 2792 2511 tempus
2832 2442 3088 2505 ostendit,
3112 2442 3167 2495 in
3191 2458 3299 2511 quo
3325 2458 3391 2496 ex
3418 2443 3669 2497 homini-

2088 2531 2192 2585 bus
2248 2532 2425 2601 angeli
2476 2534 2627 2592 licnt,
2684 2532 2779 2601 qui
2804 2532 2850 2562 ⁹³
2885 2532 2939 2584 iu
2996 2533 3190 2600 spiritu
3255 2532 3456 2588 mentis
3492 2532 3669 2587 Deum

2088 2623 2369 2679 videbunt.
2391 2621 2522 2678 Post
2548 2624 2661 2677 haec
2688 2633 2867 2677 autem
2899 2623 3061 2677 verba
3093 2624 3371 2692 multaque
3432 2625 3543 2677 alia
3575 2625 3670 2681 his

2089 2714 2310 2778 similia,
2336 2730 2463 2769 cum
2489 2714 2820 2783 juramentis
2855 2714 3105 2783 pluribus
3149 2713 3420 2767 aﬂirmare
3470 2714 3667 2769 Simon

2089 2810 2254 2877 ccepit
2283 2806 2472 2861 dicens
2505 2824 2517 2858 :
2546 2806 2619 2860 De
2651 2805 2755 2860 hoc
2808 2806 2940 2859 mihi
2996 2807 3114 2861 solo
3165 2808 3431 2861 rationem
3466 2807 3664 2873 redde,

2088 2902 2134 2956 si
2164 2899 2491 2953 immortalis
2521 2905 2607 2953 est
2634 2900 2837 2962 anima,
2882 2905 2938 2953 et
2980 2898 3255 2969 obsequar
3296 2900 3349 2951 in
3400 2900 3667 2953 omnibus

2090 2992 2353 3047 voluntati
2384 3000 2509 3056 ture,
2545 2991 2637 3046 sed
2671 2991 2935 3053 crastino,
2962 2991 3160 3061 inquit,
3195 3007 3317 3044 nam
3354 2991 3521 3046 hodie
3547 2992 3669 3060 jam

2090 3086 2304 3139 tardum
2336 3091 2440 3139 est.
2485 3084 2583 3139 Ubi
2626 3098 2756 3153 ergo
2789 3083 2955 3153 cmpit
2994 3083 3177 3138 dicere
3216 3081 3434 3144 Petrus,
3470 3080 3673 3135 Simon

2090 3193 2348 3249 egressus
2396 3186 2479 3230 est
2530 3184 2584 3230 ct
2637 3190 2761 3229 cum
2806 3176 2925 3244 ipso
2968 3173 3228 3243 perpauci
3272 3189 3337 3228 ex
3376 3174 3670 3229 sodalibus

2090 3270 2231 3339 ejus,
2285 3276 2338 3323 et
2379 3268 2482 3320 hoc
2526 3281 2635 3336 prie
2684 3265 3031 3320 verecundia.
3067 3263 3259 3317 Creteri
3291 3279 3419 3317 vero
3471 3278 3672 3318 omnes

2090 3363 2157 3416 ad
2180 3362 2401 3415 Petrum
2419 3360 2690 3418 conversi.
2725 3359 2954 3429 genibus
2987 3357 3204 3427 positis,
3240 3356 3671 3426 prasternebant

2092 3471 2150 3510 se
2179 3464 2304 3508 ante
2334 3470 2481 3515 eum,
2514 3469 2578 3507 ex
2608 3452 2812 3522 quibus
2856 3451 3120 3519 aliquanti
3158 3449 3391 3503 diversis
3445 3449 3671 3519 languo-

2092 3548 2245 3602 ribus
2293 3547 2505 3601 astricti
2537 3554 2632 3599 aut
2679 3544 3018 3598 daemonibus
3073 3541 3359 3601 incursati,
3413 3541 3673 3595 oratione

2090 3639 2239 3694 Petri
2288 3638 2627 3693 sanabantur
2667 3643 2724 3690 et
2752 3633 3107 3689 discedebant
3137 3632 3465 3701 gaudentes,
3505 3634 3672 3701 quasi

2089 3732 2205 3787 veri
2236 3730 2328 3785 Dei
2361 3728 2692 3792 doctrinam,
2724 3727 2887 3782 simul
2916 3734 2970 3781 et
2998 3725 3437 3779 misericordiam
3469 3741 3669 3780 cense.

2088 3824 2222 3879 cuti.
2256 3822 2392 3878 Cum
2423 3836 2556 3891 ergo
2586 3820 2985 3874 abscessissent
3026 3817 3221 3883 turbat,
3251 3824 3305 3871 et
3356 3818 3460 3871 soli
3510 3816 3670 3871 fami-

2090 3918 2254 3971 liares
2282 3915 2402 3984 ejus
2436 3914 2895 3969 remansissemus
2950 3925 3074 3964 cum
3126 3924 3213 3971 eo,
3268 3909 3461 3963 stratis
3513 3909 3705 3989 humi_

2088 4010 2319 4069 redditis
2348 4007 2708 4062 accubuimus
2732 4005 2952 4059 solitum
2986 4001 3369 4070 unusquisque
3395 4016 3668 4071 recogno-

2090 4119 2250 4158 scens
2300 4101 2504 4162 locum,
2537 4104 2865 4166 sumptoque
2913 4094 3037 4148 cibo
3065 4107 3191 4147 cum
3224 4092 3433 4162 gratias
3460 4092 3671 4162 egisse-

2089 4214 2210 4251 mus
2234 4196 2365 4259 Deo,
2401 4192 2727 4263 quievimus.

2166 4288 2360 4344 XXXI.
2404 4285 2665 4358 Sequenti
2719 4298 2847 4339 vero
2880 4282 2968 4337 die
2999 4280 3195 4337 Petrus
3246 4296 3312 4334 ex
3348 4295 3507 4335 more
3544 4290 3669 4335 ante

2089 4383 2264 4435 lucem
2305 4376 2687 4449 surgens,jam
2717 4388 2819 4427 nos
2852 4371 3056 4426 invenit
3088 4370 3378 4439 vigilantes
3406 4379 3464 4424 et
3510 4385 3671 4439 para-

415 4469 640 4508 ovorum
658 4458 913 4525 quamvis
930 4460 1157 4527 pulchre
1189 4461 1331 4515 facta
1355 4475 1410 4518 et
1438 4465 1727 4535 diligenter
1753 4467 1983 4524 formata
2017 4457 2059 4510 Ῑ)
2088 4485 2174 4531 tos
2204 4474 2272 4528 ad
2301 4470 2653 4531 audiendum,
2685 4477 2847 4536 atque
2876 4467 2951 4519 ita
2982 4478 3213 4519 exorsus
3239 4472 3324 4517 est
3350 4483 3363 4516 :
3393 4462 3671 4533 Deprecor

416 4546 683 4611 videatur,
710 4564 933 4605 necesse
961 4564 1045 4606 est
1076 4560 1257 4607 tamen
1288 4571 1409 4608 eam
1440 4555 1619 4627 frangi
1659 4568 1714 4613 et
1764 4564 1986 4627 resolvi,

420 4645 477 4688 ut
503 4637 627 4691 inde
654 4640 835 4707 pullus
865 4644 1123 4709 procedat
1152 4655 1206 4700 et
1247 4647 1403 4710 illud,
1439 4665 1539 4718 pro
1563 4666 1672 4720 quo
1695 4654 1864 4708 totius
1900 4655 1989 4709 ovi

422 4726 592 4781 l'orma
623 4744 883 4798 expressa
912 4733 1144 4798 videtur,
1180 4746 1455 4806 appareat.
1483 4738 1560 4794 Ita
1584 4757 1715 4812 ergo
1743 4751 1797 4796 et
1824 4745 1989 4814 hujus

419 4821 605 4874 nnmdi
638 4837 861 4879 necesse
900 4836 984 4880 est
1030 4829 1269 4883 transire
1315 4840 1541 4899 statum,
1579 4842 1637 4887 ut
1680 4845 1857 4893 status
1897 4840 1988 4894 ille

420 4912 701 4967 sublimior
732 4916 880 4985 regni
914 4919 1155 4974 cmlestis
1184 4920 1459 4992 el‘fulgeat.

491 5003 681 5058 XXIX.
729 5005 792 5060 Et
823 5007 1011 5063 Simon
1038 5028 1050 5061 :
1080 5011 1198 5065 Non
1221 5016 1353 5068 mihi
1382 5017 1597 5071 videtur
1619 5020 1749 5088 quia
1781 5025 1983 5078 resolvi

418 5097 593 5165 possit
631 5099 853 5163 coelum,
882 5103 1026 5170 quod
1078 5118 1109 5155 a
1159 5103 1266 5158 Deo
1302 5105 1502 5160 factum
1535 5120 1636 5164 est.
1668 5111 1752 5165 Ab
1779 5123 1989 5171 aeterno

415 5188 562 5243 enim
592 5198 794 5244 tetern-a
824 5192 981 5256 ﬁunt,
1014 5209 1044 5246 a
1075 5198 1420 5265 corruptibili
1443 5204 1764 5269 temporalia
1802 5214 1856 5260 et
1892 5223 1987 5262 ca-

416 5278 577 5335 duca.
613 5280 675 5335 Et
704 5281 897 5339 Petrus
923 5304 934 5338 :
960 5284 1075 5339 Non
1102 5288 1177 5340 ita
1214 5297 1317 5352 est,
1349 5290 1442 5344 sed
1466 5306 1496 5345 a
1521 5297 1842 5353 mortalibus
1864 5302 1987 5369 qui-r

416 5373 538 5428 dem
565 5375 896 5432 omnimodis
924 5381 1300 5449 corruptibilia
1339 5381 1475 5436 ﬁunt
1524 5394 1577 5440 et
1628 5392 1985 5460 temporalia;

420 5465 489 5518 ah
513 5472 714 5521 aeterno
730 5482 861 5523 vero
877 5485 986 5523 non
1010 5486 1226 5541 semper
1250 5476 1623 5545 corruptibilia
1646 5495 1822 5550 neque
1843 5499 1987 5539 sem-

526 5669 577 5699 ὀ
614 5668 798 5723 Matth.
830 5687 885 5733 ν,
917 5671 969 5725 8.

433 5736 571 5789 hom.
599 5740 769 5809 angeli
794 5741 915 5807 ﬁent
951 5744 1039 5810 qui
1070 5744 1267 5799 desunt
1294 5745 1343 5798 in
1370 5745 1527 5800 codd.
1565 5744 1713 5814 Lips.

1048 5674 1100 5751 “_
1132 5670 1304 5751 Iliid._
1342 5675 1387 5705 θ’
1431 5675 1828 5751 Esntl._xxmi,
1853 5683 1942 5741 20.
2017 5686 2063 5717 ’³
2105 5684 2297 5741 Matth.
2335 5700 2468 5751 xxxi,
2496 5684 2583 5738 50.

2096 4584 2210 4633 vos,
2268 4566 2465 4619 fratres
2496 4570 2549 4618 et
2590 4559 2844 4616 conservi
2890 4558 3019 4621 mei,
3056 4565 3117 4611 ut
3153 4558 3200 4610 si
3231 4558 3359 4627 quis
3402 4556 3550 4612 forte
3580 4572 3673 4611 ve-

2092 4670 2267 4715 strum
2302 4674 2411 4712 non
2436 4664 2614 4726 potest
2646 4653 2892 4722 vigilare,
2914 4667 3023 4705 non
3057 4650 3161 4704 sibi
3187 4657 3517 4717 extorqueat
3544 4664 3673 4703 eru—

2091 4754 2322 4807 bescens
2347 4748 2689 4819 praesentiam
2722 4760 2918 4809 meam,
2943 4744 3071 4813 quia
3102 4741 3339 4794 dillicilis
3368 4750 3457 4793 est
3490 4739 3673 4795 subita

2093 4842 2440 4913 permutatio,
2499 4840 2657 4909 longo
2703 4847 2884 4892 autem
2918 4844 3163 4904 tempore
3196 4832 3243 4886 si
3286 4832 3560 4901 paulatim
3585 4846 3675 4886 as.

2094 4935 2306 4995 sueliat,
2342 4934 2493 4987 labor
2516 4947 2626 4985 non
2652 4932 2757 4984 erit
2778 4929 2925 4999 quod
2953 4944 3017 4981 ex
3042 4942 3145 4980 usu
3168 4926 3341 4980 venit.
3381 4922 3505 4977 Non
3527 4924 3674 4979 enim

2094 5039 2285 5077 omnes
2314 5024 2562 5091 ejusdem
2595 5018 2959 5076 institutionis
2985 5016 3214 5077 fuimus,
3250 5014 3381 5067 licet
3405 5029 3674 5082 processu

2094 5116 2359 5185 temporis
2385 5115 2440 5168 in
2474 5129 2635 5167 unam
2658 5110 2947 5181 temperari
2971 5106 3434 5163 consuetudinem
3472 5108 3676 5177 poteri-

2095 5223 2247 5271 mus;
2279 5207 2433 5259 aiunt
2477 5205 2644 5273 enim,
2679 5204 2826 5273 quod
2866 5199 3169 5256 secundum
3216 5205 3430 5250 natura:
3493 5197 3675 5251 locum

2094 5300 2340 5354 obtineat
2373 5297 2735 5353 consuetudo.
2768 5293 2985 5351 Testem
3022 5300 3203 5345 autem
3236 5288 3407 5343 Deum
3452 5288 3673 5351 invoco,

2095 5392 2239 5461 quod
2280 5406 2389 5445 non
2441 5390 2714 5459 indignor,
2756 5389 2805 5444 si
2836 5388 2960 5459 quis
3006 5385 3146 5440 forte
3172 5398 3281 5437 non
3314 5389 3500 5451 potest
3536 5381 3675 5450 vigi-

2092 5488 2226 5549 lare,
2254 5484 2350 5540 sed
2372 5484 2476 5539 hoc
2503 5484 2696 5553 magis,
2729 5482 2777 5537 si
2797 5496 2925 5536 cum
2949 5487 3120 5535 totam
3148 5475 3274 5546 quis
3294 5485 3521 5529 noctem
3548 5472 3672 5526 dor—

2696 5681 2741 5713 9‘
2783 5680 2972 5737 Matth.
3002 5697 3058 5745 v,
3092 5678 3125 5729 8
3245 5678 3266 5707 ’
3331 5669 3667 5728 Vocat.sz
