3890 6192
314 314 457 371 1297

1577 315 2142 373 RECOGNITIONUM
2178 316 2308 375 LIB.
2350 317 2439 375 III.

3439 327 3578 386 {338

312 436 472 498 miat,
496 449 594 504 per
625 432 769 488 diem
794 448 904 488 non
924 434 1096 504 replet
1129 433 1183 489 id
1227 432 1375 504 quod
1402 434 1591 488 omisit
1615 435 1669 486 in
1702 442 1883 487 nocte.
1919 439 1961 495 Α
1994 431 2202 487 siderat
2232 433 2422 487 urbem
2456 434 2738 504 perveniat
2768 436 3037 493 veritatis.
3095 437 3200 504 Qui
3244 456 3377 496 vero
3408 444 3577 515 impe-

315 526 703 582 ‘Necessarium
739 542 976 597 namque
1024 534 1108 583 est
1152 527 1417 582 doctrinm
1455 526 1653 582 studiis
1687 526 1893 583 intente

310 627 373 677 et
406 619 773 675 indesinenter
801 633 1021 689 operam
1054 619 1206 685 dare,
1275 628 1335 674 ut
1375 636 1529 675 mens
1561 628 1751 675 nostra
1788 619 1883 673 Dei

316 711 494 767 solius
539 712 800 766 memoria
832 712 1129 781 repleatur,
1164 713 1295 783 quia
1341 719 1578 767 mentem
1611 727 1773 781 quam
1804 726 1891 765 re-

311 803 549 875 pleverit
577 804 838 859 memoria
868 803 986 869 Dei,
1022 805 1261 876 maligno
1306 804 1362 858 in
1411 819 1474 859 ea
1517 818 1625 857 non
1671 804 1891 858 dabitur

316 894 495 947 locus.

391 980 606 1038 XXXII.
648 981 786 1037 Cum
830 983 944 1037 hmc
974 982 1183 1038 diceret
1230 985 1297 1039 ad
1335 1000 1437 1040 nos
1471 983 1684 1049 Petrus,
1718 1001 1889 1041 unus-

312 1073 550 1143 quisque
580 1084 826 1128 nostrum
844 1074 1077 1129 sollicite
1098 1074 1469 1130 satisfaciebat
1489 1075 1561 1139 ei,
1584 1077 1728 1145 quod
1757 1075 1887 1129 olim

311 1165 469 1219 brevi
515 1179 710 1217 somno
762 1164 945 1219 satiati
994 1165 1367 1234 vigilaremus,
1427 1166 1522 1220 sed
1578 1180 1889 1219 vereremur

311 1256 559 1311 excitare
589 1271 736 1322 eum,
767 1256 895 1326 quia
924 1271 1024 1311 nec
1058 1256 1275 1311 deceret
1301 1257 1600 1326 discipulos
1622 1258 1889 1327 magistro

310 1347 615 1416 imperare;
642 1348 786 1417 quod
809 1356 988 1402 tamen
1015 1363 1176 1418 pene,
1203 1363 1236 1402 ο
1255 1346 1433 1413 Petre,
1461 1349 1579 1403 ausi
1610 1348 1889 1403 fueramus

312 1455 671 1509 praesumere,
695 1439 823 1493 dum
850 1454 947 1492 cor
975 1446 1226 1493 nostrum
1247 1439 1418 1493 nimio
1448 1439 1738 1493 verborum
1762 1445 1888 1491 tuo-

312 1546 438 1583 rum
469 1530 742 1585 desiderio
774 1529 1103 1599 tripudians,
1129 1545 1382 1583 somnum
1426 1530 1643 1600 penitus
1676 1530 1889 1599 fugaret

312 1626 383 1679 ab
416 1627 611 1681 oculis.
642 1625 749 1680 Sed
780 1627 977 1680 iterum
1010 1625 1237 1680 affectus
1261 1641 1388 1696 erga
1419 1635 1471 1681 te
1502 1634 1689 1680 noster
1714 1623 1888 1678 obsti-

310 1718 403 1781 tit,
437 1727 491 1773 et
521 1719 788 1773 violenter
816 1730 872 1775 te
898 1734 927 1772 a
959 1720 1121 1775 nobis
1165 1734 1272 1773 non
1306 1720 1432 1774 tulit
1460 1719 1712 1773 excitari.
1746 1718 1885 1771 Tum

1994 521 2135 574 ritus
2167 526 2252 574 est
2280 527 2331 575 et
2360 522 2641 590 quaerendi
2676 523 2821 577 viam
2848 526 3046 587 nescit,
3077 527 3221 582 sicut
3250 532 3577 600 peregrinus

1996 611 2192 673 viator,
2220 614 2482 683 ignorans
2516 623 2569 669 et
2591 629 2807 680 errans,
2842 617 2888 670 si
2925 616 3046 670 cive
3068 624 3121 670 et
3154 618 3407 689 indigena
3438 622 3576 677 nolit

1994 705 2072 757 uti
2096 705 2257 767 duce,
2292 706 2412 760 sine
2458 705 2626 760 dubio
2666 721 2793 761 cum
2829 708 3168 763 aberraverit
3201 724 3229 762 a
3266 710 3349 764 via
3374 713 3575 766 verita-

1992 793 2261 855 tis,extra
2292 794 2419 848 vitae
2438 794 2640 863 januas
2680 797 3007 862 remanebit,
3040 805 3095 852 et
3122 800 3198 853 ita
3230 802 3412 855 noctis
3435 809 3571 855 atrze

1994 884 2235 938 tenebris
2270 884 2557 941 involutus
2586 902 2684 957 per
2711 889 2935 943 semitas
2984 890 3306 958 perditionis
3336 892 3569 948 incedet.

1992 974 2133 1040 Quia
2169 991 2300 1043 ergo
2348 977 2395 1030 si
2428 992 2525 1046 per
2574 977 2820 1033 ordinem
2853 996 2973 1049 qua:
3004 981 3295 1050 quaerenda
3330 991 3461 1037 sunt
3486 985 3573 1037 in-

1992 1068 2307 1135 quirantur,
2328 1068 2564 1122 inveniri
2595 1069 2851 1125 facillime
2882 1080 3132 1141 possunt,
3169 1074 3415 1128 ordinem
3446 1086 3577 1129 vem

1994 1158 2306 1227 requirendi
2342 1160 2630 1229 imperitus
2662 1161 2897 1231 ignorat,
2924 1173 3139 1218 rectum
3169 1172 3253 1220 est
3288 1172 3346 1218 ut
3376 1166 3575 1221 scienti

1993 1251 2154 1304 cedat
2188 1250 2415 1320 ignarus
2464 1259 2520 1305 et
2579 1252 2758 1321 primo
2787 1256 3063 1323 quaerendi
3088 1256 3339 1311 ordinem
3370 1258 3575 1324 discat,

1993 1346 2054 1391 ut
2091 1339 2164 1392 ita
2196 1338 2418 1394 demum
2444 1340 2816 1413 interrogandi
2852 1350 2906 1397 et
2932 1344 3297 1414 respondendi
3328 1346 3577 1403 inveniat

1989 1431 2359 1499 disciplinam.

2062 1523 2279 1581 XXXV.
2323 1526 2390 1581 Et
2435 1526 2624 1583 Simon
2673 1529 2741 1584 ad
2786 1530 2902 1585 haec
2939 1550 2951 1585 :
2992 1531 3111 1586 Non
3164 1547 3295 1603 ergo
3324 1535 3570 1588 omnium

1988 1622 2073 1669 est
2102 1616 2325 1680 veritas,
2358 1619 2449 1673 sed
2497 1634 2689 1674 eorum
2722 1623 3104 1677 tantummodo
3130 1624 3222 1693 qui
3257 1632 3429 1680 artem
3468 1641 3570 1679 no-

1989 1708 2168 1761 verint
2195 1708 2535 1779 disputandi,
2568 1711 2713 1780 quod
2741 1714 2932 1783 utique
2974 1714 3271 1769 absurdum
3303 1724 3410 1782 est,
3441 1732 3567 1771 cum

310 1809 512 1866 Petrus
539 1830 553 1866 :
587 1810 859 1878 Quoniam
890 1811 1057 1881 igitur
1078 1810 1354 1873 audiendi,
1388 1810 1585 1879 inquit,
1614 1809 1888 1864 desiderio
1921 1812 1961 1866 Β
1989 1801 2272 1869 tequaIiter
2319 1804 2390 1857 sit
2442 1804 2586 1861 Deus
2614 1807 2884 1868 omnium.
2916 1822 3025 1861 non
3056 1824 3249 1863 omnes
3286 1812 3571 1879 aequaliter

309 1903 546 1959 libenter
570 1918 666 1958 vos
701 1904 945 1958 asseritis
972 1903 1217 1974 vigilare,
1244 1904 1365 1956 volo
1395 1902 1551 1957 vobis
1576 1916 1637 1957 ea
1673 1909 1882 1955 tantum

309 2016 435 2071 quae
466 2001 722 2055 hesterno
754 2001 988 2070 sparsim
1021 2000 1167 2054 dicta
1195 2011 1343 2063 sunt,
1377 2008 1626 2070 repetere
1652 2000 1885 2070 diligen-

306 2093 423 2150 tius
446 2099 499 2147 et
527 2107 650 2145 cum
683 2108 784 2147 suo
808 2092 1002 2146 ordine
1030 2092 1325 2161 explicare.
1357 2092 1513 2157 Quod
1551 2099 1604 2146 et
1638 2106 1736 2161 per
1766 2092 1883 2145 sin-

306 2188 469 2258 gulas
498 2200 746 2257 quasque
776 2185 1176 2254 disputationes
1213 2185 1439 2239 diurnas
1472 2184 1653 2239 facere
1697 2184 1885 2254 dispo-

307 2290 405 2338 no,
439 2282 499 2326 ut
541 2289 637 2343 per
680 2280 896 2327 noctem
938 2274 1029 2327 ubi
1079 2281 1351 2328 secretum
1397 2274 1503 2329 loci
1541 2282 1593 2329 et
1618 2275 1883 2344 temporis

307 2365 495 2427 datur,
551 2366 599 2419 si
648 2364 779 2435 quid
833 2363 974 2420 forte
1012 2372 1200 2434 utpote
1252 2367 1306 2420 in
1351 2366 1652 2420 certamine
1700 2366 1882 2420 minus

305 2456 468 2529 plene
496 2457 703 2511 dictum
737 2465 841 2521 est,
885 2458 936 2511 id
969 2458 1181 2527 integro
1200 2458 1392 2513 ordine
1420 2466 1475 2513 et
1503 2458 1648 2511 linea
1671 2458 1881 2512 directa

302 2547 713 2616 explanationis
762 2547 1026 2617 aperiam.
1083 2548 1147 2601 Et
1192 2557 1313 2618 post
1358 2550 1475 2603 hac
1506 2550 1671 2620 coepit
1722 2550 1881 2605 nobis

304 2639 597 2695 ostendere
655 2640 930 2709 quomodo
980 2640 1236 2695 hesterno
1275 2641 1459 2695 haberi
1487 2641 1736 2697 debuerit
1763 2641 1879 2697 dis-

303 2734 546 2807 putatio,
607 2738 660 2786 et
694 2738 915 2801 propter
958 2732 1365 2785 contentionem
1413 2732 1497 2785 vel
1549 2732 1877 2803 imperitiam

300 2824 736 2878 contradicentis
765 2822 952 2877 haberi
986 2838 1096 2877 non
1112 2822 1371 2891 potuerit,
1385 2824 1579 2879 etideo
1610 2825 1727 2879 sola
1758 2839 1880 2894 pro-

303 2915 549 2970 fessione
579 2930 714 2969 usus
745 2914 839 2978 sit,
874 2922 1039 2984 atque
1070 2930 1133 2969 ea
1164 2916 1370 2985 quaaab
1390 2914 1702 2971 adversario
1730 2915 1878 2971 dice-

302 3006 527 3070 bantur,
560 3014 773 3059 tantum
819 3006 1177 3070 destruxerit,
1213 3023 1309 3061 sua
1335 3022 1464 3061 vero
1487 3024 1663 3077 neque
1692 3009 1875 3063 omnia

299 3113 483 3167 neque
513 3098 801 3152 manifeste
828 3100 1172 3168 exposuerit;
1202 3106 1255 3153 et
1288 3099 1502 3169 singula
1532 3100 1691 3155 nobis
1722 3116 1876 3170 repe-

298 3196 425 3245 tens
453 3188 665 3260 integro
692 3188 882 3243 ordine
914 3197 967 3243 et
997 3191 1157 3259 p!ena
1188 3190 1401 3243 ratione
1430 3191 1711 3246 disseruit.

378 3279 614 3335 XXXIII.
654 3280 788 3336 Cum
823 3297 954 3337 vero
982 3283 1093 3351 jam
1121 3282 1422 3336 albesceret
1446 3282 1584 3345 dies,
1617 3298 1874 3354 egressus

296 3371 371 3425 ad
402 3373 590 3428 turbas
636 3381 761 3443 post
810 3374 1112 3428 orationem
1166 3374 1329 3429 solito
1373 3374 1441 3427 ad
1482 3374 1873 3444 disputandum

296 3464 550 3518 constitit
576 3466 718 3528 loco,
743 3474 796 3519 et
826 3465 1022 3519 videns
1053 3463 1331 3519 Simonem
1362 3464 1419 3525 in
1461 3466 1658 3521 mediis
1696 3467 1872 3522 turbis

298 3563 538 3610 stantem
567 3573 633 3610 ex
666 3573 816 3612 more
844 3558 998 3625 prius
1035 3557 1271 3611 salutato
1298 3558 1501 3627 populo
1533 3559 1608 3611 ait
1640 3578 1651 3612 :
1689 3558 1871 3614 Dolori

295 3648 433 3700 mihi
462 3662 583 3702 esse
616 3646 789 3702 fateor
817 3648 884 3703 de
914 3650 1195 3703 nonnullis
1250 3648 1585 3710 hominibus,
1615 3651 1706 3719 qui
1746 3667 1869 3705 cum

295 3741 375 3795 ita
411 3741 477 3793 ad
507 3756 607 3795 nos
636 3742 857 3795 veniant
885 3749 943 3794 ut
965 3742 1181 3795 discant
1213 3741 1441 3811 aliquid,
1472 3744 1560 3797 ubi
1583 3760 1677 3798 eos
1706 3744 1871 3799 doce-

293 3846 359 3885 re
390 3833 742 3901 cmperimus,
775 3832 876 3901 ipsi
907 3847 1099 3886 rursus
1140 3833 1435 3901 magistros
1463 3849 1522 3887 se
1549 3848 1672 3888 esse
1702 3834 1867 3902 profi-

206 3950 223 3962 -
291 3930 502 3987 tentur,
525 3931 579 3976 et
607 3924 944 3994 interrogant
966 3924 1183 3993 quidem
1205 3934 1263 3976 ut
1290 3925 1623 3992 ignorantes,
1646 3911 1874 3979 contra:

292 4014 487 4068 dicunt
527 4024 706 4069 autem
744 4031 803 4069 ut
849 4018 1108 4070 scientes.
1144 4014 1251 4069 Sed
1306 4016 1540 4071 fortasse
1587 4015 1734 4069 dicat
1763 4018 1866 4070 ali—

290 4108 442 4177 quis,
472 4109 599 4177 quia
643 4109 737 4177 qui
770 4108 1092 4177 interrogat,
1117 4108 1189 4161 ob
1224 4109 1326 4161 hoc
1355 4108 1572 4177 quidem
1607 4116 1665 4162 ut
1692 4110 1866 4163 discat

292 4202 616 4272 interrogat,
658 4202 751 4255 ubi
784 4216 912 4255 vero
960 4200 1012 4253 id
1052 4200 1195 4269 quod
1229 4198 1463 4252 audierit
1490 4214 1600 4252 non
1640 4200 1689 4254 ei
1720 4207 1866 4255 recte

288 4291 500 4346 dictum
534 4292 769 4354 videtur,
805 4307 1033 4345 necesse
1064 4300 1147 4345 est
1181 4300 1239 4344 ut
1290 4290 1637 4360 respondeat,
1668 4298 1721 4343 et
1752 4291 1865 4345 hmo

286 4385 510 4438 videtur
540 4399 660 4438 esse
691 4383 1073 4449 contradictio,
1095 4400 1217 4455 quae
1240 4399 1348 4437 non
1375 4392 1458 4439 est
1479 4383 1860 4447 contradictio,

284 4475 388 4532 sed
418 4475 855 4544 reinterrogatio.

362 4564 603 4619 XXXIV.
645 4567 842 4620 Audiat
873 4581 1004 4636 ergo
1043 4566 1158 4620 haec
1193 4587 1204 4619 :
1236 4566 1433 4622 Totius
1481 4566 1748 4621 doctrinae
1782 4567 1867 4620 di-

286 4659 523 4727 sciplina
574 4669 782 4713 certum
845 4659 1005 4713 habet
1057 4658 1408 4718 ordinem,et
1440 4667 1569 4713 sunt
1614 4658 1861 4728 quaedam

284 4765 411 4820 qua:
458 4751 631 4820 prima
682 4750 947 4804 tradenda
980 4758 1126 4813 sunt,
1159 4751 1265 4803 alia
1309 4766 1440 4803 vero
1470 4765 1590 4819 quae
1620 4749 1861 4804 secundo

284 4841 345 4894 in
390 4842 530 4905 loco,
562 4850 614 4895 et
646 4842 748 4894 alia
780 4841 966 4906 tertio,
992 4850 1045 4898 et
1085 4842 1166 4896 sic
1217 4842 1432 4911 singula
1479 4857 1710 4911 quaeque
1764 4856 1860 4911 per

279 4933 557 4997 ordinem,
592 4948 713 5002 quae
742 4934 930 5002 utique
961 4934 1007 4987 si
1035 4948 1132 5003 per
1160 4934 1607 5002 consequentiam
1639 4934 1860 4987 tradan-

282 5023 697 5086 tur,manifesta
718 5024 879 5094 fiunt;
901 5032 1055 5077 extra
1082 5024 1331 5077 ordinem
1355 5040 1481 5078 vero
1501 5025 1547 5078 si
1568 5025 1858 5094 proferan-

280 5125 398 5182 tur,
422 5116 588 5170 etiam
637 5123 829 5170 contra
882 5117 1149 5170 rationem
1202 5115 1349 5170 dicta
1394 5117 1745 5174 videbuntur.
1791 5116 1858 5170 Et

278 5208 407 5264 ideo
426 5209 477 5262 in
500 5209 695 5279 primis
717 5208 852 5262 ordo
870 5209 1171 5264 servandus
1192 5216 1297 5272 est,
1323 5208 1368 5262 si
1396 5216 1579 5263 tamen
1602 5210 1705 5263 hoc
1728 5224 1855 5279 pro-

281 5302 463 5374 posito
492 5316 822 5371 quaeramus,
844 5308 903 5354 ut
931 5301 1207 5370 possimus
1248 5301 1395 5370 quod
1423 5301 1719 5371 quaerimus
1771 5302 1855 5355 in—

278 5393 489 5447 venire.
524 5392 735 5446 Etenim
779 5392 873 5462 qui
927 5398 1135 5447 rectum
1168 5392 1384 5445 initium
1422 5393 1523 5447 vim
1554 5394 1849 5462 acceperit,

278 5484 445 5539 etiam
496 5484 797 5540 secundum
844 5485 1022 5540 locum
1061 5493 1462 5555 consequenter
1489 5485 1757 5551 advertet,
1799 5494 1853 5540 et

277 5589 346 5628 ex
392 5577 633 5629 secundo
686 5576 904 5630 tertium
959 5576 1174 5634 facilius
1227 5576 1498 5641 inveniet;
1546 5582 1599 5631 et
1645 5584 1851 5646 quanto

279 5665 427 5719 ultra
491 5667 842 5736 processerit,
886 5675 1041 5722 tanto
1089 5668 1264 5737 magis
1317 5668 1364 5723 ei
1410 5671 1498 5722 via
1554 5670 1849 5738 agnitionis

276 5756 522 5824 apertior
560 5758 670 5825 ﬁet,
704 5775 991 5831 usquean
1023 5761 1087 5815 ad
1129 5761 1299 5832 ipsam
1335 5777 1443 5831 quo
1472 5761 1646 5816 tendit
1670 5768 1722 5816 et
1753 5762 1847 5818 dc-

1988 1908 2151 1962 posse
2180 1894 2514 1951 voluntatem
2532 1897 2654 1967 ejus
2682 1913 2997 1968 agnoscere.
3026 1900 3091 1953 Et
3107 1899 3302 1957 Petrus
3326 1922 3338 1955 :
3360 1902 3569 1973 [Equa-

1987 1984 2087 2047 les,
2123 1986 2321 2055 inquit,
2356 2002 2548 2043 omnes
2581 1988 2652 2043 ab
2691 2005 2759 2044 eo
2819 1990 2944 2045 facti
2992 2003 3140 2056 sunt,
3177 2001 3232 2047 et
3278 1997 3566 2064 aequaliter

1985 2075 2200 2129 cunctis
2227 2076 2378 2131 dedit
2434 2093 2665 2147 capaces
2689 2094 2812 2134 esse
2860 2081 3125 2137 veritatis.
3161 2080 3363 2136 Verum
3419 2086 3564 2153 quod

1986 2168 2170 2221 nullus
2193 2183 2379 2221 eorum
2409 2170 2501 2238 qui
2532 2171 2645 2223 nati
2675 2179 2823 2232 sunt,
2861 2171 3111 2229 eruditus
3140 2182 3304 2229 natus
3334 2176 3428 2243 sit,
3468 2178 3564 2232 sed

1989 2257 2263 2326 posterior
2298 2258 2371 2312 sit
2404 2260 2688 2314 nativitate
2715 2260 2973 2326 eruditio,
3019 2261 3153 2314 nulli
3187 2262 3412 2316 dubium
3457 2277 3561 2323 est.

1984 2346 2121 2401 Cum
2156 2348 2323 2417 igitur
2352 2350 2611 2404 nativitas
2645 2350 2926 2404 hominum
2979 2352 3033 2405 in
3086 2366 3154 2407 eo
3183 2360 3365 2408 teneat
3394 2357 3565 2423 requi-

1982 2445 2176 2502 tatcm,
2213 2447 2273 2493 ut
2303 2454 2494 2494 omnes
2536 2441 2798 2496 similiter
2848 2443 3212 2514 percipienda:
3258 2445 3565 2516 disciplina:

1985 2546 2214 2601 capaces
2250 2531 2380 2597 sint,
2413 2548 2520 2586 non
2563 2542 2648 2588 est
2702 2535 2757 2587 in
2784 2542 3005 2602 natura,
3030 2535 3126 2590 sed
3163 2537 3219 2589 in
3246 2539 3561 2593 eruditione

1982 2623 2294 2680 diversitas.
2353 2624 2461 2679 Aut
2515 2625 2639 2693 quis
2684 2626 2884 2686 nescit,
2932 2626 3081 2694 quod
3133 2640 3197 2680 ea
3236 2641 3357 2695 qua:
3390 2643 3560 2683 unus-

1980 2713 2216 2783 quisque
2246 2714 2467 2778 didicit,
2494 2714 2816 2784 priusquam
2847 2714 3106 2777 disceret,
3144 2715 3469 2785 ignorabat?
3497 2718 3563 2773 Et

1982 2799 2173 2857 Simon
2209 2801 2408 2869 :Vere,
2440 2802 2636 2872 inquit,
2669 2804 2832 2858 dicis.
2871 2803 3010 2858 Tum
3058 2804 3293 2861 Petrus:
3329 2804 3387 2860 Si
3432 2822 3563 2876 ergo

1981 2895 2035 2949 in
2067 2896 2154 2949 his
2185 2897 2398 2951 artibus
2453 2911 2591 2966 quas
2630 2911 2767 2949 usus
2814 2897 3122 2952 communis
3172 2897 3355 2961 habet,
3384 2901 3563 2968 primo

1979 2985 2232 3048 discitur,
2255 2987 2452 3042 deinde
2480 2987 2737 3049 docetur,
2763 2996 2970 3056 quanto
3017 2990 3190 3059 magis
3227 3000 3439 3058 Oportet
3466 3006 3562 3049 eos

1978 3078 2074 3147 qui
2102 3077 2415 3133 eruditores
2442 3092 2502 3133 se
2545 3078 2871 3146 profitentur
2913 3078 3240 3142 animarum,
3273 3079 3453 3148 primo
3477 3080 3561 3137 di-

1977 3185 2154 3232 scere,
2184 3176 2238 3224 et
2268 3170 2343 3223 ita
2378 3169 2598 3233 docere,
2632 3185 2724 3232 ne,
2759 3186 2884 3224 eum
2921 3171 3029 3225 sint
3057 3170 3159 3239 ipsi
3191 3170 3453 3240 imperiti,
3484 3173 3561 3230 ri-

1977 3258 2219 3312 diculum
2250 3257 2521 3323 videatur,
2555 3258 2601 3313 si
2630 3258 2752 3312 aliis
2780 3274 2839 3313 se
2880 3259 3221 3328 praistituros
3270 3260 3556 3315 scientiam

1976 3350 2376 3420 repromittant.
2415 3348 2553 3410 Tum
2594 3350 2781 3405 Simon
2818 3350 2914 3405 :ln
2965 3352 3201 3415 artibus,
3230 3353 3429 3421 inquit,
3465 3355 3552 3410 his

1974 3458 2096 3511 quae
2117 3458 2249 3498 usus
2279 3442 2590 3497 communis
2621 3442 2809 3506 habet,
2842 3457 3029 3497 verum
3060 3450 3165 3509 est,
3197 3443 3341 3513 quod
3377 3460 3553 3500 unus—

1972 3535 2209 3604 quisque
2261 3535 2366 3587 nisi
2427 3533 2703 3598 didicerit,
2760 3534 3010 3597 nesciat,
3064 3534 3119 3587 in
3182 3534 3348 3590 verbo
3423 3554 3555 3592 vero

1973 3626 2213 3683 scicntia:
2241 3625 2424 3682 statim
2450 3632 2512 3679 ut
2540 3625 2775 3681 audierit
2805 3626 2950 3695 quis,
2983 3624 3193 3681 didicit.

2045 3733 2285 3790 XXXVI.
2319 3733 2385 3788 Et
2424 3733 2619 3791 Petrus
2650 3750 2664 3787 :
2702 3734 2758 3789 Si
2809 3736 3029 3806 quidem
3080 3752 3173 3806 per
3207 3736 3458 3793 ordinem
3500 3751 3554 3795 et

1970 3834 2371 3896 consequenter
2401 3826 2609 3892 audiat,
2648 3835 2828 3897 potest
2857 3828 3000 3883 scire
3043 3829 3189 3898 quod
3216 3845 3405 3885 verum
3446 3842 3549 3894 est.

1970 3920 2065 3974 sed
2099 3920 2192 3989 qui
2227 3910 2614 3973 emendatioris
2646 3921 2770 3974 vitae
2801 3921 3044 3990 regulam
3090 3924 3551 3978 conversationis-

1970 4029 2075 4083 que
2116 4012 2371 4067 castioris
2403 4012 2684 4082 suscipere
2704 4021 2942 4074 recusat,
2967 4028 3087 4082 qua:
3114 4015 3301 4083 utique
3329 4018 3548 4084 scquela

1969 4113 2049 4160 est
2081 4104 2324 4159 scientiae
2347 4104 2617 4168 veritatis,
2660 4105 2802 4159 scire
2838 4120 2897 4160 se
2938 4106 3085 4173 quod
3131 4110 3254 4170 scit,
3285 4122 3391 4162 non
3430 4110 3550 4162 vult

1968 4197 2143 4251 fateri.
2180 4196 2335 4250 Sicut
2364 4195 2527 4250 etiam
2565 4196 2858 4251 nonnullos
2899 4197 3169 4261 videmus,
3211 4200 3303 4268 qui
3336 4201 3546 4254 artibus

1964 4305 2102 4359 quas
2128 4304 2156 4341 a
2180 4303 2350 4359 puero
2376 4288 2680 4343 didicerant
2710 4288 3007 4353 derelictis,
3034 4289 3098 4341 ad
3128 4289 3264 4344 alios
3295 4306 3354 4345 se
3385 4300 3544 4345 actus

1965 4380 2274 4444 conferunt,
2304 4388 2358 4435 et
2384 4389 2445 4435 ut
2472 4382 2759 4435 excusatio
2790 4380 2862 4435 sit
2893 4380 2972 4437 eis
3003 4381 3227 4436 desidiae
3258 4398 3392 4447 suae,
3425 4386 3542 4437 cul-

1898 4495 1941 4549 ι)
1967 4488 2097 4541 pare
2124 4474 2391 4543 incipiunt
2412 4481 2582 4526 artem
2607 4474 2755 4527 velut
2778 4472 3196 4529 infructuosam.
3225 4475 3287 4528 Et
3312 4474 3497 4529 Simon
3527 4496 3540 4531 ε

1971 4565 2240 4620 Deberent
2283 4579 2475 4620 omnes
2525 4564 2811 4620 audientes
2859 4565 3083 4619 credere
3131 4581 3317 4620 verum
3371 4583 3494 4622 esse
3519 4611 3532 4632 ,

1966 4659 2114 4728 quod
2145 4657 2411 4712 audiunt?
2435 4658 2571 4711 Tum
2604 4655 2800 4712 Petrus
2837 4675 2849 4710 :
2884 4656 2986 4722 Qui
3019 4658 3291 4711 audierint
3326 4674 3423 4727 per
3448 4676 3540 4713 or.-

1962 4752 2142 4806 dinem
2196 4765 2504 4805 sermonem
2557 4750 2845 4813 veritatis,
2894 4750 3271 4805 contradicere
3316 4753 3540 4809 omnin

1962 4859 2071 4897 non
2107 4849 2358 4913 possunt,
2410 4842 2505 4897 sed
2538 4842 2720 4896 sciunt
2751 4857 2940 4896 verum
2976 4857 3098 4896 esse
3134 4843 3278 4910 quod
3309 4844 3534 4907 dicitur,

1962 4936 2008 4989 si
2041 4942 2220 4990 tamen
2252 4934 2485 4989 libenter
2521 4935 2684 4987 etiam
2730 4934 2856 4987 vita:
2908 4934 3155 4987 instituta
3207 4935 3530 5004 suscipiant.

1962 5024 2072 5080 Hos
2107 5040 2234 5080 vero
2284 5041 2423 5095 quos
2469 5024 2754 5079 audientes
2784 5024 2848 5078 ad
2903 5025 3044 5078 bona
3080 5039 3245 5093 opera
3280 5024 3535 5080 conferre

1961 5134 2018 5172 se
2048 5119 2212 5187 piget,
2252 5118 2395 5171 male
2435 5117 2627 5186 agendi
2672 5116 2842 5169 libido
2896 5116 3248 5185 acquiescere
3289 5116 3374 5171 his
3414 5133 3533 5185 quae

1958 5209 2391 5279 rectajudicant,
2423 5224 2532 5262 non
2565 5208 2714 5262 sinit.
2766 5205 2923 5262 Unde
2954 5206 3259 5261 ostenditur
3291 5208 3528 5276 positum

1957 5318 2080 5357 esse
2110 5303 2162 5355 in
2196 5303 2504 5356 auditorum
2538 5308 2827 5370 potestate,
2876 5301 3074 5368 eligere
3101 5307 3282 5353 utrum
3315 5299 3525 5354 malint.

1957 5394 2109 5459 Quod
2161 5395 2205 5448 si
2259 5408 2450 5448 omnes
2498 5395 2592 5461 qui
2640 5393 2891 5452 audiunt,
2946 5391 3265 5453 obedirent,
3319 5398 3528 5445 natura:

1955 5487 2128 5555 magis
2156 5493 2301 5541 esset
2331 5486 2655 5548 necessitas,
2688 5499 2809 5553 quae
2837 5498 2943 5537 una
2978 5497 3169 5536 omnes
3206 5488 3388 5550 ageret
3417 5482 3523 5535 via.

1956 5577 2109 5631 Sicut
2137 5578 2278 5632 enim
2311 5577 2526 5632 suaderi
2564 5577 2687 5645 quis
2719 5591 2827 5629 non
2856 5582 3054 5644 potest,
3095 5581 3155 5627 ut
3184 5573 3274 5625 fiat
3308 5571 3526 5633 brevior

1953 5679 2045 5723 aut
2072 5671 2302 5739 longior,
2332 5671 2460 5739 quia
2508 5685 2617 5723 non
2652 5666 2782 5725 sinit
2829 5667 2912 5721 vis
2945 5673 3188 5731 natum;
3243 5663 3317 5717 ita
3359 5672 3413 5717 et
3456 5666 3523 5716 ad

1952 5762 2257 5826 veritatem,
2292 5764 2335 5817 si
2366 5776 2556 5817 omnes
2588 5760 2755 5816 verbo
2786 5765 3237 5815 converterentur
3280 5765 3371 5815 aut
3407 5773 3521 5811 om.
