3890 6192
426 301 567 357 19.ἶώ

1276 300 1335 356 S.
1374 298 1767 356 CLEMENTIS
1807 302 1824 355 I
1861 300 2026 357 ROM.
2069 299 2270 357 PONT.
2304 303 2529 359 OPERA
2570 301 2797 359 DUBIA.

3551 306 3683 362 I500

420 432 521 470 nes
575 432 684 470 non
741 423 1214 479 converterentur,
1264 427 1471 473 natur-te
1520 427 1666 475 esset
1725 419 1837 483 vis,
1894 434 2014 486 quae
2042 423 2083 476 A
2115 433 2283 485 quum
2324 419 2625 484 videretur,
2660 428 2715 474 ut
2740 419 2876 490 justi
2904 428 2959 475 ει
2990 417 3180 488 injust!
3227 434 3339 475 uno
3385 426 3533 492 apud
3563 442 3681 479 eum

416 509 653 579 cogebat
685 509 850 565 verbo
880 524 1072 565 omnes
1117 513 1368 565 converti
1423 519 1517 565 aut
1542 511 1755 566 nullum
1783 512 2009 566 omnino

420 601 689 656 converti.

493 690 759 748 XXXVII.
792 692 857 747 Et
890 692 1080 748 Simon
1115 714 1129 750 :
1166 694 1308 750 Doce
1336 709 1466 765 ergo
1502 708 1625 759 nos,
1657 692 1788 764 quid
1832 695 2008 764 primo

417 794 637 855 oportet
663 786 876 842 discere
913 802 1038 841 cum
1074 787 1169 856 qui
1209 788 1490 842 veritatem
1521 787 1665 841 scire
1702 784 2009 840 desiderat?

415 877 484 932 Et
530 878 725 935 Petrus
770 895 783 930 :
825 879 967 934 Ante
1012 879 1232 942 omnia,
1283 881 1490 949 inquit,
1541 878 1714 949 quazri
1767 886 2003 948 oportet,

417 969 551 1039 quid
581 971 653 1026 sit
677 970 885 1026 homini
906 974 1174 1040 quarenti
1200 971 1446 1026 invenire
1467 970 1748 1041 possibile.
1774 969 2007 1026 Necesse

414 1070 502 1117 est
528 1062 675 1117 enim
698 1062 968 1132 judicium
1002 1062 1095 1119 Dei
1126 1063 1181 1117 in
1229 1063 1332 1117 hoc
1362 1071 1531 1127 stare,
1561 1063 1609 1119 si
1638 1063 1814 1132 potuit
1842 1063 2005 1118 homo

414 1153 618 1208 bonum
652 1153 853 1218 facere,
884 1164 939 1209 et
969 1171 1079 1210 non
1114 1153 1273 1221 fecit;
1301 1162 1357 1209 et
1388 1154 1510 1211 ideo
1537 1154 1891 1225 quazrendum
1921 1164 2006 1210 est

413 1245 753 1311 hominibus,
787 1248 834 1303 si
866 1248 1104 1302 habeant
1148 1249 1203 1302 in
1245 1256 1515 1318 potestate
1567 1264 1664 1303 sua
1695 1256 2003 1317 quaerentes

413 1336 662 1394 invenire
690 1339 824 1410 quid
850 1351 937 1395 est
959 1341 1185 1407 bonum,
1217 1350 1269 1395 et
1300 1356 1426 1396 cum
1460 1341 1770 1396 invenerint
1790 1341 1997 1406 facere;

412 1428 520 1484 hoc
574 1430 720 1484 enim
764 1440 849 1487 est
896 1447 996 1501 pro
1044 1447 1156 1502 quo
1198 1432 1485 1502 judicandi
1536 1439 1687 1488 sunt.
1749 1433 1999 1502 Amplius

410 1531 595 1575 autem
628 1522 716 1577 his
755 1524 931 1578 solum
969 1525 1115 1579 scire
1164 1524 1246 1579 fas
1274 1533 1360 1580 est
1411 1525 1765 1594 prophetam,
1796 1531 1851 1579 et
1882 1540 1997 1578 me-

412 1612 553 1679 rito;
578 1614 707 1683 quid
736 1615 884 1669 enim
906 1631 1045 1685 opus
1073 1624 1157 1671 est
1184 1616 1503 1671 hominibus
1534 1616 1698 1680 scire,
1722 1614 1997 1686 quomodo

410 1706 593 1763 factus
622 1710 695 1763 sit
728 1708 1000 1764 mundus?
1038 1709 1163 1763 llaec
1190 1710 1335 1764 enim
1379 1708 1640 1764 discenda
1682 1707 1996 1763 necessario

2112 506 2442 564 haberentur
2470 510 2665 566 ordine
2696 511 3037 567 meritorum.

2180 599 2422 658 XXXIX.
2452 601 2519 657 Et
2546 601 2735 657 Simon
2763 618 2776 653 :
2809 601 2987 657 Unum
3012 609 3098 657 est
3126 601 3191 657 de
3219 618 3328 673 quo
3356 604 3495 658 mihi
3523 605 3685 660 velim

2109 692 2389 758 satisﬁeri,
2418 695 2465 750 si
2498 695 2824 751 immortalis
2854 705 2939 750 est
2967 696 3185 763 anima;
3221 712 3328 750 non
3371 697 3522 751 enim
3559 714 3685 768 pos-

2110 800 2234 839 sum
2267 802 2410 843 onus
2457 788 2646 843 subire
2680 787 2933 858 justitiaa,
2967 789 3071 843 nisi
3105 788 3257 858 prius
3287 789 3356 844 de
3398 789 3685 844 immorta-

2107 878 2261 934 litate
2307 879 2502 934 animm
2532 881 2728 945 sciam,
2762 896 2883 950 quae
2914 880 3102 951 utique
3136 880 3182 936 si
3215 880 3545 937 immortalis
3574 900 3683 937 non

2105 976 2220 1035 est,
2253 986 2355 1025 nec
2384 971 2790 1041 praedicationis
2824 981 2927 1026 tute
2965 973 3165 1041 poterit
3205 978 3355 1028 stare
3383 973 3682 1042 professio.

2106 1059 2245 1116 Tum
2274 1061 2878 1130 PetruszQuaeramus,
2925 1064 3123 1134 inquit,
3170 1065 3347 1134 prius,
3398 1066 3445 1121 si
3497 1066 3687 1134 justus

2104 1161 2189 1209 est
2218 1152 2395 1222 Deus;
2427 1154 2575 1225 quod
2613 1155 2659 1211 si
2693 1156 2979 1217 claruerit,
3022 1156 3232 1226 integer
3266 1158 3518 1225 profecto
3550 1161 3685 1214 reli-

2102 1247 2283 1318 gionis
2318 1248 2457 1304 ordo
2492 1249 2790 1304 constabit.
2833 1247 2900 1302 Et
2936 1247 3165 1303 Simon:
3192 1247 3410 1304 Videris
3450 1252 3585 1304 mihi
3629 1265 3684 1305 ιιι

2101 1337 2195 1407 qui
2241 1346 2294 1392 te
2338 1338 2516 1407 jactas
2560 1338 2879 1408 disputandi
2946 1340 3197 1393 ordinem
3268 1356 3468 1405 nosse,
3534 1358 3685 1397 nunc

2100 1434 2294 1480 contra
2334 1428 2583 1482 ordinem
2630 1430 3014 1498 respondisse;
3068 1446 3153 1485 me
3181 1431 3327 1484 enim
3360 1442 3594 1501 rogante
3627 1442 3685 1488 ut

2098 1518 2398 1583 ostendas,
2432 1519 2480 1573 si
2532 1518 2858 1575 immortalis
2885 1529 2967 1575 est
3004 1523 3214 1587 anima,
3253 1531 3312 1577 tu
3357 1526 3463 1589 ais,
3503 1529 3686 1595 primo

2098 1621 2200 1663 nos
2237 1625 2481 1677 qumrere
2510 1620 2727 1680 oportet
2764 1613 2811 1667 si
2846 1614 3026 1682 justus
3067 1625 3152 1670 est
3180 1616 3342 1671 Deus.
3390 1618 3457 1671 Et
3484 1618 3683 1677 Petrus

2099 1700 2175 1753 ait
2202 1720 2214 1755 :
2245 1700 2416 1756 Valde
2446 1714 2845 1775 consequenter
2872 1715 2925 1761 et
2950 1714 3097 1761 recte
3137 1723 3197 1763 se
3220 1710 3407 1765 habet.
3448 1710 3677 1768 Simon:

408 1803 744 1866 viderentur,
778 1804 824 1857 si
853 1804 1032 1857 simile
1074 1801 1377 1857 ineundum
1412 1800 1574 1856 nobis
1626 1808 1772 1855 esset
1821 1799 1994 1852 artili-
2025 1772 2067 1828 Β
2100 1792 2275 1848 Velim
2306 1795 2540 1853 discere.

407 1894 577 1949 cium.
611 1894 765 1948 Nunc
812 1902 994 1949 autem
1029 1893 1227 1948 suliicit
1258 1895 1419 1949 nobis
1460 1894 1528 1948 ad
1576 1893 1785 1948 cultum
1810 1891 1904 1947 Dei
1935 1901 1994 1947 ιιι

406 1985 671 2048 sciamus,
699 1987 824 2056 quia
857 1986 974 2056 ipse
1016 1985 1146 2041 fecit
1174 1985 1475 2050 mundum;
1508 1984 1784 2054 quomodo
1811 1992 1991 2039 autem

408 2077 601 2133 fecerit
626 2078 978 2150 quaerendum
1010 2094 1119 2133 non
1146 2086 1253 2142 est,
1278 2078 1428 2147 quia,
1460 2085 1520 2130 ut
1540 2078 1676 2140 dixi,
1700 2093 1809 2131 non
1832 2077 1992 2132 nobis

408 2169 681 2234 imminet,
756 2181 1019 2242 tanquam
1071 2171 1249 2226 simile
1301 2170 1507 2240 aliquid
1558 2170 1808 2235 facturis,
1855 2172 1991 2225 artis

406 2260 581 2329 ipsius
616 2263 904 2317 scientiam
939 2261 1174 2317 discere.
1232 2261 1341 2316 Sed
1375 2278 1551 2332 neque
1582 2278 1679 2333 pro
1707 2263 1811 2317 hoc
1842 2264 1989 2333 judi-

402 2354 567 2407 candi
602 2368 814 2420 sumus,
848 2369 951 2409 cur
979 2370 1090 2409 non
1127 2355 1490 2410 didicerimus
1510 2356 1784 2425 quomodo
1812 2356 1988 2412 factus

404 2445 481 2499 sit
504 2446 761 2507 mundus,
788 2446 882 2501 sed
918 2462 1017 2515 pro
1042 2459 1109 2501 eo
1133 2454 1367 2511 tantum,
1400 2447 1447 2502 si
1499 2447 1813 2516 ignoremus
1840 2447 1989 2503 Con-

404 2537 637 2591 ditorem
686 2540 827 2607 ejus.
874 2538 1128 2593 Si-iemus
1176 2547 1361 2594 autem
1408 2538 1749 2595 conditorem
1799 2541 1987 2595 mundi

400 2629 611 2698 justum
643 2638 697 2683 et
741 2632 942 2685 bonum
991 2630 1184 2694 Deum,
1237 2632 1284 2687 si
1331 2646 1456 2687 eum
1507 2632 1719 2686 semitis
1760 2632 1989 2700 justitia:

402 2722 780 2792 requiramus.
842 2721 978 2777 Nam
1032 2722 1079 2777 si
1126 2722 1234 2777 hoc
1277 2732 1488 2777 tantum
1526 2722 1768 2779 sciamus
1806 2723 1876 2779 de
1919 2739 1987 2778 eo

398 2814 550 2883 quod
600 2815 775 2870 bonus
827 2822 944 2879 est,
983 2814 1298 2884 hujusmodi
1348 2815 1580 2869 scientia
1623 2830 1731 2870 non
1790 2814 1987 2870 sollicit

399 2906 470 2960 ad
511 2907 761 2961 salutem.
813 2904 871 2960 In
923 2907 1179 2977 praesenti
1224 2907 1369 2961 enim
1416 2913 1682 2976 tempore,
1742 2906 1986 2963 bonitate

396 3003 522 3069 ejus
546 3009 599 3054 et
628 3000 907 3055 beneficiis
936 2998 1297 3069 perfruuntur
1325 3013 1434 3051 non
1478 2999 1653 3053 solum
1672 2996 1848 3068 digiti,
1888 2999 1983 3054 sed

2168 1883 2278 1939 XL.
2320 1884 2515 1942 Petrus
2561 1903 2574 1938 :
2613 1887 2778 1953 Audi,
2832 1889 3031 1960 inquit,
3082 1893 3333 1946 nonnulli
3383 1894 3677 1951 hominum

2094 1978 2538 2047 blasphemantes
2560 1978 2730 2034 Deum
2754 1990 2807 2036 et
2833 1997 3050 2037 omnem
3081 1985 3248 2038 vitam
3289 2000 3450 2039 suam
3494 1990 3551 2042 in
3590 1990 3678 2043 in-

2088 2070 2305 2139 justitia
2343 2078 2397 2126 et
2425 2071 2704 2141 voluptate
2744 2073 3027 2139 ducentes,
3061 2075 3117 2128 in
3160 2075 3375 2131 lectulis
3424 2079 3545 2132 suis
3575 2080 3675 2133 de-

2095 2161 2266 2215 functi
2314 2173 2477 2227 sunt,
2532 2165 2816 2218 consecuti
2868 2168 3030 2219 linem
3084 2164 3208 2219 vita:
3252 2166 3395 2222 inter
3437 2183 3575 2223 suos
3620 2178 3677 2225 et

2093 2252 2469 2309 honorabilem
2511 2256 2847 2323 sepulturam
2877 2273 2891 2322 ;
2933 2256 3024 2309 alii
3059 2272 3188 2311 vero
3215 2255 3383 2311 Deum
3425 2260 3674 2314 colentes

2090 2353 2298 2400 etcum
2336 2347 2486 2402 omni
2523 2347 2740 2418 justitia
2783 2356 2837 2404 et
2879 2349 3176 2405 sobrietate
3203 2350 3371 2404 vitam
3410 2366 3573 2406 suam
3618 2355 3672 2407 in

2089 2438 2429 2506 parcimonia
2476 2448 2900 2505 conservantes,
2934 2457 3034 2510 pro
3060 2441 3288 2511 justitia:
3317 2444 3674 2499 observantia

2090 2532 2146 2587 in
2177 2533 2413 2589 desertis
2458 2533 2738 2598 interiere,
2788 2535 2859 2588 ita
2905 2543 2965 2588 ut
3010 2551 3079 2591 ne
3123 2537 3403 2605 scpultura
3443 2539 3673 2608 quidem

2090 2624 2424 2679 haberentur
2488 2625 2662 2696 digni.
2719 2624 2821 2680 Ubi
2871 2635 2956 2682 est
3013 2643 3144 2698 ergo
3187 2628 3402 2698 justitia
3463 2630 3581 2691 Dei,
3624 2634 3671 2686 si

2088 2717 2272 2770 anima
2320 2717 2649 2774 immortalis
2677 2734 2786 2772 non
2812 2728 2916 2784 est,
2948 2734 3070 2789 qua:
3108 2720 3193 2774 vel
3222 2720 3267 2774 si
3300 2721 3470 2790 impie
3497 2726 3673 2792 egerit

2086 2825 2279 2880 pmnas
2310 2810 2365 2864 in
2395 2811 2601 2877 futuro,
2633 2812 2717 2864 vel
2749 2812 2795 2866 si
2829 2812 2913 2879 pie
2942 2819 2997 2865 et
3020 2812 3169 2881 juste
3198 2814 3420 2881 pramia
3471 2830 3670 2868 conss»

2086 2902 2329 2971 quatur?
2370 2900 2435 2956 Et
2470 2900 2661 2957 Simon
2701 2902 2778 2955 ait
2818 2920 2832 2956 :
2872 2901 2985 2958 Hoc
3032 2904 3222 2973 utique
3265 2913 3351 2958 est
3376 2904 3526 2973 quod
3564 2922 3671 2960 nos

2086 2998 2405 3055 incredulos
2461 2998 2633 3063 facit,
2676 3002 2805 3070 quia
2850 3001 3008 3055 multi
3054 3002 3193 3056 bene
3250 3010 3479 3071 agentes
3526 3008 3672 3057 male

394 3092 565 3145 etiam
616 3092 845 3162 indigni.
898 3091 959 3145 Si
1005 3104 1137 3145 vero
1184 3106 1293 3144 non
1344 3098 1556 3143 tantum
1609 3090 1835 3157 bonum,
1886 3091 2053 3173 sedc
2087 3099 2345 3160 pereunt,
2395 3098 2449 3146 et
2496 3107 2713 3146 rursum
2791 3092 2946 3145 multi
3008 3092 3173 3162 impie
3236 3102 3465 3162 agentes
3520 3096 3670 3165 longi

393 3184 564 3236 etiam
592 3183 801 3253 jnstnm
833 3199 957 3240 eum
980 3183 1296 3243 credamus,
1316 3190 1371 3236 et
1393 3182 1693 3237 secundum
1717 3184 1821 3238 hoc
1840 3183 1986 3252 quod

395 3274 466 3328 de
498 3274 609 3329 Deo
644 3274 960 3339 credimus,
1008 3275 1065 3329 in
1110 3274 1261 3329 omni
1310 3274 1423 3327 vita
1490 3287 1676 3329 nostra
1718 3275 1987 3345 justitiam

394 3373 704 3432 teneamus,
739 3370 905 3423 etiam
928 3367 1173 3423 bonitate
1194 3367 1316 3437 ejus
1344 3367 1397 3420 in
1427 3374 1693 3421 aeternum
1718 3367 1983 3424 fruemur.

396 3456 643 3527 Denique
702 3457 946 3515 Hebraeis
1001 3460 1095 3529 qui
1158 3460 1227 3515 de
1274 3460 1384 3514 Deo
1456 3462 1531 3514 ita
1582 3460 1982 3529 opinabantur,

389 3549 542 3618 qnod
576 3551 753 3605 solum
787 3552 963 3607 bonus
1008 3560 1187 3615 esset,
1222 3552 1437 3607 dicebat
1468 3551 1725 3622 Magister
1775 3558 1983 3620 noster,

394 3651 458 3694 ut
480 3650 533 3695 et
577 3642 848 3711 justitiam
880 3644 1000 3711 ejus
1045 3652 1353 3712 quaererent
1396 3645 1462 3709 “,
1514 3645 1618 3699 hoc
1643 3652 1750 3709 est,
1782 3654 1843 3697 ιιι
1874 3643 1985 3698 sci-

398 3740 521 3785 rent
560 3748 685 3787 eum
723 3735 980 3802 praesenti
1025 3736 1245 3805 quidem
1286 3746 1530 3805 tempore
1581 3736 1785 3791 bonum
1832 3750 1979 3797 esse,

394 3833 460 3876 ut
486 3838 675 3880 omnes
705 3826 760 3878 in
791 3826 1035 3881 bonitate
1071 3827 1191 3896 ejus
1218 3826 1426 3891 vivant,
1453 3827 1667 3897 justum
1694 3842 1825 3882 vero
1855 3841 1979 3881 eum

400 3917 645 3970 futurum
692 3917 746 3970 in
780 3917 870 3972 die
910 3918 1131 3987 judicii,
1178 3927 1239 3972 nt
1280 3918 1462 3989 dignis
1510 3918 1732 3990 praemia
1777 3925 1980 3974 a-terna

396 4010 675 4072 restituat,
709 4025 738 4063 a
764 4010 967 4081 quibus
996 4012 1250 4067 excludet
1289 4014 1567 4084 indignos.

471 4100 758 4157 XXXVIII.
801 4102 867 4156 Et
899 4101 1126 4158 Simon:
1159 4104 1446 4170 Quomodo
1477 4114 1655 4175 potest
1695 4121 1863 4161 unum
1896 4113 1980 4160 at-

395 4210 505 4264 que
552 4193 721 4260 idem,
752 4202 809 4249 et
839 4195 1042 4249 bonum
1088 4212 1212 4252 esse
1259 4205 1313 4251 et
1351 4197 1599 4266 justum?
1625 4197 1822 4255 Petrus
1862 4199 1973 4254 ait:

390 4286 537 4353 Quia
582 4287 704 4342 sine
742 4287 983 4357 justitia,
1017 4289 1223 4343 bonum
1270 4290 1537 4360 injustum
1576 4291 1977 4361 quodammodo

2092 3182 2355 3249 temporis
2382 3181 2548 3234 vitam
2589 3196 2713 3236 cum
2743 3183 3082 3238 beatitudine
3114 3184 3335 3241 finiunt.

2166 3273 2301 3329 XLI.
2341 3274 2407 3327 Et
2448 3272 2689 3330 Petrus:
2737 3274 2852 3331 IIoc
2901 3276 3116 3346 ipsum,
3156 3278 3371 3349 inquit,
3415 3282 3569 3351 quod
3618 3293 3675 3337 te

2088 3364 2155 3416 ad
2188 3365 2626 3419 incredulitatem
2667 3365 2853 3427 trahit,
2884 3367 3043 3422 nobis
3073 3376 3277 3423 certam
3312 3370 3477 3425 fidem
3513 3371 3670 3439 facit,

2086 3456 2214 3523 quia
2251 3454 2521 3523 judicium
2555 3456 2678 3508 erit.
2724 3454 2939 3510 Etenim
2989 3473 3113 3512 cum
3150 3468 3360 3513 certum
3392 3463 3471 3515 sit
3498 3461 3670 3517 Deum

2081 3548 2293 3617 justum
2324 3563 2466 3611 esse,
2502 3548 2875 3602 necessarium
2912 3558 2965 3603 et
2995 3565 3342 3621 consequens
3396 3563 3487 3607 est
3519 3558 3668 3609 aliud

2084 3657 2208 3697 esse
2236 3641 2519 3704 saeculum,
2552 3641 2607 3693 in
2633 3656 2740 3709 quo
2776 3642 3156 3712 unusquisque
3188 3660 3285 3713 pro
3325 3647 3546 3701 meritis
3581 3664 3667 3703 re

2083 3734 2291 3803 cipiens
2331 3734 2600 3804 justitiam
2629 3732 2720 3788 Dei
2756 3735 2965 3803 probet.
3020 3734 3176 3800 Quod
3207 3736 3255 3791 si
3288 3752 3441 3791 nunc
3472 3754 3669 3794 omnes

2084 3825 2335 3881 homines
2364 3841 2466 3896 pro
2500 3825 2708 3881 meritis
2748 3826 2865 3879 suis
2894 3827 3219 3896 reciperent,
3248 3844 3375 3883 vere
3418 3846 3525 3885 nos
3556 3831 3665 3885 fai-

2082 3918 2195 3973 lere
2222 3918 2544 3973 videbamur
2585 3917 2835 3972 dicentes
2891 3916 3137 3971 futurum
3185 3935 3307 3975 esse
3361 3920 3662 3989 judicium,

2078 4018 2135 4066 et
2162 4010 2285 4065 ideo
2313 4010 2417 4065 hoc
2445 4010 2624 4079 ipsum
2664 4006 2809 4080 quod
2853 4008 2908 4061 in
2939 4009 3192 4077 praesenti
3233 4010 3344 4062 vita
3386 4027 3500 4065 non
3539 4014 3665 4068 red-

2079 4104 2225 4158 ditur
2256 4102 2557 4172 unicuique
2587 4117 2686 4171 pro
2715 4100 2929 4155 actibus
2961 4102 3099 4163 suis,
3131 4100 3286 4155 fidem
3320 4101 3665 4156 indubitabi-

2080 4196 2185 4250 lem
2229 4193 2360 4248 facit
2397 4193 2699 4248 scientibus
2732 4192 2901 4246 Deum
2932 4207 3053 4246 esse
3075 4192 3308 4261 justum,
3336 4194 3468 4263 quia
3508 4196 3663 4264 judi-

2078 4288 2223 4341 cium
2255 4285 2382 4340 erit.
2426 4283 2490 4337 Et
2524 4283 2711 4338 Simon
2743 4303 2756 4338 :
2794 4283 2908 4337 Cur
2937 4299 3064 4354 ergo
3109 4283 3241 4337 mihi
3273 4301 3384 4338 non
3426 4302 3662 4357 persua-

393 4378 709 4446 videhitur;
746 4377 877 4433 boni
907 4386 994 4434 est
1028 4379 1199 4444 enim,
1236 4381 1410 4435 solem
1454 4394 1614 4434 suum
1655 4388 1708 4436 et
1738 4382 1975 4450 pluviam
2076 4378 2276 4433 detur?
2301 4375 2536 4432 Petrus:
2567 4374 2705 4442 Quia
2732 4390 2923 4430 verum
2955 4376 3275 4445 prOphetam
3310 4392 3423 4431 non
3458 4380 3664 4434 audisti

388 4485 463 4521 ex
494 4483 651 4539 atquo
673 4468 842 4538 justis
868 4478 925 4525 et
953 4469 1179 4539 injustis
1210 4472 1453 4541 praebere
1475 4472 1542 4534 ",
1570 4470 1666 4527 sed
1694 4471 1801 4526 hoc
1823 4473 1973 4527 vide-
2007 4456 2049 4511 Ι)
2081 4470 2355 4524 dicentem
2390 4483 2403 4518 :
2454 4466 2688 4533 Quwrite
2740 4467 2912 4536 primo
2951 4466 3224 4535 justitiam
3278 4468 3418 4535 ejus,
3463 4479 3516 4522 et
3553 4470 3665 4523 hax

396 4569 551 4617 retur
590 4561 880 4632 injustum,
913 4562 959 4617 si
986 4563 1163 4618 bonos
1208 4563 1493 4634 malosque
1533 4565 1729 4634 aequali
1760 4579 1974 4634 semper

394 4665 547 4708 sorte
586 4663 857 4719 censeret,
907 4663 961 4708 et
1003 4655 1111 4709 nisi
1151 4654 1369 4725 frugum
1407 4670 1574 4709 causa
1606 4655 1711 4709 hoc
1744 4654 1971 4718 faceret,

390 4746 601 4815 quibus
629 4746 839 4817 perfrui
868 4748 1151 4817 aequaliter
1180 4764 1373 4803 omnes
1416 4748 1510 4817 qui
1545 4749 1599 4801 in
1632 4748 1735 4802 hoc
1769 4748 1974 4802 mundo

395 4838 510 4891 nati
543 4848 699 4904 sunt,
732 4840 1069 4895 conveniret.
1126 4839 1233 4894 Sed
1264 4840 1408 4894 sicut
1436 4840 1563 4893 data
1598 4854 1629 4893 a
1655 4838 1765 4893 Deo
1792 4839 1973 4908 pluvia

388 4944 462 4983 ex
502 4945 658 4999 aequo
695 4940 749 4985 et
788 4930 973 5000 fruges
1018 4930 1193 4985 nutrit
1221 4938 1276 4985 et
1306 4931 1518 4995 lolium,
1562 4931 1760 4987 messis
1790 4938 1972 4986 autem

394 5029 641 5091 tempore
685 5022 958 5076 frumenta
1006 5025 1225 5093 quidem
1284 5031 1690 5094 congregantur
1741 5023 1795 5076 in
1845 5024 1975 5079 hor-

396 5128 573 5177 reum,
605 5113 775 5184 palea:
802 5130 934 5169 vero
958 5117 1042 5170 vel
1085 5116 1273 5170 lolium
1320 5115 1433 5185 igni
1473 5122 1876 5169 consumuntur
1896 5115 1970 5169 “:

398 5209 472 5261 ita
511 5208 568 5261 in
602 5208 693 5263 die
727 5208 925 5277 judicii
980 5224 1105 5262 cum
1153 5208 1289 5278 justi
1330 5208 1753 5263 introducentnr
1794 5209 1848 5261 in
1887 5222 1974 5261 re-

394 5318 562 5373 gnum
598 5300 715 5366 Dei,
770 5303 959 5372 injusti
1006 5310 1187 5357 autem
1236 5302 1568 5373 abjicientur
1616 5301 1799 5363 foras,
1845 5309 1976 5354 tunc

386 5393 559 5445 etiam
586 5391 803 5460 justitia
828 5391 1296 5447 Dei'ostendetur.
1349 5391 1484 5446 Nam
1516 5393 1563 5447 si
1597 5392 1823 5462 aqualis
1853 5406 1977 5461 per-

390 5490 641 5535 maneret
681 5485 947 5552 perpetuo
975 5483 1133 5537 malis
1162 5490 1217 5537 et
1245 5480 1437 5544 bonis,
1465 5481 1577 5550 jam
1610 5481 1712 5535 hoc
1741 5497 1851 5534 non
1879 5496 1974 5535 so-

389 5575 506 5631 lum
540 5575 744 5629 bonum
778 5585 888 5631 n0n
927 5584 1101 5643 esset,
1131 5576 1228 5630 sed
1256 5583 1311 5630 et
1341 5575 1608 5645 injustum
1657 5582 1825 5643 atque
1864 5575 1971 5629 ini-

492 5760 546 5791 ⁷⁸⁶
584 5759 777 5816 Matth.
810 5777 882 5826 vt,
910 5760 1000 5814 35.
1078 5760 1121 5791 ¹¹⁷
1148 5757 1341 5813 Matth.
1374 5774 1425 5825 v,
1463 5758 1551 5812 45.

2082 4562 2263 4615 omnia
2302 4570 2631 4630 opponentur
2672 4559 2815 4613 vobis
2837 4560 2903 4612 θ’.
2938 4557 3003 4611 Et
3034 4558 3261 4612 Simon:
3296 4559 3547 4631 Induige,
3580 4561 3667 4615 in-

2077 4652 2216 4720 quit,
2259 4650 2392 4704 mibi
2432 4649 2636 4704 nolenti
2680 4649 2858 4720 primo
2892 4648 3163 4719 justitiam
3205 4664 3476 4719 quaerere,
3509 4661 3666 4706 ante-

2077 4759 2241 4811 qnam
2281 4744 2451 4798 sciam
2496 4743 2541 4797 si
2581 4742 2908 4801 immortalis
2951 4741 3023 4795 sit
3071 4741 3274 4795 anima.
3336 4740 3401 4795 Et
3430 4741 3660 4799 Petrus:

2077 4834 2143 4887 Et
2167 4845 2223 4889 tu
2255 4834 2389 4889 mihi
2422 4832 2525 4889 hoc
2554 4849 2721 4888 unum
2756 4833 2997 4902 indulge,
3026 4833 3153 4902 quia
3183 4848 3292 4886 non
3318 4848 3550 4903 possum
3586 4836 3667 4889 fa-

2074 4939 2203 4981 cere
2252 4926 2413 4979 aliter
2448 4939 2613 4995 quam
2662 4938 2749 4977 me
2801 4922 3064 4992 propheta
3119 4921 3366 4976 veritatis
3414 4924 3662 4979 edocuit.

2079 5017 2219 5073 'l‘um
2251 5016 2481 5072 Simon:
2519 5016 2744 5071 Certum
2775 5023 2882 5079 est,
2916 5014 3115 5084 inquit,
3147 5030 3257 5067 non
3288 5029 3457 5083 posse
3485 5024 3540 5070 te
3570 5033 3666 5070 as-

2080 5125 2263 5166 serere
2291 5109 2437 5180 quod
2468 5108 2792 5163 immortalis
2828 5107 2898 5161 sit
2928 5106 3130 5169 anima,
3162 5112 3217 5158 et
3250 5106 3322 5158 ob
3355 5106 3462 5159 hoc
3493 5107 3665 5161 cavil-

2080 5204 2237 5269 laris,
2282 5203 2466 5259 sciens
2508 5200 2638 5271 quia
2667 5200 2714 5254 si
2748 5199 2999 5253 mortalis
3056 5199 3341 5267 probetur,
3383 5196 3664 5251 radicitus

2075 5295 2417 5351 convellatur
2456 5293 2740 5364 religionis
2769 5291 2933 5347 istius
2960 5304 3123 5359 quam
3153 5288 3378 5343 conaris
3407 5300 3665 5343 asserere

2077 5396 2190 5442 tota
2230 5385 2539 5457 professio;
2587 5393 2645 5439 et
2690 5383 2814 5437 ideo
2862 5382 3025 5437 laudo
3055 5380 3271 5450 quidem
3305 5380 3660 5449 prudentiam

2077 5487 2249 5542 tuam,
2306 5492 2413 5531 non
2468 5483 2654 5529 tamen
2708 5473 2881 5544 probo
2942 5471 3398 5543 persuasionem;
3467 5469 3661 5522 multis

2077 5571 2224 5627 enim
2266 5566 2566 5640 persuades
2608 5566 2896 5637 suscipere
2942 5561 3262 5635 religionem
3309 5567 3368 5616 ει
3405 5558 3658 5616 libidinis

1630 5756 1675 5787 ³⁸
1703 5752 1892 5809 Matth.
1933 5768 2011 5820 ιιι,
2042 5752 2128 5807 l2.
2205 5750 2249 5781 9’
2276 5749 2468 5806 Matth.
2498 5765 2573 5813 vt,
2596 5747 2687 5803 33.
