3890 6192
294 311 432 369 1501

289 519 495 588 quibus
534 518 735 580 evenit.
777 527 838 572 ut
874 531 1052 588 neque
1095 514 1458 586 praesentibus
1508 512 1867 585 perfruantur

284 618 346 666 et
377 609 722 680 decipiantur
756 609 976 667 futuris.
1020 607 1193 665 Simul
1234 611 1378 665 enim
1411 616 1471 665 ut
1497 610 1698 665 mortui
1745 608 1866 666 fue-

288 701 430 762 rint.
466 701 628 754 etiam
663 701 843 754 anima
874 701 1078 771 pariter
1103 701 1506 771 exstinguetur.

361 791 523 847 XLII.
570 791 767 849 Petrus
809 809 941 848 vero
984 794 1099 850 haec
1141 793 1390 859 audiens,
1420 794 1678 851 dentibus
1717 793 1867 849 fren-

287 883 427 940 dens
450 882 795 953 frontemque
822 891 1063 939 atterens
1094 899 1280 948 manu,
1310 891 1364 938 ct
1388 884 1657 955 profundo
1678 885 1873 940 dolore

286 976 577 1046 suspirans
622 976 696 1028 ait
734 994 746 1030 :
780 974 994 1030 Astutia
1046 977 1314 1046 serpentis
1344 977 1552 1047 antiqui
1589 977 1657 1032 ad
1687 975 1866 1030 homi-

287 1084 421 1121 num
452 1067 802 1137 decipiendas
843 1066 1055 1122 animas
1100 1075 1345 1122 armatus
1388 1068 1628 1131 assistis,
1658 1078 1713 1123 et
1742 1067 1865 1122 ideo

289 1166 350 1212 ut
399 1173 627 1228 serpens
688 1157 990 1227 sapientior
1041 1158 1255 1212 exteris
1311 1158 1524 1223 bestiis,
1581 1159 1650 1213 ab
1706 1158 1865 1212 initio

284 1251 568 1305 doctorem
608 1259 661 1305 te
692 1266 814 1306 esse
851 1250 1134 1321 professus
1164 1266 1246 1307 es.
1296 1250 1363 1304 Et
1403 1266 1619 1319 rursus,
1661 1258 1720 1305 ut
1746 1266 1864 1306 ser-

286 1358 425 1411 pens
468 1342 667 1397 multos
710 1342 1059 1398 introducere
1102 1342 1234 1397 deos
1273 1344 1517 1408 volebas,
1554 1358 1719 1415 super
1756 1358 1864 1412 quo

279 1434 607 1490 confutatus
632 1435 841 1489 nullum
872 1436 1098 1490 omnino
1122 1451 1266 1490 nunc
1290 1451 1415 1491 esse
1445 1438 1646 1491 asseris
1672 1435 1860 1490 Deum.

283 1522 424 1577 Nam
464 1540 561 1594 per
588 1525 933 1579 occasionem
964 1526 1151 1580 nescio
1176 1525 1338 1596 cujus
1379 1525 1547 1597 ignoti
1579 1524 1694 1590 Dei,
1728 1539 1865 1579 con-

280 1613 521 1668 ditorem
563 1615 753 1669 mundi
786 1614 953 1669 Deum
988 1617 1216 1687 negasti,
1253 1616 1348 1671 sed
1383 1632 1507 1671 eum
1539 1616 1625 1671 vel
1660 1618 1861 1670 malum

283 1721 435 1768 esse,
468 1705 553 1759 vel
592 1706 792 1762 multos
823 1706 1025 1762 habere
1063 1707 1168 1763 sibi
1204 1708 1462 1778 aequales,
1491 1708 1577 1762 vel
1613 1708 1859 1772 omnino,

1485 304 2049 361 RECOGNITIONUM
2089 304 2221 363 LIB.
2260 303 2344 361 ΙΙΙ.

290 425 482 481 subire
511 422 935 487 continentiam,
967 423 1071 480 sub
1098 438 1193 494 spe
1225 422 1533 478 futurorum
1574 423 1864 483 bonorum,
1896 439 1944 496 Α
2042 420 2229 476 XLIV.
2281 420 2347 475 Et
2393 420 2589 477 Petrus
2634 436 2648 474 :

3415 307 3555 364 1302

2698 421 2886 476 Dicam
2933 422 3009 475 ita
3069 430 3129 476 ut
3183 432 3294 492 pne
3340 425 3555 481 emteris

1969 514 2227 571 omnibus
2253 514 2349 568 tibi
2381 513 2557 585 magis
2585 513 2866 583 probetur.
2905 510 3196 582 Responde
3232 529 3363 585 ergo
3392 516 3552 582 mihi,

1966 606 2097 677 quid
2136 612 2221 663 est
2260 604 2408 675 quod
2457 604 2801 659 incredulum
2847 604 3019 674 magis
3072 605 3303 660 suadere
3351 614 3551 676 potest,

1965 698 2117 753 visus
2164 712 2235 751 an
2276 696 2537 752 auditus?
2571 695 2639 750 Et
2667 693 2855 751 Simon
2884 714 2898 752 :
2932 695 3117 752 Visus.
3149 695 3289 751 Tum
3313 695 3510 753 Petrus
3532 737 3547 751 .

1965 787 2254 856 Quomodo
2290 802 2421 859 ergo
2467 802 2500 842 a
2542 803 2631 844 me
2671 787 2756 843 vis
2783 786 2998 843 discere
3040 788 3230 853 verbo,
3262 789 3409 860 quod
3452 790 3549 844 tibi

1964 897 2025 936 re
2050 882 2167 952 ipsa
2195 881 2460 950 probatur
2489 888 2543 935 et
2565 880 2724 936 visu?
2752 878 2817 934 Et
2846 879 3034 935 Simon
3060 900 3075 935 :
3101 880 3322 947 Nescio,
3352 881 3549 952 inquit,

1966 970 2247 1043 quomodo
2273 973 2449 1027 dicas.
2499 971 2566 1025 Et
2597 971 2792 1027 Petrus
2821 985 2837 1022 :
2869 970 2926 1023 Si
2958 972 3163 1037 nescis,
3196 988 3360 1042 perge
3403 989 3552 1027 nunc

1966 1063 2022 1116 in
2052 1063 2275 1119 domum
2324 1071 2505 1128 tuam,
2547 1071 2602 1120 et
2632 1066 2914 1135 ingressus
2957 1064 3189 1121 interius
3234 1065 3548 1120 cubiculum

1964 1156 2178 1214 videbis
2224 1157 2517 1228 imaginem
2554 1156 2809 1227 positam,
2844 1160 3214 1212 continentem
3247 1160 3404 1228 pueri
3433 1160 3551 1214 vio-

1963 1251 2141 1307 lenter
2181 1251 2360 1307 necati
2408 1249 2640 1321 eﬂigiem
2684 1265 2926 1320 purpura
2978 1259 3315 1321 coopertam,
3368 1254 3548 1323 ipsum

1964 1342 2274 1413 interroga,
2320 1352 2374 1397 et
2414 1341 2634 1397 docebit
2677 1351 2729 1396 te
2764 1342 2848 1396 vel
2890 1343 3251 1412 responsione
3291 1344 3373 1398 vel
3403 1345 3544 1400 visu.

1963 1431 2105 1499 Quid
2142 1435 2288 1488 enirn
2330 1449 2470 1504 opus
2507 1441 2592 1490 est
2635 1432 2828 1488 audire
2862 1434 2931 1488 ab
2955 1448 3021 1489 eo
3049 1434 3097 1488 si
3126 1434 3448 1491 immortalis
3476 1437 3550 1492 sit

1963 1525 2162 1589 anima,
2188 1540 2312 1580 cum
2342 1534 2525 1581 astare
2553 1540 2673 1582 eam
2698 1523 2887 1579 videas
2912 1526 3274 1596 pra‘sentcm?
3313 1524 3372 1580 Si
3400 1528 3545 1582 enim

1963 1630 2074 1670 non
2118 1623 2285 1680 esset,
2327 1631 2431 1672 nec
2464 1615 2640 1672 videri
2680 1618 2867 1686 utique
2898 1623 3133 1685 poterat.
3176 1615 3332 1681 Quod
3371 1617 3417 1672 si
3450 1634 3548 1671 ne-

1964 1708 2074 1763 seis
2100 1722 2263 1778 quam
2289 1708 2415 1763 dico
2445 1707 2759 1778 imaginem,
2794 1707 2921 1761 hinc
2956 1722 2987 1762 e
3014 1708 3246 1778 vestigio
3269 1723 3392 1762 cum
3422 1709 3547 1764 aliis

285 1807 349 1850 ut
373 1797 633 1862 diximus,
669 1814 779 1853 non
814 1814 936 1855 esse
967 1799 1134 1853 Deum
1162 1799 1550 1854 confirmabas.
1588 1797 1719 1854 Post
1747 1798 1860 1853 haec
1894 1812 1932 1867 Β
1962 1801 2148 1855 decem
2187 1799 2343 1861 viris,
2376 1814 2445 1855 ex
2486 1798 2573 1855 his
2602 1798 2697 1869 qui
2734 1807 3032 1870 pmsentes
3070 1809 3220 1864 sunt,
3251 1815 3441 1855 eamus
3475 1801 3544 1856 ad

278 1904 411 1941 cum
439 1889 602 1943 etiam
635 1888 689 1943 in
722 1890 825 1943 hoc
861 1898 1154 1959 superatus
1198 1889 1418 1954 fuisses,
1450 1891 1687 1944 animam
1715 1906 1862 1944 nunc

278 1996 573 2035 assewras
620 1996 742 2036 esse
788 1982 1104 2047 mortalem,
1150 1982 1230 2036 uti
1279 1996 1347 2036 ne
1396 1981 1708 2035 futurorum
1766 1996 1863 2051 spe

279 2081 436 2126 recte
465 2072 724 2142 justeque
755 2074 987 2127 vivatur.
1021 2073 1156 2127 Nam
1192 2075 1383 2144 utique
1420 2074 1467 2129 si
1500 2073 1863 2144 desperantur

284 2163 503 2229 futura,
531 2165 723 2234 quidni
752 2164 797 2220 si
829 2165 1146 2220 abscidatur
1188 2165 1587 2227 misericordia,
1635 2166 1862 2221 luxuria:

282 2254 638 2323 indulgeatur
686 2262 739 2309 et
791 2256 1207 2326 voluptatibus,
1270 2272 1335 2311 ex
1392 2256 1592 2326 quibus
1645 2272 1860 2313 omnem

274 2362 617 2417 consurgere
659 2346 985 2416 injustitiam
1012 2348 1271 2403 constat?
1292 2347 1359 2402 Et
1396 2362 1522 2402 eum
1554 2355 1720 2403 tanta:
1758 2348 1863 2402 im-

280 2441 504 2507 pietatis
529 2440 835 2494 doctrinam
871 2441 1084 2496 miserat:
1120 2442 1247 2496 huic
1296 2442 1613 2499 introducas
1655 2453 1861 2497 morta-

276 2532 418 2584 lium
456 2531 596 2594 vita},
627 2539 682 2585 te
717 2533 893 2602 ipsum
922 2533 1094 2603 pium,
1121 2549 1207 2587 me
1237 2533 1462 2603 impium
1490 2550 1673 2595 vocas,
1701 2535 1861 2605 quasi

279 2623 381 2692 qui
410 2622 656 2676 homines
694 2638 800 2675 non
836 2622 1010 2676 sinam
1047 2622 1149 2676 sub
1182 2637 1279 2692 spe
1315 2623 1620 2676 futurorum
1687 2623 1860 2676 bono-

280 2732 409 2771 rum
439 2731 589 2768 arma
616 2716 894 2785 corripere
920 2722 973 2770 et
1004 2719 1325 2786 impugnare
1348 2731 1407 2771 se
1438 2715 1693 2778 invicem,
1726 2715 1861 2769 diri-

277 2824 417 2878 pere
456 2822 519 2862 ac
551 2808 870 2862 subvertere
912 2808 1165 2862 universa
1204 2814 1257 2861 et
1294 2808 1474 2862 moliri
1518 2809 1699 2861 omnia
1738 2823 1861 2878 quae

279 2899 457 2954 libido
484 2899 789 2953 dictaverit.
845 2897 910 2953 Et
933 2899 1057 2968 quis
1087 2899 1193 2953 erit
1224 2899 1344 2953 ista:
1381 2898 1508 2952 vita:
1536 2906 1731 2962 status,
1763 2898 1859 2970 qui

276 3007 314 3045 a
358 2998 411 3046 te
460 2992 849 3057 introducitur,
896 2998 956 3045 ut
1002 2999 1242 3061 pugnent
1292 2990 1542 3045 homines
1579 3000 1634 3045 et
1684 2989 1859 3059 impu-

272 3092 539 3155 gnentur,
567 3090 625 3138 ut
657 3085 965 3138 irascantur
989 3090 1045 3139 et
1067 3085 1450 3153 perturbentur
1479 3090 1532 3137 et
1560 3096 1775 3150 semper
1803 3080 1856 3134 in

276 3184 432 3229 metu
461 3175 685 3228 vivant?
712 3174 948 3231 Necesse
983 3183 1068 3230 est
1106 3175 1251 3229 cnim
1283 3190 1380 3229 eos
1408 3173 1502 3243 qui
1551 3173 1675 3226 aliis
1717 3169 1858 3225 infe-

276 3274 416 3321 runt
452 3268 590 3321 mala
622 3266 787 3321 etiam
831 3267 981 3336 ipsos
1012 3281 1233 3335 sperare
1265 3266 1488 3321 similia.
1533 3262 1774 3317 Videsne
1806 3271 1858 3317 te

273 3359 479 3413 ducem
528 3360 958 3429 perturbationis
1003 3366 1056 3415 et
1099 3375 1208 3413 non
1248 3359 1423 3429 pacis,
1459 3357 1766 3427 iniquitatis
1804 3362 1857 3409 et

276 3469 396 3508 non
432 3454 706 3524 aequitatis
740 3453 1015 3509 existere?
1043 3451 1244 3508 Verum
1270 3467 1391 3522 ego,
1426 3465 1533 3504 non
1572 3449 1729 3519 quasi
1761 3448 1855 3519 qui

278 3548 575 3601 ostendere
620 3561 729 3601 non
771 3546 978 3615 possim
1028 3545 1389 3599 immortalem
1428 3557 1553 3598 esse
1594 3543 1854 3607 animam,

278 3639 538 3696 simulavi
584 3639 948 3705 iracundiam,
996 3638 1092 3693 sed
1135 3638 1396 3692 misereor
1444 3637 1730 3691 animabus
1758 3636 1857 3689 ho-

276 3734 513 3793 minum,
544 3747 683 3801 quas
711 3737 769 3784 tu
799 3729 1050 3800 decipere
1079 3730 1320 3785 conaris.
1357 3727 1541 3783 Dicam
1577 3743 1729 3800 ergo,
1760 3728 1853 3783 sed

278 3842 392 3880 non
431 3827 585 3894 quasi
627 3830 680 3877 te
717 3830 975 3892 cogente;
1013 3822 1130 3876 seio
1170 3822 1315 3875 enim
1348 3820 1623 3890 quomodo
1649 3820 1853 3883 dicam,

270 3925 333 3969 ct
363 3915 514 3970 solus
543 3914 653 3968 eris
681 3913 771 3982 qui
813 3913 879 3967 de
911 3912 1013 3966 hoc
1042 3926 1151 3965 non
1185 3918 1295 3965 tam
1328 3911 1685 3981 persuasione
1714 3910 1858 3965 iudi—

275 4024 433 4080 geas,
474 4022 637 4077 quam
699 4004 1162 4069 commonitione;
1215 4020 1312 4059 eos
1358 4013 1537 4059 autem
1585 4004 1689 4059 hoc
1763 4003 1857 4073 qui

274 4115 407 4157 vere
438 4100 710 4169 ignorant,
743 4096 949 4150 docebo
978 4103 1035 4149 ut
1056 4096 1328 4150 convenit.

348 4189 533 4246 ILlll.
576 4189 714 4244 Tum
749 4187 938 4243 Simon
966 4207 978 4242 :
1006 4186 1062 4241 Si
1094 4187 1372 4251 irasceris,
1401 4186 1598 4257 inquit,
1627 4202 1736 4241 non
1767 4184 1855 4239 in-

274 4286 571 4357 terrogabo
600 4300 704 4341 nec
734 4283 924 4337 audire
950 4283 1094 4337 volo.
1128 4281 1194 4334 Et
1214 4280 1408 4338 Petrus
1432 4298 1447 4335 :
1473 4280 1554 4334 Tu
1587 4278 1854 4349 siquidem

275 4397 431 4436 nunc
472 4378 821 4434 occasionem
853 4377 1053 4447 quaeris
1080 4374 1555 4445 subterfugiendi;
1589 4374 1758 4429 habes
1791 4374 1856 4426 li-

274 4474 536 4535 centiam.
602 4480 656 4528 et
713 4472 835 4527 sine
879 4471 1170 4527 occasione
1233 4467 1580 4539 cujusquam.
1648 4465 1848 4521 Omnes
1881 4493 1925 4548 ι)

270 4569 427 4626 enim
477 4566 771 4621 audierunt
817 4572 872 4619 te
918 4563 1059 4618 nihil
1103 4569 1249 4617 recte
1287 4561 1580 4623 dicentem,
1622 4575 1723 4614 nec
1753 4574 1851 4629 po-

270 4663 451 4717 tuisse
481 4658 685 4729 aliquid
717 4655 1064 4722 confirmare,
1095 4653 1188 4710 sed
1213 4653 1285 4707 ob
1314 4654 1415 4706 hoc
1438 4660 1648 4706 tantum
1683 4651 1848 4708 inter-

272 4769 502 4820 rogasse
528 4758 586 4805 ut
610 4748 1037 4810 eontradiceres,
1066 4746 1208 4816 quod
1228 4744 1412 4815 quivis
1442 4745 1619 4799 facere
1650 4750 1848 4813 potest.

268 4845 420 4914 Quid
460 4844 606 4899 enim
669 4838 884 4896 difficile
921 4845 1006 4893 est
1048 4845 1172 4907 post
1204 4836 1483 4892 evidentes
1520 4836 1852 4891 assertiones

271 4936 631 5007 respondere,
667 4933 803 4987 nihil
829 4931 1036 4986 dixisti.
1068 4927 1139 4983 Ut
1171 4936 1351 4982 autem
1386 4926 1531 4981 scias
1562 4927 1689 4995 quia
1724 4941 1851 4995 pos-

273 5045 397 5084 sum
429 5027 527 5080 tibi
557 5040 665 5080 uno
696 5038 948 5080 sermone
992 5020 1299 5082 ostendere,
1331 5018 1475 5087 quod
1524 5017 1851 5073 immortalis

268 5128 363 5177 est
392 5119 593 5179 anima,
625 5114 977 5184 interrogabo
1008 5121 1069 5167 te-
1090 5112 1313 5166 verbum
1346 5108 1487 5180 quod
1529 5098 1719 5163 omnes
1746 5123 1849 5162 no-

270 5220 429 5275 runt,
478 5206 754 5280 responde
783 5206 937 5265 mihi.
967 5212 1021 5259 et
1051 5218 1162 5257 uno
1191 5218 1442 5257 sermone
1488 5200 1847 5255 immortalem

266 5319 397 5360 esse
421 5300 810 5371 comprobabo.
838 5296 975 5352 Tum
1004 5295 1213 5357 Simon,
1242 5295 1333 5364 qui
1360 5295 1471 5362 jam
1502 5293 1849 5348 occasionem

271 5397 382 5452 sibi
429 5396 581 5449 visus
628 5392 806 5447 fuerat
867 5390 1141 5445 invenisse
1192 5403 1258 5443 ex
1303 5386 1586 5439 iracundia
1617 5383 1760 5439 Petri
1792 5390 1851 5436 ut

269 5488 599 5549 discederet,
642 5485 844 5540 restitit
885 5498 983 5553 pro
1028 5498 1102 5537 eo
1130 5478 1276 5552 quod
1318 5478 1517 5531 mirum
1555 5476 1603 5531 ei
1645 5474 1849 5543 aliquid

269 5576 715 5650 promittebatur,
746 5582 799 5630 et
830 5574 941 5627 ait:
973 5571 1249 5641 Interroga
1278 5584 1385 5632 me,
1416 5578 1475 5621 ut
1498 5566 1594 5620 tibi
1624 5580 1850 5634 respou-

268 5672 429 5725 dcam
454 5666 601 5739 quod
637 5680 827 5719 omnes
865 5668 1088 5727 norunt,
1118 5669 1171 5714 et
1202 5658 1417 5713 audiam
1451 5671 1561 5712 uno
1600 5665 1655 5709 ut
1685 5655 1846 5724 polli-

269 5761 417 5815 citus
446 5775 506 5815 es
535 5772 806 5822 sermone,
847 5753 1131 5827 quomodo.
1158 5750 1339 5806 anima
1384 5747 1710 5803 immortalis
1737 5745 1847 5809 sit?

1965 1892 2189 1947 domum
2225 1899 2397 1947 tuam.

2036 1982 2196 2041 XLV.
2238 1985 2308 2038 At
2337 1984 2525 2040 Simon
2556 1984 2672 2039 haec
2698 1983 2927 2039 audiens
2955 1992 3010 2040 et
3039 1985 3381 2040 conscientia
3412 2000 3542 2056 per-

1964 2093 2185 2141 cussus,
2229 2077 2415 2132 colore
2458 2086 2669 2130 mutato
2704 2077 3001 2146 exsanguis
3036 2077 3266 2133 ell'ectus
3297 2084 3414 2144 est;
3448 2093 3544 2132 ex-

1962 2167 2147 2220 timuit
2209 2166 2356 2222 enim
2426 2181 2494 2221 ne
2544 2164 2685 2220 forte
2734 2165 2783 2219 si
2830 2172 3055 2235 negaret
3105 2174 3544 2235 perscrutaretur

1962 2261 2160 2314 domus
2205 2260 2348 2327 ejus,
2395 2269 2488 2313 aut
2529 2274 2597 2313 ne
2640 2259 2934 2330 indignans
2954 2257 3152 2314 Petrus
3194 2258 3542 2317 manifestius

1962 2367 2087 2407 eum
2119 2349 2403 2421 proderet,
2430 2358 2486 2404 et
2514 2351 2772 2408 omnibus
2801 2352 2928 2421 quis
2970 2360 3117 2406 esset
3147 2351 3537 2415 innotesceret,

1964 2446 2038 2498 ita
2069 2444 2351 2514 respondit
2383 2463 2398 2501 :
2431 2442 2674 2500 Obsecro
2707 2451 2787 2507 te,
2812 2442 2993 2510 Petre,
3026 2459 3124 2514 per
3149 2444 3302 2499 illum
3336 2444 3539 2499 bonum

1963 2531 2132 2587 Deum
2161 2534 2256 2603 qui
2286 2534 2341 2588 in
2369 2540 2423 2589 te
2450 2540 2559 2596 est,
2593 2541 2655 2587 ut
2686 2532 2883 2589 vincas
2921 2533 3182 2587 malitiam
3213 2549 3336 2604 qua:
3369 2534 3427 2587 in
3455 2549 3544 2590 me

1961 2632 2067 2688 est,
2101 2625 2324 2696 suscipe
2363 2640 2450 2680 me
2476 2625 2543 2680 ad
2576 2625 2957 2695 paenitentiam
2987 2634 3042 2681 et
3071 2625 3299 2681 habebis
3326 2641 3414 2682 me
3443 2626 3543 2680 ad-

1960 2714 2201 2785 jutorem
2229 2715 2641 2786 praedicationis
2682 2726 2808 2773 tuae.
2862 2714 3021 2771 Nunc
3046 2716 3194 2772 enim
3223 2732 3350 2773 vere
3375 2717 3542 2774 rebus

1963 2809 2101 2880 ipsis
2133 2809 2322 2875 didici,
2349 2810 2479 2881 quia
2512 2808 2609 2865 Dei
2643 2811 2759 2866 veri
2787 2810 3053 2881 propheta
3082 2826 3176 2876 es,
3207 2818 3263 2866 et
3302 2812 3427 2867 ideo
3454 2828 3544 2868 se-

1960 2906 2113 2954 creta
2156 2899 2439 2953 hominum
2474 2899 2629 2955 solus
2666 2905 2832 2969 atque
2874 2914 3077 2954 arcana
3114 2900 3426 2970 cognoscis.
3476 2900 3542 2955 Et

1960 2988 2157 3046 Petrus
2187 2990 2264 3045 ait
2301 3006 2314 3042 :
2354 2989 2828 3056 Videtis,fratres,
2860 2990 3137 3045 Simonem
3165 2991 3542 3061 paenitentiam

1961 3089 2315 3151 quaerentem,
2351 3083 2518 3153 paulo
2545 3091 2669 3154 post
2697 3082 2951 3138 videbitis
2978 3097 3102 3137 eum
3127 3097 3323 3138 rursus
3350 3082 3416 3137 ad
3451 3083 3540 3136 in-

1960 3171 2275 3228 fidelitatem
2313 3188 2469 3229 suam
2510 3177 2729 3230 reverti.
2762 3172 2971 3229 Putans
3005 3174 3152 3229 enim
3184 3189 3270 3229 me
3298 3174 3538 3244 prophe-

1958 3274 2071 3320 tam
2102 3282 2248 3331 esse,
2278 3282 2378 3337 pro
2403 3282 2469 3323 eo
2499 3267 2647 3338 quod
2677 3267 2949 3338 publicavi
2979 3267 3121 3321 mala
3152 3265 3296 3336 ejus,
3332 3282 3453 3337 qua:
3483 3268 3538 3321 in

1957 3358 2189 3414 secretis
2236 3358 2472 3414 habebat
2519 3370 2575 3415 et
2620 3359 2677 3414 in
2720 3358 2991 3422 occultis,
3050 3359 3429 3429 paenitentiam
3479 3374 3540 3415 se

1956 3456 2210 3503 acturum
2258 3449 2546 3520 promisit;
2581 3465 2670 3505 me
2699 3458 2881 3506 autem
2928 3450 3148 3506 mentiri
3182 3450 3265 3507 fas
3291 3466 3400 3505 non
3429 3458 3536 3514 est,

1956 3556 2137 3611 neque
2180 3552 2241 3595 ut
2290 3541 2528 3596 inﬁdelis
2569 3542 2660 3596 hic
2693 3542 2937 3598 salvetur
2979 3549 3075 3596 aut
3116 3557 3227 3596 non
3267 3543 3534 3607 salvetur,

1955 3646 2057 3702 ego
2101 3632 2290 3688 fallere
2336 3631 2529 3688 debeo.
2573 3631 2772 3688 Testor
2810 3633 2957 3688 enim
2997 3633 3198 3688 cadum
3223 3642 3277 3688 et
3306 3639 3536 3697 terram,

1956 3724 2083 3793 quia
2119 3739 2229 3779 non
2249 3724 2567 3795 prophetice
2592 3724 2737 3790 dixi,
2767 3740 2890 3795 quas
2921 3724 3033 3779 dixi
3066 3724 3153 3779 vel
3190 3740 3333 3793 quae,
3360 3739 3537 3794 quau-

1955 3824 2070 3871 tum
2100 3817 2360 3887 possibile
2391 3825 2530 3883 erat,
2562 3816 2741 3873 turbis
2769 3816 3118 3872 audientibus
3148 3816 3407 3881 indicari,
3438 3817 3535 3872 sed

1957 3926 1989 3964 a
2016 3910 2347 3981 quibusdam
2379 3912 2472 3981 qui
2512 3918 2645 3966 tunc
2675 3911 2723 3966 ei
2755 3910 2893 3967 socii
2932 3910 3151 3965 fuerant
3188 3911 3245 3965 in
3274 3911 3536 3980 operibus

1957 4005 2097 4069 suis,
2128 4020 2278 4060 nunc
2306 4012 2489 4061 autem
2526 4005 2781 4061 conversi
2809 4013 2940 4061 sunt
2969 4005 3037 4059 ad
3072 4004 3232 4059 fidem
3264 4013 3532 4070 nostram,

1955 4097 2084 4166 quid
2111 4097 2162 4152 ei
2189 4097 2246 4151 in
2273 4104 2485 4153 secreto
2523 4105 2734 4168 gestum
2765 4097 2857 4162 sit,
2886 4097 3087 4162 didici;
3135 4097 3355 4168 cognita
3400 4112 3534 4167 ergo

1956 4203 2068 4243 non
2098 4190 2432 4259 praecognita
2465 4189 2685 4244 locutus
2717 4203 2862 4244 sum.

2027 4278 2215 4333 XLVI.
2260 4279 2451 4335 Simon
2480 4296 2611 4336 vero
2641 4288 2701 4335 ut
2729 4281 2844 4336 haec
2870 4280 3079 4335 audivit
3113 4279 3419 4335 maledictis
3446 4279 3534 4335 his

1955 4377 2012 4424 et
2054 4371 2325 4427 conviciis
2370 4370 2682 4441 aggreditur
2706 4370 2951 4438 Petrum,
2996 4371 3226 4426 dicens:
3266 4369 3311 4425 Ο
3342 4370 3535 4425 nefan-

1956 4460 2186 4517 dissime
2216 4462 2463 4516 omnium
2495 4469 2550 4517 et
2576 4462 2954 4529 dolosissime,
2980 4460 3069 4516 cui
3096 4461 3383 4516 victoriam
3421 4459 3534 4514 for-

1953 4560 2109 4617 tuna,
2139 4568 2250 4607 non
2278 4554 2482 4609 veritas
2510 4554 2681 4609 dedit.
2712 4551 2915 4608 Verum
2944 4567 3044 4623 ego
3084 4568 3195 4607 non
3226 4566 3325 4622 pro
3356 4567 3531 4621 penu-

1955 4648 2035 4701 ria
2073 4645 2319 4701 scientia:
2359 4647 2736 4717 paenitentiam
2778 4645 2933 4716 petii,
2982 4645 3076 4700 sed
3108 4652 3169 4699 ut
3214 4654 3302 4710 tu,
3335 4653 3533 4714 putans

1952 4750 2158 4805 meper
2196 4736 2575 4805 paenitentiam
2618 4736 2948 4807 discipulum
2990 4742 3144 4789 tuum
3183 4733 3320 4795 fore,
3349 4734 3529 4788 omnia

1952 4837 2164 4881 secreta
2206 4824 2571 4895 professionis
2616 4833 2724 4880 tuae
2759 4824 3121 4881 conerederes
3170 4824 3325 4883 mihi.
3358 4832 3418 4877 ut
3456 4825 3530 4878 ita

1948 4917 2168 4972 demqu
2198 4925 2252 4971 te
2278 4918 2494 4973 eunetis
2525 4917 2727 4988 agnitis
2755 4916 3121 4972 confutarem.
3154 4914 3257 4971 Sed
3291 4926 3349 4969 ut
3378 4916 3532 4969 calli-

1951 5010 2055 5065 dus
2092 5010 2407 5065 intellexisti
2437 5025 2600 5079 quam
2636 5010 2708 5064 ob
2749 5024 2974 5065 causam
3016 5007 3409 5079 pcenitudincm
3452 5009 3530 5063 si-

1953 5104 2340 5166 mriassem,et
2358 5102 2684 5171 acquievisti
2704 5108 2964 5171 tanquam
2992 5116 3170 5156 meum
3200 5115 3309 5154 non
3334 5100 3529 5155 intelli-

1950 5211 2085 5266 gens
2117 5194 2326 5258 dolum,
2362 5204 2420 5249 ut
2448 5193 2602 5264 prius
2627 5209 2713 5250 me
2741 5193 2887 5263 apud
2919 5193 3178 5262 populum
3202 5207 3524 5261 exponeres,

1952 5286 2109 5356 quasi
2150 5284 2483 5354 imperitum,
2518 5296 2630 5337 tum
2662 5284 2859 5339 deinde
2897 5283 3223 5353 praevidens,
3250 5281 3397 5350 quod
3428 5296 3530 5351 ego

1952 5380 2028 5433 ita
2067 5380 2269 5448 populo
2314 5377 2600 5447 expositus
2646 5392 2874 5432 necesse
2926 5376 3105 5430 habeo
3150 5373 3423 5444 indignari
3474 5382 3528 5428 et

1950 5470 2199 5525 conﬁteri
2225 5485 2313 5525 me
2352 5485 2463 5523 non
2490 5484 2620 5524 vere
2646 5467 3046 5539 paenitudinem
3076 5482 3290 5537 gerere,
3322 5480 3527 5535 praeve-

1951 5560 2103 5624 nisti,
2158 5570 2216 5613 ut
2259 5560 2473 5615 diceres
2523 5573 2611 5611 me
2653 5558 2720 5612 ad
2768 5557 3145 5611 infidelitatem
3194 5569 3371 5610 meam
3404 5562 3527 5623 post

1950 5649 2324 5720 pcenitentiam
2354 5661 2753 5717 regressurum,
2782 5654 2841 5699 ut
2866 5646 3013 5700 omni
3042 5660 3109 5699 ex
3142 5650 3297 5714 parte
3326 5643 3527 5698 vicisse

1949 5739 2241 5806 videreris,
2283 5748 2337 5795 et
2380 5739 2427 5795 si
2468 5752 2846 5810 permanerem
2896 5737 2953 5793 in
3002 5736 3327 5809 pmnitentia
3357 5751 3521 5807 quam
