3890 6192
449 309 589 368 13θῦ

1343 315 1399 370 S.
1440 314 1832 370 CLEMENTIS
1875 314 1890 365 Ι
1933 311 2103 366 ROM.
2145 309 2348 366 P031”.
2391 309 2619 365 OPERA
2659 311 2880 367 DUBIA.

3560 316 3680 371 I305

435 428 717 497 professus
769 430 977 483 fuerant
1002 469 1015 492 ,
1062 437 1116 483 et
1161 431 1206 485 si
1253 446 1364 484 non
1415 446 1813 500 permanerem,
1852 436 1912 483 ut
1954 435 2012 480 tu
2043 435 2090 487 Λ
2118 425 2289 494 magis
2311 424 2590 480 deﬂendus
2610 434 2696 481 est
2727 424 2938 490 Simon,
2973 427 3120 496 quod
3142 444 3237 483 vas
3283 428 3580 484 electionis
3609 431 3682 482 fa-

434 520 655 588 sapiens
695 521 1030 586 credereris,
1059 523 1149 590 qui
1197 522 1300 576 ista
1335 522 1675 591 pus-videris,
1706 537 1805 590 ego
1833 531 2013 576 autem

432 611 694 682 deceptus
737 602 992 674 viderer,
1021 616 1148 682 quia
1192 622 1346 666 tuum
1379 630 1488 667 non
1532 613 1756 683 przevidi
1795 613 2011 679 dolum;

431 711 490 757 tu
523 721 655 759 vero
697 721 876 758 meum
912 706 1249 775 praevidens,
1283 707 1583 762 calliditate
1614 723 1748 762 usus
1775 708 2014 760 circum-

428 797 701 865 scripsisti
731 813 836 850 me.
865 796 996 861 Sed,
1032 807 1088 851 ιιι
1119 799 1252 862 dixi,
1286 799 1517 853 fortuna:
1541 808 1646 864 est,
1681 816 1790 854 non
1815 800 2012 854 verita-

426 890 501 942 tis
533 889 639 943 ista
667 890 893 944 victoria
915 933 928 956 ,
969 891 1085 944 scio
1121 902 1300 946 tamen
1340 907 1441 945 cur
1465 907 1567 962 ego
1602 892 1707 946 ista
1737 908 1843 947 non
1873 908 2012 963 prs:-

426 981 678 1046 viderim,
715 983 842 1052 quia
892 992 1080 1038 astans
1123 984 1339 1039 locutus
1375 1000 1496 1039 sum
1541 985 1638 1038 tibi
1671 1000 1766 1054 per
1796 986 2011 1040 bonita-

424 1079 534 1125 tem
564 1087 762 1137 meam,
787 1082 840 1127 et
865 1075 1135 1141 patienter
1163 1076 1246 1145 egi
1276 1085 1476 1130 tecum.
1507 1073 1664 1131 Nunc
1693 1085 1876 1130 autem
1910 1076 2010 1131 tibi

423 1163 712 1217 ostendam
761 1164 1064 1221 divinitatis
1116 1182 1251 1221 mea:
1301 1168 1634 1238 potentiam,
1687 1176 1747 1223 ut
1787 1178 2009 1239 repente

423 1253 684 1323 procidas
717 1262 773 1309 et
806 1254 1003 1310 adores
1035 1270 1140 1310 me.

493 1342 698 1398 XLVII.
733 1344 846 1414 Ego
874 1361 994 1399 sum
1017 1347 1190 1414 prima
1225 1345 1424 1410 virtus,
1451 1347 1546 1414 qui
1572 1361 1791 1416 semper
1810 1354 1864 1401 et
1887 1345 2008 1401 sine

423 1434 580 1488 initio
622 1451 766 1491 sum.
803 1435 1090 1507 Ingressus
1120 1445 1301 1492 autem
1328 1449 1542 1493 uterum
1582 1437 1811 1498 Rachel.
1842 1450 2005 1494 natus

422 1540 546 1579 sum
581 1534 639 1579 ut
671 1526 833 1580 homo
861 1541 927 1580 ex
955 1541 1040 1589 ea,
1075 1541 1186 1596 quo
1215 1528 1284 1581 ab
1309 1528 1628 1584 hominibus
1663 1527 1836 1582 videri
1876 1544 2004 1598 pos-

415 1631 572 1682 sent;
618 1632 720 1688 ego
752 1633 848 1686 per
873 1632 1054 1672 aerem
1099 1619 1296 1680 volavi,
1332 1619 1443 1689 igni
1475 1620 1798 1674 commistus
1829 1636 2001 1674 unum

418 1723 623 1777 corpus
664 1709 891 1764 ell'ectus
927 1726 1078 1777 sum,
1114 1719 1330 1768 statuas
1364 1713 1570 1767 moveri
1613 1712 1740 1778 feci,
1765 1714 2000 1767 animavi

2117 523 2240 568 ctus
2269 525 2353 568 est
2410 514 2687 585 maligno;
2743 517 2886 584 quod
2946 520 3132 587 utique
3173 534 3282 571 non
3315 518 3550 584 fuisset,
3587 521 3683 576 nisi

2115 612 2439 672 potestatem
2474 607 2530 660 in
2559 622 2683 661 eum
2709 622 2808 676 pro
2838 609 3080 676 peccatis
3123 609 3401 678 prioribus
3441 611 3687 680 accepis-

2115 703 2218 750 set.
2253 694 2388 750 Nam
2422 697 2548 751 inde
2567 697 2699 766 quid
2722 699 2922 761 dicam,
2941 701 3085 768 quod
3122 708 3175 754 et
3193 699 3324 756 Jesu
3354 708 3555 755 nostro
3575 717 3686 758 cre-

2113 785 2328 842 diderat
2356 791 2395 850 ⁸,
2420 797 2476 843 et
2510 789 2658 858 quod
2683 790 3019 846 immortales
3045 808 3168 846 esse
3187 793 3398 846 animas
3429 793 3548 846 sibi
3579 795 3687 863 ipse

2111 880 2420 948 persuasit?
2448 879 2710 946 Quamvis
2748 881 2804 936 in
2855 897 2922 938 eo
2966 883 3184 937 ludatur
3229 897 3258 935 a
3303 883 3684 950 dzemonibus,

2111 978 2293 1025 tamen
2329 973 2604 1042 persuasit
2659 974 2788 1039 sibi,
2846 975 2992 1044 quod
3020 975 3174 1045 pueri
3203 976 3482 1032 violenter
3511 978 3688 1031 necati

2111 1061 2310 1115 habeat
2352 1063 2593 1118 animam
2647 1065 3046 1120 ministrantem
3088 1067 3192 1120 sibi
3230 1066 3300 1120 ad
3342 1082 3690 1138 quaecunque

2109 1153 2378 1220 voluerit;
2413 1155 2469 1210 in
2498 1171 2610 1226 quo
2639 1171 2786 1220 vere,
2815 1165 2875 1211 ut
2905 1158 3037 1216 dixi.
3069 1173 3098 1211 a
3122 1158 3470 1217 daemonibus
3505 1160 3687 1214 illudi-

2107 1251 2218 1300 tur.
2263 1244 2330 1299 Et
2355 1245 2478 1302 ideo
2508 1262 2610 1317 ego
2642 1247 2946 1303 secundum
2980 1263 3043 1304 ea
3065 1265 3186 1318 quae
3212 1251 3315 1319 ipsi
3355 1251 3691 1306 videbantur

2107 1334 2325 1392 locutus
2347 1353 2468 1392 sum
2497 1339 2565 1393 ad
2586 1355 2748 1406 eum;
2774 1356 2900 1394 nam
2929 1349 2984 1396 et
3015 1355 3044 1394 a
3063 1339 3264 1396 Judreis
3287 1342 3513 1408 didicit,
3565 1344 3688 1412 quia

2107 1427 2180 1482 sit
2203 1427 2472 1496 judicium
2496 1438 2552 1485 et
2581 1433 2718 1487 ultio
2747 1433 3072 1503 proferenda
3101 1435 3393 1490 adversum
3437 1452 3568 1500 eos,
3600 1436 3688 1508 qui

2105 1528 2300 1574 contra
2341 1537 2526 1576 veram
2568 1523 2729 1578 ﬁdem
2763 1528 2990 1580 veniunt
3023 1543 3123 1581 nec
3159 1528 3575 1597 paenitudinem
3604 1545 3690 1598 ge-

2106 1619 2262 1679 runt;
2310 1615 2404 1669 sed
2438 1615 2526 1669 isti
2559 1626 2687 1672 sunt
2714 1617 2916 1688 quibus
2939 1620 3209 1690 malignus
3236 1629 3509 1689 tanquam
3560 1637 3689 1692 per-

2104 1699 2263 1758 fectis
2311 1704 2366 1758 in
2394 1707 2695 1763 sceleribus
2737 1718 2984 1779 apparet,
3041 1721 3105 1763 ut
3149 1711 3392 1781 decipiat
3437 1727 3575 1778 eos,
3624 1728 3690 1767 ne

412 1803 693 1866 exanima,
727 1803 936 1874 lapides
969 1819 1136 1873 panes
1167 1805 1292 1868 feci,
1331 1807 1399 1861 de
1431 1813 1617 1862 monte
1657 1807 1711 1861 in
1758 1816 1999 1861 montem
2032 1807 2074 1864 Β
2104 1795 2398 1865 aliquando
2421 1797 2488 1852 ad
2507 1801 2884 1869 Ρωηίιθηιίεω
2915 1809 3322 1857 convertamur-

417 1896 617 1958 volavi,
653 1897 1004 1961 transmeavi,
1030 1898 1282 1952 manibus
1316 1900 1632 1969 angelorum
1665 1907 2004 1955 sustentatus

415 1987 488 2040 ad
520 1996 696 2041 terras
723 1987 998 2042 descendi.
1033 1989 1159 2044 Haec
1177 2006 1285 2044 non
1310 1993 1486 2045 solum
1509 1993 1634 2056 feci,
1656 1992 1750 2047 sed
1781 2002 1834 2046 et
1858 2007 2003 2044 nunc

418 2076 597 2130 facere
617 2091 860 2145 possum,
887 2087 944 2131 ut
973 2080 1138 2135 rebus
1164 2081 1300 2151 ipsis
1330 2084 1552 2151 probem
1581 2084 1858 2148 omnibus,
1876 2083 2002 2152 quia

415 2181 520 2236 ego
557 2183 678 2221 sum
711 2165 880 2223 Filius
912 2167 1003 2222 Dei
1035 2179 1189 2224 stans
1219 2172 1273 2225 in
1303 2182 1592 2237 aeternum,
1637 2184 1692 2229 et
1714 2174 2003 2228 credentes

415 2257 555 2311 mihi
588 2258 839 2314 similiter
869 2269 1016 2314 stare
1045 2261 1100 2314 in
1131 2270 1456 2332 perpetuum
1486 2264 1681 2318 faciam
1717 2264 1852 2334 (92).
1886 2263 2001 2317 Tua

413 2358 600 2404 autem
623 2353 786 2404 verba
817 2368 954 2405 vana
987 2362 1116 2408 sunt
1135 2356 1340 2420 omnia,
1369 2372 1469 2411 nec
1500 2357 1667 2410 ullum
1688 2365 1841 2426 potes
1863 2372 2001 2426 opus

416 2443 707 2497 ostendere
746 2446 1014 2507 veritatis,
1049 2448 1192 2502 sicut
1218 2457 1271 2503 et
1292 2449 1382 2503 ille
1409 2452 1502 2520 qui
1529 2451 1678 2505 misit
1705 2461 1756 2505 te
1785 2466 1998 2522 magus,

409 2535 509 2604 qui
542 2551 642 2588 nec
665 2552 724 2589 se
755 2538 930 2604 ipsum
964 2540 1139 2608 potuit
1172 2540 1404 2596 liberare
1432 2544 1500 2597 de
1529 2543 1712 2597 crucis
1748 2559 1929 2612 poena.

491 2625 719 2681 XLVIII.
758 2626 852 2682 His
883 2628 1046 2684 dictis
1075 2645 1104 2682 a
1140 2630 1382 2698 Simone,
1419 2633 1615 2689 Petrus
1665 2635 1948 2705 respondit
1983 2655 1996 2690 :

417 2716 498 2772 Ne
537 2733 670 2788 agas
701 2719 903 2782 aliena,
936 2728 994 2773 tu
1029 2721 1176 2776 enim
1204 2724 1352 2793 quod
1392 2726 1470 2780 sis
1503 2741 1698 2796 magus
1749 2743 1812 2781 ex
1866 2727 1999 2796 ipsis

413 2824 541 2878 quae
569 2810 814 2879 gessisti,
849 2811 1140 2868 confessus
1172 2829 1232 2869 es
1263 2823 1317 2869 et
1348 2816 1755 2884 manifestatus,
1811 2828 2000 2874 noster

412 2909 602 2955 autem
632 2903 893 2972 magister
923 2905 1019 2973 qui
1055 2913 1141 2960 est
1171 2904 1345 2961 Filius
1380 2906 1474 2962 Dei
1504 2916 1560 2962 et
1594 2908 1857 2974 hominis,
1881 2925 1994 2964 ma-

412 2990 615 3045 nifeste
648 2993 826 3049 bonus
855 3005 970 3060 est;
1002 2997 1148 3065 quod
1182 3007 1364 3052 autem
1399 3015 1527 3053 vere
1550 3001 1624 3054 sit
1669 2997 1840 3054 Filius
1868 2998 1994 3064 Dei,

405 3083 616 3151 quibus
645 3087 908 3154 oportuit,
944 3088 1152 3143 dictum
1179 3097 1265 3144 est
1294 3097 1347 3143 et
1373 3090 1605 3145 dicetur.
1634 3089 1715 3145 Tu
1739 3099 1919 3145 autem
1948 3090 1996 3147 si

407 3191 522 3230 non
535 3177 617 3231 vis
629 3179 880 3233 confiteri
901 3179 1046 3250 quod
1067 3195 1258 3251 magus
1283 3197 1364 3244 es,
1388 3195 1514 3236 cum
1541 3184 1686 3238 omni
1711 3183 1813 3237 hac
1835 3185 1994 3238 turba

407 3275 703 3345 pergamus
721 3271 789 3324 ad
813 3271 1035 3326 domum
1057 3282 1228 3338 tuam,
1242 3281 1296 3327 et
1327 3283 1458 3328 tunc
1473 3274 1756 3344 apparebit
1783 3275 1908 3344 quis
1926 3274 1996 3329 sit

409 3379 626 3433 magus;
671 3361 798 3418 Haec
839 3372 1020 3420 autem
1050 3363 1215 3420 Petro
1245 3364 1482 3434 dicente,
1519 3365 1708 3420 Simon
1738 3365 1993 3437 blasphe-

410 3454 540 3508 miis
563 3463 623 3508 et
653 3455 963 3509 maledictis
1009 3472 1169 3526 agere
1197 3459 1384 3527 coepit,
1424 3466 1482 3512 ut
1531 3459 1796 3513 seditione
1828 3459 1991 3521 facta,

407 3545 750 3613 perturbatis
801 3548 1060 3603 omnibus
1101 3551 1254 3617 argui
1295 3565 1407 3602 non
1460 3557 1668 3618 posset,
1716 3557 1770 3603 et
1801 3549 1994 3605 Petrus

409 3637 570 3703 quasi
603 3637 954 3706 blasphemia}
985 3655 1152 3693 causa
1181 3641 1465 3703 secedens,
1490 3642 1666 3695 victus
1695 3641 1989 3696 videretur.

412 3729 522 3783 Sed
555 3731 796 3798 perstitit
829 3738 882 3784 et
916 3748 1144 3800 arguere
1175 3749 1298 3785 eum
1325 3735 1700 3788 vehementius
1721 3736 1906 3804 cmpit.

481 3817 669 3873 XLIX.
702 3819 857 3873 Tunc
904 3824 1139 3890 populus
1174 3822 1490 3892 indignatus
1522 3821 1799 3876 Simonem
1851 3824 1995 3877 atrio

403 3908 649 3976 ejectum
686 3918 842 3964 extra
868 3910 1093 3979 jauuam
1131 3910 1328 3963 domus
1359 3909 1590 3979 pepulit,
1635 3925 1869 3979 eumque
1898 3911 1993 3965 de-

406 3999 631 4068 pulsum
665 4015 808 4053 unus
827 4009 1050 4054 secutus
1077 4008 1160 4053 est
1176 3999 1533 4055 solus.Facto
1562 4000 1743 4055 autem
1775 4002 1994 4056 silentio

405 4083 606 4142 Petrus
639 4089 843 4158 alloqui
884 4090 1146 4158 populum
1182 4091 1284 4143 hoc
1334 4091 1496 4146 modo
1527 4093 1694 4162 cmpit
1728 4112 1740 4145 :
1773 4092 1994 4148 Patien-

407 4186 512 4242 ter,
542 4180 761 4244 fratres,
801 4182 976 4236 malos
1006 4182 1148 4236 ferre
1176 4183 1661 4246 debetis,scientes
1691 4185 1818 4254 quia
1849 4185 1992 4240 Deus

402 4288 534 4326 cum
591 4274 766 4342 possit
823 4289 919 4327 eos
969 4274 1255 4339 excidere,
1307 4277 1513 4346 patitur
1563 4284 1745 4330 tamen
1793 4276 1993 4332 durare

408 4378 585 4432 usque
619 4363 686 4417 ad
723 4365 1081 4432 praestitutam
1113 4365 1277 4429 diem,
1309 4367 1364 4418 iu
1397 4378 1504 4434 qua
1535 4366 1602 4418 de
1618 4366 1877 4422 omnibus
1901 4368 1991 4435 ju-

2176 1886 2239 1944 L.
2272 1888 2385 1944 Vos
2429 1907 2560 1962 ergo
2590 1893 2684 1962 qui
2720 1893 2786 1947 ad
2821 1892 3108 1948 Dominum
3145 1896 3549 1951 convertimini
3595 1913 3689 1967 per

2105 1982 2505 2050 pceniteutiam,
2531 1994 2754 2039 curvate
2785 1987 2832 2040 ei
2852 2002 3048 2056 genua.
3087 1987 3208 2041 Haac
3236 2002 3363 2040 cum
3411 1988 3674 2044 dixisset.

2104 2072 2282 2127 omnis
2320 2073 2613 2127 multitudo
2635 2090 2810 2144 genua
2841 2078 2988 2130 flexit
3019 2077 3147 2132 Deo.
3179 2077 3244 2131 Et
3274 2078 3483 2134 Petrus
3515 2080 3688 2149 respi-

2106 2163 2262 2219 ciens
2311 2164 2380 2218 ad
2425 2167 2648 2232 coelum,
2681 2184 2806 2222 cum
2862 2170 3119 2239 lacrymis
3153 2171 3344 2224 orabat
3377 2188 3555 2242 super
3575 2188 3687 2235 eos,

2106 2261 2165 2306 ut
2198 2254 2340 2310 Deus
2371 2256 2469 2326 pro
2501 2274 2598 2314 sua
2631 2259 2875 2314 bonitate
2909 2261 3188 2331 suscipere
3229 2279 3327 2317 eos
3360 2263 3689 2334 dignaretur

2103 2346 2484 2417 confugientes
2518 2351 2584 2405 ad
2608 2367 2687 2406 se.
2719 2350 2782 2404 Et
2814 2361 3103 2423 postquam
3135 2355 3311 2409 oravit
3337 2362 3397 2410 et
3424 2357 3687 2426 przecepit

2103 2446 2163 2490 ut
2199 2449 2416 2508 postera
2445 2441 2534 2496 die
2571 2443 2838 2498 maturius
2870 2445 3242 2509 convenirent,
3270 2448 3684 2503 multitudinem

2102 2531 2329 2585 missam
2363 2532 2491 2586 fecit
2522 2534 2660 2604 (95).
2693 2533 2830 2588 Tum
2863 2535 3063 2590 deinde
3106 2536 3417 2592 secundum
3453 2553 3686 2594 consue-

2103 2621 2373 2687 tudinem,
2398 2623 2522 2677 cibo
2550 2633 2789 2694 sumpto,
2815 2626 3144 2696 quievimus.

2172 2713 2257 2768 LI.
2303 2713 2466 2784 Igitur
2493 2714 2690 2772 Petrus
2723 2719 2888 2772 solita
2927 2719 3111 2775 noctis
3139 2719 3272 2774 hora
3301 2736 3677 2795 consurgens,

2100 2809 2313 2864 invenit
2353 2826 2453 2866 nos
2503 2811 2816 2881 vigilantes,
2851 2820 2905 2868 et
2935 2829 3061 2867 eum
3112 2830 3177 2869 ex
3226 2831 3386 2870 more
3438 2821 3682 2875 salutans

2097 2902 2461 2968 consedisset,
2512 2904 2724 2972 primus
2780 2903 2968 2960 Niceta
2992 2907 3011 2936 ²
3035 2906 3112 2960 ait
3140 2927 3153 2961 :
3179 2907 3238 2962 Si
3271 2913 3581 2978 permittis.
3613 2915 3681 2967 mi

2099 2994 2321 3050 domine
2349 2995 2528 3061 Petre,
2561 2997 2740 3051 habeo
2771 2999 2918 3066 quod
2955 3014 3162 3068 rogem.
3189 2999 3254 3053 Et
3274 3000 3484 3059 Petrus
3511 3024 3524 3059 :
3557 3004 3683 3060 Per-

2098 3088 2274 3150 mitto,
2295 3087 2497 3156 inquit,
2530 3102 2640 3142 non
2664 3088 2842 3143 solum
2862 3089 2958 3144 tibi
2987 3090 3082 3144 sed
3104 3097 3157 3144 et
3187 3091 3480 3158 omnibus,
3499 3106 3554 3150 et
3579 3111 3679 3150 non

2102 3180 2280 3234 solum
2314 3179 2476 3233 modo
2504 3179 2599 3234 sed
2636 3187 2691 3234 et
2735 3195 2974 3250 semper,
3001 3190 3061 3234 ut
3101 3185 3495 3256 unusquisque
3543 3187 3680 3258 quod

2097 3283 2222 3321 eum
2255 3275 2458 3332 movet,
2489 3276 2544 3323 et
2584 3279 2790 3338 partem
2824 3285 2986 3338 quam
3013 3270 3161 3325 dolet
3198 3272 3253 3325 in
3283 3275 3486 3328 animo
3519 3277 3681 3330 fatea-

2097 3370 2220 3423 ιιιο,
2261 3369 2320 3413 ιιι
2362 3361 2536 3430 possit
2567 3361 2826 3432 consequi
2881 3362 3228 3420 medicinam.
3257 3365 3396 3430 Qua:
3427 3370 3574 3422 enim
3613 3370 3681 3423 si-

2099 3453 2268 3506 lentio
2309 3460 2679 3522 conteguntur
2723 3468 2823 3506 nec
2882 3453 3234 3509 innotescunt
3295 3459 3505 3521 nobis,
3545 3462 3681 3514 velut

2099 3543 2255 3596 multi
2283 3546 2543 3613 temporis
2569 3544 2700 3598 vitia
2731 3543 2951 3598 dillicile
2977 3555 3262 3610 curantur,
3299 3556 3353 3601 el
3398 3550 3526 3604 ideo
3555 3569 3681 3620 ψιυ-

2098 3637 2246 3688 niam
2283 3636 2595 3690 tacentibus
2627 3651 2736 3690 non
2780 3635 2939 3691 facile
2990 3646 3171 3708 potest
3219 3641 3439 3694 medela
3493 3659 3681 3712 Oppor-

2098 3729 2217 3781 tu-ni
2247 3736 2301 3782 et
2331 3732 2628 3785 necessarii
2675 3733 2950 3788 sermonis
2999 3734 3266 3799 adhiberi,
3308 3739 3567 3806 proferre
3595 3740 3681 3792 de-

2098 3821 2191 3874 bet
2235 3824 2622 3893 unusquisque
2664 3825 2720 3878 in
2767 3841 2878 3895 quo
2906 3826 3124 3881 animus
3177 3843 3274 3896 per
3313 3830 3677 3900 ignorantiam

2098 3912 2352 3981 languet;
2400 3913 2605 3968 tacenti
2640 3930 2773 3968 vero
2812 3914 2944 3970 dare
2995 3918 3296 3972 remedium
3357 3925 3541 3976 solius
3603 3928 3681 3972 est

2097 4003 2226 4070 Dei;
2280 4020 2575 4076 possumus
2619 4015 2803 4062 autem
2834 4016 2888 4062 et
2920 4025 3041 4072 nos,
3073 4011 3168 4064 sed
3218 4012 3469 4066 circuitu
3531 4015 3678 4066 multi

2095 4098 2385 4164 temporis.
2418 4097 2653 4154 Necesse
2682 4107 2767 4154 est
2811 4101 2956 4154 enim
2991 4108 3049 4156 ιιι
3088 4119 3270 4156 sermo
3308 4104 3583 4158 doctrina!
3616 4107 3679 4156 ab

2097 4189 2256 4242 initio
2300 4206 2398 4258 per
2426 4191 2675 4245 ordinem
2719 4207 2970 4257 currens,
3008 4202 3063 4248 et
3091 4197 3321 4265 singulis
3370 4200 3677 4268 quibusque

2095 4283 2496 4351 quaestionibus
2557 4283 2793 4338 obvians
2835 4293 3034 4338 cuncta
3092 4288 3321 4356 aperiat,
3377 4299 3439 4345 et
3491 4304 3679 4346 cuncta

2095 4376 2358 4431 dissolvat
2387 4384 2442 4429 et
2473 4377 2756 4444 perveniat
2787 4378 2950 4432 etiam
2981 4379 3046 4433 ad
3080 4379 3182 4434 hoc
3198 4382 3347 4451 quod
3381 4388 3674 4456 unusquis-

404 4454 612 4506 diciuut
645 4453 765 4519 fiet;
805 4455 1082 4522 quomodo
1111 4471 1240 4525 ergo
1269 4471 1370 4510 nos
1392 4472 1501 4509 non
1534 4458 1824 4525 patiemur,
1851 4476 1990 4526 quos
2024 4487 2066 4540 υ
2097 4483 2202 4535 que
2239 4468 2295 4522 in
2350 4468 2536 4522 animo
2588 4483 2688 4522 suo
2731 4471 2989 4539 requirit;
3027 4471 3120 4525 sed
3161 4473 3288 4537 hoc,
3323 4483 3388 4528 ut
3419 4453 3567 4540 dixi,
3590 4493 3677 4546 per

410 4546 615 4610 patitur
650 4543 838 4598 Deus?
883 4547 994 4602 Cur
1034 4555 1216 4601 autem
1264 4562 1373 4600 non
1408 4545 1535 4601 forti
1581 4550 1766 4601 animo
1811 4550 1992 4604 illatas

403 4636 478 4690 ab
500 4637 581 4690 eis
613 4637 911 4690 toleramus
942 4637 1196 4706 injurias,
1231 4654 1355 4691 cum
1407 4656 1537 4693 suas
1568 4641 1659 4694 ille
1690 4646 1781 4710 qui
1813 4651 1993 4710 potest

409 4728 594 4780 omnia
629 4742 739 4780 non
769 4727 1092 4792 ulciscatur,
1127 4738 1182 4782 ut
1211 4739 1266 4783 et
1296 4731 1470 4799 ipsius
1511 4731 1761 4795 bonitas,
1795 4743 1849 4786 et
1881 4750 1981 4786 ma-

413 4817 594 4871 lorum
628 4828 892 4874 noscatur
924 4821 1206 4889 impiaas?
1232 4819 1431 4876 Verum
1481 4821 1527 4875 si
1555 4838 1662 4876 non
1696 4823 1994 4880 invenisset

409 4906 690 4963 'Simonen.
716 4911 990 4980 malignus
1011 4913 1328 4966 ministrum
1347 4912 1795 4979 sibi,invenisset
1822 4917 1989 4970 alium

411 5001 533 5056 sine
563 5001 765 5067 dultio;
813 5019 1043 5058 necesse
1073 5012 1157 5058 est
1185 5004 1330 5058 cnim
1364 5007 1568 5058 saeculo
1620 5005 1748 5060 huic
1803 5009 1991 5062 venire

407 5097 701 5162 scandala;
723 5113 798 5150 va:
819 5105 990 5150 tamen
1015 5096 1093 5149 illi
1116 5113 1208 5165 per
1231 5114 1383 5166 quem
1413 5099 1625 5153 veniunt
1653 5101 1740 5155 ¹⁰⁰.
1768 5099 1834 5152 Ει
1867 5102 1989 5156 ideo

2093 4559 2323 4610 iniiltum
2363 4565 2584 4627 tempus
2621 4558 2735 4612 ﬁeri
2758 4567 2958 4628 petest.
2989 4559 3147 4614 Nunc
3187 4571 3377 4618 autem
3407 4567 3557 4636 quod
3587 4567 3675 4622 de-

2094 4651 2309 4705 sideras
2332 4665 2485 4720 roga.

2167 4739 2277 4803 LII.
2322 4739 2386 4792 Et
2429 4739 2617 4794 Niceta
2660 4740 2775 4794 ait:
2809 4740 3018 4797 Uberes
3061 4743 3157 4798 tibi
3208 4745 3423 4814 gratias
3474 4761 3596 4817 ago,
3643 4761 3673 4800 ο

2092 4832 2526 4886 clementissime
2564 4830 2747 4896 Petre,
2795 4849 2982 4888 verum
3039 4835 3140 4888 hoc
3171 4845 3256 4889 est
3281 4841 3438 4906 quod
3469 4841 3670 4893 discere

2097 4923 2260 4990 cupio
2286 4941 2299 4975 :
2327 4921 2438 4976 Cur
2469 4922 2656 4976 Simon
2687 4925 2780 4992 qui
2801 4923 3121 4980 adversatur
3153 4926 3285 4990 Deo,
3320 4929 3508 4985 facere
3531 4938 3668 4985 tanta

2095 5014 2213 5067 haec
2241 5022 2296 5068 et
2331 5015 2462 5066 talia
2492 5016 2712 5084 potuit?
2749 5014 2866 5069 Non
2895 5017 3040 5069 enim
3070 5018 3331 5072 mentitus
3354 5030 3445 5074 est
3475 5019 3668 5089 aliquid

2094 5118 2161 5159 ex
2187 5103 2294 5168 bis,
2333 5118 2455 5172 quae
2489 5119 2550 5157 se
2595 5104 2793 5159 fecisse
2828 5105 3110 5174 professus
3143 5115 3248 5162 est.
3286 5109 3370 5162 Ad
3395 5114 3512 5165 haec
3549 5113 3666 5165 bea-

487 5234 555 5263 ¹⁰⁰
590 5233 780 5314 Matth.
810 5249 968 5314 svnt,
995 5233 1046 5314 7:
1127 5234 1142 5263 ⁸
1163 5233 1284 5314 Act;
1308 5250 1438 5314 _vu|,
1466 5235 1554 5314 μ’).
1635 5237 1654 5267 ³
1693 5235 1906 5289 Primus
1938 5237 2138 5314 Niceta
2160 5248 2214 5293 et
2245 5255 2365 5310 qua:
2399 5248 2708 5314 sequuntur
2735 5242 2996 5296 vocabula
3021 5259 3195 5314 usque
3225 5247 3295 5299 ad
3327 5245 3422 5300 illa
3451 5262 3572 5314 cap.
3603 5245 3666 5298 63

407 5315 628 5358 exortus
661 5312 740 5357 est
770 5312 842 5368 et,
889 5313 997 5358 etc.
1026 5304 1078 5357 in
1111 5304 1234 5358 cod.
1263 5303 1412 5373 Lips.
1446 5306 1679 5372 desunt;
1714 5323 1813 5360 nec
1843 5309 1984 5361 male
2012 5303 2342 5378 quidcmfut
2367 5303 2603 5366 videtur.

1691 5441 2060 5498 COTELERII
2101 5445 2335 5501 NOTAE.

479 5553 605 5628 (92),
628 5554 695 5628 Et
729 5555 992 5628 credentes
1007 5555 1185 5628 _mihi,
1219 5557 1464 5610 similiter
1510 5568 1652 5612 stare
1697 5560 1752 5612 in
1799 5575 1983 5628 perpe-

407 5633 554 5697 tuum
580 5627 794 5692 faciam.
822 5625 959 5678 Ilinc
977 5624 1861 5697 MenanderSimonisdiscipulus,
1887 5624 1983 5685 eos

407 5701 500 5769 qui
533 5696 860 5764 baptismum
894 5713 1050 5750 suutu
1086 5707 1433 5769 acceperant,
1458 5696 1984 5756 dicebat’ituu‘torta-

411 5765 491 5822 lus
522 5781 930 5838 permansuros.

2165 5563 2278 5632 (95)
2316 5562 2712 5618 Multitudine":
2736 5566 2952 5619 missam
2975 5566 3114 5635 fecit.
3138 5565 3328 5619 Risum
3353 5575 3540 5620 tenere
3561 5578 3657 5620 non

2092 5636 2269 5706 potui,
2292 5650 2414 5686 cum
2444 5650 2540 5704 pro
2573 5637 2676 5700 his,
2703 5637 2755 5688 in
2794 5638 3088 5705 impostore
3110 5639 3518 5706 pseudo-Alnlia
3545 5637 3657 5703 logi,

2091 5704 2435 5778 sacri/icittnt
2461 5707 2600 5770 fecit,
2655 5707 2812 5776 quasi
2866 5704 3133 5778 Scriptum
3172 5715 3320 5762 esset
3359 5707 3654 5767 duntaxat,

2096 5775 2309 5828 missam
2339 5775 2481 5845 μετὰ.
