3890 6192
236 310 378 366 1305

1388 300 1957 360 RECOGNITIONUM
1991 301 2120 358 LIB.
2163 300 2252 355 111,

3347 306 3489 363 15116

231 433 323 478 tus
351 423 551 480 Petrus
596 425 671 478 ita
709 425 993 496 respondit
1020 441 1032 475 :
1059 423 1205 479 Deus
1254 422 1350 492 qui
1391 438 1536 476 unus
1562 430 1616 477 et
1644 436 1806 476 verus
1836 422 1884 478 Α
1911 429 2092 473 autem
2125 417 2277 479 Deus
2301 426 2562 482 mter-nus,
2590 434 2646 472 e.
2689 423 3100 480 moemutabilis
3135 441 3483 495 permanens.

229 523 339 578 est,
363 516 739 587 Primogenito
770 533 872 572 suo
902 518 1109 572 amicos
1137 518 1311 571 bonos
1339 523 1395 570 et
1431 514 1616 568 ﬁdeles
1651 514 1810 568 insti—

229 609 338 662 tnit
369 623 709 678 pragparare;
742 609 926 664 sciens
959 617 1141 663 autem
1175 609 1304 675 quia
1349 607 1481 661 boni
1525 623 1649 663 esse
1697 622 1810 660 non

231 707 488 768 possunt,
543 700 652 754 nisi
716 701 953 755 habeant.
1001 701 1058 753 in
1105 706 1374 768 potestate
1424 714 1646 753 sensum
1701 713 1810 768 quo

231 789 367 844 ﬁant
409 790 562 854 boni,
594 798 660 844 ut
700 807 768 845 ex
814 807 915 846 suo
955 792 1238 861 proposito
1282 791 1385 844 hoc
1413 791 1522 845 sint
1545 789 1689 860 quod
1714 806 1804 843 vo-

228 884 375 946 Iunt,
417 883 622 952 alioqui
667 898 779 936 non
831 892 1072 953 possunt
1107 899 1233 939 esse
1270 898 1397 938 vere
1437 882 1590 946 boni,
1620 882 1666 937 si
1699 896 1810 936 non

228 975 515 1046 proposito
561 974 658 1029 sed
707 977 1036 1046 necessitate
1065 982 1386 1029 tenerentur
1423 973 1479 1027 in
1525 973 1690 1036 bono,
1713 988 1813 1042 po—

229 1076 485 1123 testatem
532 1067 683 1122 dedit
725 1069 1021 1137 unicuique
1069 1066 1286 1127 arbitrii
1331 1066 1439 1130 sui,
1471 1072 1529 1119 ut
1560 1065 1664 1119 hoc
1691 1080 1814 1120 esse

228 1160 410 1232 possit
436 1158 583 1230 quod
605 1159 738 1214 vult.
767 1159 835 1212 Et
853 1175 1073 1215 rursum
1103 1158 1406 1230 praevidens
1426 1157 1555 1228 quia
1580 1157 1684 1212 ista
1714 1172 1813 1227 po-

229 1259 409 1308 testas
457 1251 698 1318 arbitrii,
727 1253 868 1307 alios
903 1253 1128 1322 quidem
1165 1251 1372 1306 faceret
1410 1251 1612 1320 eligere
1642 1250 1809 1312 bona,

231 1342 374 1398 alios
403 1357 534 1396 vero
564 1343 728 1406 mala,
757 1353 812 1398 et
839 1358 936 1412 per
980 1343 1084 1396 hoc
1115 1343 1170 1396 in
1208 1341 1348 1397 duos
1375 1342 1599 1396 ordines
1620 1357 1813 1396 neces-

231 1434 383 1489 sario
413 1435 830 1504 propagandum
869 1441 1015 1490 esset
1046 1435 1332 1490 hominum
1363 1450 1561 1504 genus,
1596 1433 1812 1487 unicui-

231 1542 339 1596 que
365 1526 546 1580 ordini
577 1527 853 1583 concessit
877 1535 933 1582 et
964 1528 1145 1582 locum
1175 1534 1233 1581 et
1281 1541 1485 1597 regem,
1517 1542 1678 1596 quem
1700 1525 1813 1579 vel-

230 1618 306 1672 let
327 1618 560 1690 eligere;
596 1620 775 1674 bonus
817 1619 968 1674 enim
999 1636 1094 1674 rex
1127 1620 1290 1674 bonis
1314 1620 1538 1688 gaudet,
1567 1627 1622 1674 et
1651 1620 1812 1674 mali-

230 1726 372 1781 gnus
404 1711 584 1765 malis.
629 1710 696 1764 Et
725 1712 977 1781 quamvis
1003 1712 1118 1765 haac
1153 1711 1276 1774 tibi,
1301 1726 1335 1764 ο
1359 1710 1632 1773 Clemens,
1665 1710 1720 1763 in
1747 1724 1812 1764 eo

229 1809 490 1866 tractatu,
526 1820 688 1873 quem
723 1803 793 1858 de
827 1803 1188 1872 pratﬁnitione
1202 1811 1257 1857 et
1282 1802 1387 1856 ﬁne
1417 1802 1810 1863 disseruerant,

228 1896 451 1967 plenius
481 1894 854 1964 exposuerim,
880 1902 1064 1949 tamen
1105 1900 1160 1947 et
1190 1909 1338 1947 nunc
1377 1893 1682 1962 requirenti
1719 1893 1814 1946 Ni-

228 1998 368 2042 ceta:
396 1986 756 2041 manifestare
782 2002 870 2046 me
893 1987 1151 2042 convenit
1208 2001 1330 2056 quae
1371 1987 1443 2040 sit
1472 1987 1635 2050 ratio,
1671 1985 1816 2058 quod

227 2080 423 2134 Simon
467 2080 563 2150 qui
594 2087 788 2133 contra
820 2078 990 2134 Deum
1024 2079 1212 2144 sentit,
1244 2086 1396 2132 tanta
1441 2077 1622 2132 facere
1656 2078 1821 2132 mira-

227 2171 362 2225 bilia
393 2173 590 2242 potuit.

301 2259 438 2316 LIII.
483 2261 654 2332 Igitur
678 2262 857 2332 primo
885 2261 1152 2324 omnium,
1179 2260 1356 2315 malus
1383 2275 1508 2316 esse
1534 2259 1816 2330 judiratnr

224 2354 377 2423 apud
423 2353 594 2408 Deum
625 2355 694 2418 is,
723 2355 816 2423 qui
859 2354 1143 2422 requirere
1181 2369 1290 2406 non
1338 2354 1475 2417 vult,
1508 2354 1658 2423 quod
1707 2353 1813 2409 sibi

225 2446 473 2515 expedit.
494 2445 782 2511 Quomodo
811 2447 958 2499 enim
992 2445 1120 2498 talis
1151 2445 1254 2500 iste
1287 2445 1456 2498 alium
1483 2445 1691 2514 diliget,
1719 2444 1812 2514 qui

226 2537 594 2607 semetipsum
619 2553 728 2590 non
769 2536 980 2606 diligit?
1003 2536 1112 2590 Aut
1152 2537 1239 2590 cui
1275 2553 1384 2590 non
1417 2537 1521 2591 iste
1556 2536 1814 2590 inimicus

226 2628 357 2691 erit,
383 2628 476 2697 qui
507 2627 612 2682 sibi
641 2628 746 2698 ipsi
790 2629 1002 2682 amicus
1044 2643 1169 2682 esse
1202 2643 1310 2682 non
1342 2629 1516 2698 potuit
1537 2628 1560 2680 ?
1584 2626 1654 2681 Ut
1682 2643 1815 2697 ergo

226 2719 706 2789 distinguerentur
733 2719 827 2790 qui
857 2719 1002 2772 bona
1026 2727 1081 2773 et
1110 2720 1202 2788 qui
1234 2719 1446 2789 eligunt
1480 2720 1646 2783 mala,
1666 2719 1814 2775 Deus

227 2811 379 2882 quod
407 2812 541 2866 utile
567 2818 653 2867 est
675 2811 972 2865 occultavit
1001 2812 1338 2875 hominibus,
1372 2812 1424 2866 id
1455 2820 1559 2873 est,
1593 2828 1816 2882 posses-

227 2906 449 2958 sionem
479 2904 635 2975 regni
682 2904 970 2967 caelorum,
1001 2919 1234 2973 eamque
1285 2905 1430 2959 velut
1489 2905 1813 2960 thesaurum

227 3005 510 3056 secretum
540 2998 787 3067 reposuit
815 3006 869 3052 et
903 2996 1214 3060 abscondit,
1248 3005 1309 3050 ut
1341 2996 1408 3050 ad
1434 3012 1553 3051 eam
1588 3013 1698 3052 non
1729 2997 1813 3051 fa-

1912 508 2016 573 Qui
2049 523 2182 578 ergo
2225 524 2334 563 non
2378 509 2494 563 vult
2542 509 2822 580 inquirere
2873 513 3018 582 quod
3072 517 3173 570 sibi
3209 523 3340 574 utile
3379 529 3487 584 est,

1911 601 2090 655 malus
2120 609 2225 664 est,
2259 601 2315 656 in
2344 609 2557 655 tantum
2589 611 2649 656 ut
2686 604 2892 660 malitia
2940 622 3040 661 sua
3085 611 3262 677 ipsum
3297 615 3487 684 impie-

1913 694 2043 748 tatis
2075 695 2373 764 principem
2418 704 2658 764 superet.
2693 695 2785 752 Ille
2812 699 2956 752 enim
2990 700 3230 758 bonitate
3259 706 3349 760 Dei
3389 711 3489 762 ab-

1912 786 2086 838 utitur
2116 785 2184 839 ad
2217 787 2559 856 propositum
2593 789 2816 843 malitiae
2853 807 2985 855 suae,
3032 803 3085 847 et
3115 795 3218 850 sibi
3271 799 3484 867 placet;

1913 874 2005 928 hic
2031 884 2213 930 autem
2246 878 2440 933 salutis
2491 895 2604 934 sua:
2636 880 2776 934 bona
2804 885 3051 954 negligit,
3085 896 3144 940 ut
3180 890 3488 958 perditione

1915 966 1999 1020 sui
2040 969 2185 1022 malo
2215 969 2446 1037 placeat.

1987 1056 2100 1115 LV.
2141 1059 2374 1131 Propter
2405 1063 2508 1119 hos
2529 1080 2681 1136 ergo,
2723 1069 2815 1138 qui
2849 1070 3043 1126 salutis
3087 1088 3200 1128 sua:
3241 1078 3491 1148 neglectu

1914 1149 2134 1220 placent
2166 1153 2332 1218 malo,
2358 1161 2411 1208 et
2441 1171 2536 1211 eos
2570 1159 2664 1226 qui
2714 1160 2894 1215 studio
2925 1163 3180 1220 utilitatis
3221 1184 3333 1223 suae
3376 1171 3493 1239 pla-

1912 1257 2041 1298 cere
2089 1245 2322 1314 cupiunt
2369 1248 2535 1312 bono,
2570 1252 2724 1320 paria
2765 1255 3011 1323 quaedam
3038 1259 3103 1312 ad
3134 1263 3490 1318 tentationem

1915 1337 2172 1404 praesenti
2205 1339 2332 1393 huic
2379 1343 2580 1394 saeculo
2628 1352 2832 1398 statuta
2864 1358 2992 1402 sunt
3034 1349 3246 1415 decem,
3287 1369 3489 1408 secun-

1916 1425 2046 1480 dum
2099 1444 2387 1484 numerum
2434 1432 2622 1487 decem
2673 1437 2956 1507 plagarum
2989 1457 3111 1510 quae
3157 1444 3320 1499 illata:
3363 1455 3492 1502 sunt

1916 1517 2173 1590 Egypto.
2206 1521 2342 1576 Cum
2374 1525 2518 1578 enim
2573 1526 2787 1598 Moyses
2819 1533 3122 1588 secundum
3158 1549 3488 1608 praeceptum

1916 1608 2011 1666 Dei
2045 1621 2252 1680 peteret
2289 1631 2319 1669 a
2351 1614 2659 1682 Pharaone,
2695 1628 2755 1674 ut
2799 1624 3074 1680 en'iitteret
3122 1631 3404 1698 populum,
3437 1640 3490 1686 et

1919 1704 1986 1758 ad
2019 1707 2390 1762 testimonium
2427 1711 2674 1768 cmlestis
2714 1713 2926 1784 imperii
2963 1719 3118 1786 signa
3156 1722 3491 1791 ostenderet,

1918 1797 2163 1865 projecta
2190 1799 2244 1852 in
2276 1807 2477 1854 terrain
2521 1804 2672 1873 virga
2712 1820 2976 1862 conversa
3033 1819 3118 1864 est
3163 1811 3218 1865 in
3272 1829 3495 1884 serpen-

1919 1893 2026 1940 tem
2056 1887 2096 1942 ³.
2128 1887 2374 1959 Cumque
2411 1892 2480 1946 ob
2516 1893 2630 1948 haae
2662 1894 2878 1950 Pharao
2926 1914 3034 1952 non
3077 1902 3236 1956 vellet
3274 1904 3497 1973 acquie-

1919 1992 2097 2041 scere,
2131 1987 2322 2048 utpote
2374 1981 2584 2039 habens
2630 1986 2847 2040 arbitrii
2899 1989 3226 2057 libertatem,
3272 2009 3493 2049 rursum

1920 2069 2064 2139 magi
2116 2071 2316 2125 similia
2354 2074 2511 2143 Signa
2563 2076 2745 2133 facere
2797 2080 2900 2136 visi
2954 2091 3107 2150 sunt,
3148 2087 3495 2154 permittente

1918 2157 2048 2224 Deo,
2086 2170 2143 2215 ut
2197 2168 2535 2234 propositum
2582 2170 2726 2240 regis
2777 2173 3103 2242 probaretur
3153 2195 3221 2232 ex
3276 2181 3493 2236 arbitrii

1919 2252 2192 2320 libertate,
2223 2256 2268 2310 si
2311 2259 2484 2329 magis
2508 2263 2758 2318 crederet
2787 2266 2960 2335 signis
2979 2267 3150 2340 Moysi
3184 2273 3278 2341 qui
3313 2288 3344 2325 a
3382 2273 3494 2328 Deo

1917 2345 2122 2402 missus
2152 2358 2256 2410 est,
2296 2366 2460 2420 quam
2505 2353 2592 2409 bis
2623 2372 2745 2425 quae
2777 2359 2919 2429 magi
2949 2361 3280 2417 videbantur
3307 2368 3495 2436 potius

1918 2435 2117 2501 facere,
2150 2455 2312 2508 quam
2361 2441 2669 2512 faciebant;
2704 2464 2841 2517 quos
2872 2451 3021 2519 ipsos
3055 2454 3242 2524 utique
3275 2435 3496 2514 nomine

1917 2527 2222 2599 intelligere
2279 2532 2544 2588 debuerat
2601 2554 2710 2592 non
2741 2556 2866 2596 esse
2909 2547 3193 2614 operarios
3223 2551 3492 2614 veritatis,

1916 2621 2064 2691 quod
2119 2638 2226 2677 non
2261 2639 2290 2676 a
2338 2623 2449 2680 Deo
2503 2629 2655 2684 missi
2704 2633 2799 2686 scd
2853 2636 2995 2705 magi
3056 2640 3491 2708 appellabantur,

1917 2714 2060 2767 sicut
2083 2725 2135 2768 et
2167 2717 2391 2772 traditio
2419 2719 2648 2776 indicat.
2672 2722 2919 2795 Denique
2949 2745 3125 2799 usque
3150 2732 3217 2786 ad
3257 2735 3495 2805 aliquem

1917 2802 2098 2861 locum
2126 2805 2223 2860 visi
2250 2817 2379 2862 sunt
2413 2810 2619 2866 habere
2651 2824 2950 2880 certamen,
2984 2830 3038 2874 et
3066 2830 3193 2892 post
3223 2802 3498 2882 haec-con—

1916 2898 2046 2953 fessi
2084 2901 2152 2954 de
2191 2917 2250 2958 se
2290 2919 2509 2960 cessere
2541 2909 2753 2963 meliori
2781 2908 2818 2966 ⁸.
2865 2912 3155 2970 lnducitur
3180 2933 3311 2990 ergo
3334 2923 3494 2993 plaga

1915 2994 2107 3048 ultima
2129 2995 2171 3059 ⁸,
2198 2997 2456 3053 interitus
2505 3002 2926 3070 primitivorum,
2981 3015 3038 3062 et
3089 3017 3223 3065 tunc
3279 3013 3495 3086 Moyses

230 3089 339 3143 cile
372 3089 497 3159 quis
538 3088 712 3158 possit
747 3089 946 3143 virtute
993 3095 1048 3142 et
1092 3088 1323 3142 scientia
1364 3090 1651 3158 pervenire
1680 3104 1812 3158 pro-
1840 3127 1885 3186 Ο
1913 3084 2140 3153 iubetur
2192 3091 2455 3159 populum
2517 3097 2910 3163 eonspersione
2952 3101 3238 3170 sanguinis
3298 3120 3496 3161 cense-

230 3178 379 3249 pria,
407 3178 609 3234 famam
633 3187 817 3234 tamen
845 3179 990 3248 ejus,
1017 3179 1254 3234 diversis
1284 3179 1602 3235 nominibus
1619 3193 1670 3234 et
1693 3180 1807 3249 opi-

231 3271 492 3326 trionibus
513 3287 608 3341 per
623 3271 1008 3342 generationes
1036 3271 1285 3341 singulas
1317 3271 1386 3326 ad
1414 3273 1663 3326 omnium
1689 3287 1816 3343 per-

231 3363 393 3419 duxit
423 3363 693 3428 auditum,
732 3371 792 3417 ut
831 3365 877 3418 si
908 3363 1002 3435 qui
1035 3362 1178 3418 forte
1203 3370 1390 3418 essent
1417 3374 1691 3419 amatores
1719 3365 1814 3419 bo—

232 3453 314 3517 ni,
348 3454 633 3508 audientes
676 3455 823 3523 quod
861 3454 968 3508 sibi
1012 3462 1160 3508 esset
1211 3455 1344 3509 utile
1375 3462 1429 3510 et
1461 3455 1702 3510 salutare
1726 3473 1816 3512 re-

232 3543 521 3614 quirerent
561 3554 615 3600 et
666 3546 1013 3612 invenirent;
1049 3545 1392 3616 requirerent
1433 3555 1614 3601 autem
1649 3564 1756 3602 non
1784 3564 1814 3602 a

235 3638 568 3706 semetipsis,
601 3639 695 3692 sed
739 3640 807 3692 ab
854 3655 921 3694 eo
973 3639 1066 3708 qui
1095 3639 1414 3702 occultavit,
1446 3640 1676 3709 darique
1709 3640 1814 3694 sibi

234 3729 538 3786 accedendi
589 3730 797 3784 aditum
856 3741 909 3786 et
962 3733 1104 3786 viam
1161 3734 1403 3786 scientiae
1437 3740 1811 3801 precarentur,

232 3830 359 3884 quze
394 3815 504 3870 illis
524 3817 660 3871 solis
698 3819 962 3898 panditur
991 3820 1083 3889 qui
1106 3836 1226 3875 eam
1249 3837 1414 3890 super
1441 3823 1625 3876 omnia
1656 3838 1818 3875 mun—

227 3907 286 3962 di
319 3909 487 3977 hujus
526 3910 819 3981 diligerent
862 3915 1028 3978 bona,
1065 3930 1167 3969 nec
1214 3916 1322 3968 alio
1368 3916 1494 3984 quis
1540 3923 1701 3984 pacto
1730 3917 1814 3970 vel

231 4001 541 4070 intelligere
582 4019 701 4056 eam
732 4005 905 4074 possit
933 4007 1148 4061 etiamsi
1180 4008 1643 4076 prudentissimus
1670 4009 1814 4063 vide-

232 4099 419 4159 retur;
451 4093 506 4145 lii
547 4109 698 4159 vero,
735 4097 830 4166 qui
868 4099 1240 4168 neglexissent
1286 4101 1432 4168 quod
1464 4100 1569 4154 sibi
1601 4101 1734 4154 utile
1759 4109 1813 4155 et

229 4183 477 4238 salutare
502 4194 652 4240 esset
676 4187 974 4256 inquirere,
1001 4199 1261 4260 tanquam
1290 4208 1349 4246 se
1381 4191 1530 4261 ipsos
1559 4193 1685 4246 odio
1716 4194 1815 4247 lia~

231 4275 430 4329 bentes
461 4284 515 4329 et
557 4281 867 4348 semetipsis
894 4281 1103 4336 inimici
1138 4283 1534 4340 fraudarcntur
1554 4286 1675 4355 ejus
1707 4287 1809 4342 b0-

231 4365 344 4430 nis,
378 4367 526 4420 velut
559 4370 652 4438 qui
690 4370 977 4441 diligerent
1007 4375 1171 4430 mala.

1916 3191 2095 3242 crare,
2125 3187 2290 3250 atque
2341 3181 2415 3236 ita
2464 3199 2660 3254 magna
2699 3201 2826 3240 cum
2877 3205 3037 3258 prece
3073 3193 3276 3249 oblatis
3323 3198 3492 3250 etiam

1915 3271 2260 3337 muneribus,
2293 3289 2418 3327 cum
2448 3278 2650 3346 populo
2684 3289 2907 3348 rogatur
2937 3281 3260 3342 abscedere.

1986 3360 2120 3416 LVI.
2145 3361 2324 3418 Simili
2353 3380 2483 3435 ergo
2513 3367 2674 3422 modo
2714 3371 2874 3424 etiam
2907 3389 3054 3428 nunc
3095 3391 3193 3444 per
3222 3393 3310 3433 me
3337 3379 3496 3434 video

1917 3454 2053 3522 geri.
2086 3455 2240 3510 Sicut
2271 3457 2416 3511 enim
2475 3466 2604 3513 tunc
2662 3460 2849 3533 Moyse
2901 3464 3158 3522 hortante
3212 3485 3393 3541 regem
3434 3482 3486 3526 ut

1917 3545 2164 3602 crederet
2200 3547 2325 3612 Deo,
2354 3551 2699 3607 obsistebant
2743 3556 2884 3626 magi
2929 3559 3087 3626 quasi
3125 3565 3494 3620 ostentatione

1919 3636 2181 3690 similium
2209 3640 2512 3709 signorum,
2538 3652 2590 3697 et
2613 3660 2643 3697 a
2674 3646 2854 3702 salute
2885 3648 3197 3708 incredulos
3237 3655 3487 3723 prohibe-

1917 3729 2068 3790 bant,
2105 3729 2177 3782 ita
2212 3744 2267 3785 et
2323 3749 2468 3786 nunc
2498 3750 2622 3787 cum
2652 3752 2753 3804 ego
2791 3739 3014 3794 exierint
3071 3743 3267 3800 docere
3303 3761 3496 3804 omnes

1916 3831 2107 3890 gentes
2136 3831 2194 3877 ut
2224 3826 2447 3880 credant
2486 3845 2614 3882 vero
2649 3828 2779 3891 Deo,
2815 3831 3000 3887 Simon
3040 3832 3226 3907 Magus
3261 3843 3488 3905 resistit,

1916 3911 2105 3967 eadem
2134 3928 2302 3984 agens
2331 3915 2619 3972 adversum
2649 3936 2752 3983 me,
2779 3938 2900 3989 qua:
2929 3933 2982 3977 et
3005 3924 3080 3978 illi
3107 3935 3236 3982 tunc
3264 3942 3492 3999 egerunt

1918 4007 2208 4060 adversum
2236 4007 2482 4079 Moysen,
2511 4021 2568 4063 ut
2600 4017 2644 4065 si
2677 4016 2768 4080 qui
2802 4027 2932 4071 sunt
2962 4036 3026 4073 ex
3073 4026 3352 4090 gentibus,
3398 4028 3491 4094 qui

1918 4114 2024 4151 non
2058 4102 2447 4170 rectojudicio
2499 4112 2764 4171 utuntur,
2817 4124 3152 4179 appareant,
3211 4120 3492 4173 salvt'ntur

1917 4199 2101 4244 autem
2137 4193 2228 4261 qui
2259 4193 2540 4263 signorum
2573 4206 2783 4252 rectum
2833 4200 3129 4258 discrimen
3177 4207 3488 4267 habuerint.

1916 4280 2043 4336 Ilaec
2075 4284 2291 4340 dicente
2333 4284 2514 4350 Petro,
2547 4287 2735 4343 Niceta
2769 4295 3046 4362 respondit
3088 4315 3100 4350 :
3134 4297 3374 4354 Obsecro
3415 4311 3488 4365 te,

1917 4383 1978 4427 ut
2005 4376 2049 4428 si
2081 4376 2211 4444 quid
2241 4377 2308 4430 ad
2345 4379 2663 4432 memoriam
2694 4382 2862 4444 venit,
2888 4387 3174 4452 permittas
3210 4391 3338 4444 mihi
3365 4408 3492 4461 pro-

305 4454 444 4513 ων,
483 4457 712 4530 oportet
741 4478 870 4533 ergo
898 4465 1071 4520 ιωηοε
1096 4467 1322 4538 diligere
1346 4484 1464 4524 eam
1493 4486 1658 4540 super
1686 4487 1804 4525 om-
1839 4469 1884 4525 D
1917 4464 2078 4519 ferre.
2112 4463 2248 4519 Tum
2277 4465 2472 4523 Petrus
2503 4469 2804 4527 delectatus
2834 4489 3001 4544 super
3021 4479 3203 4533 studio
3245 4454 3489 4552 discipu-

233 4548 351 4610 nia,
398 4549 452 4602 id
503 4559 609 4615 est,
654 4568 821 4623 super
864 4556 1110 4621 divitias,
1139 4560 1392 4629 gloriam,
1430 4564 1697 4632 requiem,
1725 4580 1816 4633 pa—

234 4645 448 4702 rentes,
483 4638 846 4710 propinquos,
879 4646 1088 4701 amicos
1128 4658 1182 4703 et
1235 4666 1396 4704 omne
1444 4652 1664 4721 quodin
1710 4655 1815 4707 hoc

231 4729 444 4782 mundo
477 4739 583 4786 est.
621 4731 723 4797 Qui
753 4750 886 4788 vero
915 4737 1162 4805 perfecte
1194 4740 1369 4812 diligit
1405 4746 1813 4813 possessionem

229 4821 380 4877 hanc
423 4826 579 4894 regni
630 4828 919 4891 caelorum,
967 4831 1190 4901 abjiciet
1248 4836 1368 4890 sine
1403 4836 1570 4892 dubio
1593 4855 1813 4895 omnem

230 4915 393 4969 malae
423 4919 845 4976 consuetudinis
869 4937 1053 4983 usum,
1087 4927 1496 4996 negligentiam,
1516 4929 1805 4994 desidiam,

230 5005 522 5071 malitiam,
549 5007 710 5073 iram,
737 5019 1047 5082 cunctaque
1077 5013 1164 5068 his
1191 5016 1415 5072 similia.
1447 5016 1580 5072 Nam
1609 5020 1656 5074 si
1678 5020 1810 5090 quid

228 5095 430 5149 horum
478 5100 787 5166 przetuleris
833 5103 905 5165 ei,
957 5112 1216 5173 tanquam
1260 5109 1353 5177 qui
1386 5110 1508 5178 plus
1549 5110 1809 5168 dilexeris

227 5190 467 5257 propria:
495 5190 735 5247 libidinis
758 5193 888 5246 vitia
919 5210 1080 5263 quam
1107 5196 1296 5262 Deum,
1315 5200 1382 5253 ad
1402 5203 1808 5270 possessionem

228 5281 387 5351 regni
421 5283 665 5338 caelestis
696 5287 983 5354 pervenire
1022 5306 1131 5343 non
1163 5293 1392 5360 poteris,
1433 5295 1560 5362 quia
1598 5305 1652 5349 et
1677 5313 1807 5351 vere

229 5373 464 5427 stultum
494 5381 598 5439 est,
635 5377 839 5448 aliquid
868 5381 990 5449 plus
1038 5396 1222 5436 amare
1253 5400 1416 5452 quam
1458 5385 1648 5442 Deum.
1682 5388 1808 5444 Sive

226 5468 379 5521 enim
422 5475 682 5537 parentes
736 5479 887 5536 sunt,
937 5475 1281 5544 moriuntur;
1315 5478 1431 5533 sive
1491 5482 1802 5552 propinqui,

225 5575 346 5616 non
373 5570 734 5634 permanent;
766 5565 883 5622 sive
926 5568 1112 5635 amici,
1165 5578 1472 5627 mutantur.
1508 5573 1671 5628 Solus
1720 5584 1806 5631 est

293 5718 324 5752 ³
350 5716 522 5775 Exod.
548 5736 646 5780 vn.
674 5738 794 5779 vm.
865 5724 887 5755 ⁸
929 5723 1101 5782 Exod.
1131 5740 1251 5787 vm,
1286 5727 1370 5784 19.

1487 5728 1505 5758 ⁸
1539 5728 1707 5784 Exod.
1748 5747 1843 5787 xu.

1915 4558 2120 4611 lorum:
2159 4558 2275 4620 Dic,
2297 4560 2496 4630 inquit,
2527 4563 2672 4632 quod
2704 4565 2810 4620 vis.

1986 4649 2144 4709 LVII.
2177 4651 2242 4706 Et
2265 4651 2454 4708 Niceta
2485 4655 2592 4707 ait:
2629 4655 2770 4720 Quid
2799 4672 3098 4728 peccavere
3129 4661 3394 4734 Egyptii,
3440 4671 3488 4723 si

1912 4753 2022 4792 non
2053 4740 2404 4796 crediderunt
2435 4741 2627 4814 Moysi,
2663 4760 2786 4799 cum
2816 4754 2870 4801 et
2910 4752 3050 4820 magi
3102 4755 3299 4809 similia
3331 4760 3488 4828 signa

1912 4831 2164 4898 fecerint,
2186 4835 2405 4890 etiamsi
2439 4837 2760 4893 viderentur
2787 4844 2968 4910 potius
3002 4846 3117 4900 fieri
3149 4865 3311 4918 quam
3344 4855 3489 4907 veri-

1917 4932 2029 4981 tate
2053 4927 2284 4984 ﬁerent?
2307 4929 2441 4984 Nam
2467 4941 2520 4986 et
2547 4933 2591 4986 si
2615 4948 2715 5003 ego
2739 4933 2962 4991 fuissem
2991 4947 3141 5006 tunc,
3168 4959 3232 4998 ex
3260 4961 3325 4999 eo
3342 4950 3485 5018 quod

1918 5018 2060 5087 magi
2093 5019 2293 5074 similia
2322 5020 2616 5089 faciebant,
2649 5043 2833 5083 nonne
2860 5038 2953 5082 aut
3001 5031 3221 5104 Moysen
3269 5053 3484 5108 magum

1917 5110 2297 5178 credidissem,
2331 5125 2630 5186 autmagos
2657 5135 2780 5189 qua:
2809 5124 3191 5192 ostendebant,
3223 5127 3485 5186 divinitus

1917 5201 2096 5257 facere
2127 5209 2446 5274 putassem?
2477 5212 2603 5279 quia
2636 5229 2742 5267 non
2779 5216 2913 5268 mihi
2944 5217 3240 5274 verisimile
3272 5221 3486 5276 videre-

1916 5302 2026 5357 tur,
2061 5297 2182 5351 licct
2208 5314 2304 5366 per
2332 5301 2698 5374 phantasiam,
2728 5309 2915 5362 eadem
2946 5316 3125 5364 tamen
3151 5310 3287 5366 ellici
3316 5328 3344 5366 a
3370 5329 3486 5368 ma-

1915 5389 1998 5456 gis
2030 5406 2211 5458 posse,
2243 5407 2365 5461 qua:
2393 5395 2484 5448 ille
2505 5397 2596 5465 qui
2627 5413 2656 5450 a
2682 5397 2792 5453 Deo
2819 5401 3022 5456 missus
3054 5412 3159 5467 est,
3202 5412 3484 5472 perpetra-

1914 5482 2025 5536 bat.
2053 5484 2118 5538 Et
2151 5503 2300 5542 nunc
2319 5504 2450 5558 ergo
2474 5491 2604 5560 quid
2634 5503 2866 5561 peccant
2894 5495 2945 5548 hi
2971 5496 3062 5564 qui
3098 5496 3307 5552 Simoni
3358 5513 3482 5553 crc-

1913 5578 2072 5644 dunt,
2106 5596 2230 5635 cum
2255 5581 2475 5638 videant
2505 5600 2627 5640 eum
2661 5592 2810 5640 tanta
2843 5586 3022 5644 facere
3039 5588 3304 5644 mirabilia
3322 5590 3348 5644 Υ
3369 5591 3480 5647 Ant
