3890 6192
466 304 610 359 1307

1353 300 1412 356 S.
1451 298 1849 356 CLEMENTIS
1883 299 1900 352 I
1938 297 2105 354 “OH.
2143 298 2344 357 PONT.
2375 300 2604 358 OPEIIA
2644 303 2872 362 DUBIA.

3592 311 3614 362 ι
3623 308 3718 365 sus

467 436 574 474 nuu
607 427 694 476 est
729 419 978 473 mirabile
1007 434 1106 490 per
1129 434 1308 473 aerem
1335 421 1546 485 volare,
1590 420 1703 492 igni
1742 419 2036 473 admistqu
2068 419 2113 474 Λ
2143 420 2377 487 gmeutis
2420 421 2683 476 virtutum
2716 423 3022 478 movebitur
3047 425 3120 480 ad
3164 423 3498 489 secundum,
3542 434 3600 479 et
3659 441 3716 478 ex

464 531 636 572 unum
658 529 861 584 corpus
882 512 1041 575 eilici,
1093 512 1278 566 facere
1321 521 1533 570 statuas
1585 513 1820 581 ingredi,
1875 527 2042 566 canes
2089 566 2094 574 _

455 619 638 659 aereos
683 605 903 670 latrare,
934 611 989 657 et
1026 605 1132 658 alia
1163 603 1249 660 bis
1273 605 1494 668 similia,
1539 621 1660 674 quae
1689 605 1877 674 utique
1928 603 2044 658 dis-

463 700 764 752 cretioncm
797 699 1174 753 nescientibus
1224 699 1360 752 satis
1391 698 1527 752 mira
1556 698 1726 751 sunt?
1758 697 1864 753 Sed
1895 698 2043 752 etde

467 792 740 862 lapidibus
765 792 917 846 visus
941 800 1027 847 cst
1057 807 1225 862 panes
1252 791 1449 847 facere.
1478 791 1634 857 Quod
1662 791 1707 847 si
1735 800 1926 862 peccat
1945 791 2040 862 qui

460 889 618 956 signa
661 884 991 944 facientibus
1043 884 1253 948 credit,
1285 884 1562 954 quomodo
1618 899 1726 937 non
1780 898 2040 954 peccasse

466 979 738 1034 videbitur
787 989 840 1032 et
892 978 959 1041 is,
1026 979 1121 1048 qui
1185 976 1414 1032 Domino
1483 986 1673 1032 nostro
1722 993 1819 1048 pro
1867 977 2039 1048 signis

454 1082 516 1124 et
545 1070 840 1124 virtutibus
864 1069 1135 1123 credidit?

535 1162 715 1218 LVIII.
753 1163 818 1216 Et
852 1163 1046 1217 Petrus
1079 1164 1185 1217 ait:
1235 1161 1494 1217 Libenter
1536 1163 1750 1232 accipio
1796 1162 1942 1233 quod
1972 1162 2040 1216 dc

461 1259 701 1309 veritate
733 1256 797 1307 ad
834 1255 1096 1310 amussim
1132 1255 1392 1323 requiris.
1421 1264 1474 1307 et
1505 1254 1886 1322 impedimenta
1913 1253 2036 1307 fidei

461 1348 516 1399 in
557 1346 737 1398 anima
765 1352 855 1398 tua
890 1346 1062 1400 latere
1096 1360 1202 1399 non
1238 1344 1464 1414 pateris.
1505 1343 1655 1398 Unde
1685 1351 1738 1396 et
1772 1343 2036 1397 medelam

459 1437 722 1506 coiisequi
744 1435 900 1490 facile
924 1444 1098 1505 potes.
1127 1435 1422 1490 Meministi
1448 1435 1592 1504 quod
1622 1435 1776 1504 pejus
1792 1435 2035 1488 omnium

459 1544 583 1582 esse
619 1528 755 1589 dixi.
791 1543 915 1581 cum
949 1528 1072 1596 quis
1104 1526 1329 1596 negligit
1359 1524 1504 1595 quod
1532 1526 1636 1581 sibi
1685 1525 1905 1596 expedit
1953 1524 2039 1577 di-

459 1621 656 1675 scere?
685 1618 748 1672 Et
796 1616 985 1671 Niceta
1040 1618 1354 1688 respondit:
1409 1617 1647 1671 Memini.
1695 1615 1926 1672 Petrus:
1974 1615 2038 1670 Et

456 1723 680 1763 rursum
704 1707 847 1776 quod
899 1705 1040 1760 Deus
1085 1708 1383 1760 occultavit
1421 1707 1707 1762 veritatem
1761 1722 1940 1771 suam,
1973 1715 2034 1760 ut

453 1816 578 1854 eam
611 1799 696 1854 his
726 1800 819 1869 qui
853 1815 912 1854 se
946 1797 1184 1853 fideliter
1211 1808 1516 1862 sectantur,
1547 1800 1797 1870 aperiat?
1849 1798 1912 1853 Et
1943 1799 2037 1854 Ni-

454 1902 610 1944 ccta:
671 1891 748 1945 Ne
801 1891 904 1944 hoc
946 1891 1168 1961 quidem
1195 1891 1402 1946 oblitus
1433 1907 1576 1946 sum.
1637 1889 1774 1945 Tum
1802 1889 2032 1944 Petrus:

454 1985 602 2050 Quid
635 2000 767 2053 ergo
790 1993 972 2054 putas,
1002 1985 1130 2055 quia
1157 1985 1210 2038 in
1249 1992 1450 2039 terram
1483 1983 1757 2040 defossam
1803 1985 2039 2040 abscon-

458 2075 601 2128 derit
633 2075 774 2130 Deus
805 2075 1088 2130 veritatem
1107 2084 1161 2130 et
1184 2081 1398 2129 montes
1431 2075 1479 2130 ei
1510 2077 1942 2145 superposuerit,
1977 2083 2036 2129 ut

461 2167 531 2223 ab
556 2167 643 2223 his
664 2167 756 2237 qui
782 2168 834 2221 in
863 2166 1194 2238 profundum
1221 2167 1409 2222 fodere
1430 2169 1632 2231 valent,
1658 2170 2037 2224 tantummodo

458 2260 694 2314 inveniri
727 2260 942 2332 possit?
983 2258 1101 2314 Non
1148 2259 1219 2312 ita
1247 2269 1372 2324 est,
1415 2259 1510 2314 sed
1542 2260 1688 2312 sicut
1718 2269 1932 2315 montes
1983 2270 2035 2314 et

456 2358 662 2405 terram
693 2351 817 2405 cmli
863 2351 1069 2405 ambitu
1121 2349 1505 2412 circumdedit,
1567 2349 1638 2402 ita
1669 2357 1722 2403 et
1753 2349 2033 2404 veritatem

457 2444 748 2499 charitatis
801 2459 915 2498 sua:
961 2443 1230 2497 velamine
1273 2441 1535 2504 contexit,
1567 2450 1627 2494 ut
1674 2441 1766 2495 ille
1811 2441 1875 2494 ad
1915 2456 2034 2494 eam

451 2535 610 2590 solus
641 2535 925 2605 pervenire
948 2534 1146 2605 possit,
1177 2535 1269 2604 qui
1295 2533 1450 2604 prius
1475 2533 1702 2603 januam
1723 2533 2036 2588 dilectionis

459 2629 660 2682 divinae
687 2628 1010 2698 pulsaverit.

531 2717 665 2774 LIX.
702 2717 913 2771 Etenim
940 2716 1084 2787 quod
1122 2715 1274 2786 prius
1315 2717 1500 2773 dicere
1545 2733 1849 2790 coeperam,
1883 2718 2035 2787 paria

456 2813 705 2882 quadam
765 2811 893 2866 huic
943 2809 1147 2864 mundo
1193 2809 1506 2866 destinasse
1565 2811 1768 2866 Deum:
1820 2812 1909 2866 ille
1940 2812 2033 2881 qui

463 2908 671 2976 primus
697 2920 761 2958 ex
789 2905 1010 2974 paribus
1041 2903 1207 2968 venit,
1242 2918 1272 2956 a
1303 2905 1446 2956 malo
1478 2914 1588 2965 est,
1616 2904 1710 2974 qui
1735 2904 2032 2967 secundus,

459 3017 488 3052 a
521 3001 686 3055 bono.
713 2996 903 3068 Iuﬁuo
934 2997 1230 3064 unicuique
1274 2995 1559 3050 hominum
1616 2997 1752 3066 justi
1813 2998 2034 3052 occasio

2145 509 2556 578 comparatione
2581 526 2703 581 qua:
2724 512 2836 566 sint
2865 513 3078 582 potiora
3100 513 3497 584 deprehendet,
3530 529 3718 584 quam-

2142 600 2228 656 vis
2249 601 2538 658 manifesta
2559 603 2869 659 habeantur
2888 604 3092 660 indicia
3115 607 3256 676 apud
3279 608 3534 663 eruditos
3558 624 3718 678 quos-

2142 708 2272 764 que,
2299 694 2442 749 sicut
2463 710 2562 766 per
2593 696 2805 752 ordinis
2833 699 3280 768 consequentiam
3317 698 3718 756 demonstravi-

2143 799 2286 840 mus.
2342 785 2399 841 Si
2430 803 2561 843 vero
2588 798 2845 860 tanquam
2895 805 3064 845 sanus
3094 792 3217 860 quis
3255 800 3308 847 et
3359 792 3458 862 qui
3513 794 3716 849 medico

2141 893 2251 932 non
2288 878 2549 949 indigeat,
2588 895 2697 934 non
2723 890 2808 936 est
2851 889 3158 937 commotus
3192 881 3259 936 ad
3307 884 3557 952 primum
3585 925 3601 948 ,
3646 886 3714 939 rei

2142 971 2314 1038 ipsius
2338 973 2746 1040 perseverantia
2783 972 3139 1027 suscitabitur
3161 973 3228 1026 ad
3253 973 3590 1037 secundum,
3619 976 3718 1030 dis-

2144 1063 2577 1133 tinctioneinqne
2635 1064 2914 1135 signorum
2954 1074 3010 1118 et
3058 1065 3386 1119 mirabilium
3440 1065 3612 1121 faciet
3667 1067 3714 1121 in

2141 1151 2288 1206 hunc
2320 1153 2540 1207 modum
2573 1155 2717 1225 (94):
2755 1155 2850 1210 Ille
2875 1156 2969 1226 qui
3007 1171 3035 1210 a
3067 1157 3208 1212 malo
3237 1165 3342 1221 est,
3397 1159 3567 1229 signa
3605 1174 3716 1229 qua

2139 1243 2292 1308 facit,
2325 1245 2458 1299 nulli
2491 1254 2723 1315 prosunt
2749 1266 2764 1315 ;
2797 1249 2887 1302 illa
2911 1264 3044 1304 vero
3075 1265 3196 1319 qua:
3231 1249 3360 1306 facit
3391 1251 3600 1316 bonus,
3626 1253 3716 1308 ho-

2142 1335 2380 1392 minibus
2408 1349 2660 1407 prosunt.

2211 1429 2325 1483 LX.
2355 1430 2489 1484 Nam
2529 1430 2638 1494 dic,
2672 1447 2878 1502 quaeso,
2910 1449 3030 1504 quae
3059 1434 3266 1489 utilitas
3303 1444 3390 1491 est
3431 1437 3714 1492 ostendere

2139 1529 2353 1580 statuas
2377 1525 2738 1591 ambulantes,
2770 1528 2968 1583 latrare
3006 1545 3180 1585 ειη-θος
3212 1540 3304 1584 aut
3337 1531 3591 1600 lapideos
3626 1547 3710 1585 ca-

2139 1632 2260 1681 nes,
2286 1617 2452 1673 salire
2486 1629 2723 1682 montes,
2770 1621 2956 1676 volare
3003 1638 3098 1691 per
3135 1638 3333 1686 aerem,
3390 1631 3450 1678 et
3497 1624 3601 1677 alia
3637 1625 3712 1679 his

2140 1710 2365 1776 similia,
2393 1728 2514 1780 qua:
2543 1713 2728 1769 dicitis
2766 1715 2961 1771 fecisse
2993 1715 3312 1772 Simonem?
3354 1717 3496 1782 Quae
3541 1727 3709 1770 autem

2141 1817 2172 1856 a
2205 1803 2349 1857 bono
2379 1812 2527 1867 sunt,
2553 1805 2620 1858 ad
2658 1806 2939 1861 hominum
2978 1811 3209 1864 salutem
3259 1807 3611 1870 deferuntur,
3664 1817 3711 1860 ut

2140 1908 2270 1952 sunt
2301 1897 2391 1951 illa
2421 1914 2542 1968 qua!
2573 1897 2702 1953 fecit
2729 1897 2991 1957 Dominus
3021 1909 3226 1968 noster,
3255 1901 3348 1972 qui
3374 1901 3507 1955 fecit
3540 1915 3707 1954 caaeos

2139 1989 2346 2052 videre,
2389 1989 2516 2044 fecit
2538 1992 2736 2046 surdos
2770 1992 2982 2056 audire,
3015 1993 3224 2049 debiles
3246 2000 3300 2048 et
3322 1991 3560 2047 claudos
3599 2008 3712 2046 ere-

2139 2083 2240 2148 xit,
2275 2085 2564 2154 languores
2589 2091 2644 2138 et
2673 2085 2952 2141 daemones
2983 2086 3262 2156 eﬂugavit,
3290 2095 3546 2140 mortuos
3593 2083 3709 2138 fecit

2139 2189 2448 2246 resurgere,
2481 2184 2536 2230 et
2559 2176 2663 2230 alia
2686 2176 2772 2231 his
2797 2177 2996 2232 similia
3025 2193 3144 2247 quae
3165 2177 3329 2231 etiam
3355 2192 3461 2245 per
3492 2193 3577 2230 me
3603 2175 3706 2229 fieri

2139 2265 2358 2320 videtis.
2393 2263 2496 2320 Ista
2529 2282 2659 2337 ergo
2689 2267 2844 2338 signa
2869 2284 2991 2338 qua:
3043 2268 3109 2322 ad
3154 2267 3390 2322 salutem
3438 2267 3706 2321 hominum

2138 2364 2370 2426 prosunt
2411 2365 2465 2412 et
2497 2358 2704 2427 aliquid
2731 2359 2858 2412 boni
2889 2359 3202 2414 hominibus
3240 2357 3574 2419 conferunt,
3604 2372 3707 2410 ma-

2139 2446 2319 2515 lignus
2370 2444 2548 2500 facere
2590 2463 2698 2501 non
2735 2456 2942 2517 potest,
2981 2449 3084 2503 nisi
3135 2449 3189 2502 in
3219 2448 3320 2503 fine
3354 2449 3550 2503 mundi
3597 2457 3705 2500 tan-

2138 2545 2250 2588 tum
2281 2534 2416 2605 (95).
2445 2533 2599 2590 Tunc
2617 2537 2762 2590 enim
2788 2537 3094 2593 admiscere
3119 2539 3169 2593 ei
3192 2539 3532 2593 concedetur
3544 2538 3706 2606 aliqua

2138 2627 2304 2680 etiam
2334 2627 2402 2680 de
2453 2627 2662 2682 dextris
2713 2629 2910 2698 signis,
2962 2629 3016 2683 id
3064 2637 3183 2692 est,
3218 2639 3276 2683 ut
3307 2630 3396 2684 vel
3447 2630 3704 2684 daemones

2139 2718 2309 2789 fuget,
2348 2719 2429 2773 vel
2456 2721 2814 2790 aegritudines
2845 2730 3022 2785 sanet,
3045 2729 3100 2776 et
3133 2731 3352 2792 propter
3409 2722 3516 2776 hoc
3537 2761 3551 2785 ,
3595 2731 3703 2773 tan-

2136 2828 2300 2882 quam
2326 2814 2416 2882 qui
2448 2816 2750 2868 excesserit
2769 2815 3037 2869 terminos
3058 2830 3189 2869 suos
3211 2815 3334 2868 etin
3359 2817 3697 2885 semetipsum

2138 2903 2348 2956 divisus
2379 2904 2472 2965 sit,
2503 2919 2566 2957 ac
2601 2905 2956 2974 semetipsum
3013 2905 3435 2975 impugnaverit,
3470 2906 3700 2960 destrue-

2140 3006 2249 3050 tur.
2277 2993 2342 3048 Et
2377 3004 2663 3065 propterea
2697 2995 2962 3052 Dominus
3007 2997 3278 3066 praedixit,
3312 2999 3369 3051 in
3399 2997 3696 3051 novissimis

455 3091 650 3160 iudicii
682 3091 864 3152 datur,
900 3090 1015 3143 sive
1047 3089 1279 3157 simplex
1334 3088 1425 3143 ille
1473 3090 1564 3153 sit,
1619 3090 1735 3145 sive
1770 3091 2029 3160 prudens.
2060 3093 2106 3153 ο
2138 3088 2477 3158 temporibus
2509 3089 2863 3143 tentationcm
2891 3087 3127 3142 futuram
3161 3089 3319 3141 talem
3357 3089 3414 3142 in
3445 3103 3547 3158 qua
3569 3088 3696 3141 deci-

455 3181 595 3237 Nam
629 3183 675 3238 si
709 3183 937 3253 simplex
977 3188 1062 3235 est
1117 3192 1170 3236 et
1203 3181 1502 3236 crediderit
1557 3181 1635 3235 illi
1676 3183 1768 3252 qui
1824 3183 2032 3252 primus

457 3277 632 3340 venit,
660 3275 832 3346 signis
850 3275 994 3328 enim
1029 3285 1083 3327 et
1142 3273 1404 3343 prodigiis
1448 3281 1650 3338 motus,
1683 3291 1908 3329 necesse
1950 3287 2035 3330 est

457 3367 649 3422 eadem
693 3365 926 3429 ratione,
981 3366 1226 3418 utetiam
1277 3365 1354 3417 illi
1403 3365 1493 3433 qui
1527 3364 1770 3419 secundo
1798 3365 2031 3432 venerit,

453 3456 678 3523 credat;
704 3458 876 3527 signis
898 3455 1043 3511 enim
1074 3463 1129 3510 et
1157 3455 1419 3527 prodigiis
1445 3458 1766 3512 suadebitur
1787 3468 1840 3512 et
1860 3474 2030 3522 nunc,

457 3549 604 3602 sicut
650 3549 822 3616 prius.
881 3546 1018 3601 Cum
1050 3562 1182 3600 vero
1235 3547 1534 3600 cndiderit
1590 3549 1717 3602 huic
1763 3548 2029 3614 secundo,

460 3640 641 3693 discet
667 3638 735 3692 ab
757 3653 820 3691 eo
847 3637 989 3707 quod
1039 3637 1215 3706 primo
1247 3637 1324 3691 illi
1353 3639 1447 3708 qui
1479 3653 1508 3690 a
1538 3639 1681 3693 man
1709 3641 1875 3706 venit,
1907 3655 2030 3694 cre-

460 3733 590 3786 dere
619 3746 728 3784 non
755 3731 970 3793 debeat,
1005 3739 1058 3784 et
1084 3730 1158 3783 ita
1181 3731 1382 3800 prioris
1410 3747 1566 3785 error
1596 3732 1821 3786 secundi
1844 3749 2032 3788 emen-

456 3823 683 3878 datione
711 3821 1025 3892 corrigitur.
1061 3820 1117 3875 Si
1145 3838 1272 3876 vero
1303 3825 1430 3892 quia
1463 3825 1636 3893 primo
1658 3823 1915 3882 credidit.
1947 3841 2034 3880 se-

460 3913 701 3968 cundum
729 3913 975 3980 recipere
1004 3913 1261 3975 noluerit,
1302 3914 1497 3967 merito
1527 3922 1587 3968 ut
1632 3915 1870 3984 injustus
1900 3932 2032 3971 con-

461 4007 845 4072 demuabitur;
902 4004 1164 4073 injustnm
1210 4007 1353 4059 enim
1408 4017 1521 4070 est,
1577 4016 1634 4061 ut
1682 4024 1806 4064 cum
1859 4013 2033 4078 primo

461 4101 684 4165 propter
713 4094 865 4163 signa
889 4095 1211 4154 crediderit.
1245 4096 1486 4150 secundo
1513 4098 1702 4152 eadem
1728 4107 1822 4152 aut
1867 4102 2028 4154 etiam

461 4189 670 4258 potiora
706 4186 902 4241 ferenti
926 4187 1081 4257 signa
1112 4204 1220 4243 non
1251 4190 1462 4244 credat.
1514 4189 1572 4244 Si
1605 4207 1734 4247 vero
1773 4208 1881 4247 non
1914 4210 2033 4250 cre-

461 4280 599 4334 didit
626 4279 824 4348 primo,
858 4295 1206 4348 consequens
1233 4289 1338 4340 est.
1373 4289 1432 4333 ut
1458 4283 1536 4336 vel
1567 4284 1620 4337 in
1646 4285 1891 4339 secundo
1913 4301 2031 4341 mo-

460 4380 651 4424 veatur
674 4370 740 4424 ad
774 4370 1126 4424 credendum.
1157 4372 1338 4441 Neque
1358 4372 1501 4424 enim
1533 4373 1584 4425 in
1609 4380 1822 4427 tantum
1847 4377 2030 4431 animo

2138 3181 2380 3251 piantur,
2421 3183 2468 3235 si
2512 3181 2625 3235 fieri
2657 3189 2857 3252 potest,
2891 3183 3056 3235 etiam
3081 3181 3269 3246 electi;
3319 3180 3570 3234 confusis
3606 3179 3694 3233 scio

2139 3274 2266 3327 licet
2299 3274 2517 3328 indiciis
2549 3273 2831 3343 signorum
2857 3273 3166 3343 perturbari
3193 3287 3422 3328 necesse
3451 3280 3533 3327 est
3553 3270 3695 3325 etiam

2133 3378 2251 3426 eos,
2277 3364 2370 3433 qui
2400 3364 2452 3416 in
2483 3363 2863 3419 discernendis
2887 3364 3195 3433 spiritibus,
3226 3377 3290 3415 ac
3311 3359 3695 3432 distinguendis

2135 3455 2434 3510 virtutibus
2465 3455 2718 3512 videntur
2746 3455 2975 3510 eruditi.

2205 3545 2340 3601 LXI.
2382 3546 2574 3602 Decem
2607 3562 2738 3617 ergo
2764 3559 2883 3616 quae
2898 3547 3137 3601 diximus
3161 3547 3333 3616 paria.
3361 3545 3492 3598 huic
3516 3542 3696 3598 mundo

2135 3639 2411 3693 destinata
2445 3647 2573 3692 sunt
2595 3639 2666 3693 ab
2689 3639 2845 3694 initio
2869 3639 3078 3694 s:cculi.
3111 3637 3245 3692 Cain
3278 3645 3331 3692 et
3375 3638 3511 3692 Abel
3546 3647 3691 3687 unum

2137 3729 2238 3782 fuit
2272 3744 2395 3798 par;
2424 3728 2724 3782 secundum
2747 3743 2882 3783 vero
2907 3729 3187 3800 gigantum
3237 3735 3289 3781 et
3313 3727 3429 3782 Noe
3449 3770 3465 3794 ,
3489 3725 3690 3780 tertium

2134 3820 2440 3875 Pharaonis
2469 3827 2522 3875 et
2551 3820 2859 3886 Abraham;
2895 3830 3151 3889 quartum
3198 3819 3604 3874 Philistinorum
3645 3821 3690 3867 et

2136 3911 2323 3975 Isaac;
2356 3909 2608 3980 quintum
2641 3907 2786 3963 Esau
2832 3918 2888 3964 et
2927 3907 3131 3975 Jacob;
3168 3918 3384 3963 sextum
3431 3916 3687 3975 magorum

2135 4011 2188 4055 et
2221 4003 2551 4073 Iegislatoris
2585 4001 2758 4072 Moysi
2785 4019 2800 4067 ;
2854 4001 3146 4071 septimum
3201 3997 3489 4053 tentatoris
3510 4003 3561 4049 et
3582 3990 3686 4045 Filii

2137 4095 2404 4160 hominis;
2428 4103 2678 4147 octavum
2707 4093 2947 4148 Simonis
2971 4099 3024 4146 et
3056 4107 3260 4156 meum,
3291 4090 3471 4155 Petri;
3503 4098 3684 4141 nonum

2134 4188 2378 4243 omnium
2410 4187 2676 4258 gentium,
2721 4194 2776 4241 et
2807 4186 2956 4240 illius
3005 4186 3098 4255 qui
3143 4183 3392 4238 mittetur
3442 4179 3684 4236 seminare

2136 4279 2363 4334 verbum
2401 4280 2543 4332 inter
2566 4287 2792 4347 gentes;
2815 4277 3088 4332 decimum
3117 4274 3442 4329 Antichristi
3469 4282 3518 4327 et
3543 4267 3677 4324 Chri-

2137 4371 2230 4434 sti,
2264 4371 2332 4424 de
2361 4369 2563 4439 quibus
2585 4368 2810 4437 paribus
2840 4367 2977 4420 alias
3007 4366 3162 4421 vobis
3193 4380 3288 4431 per
3309 4363 3514 4433 singula
3539 4358 3679 4412 latius

457 4462 636 4523 stetit,
664 4468 724 4512 ut
754 4457 1101 4529 ingeminatis
1131 4435 1475 4513 mirabilibus
1505 4475 1611 4513 non
1635 4461 1814 4514 valeat
1853 4463 2027 4516 suscio
2060 4435 2111 4495 θ
2136 4435 2495 4533 exponemus.
2623 4475 2750 4513 cum
2784 4460 2898 4512 hac
2917 4458 3125 4511 diceret
3153 4455 3370 4518 Petrus,
3393 4452 3572 4522 Aquila
3597 4449 3675 4500 ait:

459 4553 586 4606 tari.
617 4551 671 4604 Si
705 4566 835 4605 vero
864 4551 1107 4619 prudens
1140 4564 1245 4611 est,
1285 4552 1673 4606 discretionem
1723 4561 1900 4622 potest
1929 4570 2026 4608 ca-

459 4660 590 4714 pere
619 4647 919 4715 signorum.
950 4641 1015 4696 Et
1044 4643 1091 4698 si
1131 4643 1348 4713 quidem
1399 4644 1577 4714 primo
1617 4646 1882 4710 credidit,
1931 4663 2030 4700 au-

2137 4553 2278 4610 Vere
2307 4554 2528 4609 assidua
2560 4553 2809 4607 doctrina
2838 4568 2978 4622 opus
3006 4560 3112 4615 est,
3145 4560 3206 4604 ut
3234 4548 3304 4604 de
3332 4543 3549 4616 singulis
3571 4554 3676 4612 pos-

2139 4649 2214 4703 sit
2237 4648 2362 4719 quis
2386 4647 2531 4702 scire
2565 4648 2853 4701 rationem.

1751 4799 2118 4856 COTELEIUI
2179 4799 2410 4857 ΝΟΤᾹΞ.

531 4978 640 5062 (94)
675 4977 1176 5062 Qistinctio‘nemqltte
1205 4977 1498 5062 signoruni,
1529 4984 1579 5062 et
1599 4975 1922 5062 mirqbiliuni
1942 4977 2032 5046 fa-

456 5045 580 5116 ciet,
607 5045 660 5102 in
691 5051 824 5101 hunc
851 5047 1080 5101 modum.
1105 5047 1275 5116 Quem
1293 5047 1529 5116 modum
1567 5045 1693 5100 hinc
1725 5046 1914 5116 hausit
1937 5045 2036 5100 au-

458 5115 584 5177 ctor
619 5119 803 5188 Operis
836 5117 1123 5186 imperfecti
1152 5118 1206 5170 in
1252 5115 1585 5188 Matthtrum,
1633 5117 1697 5168 ad
1734 5133 1827 5188 vn,
1862 5115 1950 5180 16,
1977 5126 2033 5188 et

463 5209 610 5258 μιν,
639 5187 731 5254 24,
765 5204 862 5243 seu
887 5189 1074 5242 homil.
1103 5188 1166 5242 19
1194 5187 1359 5258 et_49.
1393 5187 1650 5258 Idemque
1671 5187 1946 5258 profertur
1964 5187 2034 5258 ab

458 5255 719 5332 Origene,
746 5275 782 5312 ιι
807 5261 860 5332 in
879 5256 1295 5332 Ce_lsunt_,_p._94,
1324 5266 1374 5310 et
1394 5273 1424 5309 a
1446 5255 1714 5332 ProCo_p_io
1741 5257 1934 5332 Ganeo
1963 5257 2030 5310 ad

461 5327 624 5387 Num.
661 5346 806 5393 xxnv,
837 5331 889 5384 8.
919 5328 1026 5383 Nec
1058 5329 1206 5382 aliud
1238 5336 1435 5380 sonant
1466 5328 1570 5380 ista
1603 5327 1876 5381 Theodori
1903 5328 2032 5381 Stu-

459 5405 612 5466 ditas,
641 5401 914 5456 catechesi
950 5401 1096 5469 H97:
1130 5397 1321 5469 Πολλοὶ
1350 5396 1623 5469 προφῆται
1661 5397 2038 5469 ἐξεληλύθασιν

461 5478 543 5537 εἰς
574 5473 665 5525 τὸν
695 5471 916 5541 κόσμον·
948 5468 1082 5541 ἀλλὰ
1100 5468 1209 5539 γὰρ
1237 5469 1330 5541 κίαὶ
1362 5467 1839 5541 πολλοὶΑᾳὶρετικοί
1859 5485 1918 5541 τε
1943 5468 2038 5541 κει).

461 5544 560 5606 τὰς
589 5542 738 5604 θείας
771 5537 987 5604 ἐντολὰς
1027 5537 1457 5610 διᾳκρομόμξγοι,
1501 5537 1668 5610 πάλάι
1707 5556 1765 5610 τε
1803 5540 1898 5610 καὶ
1939 5538 2034 5591 νῦν

463 5603 954 5700 παρεχξυρήθησξν,
972 5603 977 5604 ν
995 5608 1133 5700 1καθ’
1156 5603 1270 5700 '05);
1288 5603 1740 5700 'oiésycplolmuiﬁ
1786 5609 2032 5700 ’πρόγοξςιζ

464 5679 667 5764 σημεῗᾶ
691 5679 769 5732 ⁷τὲ
815 5679 909 5732 Stat
956 5679 1158 5749 τέρατα
1191 5679 1619 5759 ἀπεργάςεσθαιο
1663 5679 1803 5731 ὥστε
1834 5679 1914 5731 οὐ
1955 5679 2037 5732 δεῖ

463 5765 670 5814 τουτοις
703 5748 1160 5820 συναρπάζεσθαι,
1182 5749 1244 5802 ἐκ
1259 5749 1313 5802 δὲ
1345 5765 1437 5802 του
1455 5749 1882 5821 παραδεδομένου
1904 5750 2034 5822 ἡμῖν

2135 4975 2242 5029 ὑπὸ
2288 4975 2382 5028 τοῦ
2429 4976 2634 5046 Κυρίου
2676 4977 3019 5098 χαωκτῆἕος
3065 4976 3377 5048 δοκιμάζειν
3409 4975 3520 5036 τοὺς
3555 4987 3663 5049 γγη-

2137 5045 2412 5098 σιεύοντας
2466 5046 2730 5098 μαθητὰς.
2784 5047 2877 5098 Τίς
2952 5047 2977 5098 ὲ
3017 5048 3044 5098 ὁ
3083 5050 3398 5098 γαοακτήω
3429 5049 3480 5097 ὲν
3522 5058 3663 5098 mare)

2137 5045 2412 5120 atatim-cat;
2465 5045 2730 5120 μαθητὰς.
2784 5045 2977 5120 Τίςῳδὲ
3083 5045 3405 5120 χαρὰδςῖήρςΔ
3429 5049 3480 5120 ἐν
3522 5045 3663 5120 rogat?

2133 5117 2266 5237 ἵησὶ
2307 5109 2608 5185 γνὼσὸνταί
2648 5117 2846 5178 πάντες
2884 5117 2963 5169 ὅτι
3013 5109 3406 5189 ὲμόἵμαοηξαῖ
3442 5109 3661 5175 ὲστε,ἐὰν

2173 5186 2355 5237 γάπην
2382 5188 2540 5237 {arma
2573 5190 2629 5237 ὲν
2657 5187 2924 5237 ἀλλήλοις.

2173 5186 2540 5258 γάπηνᾼξχητε
2573 5190 2629 5240 ὲν
2657 5187 2924 5258 ἀλλήλοις.

2199 5249 2320 5326 (95)’
2349 5249 2477 5310 Nisi
2500 5259 2553 5312 in
2575 5260 2680 5326 ﬁne
2701 5249 2884 5311 mu'ndi
2911 5267 3139 5311 tantum.
3165 5255 3334 5327 Signa
3349 5271 3461 5327 qua:
3485 5249 3660 5327 ³11411⁸

2135 5320 2393 5382 ιίόιησὶειο
2427 5320 2585 5391 fient,
2610 5344 2810 5382 verane
2841 5345 2908 5380 an
2945 5328 3157 5382 fallacia
3195 5320 3380 5383 futura
3406 5328 3538 5382 sint.
3571 5320 3656 5372 du-

2136 5393 2271 5469 bitat
2295 5396 2722 5469 Chrysostonius
2764 5397 2830 5450 ad
2877 5396 3210 5469 IliThessal.
3242 5416 3302 5464 ιι,
3343 5401 3399 5469 9.
3427 5405 3474 5469 cl
3501 5393 3657 5456 Auiw‘

2133 5465 2336 5533 stinus,
2370 5465 2463 5523 lib.
2493 5484 2562 5522 xx
2591 5468 2666 5522 De
2695 5469 2905 5522 civitate
2939 5468 3053 5540 Dei,
3073 5484 3195 5540 cap.
3218 5470 3302 5524 19.
3327 5467 3533 5540 Quidam
3553 5473 3654 5540 Y6”

2134 5547 2328 5613 putant
2364 5555 2377 5591 :
2416 5541 2600 5608 plures
2628 5539 2970 5613 imaginaria.
3003 5539 3048 5592 Λ
3071 5537 3262 5613 nostro
3293 5541 3390 5613 alia
3421 5537 3656 5613 insistunt

2136 5605 2220 5678 via
2267 5624 2278 5658 :
2333 5605 2495 5678 quam
2545 5605 2805 5678 sequitur
2851 5618 3044 5662 auctor
3090 5610 3273 5678 Operis
3327 5605 3651 5678 imperferliff

2132 5666 2474 5805 Ἲιῖὅίιαῖιιηι,
2503 5680 2572 5735 ad
2605 5666 2702 5745 vn,
2749 5677 2854 5746 16;
2903 5696 3061 5750 xmv,
3107 5666 3214 5748 f6,
3250 5680 3348 5735 ξιτ
3394 5666 3558 5733 homil.
3602 5666 3651 5722 l9

2132 5765 2161 5802 e
2295 5793 2301 5802 .

2131 5765 2185 5802 Cl
2214 5765 2301 5802 ειν.
