3890 6192
242 247 381 303 1309

1380 246 1948 305 RECOGNITIONUM
1984 244 2112 299 LIB.
2155 242 2243 299 lII.

3351 241 3491 299 I310

306 359 470 415 LXII.
499 359 570 414 At
599 357 834 415 Petrus:
868 367 1004 428 Quis
1034 373 1141 425 est,
1171 365 1266 433 qui
1299 364 1559 419 assiduus
1586 365 1658 418 sit
1685 378 1813 432 erga
1843 363 1888 419 A
1916 362 2115 432 inquit,
2148 369 2202 415 te
2231 358 2487 413 omnibus
2519 357 2725 413 divitiis
2766 356 3054 429 repletum,
3088 372 3137 411 ει
3172 355 3280 410 huc
3311 359 3490 413 redire

234 453 548 508 doctrinam
589 460 642 507 et
672 452 917 509 studiose
955 456 1167 525 singula
1206 470 1436 525 quaeque
1484 456 1763 525 perquirat
1793 494 1809 520 ,

232 546 345 599 nisi
379 546 473 615 qui
499 545 740 599 animam
764 561 920 601 suam
944 546 1122 619 diligit
1142 547 1209 602 ad
1227 548 1455 604 salutem
1478 555 1533 602 et
1556 548 1811 603 omnibus

231 639 516 694 renuntiat
542 639 711 708 hujus
748 639 941 694 mundi
970 641 1226 711 negotiis,
1280 648 1340 695 ut
1385 640 1489 695 soli
1520 639 1687 694 verbo
1715 636 1810 693 Dei

230 738 412 793 vacet,
443 746 605 801 quem
639 732 817 787 solum
845 732 1171 802 prudentem
1221 732 1434 801 judicat
1464 746 1625 786 verus
1679 746 1812 801 pro-

230 822 420 890 pheta,
442 821 767 878 vendentem
800 823 987 878 omnia
1014 839 1138 893 quae
1161 839 1261 878 sua
1285 834 1433 887 sunt,
1468 830 1521 878 et
1542 833 1809 877 ementem

230 928 401 967 uuam
433 928 622 968 veram
651 913 1006 984 margaritam
1036 914 1075 979 ⁸,
1103 923 1160 969 et
1182 914 1572 984 intelligentem
1598 928 1719 982 qua:
1736 912 1811 967 sit

224 1004 541 1060 differentia
589 1020 619 1059 a
656 1006 1054 1075 temporalibus
1099 1006 1168 1060 ad
1206 1015 1410 1061 aeterna
1437 1044 1453 1070 ,
1505 1004 1689 1076 parvis
1736 1003 1808 1057 ad

226 1112 451 1167 magna,
487 1097 805 1152 hominibus
828 1097 894 1152 ad
920 1097 1128 1153 Deum?
1149 1097 1403 1168 Intelligit
1425 1098 1569 1152 enim
1593 1112 1713 1166 qua:
1737 1097 1809 1151 sit

224 1198 433 1243 aeterna
466 1205 593 1259 spes
618 1191 761 1260 apud
796 1206 982 1245 verum
1010 1200 1063 1245 et
1094 1191 1294 1244 bonum
1322 1189 1512 1245 Deum.
1556 1187 1689 1254 Quis
1708 1204 1809 1242 au-

224 1290 337 1337 tem
366 1284 560 1352 estqui
588 1283 768 1353 diligit
800 1282 991 1347 Deum,
1030 1283 1139 1338 nisi
1187 1289 1280 1353 qui
1320 1283 1644 1353 sapientiam
1685 1283 1806 1352 ejus

219 1374 523 1445 cognovit?
560 1372 839 1442 quomodo
887 1382 1069 1429 autem
1106 1375 1232 1443 quis
1273 1388 1572 1443 agnoscere
1610 1374 1807 1443 poterit

225 1464 557 1533 sapientiam
605 1463 743 1528 Dei,
777 1466 884 1519 nisi
930 1465 1189 1521 assiduus
1237 1466 1309 1520 sit
1352 1464 1419 1517 ad
1473 1464 1805 1517 audiendum

224 1558 455 1611 verbum
486 1557 647 1625 ejus?
678 1573 743 1611 ex
774 1573 883 1627 quo
914 1558 1115 1613 accidit
1164 1565 1223 1612 ut
1254 1574 1493 1612 amorem
1527 1557 1647 1626 ejus
1671 1574 1805 1610 con-

221 1648 398 1718 cipiat
424 1656 479 1701 et
522 1648 690 1719 digno
724 1664 849 1701 eum
901 1648 1106 1703 honore
1142 1658 1450 1711 veneretur,
1507 1648 1722 1717 hymnis
1750 1656 1803 1700 et

220 1740 577 1794 orationibus
600 1739 669 1793 ad
699 1755 820 1793 eum
854 1738 1013 1802 fusis,
1046 1749 1100 1794 et
1124 1742 1176 1793 in
1208 1739 1293 1794 bis
1326 1740 1686 1795 libentissime
1714 1756 1801 1792 re—

224 1831 545 1899 quiescens,
574 1847 961 1901 summumque
989 1832 1261 1901 deputans
1293 1832 1704 1894 detrimentum,
1756 1831 1803 1884 si

218 1921 450 1993 quando
474 1923 683 1992 aliquid
722 1924 870 1978 aliud
922 1924 1005 1979 vel
1052 1926 1120 1979 ad
1157 1933 1493 1979 momentum
1541 1926 1804 1995 temporis

218 2017 486 2085 loquatur
504 2024 600 2069 aut
625 2024 771 2086 agat,
790 2016 918 2087 quia
944 2033 1132 2072 revera
1155 2033 1254 2072 nec
1278 2026 1458 2088 potest
1480 2017 1659 2071 anima
1683 2033 1805 2088 qua:

222 2108 323 2163 Dei
352 2123 541 2163 amore
588 2110 791 2179 repleta
844 2116 951 2173 est,
1007 2109 1155 2162 aliud
1191 2109 1398 2180 aliquid
1456 2112 1651 2164 intueri
1694 2111 1802 2167 nisi

214 2200 374 2271 quod
396 2199 464 2253 ad
484 2200 651 2255 Deum
676 2202 938 2270 pertinet,
962 2216 1061 2255 nec
1088 2202 1276 2256 satiari
1295 2211 1474 2272 potest
1494 2218 1605 2272 prae
1617 2218 1804 2258 amore

215 2293 374 2361 ejus,
414 2307 481 2346 ea
530 2307 651 2361 qua
684 2292 785 2362 ipsi
821 2292 925 2346 scit
953 2308 1076 2347 esse
1122 2293 1320 2363 placita
1348 2294 1685 2354 meditando.
1734 2292 1800 2346 Hi

218 2398 358 2437 vero
389 2382 483 2451 qui
515 2381 767 2437 allectum
800 2382 920 2451 ejus
952 2384 1177 2437 minime
1209 2400 1533 2454 concepere,
1559 2401 1660 2440 nec
1688 2386 1804 2439 illu-

218 2476 494 2529 minatam
517 2474 842 2530 charitatem
872 2475 993 2545 ejus
1023 2486 1219 2546 gerunt
1244 2484 1444 2540 mente,
1466 2478 1614 2533 velut
1637 2479 1689 2531 in
1722 2488 1801 2533 te-

222 2567 414 2623 nebris
465 2569 628 2638 positi
671 2568 847 2621 lucem
900 2568 1087 2622 videre
1117 2583 1224 2621 non
1271 2578 1524 2634 possunt.
1567 2568 1633 2623 Et
1678 2571 1801 2624 ideo

213 2660 393 2713 etiam
428 2660 750 2728 priusquam
774 2658 1039 2729 incipiant
1068 2658 1352 2728 acquirere
1380 2658 1449 2713 de
1477 2657 1608 2724 Deo,
1641 2660 1798 2729 quasi

224 2752 416 2806 labore
447 2751 694 2821 oppressi
725 2753 908 2805 statim
958 2750 1242 2814 deﬁciunt,
1296 2765 1361 2805 ac
1408 2750 1570 2806 taedio
1606 2753 1798 2822 repleti

220 2845 496 2898 continuo
525 2859 553 2896 a
583 2844 805 2913 propria
854 2843 1257 2897 consuetudine
1286 2844 1576 2913 rapiuntur
1616 2845 1685 2898 ad
1735 2860 1798 2898 ea

222 2937 390 2990 verba
418 2936 619 3005 quibus
649 2936 1011 2989 delectantur.
1063 2933 1198 2987 Nam
1226 2936 1293 2989 de
1336 2934 1447 2990 Deo
1479 2936 1671 2989 audire
1699 2937 1799 2988 ali—

1913 453 2204 523 placuerit,
2241 458 2295 507 et
2338 451 2589 522 pluribus
2639 450 2833 504 fultum
2883 450 3208 505 ministeriis
3252 450 3485 507 mittam.

1914 541 2040 595 Ilaec
2070 557 2170 612 ego
2194 541 2445 604 audiens,
2471 550 2527 595 et
2550 540 2689 594 nihil
2714 542 2767 594 in
2791 556 2857 595 eo
2882 540 3181 595 secundum
3211 540 3351 593 hanc
3372 554 3492 609 pro-

1912 635 2209 690 fessionem
2241 634 2458 699 videns,
2492 634 2588 690 sed
2635 649 2852 705 magum
2897 643 2952 688 et
2987 633 3333 702 deceptorem
3365 649 3489 690 esse

1912 726 2243 797 intelligens,
2271 725 2559 796 respondi:
2595 725 2790 792 Qumso
2822 735 2894 790 te,
2936 726 3159 796 ignosce
3173 727 3331 791 mihi,
3360 728 3485 797 quia

1910 817 2075 889 pedes
2100 818 2280 882 doleo,
2313 827 2367 873 et
2390 827 2678 888 propterea
2720 819 2871 872 exire
2898 833 2928 871 a
2953 816 3201 872 Caesarea
3243 834 3353 874 non
3390 833 3486 872 va-

1910 912 2026 977 leo;
2060 920 2323 980 prwterca
2350 919 2435 965 est
2481 909 2617 963 mihi
2665 924 2828 972 uxor,
2863 917 2991 962 sunt
3043 909 3256 979 parvuli
3309 911 3485 977 liberi,

1909 1019 2048 1074 quos
2067 1003 2374 1071 relinquere
2416 1002 2642 1057 omnino
2689 1017 2796 1056 non
2830 1016 3056 1071 possum
3122 1001 3192 1057 At
3242 1003 3333 1058 ille
3374 1004 3488 1059 haec

1910 1095 2142 1148 audiens
2172 1102 2228 1147 et
2256 1092 2487 1164 ignavia:
2517 1108 2604 1147 me
2626 1094 2909 1156 incusans,
2936 1092 3215 1163 profectus
3244 1103 3327 1148 est
3362 1111 3489 1149 con-

1909 1195 1993 1241 tra
2032 1186 2229 1241 Doram
2254 1186 2471 1241 dicens:
2498 1182 2637 1239 Cum
2664 1184 2905 1239 audieris
2928 1195 3132 1255 quanta
3156 1186 3287 1239 mihi
3313 1188 3487 1257 gloria

1908 1279 2014 1333 erit
2044 1279 2095 1331 in
2128 1278 2265 1332 urbe
2286 1276 2479 1340 Roma,
2514 1277 2803 1345 pceuitebit
2838 1286 2909 1331 te.
2962 1276 3029 1330 Et
3068 1287 3193 1347 post
3227 1279 3339 1333 haec
3371 1279 3490 1349 ipse

1907 1370 2151 1441 quidem,
2186 1378 2244 1423 ut
2270 1369 2477 1435 aiebat,
2505 1368 2734 1423 Romam
2759 1369 2936 1438 petiit,
2962 1386 3063 1440 ego
3093 1382 3272 1425 autem
3298 1372 3487 1425 confe-

1909 1465 2038 1519 stim
2067 1464 2204 1519 redii
2236 1463 2360 1526 huc,
2394 1478 2562 1517 orans
2614 1470 2675 1515 ut
2703 1477 2789 1514 me
2814 1464 3084 1533 suscipias
3116 1465 3181 1519 ad
3215 1466 3488 1535 pmniten-

1908 1558 2060 1619 tiam,
2085 1557 2214 1625 quia
2241 1556 2310 1609 ab
2353 1570 2419 1609 eo
2444 1554 2708 1622 deceptus
2740 1571 2884 1610 sum.

1979 1648 2164 1703 LXIV.
2198 1648 2335 1703 Cum
2357 1647 2472 1701 haac
2490 1647 2723 1702 dixisset
2755 1648 2803 1701 is
2825 1647 2920 1717 qui
2952 1662 2982 1701 a
3030 1649 3253 1705 Simone
3276 1664 3491 1718 regres-

1911 1758 2006 1798 sus
2029 1749 2134 1805 est,
2163 1741 2331 1809 jussit
2359 1754 2484 1794 eum
2508 1738 2707 1794 Petrus
2740 1739 2794 1793 in
2820 1740 2962 1793 atrio
2991 1740 3253 1795 residere.
3286 1740 3489 1796 Proce-

1906 1834 2043 1888 dens
2072 1840 2256 1887 autem
2286 1832 2402 1902 ipse
2427 1840 2482 1887 et
2510 1832 2703 1886 turbas
2750 1832 3015 1901 plurimas
3045 1831 3236 1887 videns
3265 1872 3281 1897 ,
3312 1835 3489 1891 multo

1906 1926 2091 1997 plures
2120 1940 2286 1996 quam
2319 1923 2702 1995 superioribus
2730 1924 2947 1989 diebus,
2980 1925 3135 1979 stetit
3160 1924 3214 1978 in
3242 1925 3365 1979 loco
3393 1943 3486 1983 so-

1906 2022 2002 2077 lito
2024 2028 2078 2075 et
2104 2019 2402 2075 ostendens
2427 2032 2552 2073 eum
2573 2020 2666 2087 qui
2692 2025 2937 2081 venerat,
2966 2033 3275 2074 sermonem
3306 2020 3487 2076 facere

1904 2112 2009 2167 hoc
2040 2111 2199 2166 modo
2220 2110 2419 2180 erepit:
2449 2107 2577 2172 Iste,
2608 2108 2829 2173 fratres,
2857 2124 3019 2178 quem
3041 2111 3276 2166 ostendo
3303 2113 3483 2180 vobis,

1904 2206 2067 2275 paulo
2092 2213 2220 2260 ante
2245 2204 2395 2259 venit
2424 2202 2491 2257 ad
2517 2218 2626 2269 me,
2662 2202 2730 2256 de
2770 2200 3015 2257 Simonis
3043 2203 3177 2257 mihi
3208 2205 3366 2260 malis
3398 2220 3487 2259 ar-

1904 2299 2051 2353 tibus
2072 2298 2355 2361 nuntians,
2384 2294 2663 2366 quomodo
2688 2295 2863 2364 ipsam
2907 2295 3132 2350 sceleris
3176 2296 3262 2351 sui
3315 2296 3486 2351 olliei-

1902 2406 2028 2444 nam
2055 2389 2345 2461 projecerit
2368 2388 2422 2441 in
2449 2386 2805 2459 profundum,
2834 2402 2944 2440 non
2968 2386 3129 2456 quasi
3163 2390 3485 2456 pwnitentia

1903 2483 2125 2545 ductus,
2156 2481 2251 2537 sed
2280 2488 2535 2536 metuens
2562 2494 2631 2533 ne
2661 2478 3038 2549 deprehensus
3062 2479 3295 2548 publicis
3346 2481 3482 2551 legi-

1905 2575 2008 2630 bus
2046 2573 2377 2643 subjaceret.
2411 2571 2658 2642 Rogabat
2681 2578 2864 2625 autem
2890 2572 3057 2634 hunc,
3092 2581 3149 2625 ut
3178 2571 3326 2635 dicit,
3360 2590 3483 2627 mu-

1901 2680 2032 2720 nera
2060 2665 2324 2736 pollicens
2355 2662 2642 2725 immensa,
2664 2676 2851 2716 secum
2877 2675 3119 2717 manere.
3152 2660 3324 2727 Quem
3355 2678 3480 2717 cum

1903 2759 2137 2814 suadere
2166 2757 2390 2811 minime
2414 2756 2708 2825 potuisset,
2736 2763 2999 2823 tanquam
3023 2754 3280 2824 ignavum
3311 2756 3483 2810 incre-

1899 2868 2039 2922 pans
2070 2849 2389 2918 dereliquit,
2424 2848 2541 2916 ipse
2571 2845 2801 2900 Romam
2835 2856 3045 2916 petens.
3080 2847 3326 2917 Cumque
3367 2848 3483 2901 lucc

1901 2942 2098 2998 Petrus
2128 2943 2148 2974 ⁷
2177 2941 2480 2996 indicasset
2513 2940 2710 3001 turbis,
2743 2939 2862 3009 ipse
2890 2938 2985 3008 qui
3014 2953 3296 3009 regressus
3332 2954 3362 2992 a
3396 2937 3483 2991 Si-

215 3025 357 3094 quid
391 3024 591 3078 talibus
621 3024 904 3078 taediosum
935 3032 1018 3079 est
1070 3033 1125 3079 et
1156 3025 1465 3086 molestum,
1510 3042 1611 3095 pro
1639 3042 1703 3080 eo
1738 3036 1796 3080 ut
1821 3042 1865 3098 ο
1901 3048 2060 3087 mone
2092 3031 2293 3097 fuerat,
2343 3030 2559 3100 publice
2589 3040 2743 3084 stans
2791 3028 3005 3098 singula
3036 3044 3266 3099 quaeque
3311 3031 3481 3099 carpit

221 3118 365 3180 disi,
389 3117 520 3187 quia
549 3132 701 3171 meus
724 3132 914 3170 eorum
960 3117 1165 3171 nullam
1203 3117 1548 3172 dulcedinem
1602 3118 1801 3172 divina:

220 3209 513 3264 charitatis
543 3210 775 3278 aceepit.

297 3298 486 3356 LXIII.
540 3299 668 3355 Haec
698 3298 860 3355 Petro
895 3300 1115 3355 dicente
1147 3300 1266 3355 dies
1310 3308 1534 3355 exortus
1570 3309 1654 3356 est
1676 3340 1691 3363 ,
1744 3308 1799 3356 et

214 3405 358 3445 ecce
384 3391 613 3446 veniens
642 3391 866 3461 quidam
897 3407 964 3446 ex
991 3392 1279 3461 discipulis
1312 3390 1555 3447 Simonis
1590 3393 1798 3445 clama-

221 3483 320 3537 bat
347 3483 569 3538 diceus:
605 3482 847 3539 Obsecro
874 3491 947 3546 te,
968 3481 1147 3546 Petre,
1168 3483 1389 3553 suscipe
1418 3498 1504 3536 me
1535 3481 1797 3537 miserum

216 3588 255 3626 a
297 3572 453 3643 Mago
492 3572 716 3627 Simone
757 3573 1067 3643 deceptum,
1101 3574 1190 3627 cui
1238 3588 1337 3644 ego
1388 3573 1536 3627 velut
1584 3574 1797 3628 cmlesti

216 3662 338 3717 Deo
367 3662 734 3727 intendebam,
761 3674 858 3734 pro
888 3663 971 3718 his
990 3680 1111 3733 quae
1133 3665 1201 3718 ab
1227 3679 1291 3718 eo
1312 3664 1427 3718 ﬁeri
1456 3665 1797 3721 mirabilibus

220 3758 496 3813 videbam.
526 3758 739 3813 Auditis
771 3767 950 3812 tamen
980 3758 1327 3813 sermonibus
1348 3758 1456 3812 tuis
1483 3756 1649 3826 cmpit
1682 3758 1795 3827 jam

216 3851 358 3904 mihi
389 3849 551 3904 homo
576 3849 771 3913 videri,
794 3859 847 3903 et
879 3849 1098 3921 quidem
1145 3849 1345 3904 malus.
1404 3845 1794 3903 Verumtamen

214 3956 351 3995 cum
388 3941 517 3995 hinc
571 3942 749 3994 exiret
777 3980 791 4002 ,
824 3956 922 4011 ego
952 3955 1075 3995 eum
1105 3940 1437 3994 subsecutus
1472 3953 1592 3995 sum
1618 3939 1792 4004 solus,

214 4033 465 4088 nondum
489 4034 634 4088 enim
665 4033 734 4087 ad
766 4032 1031 4101 liquidum
1065 4032 1372 4101 impietates
1401 4031 1523 4100 ejus
1554 4045 1795 4101 agnove-

213 4140 362 4181 ram.
380 4124 518 4179 Cum
548 4131 727 4178 autem
745 4124 972 4178 vidisset
1000 4139 1084 4177 me
1111 4124 1552 4192 subsequentem,
1574 4121 1792 4176 beatum

219 4233 309 4273 me
343 4217 534 4271 dicens
576 4215 828 4286 perduxit
846 4215 911 4268 ad
939 4214 1161 4270 domum
1183 4229 1359 4281 suam,
1385 4213 1530 4267 circa
1555 4213 1792 4267 medium

217 4331 352 4373 vero
381 4316 559 4369 noctis
583 4313 658 4367 ait
679 4313 747 4367 ad
769 4327 888 4367 me:
928 4312 1183 4367 Omnium
1217 4320 1269 4366 te
1291 4311 1570 4364 hominum
1595 4308 1791 4364 faciam

1900 3122 2101 3194 p0pulo
2146 3136 2422 3191 exponere
2469 3119 2539 3175 de
2596 3119 2897 3174 sceleribus
2942 3118 3202 3175 Simonis.
3242 3119 3307 3173 Et
3349 3138 3478 3175 cum

1900 3214 2141 3285 graviter
2179 3213 2387 3268 ferrent
2416 3211 2485 3266 de
2531 3210 2638 3274 his,
2693 3225 2815 3280 quae
2851 3210 3147 3264 audiebant
3194 3227 3293 3281 per
3327 3222 3476 3267 artes

1899 3306 2141 3375 magicas
2169 3312 2322 3374 gesta
2343 3319 2374 3357 a
2398 3301 2647 3367 Slmone,
2677 3301 2757 3356 ait
2784 3301 3013 3357 Petrus:

1969 3396 2131 3451 LXV.
2160 3396 2361 3460 Nolite,
2421 3394 2645 3461 fratres,
2696 3394 2939 3465 graviter
2971 3392 3111 3449 ferre
3143 3395 3211 3450 de
3240 3395 3325 3451 his
3353 3413 3478 3467 qua:

1897 3497 2179 3544 transacta
2207 3494 2355 3551 sunt,
2381 3487 2475 3542 sed
2516 3488 2807 3541 observate
2830 3485 2897 3540 de
2919 3484 3120 3541 futuris
3145 3504 3160 3554 ;
3186 3504 3307 3558 quae
3326 3491 3472 3544 enim

1897 3584 2238 3637 transierunt
2265 3580 2377 3649 jam
2403 3580 2556 3633 finita
2581 3588 2732 3642 sunt,
2766 3594 2886 3649 quae
2914 3594 3043 3633 vero
3072 3579 3357 3635 imminent
3382 3598 3477 3652 pc-

1897 3673 2135 3729 riculosa
2182 3680 2313 3726 sunt
2344 3671 2430 3725 his
2470 3670 2564 3740 qui
2607 3670 2972 3734 incurrerint;
3019 3670 3277 3725 scandala
3326 3672 3474 3727 enim

1896 3781 2176 3836 nunquam
2205 3764 2438 3819 deerunt
2477 3762 2605 3816 huic
2644 3760 2886 3816 mundo"
2912 3761 3088 3817 donec
3137 3762 3475 3831 permittitur

1897 3856 2123 3910 inimico
2148 3869 2309 3925 agere
2335 3869 2435 3923 pro
2465 3851 2747 3906 voluntate
2779 3866 2910 3915 sua,
2939 3862 2996 3905 ut
3031 3853 3327 3922 prudentes
3352 3855 3475 3924 qui-

1894 3963 2003 4018 que
2030 3956 2085 4003 et
2114 3946 2482 4017 intellige‘ntes
2512 3945 2746 4000 astutias
2770 3943 2891 4011 ejus
2947 3945 3245 3998 suscitatos
3275 3946 3379 4001 sibi
3404 3948 3473 4001 ab

1894 4056 1960 4095 eo
1989 4046 2248 4110 superent
2278 4053 2502 4108 agones,
2551 4036 2604 4090 bi
2655 4051 2785 4089 vero
2811 4037 2905 4105 qui
2953 4037 3235 4107 negligunt
3261 4038 3474 4093 discere

1893 4149 2014 4204 qua:
2045 4134 2113 4188 ad
2150 4132 2381 4187 salutem
2428 4130 2703 4202 pertinent
2728 4131 2925 4185 animae
2955 4145 3087 4192 suae.
3113 4130 3280 4198 justis
3311 4132 3379 4185 ab
3407 4148 3473 4187 eo

1893 4225 2313 4296 deceptionibus
2342 4223 2651 4295 capiantur.
2683 4222 2821 4288 Quia
2849 4239 2978 4292 ergo
3003 4230 3058 4274 ut
3083 4223 3184 4291 ipsi
3215 4223 3468 4284 audistis.

1897 4316 2090 4371 Simon
2135 4330 2389 4387 egressus
2434 4320 2520 4368 est
2550 4328 2710 4367 aures
2734 4312 3119 4383 gentiliumqui
3144 4314 3210 4367 ad
3239 4315 3471 4368 salutem

218 4410 526 4473 meliorem.
560 4408 608 4463 si
634 4406 877 4462 volueris
907 4420 1082 4474 usque
1129 4403 1197 4457 ad
1241 4403 1400 4457 ﬁnem
1441 4416 1791 4471 perseverare
1820 4393 1867 4449 Β
1897 4407 2075 4462 vocati
2108 4414 2238 4463 sunt
2282 4406 2603 4476 praevenire.
2636 4420 2862 4459 necesse
2913 4412 3080 4458 estet
3129 4421 3213 4459 me
3244 4408 3471 4476 vestigia

210 4515 458 4564 (necum;
476 4498 565 4553 cui
587 4513 709 4552 cum
736 4496 1129 4566 promisissem,
1144 4494 1318 4565 exegit
1342 4508 1372 4546 a
1394 4508 1481 4547 me
1503 4492 1788 4562 juramen-

213 4602 336 4649 tum
366 4592 805 4663 perseverantia,
836 4604 1011 4658 eoque
1045 4595 1271 4657 accepto
1311 4585 1572 4656 imposuit
1623 4599 1789 4654 super

215 4687 478 4741 humeros
508 4700 659 4740 meos
688 4684 894 4753 polluta
937 4681 1183 4751 quaedam
1210 4686 1264 4734 et
1298 4677 1656 4733 exsecrabilia
1699 4692 1788 4733 se-

216 4784 373 4833 creta
390 4791 489 4831 sua
523 4786 582 4830 ut
608 4784 905 4845 portarem,
933 4780 986 4826 et
1017 4770 1169 4841 sequi
1198 4785 1283 4824 me
1307 4768 1493 4839 jussit.
1529 4765 1631 4823 Ubi
1660 4783 1790 4823 vero

214 4879 439 4925 ventum
471 4875 557 4923 est
605 4866 673 4920 ad
702 4880 872 4927 mare,
924 4863 1199 4933 navigium
1252 4860 1396 4931 quod
1429 4860 1566 4914 forte
1604 4859 1793 4914 aderat

215 4962 522 5032 ingressus,
574 4958 629 5013 id
664 4973 695 5011 a
727 4955 1036 5013 cervicibus
1087 4954 1225 5009 meis
1271 4952 1415 5023 quod
1446 4959 1666 5022 portare
1705 4965 1794 5006 me

210 5054 481 5123 jusserat,
510 5052 765 5121 sumpsit.
802 5050 867 5104 Et
905 5050 1067 5120 paulo
1098 5056 1221 5118 post
1244 5062 1500 5117 egressus
1532 5043 1667 5099 nihil
1697 5057 1793 5097 ex-

212 5146 366 5206 tulit,
392 5155 602 5199 certum
635 5144 780 5213 quod
811 5144 865 5197 in
896 5157 1045 5196 mare
1066 5140 1121 5194 id
1147 5141 1374 5210 jeeerat.
1402 5137 1649 5208 Rogabat
1689 5151 1791 5190 au-

219 5251 327 5294 tem
353 5253 459 5302 me,
483 5247 544 5291 ut
564 5252 688 5291 cum
707 5238 826 5305 ipso
842 5234 1239 5305 proficiscerer,
1264 5232 1452 5287 dicens
1474 5246 1532 5285 se
1557 5228 1789 5283 Romam

216 5342 428 5404 petere,
460 5331 534 5385 ibi
564 5330 710 5385 enim
740 5329 797 5385 in
822 5336 1032 5382 tantum
1058 5326 1409 5397 placiturum,
1432 5331 1493 5377 ut
1513 5321 1654 5377 Deus
1684 5336 1788 5391 pu-

214 5436 365 5481 tetur
392 5435 448 5481 et
480 5424 683 5479 divinis
713 5422 929 5494 publice
969 5421 1203 5477 donetur
1250 5419 1573 5474 honoribus.
1610 5414 1786 5481 Tunc,

1894 4499 2015 4568 ejus
2056 4497 2292 4567 insequi,
2342 4507 2401 4551 ut
2452 4497 2498 4551 si
2548 4497 2678 4566 quid
2711 4496 2851 4550 forte
2896 4496 3088 4550 abillo
3128 4498 3467 4567 disputatum

1891 4590 2077 4656 fuerit,
2109 4590 2420 4660 corrigatur
2455 4604 2485 4642 a
2518 4589 2698 4644 nobis.
2733 4587 2840 4642 Sed
2871 4590 3126 4659 quoniam
3146 4590 3353 4658 justum
3386 4598 3471 4647 est

1893 4681 1962 4736 de
1996 4680 2153 4736 vobis
2181 4680 2440 4749 majorem
2461 4678 2880 4733 sollicitudinem
2913 4680 3047 4749 geri,
3073 4680 3163 4749 qui
3184 4679 3296 4748 jam
3324 4681 3470 4736 intra

1895 4786 2083 4825 muros
2111 4769 2237 4824 vitae
2278 4768 2658 4832 continemini,
2693 4770 2821 4838 quia
2853 4769 2998 4839 quod
3025 4770 3353 4840 aequisitum
3384 4781 3469 4828 est

1893 4864 1937 4919 si
1976 4869 2182 4933 pereat,
2215 4861 2473 4915 damnum
2508 4860 2695 4927 infert,
2725 4861 2871 4931 quod
2900 4870 3080 4916 autem
3108 4864 3128 4894 ⁹
3150 4863 3393 4918 nondum
3418 4866 3465 4919 si

1891 4954 2110 5025 quidem
2135 4953 2367 5009 inveniri
2398 4954 2657 5024 potuerit,
2686 4954 2899 5006 lucrum
2921 4961 3027 5017 est,
3056 4955 3101 5009 si
3132 4958 3313 5009 minus
3361 4955 3465 5011 hoc

1892 5046 2067 5101 solum
2098 5044 2285 5099 damni
2309 5050 2393 5099 est
2418 5043 2563 5113 quod
2584 5043 2798 5097 lucrum
2852 5041 3050 5096 factum
3080 5057 3187 5095 non
3238 5050 3350 5109 est;
3403 5052 3464 5097 ut

1890 5151 2021 5207 ergo
2047 5144 2101 5191 et
2128 5152 2226 5192 vos
2264 5137 2438 5207 magis
2463 5151 2529 5190 ac
2576 5137 2751 5205 magis
2791 5140 2844 5189 in
2890 5135 3119 5189 veritate
3151 5134 3463 5202 firmemini,

1889 5237 1943 5284 et
1971 5237 2161 5303 gentes
2189 5245 2311 5299 quae
2332 5229 2399 5282 ad
2424 5228 2655 5282 salutem
2702 5234 2973 5281 vocantur
3005 5242 3113 5280 non
3150 5239 3466 5295 usquequa-

1891 5338 1997 5392 que
2021 5323 2234 5392 possint
2279 5320 2524 5391 nequitia
2569 5317 2808 5372 Simonis
2864 5315 3171 5387 praeveniri,
3228 5315 3463 5385 cogitavi

1894 5414 2215 5469 Zacchaeum
2241 5415 2399 5470 vobis
2448 5412 2707 5468 ordinare
2740 5420 3038 5482 pastorem,
3062 5423 3164 5479 ego
3186 5422 3316 5462 vero
3345 5408 3462 5477 ipse

290 5558 311 5589 ⁸
350 5556 538 5611 Matth.
563 5571 686 5618 xm,
724 5553 813 5609 46.
872 5555 892 5586 '
925 5553 1156 5624 Cumque
1175 5554 1283 5624 han:
1307 5552 1526 5624 Petrus,
1547 5558 1743 5624 etquae
1767 5561 2072 5624 sequuntur
2101 5553 2388 5618 vocabula,
2425 5550 2697 5624 usquead
2732 5549 2822 5602 illa
2853 5563 2974 5624 cap.
3008 5546 3110 5601 65:
3145 5545 3461 5612 deceptioni-

219 5628 316 5681 bus
357 5629 658 5696 capiantur,
678 5624 878 5681 desunt
908 5627 961 5681 in
986 5622 1144 5682 codd.
1174 5623 1352 5695 Lipss.
1428 5626 1450 5657 ⁸
1482 5623 1669 5679 Matth.
1698 5637 1852 5688 xvm,
1880 5622 1938 5691 7;
1961 5624 2096 5681 Luc.
2127 5640 2260 5691 xvu,
2294 5625 2346 5680 I.

212 5700 472 5766 teguntur
503 5700 558 5752 in
585 5696 746 5753 codd.
776 5696 952 5763 Lipss.

2421 5622 2442 5655 ’
2477 5621 2629 5689 Quod
2642 5621 3103 5688 autent—factum
3130 5632 3235 5671 non
3262 5625 3460 5670 estnon
