3888 6192
514 311 642 366 1ἿΙ
1394 309 1452 364 S.
1497 309 1888 364 CLEMENTIS
1928 309 1944 362 1
1985 309 2049 362 Β(

2195 309 2398 366 Poa'r.
2441 308 2666 363 OPERA
2706 309 2931 366 numa.
3597 318 3704 374 isis

511 435 623 476 tres
658 421 937 476 vobiscum
983 434 1303 489 permanere
1332 434 1548 474 menses
1595 426 1650 472 et
1701 419 1774 472 ita
1811 419 2084 489 proﬁcisci
2111 422 2162 480 Α
2190 433 2287 486 per
2310 420 2611 473 orationem
2664 421 3029 485 sanctiﬁcata,
3063 431 3121 476 ut
3163 421 3236 475 ita
3263 423 3477 480 demum
3508 442 3597 496 per
3619 430 3706 485 hac

509 511 576 564 ad
609 518 822 580 gentes,
863 524 932 563 ne
983 508 1217 580 amplius
1261 509 1606 563 morantibus
1651 509 1811 564 nobis
1841 517 1896 562 et
1924 509 2089 564 scele-
2185 518 2539 564 consecratus
2570 511 2744 578 possit
2775 511 3053 580 percipere
3075 511 3144 567 de
3182 515 3388 569 sanctis
3414 516 3542 586 (97).

509 603 666 658 ribus
700 602 938 657 Simonis
997 615 1389 672 usquequaque
1420 601 1823 671 grassantibus.
1859 602 2086 657 insana-
2261 598 2499 656 LXVIII.
2524 631 2594 640 —
2616 601 2682 655 Et
2701 616 2822 656 cum
2846 604 3014 658 multa
3040 604 3271 661 dixisset
3309 607 3378 661 de
3407 610 3606 664 ratione
3636 611 3709 664 ba-

511 696 664 748 niles‘
687 694 840 749 ﬁant.
2188 691 2398 761 ptismi,
2431 692 2679 748 dimissis
2722 695 2900 749 turbis
2938 695 3006 749 ad
3040 697 3256 750 solitam
3289 712 3348 752 se
3374 702 3569 770 recepit
3588 716 3711 755 man-

583 784 766 838 LXVI.
800 785 925 839 Ilaec
969 785 1061 840 illo
1087 786 1304 839 dicente
1335 786 1625 841 universus
1654 789 1887 857 populus
1915 786 2081 852 ﬂevit,
2186 783 2416 847 sionem.
2452 784 2633 853 ibique
2678 786 2985 841 astantibus
3029 788 3138 842 sibi
3167 789 3473 853 dHOdeCim.
3528 791 3578 844 id
3622 804 3707 852 est.

511 880 741 934 audiens
770 880 913 947 quod
946 878 1296 948 profecturus
1317 888 1485 935 esset.
1527 880 1596 933 At
1617 880 1810 936 Petrus
1835 897 2046 952 compa:

2186 872 2446 929 lacchan
2470 883 2526 930 et
2550 875 2849 945 Sophonia,
2875 877 3114 949 Josepho
3140 889 3194 936 et
3226 880 3469 945 Michaza,
3492 881 3711 938 Eleazaro

508 987 608 1026 sus
639 973 742 1036 eis,
791 973 955 1025 etiam
1014 973 1130 1040 ipse
1179 972 1449 1041 lacrymas
1496 970 1656 1036 fudit,
1705 981 1758 1027 et
1805 975 1859 1026 in
1884 975 2084 1028 caalum
2183 975 2238 1022 et
2263 966 2514 1030 Phinees,
2546 967 2754 1022 Lazaro
2781 979 2834 1024 et
2861 969 3062 1034 Eliseo,
3095 987 3182 1026 me
3205 972 3482 1028 Clemente
3507 973 3713 1028 etNieo-

509 1065 811 1135 respiciens
833 1065 908 1115 ait
937 1084 948 1116 :
975 1061 1117 1126 Tibi,
1145 1063 1310 1126 Deus,
1333 1063 1425 1131 qui
1448 1063 1646 1116 coelum
1674 1070 1983 1133 terramque
2008 1062 2086 1118 fe-
2183 1059 2365 1123 demo,
2390 1059 2578 1113 Niceta
2606 1069 2661 1114 et
2693 1059 2911 1130 Aquila,
2946 1062 3051 1116 hoc
3080 1063 3243 1116 modo
3272 1065 3580 1133 prolocutus
3605 1073 3674 1119 est
3699 1083 3709 1117 :

507 1157 633 1210 cisti
664 1164 717 1209 et
745 1157 927 1209 omnia
958 1171 1078 1224 qua:
1130 1155 1184 1207 in
1217 1155 1298 1208 eis
1331 1164 1480 1217 sunt,
1512 1170 1727 1225 precem
1784 1157 2082 1225 supplicem
2182 1148 2606 1206 Consideremus
2642 1152 2840 1208 fratres
2862 1193 2878 1216 ,
2905 1153 3052 1222 quod
3089 1155 3296 1223 justum
3334 1165 3453 1222 est;
3484 1156 3709 1210 debemus

505 1247 815 1308 fundimus,
844 1255 901 1299 ut
932 1246 1316 1314 confugientes
1344 1245 1410 1299 ad
1438 1254 1491 1301 te
1515 1246 1569 1299 in
1600 1245 1951 1300 tribulatione
1983 1262 2082 1301 sua
2182 1243 2324 1296 enim
2353 1243 2615 1296 auxilium
2642 1243 2863 1313 aliquod
2894 1244 3036 1299 ferre
3055 1245 3331 1314 gentibus,
3355 1261 3477 1315 quae
3501 1246 3565 1299 ad
3586 1247 3710 1300 salu-

503 1338 734 1402 soleris;
769 1345 990 1405 propter
1021 1336 1275 1389 allectum
1303 1336 1449 1389 enim
1505 1352 1666 1406 quem
1724 1337 1926 1390 habent
1954 1352 2081 1407 erga
2183 1341 2290 1387 tem
2324 1342 2528 1388 vocata:
2559 1342 2708 1389 sunt.
2741 1334 2848 1404 Ipsi
2880 1335 3112 1390 audistis
3142 1335 3288 1404 quod
3321 1334 3510 1390 Simon
3538 1352 3710 1405 przeee-

504 1439 578 1494 te,
609 1427 846 1496 diligunt
870 1443 975 1487 me.
1008 1427 1100 1494 qui
1128 1427 1412 1479 veritatem
1455 1434 1602 1479 tuam
1635 1429 1953 1482 annuutiavi
1978 1430 2079 1485 eis.
2191 1425 2322 1481 dere
2346 1427 2536 1481 volens
2564 1426 2666 1480 iter
2694 1433 2942 1481 nostrum
2965 1425 3242 1496 profectus
3260 1437 3366 1493 est,
3395 1443 3553 1497 quem
3581 1442 3714 1496 θροις

500 1519 732 1589 Propter
759 1518 902 1588 quod
934 1518 1306 1572 miserationis
1336 1526 1443 1571 tua:
1473 1519 1697 1573 dextera
1722 1522 1937 1574 custodi
1961 1537 2078 1589 eos;
2180 1523 2359 1570 tuerat
2392 1532 2424 1572 e
2451 1516 2681 1585 vestigio
2713 1517 2952 1587 insequi.
2985 1524 3045 1570 υι
3074 1516 3248 1571 SiCUbi
3285 1516 3497 1586 aliquos
3519 1516 3714 1570 δυὺνεῐ-

502 1627 612 1665 non
638 1611 783 1665 enim
819 1610 1112 1664 Zacclueus
1165 1625 1267 1663 nec
1312 1611 1452 1664 alius
1479 1611 1768 1680 quisquam
1802 1613 2078 1668 hominum
2180 1615 2296 1662 tere
2327 1615 2566 1661 tentaret
2614 1608 2879 1662 conlinuo
2922 1605 3305 1661 coniularelur
3348 1621 3381 1660 ει
3422 1605 3594 1660 nobis.
3627 1603 3712 1657 39d

500 1711 690 1755 custos
737 1716 861 1754 esse
895 1701 977 1755 eis
1013 1701 1243 1754 idoneus
1294 1709 1491 1770 potest.
1528 1701 1652 1756 llaec
1701 1713 1880 1756 autem
1913 1715 1964 1760 et
1995 1706 2079 1759 his
2111 1766 2143 1770 Α
2180 1699 2439 1770 quoniam
2479 1699 2744 1768 injustum
2790 1699 2924 1753 mihi
2963 1698 3198 1762 videtur,
3239 1705 3300 1752 ut
3327 1697 3596 1752 derelictis
3638 1697 3708 1750 bis

500 1791 698 1843 similia
730 1807 854 1844 cum
901 1790 1131 1844 dixisset
1185 1766 1397 1854 Petrus,
1432 1794 1687 1847 manibus
1713 1796 2076 1864 superpositis
2111 1766 2152 1820 Β
2181 1766 2275 1862 qui
2305 1792 2419 1861 jam
2462 1766 2716 1845 conversi
2747 1796 2877 1845 sunt
2908 1791 2974 1843 ad
3009 1788 3198 1853 Deum,
3224 1804 3416 1843 eorum
3446 1789 3535 1859 qui
3559 1789 3713 1841 adhuc

493 1882 761 1937 Zaccbaeo
803 1882 998 1948 oravit,
1034 1890 1093 1935 ut
1140 1883 1546 1952 inculpabiliter
1599 1887 1946 1956 cpisc0patus
1989 1891 2075 1943 sui
2181 1885 2338 1953 longe
2364 1890 2494 1938 sunt
2522 1898 2711 1936 curam
2742 1882 3108 1952 proferamus,
3143 1888 3356 1936 rectum
3394 1890 3524 1952 puto
3564 1883 3712 1935 tribus

499 1984 746 2029 servaret
785 1975 1042 2028 ollicium.
1075 1973 1205 2028 Post
1253 1975 1367 2027 haec
1408 1974 1694 2030 duodecim
1727 1979 2074 2050 presbyteros
2178 1969 2463 2031 mensibus
2486 1992 2808 2046 permanere
2837 1992 2922 2031 me
2955 1991 3078 2030 cum
3100 1976 3188 2030 his
3207 1976 3300 2046 qui
3325 1975 3380 2028 in
3407 1977 3506 2030 hac
3525 1977 3712 2030 civitate

496 2068 773 2120 ordinavit
801 2075 856 2120 ct
886 2067 1145 2120 diacones
1196 2075 1452 2136 quatuor,
1491 2076 1545 2120 et
1573 2069 1648 2121 ait
1673 2087 1687 2124 :
1751 2069 2073 2126 Zacclneum
2176 2068 2430 2122 conversi
2454 2075 2583 2121 sunt
2606 2066 2672 2119 ad
2701 2065 2882 2130 ﬁdem,
2905 2073 2958 2120 et
2983 2065 3251 2119 ﬁrmiores
3271 2081 3369 2120 eos
3401 2064 3617 2126 edicere.
3631 2081 3711 2117 nec

496 2159 647 2213 hunc
674 2159 832 2212 vobis
863 2157 1115 2211 ordinavi
1165 2159 1504 2227 episc0pum,
1538 2160 1720 2215 sciens
1741 2177 1864 2214 eum
1912 2164 2073 2218 timo-
2175 2165 2358 2212 tamen
2390 2158 2513 2212 illos
2544 2157 2638 2228 qui
2667 2157 2846 2212 adhuc
2871 2157 3028 2226 longe
3047 2165 3177 2211 sunt
3205 2157 3424 2226 penitus
3454 2157 3710 2225 negligere.

495 2267 610 2305 rem
642 2249 734 2304 Dei
790 2249 991 2302 habere
1041 2257 1095 2302 et
1151 2251 1426 2304 eruditum
1473 2266 1596 2305 esse
1638 2253 1693 2306 in
1748 2253 2068 2323 Scripturis,
2175 2265 2244 2304 ne
2270 2249 2428 2311 forte.
2462 2250 2511 2305 Si
2541 2249 2635 2303 diu
2659 2249 2883 2304 venenis
2912 2248 3164 2318 90881111³3
3191 2246 3462 2301 domina?
3493 2247 3712 2300 inliciau'

493 2357 657 2412 quem
689 2342 847 2410 quasi
877 2340 1083 2394 Christi
1131 2340 1309 2393 locum
1344 2356 1651 2395 servantem
1682 2343 1952 2399 honorare
1977 2346 2073 2400 de-
2175 2348 2289 2405 tur,
2336 2340 2612 2396 diﬂicilius
2655 2349 2999 2395 revocentur.
3045 2339 3112 2393 Et
3149 2341 3273 2394 ideo
3304 2340 3453 2402 volo,
3483 2341 3526 2395 si
3561 2347 3712 2390 tamen

493 2433 654 2497 betis,
685 2433 1000 2486 obedientes
1027 2431 1076 2485 ei
1101 2432 1168 2485 ad
1182 2432 1411 2487 salutem
1439 2441 1702 2499 vestram,
1731 2445 1782 2489 et
1811 2439 2066 2500 scientes,
2173 2435 2338 2487 etiam
2368 2433 2522 2488 vobis
2548 2433 2757 2501 justum
2799 2433 3036 2497 videtur,
3069 2440 3129 2486 ut
3160 2448 3258 2502 pro
3291 2431 3552 2486 Zaccbzeo
3578 2444 3710 2498 quem

491 2525 638 2593 quod
669 2525 783 2578 sive
820 2524 996 2577 honor
1026 2527 1141 2578 sive
1172 2524 1370 2592 injuria
1430 2541 1551 2595 qua:
1593 2528 1642 2580 ei
1695 2527 1963 2591 defertur,
2001 2528 2069 2581 ad
2175 2525 2264 2578 hic
2295 2525 2674 2580 ordinavimus
2695 2525 3037 2594 episcopum,
3073 2524 3406 2593 subjiciatur
3432 2523 3487 2576 in
3518 2533 3711 2574 numero

488 2618 770 2669 Christum
800 2617 1071 2669 redundat
1103 2624 1157 2670 et
1213 2633 1242 2669 a
1281 2616 1504 2672 Christo
1540 2619 1607 2673 ad
1651 2618 1840 2675 Deum.
1872 2622 2070 2676 Audite
2173 2616 2475 2684 Benjamim
2500 2614 2644 2670 ﬁlius
2668 2614 2906 2681 Saba,et
2923 2630 3022 2686 pro
3045 2614 3318 2670 Clemente
3336 2628 3499 2684 quem
3522 2608 3705 2666 decrevi

491 2724 624 2777 ergo
649 2725 774 2761 eum
805 2710 1070 2764 attentius
1119 2717 1173 2763 et
1203 2710 1271 2763 ab
1302 2710 1422 2779 ipso
1447 2711 1709 2779 suscipite
1762 2713 2066 2768 doctrinam
2173 2722 2385 2759 "meum
2416 2720 2636 2775 semper
2659 2721 2801 2769 esse,
2827 2706 2952 2775 quia
2985 2721 3051 2760 ex
3089 2705 3348 2775 gentibus
3379 2704 3594 2759 veniens
3628 2715 3708 2752 au-

494 2801 639 2864 ﬁdei,
667 2801 873 2854 monita
904 2809 1083 2855 autem
1130 2804 1253 2856 vita:
1295 2818 1325 2855 a
1363 2805 1730 2874 presbyteris,
1764 2820 1792 2858 a
1823 2807 2070 2860 diaconi-
2170 2798 2350 2852 diendi
2378 2798 2524 2852 verbi
2564 2797 2655 2852 Dei
2700 2799 2908 2868 grande
2936 2799 3267 2853 desiderium
3303 2797 3474 2866 gerit,
3502 2795 3705 2847 Ananias

491 2895 594 2948 bus
621 2910 752 2948 vero
787 2894 1034 2948 ordinem
1067 2894 1392 2964 disciplinae.
1428 2893 1725 2951 Viduarutn
1756 2897 2066 2967 religiosam
2172 2892 2317 2945 filius
2351 2890 2532 2953 δαΐων
2573 2905 2672 2959 pro
2700 2888 2890 2943 Nicela
2934 2904 3064 2943 vero
3103 2897 3155 2944 et
3190 2889 3410 2958 Aquila,
3454 2886 3540 2956 qui
3562 2897 3706 2951 nuper

488 3001 679 3038 curam
713 2988 907 3055 gerite,
938 2987 1177 3057 pupillos
1218 2989 1436 3042 enixius
1468 2988 1674 3058 juvatc,
1732 2991 2066 3060 pauperibus
2168 2981 2418 3035 ιιιιιινθιέἱ
2455 2990 2583 3033 sunt
2626 2978 2694 3031 ad
2738 2977 2896 3032 ﬁdem
2940 2978 3168 3040 Christi,
3212 2977 3461 3032 Rubelus
3494 2971 3704 3027 Zacchmi

490 3078 923 3133 misericordiam
990 3080 1173 3142 facite,
1231 3079 1464 3149 juvenes
1505 3081 1824 3150 pudicitiam
1852 3082 2025 3139 docett

2173 3069 2343 3123 frater
2372 3078 2426 3124 et
2452 3069 2749 3124 Zacharias
2783 3078 3044 3124 structor.
3076 3068 3198 3124 Istis
3221 3085 3352 3139 ergo
3384 3077 3604 3138 quatuor
3623 3077 3701 3132 pro

485 3177 538 3223 et
566 3178 622 3222 ut
656 3170 889 3224 breviter
922 3179 1093 3225 totum
1127 3171 1327 3235 dicam,
1374 3174 1698 3227 alterutrum
1739 3191 1835 3229 vos
1859 3175 1913 3229 in
1942 3192 2016 3245 qu

2171 3162 2258 3215 his
2281 3169 2518 3230 quatuor
2563 3161 2879 3216 substitutis
2916 3161 3121 3231 expleri
3154 3161 3277 3215 volo
3318 3158 3595 3214 duodecim
3622 3169 3702 3207 nu-

486 3263 590 3317 bns
609 3278 697 3317 res
725 3265 1035 3334 poposcerit
1059 3272 1382 3320 sustentate.
1406 3265 1574 3321 Deum
1602 3267 1766 3321 colite
1790 3269 1881 3337 qui
1913 3284 2064 3323 crea-
2168 3267 2402 3318 "mrum:
2430 3260 2489 3305 υῐ
2521 3268 2607 3308 me
2646 3253 2702 3306 ίιι
2742 3252 2877 3323 iP515
2904 3268 3120 3322 semper
3148 3268 3338 3308 secum
3380 3267 3501 3308 esse
3534 3247 3701 3305 53mm

485 3356 562 3407 vit
579 3356 779 3408 caelum
807 3363 860 3408 ct
897 3365 1122 3419 terram,
1157 3356 1380 3412 Christo
1419 3359 1646 3423 credite,
1677 3360 1908 3415 invicem
1941 3361 2064 3415 dili-
2168 3341 2378 3397 δίιηοη·
2438 3377 2458 3392 ·

484 3446 618 3514 gite,
652 3446 1038 3500 misericordes
1069 3455 1246 3503 estote
1275 3449 1342 3501 ad
1373 3464 1586 3513 omnes,
1615 3468 1722 3505 non
1758 3454 1922 3508 verbo
1945 3454 2063 3508 solo
2234 3461 2419 3516 LXIX.
2489 3462 2858 3532 sequestratis
2909 3459 3073 3530 igitur
3124 3477 3208 3516 me
3258 3459 3534 3516 Clemente
3558 3465 3605 3513 et
3627 3454 3702 3507 Ni-

487 3537 580 3590 se"
608 3545 662 3589 θῑ
693 3553 858 3607 οινοτο
887 3547 940 3591 οι
962 3541 1126 3592 rebus
1149 3540 1366 3609 impiae
1397 3542 1741 3598 Charilalem-
2163 3564 2282 3608 ccta
2327 3562 2380 3608 et
2420 3553 2639 3623 Aquila,
2682 3553 2749 3605 ad
2788 3553 2912 3606 illos
2943 3550 3232 3604 duodecim
3277 3550 3358 3603 ait
3393 3569 3406 3604 :
3447 3547 3577 3601 Volo
3619 3557 3696 3598 vos

557 3627 762 3683 LXVII.
797 3629 860 3681 Et
889 3639 1010 3682 cum
1043 3631 1154 3684 hate
1195 3639 1356 3700 atque
1413 3633 1500 3686 his
1540 3635 1738 3687 similia
1774 3635 2061 3704 przccepis-
2167 3653 2291 3713 post
2319 3645 2460 3698 diem
2487 3645 2790 3697 crastinum
2824 3641 3097 3711 proﬁcisci
3128 3640 3192 3693 ad
3218 3648 3412 3709 gentes
3437 3650 3489 3693 et
3506 3636 3697 3703 vestigia

481 3729 586 3782 set,
620 3723 991 3790 pronuntiavit
1011 3723 1075 3774 ad
1102 3726 1359 3792 populum
1383 3725 1572 3780 dicens
1599 3745 1612 3781 :
1648 3727 1914 3792 Quoniam
1947 3736 2059 3782 tres
2164 3735 2404 3789 Simonis
2436 3734 2672 3803 insequi,
2703 3741 2762 3786 ut
2786 3732 2970 3785 omnia
2995 3745 3116 3800 quae
3146 3735 3257 3798 agit
3286 3729 3569 3782 manifesta
3590 3721 3696 3776 mihi

485 3831 700 3868 menses
725 3816 886 3867 statui
915 3815 1091 3869 facere
1123 3819 1400 3870 vobiscum
1426 3858 1440 3882 ,
1471 3821 1513 3873 si
1545 3821 1671 3889 quis
1702 3831 1940 3875 vestrum
1965 3822 2058 3878 dc-
2166 3826 2402 3880 faciatis.
2449 3825 2554 3880 Sed
2595 3834 2650 3879 et
2688 3823 3027 3893 propositum
3070 3821 3414 3891 singulorum
3449 3819 3698 3885 diligenter

484 3905 712 3968 siderat,
741 3906 1063 3974 baptizetur,
1126 3915 1182 3959 nt
1230 3917 1427 3962 exutus
1457 3910 1735 3978 prioribus
1781 3914 1960 3977 malis,
1992 3915 2058 3968 de
2161 3921 2423 3988 requirite
2452 3927 2505 3972 et
2543 3934 2628 3971 me
2669 3917 2988 3971 adiuturum
3032 3915 3152 3970 sine
3192 3929 3347 3966 mora
3392 3914 3472 3967 eis
3513 3921 3696 3962 annun-

484 3997 690 4065 reliquo
723 4012 820 4066 pro
850 3997 1008 4051 bonis
1033 3998 1242 4053 actibus
1265 3999 1436 4053 hazrcs
1455 4001 1719 4055 bonorum
1751 4004 2056 4057 (tmlestium
2158 4011 2311 4074 tiate,
2343 4017 2397 4063 et
2421 4025 2487 4062 nc
2519 4010 2689 4061 multa
2721 4009 2878 4063 vobis
2907 4007 3111 4070 dicam,
3144 4021 3239 4076 per
3264 4007 3448 4058 omnia
3480 3999 3695 4056 instruite

479 4103 542 4138 ex
578 4088 747 4154 gestis
798 4089 1035 4156 propriis
1089 4088 1199 4142 ﬁat.
1259 4088 1496 4143 Accedat
1519 4107 1648 4159 ergo
1693 4093 1785 4161 qui
1849 4097 1961 4148 vult
1990 4095 2055 4149 ad
2158 4101 2389 4170 gentilis
2426 4105 2746 4167 exspectare
2783 4098 3072 4151 adventurm
3107 4110 3308 4149 meum.
3335 4095 3574 4160 Cumque
3597 4088 3690 4139 lucc

476 4176 823 4236 Zacchaaum.
851 4187 904 4230 et
935 4179 1036 4247 ipsi
1071 4179 1160 4232 det
1204 4195 1401 4232 nomen
1432 4197 1593 4235 suum
1629 4183 1766 4252 (96),
1795 4193 1957 4254 atque
1987 4201 2011 4238 a

2159 4201 2320 4261 atque
2345 4192 2430 4246 his
2449 4192 2646 4246 similia
2661 4189 2888 4243 dixisset
2911 4209 2922 4242 :
2952 4189 3124 4240 Etiam
3140 4202 3258 4248 vos,
3283 4186 3481 4256 inquit,
3506 4183 3689 4236 fratres,

478 4284 544 4320 eo
574 4269 759 4321 audiat
782 4271 1037 4338 mysteria
1063 4270 1213 4338 regni
1243 4271 1772 4343 cmlorumJejuniis
1804 4276 2056 4346 frequen-
2160 4285 2205 4338 si
2249 4285 2378 4354 quid
2410 4283 2566 4338 vobis
2603 4286 2668 4335 ad
2700 4281 2816 4334 haec
2845 4281 3081 4343 videtur,
3108 4281 3294 4341 dicite,
3336 4295 3406 4333 ne
3447 4277 3575 4330 forte
3602 4285 3691 4324 non

477 4361 624 4413 tibus
654 4376 874 4430 operam
909 4362 1186 4429 impendat
1216 4378 1279 4416 ac
1330 4367 1682 4434 semetipsum
1715 4369 1768 4422 in
1797 4371 2053 4426 omnibus
2158 4377 2230 4431 sit
2272 4383 2478 4428 rectum
2511 4373 2656 4442 quod
2691 4372 2824 4425 mihi
2851 4372 2952 4426 soli
2989 4372 3184 4439 placet.
3213 4368 3352 4423 Tum
3385 4382 3566 4422 omnes
3603 4375 3690 4414 una

477 4453 689 4520 probet,
724 4462 783 4505 ut
809 4454 985 4508 tribus
1017 4453 1102 4506 his
1146 4457 1426 4511 mensibus
1465 4462 1856 4515 consummatis
1881 4463 1935 4515 in
1963 4463 2050 4518 die
2082 4444 2125 4498 D
2155 4480 2286 4518 voce
2315 4463 2689 4518 collaudantes
2716 4477 2839 4516 eum
2875 4479 2887 4514 :
2925 4459 3201 4530 Rogamus
3242 4461 3439 4529 magis,
3480 4455 3688 4509 aiebam.

476 4543 615 4597 festo
645 4544 818 4612 possit
843 4545 1131 4613 baptizari.
1167 4545 1538 4615 Baptizabitur
1560 4559 1737 4604 autem
1762 4554 2052 4621 unusquis-
2157 4567 2214 4610 ut
2262 4571 2362 4624 pro
2411 4555 2640 4609 arbitrio
2666 4564 2758 4606 tuo
2784 4562 2983 4606 cuncta
3029 4554 3292 4621 disponas
3331 4560 3386 4605 et
3430 4546 3564 4619 quod
3607 4541 3688 4595 libi

473 4652 579 4704 que
610 4645 851 4690 vestrum
885 4637 936 4688 in
961 4638 1117 4706 aquis
1146 4639 1472 4707 perennibus
1497 4642 1902 4698 nomine'l‘rina:
1928 4649 2052 4700 Bea-
2155 4648 2260 4716 ipsi
2291 4647 2503 4701 videtur
2540 4645 2764 4713 jubeas;
2794 4644 2898 4698 hoc
2936 4643 3080 4697 enim
3131 4653 3388 4712 putamus
3418 4655 3534 4695 esse
3575 4647 3688 4702 ορυε

469 4726 730 4781 titudinis
760 4727 1020 4780 invocato
1067 4744 1231 4796 super
1280 4745 1362 4795 se,
1394 4740 1692 4799 perunctus
1724 4735 1902 4803 primo
1929 4736 2050 4791 olco
2158 4741 2431 4810 integrum
2464 4738 2704 4809 pietatis,
2737 4737 2784 4791 si
2814 4751 2934 4805 quae
2955 4743 3013 4788 tu
3039 4735 3272 4804 jusseris
3305 4733 3626 4804 impleamus,

1775 4909 2145 4968 COTELERII
2181 4913 2411 4969 ΝΟΤΧΕ.

539 5045 648 5123 (θβ)
691 5044 758 5097 Et
789 5045 890 5123 ipsi
927 5044 1012 5097 det
1048 5062 1230 5097 nomen
1267 5061 1439 5100 suum.
1467 5043 1571 5123 Qui
1601 5046 1896 5123 Christiani
1931 5049 2047 5123 ﬁeri

2155 5050 2384 5123 criticus
2411 5048 2633 5123 Griecus
2660 5067 2674 5123 ξ
2707 5049 2900 5123 Σαφῶς
2925 5051 3058 5123 ἡμῖν
3096 5046 3350 5123 δείκνυσί
3373 5049 3405 5123 6_
3432 5043 3676 5123 xapdf-‘ii?

468 5114 748 5190 volebant.
780 5116 983 5190 dabant
1014 5132 1171 5169 suum
1198 5132 1392 5168 nomen
1423 5117 1486 5190 ad
1513 5117 1870 5190 baptismum,
1899 5136 2003 5188 quo

2147 5121 2242 5190 τοῦ
2280 5120 2638 5190 προκειμένου
2663 5114 2840 5186 λόγοι),
2876 5114 3076 5172 ὃτῖοὑκ
3108 5119 3221 5190 ἔστι
3261 5117 3351 5169 τοῦ
3384 5114 3677 5190 difﬁcilius:-

469 5187 807 5242 scriberctur
831 5202 860 5236 a
891 5186 1036 5237 clero
1063 5229 1076 5249 ,
1110 5195 1408 5254 posteaque
1433 5182 2004 5256 ὁνομάτογραφὲντέςε

2147 5182 2406 5243 λείου.’1ιι
2447 5182 2682 5244 concilio
2725 5182 3335 5256 Constantinopolitano
3373 5187 3471 5239 sub
3507 5182 3672 5256 liena:

469 5256 767 5328 subscripti
786 5252 1139 5328 dicebantur.
1177 5252 1459 5328 Celebrent
1494 5252 1658 5328 ritum
1680 5252 1893 5312 docent
1915 5275 2004 5312 cur

2145 5259 2414 5328 Στέφανος
2444 5259 2714 5321 διάκονος,
2748 5261 2776 5312 ὁ
2822 5262 2915 5312 καὶ
2960 5259 3057 5322 τὰς
3088 5252 3451 5328 ῗιτροσηγορξας
3486 5253 3580 5305 τῶν
3613 5252 3675 5310 εἰς

469 5277 767 5322 διιυδρΐιριι
797 5277 1139 5309 111(.ὐυὶ111ιυί’.
1177 5277 1459 5309 ιιιξιυυιϊξιιι
1494 5277 1658 5309 ῘΊῑυΙΙΙ
1694 5277 1893 5312 uocent
1915 5277 2003 5312 Cl"

468 5327 654 5400 multis
691 5325 923 5400 Sinicius
969 5341 1124 5394 papa,
1164 5327 1326 5400 epist.
1367 5327 1418 5400 'I_,
1452 5342 1572 5394 cap.
1617 5326 1671 5400 2,
1721 5335 1772 5380 et
1800 5329 2003 5397 Cyrillu

2145 5277 2244 5311 me
2290 5277 2414 5323 ανος
2444 5277 2714 5321 οιακονος,
2748 5277 2776 5312 ο
2822 5277 2915 5312 και
2960 5277 3057 5322 τας
3088 5277 3451 5328 προσηγορίας
3486 5277 3580 5305 των
3613 5277 3673 5310 δι,

2141 5327 2209 5400 re
2251 5277 2397 5382 ἓεῖον
2449 5328 2728 5400 βάπτισμα
2783 5329 3114 5399 προσιόντων
3169 5327 3461 5396 ἐγγράφειν
3507 5337 3673 5387 τεταγ-

467 5395 1010 5467 Hierosolyrnitanus,
1053 5397 1330 5467 catechesi
1371 5397 1626 5467 5.7atque
1655 5398 1708 5448 in
1754 5395 2035 5467 Πρὸκαιτη-
2143 5397 2320 5467 μένος.

466 5469 639 5537 χὴσει.
681 5465 749 5537 Ea
783 5464 1216 5537 Procatechcsis,
1241 5474 1296 5517 ut
1323 5466 1372 5518 id
1405 5464 1888 5537 obiterimonea'm,
1922 5464 2035 5521 vel-
2146 5464 2156 5467 ⁷
2210 5468 2319 5536 (97)
2357 5468 2534 5522 Possit
2558 5469 2818 5536 percipere
2837 5467 2901 5521 de
2925 5469 3142 5521 sanctis.
3166 5465 3281 5537 Hoc
3300 5472 3402 5526 est,
3429 5475 3607 5537 corpus
3628 5465 3672 5510 ct

467 5533 530 5589 iit
569 5536 791 5590 homilia
826 5534 882 5589 S.
917 5535 1125 5607 _Basilii
1169 5535 1241 5588 De
1273 5537 1552 5602 baptismo,
1585 5536 1717 5607 Περὶ
1754 5538 2034 5607 φωτίσμα-
2141 5533 2464 5607 sanguinem
2507 5533 2734 5593 Christi.
2773 5539 2829 5590 Id
2871 5555 3001 5592 vero
3039 5552 3230 5607 magna
3269 5533 3557 5607 ignorantia
3584 5542 3670 5580 non

467 5553 526 5589 ut
569 5553 791 5590 nonnua
826 5553 882 5589 δ,
941 5553 1125 5588 nasum
1169 5553 1241 5588 ue
1273 5553 1552 5602 vapusmo,
1585 5553 1717 5606 ιιερι
1754 5553 2034 5607 φωτισμα-
2141 5553 2464 5607 sanguinem
2507 5553 2734 5593 ωιτιδιι.
2773 5553 2829 5590 ια
2871 5555 3001 5592 vero
3039 5554 3122 5590 ma
3164 5553 3230 5588 na
3269 5553 3557 5604 ignorantia
3584 5553 3670 5580 Ιιυιι

462 5622 574 5668 τος,
602 5613 804 5668 exstat,
837 5605 1130 5676 sedmulta
1162 5622 1285 5676 cum
1332 5607 1668 5665 diversitate.
1706 5606 1758 5658 in
1791 5608 2033 5673 antiquis
2140 5607 2455 5676 intelligens
2482 5610 2901 5662 consarcinator
2928 5611 3105 5662 tertia:
3128 5553 3428 5660 filecretalis
3453 5602 3672 5676 Clemen-

465 5676 795 5749 membranis
838 5675 1181 5749 Bibliotheca:
1215 5673 1408 5749 licgia:
1444 5676 1568 5749 cod.
1615 5676 1749 5749 I260
1787 5684 1841 5730 et
1869 5667 2030 5749 2405,
2141 5678 2233 5738 tis.
2265 5667 2348 5730 sic
2367 5678 2548 5731 Ruﬁni
2580 5678 2740 5733 verba
2770 5680 3145 5749 interpolavit:
3171 5676 3336 5747 possit
3349 5674 3589 5741 percipere
3609 5667 3670 5720 ω’

463 5744 530 5797 ad
570 5745 729 5813 cujus
771 5745 1095 5813 posterioris
1127 5747 1336 5801 codicis
1369 5747 1667 5816 marginem
1710 5747 1789 5802 sic
1825 5748 2034 5801 notavit
2139 5764 2396 5801 cumcum
2419 5750 2636 5804 sanctis.
