3888 6192
203 329 339 384 1515

1324 327 1832 385 RECOGNITIGNU
1845 329 1891 382 Μ
1931 329 2057 384 LIB.
2102 326 2186 385 III.

3343 328 3448 385 11H

275 440 716 510 LXX—Igitur
751 447 959 495 statuto
1008 440 1097 496 die
1141 456 1266 495 cum
1309 443 1599 497 stetissent
1646 453 1773 497 ante
1802 451 1848 507 Α
1878 444 2196 513 relinquens
2227 452 2369 513 quos
2390 459 2499 497 non
2546 452 2783 513 oportet.
2825 442 2909 497 vel
2947 457 3170 498 uxorem
3211 446 3447 511 fidelem,

202 536 442 598 Petrum,
472 532 550 588 Ne
569 534 874 596 arbitreris,
908 535 1083 597 aiunt,
1126 534 1303 597 Petre,
1337 549 1565 604 parvum
1615 534 1774 589 nobis

202 628 367 682 indici
398 641 719 688 maerorem,
750 625 897 694 quod
930 626 1247 679 fraudamur
1278 641 1385 679 non
1413 626 1699 679 audientes
1724 634 1775 679 te

202 734 299 789 per
337 733 553 772 menses
589 725 729 781 tres;
765 716 860 771 sed
909 718 1167 787 quoniam
1204 717 1309 771 hoc
1356 716 1575 785 expedit
1615 732 1775 785 agere

202 813 349 883 quod
393 821 448 866 tu
488 811 674 879 jubes,
710 810 1028 864 obediemus
1070 809 1515 878 promptissime;
1560 821 1777 875 semper

202 922 331 976 ergo
351 906 563 958 vultum
599 911 751 956 tuum
785 903 839 955 in
878 909 1067 957 nostro
1098 900 1263 955 corde
1296 900 1596 954 retinentes
1629 900 1774 953 sicut

200 999 416 1069 jussisti
462 1000 672 1050 alacres
706 996 1126 1065 proficiscimur.
1168 993 1355 1047 Atille
1383 994 1636 1046 oratione
1673 1005 1775 1059 pro

204 1092 286 1146 eis
318 1089 385 1142 ad
418 1090 703 1143 Dominum
749 1089 868 1142 fusa
896 1089 1081 1141 emisit
1111 1101 1228 1140 eos.
1268 1084 1334 1137 Et
1374 1099 1497 1138 cum
1543 1082 1775 1152 profecti

206 1183 436 1237 fuissent
478 1181 557 1235 illi
603 1180 890 1235 duodecim
933 1180 1024 1248 qui
1070 1178 1339 1248 praemissi
1381 1183 1529 1239 sunt,
1574 1174 1775 1229 Petrus

206 1278 487 1346 ingressus
513 1290 581 1329 ex
603 1288 754 1327 more
782 1273 837 1326 in
866 1273 986 1325 loco
1014 1269 1403 1339 disputationis
1436 1268 1603 1323 stetit.
1630 1268 1776 1320 Conv

204 1376 427 1423 venerat
459 1374 639 1420 autem
673 1365 860 1434 populi
903 1363 1216 1422 multitudo,
1262 1360 1544 1430 copiosior
1580 1373 1778 1412 nume-

206 1477 304 1515 rus
328 1475 487 1529 quam
517 1459 747 1522 solebat,
768 1465 819 1512 et
843 1472 1034 1511 omnes
1056 1471 1179 1509 eum
1210 1454 1466 1524 lacrymis
1491 1452 1779 1505 intueban-

205 1561 295 1606 tur
321 1568 466 1615 eum,
499 1565 598 1621 pro
627 1565 692 1604 eo
723 1548 868 1619 quod
901 1548 1075 1618 pridie
1101 1548 1169 1601 ab
1199 1562 1264 1601 eo
1293 1544 1599 1607 audissent,
1640 1558 1775 1611 pro-

208 1644 475 1699 fecturum
498 1659 557 1697 se
579 1642 817 1696 Simonis
837 1641 1030 1710 gratia.
1056 1638 1160 1692 Sed
1183 1646 1235 1692 et
1261 1638 1376 1707 ipse
1404 1638 1775 1707 lacrymantes

207 1753 301 1792 eos
325 1737 517 1791 videns
539 1735 739 1790 similia
765 1734 1093 1804 patiebatur,
1120 1732 1247 1785 licet
1274 1737 1567 1784 conaretur
1591 1730 1779 1782 occul-

209 1838 327 1883 tare
367 1840 420 1883 et
464 1828 715 1882 inhibere
760 1828 1063 1895 Iacrymas;
1103 1823 1434 1893 prodebatur
1484 1830 1668 1874 tamen
1714 1836 1781 1875 ex

207 1930 446 1976 tremore
461 1920 612 1974 vocis
629 1928 682 1973 et
705 1918 1103 1988 interruptione
1130 1917 1423 1980 sermonis,
1447 1914 1594 1985 quod
1617 1915 1783 1969 simili

209 2024 498 2084 angeretur
526 2012 743 2067 affectu.

278 2105 465 2160 LXXI.
506 2104 891 2160 Verumtamen
941 2118 1104 2156 manu
1146 2100 1460 2156 confricans
1526 2099 1781 2163 frontem,

212 2201 395 2271 Equo
419 2201 622 2263 animo,
650 2197 1062 2266 inquit,estote,
1083 2194 1371 2259 fratres,et
1401 2190 1785 2248 misericordes

210 2296 426 2349 animas
452 2300 666 2347 vestras
689 2289 908 2344 consilii
933 2287 1147 2343 ratione
1177 2285 1452 2349 solamini,
1478 2283 1784 2338 referentes

210 2390 395 2441 omnia
431 2384 499 2438 ad
530 2383 721 2445 Deum,
753 2381 913 2449 cujus
937 2380 1110 2433 solius
1149 2378 1422 2447 implenda
1442 2383 1496 2431 et
1527 2376 1581 2429 in
1602 2373 1787 2429 omni-

209 2481 316 2535 bus
364 2476 697 2548 prmfereuda
730 2476 986 2529 voluntas
1027 2478 1132 2525 est.
1166 2468 1302 2523 Nam
1335 2470 1383 2525 si
1425 2467 1580 2523 verbi
1612 2465 1789 2536 gratia

210 2576 504 2642 ponamus,
539 2568 683 2638 quod
716 2581 815 2635 pro
840 2564 1036 2619 affectu
1069 2578 1230 2632 quem
1254 2576 1382 2631 erga
1402 2574 1500 2614 vos
1523 2560 1782 2630 gerimus,

213 2670 407 2719 contra
444 2662 781 2715 voluntatem
821 2657 941 2726 ejus
972 2665 1193 2725 agentes
1232 2652 1576 2708 resideamus
1608 2651 1792 2705 vobis-

210 2772 363 2818 cum,
397 2753 644 2823 nunquid
676 2767 782 2805 non
823 2757 1001 2818 potest
1031 2748 1202 2802 missa
1226 2747 1278 2799 in
1310 2761 1397 2800 me
1437 2750 1635 2807 morte,
1659 2757 1788 2811 pro-

212 2847 504 2904 fectionem
532 2844 665 2898 mihi
689 2860 718 2896 a
751 2843 907 2898 vobis
936 2840 1180 2895 indicere
1209 2838 1553 2909 longiorem?
1581 2837 1647 2890 Et
1670 2838 1794 2891 ideo

212 2940 413 2996 melius
442 2947 525 2994 est
556 2946 616 2992 ut
647 2937 789 2990 hanc
819 2936 1124 2990 breviorem
1151 2948 1275 2985 eum
1313 2933 1594 2985 voluntate
1619 2930 1795 2999 ipsius

214 3032 564 3103 impleamus,
604 3035 793 3097 utpote
834 3027 1035 3096 quibus
1079 3024 1362 3079 definitum
1393 3030 1478 3077 est
1520 3021 1577 3074 in
1617 3021 1797 3075 omni-

1875 538 1961 590 vel
2011 538 2056 591 si
2106 552 2227 606 quae
2301 538 2344 567 ¹⁰
2387 543 2516 590 sunt
2564 536 2877 605 hujusmodi
2934 552 3198 605 personae,
3248 538 3444 607 quibus

1875 636 2098 697 prOpter
2146 627 2314 682 Deum
2366 628 2569 682 deferri
2619 629 2873 683 solatium
2919 629 3175 682 convenit
3235 606 3471 683 Interea‘

1876 736 1972 789 per
2003 721 2120 775 dies
2153 722 2403 790 singulos
2437 723 2727 792 disputans
2755 730 2807 775 et
2849 722 3076 784 docens,
3110 721 3456 789 prcpositum

1877 820 2093 881 tempus
2140 812 2197 866 in
2240 813 2505 867 doctrinae
2536 814 2723 868 labore
2754 813 3066 881 complevit.
3101 812 3167 863 Et
3196 826 3321 864 cum
3352 810 3450 863 ad-

1876 904 2117 959 venisset
2156 904 2275 959 dies
2304 904 2478 960 festus
2502 945 2516 969 ,
2571 920 2737 974 super
2767 905 2955 959 decem
2994 904 3163 957 millia
3198 899 3450 972 baptizati

1876 1004 2022 1051 sunt.

1948 1088 2183 1145 LXXIII.
2227 1089 2287 1143 In
2327 1089 2439 1144 illis
2464 1096 2647 1143 autem
2679 1088 2873 1143 diebus
2901 1087 3133 1156 epistola
3165 1084 3399 1138 mittitur
3423 1098 3459 1137 a

1878 1181 2140 1237 fratribus
2163 1183 2256 1252 qui
2290 1174 2714 1251 praecesserant,
2750 1181 2804 1233 in
2828 1194 2936 1249 qua
2973 1177 3213 1232 Simonis
3247 1177 3461 1230 scelera

1877 1276 2333 1339 continebantur,
2392 1273 2670 1345 quomodo
2728 1287 2827 1341 per
2874 1271 3126 1325 civitates
3183 1268 3460 1337 deciperet

1877 1368 2069 1422 turbas
2115 1375 2170 1422 et
2202 1366 2425 1421 Petrum
2474 1382 2572 1436 per
2614 1365 2831 1435 singula
2871 1364 3174 1424 laceraret,
3223 1366 3281 1413 ut
3331 1374 3461 1413 cum

1881 1458 2017 1512 forte
2046 1458 2394 1521 advenisset,
2428 1459 2613 1513 nullus
2645 1459 2695 1511 ei
2725 1454 3164 1509 accommodaret
3188 1451 3460 1505 auditum.

1876 1545 2171 1600 Asserebat
2216 1546 2365 1600 enim
2410 1562 2533 1600 eum
2581 1561 2799 1615 magum
2876 1559 3000 1598 esse
3057 1549 3111 1596 et
3163 1542 3284 1596 sine
3323 1539 3456 1601 Deo,

1878 1637 2206 1704 injuriosum
2236 1678 2250 1703 ,
2302 1637 2561 1690 callldum
2588 1679 2602 1701 ,
2650 1636 2965 1705 imperitum
3003 1639 3055 1687 et
3099 1630 3461 1700 impossibilia

1881 1728 2246 1796 profitentem.
2298 1727 2545 1781 Mortuos
2590 1726 2735 1780 enim
2784 1729 3195 1779 resurrecturos
3226 1720 3459 1783 asserit,

1884 1817 2029 1885 quod
2058 1823 2164 1880 est,
2200 1817 2397 1886 inquit,
2428 1815 2788 1885 impossibile.
2812 1812 2868 1867 Si
2901 1815 2992 1883 qui
3020 1828 3151 1867 vero
3178 1826 3303 1867 eum
3331 1825 3465 1865 com

1884 1908 2065 1962 futare
2097 1908 2263 1970 velit,
2314 1908 2548 1961 occultis
2589 1908 2657 1961 ab
2689 1921 2754 1960 eo
2786 1905 3003 1959 insidiis
3043 1903 3332 1974 perimitur
3369 1917 3467 1971 per

1886 2000 2153 2055 satellites
2187 1999 2342 2068 ejus;
2391 2007 2615 2069 pr0pter
2639 1998 2785 2069 quod
2811 2038 2825 2063 ,
2862 1998 3061 2067 inquit,
3124 2003 3179 2051 et
3201 2011 3302 2064 ego
3342 2009 3466 2048 eum

1885 2106 2010 2145 eum
2057 2104 2408 2159 superassem
2445 2096 2500 2143 et
2548 2088 3016 2156 triumphassem,
3069 2084 3300 2138 insidias
3348 2082 3469 2150 ejus

1887 2181 2096 2235 veritus
2129 2178 2274 2249 fugi,
2306 2193 2377 2233 ne
2407 2176 2549 2231 forte
2593 2173 2878 2228 maleficiis
2921 2187 3006 2226 me
3045 2169 3338 2241 perimeret
3376 2172 3472 2218 aut

1888 2282 2119 2327 mortem
2149 2285 2324 2325 meam
2354 2284 2451 2339 per
2480 2266 2713 2321 insidias
2743 2265 3005 2319 elocaret.
3030 2259 3351 2315 lndicabant
3376 2271 3471 2308 au—

1888 2372 1997 2420 tem
2030 2363 2266 2417 maxime
2292 2374 2418 2415 eum
2458 2358 2604 2429 apud
2639 2354 2905 2424 Tripolim
2937 2350 3235 2406 demorari.

1962 2452 2197 2509 LXXIV.
2234 2451 2407 2520 Igitur
2451 2448 2647 2503 Petrus
2691 2444 2980 2516 epistolam
3016 2439 3237 2496 recitari
3272 2436 3473 2507 populo

1887 2551 2063 2620 jubet,
2088 2555 2142 2603 et
2171 2554 2294 2618 post
2326 2546 2619 2601 lectionem
2660 2542 2932 2595 allocutus
2979 2551 3076 2591 eos
3119 2535 3187 2589 de
3218 2533 3475 2587 omnibus

1894 2642 2213 2712 plenissime
2253 2636 2555 2699 instruxit,
2586 2633 2860 2704 praecipue
2888 2638 3073 2683 tamen
3102 2634 3163 2680 ut
3191 2624 3477 2680 obedirent

1895 2734 2193 2795 Zacchaeo,
2247 2744 2409 2801 quem
2455 2725 2730 2781 ordinavit
2771 2723 2851 2778 eis
2880 2721 3221 2790 episcopum.
3266 2712 3377 2769 Sed
3424 2719 3478 2766 et

1896 2828 2250 2899 presbyteros
2282 2830 2336 2878 et
2365 2821 2630 2876 diaconos
2662 2816 2886 2887 populo,
2938 2820 2993 2867 et
3032 2811 3177 2880 ipsis
3202 2804 3478 2861 nihilomi-

1898 2937 2004 2977 nus
2056 2918 2319 2991 populum
2366 2909 2790 2969 commendavit.
2829 2905 3114 2973 Simulque
3149 2898 3485 2953 denuntians

1898 2986 2223 3085 quod-apud
2270 3005 2535 3076 Tripolim
2566 3002 2906 3055 hiematurus
2933 3002 3113 3056 esset,
3143 2986 3482 3045 Counmeudo

215 3080 564 3103 --νιν-η---ηπ
612 3080 693 3097 ητ
750 3080 785 3082 η
844 3080 865 3096 κ.
938 3080 955 3081 η
1916 3080 1933 3085 -

214 3125 323 3180 bus
368 3124 588 3179 obedire
619 3121 764 3187 Deo;
801 3120 944 3174 unde
988 3126 1041 3173 et
1084 3132 1182 3171 vos
1221 3115 1434 3170 debetis
1473 3114 1638 3169 simili
1667 3114 1796 3167 obe—
1825 3137 1867 3193 ε
1901 3120 2033 3166 vos,
2083 3100 2300 3171 inquit,
2352 3096 2544 3167 gratiae
2592 3091 2721 3153 Dei,
2766 3087 3013 3143 crastino
3045 3098 3170 3137 cum
3202 3080 3485 3132 voluntate.

215 3216 425 3271 dientia
456 3229 653 3285 parere
682 3213 755 3275 ei,
799 3211 1000 3281 quippe
1031 3209 1125 3279 qui
1156 3208 1320 3262 etiam
1352 3222 1440 3261 me
1466 3221 1574 3259 non
1597 3204 1703 3257 alia
1728 3219 1797 3257 ex

216 3324 412 3370 causa,
440 3309 542 3362 nisi
562 3322 658 3377 pro
678 3306 855 3375 ipsius
875 3319 1061 3357 amore
1091 3300 1354 3370 diligatis.
1381 3297 1452 3352 Ut
1475 3312 1607 3368 ergo
1630 3296 1794 3349 amici

218 3403 351 3466 Dei,
391 3400 656 3456 voluntati
688 3399 808 3467 ejus
862 3398 1262 3464 obtemperate;
1313 3392 1407 3446 sed
1447 3398 1502 3445 et
1549 3404 1647 3444 vos
1695 3389 1800 3457 ipsi

217 3498 450 3569 probate
481 3494 627 3565 quod
653 3492 863 3562 justum
895 3496 997 3544 est.
1031 3483 1291 3554 Nunquid
1315 3498 1423 3537 non
1457 3480 1687 3551 impium
1717 3481 1800 3532 vi-

219 3589 478 3651 debatur,
526 3586 573 3641 si
613 3599 739 3639 cum
776 3598 877 3638 vos
922 3579 1115 3634 Simon
1164 3576 1464 3645 deciperet,
1539 3587 1639 3642 ego
1690 3588 1800 3625 non

220 3680 499 3735 venissem
535 3677 601 3731 ad
635 3691 735 3731 vos
764 3674 1019 3730 detentus
1062 3686 1092 3723 a
1136 3667 1398 3723 fratribus
1434 3664 1528 3734 qui
1564 3662 1802 3721 erantin

222 3771 595 3836 Hierusalem,
642 3776 696 3822 et
743 3764 963 3836 quidem
1012 3777 1137 3817 cum
1185 3757 1463 3814 haberetis
1508 3755 1653 3826 apud
1704 3770 1804 3809 vos

223 3865 573 3927 Zacchaeum,
624 3862 800 3914 virum
841 3859 1045 3912 bonum
1079 3861 1133 3909 et
1172 3854 1227 3907 in
1271 3865 1524 3907 sermone
1569 3847 1799 3918 expedi-

224 3957 383 4011 tum?
411 3955 491 4009 Ita
512 3968 641 4024 ergo
669 3959 723 4007 et
745 3965 892 4004 nunc
914 3948 1142 4019 impium
1163 3945 1424 4014 judicate,
1452 3942 1497 3996 si
1528 3954 1654 3995 cum
1677 3954 1781 3993 ex—

224 4050 355 4106 ierit
384 4047 574 4102 Simon
615 4046 681 4100 ad
713 4053 904 4115 gentes
932 4037 1355 4111 impugnandas,
1385 4034 1590 4105 quibus
1624 4032 1808 4086 nullus

225 4142 459 4198 omnino
482 4137 738 4194 defensor
768 4144 872 4200 est,
894 4150 994 4205 ego
1023 4148 1132 4188 non
1157 4131 1464 4200 subsequar
1493 4128 1748 4182 detentus
1779 4142 1810 4179 a

224 4234 409 4288 vobis.
448 4230 679 4301 Propter
722 4228 868 4299 quod
913 4227 1290 4286 observemus,
1324 4237 1393 4276 ne
1442 4218 1583 4275 forte
1613 4218 1811 4274 affectu

228 4329 441 4397 injusto
469 4326 811 4379 voluntatem
834 4317 1059 4388 maligni
1093 4315 1383 4369 faciamus.

303 4416 521 4474 LXXII.
558 4414 780 4469 Interim
817 4411 1017 4472 tribus,
1086 4414 1148 4461 ut
1215 4405 1348 4467 dixi,
1380 4403 1661 4458 mensibus
1691 4417 1815 4471 per-

228 4512 469 4568 manebo
511 4508 655 4579 apud
697 4522 837 4571 vos;
881 4511 1058 4559 estote
1107 4498 1318 4554 assidui
1364 4496 1432 4550 ad
1473 4495 1809 4551 audiendum

229 4605 485 4665 verbum,
507 4608 560 4656 et
577 4597 974 4655 consummatis
998 4594 1105 4655 his,
1123 4593 1169 4647 si
1192 4591 1284 4661 qui
1307 4598 1540 4660 possunt
1557 4590 1813 4644 etvolunt

231 4695 393 4765 sequi
415 4708 539 4752 nos.
562 4690 898 4762 permittitur
924 4686 1005 4740 eis
1027 4685 1177 4739 salva
1202 4683 1422 4753 pietate.
1446 4680 1603 4747 Quod
1631 4688 1813 4734 autem

232 4789 363 4843 dico
399 4786 553 4841 salva
591 4784 812 4854 pietate,
851 4780 955 4833 hoc
987 4785 1091 4839 est,
1124 4791 1193 4829 ne
1222 4791 1385 4844 quem
1426 4774 1673 4828 discessu
1717 4787 1817 4826 suo

233 4879 530 4936 contristet
567 4877 662 4947 qui
692 4871 1013 4930 contristari
1056 4884 1165 4923 non
1208 4867 1393 4931 debet,
1427 4867 1513 4921 vel
1561 4876 1817 4935 parentes

315 5060 360 5094 “
402 5060 491 5113 Vel
514 5059 558 5112 si
584 5050 1008 5125 quoe—convenit
1028 5048 1228 5103 desunt
1255 5045 1313 5098 in
1342 5042 1467 5100 cod.
1494 5051 1727 5113 utroque
1752 5040 1900 5110 Lips.

235 5143 333 5190 tur
375 5131 429 5184 in
460 5129 621 5185 codd.
671 5127 851 5195 Lipss.

1902 3195 2118 3249 Domini
2148 3190 2517 3261 profecturus.
2551 3182 2654 3237 Per
2674 3180 2882 3235 totos”
2915 3182 3098 3230 autem
3122 3182 3235 3227 tres
3267 3182 3485 3223 menses

1900 3302 2039 3360 quos
2084 3283 2230 3355 apud
2276 3280 2586 3335 Cassaream
2628 3272 2893 3328 doctrinae
2942 3280 3113 3321 causa
3170 3260 3483 3330 exegimus,

1902 3352 2241 3453 quaecunque
2269 3371 2412 3443 apud
2436 3370 2699 3441 populum
2727 3362 3035 3419 disserebat
3063 3373 3158 3427 per
3181 3355 3347 3414 diem,
3368 3352 3479 3404 hazc

1903 3448 2062 3528 nobis
2097 3474 2313 3524 secreto
2350 3459 2772 3517 Iucubrantibus
2802 3468 2987 3510 secum
3033 3448 3249 3519 plenius
3275 3451 3332 3499 et
3363 3458 3481 3512 per-

1904 3566 2103 3621 fectius
2134 3558 2464 3629 cxplanabat
2484 3595 2497 3617 ,
2525 3561 2785 3621 tanquam
2819 3544 3159 3601 fidelioribus
3190 3553 3255 3592 ac
3285 3536 3389 3592 sibi
3423 3535 3481 3587 li-

1905 3659 2074 3730 quido
2106 3626 2371 3725 probatis.
2406 3646 2581 3702 Simul
2610 3651 2665 3698 et
2704 3643 2936 3710 imperat
2978 3634 3132 3694 mihi,
3166 3631 3297 3699 quia
3326 3626 3488 3681 intel-

1907 3752 2039 3807 lexit
2067 3724 2156 3803 me
2176 3743 2482 3803 studiosius
2507 3754 2628 3808 qua:
2644 3733 2897 3788 audirem
2933 3724 3196 3782 memoria
3212 3734 3491 3776 commen-

1908 3848 2062 3909 dare,
2109 3840 2265 3896 libris
2307 3834 2521 3904 singula
2560 3842 2789 3900 qumque
2822 3838 2943 3894 qua:
2979 3822 3276 3909 memoratu
3321 3811 3489 3909 digna

1908 3901 2236 3995 videbantur
2263 3901 2728 3995 comprehendere
2757 3924 2811 3971 et
2834 3914 3051 3967 mittere
3082 3907 3149 3960 ad
3174 3911 3248 3966 te,
3280 3902 3353 3957 mi
3386 3901 3488 3954 do-

1912 4030 2061 4083 mine
2087 4020 2311 4080 Jacobe,
2353 4018 2497 4071 sicut
2530 4020 2599 4067 et'
2614 4008 2718 4064 feci
2747 4018 2948 4076 parens
2976 4000 3103 4069 ejus
3135 3992 3439 4066 praeceptis.

1984 4112 2195 4172 LXXV.
2221 4110 2439 4163 Primus
2467 4116 2598 4171 ergo
2629 4100 2769 4152 liber
2790 4112 2856 4149 ex
2887 4093 2971 4147 his
3003 4104 3146 4159 quos
3176 4086 3332 4157 prius
3366 4082 3490 4136 misi

1913 4212 1982 4266 ad
2012 4221 2064 4264 te
2091 4206 2203 4279 (98)
2227 4199 2472 4257 continet
2494 4195 2561 4249 de
2604 4204 2736 4246 vero
2770 4185 3033 4257 prOpheta
3070 4188 3123 4235 et
3151 4179 3219 4232 de
3247 4173 3495 4279 preprie:

1917 4265 2026 4359 tate
2055 4265 2433 4365 intelligentia:
2482 4286 2653 4357 legis,
2701 4278 3003 4337 secundum
3048 4273 3102 4327 id
3145 4268 3291 4341 quod
3322 4265 3495 4336 Moysi

1917 4396 2141 4453 traditio
2191 4362 2375 4447 docet.
2429 4378 2724 4438 Secundus
2771 4375 2840 4428 de
2899 4367 3172 4441 principio
3218 4362 3493 4420 continet,

1844 4470 1888 4525 Β
1920 4502 2102 4549 utrum
2137 4500 2306 4545 unum
2336 4482 2408 4536 sit
2444 4472 2798 4548 principium,
2825 4481 2893 4519 an
2924 4463 3115 4525 multa,
3141 4467 3196 4513 et
3216 4453 3360 4527 quod
3389 4467 3499 4506 non

1921 4544 2136 4654 ignoret
2162 4544 2522 4631 Hebraeorum
2552 4565 2660 4626 lex,
2709 4557 2841 4629 quid
2871 4556 2941 4611 sit
2972 4554 3330 4607 immensitas.
3367 4544 3502 4598 Ter-

1922 4638 2053 4736 tius,
2091 4672 2159 4726 de
2191 4668 2301 4721 Deo
2322 4671 2376 4719 et
2410 4662 2496 4715 his
2523 4672 2644 4727 quae
2671 4654 2740 4706 ab
2767 4666 2833 4705 eo
2862 4647 3116 4703 instituta
3147 4648 3295 4697 sunt.
3323 4638 3502 4703 Quar-

1923 4731 2050 4827 tus,
2078 4756 2226 4830 quod
2269 4768 2395 4807 cum
2438 4747 2597 4804 multi
2630 4744 2889 4797 dicantur
2920 4736 3030 4798 dii,
3064 4748 3208 4787 unus
3239 4731 3310 4784 sit
3338 4742 3501 4780 verus

1927 4856 2070 4910 Deus
2096 4821 2405 4906 secundum
2428 4835 2746 4897 testimonia
2773 4830 3212 4900 Scripturarum.
3241 4821 3499 4886 Quintus,

1980 5038 2022 5067 “
2056 5033 2161 5088 Per
2197 5039 2517 5085 totos—esse
2538 5036 2641 5075 non
2664 5021 2869 5087 poterat
2893 5010 3034 5084 (cap.
3064 5004 3151 5077 75)
3180 5019 3288 5058 non
3313 5002 3503 5070 legan-

1545 5277 1916 5340 COTELERII
1944 5272 2181 5331 NOTAE}.

318 5468 431 5541 <98)
472 5465 689 5541 Primus
719 5478 841 5541 ergo
885 5453 1228 5541 libereris
1259 5443 1824 5541 σ”Ῡὶνῖίξίδιηῖίξέηῗὲ

246 5514 497 5603 te,\vevtc.—
522 5514 693 5605 Igitur
724 5514 923 5605 decem
976 5528 1051 5581 illi
1092 5524 1215 5578 libri
1256 5514 1422 5575 antea
1455 5519 1537 5605 ad.
1561 5514 1823 5605 Jac‘ollum

243 5584 407 5665 missi
454 5607 523 5677 (si
547 5584 1104 5677 0unquamin.rerum
1152 5603 1345 5677 natura
1383 5584 1828 5677 ex.stitere)'_ldis-

246 5654 427 5749 tingui
456 5654 951 5749 \debenjtwabjstis'
970 5668 1159 5749 decem
1189 5661 1633 5749 Recogniliomtm“
1653 5654 1828 5749 libris,

247 5728 628 5817 quianon—cad
651 5743 901 5817 eumdem
924 5737 1199 5817 Iacobum.
1219 5728 1341 5799 post
1368 5746 1462 5817 eps
1479 5728 1827 5817 ser'ibpnt'p‘r.

384 5791 899 5875 i‘diiéxiwhbemibéb’
931 5809 987 5862 in
1034 5791 1278 5871 margine
1317 5800 1526 5855 codicis
1568 5794 1682 5849 RR.
1722 5791 1827 5845 PP.

1933 5436 2354 5494 Carmelitarum
2388 5430 2589 5500 legitur
2620 5446 2654 5500 3_
2688 5419 3063 5500 Distinctioues
3116 5414 3371 5468 librorum

1935 5490 2044 5562 iam
2075 5504 2350 5575 prozsentis
2386 5490 2575 5575 operis.
2618 5494 3256 5575 Eumdtemqueerrorem
3287 5490 3512 5537 secutus

1936 5555 2151 5631 videtrur
2189 5555 2305 5628 tum
2334 5555 2591 5639 scriptor
2633 5582 2741 5639 ms.
2779 5555 3085 5620 Sorbonici,
3129 5555 3230 5639 toti
3274 5566 3512 5634 namque

1936 5623 2097 5717 Operi
2129 5623 2485 5717 eavl‘e-mmata'
2506 5635 2796 5717 prmponit;
2829 5641 2945 5717 tpln
2990 5644 3094 5681 ms.
3134 5623 3347 5678 Thuani
3382 5637 3510 5675 exa-

1905 5701 2112 5777 .rator,
2166 5714 2258 5784 qui
2295 5701 2546 5784 similiter
2594 5701 2686 5784 illa
2736 5701 2990 5784 prail‘i'sit,
3033 5711 3097 5751 ac
3137 5704 3398 5767 praetcrea
3444 5706 3510 5747 ex

1940 5790 2049 5843 isto
2068 5772 2244 5853 capite
2275 5783 2341 5838 75
2371 5780 2500 5836 libri
2525 5776 2670 5834 tertii
2698 5772 2941 5831 sustulit.
