3888 6192
421 315 563 371 1515

1290 309 1348 366 S.
1384 307 1780 364 CLEMENTIS
1812 307 1831 361 1
1867 305 2032 365 ΠΟΜ.
2081 307 2279 363 PCNT.
2318 306 2547 362 OPERA
2588 308 2812 363 DUBIA.

3538 314 3675 367 1316

410 429 557 504 quod
586 427 696 482 duo
726 427 838 480 sint
868 425 992 479 cmli
1014 465 1029 489 ,
1061 439 1295 494 quorum
1349 414 1527 478 ununf
1566 423 1639 479 sit
1674 421 1823 477 istud
1853 421 1984 478 visi—
2015 433 2058 483 Α
2089 423 2270 491 posita
2300 432 2403 489 est,
2427 424 2574 493 justa
2619 426 2692 480 sit
2721 437 2774 480 et
2798 425 3059 495 perfecta,
3090 434 3145 481 et
3175 442 3299 497 quas
3326 429 3452 483 sola
3497 435 3679 500 possit

414 521 519 576 bile
570 518 971 571 firmamentum
1022 515 1166 585 quod
1215 524 1268 568 et
1317 513 1614 579 transibit,
1659 512 1807 567 aliud
1851 527 1982 567 vero

413 620 678 668 aeternum
706 620 760 664 et
792 609 1085 662 invisibile.
1142 607 1363 671 Sextus,
1396 608 1463 662 de
1502 608 1646 663 bono
1674 616 1729 664 et
1758 608 1901 662 malo
1927 613 1982 663 et

414 702 559 773 quod
594 702 735 755 bono
759 711 953 755 cuncta
988 701 1351 767 subjiciuntur
1383 717 1410 753 a
1445 698 1621 762 Patre,
1656 700 1858 752 malum
1893 713 1985 751 au-

408 801 515 846 tem
548 808 717 861 quare
742 803 795 845 et
825 793 1119 862 quomodo,
1152 803 1205 845 et
1231 792 1373 845 unde
1405 795 1493 854 sit,
1529 802 1582 846 et
1611 792 1755 862 quod
1785 807 1985 862 coope-

412 895 557 936 wtur
600 885 818 953 qunlcm
872 889 1051 946 bono,
1106 887 1198 939 sed
1238 903 1346 939 non
1399 888 1677 955 proposito
1710 888 1885 953 bono;
1926 897 1982 942 et

407 995 526 1045 qme
558 979 665 1030 sint
698 980 849 1046 signa
898 979 1047 1039 boni,
1082 996 1201 1049 qua)
1235 997 1359 1032 vero
1392 981 1610 1041 ntali,et
1641 996 1761 1050 qua:
1787 980 1857 1034 sit
1878 980 1986 1033 dif-

408 1070 639 1122 ferentia
670 1071 954 1123 dualitatis
978 1080 1031 1124 et
1060 1072 1484 1141 conjugationis.
1524 1070 1830 1140 Septimus,
1862 1088 1983 1141 qua:

407 1162 553 1223 sint,
592 1178 712 1229 quae
744 1164 1018 1231 prosecuti
1070 1173 1198 1218 sunt
1245 1164 1530 1218 duodecim
1564 1164 1798 1233 apostoli
1837 1162 1981 1233 apud

407 1253 667 1321 populum
701 1253 753 1306 in
781 1256 1000 1323 templo.
1036 1252 1297 1320 Octavus,
1323 1256 1389 1310 de
1412 1256 1592 1310 verbis
1625 1255 1835 1310 Domini
1862 1272 1983 1325 qum

408 1342 512 1395 sibi
546 1344 802 1396 videntur
826 1361 948 1399 esse
981 1348 1283 1411 contraria,
1315 1347 1409 1402 sed
1440 1363 1549 1401 non
1575 1355 1743 1412 sunt,
1776 1356 1829 1402 et
1859 1362 1984 1416 quae

406 1432 477 1485 sit
511 1432 705 1485 horum
739 1435 1033 1489 absolutio.
1067 1435 1285 1500 Nonus,
1316 1437 1444 1507 quia
1492 1438 1576 1492 lex
1626 1453 1749 1507 qua:
1792 1452 1823 1490 a
1873 1437 1985 1492 Deo

2088 514 2269 571 facere
2317 531 2527 586 pacem.
2591 517 2883 581 Decimus,
2934 518 3001 573 de
3048 520 3337 574 nativitate
3382 520 3678 577 hominum

2087 607 2297 660 carnali
2328 615 2382 662 et
2413 609 2480 663 de
2509 611 2860 678 generatione
2887 626 3008 679 qua:
3048 618 3132 665 est
3162 627 3261 680 per
3308 613 3678 682 baptismum,

2088 708 2142 753 et
2171 714 2293 769 quae
2322 701 2396 755 sit
2426 701 2481 755 in
2509 701 2732 756 homine
2753 702 2993 757 carnalis
3022 704 3252 757 seminis
3278 706 3600 767 successio,
3626 717 3683 760 et

2088 806 2210 861 qua:
2248 792 2442 847 animae
2487 794 2609 861 ejus
2636 795 2799 857 ratio,
2832 803 2887 847 et
2914 794 3190 863 quomodo
3236 796 3290 848 in
3324 795 3445 865 ipsa
3477 804 3569 851 est
3610 798 3681 850 li-

2087 884 2271 939 bertas
2296 886 2539 952 arbitrii;
2572 901 2694 955 quae
2722 887 2983 956 quoniam
3014 902 3123 939 non
3167 897 3253 942 est
3284 890 3535 957 ingenita
3580 889 3682 944 sed

2086 973 2231 1029 facta
2259 985 2377 1041 est,
2412 976 2710 1031 immobilis
2755 991 2785 1030 a
2828 978 2972 1030 bono
3006 993 3129 1032 esse
3171 994 3278 1032 non
3310 988 3557 1049 poterat.
3606 979 3685 1035 De

2086 1065 2172 1121 his
2203 1082 2334 1137 ergo
2356 1069 2587 1139 singulis
2615 1084 2737 1139 qua
2768 1068 2911 1137 apud
2938 1068 3242 1125 Caesaream
3268 1073 3511 1127 disserta
3543 1080 3683 1127 sunt

2087 1173 2117 1212 a
2150 1156 2333 1222 Petro,
2355 1160 2604 1228 jubente,
2634 1167 2694 1212 ut
2723 1159 2858 1222 dixi,
2892 1159 3010 1229 ipso
3040 1160 3228 1214 decem
3251 1163 3581 1231 conscripta
3609 1162 3680 1215 ad

2086 1254 2144 1308 te
2170 1253 2451 1307 transmisi
2482 1251 2782 1305 volumina.
2834 1250 2944 1306 Nos
2974 1262 3153 1306 autem
3186 1252 3276 1307 die
3308 1264 3533 1323 postera
3553 1295 3572 1317 ,
3618 1262 3682 1306 ut

2091 1352 2359 1401 statutum
2414 1343 2614 1407 fuerat,
2641 1358 2765 1396 cum
2797 1343 3095 1414 aliquantis
3123 1345 3218 1414 qui
3244 1344 3471 1399 Petrum
3512 1347 3679 1415 sequi

2088 1438 2446 1493 decreverant
2471 1434 2724 1489 fidelibus
2745 1434 2901 1497 viris,
2924 1449 2955 1487 a
2976 1435 3223 1491 Cassarea
3241 1437 3676 1507 proﬁciscimur.

1521 1756 1878 1843 LIBER
1952 1754 2543 1863 QUARTUS.

475 2074 515 2131 1.
558 2075 793 2131 Profecti
844 2093 873 2131 a
919 2076 1167 2132 Caesarea
1218 2085 1277 2132 ut
1306 2076 1570 2149 Tripolim
1603 2095 1982 2151 pergeremus,
2026 2088 2065 2145 Β
2099 2080 2276 2133 tribus
2313 2078 2404 2147 qui
2436 2077 2705 2147 praemissi
2738 2085 2891 2139 sunt,
2928 2077 3058 2147 quia
3090 2092 3119 2129 a
3149 2076 3362 2130 civibus
3391 2092 3494 2145 pro
3522 2077 3676 2133 desi-

404 2168 545 2239 apud
580 2169 776 2221 Doram
809 2171 970 2223 breve
1001 2171 1259 2240 oppidum
1290 2172 1520 2240 primam
1563 2171 1793 2227 fecimus
1821 2188 1979 2226 man—

402 2260 638 2321 sionem,
666 2261 793 2329 quia
821 2276 919 2313 nec
946 2261 1103 2328 longe
1134 2262 1341 2314 aberat.
1393 2259 1459 2312 Et
1486 2274 1678 2313 omnes
1714 2275 1851 2329 pene
1886 2259 1979 2329 qui

402 2368 499 2420 per
535 2368 839 2406 sermonem
872 2350 1016 2405 Petri
1050 2352 1417 2414 crediderant,
1451 2352 1634 2406 divelli
1664 2353 1731 2406 ab
1758 2368 1823 2407 eo
1845 2354 1981 2407 satis

400 2462 544 2516 aegre
570 2445 867 2507 habebant,
902 2445 996 2499 sed
1021 2447 1227 2515 pariter
1258 2446 1596 2509 incedentes,
1622 2446 1749 2500 dum
1781 2448 1978 2501 iterum

402 2541 617 2603 videre,
652 2538 849 2593 iterum
900 2539 1188 2609 complecti
1234 2540 1427 2607 jnvat,
1482 2542 1677 2593 iterum
1729 2540 1980 2595 conferre

402 2646 711 2685 sermonem
741 2672 755 2695 ,
810 2630 877 2685 ad
908 2630 1269 2684 diversorium
1315 2632 1683 2700 pervenimus.
1721 2630 1979 2700 Sequenti

402 2735 530 2773 vero
559 2720 646 2773 die
674 2721 923 2774 venimus
953 2718 1364 2783 Ptolomaidcm,
1396 2721 1485 2775 ttbi
1518 2720 1704 2775 decem
1738 2721 1858 2775 dies
1880 2723 1975 2773 de-

402 2813 597 2866 morati
628 2829 751 2866 cum
782 2814 1047 2882 aliquanti
1087 2814 1311 2867 verbum
1340 2814 1431 2867 Dei
1463 2816 1821 2883 recepissent,
1842 2830 1978 2866 non-

400 2906 565 2960 nullis
594 2922 782 2959 eorum
805 2947 818 2969 ,
852 2907 945 2975 qui
985 2906 1302 2959 attention-es
1330 2906 1655 2959 videbantur
1691 2914 1744 2959 et
1773 2906 1979 2959 diutius

399 2997 644 3051 detinere
667 3014 767 3053 nos
796 2999 1061 3052 doctrina:
1090 2999 1262 3068 gratia
1292 2999 1609 3067 cupiebant.
1636 2998 1899 3067 Tripolim
1932 3014 1978 3052 st

398 3091 503 3145 hoc
534 3090 744 3154 velint,
779 3098 839 3144 ut
880 3099 1240 3160 sequerentur
1269 3090 1655 3144 indicavimus.
1710 3088 1978 3143 Similiter

396 3191 453 3237 ct
480 3184 622 3253 apud
655 3180 859 3254 Tyrum
892 3198 954 3235 ac
990 3181 1247 3235 Sidonem
1279 3190 1333 3237 et
1362 3181 1614 3253 Bcrytum
1650 3182 1901 3245 fecimus,
1925 3190 1979 3236 et

398 3275 484 3328 his
530 3276 624 3344 qui
677 3275 893 3344 plenius
939 3273 1324 3329 desiderabant
1370 3274 1563 3327 audire
1620 3288 1973 3337 sermonem,

395 3368 541 3437 apud
592 3365 855 3436 Tripolim
904 3366 1065 3419 nobis
1107 3365 1453 3419 hiemandum
1502 3364 1971 3420 denuntiavimus.

2090 2172 2245 2224 dcrio
2276 2170 2420 2239 quod
2451 2186 2581 2239 erga
2620 2169 2842 2222 Petrum
2889 2176 3290 2237 conceperant,
3333 2184 3445 2222 non
3490 2171 3673 2223 solum

2085 2263 2337 2333 hospitiis
2362 2262 2453 2315 scd
2500 2272 2555 2315 ct
2587 2264 2732 2315 omni
2770 2262 3109 2315 humanitate
3138 2266 3379 2329 suscepti
3416 2262 3574 2325 sint,
3617 2262 3674 2314 in

2084 2361 2295 2405 tantum
2329 2362 2384 2404 ιιι
2419 2359 2475 2404 et
2520 2351 2988 2404 contristarentur
3021 2350 3305 2419 aliquanti,
3338 2351 3547 2418 quibus
3576 2349 3675 2403 de-

2085 2444 2235 2497 fuere
2279 2456 2423 2511 quos
2479 2442 2856 2511 susciperent;
2894 2443 2968 2495 ita
3016 2442 3162 2495 enint
3208 2458 3401 2496 omnes
3445 2451 3677 2510 paratos

2084 2536 2278 2598 fuisse,
2311 2542 2369 2587 ut
2400 2535 2450 2587 si
2479 2536 2651 2587 multo
2676 2535 2863 2602 plures
2900 2535 3217 2596 venissent,
3266 2534 3450 2586 adhuc
3487 2543 3615 2587 tanti
3638 2552 3676 2588 ιι

2084 2626 2463 2696 suscipiendos
2495 2626 2667 2695 magis
2697 2641 2861 2695 quam
2916 2627 3281 2695 suscipientes
3317 2625 3491 2679 fuisse
3519 2625 3677 2680 defu-

2083 2737 2263 2781 turos.

2154 2816 2240 2872 III.
2285 2816 2461 2885 Super
2496 2815 2581 2869 bis
2604 2813 2801 2871 Petrus
2830 2814 2986 2867 valde
3020 2813 3345 2873 delectatus,
3380 2814 3674 2867 collauda-

2080 2911 2159 2964 vit
2190 2916 2244 2963 et
2277 2908 2554 2962 benedixit
2585 2923 2681 2961 eos
2734 2922 2797 2961 ac
2828 2923 3015 2961 secum
3060 2922 3281 2961 manere
3316 2908 3510 2973 jussit.
3546 2905 3675 2976 Ipse

2082 3018 2211 3058 vero
2238 3017 2363 3055 cum
2392 2999 2614 3053 lavisset
2642 2999 2695 3052 in
2732 3002 2867 3051 mari
2903 2998 3040 3068 (99),
3061 3000 3183 3053 cibo
3208 3007 3426 3067 sumpto
3457 2999 3674 3067 quievit

2080 3094 2135 3147 in
2172 3105 2418 3161 vespera.
2448 3088 2514 3143 Et
2544 3107 2609 3144 ex
2644 3106 2795 3145 more
2829 3093 3104 3160 pullorum
3129 3092 3382 3145 cantibus
3408 3108 3673 3161 surgens,

2079 3181 2395 3252 vespertino
2420 3179 2600 3235 adhuc
2625 3180 2831 3236 lumine
2862 3182 3212 3251 perdurante,
3236 3190 3473 3237 cunctos
3514 3183 3677 3235 inve-

2081 3277 2162 3329 nit
2197 3277 2519 3347 vigilantes;
2561 3291 2784 3330 eramus
2824 3285 3003 3329 autem
3036 3288 3230 3327 omnes
3255 3287 3381 3326 cum
3413 3290 3481 3326 eo
3518 3274 3677 3329 sede-

2081 3366 2187 3420 cim
2209 3407 2223 3428 ,
2258 3366 2455 3423 Petrus
2484 3376 2539 3422 et
2566 3382 2669 3436 ego
2717 3366 2971 3420 Clemens
2992 3407 3006 3428 ,
3039 3363 3226 3417 Niceta
3255 3371 3312 3417 et
3337 3364 3578 3433 Aquila,
3622 3374 3675 3420 et
3728 3393 3737 3397 -

398 3457 567 3528 Igitur
598 3474 721 3511 cum
757 3474 822 3511 ex
857 3457 1089 3525 singulis
1125 3456 1445 3511 civitatibus
1493 3457 1725 3511 studiosi
1775 3457 1978 3526 quique
2006 3451 2047 3507 C
2082 3459 2157 3511 illi
2190 3460 2284 3529 qui
2326 3466 2723 3530 praecesserant
2750 3455 3061 3511 duodecim.
3097 3453 3355 3511 Salutans
3379 3456 3574 3525 itaque
3614 3465 3676 3510 ut

396 3553 792 3604 comitarentur
822 3548 1062 3611 Petrum,
1095 3549 1394 3602 electorum
1418 3548 1711 3602 multitudo
1738 3549 1972 3618 plurima

396 3643 735 3711 ingrwiiunn-
782 3639 1065 3709 Tripolim.
1101 3638 1375 3693 Continuo
1403 3648 1587 3694 autem
1631 3648 1758 3694 ante
1786 3647 1974 3709 portas

396 3734 635 3788 civitatis
661 3734 860 3786 fratres
892 3732 983 3801 qui
1012 3733 1279 3802 praemissi
1312 3731 1561 3796 fuerant,
1593 3741 1893 3787 occurrunt
1922 3743 1976 3788 et

399 3826 765 3894 suscipientes
793 3841 893 3877 nos
916 3823 1195 3878 adducunt
1243 3840 1339 3895 per
1369 3824 1608 3895 hospitia
1636 3865 1649 3888 ,
1680 3842 1802 3896 quae
1838 3841 1977 3897 prae-

399 3928 745 3987 paraverant.
782 3916 1088 3969 Commotio
1129 3924 1309 3969 autem
1360 3924 1413 3969 et
1452 3932 1755 3971 concursus
1804 3919 1979 3987 pluri—

399 4026 522 4065 mus
573 4009 733 4063 fiebat
781 4009 835 4062 in
882 4008 1139 4071 civitate,
1173 4008 1603 4063 desiderantium
1645 4010 1835 4065 videre
1874 4009 1969 4067 Pe-

400 4111 566 4157 trum.

474 4193 533 4248 ll.
578 4193 641 4245 Et
690 4209 812 4246 cum
847 4193 1190 4249 venissemus
1221 4193 1288 4247 ad
1342 4194 1565 4247 domum
1599 4193 1875 4259 Maronis,
1920 4194 1978 4249 in

399 4304 505 4357 qua
541 4288 701 4343 Petro
725 4286 903 4341 fuerat
933 4296 1322 4357 praeparatum,
1348 4303 1652 4342 conversus
1674 4289 1739 4341 ad
1764 4289 1973 4354 turbas,

400 4387 525 4449 post
566 4380 707 4432 diem
737 4380 1041 4433 crastinum
1072 4394 1379 4433 sermonem
1409 4396 1467 4433 se
1503 4380 1568 4432 ad
1601 4396 1696 4435 eos
1723 4381 1977 4449 promisit

402 4469 695 4526 facturum.
724 4469 892 4540 Igitur
908 4472 999 4539 qui
1021 4470 1285 4540 praemissi
1315 4470 1529 4524 fuerant
1560 4470 1778 4532 fratres,
1799 4474 1981 4525 omni-

404 4561 507 4617 bus
538 4564 631 4632 qui
664 4563 948 4618 nobiscum
975 4570 1237 4617 venerant
1290 4563 1523 4631 hospitia
1567 4563 1836 4618 dividunt.
1875 4563 1979 4619 Pe-

405 4663 525 4707 trus
554 4670 684 4708 vero
709 4654 949 4709 Maronis
979 4654 1198 4707 domum
1225 4654 1509 4723 ingressus
1538 4669 1663 4707 cum
1691 4662 1978 4723 rogaretur

404 4746 590 4799 cibum
623 4762 867 4809 sumere,
895 4761 1241 4815 nequaquam
1272 4761 1330 4799 se
1361 4743 1634 4797 facturum
1667 4746 1969 4815 respondit,

404 4838 510 4892 nisi
541 4839 692 4906 prius
718 4838 945 4899 scisset,
976 4839 1019 4892 si
1047 4854 1237 4892 omnes
1267 4837 1357 4905 qui
1388 4852 1511 4891 eum
1551 4836 1764 4892 fuerant
1800 4839 1974 4893 comi-

403 4930 506 4985 tati
546 4931 801 5001 hospitiis
831 4932 1257 5000 requiescerent.
1284 4929 1566 5001 Comperit
1598 4940 1779 4986 autem
1810 4946 1841 4983 a
1867 4930 1975 4985 fra-

2074 3552 2287 3606 solebat
2333 3551 2529 3606 Petrus
2557 3551 2635 3604 ait
2671 3566 2683 3601 :
2727 3549 2900 3603 Hodie
2944 3549 3074 3619 quia
3106 3549 3229 3603 aliis
3259 3551 3519 3618 occupati
3560 3566 3672 3603 non

2076 3658 2268 3696 sumus
2292 3683 2306 3706 ,
2344 3644 2504 3697 nobis
2552 3643 2749 3699 simus.
2796 3640 2861 3693 Et
2910 3656 3012 3710 ego
3047 3640 3266 3709 quidem
3299 3640 3461 3694 vobis
3484 3680 3499 3704 ,
3540 3657 3667 3710 quat

2076 3732 2222 3802 apud
2282 3734 2590 3789 Caesaream
2662 3740 2785 3802 post
2850 3731 3162 3801 digressum
3211 3741 3462 3786 vestrum
3516 3745 3673 3801 gesta

2076 3833 2229 3889 sunt,
2257 3826 2563 3891 enarrabo;
2597 3840 2695 3879 vos
2726 3830 2910 3878 autem
2942 3824 3077 3877 mihi
3104 3839 3225 3893 qua:
3254 3823 3345 3876 hic
3376 3840 3404 3876 θ
3439 3822 3673 3878 Simone

2078 3924 2394 3987 perpetrata
2426 3923 2575 3981 sunt,
2614 3915 2882 3970 indicate.
2912 3914 2979 3969 Et
3006 3930 3133 3969 cum
3163 3916 3232 3969 de
3261 3916 3351 3968 his
3382 3917 3458 3970 ab
3492 3917 3666 3969 alter-

2078 4019 2204 4064 utro
2235 4025 2417 4064 sermo
2445 4009 2722 4071 ederetur,
2756 4010 3113 4063 illucescente
3141 4009 3230 4062 die
3256 4009 3498 4078 ingressi
3544 4010 3673 4078 qni-

2077 4105 2201 4159 dant
2244 4103 2313 4157 de
2357 4103 2725 4157 familiaribus
2770 4103 3023 4156 nuntiant
3062 4100 3257 4163 Petro,
3291 4101 3440 4170 quod
3475 4102 3669 4153 Simon

2078 4197 2170 4251 ubi
2189 4213 2312 4251 eum
2342 4196 2628 4250 didicisset
2671 4197 3003 4265 ingressum,
3025 4211 3121 4264 per
3144 4202 3361 4248 noctem
3384 4194 3676 4264 profectus

2078 4296 2225 4342 esset
2274 4286 2491 4357 Syriam
2542 4287 2793 4341 tendens.
2840 4285 3038 4340 Turba:
3073 4292 3257 4340 autem
3302 4284 3449 4337 diem
3502 4285 3672 4346 hanc.

2078 4380 2369 4450 inquiunt,
2427 4395 2591 4449 quam
2636 4378 3021 4448 interposuisti
3074 4378 3191 4438 eis.
3249 4376 3533 4431 desiderio
3590 4378 3671 4431 tui

2081 4472 2461 4542 longissimum
2508 4471 2615 4525 sibi
2659 4486 2783 4525 esse
2815 4480 3033 4540 tempus
3062 4469 3381 4537 opinantur,
3432 4469 3675 4540 denique

2080 4580 2189 4617 non
2224 4562 2461 4619 ferentes
2510 4569 2660 4616 stant
2709 4570 2837 4616 ante
2876 4561 3101 4629 januam
3124 4602 3137 4623 ,
3168 4562 3313 4615 inter
3344 4575 3404 4615 se
3434 4560 3673 4616 invicem

2079 4656 2147 4711 de
2174 4656 2260 4709 his
2288 4670 2409 4726 quae
2463 4655 2655 4709 audire
2683 4654 2914 4724 cupiunt
2938 4654 3319 4716 conferentes,
3354 4660 3409 4707 et
3447 4662 3503 4709 te
3544 4664 3676 4709 ante

2082 4748 2411 4819 prmlinitum
2444 4756 2661 4817 tempus
2697 4747 3027 4801 omnimodis
3060 4764 3119 4801 se
3146 4747 3365 4802 visuros
3419 4756 3671 4816 sperant,

2079 4851 2400 4913 quantoque
2447 4842 2622 4909 magis
2648 4839 2767 4895 dies
2794 4838 3047 4894 clarescit
3078 4836 3462 4892 multitudines
3502 4839 3665 4891 colli-

2083 4942 2321 5005 guntur,
2356 4941 2411 4989 ct
2442 4932 2731 4987 audituros
2782 4947 2842 4987 se
2888 4946 3195 4987 sermonem
3242 4937 3440 4995 tuum,
3483 4932 3676 4985 nescio

1704 5105 2070 5162 COTELERll
2109 5105 2342 5163 ΝΟΤΑΞ.

480 5268 591 5338 (99)
636 5264 759 5338 Ipse
785 5280 1052 5338 verorum
1078 5264 1289 5338 favisset
1318 5266 1371 5318 in
1403 5264 1576 5338 "facit
1594 5261 1732 5338 Vide
1760 5266 1985 5338 omnino

408 5338 466 5395 S.
489 5334 882 5408 'Epiph'aninm,
910 5336 1097 5408 hzeresi
1128 5337 1217 5399 50,
1245 5351 1391 5408 num.
1422 5335 1477 5395 2,
1512 5334 1599 5399 15,
1630 5335 1720 5395 21,
1750 5344 1803 5389 et
1830 5336 1900 5388 ab
1920 5352 1986 5389 eo

407 5407 672 5471 monitus,
706 5407 1011 5461 Ebionitica
1044 5407 1159 5460 haec
1200 5414 1255 5458 et
1308 5407 1508 5460 similia
1552 5422 1673 5473 qua!
1715 5422 1823 5459 non
1860 5422 1988 5459 raro

405 5487 706 5534 occurrunt
755 5479 811 5532 in
844 5476 1324 5546 Recognitionibus,
1360 5474 1602 5544 Epitome
1648 5480 1703 5546 et
1749 5474 1989 5530 Clemen-

408 5552 556 5611 tim‘s,
588 5556 747 5605 caute
776 5550 960 5617 legito.
983 5544 1142 5603 ’Alias
1170 5548 1350 5600 lavare
1368 5560 1599 5617 manus,
1637 5544 1854 5617 faciem,
1901 5562 1985 5612 os,

408 5622 596 5691 pedes,
648 5616 1092 5691 totunt’corpus,
1138 5616 1563 5691 certisdiebus,
1599 5623 1697 5691 aut
1736 5616 1987 5685 singulis,

410 5684 504 5743 init
537 5690 737 5759 szepius
769 5690 821 5740 in
854 5684 987 5750 d'ef
1012 5704 1074 5741 ac
1121 5688 1358 5743 definitis
1412 5687 1583 5746 horis,
1648 5684 1817 5759 idque
1834 5684 1843 5759 ξ
1861 5694 1989 5755 post

411 5758 690 5827 somnum,
735 5766 859 5829 post
910 5760 1280 5825 concubitum,
1326 5765 1450 5814 ante
1505 5764 1559 5813 et
1605 5765 1728 5827 post
1775 5758 1981 5824 cibum,

2092 5274 2217 5321 ante
2259 5282 2473 5337 preces,
2508 5265 3165 5337 anteireconciliationem
3218 5264 3279 5337 in,
3312 5265 3701 5335 pmnitentia,,

2090 5350 2215 5392 ante
2245 5336 2607 5406 sumptionem
2639 5336 3000 5391 Eucharistiaa
3033 5356 3046 5390 :
3100 5337 3234 5396 ba3c,
3271 5336 3522 5406 inquam,
3556 5353 3674 5388 (ιιι.-

2090 5408 2203 5470 nia,
2242 5409 2310 5463 ad
2343 5404 2772 5461 consuetudines
2811 5408 3065 5477 ritusque
3096 5408 3338 5476 gentium
3380 5413 3439 5458 et
3484 5404 3675 5459 Eccle-

2091 5478 2296 5533 siarum
2331 5478 2680 5548 pertinentia,
2708 5476 3163 5548 quemadmodum
3187 5484 3378 5529 notum
3403 5484 3493 5528 est
3514 5480 3673 5548 satis,

2093 5546 2355 5625 pietateni
2391 5564 2498 5602 non
2544 5546 2768 5625 laedunt,
2815 5548 2924 5601 imo
2955 5546 3213 5614 adjuvare
3245 5554 3505 5625 possunt.
3534 5547 3582 5600 si
3608 5546 3675 5625 ad

2093 5619 2294 5673 bonum
2327 5618 2486 5672 finem
2527 5617 2855 5687 dirigantur.
2894 5632 2995 5671 nec
3029 5616 3412 5685 superstitiose
3448 5631 3517 5671 ac
3560 5618 3673 5671 vcl-

2090 5692 2167 5745 uti
2210 5688 2278 5744 ad
2308 5690 2540 5746 salutem
2573 5688 2885 5744 necessaria
2908 5694 3255 5759 usurpentur.
