3888 6192
314 269 454 326 1517

1442 267 2011 326 RECOGNITIONL‘M
2052 270 2177 327 LIB.
2217 272 2306 329 IV.

3424 280 3567 338 1518

312 380 462 436 unde
491 390 887 451 praesumentes
917 382 1227 438 certissime
1253 380 1556 438 conﬁdunt.
1577 380 1734 435 Nunc
1762 396 1893 453 ergo
1922 386 1969 442 Α
1994 392 2044 436 et
2082 383 2450 452 prudentibus,
2476 394 2527 439 et
2566 385 2811 439 revelasti
2839 401 2900 439 ea
2928 385 3162 454 parvulis
3191 386 3253 442 ".
3278 385 3382 443 Per
3423 391 3569 460 quod

312 475 463 545 quod
492 476 593 529 tibi
622 475 860 538 videtur,
888 476 1021 544 jube
1049 484 1110 529 ut
1136 476 1386 530 dicamus
1428 475 1544 542 eis;
1592 474 1894 529 absurdum

311 583 552 637 namque
596 577 680 624 est
730 576 938 622 tantam
1000 567 1410 623 multitudinem
1461 567 1787 623 convenisse
1840 572 1894 621 et

309 657 598 712 discedere
645 672 771 711 cum
822 659 1128 722 mmstitia,
1171 659 1373 728 quippe
1418 658 1463 713 si
1508 672 1771 727 responsa
1813 656 1895 712 eis

309 748 463 804 nulla
519 748 842 805 reddantur.
887 748 1006 804 Non
1046 750 1196 803 enim
1233 750 1554 820 cogitabunt
1600 749 1747 820 quod
1785 747 1892 818 ipsi

307 843 581 897 statutum
622 856 732 894 non
764 839 1211 910 esspectaverint
1239 840 1382 895 diem
1407 879 1422 905 ,
1456 840 1553 895 sed
1592 842 1740 910 quod
1776 853 1808 892 a
1838 844 1892 893 te

306 935 487 1004 magis
517 935 810 989 videantur
836 948 962 988 esse
996 930 1314 1001 contempti.

379 1023 471 1081 IV.
514 1024 653 1078 Tum
694 1023 897 1080 Petrus
929 1024 1209 1078 admirans
1247 1024 1361 1077 ait:
1389 1022 1635 1090 Videtis,
1668 1023 1887 1092 fratres,

301 1118 580 1185 quomodo
630 1117 1014 1187 unusquisque
1059 1130 1239 1171 sermo
1286 1113 1503 1170 Domini
1572 1118 1889 1188 prophetico

299 1210 487 1264 dictus
519 1210 799 1279 impletur.
834 1209 1055 1264 Memini
1085 1209 1233 1262 enim
1256 1208 1467 1265 dixisse
1497 1226 1620 1264 eum
1651 1230 1664 1264 :
1692 1210 1884 1266 Messis

297 1302 511 1372 quidem
562 1301 768 1367 multa,
798 1303 1029 1370 operarii
1072 1312 1247 1357 autem
1291 1304 1467 1371 pauci.
1521 1302 1723 1374 Rogate
1762 1322 1885 1376 ergo

296 1395 570 1447 dominum
625 1396 842 1456 messis,
910 1402 967 1446 ut
1018 1394 1197 1462 ejiciat
1249 1396 1516 1463 operarios
1559 1396 1612 1448 in
1665 1412 1885 1451 messem

294 1486 534 1540 suam".
568 1484 709 1539 Ecce
733 1499 863 1555 ergo
893 1501 1041 1539 nunc
1082 1502 1204 1555 qum
1232 1485 1286 1540 in
1332 1493 1595 1556 mysterio
1625 1488 1882 1555 praedicta

296 1584 447 1640 sunt,
481 1578 870 1646 adimplentur.
906 1575 1013 1631 Sed
1040 1584 1094 1631 et
1122 1579 1267 1647 quod
1299 1579 1472 1633 dixit:
1497 1578 1659 1632 Multi
1682 1581 1883 1634 venient

294 1667 362 1721 ab
394 1669 593 1723 oriente
620 1678 670 1722 et
707 1669 973 1723 occidente
992 1708 1007 1727 .
1039 1687 1072 1723 a
1101 1672 1449 1737 septentrione
1480 1681 1530 1725 et
1562 1672 1800 1736 meridie,
1829 1680 1879 1725 et

1996 474 2187 544 utique
2215 475 2545 539 declaratur,
2584 479 2710 546 quia
2744 475 3090 531 Hebraeorum
3120 479 3351 547 populus
3379 481 3471 549 qui
3499 496 3564 537 cx

1995 563 2113 634 lege
2157 563 2404 621 eruditus
2445 575 2529 621 est
2554 605 2569 629 ,
2619 566 2887 637 ignoravit
2922 582 3074 629 eum,
3118 570 3348 639 populus
3381 579 3561 626 autem

1992 656 2231 724 gentium
2264 657 2483 728 agnovit
2515 656 2700 712 Jesum
2731 665 2785 713 et
2818 666 3133 727 veneratur,
3167 669 3391 731 propter
3419 664 3562 732 quod

1991 755 2046 803 et
2087 749 2424 812 salvabitur,
2473 765 2580 803 non
2631 750 2808 805 solum
2852 764 3155 821 agnoscens
3205 766 3349 816 eum.
3375 756 3466 808 sed
3510 763 3565 810 et

1990 839 2326 895 voluntatem
2378 840 2498 909 ejus
2549 840 2777 896 faciens.
2818 839 2987 897 Debet
3036 851 3214 897 autem
3262 843 3310 899 is
3355 845 3449 914 qui
3493 861 3568 901 er.

1993 932 2247 999 gentibus
2288 938 2405 998 est,
2454 938 2509 986 et
2538 948 2599 987 ex
2637 932 2747 987 Deo
2774 932 2974 999 habet,
3021 941 3081 988 ut
3110 935 3300 1005 diligat
3335 934 3520 990 Jesum
3544 978 3567 1004 ,

1988 1023 2193 1092 proprii
2220 1023 2419 1078 habere
2448 1024 2743 1093 propositi,
2773 1035 2830 1079 ut
2851 1026 3039 1081 credat
3061 1033 3116 1081 et
3142 1025 3333 1098 Moysi.
3359 1027 3425 1081 Et
3448 1043 3565 1081 rur-

1989 1129 2085 1168 sus
2116 1113 2375 1170 Hebraeus
2418 1115 2512 1186 qui
2553 1131 2620 1170 ex
2668 1116 2776 1170 Deo
2804 1117 2997 1182 habet,
3033 1128 3091 1173 ut
3141 1118 3327 1173 credat
3359 1118 3560 1191 Moysi,

1987 1206 2187 1262 habere
2231 1208 2389 1263 debet
2412 1216 2467 1262 et
2494 1224 2560 1262 ex
2588 1210 2871 1280 preposito
2902 1225 3003 1266 suo
3023 1250 3039 1275 ,
3076 1217 3133 1265 ut
3173 1211 3361 1266 credat
3388 1213 3443 1267 in
3470 1212 3564 1267 Je-

1985 1312 2139 1360 sum,
2174 1307 2234 1351 ut
2282 1300 2661 1369 unusquisque
2703 1317 2892 1356 eorum
2938 1301 3147 1359 habens
3194 1304 3249 1357 in
3292 1320 3352 1360 se
3409 1306 3556 1360 aliud

1984 1386 2154 1441 divini
2200 1390 2480 1454 muneris,
2528 1390 2674 1444 aliud
2726 1392 2963 1462 propriae
3012 1393 3331 1461 industriae,
3379 1398 3450 1451 sit
3490 1413 3558 1451 ex

1986 1486 2218 1548 utroque
2250 1480 2546 1549 perfectus.
2596 1480 2673 1536 De
2708 1483 2801 1535 tali
2840 1483 2985 1537 enim
3032 1484 3248 1539 dicebat
3294 1485 3563 1544 Dominus

1979 1575 2166 1623 noster
2212 1584 2330 1623 vnro
2381 1574 2549 1627 divite
2581 1587 2596 1603 ·
2650 1572 2755 1638 Qui
2796 1572 2996 1644 profert
3037 1574 3102 1628 de
3142 1574 3405 1631 thesauris
3447 1581 3565 1633 suis

1982 1676 2115 1715 nova
2145 1670 2194 1715 et
2232 1670 2403 1717 vetera
2430 1663 2497 1720 “‘.

290 1761 590 1814 remmbent
624 1762 679 1814 in
723 1760 926 1815 sinibus
948 1720 1220 1814 Abrahdm
1254 1772 1302 1816 et
1345 1762 1503 1815 Isaac
1528 1773 1577 1817 et
1599 1762 1768 1817 Jacob
1792 1765 1871 1830 ¹³;
1913 1720 1953 1774 Β
2053 1754 2141 1812 Vl.
2183 1751 2288 1808 Sed
2333 1757 2401 1813 de
2429 1757 2516 1812 his
2540 1756 2675 1813 satis
2706 1757 2945 1825 dictum;
2976 1765 3133 1829 urget
3161 1759 3306 1814 enim
3334 1767 3558 1830 tempus

289 1849 457 1902 etiam
512 1850 615 1904 hoc
661 1851 886 1920 pariter,
938 1858 998 1903 ut
1042 1850 1270 1915 videtis,
1317 1853 1587 1921 expletur.
1641 1851 1875 1922 Propter

289 1940 440 2008 quod
460 1940 725 2009 deprecor
764 1957 862 1995 vos
897 1956 1196 1997 conservos
1219 1950 1273 1996 et
1302 1943 1583 2012 adjutores
1613 1958 1787 2007 meos,
1814 1952 1874 1998 ut

287 2030 520 2085 discatis
551 2034 813 2087 attentius
840 2031 1170 2101 praedicandi
1217 2034 1465 2089 ordinem
1497 2048 1551 2089 et
1582 2035 1875 2091 absolutio-

286 2138 421 2175 num
455 2124 607 2181 vias.
661 2133 720 2177 ut
770 2125 996 2193 possitis
1038 2126 1252 2181 salvare
1299 2128 1513 2183 animas
1548 2127 1868 2196 hominum,

284 2230 409 2284 qua:
449 2216 665 2269 occulta
718 2214 812 2270 Dei
868 2217 1067 2272 virtute
1113 2234 1273 2287 quem
1319 2218 1553 2273 debeant
1605 2220 1866 2298 diligere,

286 2307 442 2375 prius
487 2308 651 2361 etiam
699 2324 867 2377 quam
916 2308 1220 2364 doceantur
1272 2322 1597 2379 agnoscunt.
1662 2312 1869 2370 Videtis

280 2399 433 2451 enim
456 2414 553 2453 eos
577 2399 738 2469 quasi
770 2399 941 2455 bonos
974 2416 1163 2455 servos
1193 2401 1507 2457 desiderare
1534 2420 1681 2470 eum,
1706 2423 1866 2476 quem

282 2488 392 2544 sibi
420 2499 646 2558 sperant
676 2490 973 2547 adventum
1000 2492 1087 2547 sui
1120 2491 1335 2548 Domini
1361 2496 1638 2559 nuntiare.
1664 2508 1723 2553 ut
1743 2513 1870 2567 pos-

280 2582 395 2636 sint
417 2583 753 2639 voluntatem
783 2585 907 2654 ejus
935 2599 1058 2639 cum
1090 2586 1388 2641 didicerint
1430 2587 1670 2657 implere.
1710 2588 1866 2645 Desi-

277 2672 495 2727 derium
541 2689 672 2745 ergo
693 2674 737 2707 ¹⁸
785 2676 1045 2730 audiendi
1092 2678 1243 2732 verbi
1288 2675 1383 2731 Dei
1432 2686 1488 2732 et
1532 2678 1866 2734 voluntatem

274 2766 403 2831 ejus
432 2769 714 2837 quaerendi
765 2786 831 2825 ex
868 2769 979 2825 Deo
1007 2771 1237 2835 habent,
1291 2780 1345 2828 et
1384 2772 1487 2828 hoc
1512 2780 1598 2828 est
1646 2774 1863 2831 initium

274 2860 411 2914 doni
460 2858 556 2915 Dei
586 2861 732 2931 quod
779 2863 1038 2933 gentibus
1065 2864 1247 2929 datur,
1282 2873 1342 2920 ut
1374 2867 1591 2935 possint
1627 2882 1724 2937 per
1759 2867 1865 2924 hoc

275 2949 589 3004 doctrinam
619 2952 865 3019 recipere
895 2953 1170 3010 veritatis.

1976 1852 2031 1899 et
2064 1846 2249 1915 populi
2281 1847 2535 1917 religiosa
2567 1847 2785 1902 devotio
2810 1849 3004 1903 invitat
3033 1866 3166 1916 nos,
3200 1851 3266 1904 ad
3299 1851 3447 1920 ipsos
3470 1851 3557 1904 fa-

1974 1951 2097 1991 cere
2120 1953 2449 1994 sermonem.
2474 1939 2539 1993 Et
2562 1955 2686 1994 cum
2710 1940 2825 1995 haec
2843 1940 3102 2007 dixisset,
3122 1943 3434 2012 requirebat
3456 1944 3550 1998 ubi

1972 2040 2313 2098 opportunus
2330 2039 2473 2085 esset
2492 2032 2645 2087 locus
2665 2032 2730 2085 ad
2753 2032 3166 2102 disputandum.
3185 2032 3250 2087 Et
3266 2033 3415 2087 Maro
3436 2035 3511 2088 ait
3533 2054 3547 2088 :

1973 2118 2069 2174 Est
2098 2122 2228 2175 mihi
2254 2122 2398 2179 aedes
2415 2124 2773 2194 amplissima,
2796 2140 2916 2194 quae
2942 2126 3065 2194 plus
3087 2141 3251 2195 quam
3274 2126 3545 2196 quingen-

1973 2219 2058 2267 tos
2089 2214 2319 2283 recipiat
2347 2216 2525 2278 viros,
2558 2223 2641 2271 est
2671 2224 2725 2270 et
2754 2217 2951 2272 hortus
2978 2218 3120 2271 intra
3151 2217 3372 2273 domum
3402 2238 3417 2286 ;
3449 2228 3546 2274 aut

1972 2305 2017 2361 si
2064 2305 2117 2358 in
2151 2305 2370 2375 publico
2400 2308 2584 2376 aliquo
2620 2309 2796 2377 placet
2826 2309 2976 2372 loco,
3011 2308 3114 2363 hoc
3145 2310 3318 2380 magis
3350 2326 3540 2366 omnes

1969 2394 2318 2462 desiderant,
2354 2412 2514 2452 nemo
2539 2400 2684 2455 enim
2719 2407 2804 2454 est
2824 2438 2839 2460 ,
2870 2400 2963 2468 qui
2993 2415 3101 2453 non
3132 2401 3319 2469 cupiat
3344 2402 3428 2455 vel
3464 2402 3546 2456 fa-

1968 2489 2105 2543 ciem
2130 2496 2278 2544 tuam
2294 2490 2478 2546 videre
2507 2498 2739 2547 tantum.
2766 2492 2832 2544 Et
2858 2490 3053 2547 Petrus
3080 2514 3093 2547 :
3123 2492 3360 2550 Ostende
3387 2496 3542 2559 mibi,

1968 2580 2171 2651 inquit,
2221 2582 2391 2639 aedem
2426 2585 2507 2639 vel
2538 2584 2781 2640 hortum.
2827 2583 2891 2639 Et
2942 2600 3067 2639 cum
3108 2587 3335 2642 vidisset
3372 2588 3569 2651 aedem,

1967 2671 2372 2744 ingrediebatur
2424 2684 2485 2729 ut
2529 2684 2583 2731 et
2621 2676 2839 2731 hortum
2861 2678 3216 2748 perspiceret,
3261 2687 3313 2735 et
3359 2682 3541 2736 subito

1965 2767 2145 2822 omnis
2172 2768 2462 2823 multitudo
2490 2771 2648 2840 quasi
2678 2771 2745 2824 ab
2786 2771 2972 2839 aliquo
3000 2783 3255 2833 evocata,
3298 2788 3421 2826 eum
3461 2776 3544 2828 fe-

1964 2858 2259 2914 stinatione
2285 2860 2533 2931 ingressa
2562 2872 2647 2916 est
2671 2861 2915 2925 domum,
2950 2870 3114 2932 atque
3157 2864 3281 2917 inde
3311 2864 3377 2917 ad
3409 2865 3540 2917 hor-

1966 2957 2078 3003 tum
2107 2953 2395 3022 prorupit,
2428 2952 2520 3007 ubi
2547 2953 2659 3021 jam
2687 2953 2868 3007 stabat
2897 2952 3092 3011 Petrus
3114 2994 3129 3017 ,
3164 2956 3525 3013 considerans

352 3040 415 3096 ν.
458 3041 550 3097 Sic
574 3044 719 3098 enim
750 3052 804 3099 et
838 3043 1192 3100 Hebraeorum
1237 3046 1439 3115 populo
1465 3061 1533 3101 ex
1577 3046 1739 3101 initio
1765 3046 1861 3101 da-
1886 3049 1931 3109 ο
1962 3042 2086 3112 Quis
2112 3051 2259 3098 esset
2289 3051 2450 3114 aptus
2481 3043 2546 3098 ad
2577 3043 2968 3113 disputandum
3002 3045 3177 3101 locus.

276 3142 399 3186 tum
438 3141 555 3197 est,
592 3142 654 3188 ut
684 3134 980 3204 diligerent
1008 3135 1232 3207 Moysen
1276 3143 1330 3191 et
1375 3136 1661 3192 crederent
1693 3138 1860 3193 verbo

269 3222 415 3291 ejus.
438 3221 617 3295 [Unde
643 3235 697 3280 et
726 3225 990 3296 scriptum
1019 3234 1103 3282 est
1136 3246 1149 3281 :
1177 3225 1414 3282 Credidit
1436 3228 1659 3297 populus
1674 3228 1780 3282 Deo
1808 3238 1861 3283 et

270 3314 455 3387 Μοῃεὶ
483 3317 687 3386 {amulo
716 3318 832 3388 ejus
866 3317 975 3391 ".]
1003 3318 1161 3385 Quod
1192 3335 1332 3391 ergo
1361 3320 1461 3374 fuit
1490 3320 1701 3391 proprii
1735 3337 1857 3375 mu-

268 3409 425 3463 neris
468 3424 500 3463 a
548 3408 659 3465 Deo
699 3425 830 3481 erga
874 3410 1229 3467 Hebraeorum
1274 3420 1526 3482 gentem,
1567 3412 1671 3466 hoc
1709 3427 1858 3467 nunc

267 3500 527 3558 videmus
554 3501 675 3556 dari
706 3504 872 3559 etiam
906 3504 998 3560 his
1030 3504 1128 3575 qui
1154 3520 1223 3559 ex
1254 3504 1514 3575 gentibus
1545 3519 1858 3559 convocan-

269 3599 368 3645 tur
397 3593 463 3647 ad
498 3592 678 3649 ﬁdem.
722 3593 959 3664 Operum
996 3610 1128 3651 vero
1169 3596 1310 3650 ratio
1340 3595 1592 3665 potestati
1622 3605 1677 3650 et
1708 3594 1857 3650 arbi-

264 3683 378 3737 trio
410 3684 848 3756 uniuscujusque
886 3688 1245 3756 permittitur,
1277 3694 1333 3742 et
1364 3687 1470 3743 hoc
1499 3688 1742 3758 ipsorum
1770 3695 1857 3743 est

265 3774 554 3843 proprium
580 3815 596 3838 ,
651 3774 1024 3847 [desiderium
1079 3794 1211 3834 vero
1251 3779 1453 3834 habere
1494 3795 1621 3852 erga
1663 3780 1855 3836 docto-

266 3878 385 3918 rem
417 3866 718 3939 veritatis,]
760 3867 864 3923 hoc
914 3884 943 3922 a
983 3869 1147 3926 Patre
1197 3872 1408 3927 caelesti
1446 3872 1707 3928 donatum
1743 3881 1851 3929 est.

266 3952 378 4009 Sed
410 3957 560 4012 salus
582 3958 639 4012 in
668 3970 833 4017 eoest
864 3968 925 4016 ut
953 3963 1290 4019 voluntatem
1321 3964 1475 4034 ejus,
1510 3966 1669 4036 cujus
1699 3982 1851 4021 amo-

263 4058 382 4097 rem
428 4053 483 4101 et
520 4047 851 4104 desiderium
896 4049 1008 4105 Deo
1054 4052 1320 4121 largiente
1368 4053 1722 4123 conceperis,
1769 4052 1851 4106 fa-

260 4135 416 4202 cias;
452 4152 519 4192 ne
546 4138 765 4194 dicatur
793 4140 862 4196 ad
895 4148 951 4197 te
983 4142 1077 4198 ille
1105 4156 1285 4198 sermo
1311 4143 1433 4211 eius
1462 4160 1625 4215 quem
1668 4146 1803 4199 dixit
1831 4164 1843 4200 :

260 4224 406 4290 Quid
443 4238 618 4282 autem
655 4228 834 4286 dicitis
864 4232 1034 4286 mihi:
1068 4232 1318 4299 Domine,
1355 4234 1607 4299 Domine,
1638 4244 1687 4289 et
1742 4253 1847 4289 non

260 4316 445 4383 facitis
474 4336 592 4389 qua:
623 4321 742 4376 dico
774 4324 815 4355 ³⁸
846 4322 1032 4395 (100)?
1080 4324 1176 4380 Est
1201 4340 1331 4395 ergo
1364 4326 1569 4397 pr0prii
1598 4329 1841 4383 muneris

2032 3132 2141 3187 VII.
2189 3133 2259 3187 Ut
2289 3141 2471 3188 autem
2512 3134 2648 3187 vidit
2691 3133 2883 3189 turbas
2925 3135 3074 3189 velut
3112 3135 3348 3205 ingentis
3387 3136 3537 3192 ﬂuvii

1960 3223 2261 3280 inundasse
2291 3226 2466 3280 lenem
2499 3232 2737 3281 meatum
2761 3264 2776 3289 ,
2810 3226 3113 3283 ascendens
3148 3243 3312 3296 supra
3361 3230 3536 3284 basim

1957 3316 2249 3387 quamdam
2272 3360 2286 3383 ,
2321 3333 2442 3387 qua:
2475 3318 2617 3372 forte
2641 3318 2798 3386 juxta
2832 3317 2973 3373 horti
3003 3320 3264 3389 parietem
3315 3323 3495 3376 stabat
3516 3363 3531 3387 ,

1957 3409 2135 3478 primo
2168 3409 2450 3479 religionis
2488 3426 2638 3465 more
2674 3412 2933 3481 populum
2972 3412 3249 3468 salutavit.
3294 3413 3527 3481 Quidam

1956 3510 2137 3555 autem
2163 3517 2227 3556 ex
2258 3502 2447 3572 bisqui
2469 3502 2718 3566 aderant,
2749 3512 2799 3557 et
2819 3504 2991 3559 multo
3021 3513 3312 3576 temporca
3331 3507 3536 3562 daemoo

1956 3595 2117 3650 nibus
2140 3593 2356 3648 fuerant
2391 3594 2622 3666 fatigati,
2646 3595 2698 3648 in
2718 3602 2863 3649 terra
2895 3605 3163 3666 proruunt
3187 3598 3533 3653 obsecranti-

1955 3685 2058 3740 bus
2082 3684 2369 3755 spiritibus
2395 3685 2710 3747 immundis,
2727 3692 2786 3739 ut
2805 3686 2887 3740 vel
2915 3702 3025 3740 uno
3049 3686 3137 3741 die
3154 3687 3530 3759 indulgeretur

1952 3774 2032 3829 eis
2063 3773 2118 3827 in
2147 3773 2391 3828 obsessis
2420 3771 2745 3843 corporibus
2776 3788 3095 3842 permanere
3124 3791 3138 3838 ;
3169 3790 3307 3843 quos
3334 3774 3529 3832 Petrus

1952 3866 2245 3935 increpans
2270 3864 2437 3934 jussit
2468 3863 2800 3927 abscedere,
2833 3872 2886 3918 et
2919 3864 3037 3920 sine
3067 3880 3218 3919 mora
3251 3865 3528 3923 discesse-

1951 3965 2099 4013 runt.
2131 3956 2260 4011 Post
2294 3956 2393 4011 bos
2424 3955 2516 4009 alii
2546 3955 2725 4025 longis
2760 3955 2943 4009 aiﬂicti
2977 3956 3338 4026 languoribus
3368 3974 3527 4029 roga-

1950 4051 2084 4105 bant
2114 4048 2334 4103 Petrum
2355 4088 2369 4111 ,
2406 4054 2462 4101 ut
2491 4047 2801 4116 reciperent
2830 4047 3119 4101 sanitatem
3142 4088 3156 4113 ,
3190 4063 3289 4117 pro
3318 4048 3526 4117 quibus

1948 4157 2010 4197 se
2058 4140 2491 4210 supplicaturum
2546 4135 2773 4191 Domino
2822 4135 3131 4205 pollicetur,
3180 4152 3304 4190 cum
3354 4139 3531 4207 prius,

1948 4228 2401 4288 sermodoctrime
2416 4226 2611 4281 fuisset
2640 4225 2912 4294 expletus.
2946 4225 3051 4278 Sed
3082 4225 3265 4279 statim
3302 4234 3361 4279 ut
3387 4240 3523 4294 pro-

1947 4323 2127 4385 misit,
2158 4318 2516 4389 languoribus
2547 4317 2773 4371 resoluti
2805 4324 2961 4380 sunt,
2989 4316 3225 4384 etjussit
3248 4332 3343 4371 eos
3369 4333 3524 4372 seor—

256 4422 292 4461 a
324 4406 434 4463 Deo
461 4414 712 4469 concessi
767 4390 1042 4478 Hebraeis,
1081 4424 1141 4469 ut
1173 4415 1343 4487 Moysi
1375 4418 1635 4485 credant,
1666 4418 1840 4487 genti-
1873 4390 1915 4445 θ
1945 4415 2047 4470 sim
2086 4411 2327 4467 residere
2370 4424 2492 4462 cum
2548 4408 2663 4469 bis,
2712 4408 2805 4476 qui
2857 4422 2887 4459 a
2931 4408 3272 4462 dannonibus
3304 4408 3521 4463 fuerant

256 4496 365 4551 bus
396 4506 574 4553 autem
603 4539 620 4566 ,
652 4510 712 4555 ut
739 4501 925 4558 Jesum
956 4504 1208 4574 diligant.
1241 4504 1354 4559 Hoc
1384 4507 1528 4560 enim
1563 4506 1841 4561 indicabat

252 4594 311 4642 et
340 4587 618 4659 Magister,
649 4594 743 4647 ubi
773 4595 848 4648 ait
875 4611 888 4646 :
921 4594 1222 4665 Conﬁtebor
1251 4596 1366 4660 tibi,
1399 4596 1589 4661 Pater,
1612 4596 1835 4651 Domine

253 4682 374 4735 caeli
410 4692 461 4736 et
504 4687 783 4757 temeti),
812 4689 939 4758 quia
976 4689 1255 4743 occultasti
1286 4689 1397 4744 lucc
1432 4704 1466 4741 a
1511 4688 1833 4757 sapientibus

320 4866 362 4896 ¹²
397 4862 585 4920 Matth.
620 4881 707 4929 Ix,
743 4866 832 4929 57,
866 4865 953 4921 58.
1033 4867 1076 4897 ¹³
1100 4865 1235 4922 Luc.
1264 4880 1400 4926 xm,
1431 4863 1532 4930 29;
1554 4862 1870 4926 Matth.vm,
1902 4864 1986 4917 Η.
2066 4862 2108 4892 ¹⁵
2142 4862 2266 4915 Desii

320 4950 419 4987 non
446 4935 699 4987 leguntur
730 4936 784 4987 in
814 4936 975 4987 codd.
1004 4934 1184 4987 Linss.
1264 4936 1307 4966 "
1331 4934 1504 4987 Exod.
1538 4950 1650 4987 xxv.
1679 4935 1767 4987 51.
1847 4935 1891 4966 ¹⁶
1916 4932 2052 4987 Luc.
2085 4947 2160 4987 vt.
2197 4931 2266 4984 46

249 4934 286 4989 5
312 4950 419 4989 non
446 4935 699 5006 leguntur
730 4936 784 4990 in
814 4936 975 4993 codd.
1004 4934 1184 5007 Lipss.
1264 4936 1307 4966 "
1331 4934 1504 4989 Exod.
1538 4950 1650 5000 xxv,
1679 4935 1767 4989 '51.

1944 4500 2151 4560 ctu-ali,
2203 4497 2358 4568 quasi
2410 4504 2533 4566 post
2591 4495 2797 4550 laboris
2848 4495 3247 4565 fatigationem.
3304 4496 3517 4553 interea

1942 4590 2070 4643 dum
2123 4588 2237 4641 inec
2288 4594 2542 4657 aguntur,
2595 4584 2829 4653 plurima
2880 4584 3175 4639 multitudo
3220 4588 3518 4650 convenit,

1941 4697 2080 4753 quos
2111 4696 2217 4733 non
2253 4679 2429 4733 solum
2460 4676 2796 4731 desiderium
2848 4674 3032 4743 Petri,
3078 4677 3173 4732 sed
3214 4688 3267 4731 et
3308 4678 3517 4731 sanita—

2066 4862 2108 4892 “
2142 4858 2465 4915 Desiderium
2490 4872 2610 4927 ergo
2639 4864 2693 4911 et
2724 4871 2847 4924 sqq.
2885 4855 3157 4927 usquead
3192 4855 3351 4909 ﬁnem
3384 4873 3506 4926 cap.

2368 4929 2406 4960 "
2440 4925 2631 4982 Matth.
2661 4942 2739 4991 ιιι,
2775 4927 2866 4981 25.
2974 4927 3015 4957 ³⁸
3037 4925 3227 4982 Matth.
3264 4943 3382 4990 xm,
3414 4928 3504 4981 52.

1556 5112 1924 5170 COTELERII
1956 5111 2166 5168 ΝΟΤᾹΞ
2178 5154 2189 5165 .

322 5256 471 5328 (100)
512 5255 652 5323 Quid
683 5265 856 5310 autem
911 5255 1087 5311 dicitis
1136 5257 1303 5324 mihi,
1381 5255 1634 5328 Domine,
1704 5263 1811 5328 etc.

243 5325 407 5382 Lqu
440 5325 515 5399 vt,
543 5328 619 5399 46
644 5347 655 5381 :
690 5328 753 5379 Τί
776 5328 832 5399 δέ
853 5328 1177 5399 μεᾼκαλεῖτε,
1204 5329 1396 5399 Κύριε,
1418 5326 1610 5399 Κύριε,
1638 5327 1730 5399 καὶ
1752 5327 1813 5378 οὐ

244 5401 449 5451 ποιεῖτε
490 5398 526 5452 ἃ
554 5397 744 5465 ’λέγω;
795 5396 934 5463 Quid
991 5408 1164 5451 autem
1200 5396 1396 5451 vocatis
1434 5396 1549 5449 me:
1571 5396 1808 5459 Domine,

242 5466 495 5530 Domine,
540 5478 587 5520 et
618 5483 736 5538 non
768 5468 948 5536 facitis
986 5485 1101 5538 qua:
1144 5467 1304 5522 dico?
1332 5483 1429 5524 seu
1463 5483 1528 5521 ex
1559 5466 1663 5538 alia
1688 5481 1814 5538 ver-

241 5541 396 5593 sione
425 5538 566 5607 apud
600 5537 897 5592 Caesarium
938 5536 1330 5601 Arelatensem,
1369 5538 1556 5591 homil.
1602 5537 1656 5597 4,
1701 5536 1812 5607 Siet

243 5608 346 5671 12,
377 5605 562 5662 earum
591 5623 728 5677 quas
758 5623 904 5661 curae
934 5608 1036 5662 viri
1078 5608 1368 5662 clarissimi
1404 5607 1662 5676 Stephani
1703 5605 1807 5659 Ba-

240 5679 369 5757 lugii
394 5676 656 5757 debemus
687 5696 699 5731 :
736 5677 875 5744 Quid
898 5677 1110 5757 prodest
1144 5678 1282 5747 quod
1311 5677 1487 5757 dicitis
1525 5676 1809 5757 mihi,”l)o:

240 5749 398 5805 mine.
426 5748 668 5813 Domine,
712 5758 760 5803 et
790 5745 905 5804 non
937 5749 1111 5804 facitis
1140 5745 1256 5805 (tute
1295 5750 1375 5804 vel
1408 5766 1469 5803 ea
1497 5763 1620 5819 qua:
1642 5745 1759 5799 dico
1779 5749 1806 5801 ?

1919 5254 1977 5310 S.
2006 5255 2369 5318 Augustinus,
2399 5267 2565 5308 serm.
2599 5251 2691 5315 58,
2758 5252 2830 5307 lte
2869 5252 3067 5306 sanctis
3100 5264 3119 5302 :
3162 5249 3309 5303 Illud
3348 5251 3501 5306 valde

1918 5321 2207 5379 timendum
2234 5335 2331 5384 est,
2357 5323 2710 5394 quoditerum
2732 5323 2988 5394 Dominus
3010 5321 3137 5372 dicit
3168 5336 3186 5372 :
3219 5321 3359 5394 Quid
3382 5336 3500 5389 pro-

1914 5397 2029 5449 dest
2060 5394 2198 5459 quod
2227 5390 2403 5448 dicitis
2434 5410 2452 5447 :
2484 5393 2726 5458 Domine,
2769 5393 3012 5455 Domine,
3061 5400 3111 5443 et
3159 5407 3260 5443 non
3311 5390 3491 5459 facitis

1913 5484 2029 5537 qua:
2050 5465 2166 5537 dico
2196 5465 2374 5537 vobis:9

1988 5537 2063 5607 (1)
2106 5536 2285 5607 Pater,
2326 5535 2547 5587 Domine
2584 5533 2698 5607 creti
2737 5542 2787 5607 et
2816 5528 3318 5607 terrw._C:_t_ndeler.
3353 5544 3486 5607 91s.,

1918 5597 2139 5660 Domine
2176 5606 2356 5671 Pater,
2387 5620 2496 5675 quo
2532 5604 2694 5659 modo
2726 5605 2928 5659 citatur
2970 5601 3039 5654 ab
3085 5599 3311 5664 llilario,
3360 5597 3476 5659 [iic-

1914 5693 2165 5743 ronymo,
2197 5676 2321 5732 aliis
