3888 6192
409 269 549 327 1519
1297 268 1352 322 8.
1399 259 1792 322 CLEMEATIS
1826 266 1843 319 l
1885 263 1944 319 Rt

2112 267 2295 323 :‘ONT.
2340 259 2571 322 OPERA
2612 260 2838 318 DUBIA.
3521 258 3647 314 {320

409 395 525 441 tum
545 425 561 451 ,
584 397 704 453 qua:
731 388 1055 452 perpetratae
1079 381 1294 436 fuerant
1314 422 1329 446 ,
1358 382 1499 436 fama
1526 389 1886 452 pertraxerat.
1913 383 1982 435 At
2011 389 2056 446 Α
2085 384 2290 438 divina.
2323 382 2388 436 Et
2420 383 2493 435 ita
2524 380 2725 433 factum
2751 385 2865 437 est,
2900 379 2957 429 ut
2985 375 3190 428 cultum
3224 371 3316 428 Dei
3357 386 3526 442 quem
3564 387 3654 442 pro

408 475 607 530 Petrus
634 488 797 526 manu
828 473 1112 540 quiescere
1145 474 1405 542 populum
1433 473 1640 527 docens
1661 511 1676 535 ,
1707 479 1763 525 et
1795 472 1987 526 turbas
2089 475 2246 529 bonis
2278 475 2667 544 neglexerant,
2700 475 3096 538 recuperarent
3130 482 3228 536 pro
3257 466 3452 528 malis,
3486 475 3543 519 et
3569 480 3653 518 cce

413 566 470 622 in
525 565 925 634 tranquillitate
980 580 1317 634 componens
1351 565 1415 629 ",
1473 565 1576 619 hoc
1635 564 1799 617 modo
1858 562 1988 618 fecit
2090 567 2382 636 gitationes
2425 565 2480 618 in
2518 563 2685 618 Deum
2729 577 2869 632 quas
2902 566 3236 631 perverterat
3280 558 3654 628 indulgentia,

411 658 724 713 exordium:
2089 659 2408 714 emendaret
2461 657 2702 711 afﬂictio.
2750 654 2842 708 Sic
2889 668 3022 723 ergo
3077 651 3260 706 divina
3313 649 3662 705 Providentia

488 748 622 803 Vlll.
662 747 947 818 lncipienti
979 747 1047 801 de
1080 761 1210 800 vero
1240 745 1336 799 Dei
1370 746 1524 799 cultu
1557 744 1738 800 facere
1769 760 1984 801 sermo-
2091 753 2196 806 hoc
2227 766 2350 805 esse
2383 749 2573 804 utilius
2602 746 2920 800 hominibus
2962 744 3186 805 videns,
3236 743 3356 797 vias
3408 742 3659 812 benigni-

413 857 539 896 nem
572 841 948 894 necessarium
1003 838 1136 890 mihi
1182 838 1417 902 videtur,
1464 853 1563 891 eos
1603 839 1696 907 qui
1745 840 1988 892 nondum
2091 847 2219 899 tatis
2251 852 2306 897 et
2338 842 2723 905 abundantiae,
2754 847 3013 907 tanquam
3045 851 3166 904 qua:
3211 835 3508 895 laederent,
3541 834 3663 887 sub-

413 933 480 988 de
511 933 614 986 hoc
640 932 845 1001 aliquid
877 931 1122 985 scientia:
1153 929 1442 983 consecuti
1474 940 1636 992 sunt,
1671 931 1848 999 primo
1878 945 1995 982 om-
2091 937 2262 990 trahit
2292 937 2361 989 ab
2391 934 2704 988 hominibus
2732 972 2746 996 ,
2777 942 2832 986 et
2862 930 3166 984 vexationis
3195 931 3300 983 iter
3329 943 3394 982 ac
3437 929 3664 982 ιι-ιιιιιιι-

414 1029 566 1082 nium
601 1027 836 1088 docere,
879 1039 976 1094 per
1019 1024 1204 1077 omnia
1254 1024 1638 1093 inculpabilem
1684 1024 1990 1093 ponendam
2091 1029 2260 1082 tinnis
2293 1027 2518 1080 inducit,

414 1136 539 1176 esse
568 1119 811 1173 divinam
834 1116 1242 1171 Providentiam
1266 1155 1282 1180 ,
1320 1132 1416 1184 per
1448 1133 1612 1185 quam
1647 1118 1882 1169 mundus
1914 1131 1993 1169 re-
2166 1119 2280 1174 XII,
2325 1119 2432 1174 Sed
2492 1127 2553 1172 ut
2591 1116 2906 1171 ostenderet
2965 1115 3096 1185 quia
3135 1113 3253 1168 haec
3291 1126 3392 1182 pro
3441 1110 3667 1182 ingratis

415 1214 565 1282 gitur
596 1219 651 1264 et
680 1209 1041 1280 gubernatur.
1080 1208 1235 1262 llunc
1265 1215 1446 1262 autem
1479 1209 1637 1262 nobis
1673 1207 1886 1261 exordii
1924 1207 1996 1259 ti-
2095 1219 2409 1282 agerentur,
2459 1225 2626 1263 unum
2673 1207 2968 1277 quemdam
3013 1222 3081 1261 ex
3129 1206 3240 1258 illis
3283 1205 3380 1273 qui
3411 1202 3666 1272 primitus

417 1303 590 1355 tulum
622 1300 770 1354 dedit
798 1300 1083 1369 pra'sentis
1114 1301 1298 1368 operis
1328 1299 1503 1362 ratio,
1539 1307 1592 1352 et
1627 1314 1818 1352 eorum
1854 1313 1993 1367 quos
2096 1310 2380 1375 imperant
2429 1318 2552 1356 esse
2601 1300 2860 1354 mortales
2885 1339 2900 1362 ,
2956 1297 3100 1367 quod
3149 1312 3275 1351 eum
3325 1296 3520 1365 gratia:
3567 1291 3690 1347 sate

417 1391 511 1447 Dei
544 1393 720 1446 virtus
751 1392 966 1446 sanavit
1005 1391 1260 1453 occasio,
1307 1399 1364 1443 ut
1404 1389 1801 1452 ostendamus,
1848 1391 1994 1460 quod
2098 1414 2207 1451 non
2239 1399 2613 1450 immemorem
2645 1393 2818 1455 vidit,
2851 1400 2905 1446 et
2949 1391 3079 1460 quia
3129 1390 3378 1459 speravit
3420 1390 3669 1442 invocare

417 1493 567 1539 recta
602 1487 814 1539 ratione
874 1484 1264 1553 quamplurimi
1312 1500 1342 1536 a
1381 1483 1614 1537 diversis
1655 1484 1996 1537 dmmonihus
2097 1504 2294 1542 nomen
2328 1485 2543 1539 Domini
2577 1483 2692 1554 (2),
2725 1483 2790 1535 ad
2827 1481 3164 1535 immortales
3206 1480 3528 1542 transtulit,
3572 1493 3670 1530 ca:-

416 1578 756 1637 obtinentur,
793 1586 852 1630 ut
884 1593 978 1645 per
1008 1577 1111 1630 hoc
1142 1584 1403 1645 appareat
1427 1576 1643 1642 iustitia
1676 1574 1790 1629 Dei.
1840 1576 1998 1629 lnve-
2101 1581 2232 1634 teris
2265 1579 2356 1649 qui
2389 1579 2446 1631 in
2485 1585 2696 1631 tantum
2731 1577 2930 1645 ingrati
2962 1575 3253 1638 exstitere,
3300 1581 3361 1626 ut
3390 1587 3498 1626 nec
3527 1571 3669 1624 labo-

420 1671 600 1723 nictur
647 1669 791 1722 enim
842 1669 1087 1721 omnium
1140 1685 1278 1736 pene
1327 1669 1600 1720 malorum
1654 1674 1828 1720 mater
1874 1683 1996 1720 esse.
2101 1673 2253 1726 ribus
2295 1679 2348 1725 et
2391 1669 2845 1723 tribulationibus
2881 1649 3170 1721 emendari
3206 1672 3261 1719 et
3298 1663 3508 1733 corrigi
3553 1678 3671 1731 pos-

419 1761 750 1831 ignorantia.
785 1757 890 1812 Sed
916 1760 1028 1827 jam
1062 1761 1341 1812 veniamus
1372 1761 1436 1813 ad
1469 1774 1712 1813 causam.
2029 1737 2071 1790 Β
2103 1764 2248 1823 sint.
2283 1761 2612 1831 gravissima
2643 1767 2822 1812 morte
2850 1758 3148 1812 damnatis.
3179 1756 3390 1810 Invenit
3419 1764 3599 1808 tamen
3623 1761 3674 1806 et

492 1851 584 1906 IX.
627 1851 768 1904 Dt'US
799 1867 922 1904 cum
960 1851 1178 1904 fecisset
1211 1851 1482 1903 hominem
1521 1851 1586 1902 ad
1624 1849 1912 1918 imaginem
1946 1857 1998 1904 et
2101 1855 2244 1908 inter
2277 1855 2427 1922 ipsos
2451 1868 2621 1905 unum
2652 1849 2942 1920 quemdam
2972 1865 3095 1902 cum
3123 1849 3288 1903 domo
3312 1861 3413 1902 sua
3435 1847 3670 1915 justum,

422 1943 837 1999 similitudinem
873 1957 1026 1996 suam
1052 1981 1066 2003 ,
1101 1942 1250 2010 operi
1284 1957 1384 1996 suo
1416 1941 1691 2009 spiramen
1722 1939 1996 2009 quoddam
2102 1963 2264 2016 quem
2300 1951 2634 2007 reservaret,
2675 1951 2952 2013 praecepto
3001 1942 3053 1994 ei
3091 1941 3218 1994 dato
3277 1946 3339 1992 ut
3383 1938 3673 1991 fabricaret

419 2044 476 2090 ct
506 2035 726 2088 odorem
759 2050 870 2088 sua:
899 2034 1201 2086 divinitatis
1235 2033 1502 2094 inseruit,
1534 2039 1592 2085 ut
1621 2048 1716 2100 per
1740 2033 1841 2085 hoc
1876 2049 1999 2100 par-
2103 2054 2312 2101 aream,
2349 2046 2404 2091 et
2450 2039 2504 2090 in
2535 2052 2599 2091 ea
2624 2075 2638 2097 ,
2686 2051 2811 2089 cum
2855 2034 3063 2088 diluvio
3097 2040 3295 2086 cuncta
3330 2039 3671 2087 necarentur.

422 2129 619 2196 ticipcs
671 2126 798 2178 facti
850 2126 1111 2178 mortales
1149 2123 1424 2192 [Inigcniti
1472 2127 1627 2191 ejus,
1683 2138 1776 2192 per
1821 2123 1998 2191 ipsum
2106 2133 2222 2202 ipse
2273 2148 2398 2185 cum
2451 2134 2537 2184 his
2586 2131 2787 2200 quibus
2845 2135 3178 2198 przereptum
3231 2125 3444 2187 fuerat,
3507 2132 3676 2191 posset

421 2221 586 2276 etiam
619 2218 782 2272 amici
813 2216 908 2270 υεί
940 2226 995 2270 et
1027 2216 1120 2269 ﬁlii
1151 2215 1464 2284 adoptionis
1491 2216 1824 2280 existerent;
1859 2213 2002 2267 unde
2103 2224 2373 2285 evadere,
2421 2237 2530 2292 quo
2573 2222 2756 2290 impiis
2803 2221 3217 2275 inundationem
3260 2230 3534 2287 aquarum
3563 2230 3675 2293 pere

422 2321 476 2364 ei
506 2325 612 2378 qua
640 2310 725 2361 via
753 2309 805 2362 id
839 2307 1054 2377 possint
1085 2305 1361 2374 adipisci.
1395 2305 1512 2374 ipse
1539 2303 2002 2372 eosuipropheia
2102 2317 2302 2385 emptis
2360 2317 2801 2386 puriﬁcationem
2857 2313 3099 2368 mundus
3159 2311 3480 2380 acciperet,
3532 2316 3585 2363 et
3635 2307 3676 2360 is

424 2418 588 2456 verus
609 2401 858 2464 edocuit,
882 2400 1069 2453 sciens
1086 2399 1286 2467 quibus
1310 2398 1528 2452 actibus
1555 2396 2004 2450 hominumdele—
2105 2409 2200 2478 qui
2231 2409 2298 2462 ad
2329 2410 2706 2479 posteritatem
2753 2407 2975 2478 generis
3000 2404 3182 2460 fuerat
3211 2409 3533 2458 reservatus
3551 2441 3564 2464 ,
3592 2415 3677 2471 per

425 2501 671 2547 ctaretur
691 2492 873 2547 Pater.
908 2490 1061 2545 Unus
1082 2492 1264 2560 itaque
1290 2490 1433 2558 apud
1471 2490 1721 2544 homines
1750 2497 1882 2544 tunc
1909 2488 2003 2542 Dei
2106 2510 2306 2569 aquam
2335 2499 2574 2554 mundus
2600 2499 2850 2561 enectus,
2877 2500 3144 2550 mundum
3173 2495 3361 2549 denuo
3388 2500 3675 2562 repararet.

424 2587 608 2642 cultus
627 2594 766 2646 erat,
789 2599 1091 2653 nienspura
1105 2591 1157 2636 et
1184 2583 1410 2651 spiritus
1441 2583 1816 2650 incorruptus.
1847 2580 1909 2634 Et
1932 2581 2005 2636 ob
2179 2590 2318 2647 XIII,
2361 2591 2468 2647 Sed
2499 2594 2583 2648 his
2611 2591 2870 2647 omnibus
2899 2591 3072 2661 gestis
3107 2603 3301 2643 rursus
3340 2586 3588 2645 homines
3616 2581 3674 2635 ad

428 2679 532 2733 hoc
551 2677 729 2730 omnis
750 2685 1000 2730 creatura
1025 2676 1264 2728 humano
1288 2674 1471 2744 generi
1496 2673 2006 2729 fuadusinviolabile
2109 2685 2446 2754 impietatem
2479 2691 2792 2748 vel-mnium
2827 2693 2880 2738 ei
2911 2689 3136 2754 propter
3166 2681 3270 2734 hoc
3304 2695 3338 2732 ει
3382 2678 3498 2733 Deo
3533 2673 3678 2747 poni-

428 2770 812 2825 conservabat.
874 2767 977 2835 0b.
1020 2768 1384 2822 reverentiam
1442 2782 1678 2835 namque
1728 2765 2006 2819 Creatoris
2108 2783 2202 2830 ιω·
2233 2779 2317 2833 [ex
2347 2791 2469 2848 qua;
2499 2777 2718 2832 vivendi
2748 2776 2971 2830 modum
3003 2776 3265 2839 doceret;
3297 2772 3400 2827 sed
3431 2779 3673 2841 processu

431 2864 578 2916 “illia
612 2860 881 2930 πετῖιυάο
932 2859 986 2913 in
1027 2873 1124 2914 θοε
1147 2898 1164 2924 ν
1218 2860 1428 2912 imum“
1475 2859 1667 2913 νίιίυηι
1725 2859 2003 2927 corporis,
2108 2871 2409 2942 temporis,
2444 2869 2539 2925 Dei
2571 2869 2792 2940 quidem
2823 2869 3008 2923 cultus
3037 2876 3091 2922 et
3114 2865 3328 2934 iustitia
3360 2865 3433 2918 ab
3464 2860 3676 2916 inﬁdeli-

433 2953 584 3008 nulla
612 2951 862 3005 ciborum
899 2949 1179 3003 dominata
1210 2950 1499 3018 corruptio
1527 2959 1643 3013 est,
1675 2965 1742 3004 ex
1772 2964 1882 3019 quo
1915 2951 2008 3002 lie-
2112 2964 2216 3018 bus
2242 2972 2296 3018 ει
2328 2963 2512 3032 impiis
2546 2961 2943 3030 corrumpitur,
2975 2959 3122 3014 sic,“
3157 2955 3324 3026 paulo
3368 2959 3496 3024 post
3535 2964 3674 3019 aper-

431 3045 554 3108 bat,
605 3052 664 3097 ut
710 3042 860 3096 mille
909 3058 1179 3097 annorum
1227 3053 1360 3097 astas
1404 3042 1460 3095 in
1501 3042 1852 3112 fragilitatem
1899 3057 1966 3095 no

2144 3058 2228 3112 ius
2259 3055 2638 3109 ostendemus.
2671 3051 2954 3107 Perversa:
2985 3057 3166 3103 autem
3200 3056 3254 3101 et
3283 3045 3540 3100 erratica:
3567 3039 3674 3094 reli-

431 3135 696 3191 incideret
725 3137 1045 3190 senectutis.

2136 3150 2305 3216 giones
2333 3143 2784 3206 introducuntur,
2817 3139 3021 3209 quibus
3055 3153 3114 3193 se
3145 3136 3385 3205 plurima
3431 3145 3554 3201 pars
3593 3129 3671 3180 ho-

508 3226 572 3280 Χ.
617 3227 727 3281 Sed
772 3225 864 3280 ubi
911 3229 1021 3278 vita
1059 3228 1262 3279 laboris
1296 3241 1494 3295 expers
1523 3226 1792 3280 bonorum
1825 3241 2011 3295 perse-

2136 3242 2324 3295 ninum
2355 3253 2452 3306 per
2491 3233 2840 3288 occasionem
2888 3229 3150 3285 feriarum
3192 3234 3248 3282 et
3287 3224 3671 3280 solemnitatem

431 3321 733 3374 verantiam
766 3335 875 3373 non
907 3319 1116 3388 putavit
1145 3320 1329 3372 divina
1362 3319 1670 3387 largitione,
1702 3317 1796 3372 sed
1829 3332 2010 3371 rerum
2121 3332 2421 3391 dederunt,
2468 3333 2632 3396 ροιυε
2676 3325 3049 3377 ξηειευηηιρδ
3089 3328 3144 3374 ei
3184 3318 3464 3379 convivia,
3511 3313 3674 3367 tibias.

435 3413 576 3468 forte
609 3428 932 3466 concessam
957 3451 972 3476 ,
1007 3421 1059 3466 et
1093 3413 1212 3466 sine
1244 3412 1354 3465 ullo
1388 3411 1588 3466 sudore
1614 3410 1813 3463 divina:
1839 3425 2013 3462 amre-
2114 3440 2221 3493 que
2283 3437 2347 3474 ac
2380 3419 2594 3473 ﬁstulas
2626 3425 2679 3470 et
2705 3415 2950 3469 citharas
2980 3427 3044 3465 ac
3073 3411 3293 3465 diversa
3337 3421 3538 3478 genera
3579 3415 3673 3454 mu-

433 3503 627 3558 nitatis
656 3503 873 3557 deliciis
907 3501 1151 3571 perfrui,
1181 3511 1391 3556 naturae
1417 3502 1660 3556 debitum
1692 3510 1746 3555 et
1775 3519 1882 3555 non
1915 3503 2010 3556 Dei
2117 3517 2360 3571 είροι-υιη
2394 3517 2671 3566 sectantes
2693 3549 2706 3568 ,
2743 3518 2793 3561 et
2827 3505 3160 3573 semetipsos
3188 3516 3285 3570 per
3315 3498 3504 3553 omnia
3529 3503 3676 3547 ιθωυ·

434 3595 700 3650 bonitatis
755 3610 957 3647 munus
1012 3595 1243 3663 accepit.
1297 3591 1356 3647 In
1400 3595 1709 3648 contrarias
1756 3610 1853 3664 per
1899 3596 2013 3649 hinc
2118 3607 2298 3662 [entire
2347 3619 2411 3657 ac
2455 3601 2688 3655 luxuria:
2734 3597 3110 3667 propitiantes.
3158 3591 3297 3646 Hinc
3329 3590 3512 3644 omnis
3541 3595 3674 3639 emi"

435 3686 688 3741 homines
719 3695 770 3739 ei
809 3687 1006 3754 impias
1054 3685 1417 3754 εοῧίιίλιίοηοδ
1461 3687 1574 3739 οιίο
1617 3686 1849 3740 docente
1891 3704 2015 3756 DCI“
2118 3698 2328 3767 accepit
2358 3695 2665 3764 originem,
2701 3691 2831 3744 hinc
2862 3691 3014 3743 lucos
3040 3695 3095 3742 et
3120 3701 3280 3748 aras,
3312 3682 3447 3736 hinc
3469 3687 3674 3768 coronas

435 3778 698 3839 veniunt,
731 3785 984 3846 putantes
1013 3777 1238 3831 deorum
1274 3777 1376 3830 sibi
1411 3777 1579 3829 vitam
1612 3777 1780 3831 nullis
1811 3778 2016 3831 labori-
2117 3796 2172 3843 ει
2225 3786 2478 3841 victimas
2529 3795 2820 3849 reperere,
2879 3785 2933 3832 et
2983 3783 3106 3845 post
3159 3773 3487 3828 ebrietatem
3537 3776 3672 3835 quaSI

438 3871 542 3923 bus
592 3870 868 3937 nullisque
922 3869 1135 3922 meritis
1179 3877 1387 3921 natam.
1436 3866 1574 3920 Hinc
1621 3867 1916 3937 proficiunt
1960 3868 2016 3922 in
2119 3875 2475 3950 lymphaticis
2506 3871 2751 3927 motibus
2779 3868 2864 3938 agi
2893 3885 2908 3933 ;
2939 3882 3008 3922 ex
3038 3867 3143 3920 hoc
3172 3865 3286 3933 jam
3320 3866 3558 3932 potestas
3583 3853 3674 3950 dar

438 3963 716 4024 deterius,
750 3968 809 4014 ut‘
837 3976 1016 4030 neque
1059 3961 1400 4030 providentia
1451 3959 1549 4015 Dei
1594 3961 1858 4014 mundum
1903 3961 2017 4031 regi
2120 3947 2324 4022 monii;
2353 3965 2484 4020 data
2525 3959 2875 4033 ingrediendi
2919 3951 3305 4025 hujuscemodi
3348 3955 3586 4006 mentes,
3627 3947 3674 3991 ut

437 4055 758 4116 crederent,
791 4068 970 4122 neque
1011 4053 1310 4106 virtutibus
1353 4068 1478 4106 esse
1519 4052 1755 4121 aliquem
1797 4053 2014 4116 locum,
2120 4059 2320 4113 choros
2346 4055 2550 4110 dueere
2571 4054 2798 4108 insanos
2819 4058 2874 4105 et
2897 4047 3114 4102 Baccho
3142 4044 3327 4098 [urere
3345 4040 3671 4131 viderentur;

439 4144 883 4215 quandoquidem
913 4145 1238 4212 semetipsos
1265 4145 1469 4197 scirent
1490 4144 1658 4198 nullis
1685 4145 1836 4213 prius
1861 4145 2020 4200 bonis
2123 4151 2250 4205 hinc
2280 4148 2514 4202 fremere
2542 4144 2832 4206 dentibus,
2865 4149 2919 4196 et
2947 4137 3161 4208 mugire
3188 4133 3258 4188 de
3286 4127 3571 4202 profundis
3607 4127 3674 4176 *δ’

439 4237 702 4306 operibus
731 4235 1028 4305 assignatis
1057 4235 1154 4289 otii
1186 4251 1250 4289 ac
1283 4235 1604 4288 deliciarum
1637 4251 1907 4290 summam
1937 4242 2018 4291 t'e-
2123 4241 2377 4298 secribus
2413 4239 2734 4298 inventum,
2767 4234 2897 4287 hinc
2925 4228 3189 4286 terribilis
3234 4226 3423 4280 vultus
3464 4229 3516 4276 et
3550 4217 3675 4316 ferus

440 4346 604 4392 nere,
637 4338 692 4384 et
724 4330 934 4383 amicos
964 4328 1058 4384 Dei
1088 4331 1296 4398 absque
1329 4329 1462 4382 ull-is
1494 4328 1776 4382 laboribus
1803 4329 2014 4386 haberi.
2122 4338 2180 4391 in
2231 4334 2547 4388 hominibus
2603 4337 2902 4398 aSpectus,
2955 4331 3016 4378 ut
3067 4322 3115 4377 is
3165 4335 3328 4390 quem
3387 4312 3673 4372 temulenti:

512 4422 604 4476 ΧΙ.
647 4421 968 4476 Justissimo
996 4424 1180 4490 itaque
1226 4419 1319 4474 Dei
1357 4420 1568 4488 judicio
1608 4420 1664 4473 in
1705 4419 2020 4489 huiusmodi
2051 4445 2096 4500 Β
2125 4429 2472 4484 subverterat
2505 4437 2568 4477 ac
2600 4423 2815 4476 damon
2846 4417 3207 4486 instigaverat
3229 4452 3242 4477 ,
3276 4409 3502 4464 numine
3525 4400 3675 4469 reple-

443 4515 836 4584 cogitationum
871 4514 1112 4567 vanitate
1145 4513 1533 4582 languentibus
1556 4551 1572 4575 ,
1605 4512 1823 4568 labores
1852 4523 1905 4568 et
1937 4512 2022 4566 af—
2126 4529 2216 4574 tus.
2249 4534 2278 4571 τι
2308 4515 2551 4586 decepti;
2577 4523 2632 4568 et
2660 4511 2980 4567 errantibus
3008 4505 3391 4561 crederentur.

443 4581 715 4661 llietiones
739 4620 838 4674 pro
867 4604 1109 4659 remedio
1140 4581 1519 4657 conferuntur.
1549 4603 1650 4658 Ubi
1685 4620 1816 4675 ergo
1845 4605 2022 4660 adfuit
2201 4608 2338 4664 XIV.
2385 4581 2539 4662 Unde
2585 4620 2711 4659 cum
2757 4611 2870 4655 tam
2919 4600 3104 4652 multa:
3149 4597 3203 4648 in
3250 4594 3400 4646 hunc
3442 4581 3670 4683 mundani

445 4700 600 4754 labor
649 4713 712 4750 ac
743 4697 1025 4750 tribulatio
1047 4736 1061 4759 ,
1095 4697 1416 4750 deliciarum
1446 4704 1502 4750 et
1544 4698 1881 4752 amamitatis
1922 4714 2020 4753 ex-
2127 4703 2348 4757 falsmet
2370 4699 2618 4754 erratica:
2637 4696 2930 4766 religiones
2955 4698 3142 4748 essent
3169 4684 3514 4743 introducta},
3543 4683 3669 4732 misy

445 4794 586 4848 clusi
619 4801 746 4845 sunt
791 4792 931 4846 loco.
979 4789 1152 4843 rlierra
1185 4798 1364 4844 autem
1411 4791 1582 4860 erepit
1628 4793 1765 4844 nihil
1793 4792 1873 4846 eis
1901 4792 2020 4847 sine
2130 4809 2322 4848 smnus
2355 4807 2458 4846 nos
2505 4790 2819 4845 deferentes
2865 4786 3021 4840 vobis
3068 4793 3328 4849 tanquam
3373 4774 3497 4831 boni
3532 4778 3673 4862 nego:

447 4886 634 4938 labore
671 4883 1006 4952 producere;
1038 4890 1090 4936 et
1125 4891 1256 4934 tunc
1287 4898 1553 4936 conversa
1599 4883 1654 4935 in
1700 4883 2023 4938 hominibus
2131 4888 2357 4940 tiatores
2377 4924 2392 4948 ,
2441 4899 2472 4938 a
2504 4883 2754 4954 patribus
2804 4880 3066 4934 traditum
3094 4882 3152 4931 et‘
3177 4875 3548 4928 conservatum
3575 4869 3667 4954 Vg”

449 4970 750 5040 cogitatio,
817 4971 1088 5023 creatoris
1145 4971 1230 5024 sui
1298 4972 1577 5039 requirere
1644 4984 2025 5028 con'n'nonctnr
2131 4977 2227 5030 Dei
2272 4975 2525 5037 cultum,
2580 4973 2744 5041 cujus
2796 4970 2954 5040 quasi
3003 4967 3212 5022 semina
3257 4961 3499 5032 quadam
3543 4949 3667 5046 robii

451 5062 712 5116 auxilium
732 5098 748 5126 ,
775 5070 830 5114 et
857 5061 1198 5115 orationibus
1227 5076 1293 5114 ac
1320 5062 1462 5115 votis
1494 5063 1746 5132 praesidia
1792 5065 2024 5120 invitare
2135 5069 2252 5121 haec
2280 5067 2444 5123 verba
2471 5066 2840 5135 rcspergimus
2859 5101 2876 5128 ,
2909 5069 2964 5116 et
2996 5061 3052 5114 in
3087 5064 3271 5113 vestro
3297 5051 3502 5124 judicio
3539 5054 3669 5116 pom“

522 5197 567 5229 ¹⁹
597 5194 728 5262 Quae
759 5196 1353 5270 sequunturgvgoeabula
1386 5211 1559 5270 usque
1589 5197 1655 5250 ad
1683 5197 1840 5252 linrm
1861 5217 1977 5270 cap.
2007 5202 2096 5265 56,
2121 5203 2320 5258 desunt
2345 5203 2398 5257 in
2421 5203 2581 5258 codd.
2606 5200 2820 5270 Lipssu,
2849 5199 3120 5254 cohaerent
3138 5201 3320 5248 autem
3335 5177 3665 5270 antecedciilif

452 5283 576 5390 sum
611 5269 700 5390 iis,
739 5261 860 5336 quae
915 5283 1034 5336 cap.
1069 5266 1137 5321 57
1190 5261 1487 5338 leguntur,—
1522 5267 1627 5321 hoc
1673 5273 1836 5324 modo
1866 5287 1878 5322 :
1929 5261 2279 5343 'cmnponens,
2313 5291 2432 5328 cum
2471 5274 2656 5344 aliqua
2677 5261 2893 5326 locutus
2930 5278 3092 5334 esset,
3146 5264 3392 5335 prmeepit
3417 5261 3665 5326 ιιιροετεια

495 5355 560 5390 ιε.
591 5354 621 5390 e
647 5353 698 5390 c.

495 5348 560 5402 te,
591 5348 698 5393 οιο.

1760 5491 2124 5547 COTi-ZLERH
2161 5493 2391 5550 ΝΟΤᾹΞ.

533 5671 608 5739 (Ξ)
653 5669 863 5740 thuia
903 5673 1130 5740 speravit
1171 5671 1410 5741 invocare
1449 5687 1633 5724 nomen
1666 5669 1898 5724 Domini.
1937 5670 2031 5725 Vel
2140 5671 2545 5741 applieatquoil
2582 5672 2645 5725 ile
2673 5673 2779 5724 hoc
2809 5671 3014 5725 dictum
3059 5676 3232 5725 luerat
3278 5669 3466 5725 Cenes.
3502 5653 3654 5716 ινςῗῧι

464 5742 749 5796 confundit
782 5742 1099 5796 llenoclium
1153 5757 1279 5796 cum
1333 5740 1542 5810 Euoso;
1589 5758 1686 5797 seu
1721 5743 1903 5811 potius
1955 5743 2030 5795 illi
2134 5740 2289 5810 juxta
2322 5741 2457 5795 HK
2491 5743 2838 5814 interpretes.
