3888 6192
316 303 416 360 521

1503 307 2065 367 RECOGNI’I‘IONUM
2107 309 2233 366 LIB.
2271 293 2377 369 iV.‘

3403 308 3538 369 I322

281 433 405 472 mus
451 417 595 488 quod
645 427 856 474 rectum
899 420 1117 476 videtur
1153 421 1376 493 eligere.
1425 421 1482 478 Si
1524 423 1670 481 enim
1716 423 1856 478 reci-
1883 438 1932 496 Α
1963 423 2066 482 ﬁde
2090 426 2354 492 credunt,
2401 424 2610 497 absque
2659 426 2770 482 ulla
2815 428 3181 485 remoratione
3219 427 3534 487 discedunt.

281 510 448 579 piatis
475 525 595 578 quae
622 519 809 565 nostra
839 518 967 565 sunt
989 553 1003 574 ,
1036 527 1145 566 non
1171 512 1346 566 solum
1378 512 1483 582 ipsi
1513 512 1861 567 incursiones

281 603 547 657 daemonis
577 601 818 672 eﬂugere
841 643 856 666 ,
891 604 986 659 sed
1018 613 1073 658 et
1101 619 1168 659 ex
1197 603 1322 658 aliis
1348 619 1444 659 eas
1486 604 1722 674 efi‘ugare
1763 618 1864 674 po-

281 696 462 750 teritis
483 737 498 758 ,
549 695 712 751 simul
742 702 796 750 et
822 703 1152 750 aeternorum
1181 698 1451 752 bonorum
1481 696 1706 766 praemia
1735 711 1863 750 con-

281 790 609 859 sequemini.
641 788 746 854 Qui
773 797 952 843 autem
983 791 1413 859 contempserint
1456 790 1700 859 recipere
1737 805 1862 859 quae

279 879 545 934 dicuntur
574 895 602 931 a
635 879 828 944 nobis,
863 878 916 932 in
943 879 1201 948 praesenti
1232 879 1452 949 quidem
1485 880 1595 932 vita
1628 878 1860 934 diversis

279 972 627 1028 damonibus
653 979 708 1027 et
736 972 1122 1042 aegritudinum
1152 972 1300 1026 vitiis
1329 971 1712 1040 subjacebunt.
1738 980 1862 1040 post

276 1079 570 1119 excessum
633 1074 812 1117 autem
880 1065 1129 1132 corporis
1188 1064 1351 1118 etiam
1411 1063 1608 1117 animae
1667 1077 1858 1117 eorum

279 1158 684 1212 cruciabuntur
714 1157 769 1209 in
803 1165 1149 1226 perpetuum.
1190 1155 1333 1210 Deus
1364 1157 1508 1210 enim
1539 1171 1647 1209 non
1681 1155 1859 1209 solum

278 1251 458 1304 bonus
479 1289 494 1312 ,
530 1250 625 1304 sed
655 1259 708 1302 et
729 1249 916 1317 justus
945 1257 1028 1303 est
1054 1266 1068 1315 ;
1102 1263 1229 1302 nam
1260 1249 1305 1303 si
1337 1263 1554 1318 semper
1584 1248 1760 1302 bonus
1789 1248 1860 1301 sit

274 1353 332 1397 et
365 1357 646 1411 nunquam
673 1342 856 1410 justus
878 1383 892 1406 ,
926 1349 986 1395 ut
1015 1341 1208 1395 reddat
1240 1341 1536 1410 unicuique
1563 1355 1665 1409 pro
1691 1339 1860 1410 gestis

275 1433 432 1498 suis,
464 1434 667 1487 bonum
703 1433 1014 1488 invenietur
1055 1433 1342 1502 injustum.
1392 1430 1659 1502 lnjustum
1703 1445 1860 1485 nam-

274 1541 386 1595 que
425 1535 546 1590 est,
590 1527 638 1581 si
681 1527 758 1580 ita
803 1527 948 1596 apud
992 1542 1119 1582 eum
1149 1527 1415 1581 habeatur
1446 1525 1682 1594 impius,
1716 1525 1860 1578 sicut

273 1627 331 1674 et
362 1622 509 1689 pius.

346 1711 466 1766 XV.
507 1711 679 1782 Igitur
710 1711 986 1767 daemones
1007 1751 1021 1775 ,
1053 1712 1196 1768 sicut
1227 1712 1390 1782 paulo
1422 1719 1549 1768 ante
1577 1711 1816 1767 diximus
1837 1749 1852 1773 ,

275 1822 404 1860 cum
446 1806 836 1860 occasionibus
879 1807 1121 1876 acceptis
1162 1806 1411 1875 ingerere
1454 1819 1514 1859 se
1555 1811 1851 1874 potuerunt
1879 1778 1926 1838 Β

271 1911 372 1964 per
403 1896 577 1950 malos
603 1905 657 1949 et
685 1903 876 1966 turpes
904 1906 1060 1951 actus
1093 1896 1419 1966 corporibus
1449 1894 1730 1948 hominum
1756 1933 1771 1959 ,
1803 1893 1852 1949 si

273 1987 454 2041 multo
485 1996 732 2056 tempore
765 1997 1085 2058 permanent
1118 1989 1173 2042 in
1210 1990 1291 2044 eis
1327 2003 1425 2057 per
1461 1985 1851 2058 negligentiam

272 2079 556 2149 ipsorum,
588 2081 716 2149 quia
748 2080 946 2134 animae
978 2095 1090 2134 suae
1117 2080 1260 2150 quod
1305 2087 1391 2134 est
1434 2080 1567 2133 utile
1610 2095 1719 2132 non
1765 2093 1855 2133 re-

268 2173 501 2241 quirunt
525 2213 540 2231 .
588 2174 905 2227 necessario
951 2181 1158 2244 cogunt
1187 2188 1282 2228 eos
1312 2172 1677 2226 habitantium
1709 2170 1764 2225 in
1794 2185 1854 2225 se

268 2267 582 2320 dzcmonnm
613 2268 681 2320 de
712 2267 928 2336 reliquo
957 2266 1140 2320 facere
1169 2267 1502 2320 voluntates.
1552 2259 1709 2330 Quod
1753 2277 1853 2317 au-

267 2365 380 2411 tem
423 2367 509 2412 est
550 2357 793 2411 omnium
837 2357 1114 2422 deterius,
1156 2356 1209 2411 in
1243 2354 1717 2411 consummatione
1751 2369 1855 2409 sae-

266 2450 410 2512 culi,
441 2467 566 2505 cum
597 2449 809 2504 daemon
846 2451 935 2504 ille
966 2449 1076 2519 igni
1109 2449 1356 2502 tradetur
1393 2454 1631 2514 aeterno,
1661 2461 1857 2501 neces-

266 2544 420 2598 sario
445 2550 501 2597 et
533 2544 714 2597 anima
761 2557 885 2612 quae
932 2542 985 2596 ei
1029 2541 1244 2611 paruit,
1295 2555 1420 2595 cum
1467 2541 1588 2611 ipso
1632 2539 1852 2594 aeternis

265 2638 491 2707 ignibus
541 2636 903 2704 cruciabitur,
952 2652 1062 2692 una
1113 2649 1238 2690 cum
1287 2648 1519 2706 corpore
1561 2648 1662 2691 suo
1706 2634 1853 2706 quod

345 2725 486 2780 lluit.

265 2741 486 2794 pomnt.

346 2811 486 2868 XVI.
531 2813 817 2871 Daemones
842 2824 1022 2870 autem
1049 2815 1250 2871 habere
1272 2814 1602 2870 desiderium
1632 2815 1852 2870 immer-

263 2906 431 2978 gendi
465 2923 524 2963 se
559 2909 888 2978 corporibus
921 2909 1202 2963 hominum
1237 2908 1353 2962 haec
1384 2922 1553 2962 causa
1585 2918 1688 2962 est.
1730 2907 1854 2977 Spi-

263 3001 411 3055 ritus
493 3010 624 3056 snnt
681 3002 950 3055 habentes
1007 3001 1349 3072 propositum
1404 3015 1732 3055 conversum
1784 2999 1851 3053 ad

263 3094 532 3146 malitiam
559 3111 572 3158 ;
610 3109 706 3163 per
738 3095 891 3149 cibos
925 3110 1056 3164 ergo
1087 3103 1141 3149 et
1171 3102 1335 3164 potus
1366 3094 1755 3148 immoderatos
1784 3109 1847 3148 ac
1873 3126 1917 3185 ρ

261 3184 548 3238 libidinem
578 3193 874 3254 perurgent
904 3186 1154 3240 homines
1183 3185 1248 3238 ad
1279 3191 1561 3255 peccatum
1590 3203 1605 3250 ;
1636 3199 1734 3239 eos
1764 3192 1847 3238 ta-

261 3291 387 3329 men
437 3277 527 3345 qui
573 3278 838 3346 peccandi
890 3277 1236 3347 propositum
1279 3284 1512 3346 gerunt,
1561 3278 1655 3346 qui
1710 3278 1842 3333 dum

258 3367 522 3421 videntur
561 3369 876 3423 necessaria
930 3379 1139 3423 natura:
1188 3371 1326 3424 velle
1374 3371 1684 3441 complere,
1735 3385 1846 3426 non

259 3466 515 3515 tenentes
558 3461 781 3514 modum
833 3477 932 3531 per
971 3462 1348 3524 nimietatem,
1396 3463 1736 3534 ingrediendi
1790 3464 1845 3518 in

263 3552 600 3621 semetipsos
630 3553 970 3607 daemonibus
1018 3552 1226 3606 faciunt
1272 3554 1474 3609 locum.
1521 3553 1704 3608 Donec
1746 3570 1816 3608 au

257 3648 372 3695 tem
406 3649 615 3696 natura:
645 3657 904 3696 mensura
937 3649 1190 3695 servatur
1235 3651 1290 3697 et
1331 3642 1526 3698 modus
1568 3643 1845 3714 legitimus

257 3735 593 3796 custoditur,
652 3734 744 3790 Dei
791 3735 1080 3788 clementia
1127 3734 1467 3803 ingrediendi
1501 3735 1556 3789 in
1589 3735 1838 3790 homines

257 3839 371 3877 non
403 3826 484 3880 eis
525 3825 714 3879 tribuit
760 3824 1098 3880 facultatem.
1143 3825 1245 3880 Ubi
1278 3842 1409 3881 vero
1451 3834 1545 3880 aut
1586 3841 1742 3881 mens
1773 3827 1843 3881 ad

258 3913 594 3982 impietatem
629 3915 1013 3978 declinaverit,
1067 3923 1162 3968 aut
1201 3931 1405 3986 corpus
1454 3917 1840 3972 immoderatis

254 4005 400 4060 cibis
437 4020 500 4058 ac
535 4007 755 4076 potibus
791 4008 1201 4077 adimplebitur,
1251 4017 1514 4079 tanquam
1558 4011 1843 4066 voluntate

256 4103 314 4150 et
361 4100 646 4166 proposito
687 4115 876 4153 eorum
925 4101 1020 4170 qui
1063 4116 1123 4155 se
1167 4102 1243 4155 ita
1277 4102 1560 4172 negligunt
1589 4103 1838 4167 invitati,

257 4187 421 4256 quasi
450 4189 740 4244 adversum
772 4206 868 4246 eos
897 4192 992 4261 qui
1034 4207 1064 4246 a
1108 4192 1218 4248 Deo
1249 4194 1486 4263 positam
1519 4195 1693 4264 legem
1728 4196 1843 4251 sol-

253 4280 466 4344 verint,
501 4281 779 4351 accipiunt
810 4283 1147 4340 facultatem.

328 4370 492 4428 XVII.
534 4372 746 4429 Videtis
784 4391 914 4447 ergo
957 4387 1225 4447 quantum
1270 4379 1449 4433 valeat
1495 4378 1702 4450 agnitio
1745 4379 1838 4435 Dei

1961 518 2159 572 Anima
2189 520 2337 574 enim
2383 534 2510 575 cum
2555 520 2766 574 venerit
2805 519 2873 574 ad
2919 519 3078 574 Iidem
3111 519 3238 583 Dei,
3281 521 3535 578 caelestis

1963 624 2118 678 aquae
2149 610 2409 664 virtutem
2453 610 2836 678 consequitur,
2885 625 2982 680 per
3021 625 3186 680 quam
3234 610 3537 666 daemonem

1961 706 2221 767 tanquam
2250 700 2542 755 scintillam
2575 701 2718 771 ignis
2747 702 3080 771 exstinguat.

2033 791 2221 847 XVIII.
2261 792 2357 847 Est
2388 808 2517 864 ergo
2551 792 2675 847 fidei
2723 809 3016 857 mensura,
3061 808 3182 863 qua:
3226 793 3271 848 si
3321 793 3535 865 integra

1962 885 2035 940 sit
2056 924 2071 949 ,
2103 900 2169 940 ex
2202 885 2417 956 integro
2448 885 2516 939 de
2544 886 2729 939 anima
2763 885 3064 940 daemonem
3096 884 3289 957 fugat;
3323 885 3370 939 si
3401 901 3534 941 vero

1963 975 2144 1029 minus
2194 974 2403 1045 aliquid
2451 975 2682 1039 habeat,
2729 976 2936 1032 residet
2986 977 3165 1030 adhuc
3211 975 3417 1046 aliquid
3466 975 3536 1031 de

1961 1068 2210 1136 portione
2243 1067 2510 1122 daemonis
2542 1067 2597 1122 in
2643 1070 2893 1138 portione
2935 1068 3310 1133 inﬁdelitatis,
3355 1078 3407 1123 et
3450 1076 3538 1123 est

1963 1158 2238 1227 plurimus
2280 1161 2460 1225 labor,
2521 1169 2580 1215 ut
2628 1162 2901 1232 intelligat
2947 1163 3129 1216 anima
3177 1163 3395 1233 quando
3441 1171 3538 1216 aut

1961 1252 2217 1320 qualiter,
2265 1252 2312 1307 si
2361 1253 2517 1320 plene
2558 1262 2654 1308 aut
2700 1257 2883 1309 minus
2928 1255 3085 1324 plene
3114 1270 3182 1308 ex
3213 1269 3272 1310 se
3318 1252 3537 1325 fugatus

1961 1342 2032 1395 sit
2062 1341 2296 1397 daemon.
2332 1341 2390 1396 Si
2422 1343 2564 1397 enim
2600 1344 2653 1397 in
2686 1345 2868 1414 aliqua
2897 1355 3049 1415 parte
3078 1345 3378 1410 resederit,
3409 1361 3538 1400 cum

1962 1439 2176 1502 tempus
2206 1433 2480 1499 inveniet,
2509 1435 2869 1506 cogitationes
2898 1437 3123 1508 subjicit
3148 1437 3406 1493 cordibus
3436 1438 3540 1491 ho-

1961 1527 2169 1580 minum
2195 1569 2210 1592 ,
2245 1535 2298 1582 et
2327 1526 2408 1582 illi
2441 1529 2753 1585 nescientes
2783 1530 2930 1585 unde
2963 1531 3079 1585 haec
3113 1532 3363 1592 veniant,
3407 1546 3540 1600 sug-

1958 1618 2299 1687 gestionibus
2341 1619 2644 1677 daemonum
2694 1621 2853 1692 quasi
2893 1622 3088 1677 animae
3141 1637 3254 1678 suae
3281 1623 3536 1678 sensibus

1959 1707 2210 1763 credunt.
2244 1707 2562 1782 Suggerunt
2587 1727 2718 1782 ergo
2751 1713 2877 1769 aliis
2920 1714 3214 1770 occasione
3257 1729 3539 1785 corporeae

1956 1801 2304 1858 necessitatis
2361 1804 2587 1861 delicias
2646 1807 2832 1876 sequi,
2892 1808 3124 1862 aliorum
3183 1807 3527 1862 iracundiam

1955 1901 2223 1948 excusant
2248 1910 2346 1964 per
2373 1896 2763 1951 abundantiam
2795 1897 2939 1955 fellis
2959 1939 2973 1963 ,
3005 1899 3234 1953 aliorum
3262 1899 3536 1954 insaniam

1957 1985 2098 2054 nigri
2127 1984 2270 2042 fellis
2298 1988 2643 2043 vehementia
2688 1990 2973 2050 colorant.
3009 1990 3103 2046 sed
3146 1997 3201 2046 et
3246 1991 3536 2048 stultitiam

1955 2079 2317 2148 quorumdam
2341 2095 2440 2150 pro
2463 2081 2813 2138 multitudine
2839 2083 3164 2154 phlegmatis
3214 2091 3532 2138 extenuant.

1955 2165 2113 2233 Quod
2162 2169 2265 2223 etsi
2312 2169 2388 2222 ita
2438 2181 2614 2235 esset,
2659 2179 2844 2227 tamen
2889 2172 3005 2227 haec
3048 2173 3266 2244 singula
3303 2174 3535 2228 molesta

1955 2262 2172 2332 corpori
2201 2278 2326 2318 esse
2354 2276 2464 2318 non
2499 2271 2740 2332 possent,
2767 2263 2876 2320 nisi
2899 2279 2965 2320 ex
2992 2265 3239 2320 ciborum
3266 2273 3529 2336 potuum-

1954 2368 2060 2424 que
2116 2354 2432 2418 nimietate,
2487 2357 2578 2421 qui
2636 2370 2763 2410 cum
2804 2356 2956 2425 justo
3019 2357 3256 2426 amplius
3303 2372 3536 2412 sumun-

1953 2454 2066 2511 tur,
2100 2447 2436 2501 abundantia
2471 2463 2662 2502 eorum
2710 2463 2874 2518 quam
2914 2449 3223 2518 decoquere
3267 2451 3534 2505 naturalis

1954 2553 2064 2593 non
2095 2538 2292 2593 suIIieit
2318 2539 2493 2602 calor,
2527 2539 2806 2594 crudescit
2834 2539 2890 2594 in
2918 2555 3189 2594 venenum
3219 2539 3528 2610 quoddam,

1955 2631 2119 2701 idque
2147 2631 2454 2686 visceribus
2487 2631 2755 2701 venisque
2787 2631 3040 2685 omnibus
3071 2631 3299 2685 sentina:
3329 2635 3381 2684 In
3414 2644 3534 2685 mo-

1954 2723 2085 2778 dum
2119 2725 2439 2779 redundans
2463 2764 2477 2787 ,
2513 2732 2696 2778 motus
2729 2723 2981 2793 corporis
3011 2721 3237 2778 insanos
3266 2722 3445 2777 reddit
3474 2729 3533 2776 et

1955 2824 2166 2885 turpes.
2218 2815 2452 2886 Propter
2498 2818 2644 2886 quod
2693 2817 2750 2870 in
2801 2815 3058 2870 omnibus
3096 2825 3180 2871 est
3234 2815 3532 2870 obtinenda

1954 2909 2294 2978 parcimonia
2320 2948 2335 2972 ,
2369 2916 2429 2961 ut
2461 2923 2636 2978 neque
2667 2907 3008 2962 daemonibus
3041 2907 3195 2963 locus
3227 2907 3402 2971 detur,
3433 2922 3532 2961 ne-

1955 3017 2062 3071 que
2093 3002 2274 3056 anima
2303 3001 2373 3055 ab
2402 3001 2484 3056 eis
2529 3002 2755 3055 obsessa
2802 3013 2911 3053 una
2946 3013 3072 3053 cum
3111 2999 3248 3068 ipsis
3278 2997 3532 3052 tradatur

1955 3094 2178 3148 aeternis
2213 3093 2434 3161 ignibus
2465 3092 2782 3146 crucianda.

2023 3185 2165 3242 XIX.
2209 3185 2306 3241 Est
2333 3192 2388 3240 et
2419 3185 2562 3239 alius
2593 3200 2749 3238 error
2777 3183 3087 3239 daemonum
3107 3222 3122 3248 ,
3153 3196 3316 3252 quem
3350 3179 3528 3251 subji-

1949 3281 2104 3334 ciunt
2135 3279 2393 3334 sensibus
2426 3277 2746 3340 hominum,
2792 3281 2852 3329 ut
2884 3281 3076 3345 putent
3107 3289 3166 3329 se
3199 3273 3267 3328 ab
3304 3273 3390 3327 his
3427 3273 3527 3343 qui

1949 3371 2213 3426 dicuntur
2241 3371 2315 3425 dii
2347 3369 2557 3440 perpeti
2589 3383 2710 3437 quae
2737 3367 3040 3438 patiuntur,
3070 3380 3179 3435 quo
3229 3380 3324 3434 per
3368 3364 3482 3418 haec
3507 3403 3524 3427 ,

1952 3463 2229 3521 sacrificia
2259 3461 2549 3517 offerentes
2580 3469 2634 3516 et
2667 3473 2893 3514 munera
2918 3498 2933 3523 ,
2967 3458 3127 3528 quasi
3155 3455 3527 3528 repropitian-

1947 3560 2032 3606 tes
2062 3566 2197 3613 eos,
2255 3551 2464 3605 cultum
2523 3550 2674 3603 falsae.
2723 3547 3010 3619 religionis
3061 3546 3365 3613 atlirment,
3423 3561 3526 3600 nos

1947 3657 2084 3697 vero
2114 3641 2394 3712 refugiant
2426 3640 2521 3714 qui
2550 3655 2651 3711 pro
2676 3639 2853 3694 salute
2879 3651 3070 3692 eorum
3101 3635 3399 3705 satagimus
3419 3674 3434 3698 ,
3466 3641 3528 3688 ut

1946 3733 2016 3788 ab
2062 3746 2247 3787 errore
2290 3732 2633 3797 liberentur;
2691 3729 2791 3786 sed
2836 3729 2976 3792 hoc,
3021 3735 3082 3782 ut
3121 3727 3268 3792 dixi,
3316 3726 3528 3781 faciunt

1946 3823 2268 3896 ignorantes
2298 3824 2445 3894 quod
2476 3824 2752 3878 daemones
2785 3822 2892 3876 ista
2924 3820 3030 3876 sibi
3072 3828 3404 3891 suggerant,
3454 3835 3525 3874 ne

1947 3917 2252 3972 salventur.
2312 3914 2409 3970 Est
2457 3929 2588 3986 ergo
2629 3914 2686 3970 in
2731 3920 3004 3984 potestate
3051 3911 3522 3981 uniuscujusque,

1943 4010 2074 4080 quia
2104 4008 2263 4064 liberi
2307 4008 2523 4062 arbitrii
2556 4007 2734 4062 factus
2768 4015 2854 4061 est
2899 4005 3063 4059 homo
3084 4043 3101 4070 ,
3133 4012 3316 4058 utrum
3361 4004 3524 4058 nobis

1942 4103 2076 4157 velit
2107 4102 2297 4156 audire
2330 4102 2395 4154 ad
2422 4102 2590 4154 vitam
2613 4141 2628 4166 ,
2659 4115 2727 4154 an
2753 4097 3094 4153 dazmonibus
3119 4096 3184 4151 ad
3216 4095 3521 4150 interitum.

1945 4190 2090 4245 Aliis
2119 4191 2280 4246 etiam
2314 4190 2594 4244 daemones
2624 4190 2680 4244 in
2709 4188 2831 4243 visu
2860 4203 2955 4258 per
2981 4186 3228 4242 diversas
3259 4185 3523 4255 imagines

1944 4291 2313 4353 apparentes,
2354 4282 2629 4337 interdum
2661 4281 2840 4334 minas
2885 4278 3209 4340 intendunt,
3247 4277 3521 4331 interdum

1942 4377 2208 4431 sanitates
2236 4374 2775 4429 incommoditatibus
2804 4373 3156 4443 pollicentur,
3186 4379 3246 4425 ut
3273 4370 3359 4424 his
3380 4385 3522 4440 quos

251 4470 311 4517 et
341 4464 542 4518 divina:
585 4466 869 4536 religionis
911 4469 1266 4524 observantia
1291 4510 1305 4534 ,
1341 4486 1461 4540 quae
1502 4487 1612 4524 non
1657 4472 1838 4526 solum
1872 4467 1915 4520 D
1945 4469 2230 4539 decipiunt
2260 4469 2488 4522 deorum
2519 4466 2880 4521 nihilominus
2911 4465 2979 4520 de
3010 4481 3071 4519 se
3117 4465 3364 4519 inserant
3401 4463 3513 4533 opi-

251 4555 504 4610 defendit
535 4559 820 4614 credentes
852 4561 920 4615 ab
951 4562 1364 4617 incursionibus
1412 4563 1703 4627 daemonii,
1747 4578 1846 4618 ve-

251 4664 375 4701 rum
407 4657 461 4704 et
495 4650 766 4720 imperare
822 4669 918 4707 eos
971 4653 1101 4708 facit
1141 4655 1228 4709 his
1273 4655 1366 4724 qui
1409 4656 1623 4710 caeteris
1666 4656 1843 4710 domi-

251 4751 478 4798 nantur.
512 4743 575 4798 Et
607 4745 730 4798 ideo
758 4749 1132 4801 necessarium
1158 4748 1315 4804 vobis
1341 4755 1452 4816 est,
1483 4749 1577 4818 qui
1608 4751 1743 4803 estis
1773 4764 1841 4804 ex

249 4833 544 4906 gentibus,
577 4835 874 4906 confugere
905 4839 971 4891 ad
1004 4838 1172 4893 Deum
1205 4847 1258 4895 et
1286 4841 1583 4896 observare
1631 4858 1730 4898 vos
1764 4843 1834 4897 ab

245 4926 404 4979 omni
437 4927 783 4982 immunditia
806 4969 821 4992 ,
855 4937 916 4984 ut
955 4931 1201 5001 expulsis
1235 4932 1574 4988 daemonibus
1603 4933 1695 4989 Dei
1727 4935 1830 4988 ha-

245 5021 448 5076 bitatio
482 5021 575 5075 fiat
608 5025 664 5077 in
693 5026 870 5080 vobis.
903 5027 1078 5081 Simul
1105 5039 1160 5082 et
1185 5029 1528 5084 orationibus
1559 5046 1834 5086 commen-

245 5111 378 5167 date
407 5129 504 5168 vos
550 5113 697 5179 Deo,
745 5124 800 5170 et
844 5119 1189 5189 interpellate
1231 5136 1354 5175 eum
1399 5120 1688 5176 adversum
1728 5123 1832 5176 im-

246 5205 567 5275 pudentiam
602 5207 908 5263 daemonum
937 5227 952 5276 ;
984 5211 1271 5266 credentes
1300 5213 1446 5266 enim
1481 5229 1830 5285 quaecunque

243 5300 519 5367 petieritis
539 5340 553 5362 ,
585 5303 866 5372 accipietis
891 5304 957 5358 ὀ.
988 5303 1093 5359 Sed
1114 5313 1167 5360 et
1193 5307 1293 5375 ipsi
1321 5307 1598 5363 daemones
1622 5317 1829 5380 quanto

241 5391 485 5445 viderint
517 5393 678 5447 fidem
707 5410 961 5451 crescere
993 5398 1046 5450 in
1078 5398 1329 5462 lminine,
1363 5407 1517 5454 tanto
1548 5402 1616 5456 ab
1648 5417 1713 5454 eo
1739 5418 1828 5456 re-

242 5481 461 5549 fugiunt
490 5483 545 5536 in
572 5499 634 5538 ea
668 5487 842 5539 solum
876 5497 1029 5556 parte
1057 5489 1363 5544 residentes
1383 5531 1398 5555 ,
1430 5493 1484 5546 in
1509 5509 1614 5562 qua
1645 5493 1825 5547 adhuc

240 5570 450 5640 aliquid
482 5572 817 5629 infidelitatis
842 5578 1142 5647 resederit;
1172 5579 1241 5634 ab
1267 5578 1353 5635 his
1380 5596 1510 5636 vero
1540 5582 1633 5655 qui
1663 5582 1824 5653 plena

355 5751 400 5781 “
433 5750 619 5805 Matth.
655 5769 768 5817 χιι,
801 5752 891 5806 22.

446 5849 716 5909 ΡΑτιλοιι.
765 5848 880 5909 Gn.
935 5848 981 5912 I.

1945 4562 2165 4617 nionem
2187 4599 2202 4624 ,
2234 4568 2290 4615 et
2323 4560 2470 4630 quod
2502 4560 2611 4614 sint
2638 4560 2915 4614 daemones
2947 4559 3247 4629 ignoretur.
3284 4556 3386 4610 Sed
3421 4571 3522 4611 nos

1944 4671 2056 4710 non
2086 4657 2287 4719 latent,
2318 4655 2555 4710 scientes
2582 4655 2904 4725 mysterium
2936 4659 3204 4708 creaturae
3223 4692 3238 4716 ,
3273 4659 3326 4706 et
3355 4667 3520 4721 quam

1945 4751 2016 4804 ob
2045 4763 2270 4804 causam
2303 4748 2643 4802 daemonibus
2675 4747 2790 4801 haec
2817 4761 2980 4817 agere
3021 4744 3077 4798 in
3122 4743 3375 4815 praesenti
3417 4759 3523 4799 sa:-

1944 4841 2072 4895 culo
2100 4840 2471 4909 permittatur,
2507 4845 2566 4890 ut
2597 4837 2682 4891 vel
2714 4834 3100 4889 transformari
3130 4834 3212 4887 eis
3256 4832 3418 4885 liceat
3462 4831 3520 4884 in

1941 4946 2082 5002 quas
2105 4931 2298 4985 volunt
2323 4929 2588 5000 imagines
2608 4968 2622 4992 ,
2656 4928 2742 4982 vel
2771 4941 3061 4997 suggerere
3086 4939 3282 4995 pravas
3303 4923 3518 4991 cogita-

1936 5029 2112 5082 tiones
2134 5066 2148 5088 ,
2177 5024 2262 5079 vel
2290 5023 2533 5078 inserere
2564 5037 2623 5077 se
2653 5037 2749 5091 per
2776 5021 2930 5076 cibos
2959 5026 3012 5074 et
3037 5027 3224 5090 potum
3255 5017 3357 5073 sibi
3385 5033 3519 5072 con-

1935 5128 2211 5174 secratum
2249 5118 2532 5171 mentibus
2561 5115 2644 5170 vel
2678 5114 3008 5183 corporibus
3043 5127 3233 5167 eorum
3258 5153 3274 5177 ,
3308 5110 3402 5180 qui
3446 5125 3517 5165 ex

1931 5229 1999 5268 eo
2029 5211 2401 5282 sumpserint,
2435 5209 2520 5263 vel
2549 5207 2616 5261 ad
2653 5205 2782 5260 idoli
2829 5203 3067 5273 alicujus
3108 5204 3514 5260 venerationem

1936 5307 2148 5363 somnia
2176 5319 2315 5359 vana
2345 5302 2678 5374 confingere.

2008 5398 2127 5454 XX.
2170 5399 2235 5451 Et
2264 5405 2446 5452 tamen
2476 5398 2601 5467 quis
2633 5397 2705 5449 ita
2741 5395 2862 5450 sine
2897 5407 3064 5449 sensu
3094 5390 3389 5447 invenitur,
3419 5387 3510 5442 cui

1933 5491 2257 5563 persuaderi
2292 5491 2522 5552 debeat,
2559 5497 2620 5542 ut
2651 5487 2856 5541 idolum
2890 5486 3069 5549 colat,
3103 5484 3219 5539 sive
3261 5479 3394 5535 illud
3437 5494 3506 5534 ex

1933 5596 2067 5638 auro
2100 5585 2214 5637 sive
2242 5596 2309 5636 ex
2342 5579 2587 5651 quolibet
2617 5577 2839 5633 metallo
2869 5576 3072 5631 factum
3104 5573 3220 5630 sit?
3245 5571 3350 5626 Cui
3391 5584 3503 5624 nou

3119 5843 3196 5903 32
