3888 6192
382 292 527 349 1525

1305 294 1360 348 S.
1397 288 1797 348 CLEMENTIS
1834 287 1855 343 1
1886 289 2054 346 ROM.
2093 287 2295 344 PONT.
2334 286 2561 342 OPERA
2596 285 2821 341 DUBIA.

3500 288 3523 340 ι
3534 287 3631 342 ΞΞΞ

378 413 562 484 palam
590 410 758 467 estid
780 426 902 467 esse
932 411 1067 466 illud
1100 411 1381 466 metallum
1401 452 1416 473 ,
1448 409 1597 479 quod
1628 407 1826 463 artifex
1861 422 1955 460 νο·
1985 413 2032 467 Α
2059 404 2254 476 agendi
2303 411 2517 457 tantum
2565 403 2859 460 adversum
2908 418 3010 458 nos
3034 445 3049 467 ,
3103 410 3158 458 et
3201 402 3337 457 nihil
3377 403 3638 472 loquendi

332 558 339 581 ί
380 504 525 559 luit?
563 500 852 570 Quomodo
896 498 1027 572 ergo
1072 503 1254 557 inesse
1298 502 1372 556 ibi
1411 502 1674 555 divinitas
1716 498 1958 568 putanda

381 603 469 651 est
490 634 506 659 ,
537 594 687 665 quod
723 595 772 649 si
804 594 1077 649 noluisset
1108 592 1305 647 artifex
1325 633 1341 657 ,
1375 592 1603 646 omnino
1634 606 1743 646 non
1773 592 1963 646 esset?

382 694 479 741 aut
520 685 796 757 quomodo
840 684 966 740 inde
1002 684 1188 738 futura
1222 684 1327 740 sibi
1357 684 1675 737 annuutiari
1706 691 1959 751 sperent,

384 778 481 833 ubi
513 794 615 833 nec
646 775 1001 847 praesentium
1034 775 1236 845 aliquis
1272 775 1584 828 intellectus
1615 774 1739 827 est?
1766 772 1964 839 Quam-

392 871 478 923 vis
519 869 738 923 etiamsi
787 866 995 937 aliquid
1040 866 1383 927 divinarent,
1427 880 1537 919 non
1578 866 1841 919 continuo
1884 863 1961 918 dii

384 959 576 1014 haberi
606 971 859 1030 possent;
887 958 1017 1028 quia
1044 958 1190 1012 aliud
1218 966 1301 1012 est
1323 957 1621 1019 divinatio,
1648 957 1793 1012 aliud
1819 955 1962 1010 divi-

386 1050 554 1105 nitas.
585 1046 725 1101 Nam
756 1055 812 1101 et
842 1046 1120 1118 Pythones
1153 1046 1402 1100 divinare
1433 1046 1711 1109 videntur,
1753 1052 1808 1098 et
1853 1059 1963 1098 non

385 1144 650 1197 continuo
682 1139 759 1194 dii
792 1147 958 1203 sunt,
1001 1138 1237 1208 denique
1285 1152 1318 1192 a
1356 1136 1687 1193 Christianis
1728 1136 1965 1190 homini—

385 1236 494 1290 bus
520 1233 837 1303 effugantur
870 1232 947 1303 (5)
972 1251 988 1299 ;
1015 1242 1070 1286 et
1096 1230 1373 1302 quomodo
1405 1230 1551 1286 Deus
1592 1238 1709 1294 est,
1742 1230 1837 1299 qui
1880 1227 1967 1283 fl]?

387 1334 549 1397 gatur
579 1326 649 1380 ab
679 1324 945 1379 homine?
978 1322 1086 1379 Sed
1128 1324 1270 1378 dicis
1319 1323 1595 1377 fortasse:
1641 1322 1776 1390 quid
1815 1321 1965 1391 quod

386 1419 653 1475 sanitates
684 1416 927 1471 elliciunt
946 1456 962 1480 ,
993 1425 1050 1471 et
1081 1417 1355 1486 quomodo
1384 1418 1508 1486 quis
1533 1424 1755 1471 curetur
1780 1424 1967 1471 osten-

386 1508 571 1564 dunt?
601 1507 715 1561 Hac
758 1507 974 1563 ratione
1017 1507 1234 1562 colendi
1278 1514 1407 1562 sunt
1449 1507 1616 1562 etiam
1661 1505 1857 1565 medici
1908 1514 1967 1560 ut

387 1598 495 1661 dii,
524 1598 728 1653 multos
756 1598 902 1653 enim
945 1605 1177 1663 sanant,
1223 1605 1277 1650 et
1321 1604 1527 1667 quanto
1568 1596 1694 1667 quis
1735 1597 1966 1667 peritior

387 1688 589 1754 fuerit,
624 1697 780 1744 tanto
813 1690 1001 1759 plures
1039 1689 1277 1744 sanabit.

2062 496 2294 551 facultas
2323 496 2409 551 eis
2449 510 2714 551 concessa
2759 496 3056 551 videretur.
3107 495 3267 549 Nunc
3316 503 3499 550 autem
3549 498 3637 549 ubi

2060 586 2355 655 aliquando
2402 600 2562 649 vera,
2611 586 2906 655 aliquando
2953 585 3091 641 falsa
3138 586 3420 649 dicuntur,
3473 586 3642 640 debe-

2060 693 2184 733 mus
2209 691 2537 748 agnoscere,
2564 684 2624 731 ut
2647 679 2902 747 superius
2926 678 3040 732 dixi
3060 717 3076 743 ,
3103 679 3411 732 daemonum
3440 684 3500 732 et
3534 694 3642 732 non

2063 768 2160 824 Dei
2204 784 2328 824 esse
2375 784 2670 838 responsa,
2723 771 2867 838 apud
2906 785 3069 839 quem
3111 768 3458 824 mendacium
3502 786 3645 825 nun-

2064 876 2231 932 quam
2262 870 2368 917 est.

2134 953 2323 1010 XXIII.
2358 954 2515 1021 Quod
2545 956 2589 1010 si
2617 954 2893 1011 curiosius
2920 955 3047 1025 quis
3071 956 3430 1027 progrediens
3456 956 3647 1011 dicat:

2064 1045 2208 1113 Quid
2238 1048 2387 1103 enim
2419 1064 2559 1118 opus
2588 1055 2707 1103 erat
2739 1048 3058 1116 hujusmodi
3090 1050 3231 1102 mala
3270 1064 3300 1102 a
3334 1047 3449 1103 Deo
3484 1050 3605 1102 fieri
3628 1088 3647 1111 ,

2064 1141 2267 1210 quibus
2291 1140 2357 1193 ad
2388 1139 2787 1195 subvertendas
2812 1150 3024 1195 mentes
3040 1141 3309 1197 humanas
3322 1150 3483 1195 tanta
3499 1152 3648 1197 esset

2066 1232 2343 1287 intentio?
2377 1232 2504 1289 Haec
2534 1233 2863 1304 preponenti
2908 1235 3369 1303 respondebimus
3400 1252 3413 1287 :
3462 1235 3649 1303 requi-

2065 1324 2296 1380 rendum
2340 1341 2465 1381 esse
2515 1326 2693 1395 primo
2745 1327 3031 1389 omnium,
3084 1330 3130 1380 si
3181 1334 3268 1381 est
3324 1326 3542 1396 aliquid
3593 1327 3651 1379 in

2067 1417 2378 1471 substantia
2411 1419 2639 1473 malum.
2672 1418 2736 1471 Et
2771 1420 3025 1488 quamvis
3056 1418 3327 1473 suIIiceret
3358 1417 3551 1473 dicere
3582 1417 3650 1470 ad

2066 1521 2223 1571 eum,
2256 1507 2386 1576 quia
2416 1522 2525 1561 non
2557 1518 2641 1562 est
2680 1508 3015 1562 conveniens
3048 1516 3108 1561 ut
3139 1515 3397 1561 creatura
3441 1507 3653 1576 iudicet

2058 1597 2370 1654 Creatorem
2392 1639 2406 1661 ,
2443 1599 2538 1654 sed
2566 1600 2713 1654 illius
2741 1611 2826 1653 est
2848 1599 3096 1667 judicare
3122 1614 3260 1668 opus
3284 1599 3528 1653 alienum
3559 1599 3651 1668 qui

2071 1698 2166 1744 aut
2192 1690 2389 1745 similis
2425 1689 2644 1744 artificii
2672 1698 2769 1744 aut
2789 1691 2987 1745 similis
3022 1690 3275 1758 potentia:
3300 1698 3390 1743 est
3418 1708 3433 1753 ;
3470 1697 3649 1742 tamen

461 1751 599 1834 XXI.
642 1780 797 1835 Unde
813 1751 1038 1835 constat
1057 1820 1073 1845 ,
1101 1781 1236 1835 istos
1261 1796 1386 1835 cum
1414 1782 1525 1835 sint
1544 1780 1831 1836 daemonici
1854 1782 1965 1853 spi-
1996 1751 2042 1811 Β
2068 1796 2138 1835 ne
2167 1780 2590 1835 circuitionibus
2618 1788 2861 1844 utamur,
2892 1751 3141 1837 absolute
3170 1751 3501 1835 dicimus-in
3532 1781 3654 1836 sub-

386 1871 535 1926 ritus
561 1910 577 1936 ,
610 1879 666 1926 et
700 1872 875 1925 multo
905 1872 1072 1925 cilius
1103 1871 1245 1926 scire
1278 1872 1460 1943 aliqua
1495 1879 1549 1927 et
1579 1873 1754 1926 multo
1782 1873 1964 1942 perfe-

388 1967 535 2017 ctius
562 1981 576 2028 ;
608 1978 716 2017 non
749 1965 896 2019 enim
944 1962 1011 2016 ad
1052 1962 1375 2018 discendum
1416 1964 1674 2020 tarditate
1717 1965 1966 2034 corporis

387 2056 776 2127 degravantur.
810 2058 874 2113 Et
905 2060 1028 2115 ideo
1055 2076 1177 2132 qua:
1204 2060 1401 2116 medici
1434 2062 1598 2130 longe
1630 2069 1882 2130 tempore
1911 2065 1967 2114 et

386 2146 575 2203 labore
609 2150 844 2219 plurimo
872 2161 1226 2223 assequntur,
1258 2152 1375 2207 ba2c
1420 2152 1499 2219 illi
1542 2160 1802 2221 tanquam
1848 2152 1966 2221 spi-

385 2239 533 2295 ritus
554 2281 569 2306 ,
600 2242 809 2312 absque
842 2258 996 2298 mora
1026 2246 1133 2299 ulla
1163 2254 1218 2300 et
1263 2246 1471 2315 absque
1513 2244 1831 2299 diﬂicultate
1874 2259 1968 2297 eo-

389 2340 688 2400 gnoscunt.
723 2332 840 2387 Non
882 2350 1015 2406 ergo
1057 2337 1256 2390 mirum
1303 2343 1425 2400 est,
1477 2337 1525 2391 si
1585 2336 1710 2406 plus
1760 2336 1967 2406 aliquid

386 2436 553 2494 quam
601 2422 850 2479 homines
898 2427 1120 2491 sciunt;
1175 2425 1272 2481 sed
1314 2426 1419 2484 hoc
1465 2426 1793 2481 intuendum
1844 2435 1964 2492 est,

391 2514 543 2583 quod
573 2530 636 2568 ea
672 2531 794 2585 qua:
839 2518 1062 2581 sciunt,
1112 2534 1220 2572 non
1256 2518 1321 2572 ad
1357 2520 1587 2573 salutem
1621 2520 1713 2575 sed
1760 2520 1827 2574 ad
1872 2522 1970 2575 de-

385 2603 694 2671 captionem
730 2606 1016 2674 proferunt
1067 2609 1375 2661 animarum
1408 2648 1422 2670 ,
1474 2619 1533 2663 ut
1576 2624 1672 2678 per
1717 2611 1831 2664 haec
1875 2626 1969 2667 eas

394 2694 604 2748 cultum
654 2693 805 2750 falsa:
854 2698 1137 2767 religionis
1184 2699 1467 2756 edoceant.
1524 2701 1631 2755 Sed
1678 2700 1855 2766 Deus,
1904 2717 1971 2757 ne

391 2793 562 2840 tanta:
589 2784 932 2857 deceptionis
960 2805 1116 2845 error
1149 2791 1342 2846 lateret
1385 2801 1438 2847 et
1487 2793 1807 2848 errantibus
1856 2794 1973 2861 ipse

392 2891 561 2931 causa
587 2877 863 2933 videretur
889 2881 1127 2937 existere
1144 2924 1159 2947 ,
1185 2883 1277 2953 qui
1310 2891 1521 2938 tantum
1547 2884 1626 2940 eis
1656 2885 1819 2939 licere
1848 2900 1974 2956 per-

396 2968 589 3032 misit,
627 2976 687 3023 ut
716 2986 812 3040 per
838 2971 1243 3040 divinationes,
1276 2991 1373 3045 per
1418 2976 1737 3032 curationes
1777 2986 1830 3030 et
1879 2992 1975 3047 per

391 3059 606 3113 somnia
636 3060 885 3132 decipere
918 3064 1173 3120 homines
1222 3066 1479 3135 possint,
1513 3067 1818 3122 clementia:
1862 3083 1975 3123 suae

389 3151 693 3205 remedium
718 3154 956 3223 providit
973 3155 1309 3219 hominibus,
1336 3167 1390 3211 et
1414 3157 1827 3212 distinctionem
1852 3158 1973 3213 falsi

393 3242 619 3313 verique
677 3244 822 3299 scire
880 3246 1232 3317 cupientibus
1292 3250 1348 3304 in
1414 3252 1706 3321 propatulo
1771 3251 1972 3321 posuit.

400 3330 497 3388 Est
528 3351 661 3405 ergo
695 3337 802 3392 ista
833 3338 1117 3395 distinctio
1154 3341 1230 3409 (4)
1261 3359 1275 3395 :
1311 3340 1469 3407 Quod
1515 3360 1545 3397 a
1590 3358 1720 3398 vero
1754 3344 1864 3400 Deo
1894 3344 1979 3398 di-

396 3426 547 3481 (itur
576 3430 691 3485 sive
718 3447 816 3501 per
847 3433 1143 3502 prophetas
1164 3475 1180 3501 ,
1212 3436 1325 3489 sive
1372 3451 1471 3505 per
1517 3438 1758 3493 visiones
1795 3438 1979 3493 diver-

399 3533 494 3574 sas
516 3560 530 3583 ,
563 3537 779 3593 semper
808 3540 997 3579 verum
1029 3534 1113 3580 est
1139 3545 1152 3582 :
1186 3527 1334 3597 quod
1366 3538 1546 3583 autem
1577 3544 1605 3581 a
1637 3529 1978 3588 daemonibus

396 3614 733 3682 praedicitur,
766 3633 874 3672 non
916 3634 1131 3689 semper
1174 3636 1364 3675 verum
1404 3631 1509 3677 est.
1558 3622 1653 3679 Est
1694 3640 1825 3695 ergo
1865 3626 1979 3680 evi-

396 3708 579 3765 dentis
613 3711 802 3765 indicii
824 3753 838 3777 ,
874 3729 983 3767 non
1016 3730 1045 3767 a
1075 3730 1206 3771 vero
1235 3716 1346 3771 Deo
1382 3718 1490 3771 dici
1524 3732 1618 3781 ea,
1672 3719 1727 3772 in
1775 3721 1978 3789 quibus

400 3800 701 3869 aliquando
732 3803 1076 3857 mendacium
1110 3814 1222 3871 est,
1271 3806 1327 3859 in
1378 3808 1611 3861 veritate
1654 3808 1798 3861 enim
1837 3825 1979 3862 nun-

400 3906 567 3961 quam
600 3894 945 3948 mendacium
980 3902 1097 3959 cst,
1130 3895 1185 3950 in
1220 3898 1305 3951 his
1335 3906 1519 3953 autem
1557 3899 1650 3969 qui
1694 3902 1981 3955 mentiun-

398 3990 510 4047 tur,
546 3992 727 4054 potest
778 3986 1075 4058 aliquando
1119 3997 1175 4043 et
1223 3990 1473 4046 veritatis
1515 3991 1723 4061 aliquid
1776 3993 1983 4047 admis-

400 4075 548 4137 ceri,
582 4092 679 4147 per
707 4079 853 4148 quod
886 4081 1177 4135 mendacia
1210 4082 1559 4137 condiantur.

473 4166 637 4226 XXII.
677 4168 834 4236 Quod
876 4172 920 4227 si
965 4172 1113 4227 dicat
1164 4175 1401 4244 aliquis:
1451 4174 1591 4240 Quid
1638 4176 1784 4230 enim
1843 4188 1983 4248 opus

400 4268 522 4314 erat
556 4262 662 4315 hoc
693 4262 873 4333 ipsum
897 4304 912 4328 ,
942 4271 1001 4318 ut
1033 4264 1115 4320 eis
1140 4266 1550 4335 permitteretur
1575 4268 1658 4321 vel
1687 4269 1983 4338 aliquando

401 4367 593 4406 verum
626 4353 839 4418 dicere,
874 4362 928 4409 et
961 4371 1058 4425 per
1092 4357 1193 4411 hoc
1234 4364 1447 4411 tantum
1492 4374 1735 4413 errorem
1780 4374 1983 4416 morta-

2067 1873 2271 1929 stantia
2302 1873 2440 1927 nihil
2470 1888 2595 1928 esse
2626 1872 2777 1927 mali.
2822 1871 2979 1937 Quod
3023 1872 3070 1927 si
3115 1871 3189 1926 ita
3234 1880 3355 1933 est,
3391 1873 3654 1927 substan-

2066 1966 2266 2021 tiarum
2297 1966 2557 2020 conditor
2586 1964 2794 2019 frustra
2822 1966 3121 2035 culpatur?

2130 2057 2322 2115 XXIV.
2393 2058 2503 2113 Sed
2534 2073 2798 2112 occurres
2827 2059 2961 2111 mihi
2994 2067 3050 2113 et
3079 2058 3275 2112 dices:
3314 2054 3553 2111 Etiamsi
3588 2072 3655 2111 ex

2068 2150 2281 2204 arbitrii
2314 2150 2564 2205 libertate
2596 2150 2650 2204 in
2682 2150 2787 2204 hoc
2813 2162 3033 2205 ventum
3065 2157 3149 2204 est
3169 2189 3184 2211 ,
3217 2150 3472 2219 nunquid
3504 2151 3654 2219 igno—

2068 2243 2227 2297 rabat
2254 2243 2343 2297 ille
2367 2243 2461 2312 qui
2488 2243 2710 2297 creabat
2740 2259 2834 2296 eos
2855 2284 2870 2308 ,
2903 2243 3049 2311 quod
3082 2243 3135 2295 in
3170 2242 3375 2295 malum
3407 2242 3655 2296 declina-

2067 2335 2177 2388 turi
2210 2344 2397 2390 essent
2428 2350 2566 2404 quos
2598 2336 2821 2389 creabat
2846 2336 2869 2387 ?
2900 2334 3154 2405 Oportuit
3182 2351 3312 2405 ergo
3342 2350 3456 2388 nec
3483 2334 3657 2388 creari

2067 2442 2164 2483 eos
2182 2466 2197 2492 ,
2224 2443 2363 2498 quos
2388 2427 2707 2484 deviaturos
2734 2428 2802 2482 ab
2827 2428 3019 2484 itinere
3044 2428 3271 2499 justitiae
3296 2427 3651 2496 pnevidebat.

2069 2524 2309 2577 Audiant
2340 2525 2406 2577 ad
2437 2525 2553 2579 hare
2579 2525 2672 2595 qui
2708 2525 2783 2579 ita
2831 2533 3180 2595 preponunt,
3215 2524 3362 2594 quod
3397 2522 3655 2592 hujusce-

2070 2616 2219 2671 modi
2253 2615 2655 2671 assertionibus
2685 2616 2818 2669 illud
2853 2615 3023 2668 voluit
3050 2615 3343 2670 ostendere
3364 2654 3379 2678 ,
3420 2632 3523 2667 cur
3550 2630 3652 2667 non

2072 2709 2280 2763 malitia
2314 2723 2505 2762 eorum
2543 2709 2637 2778 qui
2674 2708 2917 2762 nondum
2948 2714 3140 2771 erant,
3176 2707 3485 2760 bonitatem
3517 2706 3654 2759 vice-

2074 2802 2146 2855 rit
2179 2800 2482 2855 Creatoris.
2520 2798 2579 2854 Si
2611 2803 2758 2855 enim
2795 2799 2983 2855 volens
3012 2799 3238 2868 implere
3266 2813 3565 2852 numerum
3602 2804 3652 2849 et

2074 2907 2390 2945 mensuram
2424 2892 2724 2946 crcationis
2759 2907 2907 2955 suae,
2944 2891 3292 2945 extimuisset
3317 2905 3518 2945 eorum
3564 2889 3651 2958 qui

2077 2984 2247 3039 futuri
2276 2994 2433 3040 erant
2463 2986 2758 3049 malitiam,
2789 2994 2841 3040 et
2888 2986 3047 3056 quasi
3088 2984 3181 3054 qui
3232 2983 3402 3036 aliam
3450 2983 3647 3037 nullam

2000 3099 2043 3155 ο
2079 3079 2323 3133 invenire
2353 3080 2498 3133 viam
2535 3079 2762 3133 remedii
2794 3094 2858 3132 ac
2888 3078 3176 3132 medicina:
3206 3077 3523 3146 potuisset,
3551 3075 3651 3129 nisi

2078 3169 2185 3223 hoc
2216 3170 2392 3224 solum
2425 3177 2485 3222 ut
2512 3168 2815 3222 retraheret
2846 3183 2905 3223 se
2934 3182 2965 3220 a
2997 3167 3275 3237 proposito
3299 3166 3563 3223 creandi.
3591 3181 3655 3219 ne

2078 3258 2183 3313 sibi
2219 3257 2589 3312 ascriberetur
2620 3256 2824 3309 malitia
2866 3271 3056 3310 eorutn
3101 3254 3196 3325 qui
3240 3252 3417 3306 futuri
3463 3260 3651 3315 erant;

2078 3349 2211 3420 quid
2239 3350 2389 3404 aliud
2419 3365 2515 3419 per
2549 3349 2665 3403 Itazc
2694 3348 3005 3409 doceretur,
3053 3346 3161 3399 nisi
3207 3343 3441 3413 indigna
3482 3341 3656 3412 passio

2077 3450 2133 3498 et
2176 3442 2437 3496 indecora
2481 3440 2752 3511 fragilitas
2799 3438 3152 3503 Conditoris,
3201 3438 3295 3506 qui
3354 3437 3435 3489 ita
3486 3434 3653 3505 perti-

2078 3534 2282 3589 muerit
2313 3549 2504 3589 eorum
2542 3542 2700 3587 actus
2734 3532 2826 3602 qui
2859 3530 3104 3585 nondum
3148 3537 3339 3593 erant,
3378 3536 3442 3582 ut
3475 3542 3505 3580 a
3533 3540 3651 3597 pro-

2079 3627 2257 3697 posita
2287 3624 2603 3680 conditione
2631 3626 2911 3678 cessaret?

2153 3717 2318 3772 XXV.
2360 3717 2465 3772 Sed
2493 3716 2581 3769 bis
2608 3715 2799 3785 procul
2826 3712 3025 3767 amotis
3055 3709 3188 3765 illud
3214 3709 3408 3762 animo
3432 3712 3658 3761 contem—

2080 3808 2317 3878 plemur,
2353 3807 2482 3876 quia
2522 3805 2665 3860 Deus
2697 3802 3077 3858 universitatis
3108 3798 3366 3854 conditor
3400 3793 3652 3851 conditio-

2082 3903 2169 3955 nis
2212 3914 2326 3956 sua:
2369 3899 2585 3953 futuras
2630 3895 2968 3951 differentias
2996 3892 3336 3963 praevidens,
3374 3887 3655 3953 unicuique

2081 4001 2348 4047 creaturae
2380 3989 2683 4045 secundum
2712 3987 2967 4057 proprios
3000 3991 3213 4047 motus,
3247 3998 3391 4051 quos
3422 3996 3487 4034 ex
3519 3976 3653 4031 arbi-

2082 4084 2174 4138 trii
2209 4084 2463 4138 libertate
2494 4080 2838 4152 proferebat,
2873 4075 3154 4148 prospexit
3182 4083 3236 4128 et
3289 4073 3544 4144 praevidit
3580 4067 3655 4121 di-

2081 4191 2273 4231 versos
2296 4174 2518 4229 ordines
2546 4180 2708 4242 atque
2732 4169 2907 4224 cilicia
2922 4168 3257 4229 'dill‘erentia,
3277 4174 3336 4218 ut
3361 4180 3486 4219 cum
3506 4160 3656 4215 unius

2081 4273 2270 4321 essent
2314 4264 2637 4320 substantia:
2676 4276 2869 4315 omnes
2911 4257 3213 4314 secundum
3262 4266 3534 4310 creaturae
3574 4266 3653 4303 ra-

2082 4358 2324 4423 tionem,
2377 4365 2523 4413 esset
2575 4361 2760 4407 tamen
2826 4351 3120 4406 diversitas
3172 4348 3227 4401 in
3281 4347 3567 4402 ordinibus
3605 4349 3654 4396 et

403 4443 551 4499 libus
581 4445 896 4510 introduci,
932 4448 1119 4501 audiat
1160 4447 1227 4503 ad
1267 4448 1423 4503 haec:
1474 4448 1532 4503 Si
1573 4450 1654 4506 eis
1698 4468 1980 4523 nunquam
2011 4438 2061 4497 D
2086 4450 2277 4505 oliiciis
2321 4446 2621 4504 secundum
2671 4444 2926 4515 proprios
2975 4442 3283 4495 animorum
3330 4446 3552 4500 motus,
3595 4448 3653 4487 ex

406 4539 603 4595 fuisset
628 4540 901 4594 indultum
943 4543 1058 4596 veri
1104 4544 1313 4613 aliquid
1356 4544 1575 4612 dicere,
1618 4547 1843 4601 omnino
1883 4562 1986 4602 nec

406 4629 769 4698 praadicerent
799 4633 1043 4702 aliquid;
1074 4648 1183 4686 non
1222 4633 1583 4701 prmdicentcs
1626 4641 1841 4701 autem,
1885 4652 1986 4691 nec

407 4723 555 4792 quod
611 4732 800 4780 essent
849 4726 1125 4780 dannones
1169 4736 1664 4797 cognoscerentur.
1723 4727 1881 4793 Quod
1939 4728 1984 4782 si

408 4816 799 4885 ignorarentur
830 4831 955 4871 esse
987 4818 1264 4875 daemones
1297 4820 1350 4873 in
1385 4820 1490 4874 hoc
1523 4821 1758 4885 mundo,
1793 4822 1986 4890 agonis

411 4906 588 4962 nostri
617 4914 672 4963 et
701 4908 1021 4962 certaminis
1052 4925 1153 4965 nos
1197 4925 1365 4966 causa
1409 4910 1694 4973 latuisset,
1738 4917 1795 4964 et
1835 4918 1987 4979 pate-

410 5016 598 5056 remur
628 5000 807 5072 palam
841 5017 963 5071 quse
990 5012 1255 5071 geruntur
1287 5004 1342 5057 in
1388 5004 1604 5058 occulto
1643 5017 1655 5052 :
1694 5004 1895 5073 quippe
1939 5001 1986 5055 si

2085 4542 2299 4598 arbitrii
2334 4540 2592 4594 libertate
2624 4535 3005 4607 proferendos.
3038 4532 3383 4588 Prazvidebat
3414 4544 3541 4599 ergo
3579 4524 3654 4579 fu-

2086 4641 2237 4688 turas
2289 4633 2345 4686 in
2391 4630 2666 4685 creaturis
2709 4629 2937 4698 culpas,
2980 4634 3035 4680 et
3073 4625 3307 4694 justitiie
3351 4625 3475 4693 ejus
3527 4618 3655 4674 ratio

2086 4725 2379 4795 poscebat,
2414 4730 2473 4776 ut
2503 4719 2905 4777 emendationis
2941 4732 3108 4773 causa
3147 4717 3338 4785 culpas
3384 4728 3541 4786 ptena
3577 4725 3654 4764 sc-

2088 4824 2367 4887 queretur.
2414 4814 2669 4884 Oportuit
2710 4827 2842 4883 ergo
2888 4826 3010 4866 esse
3054 4817 3109 4865 et
3159 4824 3448 4877 poenarum
3499 4803 3650 4859 mini-

2091 4916 2273 4970 stros,
2308 4922 2450 4976 quos
2498 4913 2681 4959 tamen
2721 4904 2948 4958 libertas
2992 4899 3207 4956 arbitrii
3250 4902 3306 4955 in
3351 4898 3498 4953 hunc
3521 4894 3652 4950 ordi—

2090 5014 2217 5055 nem
2271 4997 2548 5062 traheret;
2602 5003 2800 5066 praeter
2849 4993 2967 5048 haec
3022 5000 3203 5046 autem
3255 4999 3309 5044 ct
3363 4989 3650 5044 debuerunt

1724 5154 2091 5213 COTELERII
2131 5153 2366 5210 ΝΟΤιλΕ.

488 5322 562 5378 ('5)
601 5321 640 5371 Α
676 5318 994 5374 Christianis
1024 5318 1319 5373 hominibus
1350 5318 1670 5388 effugantur.
1704 5317 1846 5389 Lege
1882 5312 1988 5365 Αε-

416 5400 596 5447 torum
634 5406 743 5453 xvr,
779 5390 845 5444 16
871 5399 926 5445 et
956 5405 1095 5458 seq.,
1128 5390 1315 5457 ibique
1342 5390 1686 5455 interpretes.

488 5464 564 5528 (lt)
608 5460 701 5513 Est
721 5477 841 5530 ergo
869 5461 975 5514 ista
1000 5460 1290 5522 distinctio,
1323 5469 1427 5514 etc.
1464 5460 1602 5530 Hinc
1629 5458 1988 5530 auctorOpe-

418 5534 493 5585 ris
530 5532 819 5599 imperfecti
847 5532 903 5584 in
937 5530 1273 5596 Matt/tarum,
1312 5534 1453 5585 alius
1487 5546 1515 5583 a
1566 5529 1774 5584 Joanne
1815 5529 1990 5599 Chry-

420 5598 683 5665 sostumo,
717 5602 862 5655 hom.
897 5602 984 5662 19,
1016 5602 1081 5653 ad
1108 5617 1259 5671 icap.
1320 5618 1419 5665 vn,
1478 5618 1620 5656 vers.
1664 5600 1738 5653 '22
1782 5619 1795 5653 :
1852 5598 1991 5671 Ergo

419 5672 729 5738 prophetam
757 5674 810 5724 in
836 5672 1044 5724 nomine
1086 5670 1305 5738 Christi,
1348 5674 1401 5724 in
1439 5673 1627 5741 spiritu
1658 5680 1829 5723 autem
1874 5670 1996 5721 dia-

428 5741 552 5794 boli.
586 5741 780 5807 Quales
814 5750 931 5795 sunt
958 5741 1299 5796 divinatores.
1341 5742 1443 5797 Sed
1480 5744 1558 5796 sic
1580 5742 1949 5797 discernuntur
1979 5754 1995 5791 :

2090 5315 2337 5385 quoniam
2360 5312 2605 5366 diabolus
2636 5309 2902 5385 interdum
2932 5324 3108 5385 verum
3138 5308 3290 5385 dicit,
3314 5312 3525 5385 sanctus
3562 5313 3652 5385 alt-

2093 5373 2196 5439 t'em
2238 5384 2472 5455 Spiritus
2511 5398 2779 5455 nunquam
2826 5380 3091 5455 interdum
3128 5379 3402 5455 mentitur.
3441 5373 3650 5455 conces-

2091 5473 2210 5511 sum
2235 5442 2313 5509 est
2341 5465 2518 5508 autem
2552 5442 2769 5507 didbolo
2802 5462 2849 5506 et
2890 5450 3155 5505 interdum
3184 5449 3450 5520 veritatem
3472 5442 3643 5520 {item

2093 5537 2151 5579 ut
2178 5524 2506 5580 mendacium
2527 5540 2683 5579 suum
2708 5540 2835 5576 rara
2868 5523 3085 5575 veritate
3105 5516 3444 5573 commendet.
3477 5511 3533 5565 Si
3559 5524 3644 5561 aa-

2096 5606 2200 5651 tem
2228 5611 2493 5663 nunquam
2523 5595 2716 5648 diceret
2734 5609 2943 5663 perum,
2968 5608 3064 5663 nec
3081 5589 3170 5663 .ad
3184 5654 3194 5663 .
3206 5588 3641 5663 tentatiottfytl’f’:

2091 5670 2224 5712 terat
2243 5650 2489 5727 su/ficere,
2516 5663 2598 5714 vel
2615 5659 2871 5725 proﬁcere
2888 5650 3126 5710 reductio
3145 5654 3281 5721 eius.
3304 5650 3433 5707 Vide
3454 5651 3640 5703 lteram

2092 5718 2407 5785 mandatum
2432 5718 2518 5787 li).
