3888 6192
398 318 534 372 1327

1217 320 1272 374 S.
1311 319 1707 375 CLEMENTIS
1740 321 1760 377 l
1799 318 1966 375 ROM.
2006 317 2209 375 PONT.
2251 316 2479 372 OPERA
2519 317 2747 373 DUBIA.

3513 319 3643 375 1398

396 448 629 510 quenter
656 438 900 494 intentus
922 440 1023 510 (9).
1055 451 1110 494 et
1134 441 1323 497 volens
1354 440 1497 510 apud
1528 441 1779 495 homines
1802 439 1976 494 videri
2004 444 2052 501 Α
2079 438 2336 507 quoniam
2385 436 2601 493 difﬁcile
2636 444 2755 491 erat
2804 436 3101 493 humanum
3145 453 3317 510 genus
3354 440 3424 495 ab
3466 454 3647 497 amore

397 531 565 599 Deus,
586 531 735 586 velut
766 519 1337 603 scintillas'quasdam
1362 548 1429 588 ex
1467 534 1645 588 stellis
1675 532 1977 602 producere

392 632 453 681 οι
500 623 821 679 hominibus
867 633 1149 680 ostentare
1197 626 1387 695 cmpit,
1446 636 1557 694 quo
1617 624 1782 679 rudes
1813 631 1978 693 atque

397 715 575 787 ignari
607 716 665 770 in
692 724 973 786 stuporem
1024 715 1274 771 miraculi
1307 716 1683 779 traherentur,
1717 716 1978 785 cupiens-

397 824 505 879 que
532 823 734 879 augere
756 807 825 864 de
847 824 907 863 se
932 807 1250 878 hujusmodi
1270 809 1615 879 opinionem,
1639 809 1843 879 sapius
1869 808 1977 863 ista

397 900 728 955 moliebatur
785 914 1074 969 usquequo
1112 898 1180 953 ab
1221 899 1343 968 ipso
1391 898 1659 960 daamone,
1688 914 1851 968 quem
1881 899 1978 952 im-

398 992 691 1063 portunius
740 990 1141 1061 frequentabat,
1222 990 1333 1061 igni
1393 1006 1697 1046 succensus
1747 1005 1976 1045 concre-

397 1095 664 1138 marctur.

469 1172 707 1229 XXVIII.
752 1172 859 1229 Sed
904 1173 1060 1230 stulti
1091 1174 1341 1229 homines
1368 1174 1461 1245 qui
1495 1182 1626 1229 tunc
1646 1183 1827 1239 erant,
1850 1189 1977 1229 cum

397 1262 723 1318 debuissent
768 1263 959 1333 utique
1014 1263 1353 1333 opinionem,
1396 1279 1562 1334 quam
1618 1263 1686 1318 de
1724 1279 1791 1318 eo
1844 1280 1980 1318 con-

396 1363 655 1423 ceperant
697 1354 957 1423 ahjicere,
989 1355 1191 1424 quippe
1228 1370 1392 1425 quam
1426 1356 1628 1425 poenali
1659 1367 1833 1412 morte
1858 1356 1980 1423 ejus

393 1448 644 1502 viderant
691 1447 1054 1512 confutatam,
1091 1448 1147 1502 in
1176 1448 1356 1517 majus
1386 1463 1510 1503 eum
1550 1450 1845 1504 extollunt.
1870 1448 1979 1503 Ex-

394 1543 608 1590 structo
638 1537 786 1592 enim
836 1539 1089 1606 sepulcro
1129 1537 1197 1592 ad
1239 1538 1501 1594 honorem
1532 1538 1676 1608 ejus,
1715 1547 1977 1610 tanquam

394 1628 635 1683 amicum
676 1627 771 1685 Dei
800 1644 865 1683 ac
896 1629 1143 1687 fulminis
1190 1630 1257 1685 ad
1314 1631 1515 1686 cmlum
1545 1631 1799 1687 vehiculo
1848 1631 1980 1687 sub-

393 1718 676 1783 levatum,
752 1719 982 1776 adorare
1050 1722 1171 1777 ausi
1253 1728 1384 1776 sunt
1460 1730 1513 1777 et
1570 1723 1729 1791 quasi
1787 1722 1980 1779 vivens

2079 529 2173 585 Dei
2206 529 2473 594 abstrahi,
2502 539 2557 584 et
2584 528 2653 582 ad
2679 528 2847 583 surda
2873 538 3033 599 atque
3061 532 3317 584 exanima
3359 533 3644 588 simulacra

2076 620 2295 686 deduci,
2340 620 2547 675 idcirco
2592 620 2989 676 excelsioribus
3026 622 3112 676 usi
3146 629 3275 677 sunt
3324 623 3464 692 magi
3488 625 3644 676 moli-

2077 711 2341 775 tionibus,
2373 720 2431 767 ut
2459 719 2737 767 astrorum
2792 711 2965 781 signis
2993 726 3058 766 ac
3097 712 3337 767 motibus
3394 721 3645 783 tanquam

2077 801 2296 856 ctelitus
2349 807 2406 856 et
2458 801 2737 855 voluntate
2779 798 2876 855 Dei
2931 799 3151 863 delatis,
3211 800 3280 855 ad
3338 801 3649 858 suadendos

2077 892 2260 947 cultus
2299 892 2566 948 erraticos
2631 899 2997 947 verterentur.
3030 888 3096 945 Et
3128 892 3248 962 ejus
3278 908 3441 962 quem
3487 908 3647 963 supra

2077 979 2317 1034 diximus
2342 980 2720 1050 indignatione
2764 980 3048 1044 daemonis,
3082 983 3169 1036 cui
3198 983 3362 1039 nimis
3393 983 3648 1039 molestus

2078 1070 2257 1127 fuerat
2299 1069 2689 1142 conﬂagrasse,
2752 1072 2899 1127 busti
2947 1074 3165 1129 cineres
3205 1074 3344 1145 (15),
3391 1084 3648 1145 tanquam

2079 1162 2324 1218 fulminei
2386 1163 2526 1234 ignis
2579 1164 2841 1234 reliquias
2891 1166 3210 1236 colligentes
3246 1168 3323 1231 hi,
3371 1169 3469 1238 qui
3497 1174 3651 1223 erant

2077 1257 2332 1327 primitus
2378 1255 2618 1327 decepti,
2672 1256 2928 1313 deferunt
2967 1260 3035 1314 ad
3078 1257 3297 1323 Persas,
3350 1269 3414 1314 ut
3454 1261 3526 1314 ab
3573 1262 3654 1316 eis

2079 1356 2336 1416 tanquam
2388 1346 2609 1403 divinus
2650 1363 2681 1402 e
2728 1349 2870 1404 cmlo
2916 1350 3105 1420 lapsus
3162 1351 3323 1419 ignis,
3378 1352 3653 1420 perpetuis

2078 1446 2497 1494 conservaretur
2518 1440 2786 1507 excubiis,
2818 1450 2984 1513 atque
3010 1450 3069 1496 ut
3102 1442 3345 1496 caelestis
3384 1441 3529 1497 Deus
3560 1456 3653 1495 co-

2080 1528 2303 1583 leretur.

2149 1620 2315 1675 XXX.
2361 1622 2536 1677 Simili
2564 1624 2813 1694 exemplo
2845 1624 2957 1694 (1-1)
2986 1625 3150 1678 etiam
3182 1640 3279 1695 per
3307 1634 3508 1680 caetera
3538 1626 3654 1680 loca

2082 1712 2277 1783 reliqui
2325 1714 2574 1770 homines
2624 1715 2731 1777 his.
2762 1732 2904 1786 quos
2935 1717 3019 1771 vel
3048 1716 3104 1770 in
3131 1717 3342 1771 artibus
3379 1719 3653 1787 aliquibus

394 1819 607 1867 astrum
661 1812 867 1868 colere.
904 1811 1043 1867 llinc
1077 1814 1224 1871 enim
1272 1821 1327 1868 et
1372 1829 1570 1868 nomen
1596 1823 1719 1882 post,
1743 1822 1976 1868 mortem
2006 1805 2050 1860 Β
2077 1805 2162 1858 vel
2198 1805 2255 1860 in
2281 1808 2482 1860 virtute
2510 1805 2725 1861 fuerant
2763 1807 3041 1873 admirati,
3085 1807 3170 1863 vel
3209 1815 3357 1863 certe
3387 1809 3447 1862 iu
3476 1824 3654 1864 amore

392 1900 512 1968 ejus
554 1899 865 1964 Zoroastcr,
898 1902 1001 1957 hoc
1039 1911 1124 1958 est
1158 1902 1340 1957 vivum
1374 1904 1527 1959 sidus
1559 1904 1700 1972 (l0),
1728 1903 1972 1973 appella-

392 2001 510 2047 tum
539 2001 624 2049 est
646 1994 715 2048 ah
740 1994 847 2059 bis,
870 1996 962 2065 qui
994 2003 1117 2065 post
1140 2011 1304 2050 unam
1334 1996 1741 2066 generationem
1775 1995 1977 2049 Graecae

391 2082 592 2153 lingua:
617 2084 830 2153 loquela
868 2084 1085 2141 fuerant
1116 2087 1328 2157 repleti.
1390 2088 1499 2141 Hoc
1532 2086 1769 2155 denique
1788 2101 1977 2140 exem-

392 2176 482 2246 plo
516 2176 681 2231 etiam
706 2193 854 2232 nunc
888 2179 1043 2233 multi
1074 2194 1168 2234 eos
1216 2181 1308 2249 qui
1339 2178 1566 2233 fulmine
1595 2178 1853 2242 obierint,
1887 2194 1976 2233 se-

390 2267 598 2334 pulcris
633 2267 933 2323 honoratos
957 2277 1216 2339 tanquam
1248 2270 1455 2325 amicos
1496 2269 1589 2324 Dei
1620 2270 1808 2324 colunt
1836 2268 1970 2341 (ll).

394 2356 491 2412 llic
520 2373 652 2429 ergo
675 2375 798 2413 cum
827 2360 1238 2429 quartadecima
1294 2361 1646 2431 generatione
1690 2360 1971 2431 coepisset,

391 2448 795 2518 quintadecima
849 2451 1141 2509 defunctus
1176 2460 1282 2516 est,
1328 2453 1384 2507 in
1434 2468 1543 2523 qua
1581 2452 1751 2509 turris
1802 2452 1976 2506 aedili-

392 2547 514 2595 cata
540 2549 727 2606 est,et
776 2543 974 2613 linguae
1028 2542 1308 2599 hominum
1366 2546 1737 2615 multipliciter
1786 2544 1975 2601 divisae

394 2637 547 2685 sunt.

461 2720 654 2777 XXIX.
696 2722 842 2779 Inter
886 2740 1027 2795 quos
1072 2726 1282 2796 primus
1329 2727 1540 2796 magica
1612 2727 1973 2783 nihilominus

391 2821 508 2868 arte
547 2814 708 2884 quasi
746 2830 979 2871 corusco
1014 2816 1082 2871 ad
1117 2833 1241 2871 eum
1289 2816 1490 2881 delata,
1529 2833 1622 2872 rex
1669 2819 1974 2888 appellatur

393 2906 615 2976 quidam
640 2905 898 2970 Nemrod,
926 2923 1087 2978 quem
1113 2917 1167 2963 et
1196 2909 1373 2979 ipsum
1406 2907 1579 2963 Graeci
1600 2908 1797 2963 Ninum
1822 2926 1975 2965 voca-

387 3007 604 3061 verunt,
630 3013 694 3053 ex
732 3000 889 3068 cujus
917 3002 1138 3055 nomine
1181 2998 1377 3055 Ninive
1417 3001 1613 3056 civitas
1644 3002 1972 3058 vocabulum

392 3092 625 3160 sumpsit
647 3090 781 3161 (1‘2).
835 3090 927 3146 Sic
966 3108 1095 3162 ergo
1142 3092 1371 3147 diversa).
1397 3100 1450 3147 et
1478 3093 1729 3147 erratica
1774 3108 1971 3164 super-

2078 1896 2314 1964 plurimo
2360 1898 2681 1961 habuerant,
2734 1900 2934 1969 templa
2986 1908 3325 1963 construere,
3391 1903 3657 1970 imagines

2076 1989 2368 2055 collocare,
2420 1994 2677 2063 mysteria
2700 2002 2755 2047 et
2780 1995 3136 2049 caeremonias
3174 2008 3237 2047 ac
3272 1995 3550 2049 sacriﬁcia
3576 1995 3657 2049 iu-

2077 2083 2303 2137 stituere
2330 2083 2465 2153 (15),
2495 2092 2548 2138 et
2577 2099 2673 2154 per
2715 2084 2903 2139 omnia
2940 2083 3166 2140 deorum
3207 2084 3275 2139 de
3324 2085 3415 2140 his
3453 2085 3651 2141 famam

2078 2176 2313 2245 posteris
2371 2177 2584 2231 tradere
2636 2180 2963 2246 gestierunt,
2994 2191 3059 2231 eo
3085 2177 3356 2247 praecipue
3400 2177 3549 2247 quod
3599 2182 3654 2229 ut

2078 2282 2245 2337 supra
2276 2268 2534 2331 diximus,
2580 2269 2886 2339 phantasiis
2939 2269 3212 2339 aliquibus
3270 2273 3501 2340 magicae
3528 2272 3655 2325 artis

2078 2358 2200 2413 fulti
2249 2359 2595 2422 videbantur,
2645 2370 2705 2413 ut
2745 2360 3091 2415 invocatione
3135 2361 3454 2415 daemonum
3484 2360 3568 2432 agi
3590 2362 3653 2414 ab

2078 2449 2163 2503 his
2212 2450 2418 2519 aliquid
2457 2450 2525 2504 ad
2574 2450 2946 2520 deceptionem
3006 2452 3289 2505 hominum
3338 2452 3656 2521 moverique

2076 2542 2372 2597 videretur.
2428 2543 2524 2598 liis
2581 2544 2851 2614 adjiciunt
2877 2552 2931 2598 et
2960 2545 3337 2600 solemnitates
3393 2546 3655 2616 quasdam

2076 2646 2140 2685 ac
2166 2632 2462 2687 temulenta
2501 2635 2772 2698 convivia,
2805 2635 3006 2704 quibus
3042 2642 3097 2689 et
3126 2636 3380 2692 homines
3400 2638 3653 2693 libentius

2076 2724 2443 2794 indulgerent,
2487 2734 2540 2779 et
2579 2726 2859 2780 daemones
2894 2726 3136 2796 crapulis
3183 2736 3449 2798 tanquam
3505 2728 3649 2783 vehi-

2075 2817 2216 2871 culis
2248 2816 2408 2881 illati,
2434 2816 2569 2886 ipsis
2611 2833 2800 2872 eorum
2838 2818 3149 2873 visceribus
3176 2821 3568 2881 miscerentur,
3599 2819 3650 2874 in

2075 2906 2277 2975 quibus
2294 2907 2549 2961 collocati
2580 2906 2648 2961 ad
2683 2921 2902 2962 omnem
2950 2908 3283 2962 voluntatem
3313 2923 3475 2962 suam
3504 2918 3650 2962 actus

2076 2996 2358 3051 hominum
2393 2998 2860 3068 cogitationesque
2907 2996 3279 3054 deﬂecterent.
3328 2999 3649 3071 Huiusmodi

2076 3089 2241 3158 igitur
2261 3106 2326 3144 ex
2353 3089 2509 3144 initio
2534 3091 2815 3147 erroribus
2835 3092 3185 3155 introductis,
3218 3093 3415 3163 eisque
3438 3094 3651 3149 libidine

391 3179 639 3235 stiliones
662 3180 731 3235 ab
763 3188 883 3236 arte
914 3181 1122 3250 magica
1171 3180 1384 3235 initium
1416 3196 1719 3250 sumpsere.
1758 3180 1971 3238 Etenim
2001 3186 2046 3244 (ἶ
2078 3190 2132 3236 et
2166 3181 2505 3247 temulentia,
2531 3198 2638 3252 qua
2679 3184 2932 3239 carnales
2963 3184 3214 3241 homines
3242 3187 3489 3242 maxime
3514 3187 3652 3241 dele-

1722 3369 2090 3427 COTELERII
2124 3372 2348 3429 ΝΟΤΛΕ,

390 3525 625 3591 Prodici,
649 3541 772 3597 cum
793 3527 911 3580 loco
938 3525 1225 3597 Porphyrii
1254 3528 1309 3580 in
1348 3526 1469 3581 Vita
1508 3525 1708 3581 Plotini
1737 3527 1803 3581 de
1829 3529 1969 3584 libro

390 3598 696 3651 adulterino
726 3596 1035 3652 Zoroastris
1067 3596 1286 3652 nomine
1320 3597 1586 3667 inscripto
1636 3598 1780 3667 apud
1820 3597 1969 3653 Gno-

390 3670 580 3721 sticos.
635 3667 786 3721 Addo
831 3683 897 3721 ex
946 3669 1155 3721 recenti
1214 3668 1469 3733 lectione,
1520 3668 1575 3721 in
1628 3667 1967 3723 Dictionario

388 3735 842 3809 Latinio-Persico,
867 3753 921 3807 p.
983 3738 1038 3799 6,
1098 3738 1429 3809 mentionem
1486 3735 1616 3809 fieri
1659 3738 1968 3809 Exegeseos

389 3807 513 3879 libri
545 3806 680 3861 Zind
711 3806 881 3868 dicti,’
902 3822 1013 3879 quo
1033 3808 1318 3879 religionis
1359 3807 1583 3879 magica:
1620 3823 1718 3864 seu
1749 3806 1967 3865 colendi

390 3877 533 3948 ignis
567 3886 835 3947 praecepta
869 3876 1094 3931 tradidit
1125 3876 1467 3932 Zoroastres;

463 3947 540 4015 (9)
586 3948 687 4000 Hic
729 3964 853 4017 ergo
903 3948 1062 4001 astris
1110 3948 1334 4001 multum
1365 3962 1429 3999 ac
1464 3947 1759 4017 frequenter
1800 3951 1970 4004 inlen-

392 4027 497 4084 tus,
530 4025 638 4072 etc.
676 4018 748 4073 De
779 4018 1103 4091 Zoroastreo
1130 4019 1251 4091 ig_n_e
1278 4018 1417 4091 varii
1445 4021 1619 4091 varia.
1661 4018 1760 4074 Dio
1788 4019 1969 4091 Chry-

390 4097 691 4152 sostomus,
754 4096 897 4143 orat.
977 4088 1089 4153 36;
1157 4086 1432 4142 ’Nicolaus
1491 4086 1863 4145 Damascenus
1907 4086 1970 4144 in

389 4157 739 4213 Collectaneis
786 4158 1132 4213 Constantini
1169 4158 1691 4227 Porphyrogenetze;
1730 4160 1971 4214 Ammia-

388 4246 494 4287 nus
538 4229 882 4285 Marcellinus
914 4229 1005 4284 lib.
1049 4243 1217 4295 xxm;
1264 4237 1457 4281 auctor
1493 4228 1968 4294 Clementinorum,

387 4301 537 4354 hom.
572 4301 625 4361 9,
662 4315 784 4369 cap.
817 4302 871 4365 '5,
898 4314 1012 4368 seq.
1039 4316 1053 4365 ;
1090 4298 1365 4353 Arnobius
1392 4298 1488 4353 lib.
1518 4313 1565 4358 ις
1607 4297 1702 4367 qui
1732 4299 1971 4355 Chroni-

387 4384 513 4440 cum
542 4386 570 4423 a
601 4370 820 4440 Radere
845 4369 1052 4424 editum
1093 4369 1407 4438 composuit
1437 4384 1490 4437 p.
1528 4369 1628 4440 88;
1672 4369 1973 4440 Gregorius

2072 3532 2211 3603 natis
2242 3545 2259 3582 :
2290 3531 2536 3603 Λαμπρὰ
2563 3531 2617 3584 δὲ
2650 3534 2842 3602 ἱμάτια
2868 3533 3051 3597 αὐτοῖς
3081 3533 3446 3603 περιτίθεται,
3466 3538 3539 3600 ὡς
3562 3534 3652 3587 ὑπὸ

2072 3602 2193 3664 Διὸς
2237 3602 2639 3672 τετιμημένοις.
2706 3603 2995 3671 Splendida
3026 3602 3202 3657 autem
3246 3606 3553 3659 uestimenta
3584 3605 3649 3657 eis

2072 3673 2491 3735 circumdantur.
2520 3672 2654 3726 velut
2677 3672 2871 3727 honore
2895 3691 2927 3727 a
2956 3673 3086 3727 love
3115 3675 3353 3741 affectis;
3394 3684 3449 3730 et
3479 3675 3655 3728 multis

2072 3740 2414 3814 interpositis
2440 3759 2459 3814 εξ
2480 3742 2663 3805 Οὐδεὶς
2701 3743 3068 3814 κερᾳννωθεὶς
3100 3740 3294 3813 ἄτιμός
3324 3746 3499 3798 ἐστιν’
3542 3744 3650 3797 ὅθεν

2071 3826 2136 3878 γε
2161 3812 2257 3865 καὶ
2283 3812 2361 3874 ὠς
2387 3811 2508 3875 θεὸς
2528 3811 2781 3883 τιμᾶταιζ
2806 3812 3005 3867 Nullus
3027 3811 3246 3882 fulmine
3275 3816 3420 3869 ictus
3449 3814 3648 3883 infamis

2072 3891 2124 3934 et
2160 3883 2542 3952 ignominiosus
2572 3883 2819 3936 exsistit:
2842 3883 2979 3937 unde
3003 3886 3163 3938 etiam
3193 3885 3329 3938 velut
3369 3885 3496 3940 deus
3531 3884 3649 3937 coli-

2078 3950 2193 4005 turJ
2212 3950 2409 4006 Festus
2443 3973 2456 4007 :
2498 3950 2688 4005 Pullus
2715 3952 2863 4007 lovis
2906 3953 3180 4009 dicebatur
3214 3955 3281 4021 Q.
3315 3953 3543 4017 Fabius,
3572 3952 3647 4006 cui

2079 4020 2296 4094 Ebumo
2325 4038 2609 4094 cognomen
2636 4021 2751 4077 erat
2778 4033 2992 4091 propter
3031 4020 3331 4090 candorem,
3368 4024 3508 4094 quod
3545 4024 3647 4091 ejus

2080 4095 2219 4165 natis
2252 4092 2471 4165 fulmine
2500 4096 2607 4165 icta
2630 4103 2765 4147 erat.
2795 4094 3016 4165 Antiqui
3039 4105 3210 4149 autem
3236 4092 3484 4165 puerum,
3513 4108 3651 4164 quat

2077 4163 2193 4232 quis
2222 4161 2457 4232 amabat,
2491 4163 2695 4232 pullum
2723 4165 2836 4232 ejus
2866 4162 3131 4219 dicebant.

2154 4231 2265 4355 (12)
2309 4230 2497 4286 Gra’ci
2536 4230 2754 4314 Ninum‘
2783 4244 3112 4317 vocaverunt,
3151 4242 3259 4290 etc.
3401 4235 3650 4313 jungatur

2155 4318 2185 4355 e
2266 4318 2400 4355 ocus
2443 4319 2569 4355 cum
2642 4305 2737 4355 Illo
2795 4302 3242 4355 Clementmorurn
3303 4322 3363 4355 m
3418 4304 3649 4355 Chreme:

2080 4300 2185 4357 iste
2245 4300 2400 4357 locus
2443 4319 2569 4356 cum
2642 4304 2737 4357 illo
2795 4302 3242 4359 Clementinorurn
3303 4307 3363 4361 in
3401 4300 3649 4360 'Cltr'onici

2080 4372 2433 4445 Alexandrini
2482 4389 2536 4442 p.
2570 4372 2700 4445 Di,
2745 4373 3305 4445 dicctttr,_Assyrios,
3361 4391 3429 4430 ac
3476 4383 3651 4444 postea

389 4439 729 4516 "I_‘uronensis
745 4438 1138 4516 ⁸Ηξεςῑοιίαιηιηι
1330 4453 1533 4516 ιηςιψ.
1565 4439 1622 4507 5;
1667 4438 1869 4516 Spidas
1917 4442 1973 4495 in
2006 4446 2050 4502 D
2081 4442 2319 4505 Graecos,
2348 4438 2683 4516 Nemi-udum
2713 4444 2933 4516 nomine
2964 4443 3088 4498 Nini
3118 4438 3429 4516 appellasse
3453 4438 3557 4509 {ex
3592 4455 3651 4496 eo

388 4503 701 4571 Zoroastre;
736 4510 1047 4570 Cedrenus,
1082 4525 1135 4579 p.
1171 4510 1260 4573 15,
1291 4518 1345 4561 et
1373 4503 1589 4579 Glycas,
1611 4503 1675 4579 Vp.
1705 4510 1827 4567 129.

464 4580 576 4650 (10)
617 4580 925 4642 Zoroaster,
968 4580 1064 4631 hoc
1108 4589 1186 4633 est
1243 4582 1412 4633 vivum
1460 4579 1629 4633 sidus.
1672 4580 1979 4650 Gregorius

392 4648 734 4705 Turonensis
762 4651 878 4719 pari
909 4650 1071 4703 modo
1104 4650 1519 4719 interpretatur,
1567 4648 1817 4705 viventem
1848 4654 1975 4707 stel-

392 4720 523 4774 lam.
578 4721 733 4789 Apud
770 4718 1069 4774 Laertium
1118 4718 1298 4773 autem
1350 4721 1407 4773 in
1452 4718 1745 4785 Proaunio,
1798 4720 1975 4777 Dinon

395 4789 889 4861 Historiarumdib.
921 4806 953 4842 v
992 4809 1004 4843 :
1044 4789 1445 4861 i'AcrcpoOtJ'cqv,
1497 4803 1769 4861 astrorum
1807 4794 1978 4846 sacri-

392 4861 641 4934 ﬁculum.
662 4859 718 4913 lu
741 4858 1201 4934 Clementinisng'
1226 4860 1258 4913 5
1292 4858 1727 4934 ιζὼροᾼάστρηςν
1752 4861 1842 4934 διᾲ
1857 4864 1977 4934 -τὴν

389 4930 484 4983 τοῦ
516 4931 744 5001 ἀστέρος
776 4933 896 4983 κατ’
927 4930 1092 4983 αὑτοῦ
1114 4930 1294 5001 ζῶσαν
1324 4929 1613 5001 ἐνεχθῆναι
1643 4929 1791 5001 ροήν.
1826 4929 1978 4987 Μὶιίο

390 5000 749 5055 recentiores.
789 5001 880 5069 qui
927 5015 1078 5053 more
1111 5000 1381 5069 majorum
1414 5002 1471 5053 in
1508 5000 1825 5069 huju’sm’odi
1874 5018 1970 5057 no-

391 5071 601 5125 minum
640 5070 1121 5139 explicationibus,
1163 5086 1222 5123 re
1256 5070 1483 5123 omnino
1513 5071 1742 5134 incerta,
1777 5072 1977 5126 mirum

390 5149 658 5210 quantum
680 5142 797 5212 sibi
829 5141 1164 5212 indulgeant.
1209 5139 1513 5212 consulere
1551 5149 1703 5212 potes
1739 5140 1982 5212 Scalige-

391 5226 516 5264 rum
565 5213 633 5265 ad
674 5211 895 5266 Eusebii
950 5210 1374 5279 Chronologica,
1418 5211 1511 5265 ubi
1546 5212 1613 5265 de
1646 5210 1976 5279 Zoroastre;

390 5283 617 5336 (lroium
652 5284 703 5335 in
746 5281 995 5351 quaedam
1029 5283 1147 5335 loca
1198 5280 1473 5349 Origenis,
1508 5280 1719 5346 Irenaei,
1763 5281 1981 5336 Tertul-

392 5352 525 5422 liani
560 5361 615 5407 et
668 5352 976 5421 Epiphanii,
1023 5368 1078 5421 p.
1122 5351 1229 5422 5i,
1265 5352 1523 5421 illiusque
1574 5354 1978 5422 antagonistam

392 5420 673 5476 Petavium
708 5420 1039 5491 Appendicis’
1068 5420 1154 5492 adi
1192 5420 1517 5490 Synesianas
1553 5420 1727 5492 notas
1752 5438 1874 5492 cap.
1915 5423 1978 5491 ις

395 5488 834 5563 ὃδιιιιξιείιιιῐι-ὐρ
875 5492 1061 5563 lingua
1109 5488 1454 5545 Hellenistica
1494 5508 1549 5561 p.
1583 5488 1725 5555 368;
1773 5488 1839 5546 ef
1876 5488 1978 5546 Boi-

392 5561 1051 5647 (ἐνῑνιεξιιιιριιινετ’(2609νιιρὰἱίιις¹
1076 5571 1428 5647 sacrre'parte
1461 5577 1500 5647 tu,
1536 5563 1633 5647 Ii'b.
1665 5578 1738 5622 ιν,
1763 5578 1888 5647 cap.
1925 5564 1977 5617 1.

396 5630 520 5704 Vid.
555 5642 610 5704 et
626 5630 915 5704 :I‘hom'am
937 5632 1089 5704 Hyde
1132 5634 1189 5704 in
1220 5630 1365 5687 Hist.
1420 5631 1775 5704 vettl’ersar.
1807 5630 1976 5688 Cncn.

468 5702 580 5773 (11)
621 5702 895 5773 Tanquam
924 5701 1121 5757 amicos
1155 5702 1253 5755 Dei
1290 5704 1487 5757 colunt.
1523 5701 1581 5754 ln
1615 5702 1977 5773 Clementinis,

398 5768 485 5829 ὡς’
507 5768 790 5840 licentiae.
823 5774 1207 5829 Artemidorus
1231 5772 1324 5827 lib.
1361 5790 1431 5838 ιι,
1458 5788 1580 5843 cap.
1606 5773 1665 5841 8,
1698 5772 1770 5826 De
1797 5773 1981 5839 fulmi-

2080 4520 2261 4567 autem
2292 4514 2510 4567 nomine
2538 4513 2744 4567 dictam
2770 4514 2942 4569 fuisse
2981 4513 3172 4568 urbem
3191 4513 3470 4577 'Niniven,
3500 4524 3650 4582 quam

2080 4583 2254 4638 Assur
2280 4583 2543 4637 condidit.

2154 4654 2269 4725 (15)
2310 4653 2466 4725 Bustj
2506 4656 2727 4717 cineres,
2784 4665 3037 4724 tanquam
3084 4655 3325 4723 fulminei
3374 4655 3510 4725 ignis
3540 4650 3651 4705 reli-

2080 4724 2256 4794 quias,
2294 4732 2402 4778 etc.
2433 4723 2509 4778 De
2543 4723 2937 4794 superstitione
2976 4725 3270 4780 Persarum
3298 4723 3430 4794 erga
3460 4723 3650 4794 Zoroa-

2083 4790 2215 4848 stris
2244 4794 2503 4863 reliquias
2533 4790 2789 4865 etignem
2823 4810 2853 4849 e
2888 4797 3029 4849 cmlo
3059 4797 3294 4865 lapsum,
3333 4790 3529 4865 praeter
3562 4790 3650 4865 (ie-

2081 4860 2403 4935 cognilionés
2446 4874 2515 4935 _et
2571 4860 2919 4929 Cl2mentina,
2961 4860 3281 4921 Chroiticum
3333 4860 3651 4935 'Alexandrﬂ

2082 4929 2256 5003 p.'88,
2290 4933 2388 4999 94;
2439 4933 2639 4990 Suidas
2679 4936 2735 4989 in
2779 4935 3101 5000 Zoroastre;
3132 4936 3438 4995 Cedrenus.
3471 4949 3522 5003 p.
3567 4929 3645 4991 15.

2084 5006 2187 5071 18;
2220 5004 2439 5073 Glycas,
2469 5021 2521 5074 p.
2549 5005 2675 5067 19.9,
2711 5006 2852 5072 MO;
2886 5005 3136 5073 Tzetzes,
3180 5004 3386 5060 Hister.
3415 5003 3547 5059 Chil.
3570 5014 3646 5060 Ill,

2083 5074 2329 5144 cap.}66;
2356 5083 2410 5128 et
2442 5076 2763 5130 Ammianus
2787 5075 3159 5141 Marcellinus,
3182 5076 3372 5129 Rerum
3400 5082 3649 5145 gestarum

2085 5146 2182 5200 lib.
2207 5161 2368 5200 xxm.
2400 5147 2534 5200 edit.
2569 5144 2781 5200 Vales.
2815 5161 2872 5200 n.
2904 5146 3031 5200 255.

2109 5160 2182 5200 ID.
2207 5161 2368 5210 XXIII,
2400 5160 2534 5200 emt.
2577 5160 2781 5207 vales,
2815 5161 2872 5210 ι).
2904 5160 3031 5201 256.

2158 5167 2182 5199 ι.
2207 5161 2368 5210 xxm,
2400 5161 2534 5200 emt.
2577 5161 2781 5207 vales,
2815 5161 2872 5215 p.
2904 5161 3031 5201 zao.

2158 5216 2270 5287 (M)
2311 5216 2489 5287 Simili
2518 5218 2775 5284 exemplo,
2804 5226 2910 5271 etc.
2935 5214 3244 5287 Victorinus
3276 5211 3641 5287 Massiliensis.

2085 5279 2181 5339 lib;
2246 5279 2305 5339 iu
2348 5279 2862 5341 Commentariorum
2902 5288 2957 5339 in
3003 5285 3262 5351 Genesim,
3317 5303 3346 5339 a
3397 5279 3647 5338 Nemrodo

2088 5355 2260 5409 ﬁlium
2286 5358 2507 5409 unicum
2541 5359 2829 5421 amissum,
2872 5364 3078 5421 statua,
3109 5358 3221 5411 aris
3252 5365 3307 5412 et
3332 5355 3529 5409 divinis
3557 5351 3644 5404 hoe

2086 5428 2315 5482 noribus
2343 5426 2606 5480 donatum
2636 5428 2806 5481 fuisse
2835 5428 3006 5482 canit.

2160 5498 2272 5573 (l5)
2307 5498 2594 5573 §acriﬁcia
2636 5496 3240 5573 instituere-Ridicule
3292 5490 3641 5573 inAQedt'gnQ.

2087 5561 2179 5621 ubi
2206 5561 2273 5622 de
2298 5561 2562 5637 Cecrope,
2583 5567 2901 5630 ediderunt,
2930 5561 3086 5629 οὗτος
3115 5566 3327 5637 πρῶτος
3357 5563 3479 5637 βοῦν
3501 5561 3644 5637 £036—

2091 5654 2252 5761 ἔφη,
2284 5653 2383 5761 ἓόο
2410 5630 2687 5705 ὲθῦσίασε,
2720 5638 2808 5694 vel
2837 5630 3296 5709 quemadmodum
3328 5630 3469 5707 apud
3500 5630 3643 5685 Euse-

2128 5724 2260 5761 ιιιῐη.
2347 5725 2461 5760 υσε.

2090 5710 2260 5771 bium,
2285 5710 2461 5761 ἔθυσε.
