3888 6192
296 344 439 402 4599

1503 341 2075 401 RECOGNITIONUM
2113 344 2241 401 LIB.
2282 345 2374 402 IV.

3416 348 3561 406 I330

294 468 541 527 cuntur,
581 459 809 531 adjutis,
849 460 1043 531 religio
1074 458 1170 515 Dei
1211 474 1332 529 quae
1356 474 1451 529 per
1482 461 1873 515 continentiam
1902 468 1948 523 Α
1978 462 2206 527 viribus,
2242 470 2422 517 tamen
2444 461 2579 517 dicit
2603 462 2725 517 huic
2752 461 2902 524 vade,
2944 470 2994 515 et
3033 459 3200 527 vadit,
3226 471 3276 517 at
3296 462 3393 519 alii
3414 465 3559 528 veni,

297 553 761 622 sobrietatemque
797 553 1108 615 constabat,
1140 566 1423 607 rarescere
1455 552 1598 606 inter
1623 552 1873 608 homines

294 653 463 716 atque
484 644 691 699 aboleri
719 644 1107 714 propemodum
1140 645 1324 712 coepit.

369 734 562 790 XXXI.
603 733 740 789 Nam
782 749 906 789 cum
949 749 1016 789 ex
1065 735 1227 789 initio
1268 734 1540 799 homines,
1580 743 1770 808 utpote
1790 736 1877 806 ju-

296 835 445 884 stum
473 834 528 881 et
555 827 739 880 omnia
794 832 1143 880 contuentem
1188 825 1357 881 Deum
1404 829 1670 893 colentes,
1697 846 1875 901 neque

296 933 526 991 peccare
558 918 823 973 auderent
857 933 1036 987 neque
1081 918 1336 986 iujuriam
1397 918 1577 975 facere
1612 922 1874 990 proximis

295 1006 437 1071 suis,
494 1006 634 1061 certi
682 1007 827 1076 quod
885 1008 1320 1078 uniuscujusque
1366 1017 1525 1065 actus
1581 1018 1636 1067 et
1691 1020 1874 1068 motus

294 1099 571 1168 aspiceret
599 1097 742 1153 Deus
776 1116 790 1154 :
816 1100 909 1155 ubi
938 1101 1221 1171 religionis
1267 1102 1446 1157 cultus
1486 1103 1551 1157 ad
1578 1104 1873 1159 simulacra

294 1191 549 1245 exanima
593 1205 893 1247 conversus
934 1201 1041 1258 est,
1086 1200 1349 1264 tanquam
1385 1194 1454 1250 de
1499 1197 1701 1266 quibus
1739 1200 1874 1254 certi

293 1290 505 1345 essent,
536 1283 683 1353 quod
714 1299 895 1353 neque
929 1284 1179 1340 viderent
1216 1302 1394 1357 neque
1422 1289 1672 1344 audirent
1700 1306 1876 1361 neque

295 1381 655 1428 moverentur
688 1375 743 1427 in
772 1375 977 1445 aliquo.
1019 1376 1249 1431 licenter
1291 1391 1519 1446 peccare
1548 1386 1601 1433 et
1628 1379 1682 1433 in
1714 1396 1876 1437 omne

297 1465 513 1521 facinus
550 1468 806 1538 progredi
852 1482 1088 1537 cmpere,
1121 1469 1322 1539 quippe
1350 1471 1445 1540 qui
1476 1470 1612 1525 nihil
1651 1474 1759 1541 pati
1784 1490 1877 1528 ve-

297 1567 552 1616 rerentur
578 1560 645 1614 ab
680 1559 767 1615 his
796 1574 937 1629 quos
978 1559 1229 1614 colebant
1261 1567 1323 1614 ut
1347 1561 1500 1618 deos.
1540 1561 1681 1618 Hinc
1704 1563 1877 1619 bello-

298 1669 424 1709 rum
478 1653 660 1707 rabies
707 1652 933 1715 exarsit,
983 1651 1111 1706 hinc
1142 1652 1359 1721 praedas,
1390 1654 1612 1723 rapinae,
1645 1657 1873 1725 captivi-

294 1750 459 1806 tates,
486 1750 540 1797 et
565 1741 789 1797 libertas
820 1740 875 1795 in
896 1741 1216 1796 servitutem
1253 1743 1496 1808 redacta,
1532 1754 1697 1815 prout
1725 1748 1876 1817 quis-

294 1850 404 1905 que
443 1833 622 1905 potuit
691 1832 909 1887 libidini
955 1841 1010 1887 et
1057 1834 1344 1903 cupiditati
1406 1852 1520 1891 sua:
1578 1839 1871 1905 satisfecit,

294 1926 549 1995 quamvis
567 1923 889 1980 satisfacere
918 1925 1202 1995 cupiditati
1240 1927 1388 1980 nulla
1419 1928 1503 1983 vis
1531 1931 1726 1999 possit.
1756 1932 1877 1986 Sic-

295 2026 358 2072 ut
388 2018 532 2072 enim
572 2017 715 2088 ignis
743 2024 951 2087 quanto
973 2018 1147 2088 magis
1192 2018 1338 2089 ligna
1393 2024 1689 2092 acceperit,
1721 2032 1876 2079 tanto

295 2113 536 2182 amplius
584 2112 906 2167 accenditur
935 2121 989 2167 et
1020 2113 1327 2179 invalescit,
1366 2115 1440 2169 ita
1469 2123 1523 2171 et
1558 2118 1875 2187 cupiditatis

294 2205 500 2268 rabies,
535 2220 632 2274 per
658 2218 723 2259 ea
760 2219 882 2274 quae
908 2204 1249 2275 adipiscitur,
1281 2209 1493 2264 auctior
1513 2216 1567 2264 et
1588 2210 1875 2266 vehemen-

294 2296 407 2351 tior
434 2294 687 2350 efﬁcitur.

366 2384 582 2442 XXXII.
623 2384 855 2456 Propter
876 2385 1023 2457 quod
1042 2384 1269 2456 incipite
1286 2387 1399 2457 jam
1420 2388 1645 2444 meliore
1668 2388 1876 2444 intelle-

294 2484 390 2533 ctu
441 2478 847 2548 vobismetipsis
892 2480 1153 2535 resistere
1200 2481 1255 2534 in
1290 2479 1379 2534 his
1420 2496 1541 2549 quae
1574 2496 1685 2535 non
1725 2488 1875 2537 recte

294 2569 522 2638 cupitis,
552 2569 598 2624 si
624 2585 736 2639 quo
765 2569 905 2625 forte
933 2571 1096 2626 modo
1146 2586 1407 2641 reparare
1430 2572 1483 2625 in
1510 2572 1669 2627 vobis
1697 2587 1761 2627 ac
1786 2587 1876 2631 re-

295 2661 528 2719 stituere
574 2661 799 2733 possitis
844 2662 1014 2730 illam,
1048 2678 1169 2735 quae
1207 2678 1274 2720 ex
1298 2664 1456 2719 initio
1486 2667 1810 2723 mortalibus
1843 2683 1871 2722 a

294 2754 409 2810 Deo
442 2755 638 2809 tradita
668 2763 773 2821 est,
819 2756 1102 2827 religionis
1134 2758 1428 2828 puritatem
1460 2768 1515 2813 et
1544 2760 1872 2814 inocentiam

294 2848 442 2912 vita,
469 2854 528 2900 ut
566 2863 663 2918 per
705 2863 825 2902 eam
871 2850 1029 2904 vobis
1067 2852 1229 2906 etiam
1275 2866 1400 2920 spes
1452 2852 1720 2907 bonorum
1771 2851 1873 2905 im-

295 2939 612 2993 mortalium
669 2948 1002 3009 reparetur;
1051 2949 1106 2997 et
1149 2942 1325 3011 agatis
1375 2943 1578 3012 gratias
1626 2943 1871 3012 largitori

294 3031 541 3084 omnium
578 3032 740 3101 patri,
768 3048 864 3100 per
878 3049 1001 3087 eum
1030 3050 1190 3104 quem
1220 3034 1406 3105 posuit
1430 3050 1609 3105 regem
1634 3034 1786 3104 pacis
1817 3042 1871 3090 et

293 3121 613 3175 thesaurum
666 3122 1019 3177 ineffabilium
1072 3124 1365 3184 honorum.
1405 3132 1464 3178 ut
1509 3125 1564 3177 in
1614 3125 1866 3193 prasenti
1897 3149 1940 3205 ρ

294 3212 516 3281 quidem
602 3220 848 3285 tempore
914 3216 1196 3269 diluantur
1257 3224 1479 3286 peccata
1537 3225 1718 3270 vestra
1776 3230 1873 3284 per

293 3317 492 3371 aquam
550 3303 738 3367 fontis,
792 3312 885 3358 aut
932 3304 1196 3367 fluminis,
1231 3313 1325 3358 aut
1362 3306 1525 3359 etiam
1566 3304 1753 3370 maris,
1790 3306 1875 3358 in-

292 3404 493 3450 vocato
528 3412 691 3466 super
720 3413 819 3453 vos
842 3398 985 3452 trino
1014 3398 1369 3453 beatitudinis
1416 3399 1656 3461 nomine,
1688 3407 1748 3451 ut
1778 3413 1875 3467 per

293 3487 400 3541 hoc
434 3504 542 3541 non
574 3490 752 3542 solum
783 3490 1058 3561 fugentur,
1093 3492 1139 3545 si
1177 3492 1320 3544 intra
1357 3507 1455 3547 vos
1486 3492 1734 3545 habitant
1763 3492 1875 3562 spi-

293 3581 437 3633 ritus
504 3581 749 3649 maligni,
814 3598 1003 3636 verum
1059 3583 1225 3637 etiam
1275 3598 1399 3637 cum
1458 3584 1783 3642 destiteritis
1842 3600 1873 3639 a

294 3671 561 3741 peccatis,
588 3681 642 3725 et
674 3681 785 3725 tota
826 3673 930 3729 ﬁde
967 3681 1192 3744 totaque
1240 3677 1437 3731 mentis
1492 3678 1732 3746 puritate
1761 3677 1873 3733 Deo

296 3761 666 3827 credideritis,
697 3764 863 3817 etiam
892 3780 956 3819 ex
999 3766 1120 3820 aliis
1148 3782 1246 3820 vos
1277 3767 1545 3838 malignos
1573 3769 1799 3839 spiritus
1820 3776 1874 3824 et

292 3850 573 3906 daemones
614 3853 886 3924 etlugetis.
940 3862 1105 3925 atque
1135 3871 1163 3908 a
1198 3859 1548 3926 passionibus
1570 3867 1623 3913 et
1654 3859 1876 3930 languo-

296 3946 452 4001 ribus
500 3947 638 4001 alios
694 3948 929 4003 liberare
978 3950 1225 4018 possitis.
1282 3950 1388 4022 Ipsi
1425 3953 1571 4007 enim
1600 3952 1874 4009 daemones

294 4038 482 4093 sciunt
510 4046 565 4092 et
594 4050 899 4111 agnoscunt
945 4056 1039 4097 eos
1071 4042 1165 4111 qui
1197 4058 1256 4097 se
1289 4043 1619 4098 tradiderint
1648 4043 1787 4112 Deo,
1819 4054 1874 4100 et

293 4129 574 4184 interdum
605 4132 721 4186 sola
755 4148 942 4186 eorum
974 4134 1262 4202 prmsentia
1302 4136 1700 4206 propelluntur.
1729 4136 1873 4192 sicut

292 4222 462 4292 paulo
508 4230 635 4278 ante
677 4223 916 4287 vidistis,
959 4225 1234 4293 quomodo
1286 4241 1410 4280 cum
1441 4243 1629 4282 vocem
1661 4236 1871 4282 tantum

294 4312 646 4369 salutationis
700 4313 1025 4371 fecissemus
1059 4317 1127 4370 ad
1154 4332 1272 4381 vos,
1307 4319 1570 4374 continuo
1598 4320 1873 4376 daemones

294 4411 522 4475 propter
550 4405 814 4461 honorem
849 4409 1127 4478 religionis
1166 4418 1371 4464 nostrae
1419 4411 1730 4467 exclamare
1759 4426 1873 4466 coe-

294 4502 519 4563 perunt,
552 4502 605 4549 et
644 4512 712 4550 ne
745 4512 939 4566 parum
988 4498 1207 4568 quidem
1267 4499 1531 4569 temporis
1578 4507 1874 4570 potuerunt
1904 4481 1949 4536 Ῑ)

294 4582 445 4639 ferre
474 4587 821 4654 praesentiam
857 4596 1127 4643 nostram.

372 4675 612 4735 XXXIII.
654 4678 911 4749 Nunquid
940 4696 1047 4735 nos
1074 4681 1301 4736 alterius
1329 4697 1522 4738 sumus
1552 4690 1764 4738 natura;
1788 4698 1877 4738 su-

1974 565 2024 608 et
2058 555 2218 618 venit,
2248 564 2297 608 et
2327 554 2423 607 alii
2444 554 2531 623 [ac
2560 557 2678 618 hoc,
2712 563 2761 609 et
2796 539 2925 624 facit
2946 555 3011 621 ¹¹,
3054 555 3159 609 hoc
3216 564 3399 611 autem
3449 572 3555 627 μοι

1973 652 2081 699 test
2111 660 2219 698 non
2254 646 2472 714 propria
2498 644 2719 711 virtute,
2759 646 2856 701 sed
2884 645 3119 700 Cesaris
3143 653 3289 700 metu
3324 666 3337 701 :
3374 648 3451 701 ita
3487 648 3553 702 tl-

1974 732 2112 788 delis
2138 734 2371 803 quisque
2397 735 2738 791 daemonibus
2790 736 3043 806 imperat,
3073 736 3291 792 etiamsi
3319 738 3554 794 videana

1976 829 2068 875 tur
2093 824 2172 877 illi
2197 826 2367 878 multo
2395 840 2521 879 esse
2544 824 2859 880 hominibus
2889 825 3165 891 fortiores,
3196 842 3307 881 non
3330 836 3554 898 propter

1976 929 2133 969 suam
2184 916 2464 980 virtutem,
2525 916 2621 970 sed
2667 924 2890 988 propter
2936 918 3030 972 Dei
3057 920 3153 988 qui
3188 933 3284 974 eos
3317 919 3554 989 subjecit

1976 1014 2321 1077 potestatem.
2371 1006 2506 1061 Nam
2536 1016 2591 1062 et
2622 1009 2768 1079 quod
2808 1009 3067 1074 diximus,
3096 1019 3153 1065 ut
3177 1010 3363 1065 Ctesar
3407 1013 3551 1081 apud

1975 1117 2168 1158 omnes
2222 1102 2422 1157 milites
2460 1110 2514 1158 et
2541 1104 2595 1158 in
2620 1104 2874 1159 omnibus
2903 1106 3102 1162 castris
3131 1116 3293 1176 atque
3321 1106 3376 1160 in
3406 1107 3555 1161 omni

1976 1208 2144 1264 regno
2192 1195 2471 1259 timeatur,
2528 1210 2653 1249 cum
2685 1196 2757 1250 sit
2786 1212 2929 1251 unus
2953 1205 3008 1251 et
3046 1198 3300 1252 fortassis
3323 1197 3554 1267 exiguus

1974 1288 2208 1353 viribus,
2234 1288 2453 1341 nonnisi
2494 1297 2763 1356 potestate
2800 1288 2894 1343 Dei
2942 1291 3141 1361 agitur,
3174 1291 3266 1360 qui
3294 1290 3548 1345 timorem

1975 1378 2068 1432 dat
2096 1378 2352 1431 omnibus
2382 1384 2441 1431 ut
2465 1378 2560 1431 uni
2583 1378 2979 1448 obtemperent.

2046 1469 2288 1525 XXXIV.
2331 1468 2450 1527 Hoc
2474 1488 2607 1529 sane
2641 1473 2788 1527 scire
2812 1486 2911 1525 vos
2941 1471 3197 1527 volumus
3252 1471 3398 1542 quod
3446 1471 3555 1527 dae-

1979 1578 2133 1628 mon,
2165 1564 2271 1619 nisi
2308 1565 2439 1641 quis
2481 1564 2857 1620 voluntatibus
2887 1563 3008 1634 ejus
3037 1578 3098 1619 se
3133 1571 3330 1633 sponte
3368 1564 3558 1620 subdi-

1976 1654 2137 1719 derit,
2167 1663 2495 1726 potestatem
2543 1657 2835 1711 adversum
2879 1655 3155 1710 hominem
3213 1670 3322 1710 non
3367 1656 3552 1711 habet.

1979 1747 2133 1805 Unde
2172 1758 2225 1805 et
2265 1750 2384 1821 ipse
2429 1751 2523 1822 qui
2563 1759 2650 1806 est
2690 1753 2946 1822 princeps
2983 1752 3225 1817 malitiae,
3277 1752 3347 1807 ad
3405 1753 3553 1807 hunc

1978 1858 2139 1913 quem
2196 1842 2435 1901 diximus
2473 1858 2504 1897 a
2541 1843 2653 1898 Deo
2695 1845 3030 1900 destinatum
3067 1861 3250 1917 regem
3279 1846 3432 1916 pacis
3457 1861 3554 1900 ac-

1976 1934 2143 1990 cessit
2173 1941 2410 1999 tentans,
2454 1942 2510 1990 et
2540 1936 2784 2006 polliceri
2814 1936 2864 1989 ei
2878 1936 3043 2006 cmpit
3072 1951 3291 1991 omnem
3324 1936 3555 2007 gloriam

1981 2024 2193 2087 mundi,
2232 2026 2376 2095 quod
2402 2039 2527 2079 cum
2556 2026 2680 2080 aliis
2701 2026 2993 2081 obtulisset
3027 2026 3329 2097 decipiendi
3361 2041 3553 2091 causa,

1978 2115 2262 2171 adoratum
2293 2130 2352 2171 se
2382 2125 2628 2172 noverat.
2659 2116 2863 2187 Impius
2885 2124 2938 2171 et
2966 2117 3252 2173 immemor
3279 2118 3386 2184 sui,
3410 2119 3555 2189 quod

1975 2213 2057 2263 est
2092 2206 2372 2276 proprium
2398 2214 2453 2260 et
2482 2207 2721 2277 speciale
2750 2207 2989 2271 malitiae,
3032 2208 3370 2262 adorandum
3399 2224 3458 2264 se
3487 2209 3557 2264 ab

1975 2311 2043 2350 eo
2082 2295 2466 2366 praesumebat,
2512 2312 2541 2349 a
2580 2311 2690 2365 quo
2747 2311 2807 2350 se
2861 2303 3088 2350 noverat
3139 2296 3553 2353 destruendum.

1975 2382 2239 2439 Dominus
2269 2400 2399 2458 ergo
2426 2394 2615 2443 noster
2645 2387 2810 2441 unius
2841 2384 2937 2439 Dei
2965 2386 3170 2440 cultum
3194 2388 3551 2452 confirmans,

1974 2477 2256 2548 respondit
2279 2480 2329 2534 ei
2370 2498 2383 2533 :
2413 2478 2682 2548 Scriptum
2711 2489 2788 2534 est
2816 2494 2834 2532 :
2866 2477 3151 2533 Dominum
3211 2479 3375 2534 Deum
3408 2490 3557 2534 tuum

1976 2570 2230 2625 adorabis
2279 2579 2331 2624 et
2382 2570 2467 2625 illi
2517 2571 2619 2626 soli
2673 2573 2862 2626 servies
2887 2573 2978 2634 "z
3032 2587 3141 2642 qua
3198 2573 3557 2643 responsione

1976 2663 2296 2729 deterritus,
2322 2672 2375 2720 et
2409 2671 2658 2719 metuens
2685 2680 2753 2719 ne
2779 2664 2946 2719 unius
2976 2671 3029 2719 et
3058 2665 3171 2720 veri
3204 2663 3297 2719 Dei
3328 2679 3555 2736 repara-

1974 2764 2129 2810 retur
2179 2770 2309 2810 vera
2354 2755 2564 2827 religio,
2621 2754 2844 2811 festinat
2890 2756 3155 2811 continuo
3198 2758 3449 2811 emittere
3500 2756 3557 2810 in

1976 2848 2125 2904 hunc
2165 2848 2429 2902 mundum
2481 2849 2984 2918 pseudoprophetas
3023 2856 3078 2903 et
3121 2848 3557 2919 pseudoaposto-

1974 2937 2056 2993 los
2073 2938 2349 3008 falsosque
2365 2940 2641 3005 doctores,
2673 2939 2765 3009 qui
2784 2940 2887 2993 sub
2911 2940 3131 2994 nomine
3149 2940 3368 3010 quidem
3396 2938 3559 2993 Chri-

1972 3029 2042 3083 sti
2093 3030 2465 3100 loquerentur,
2515 3029 2780 3086 daemonis
2835 3036 3020 3085 autem
3070 3029 3315 3085 facerent
3357 3029 3553 3084 volun-

1973 3129 2162 3176 tatem.

2044 3211 2262 3269 XXXV.
2301 3212 2531 3283 Pr0pter
2551 3213 2695 3283 quod
2727 3214 3014 3270 observate
3042 3216 3279 3279 cautius,
3306 3222 3367 3269 ut
3416 3214 3554 3268 nulli

1976 3305 2264 3359 doctorum
2315 3306 2573 3370 credatis,
2624 3305 2731 3360 nisi
2764 3306 2855 3375 qui
2883 3303 3073 3360 Jacobi
3120 3305 3305 3360 fratris
3336 3304 3553 3360 Domini

1974 3413 2042 3451 ex
2074 3394 2417 3451 Hierusalem
2454 3396 2711 3451 detulerit
2760 3398 3158 3463 testimonium,
3183 3398 3267 3454 vel
3292 3398 3412 3469 ejus
3435 3397 3558 3468 qui-

1973 3503 2190 3558 cunque
2240 3496 2366 3557 post
2418 3489 2598 3559 ipsum
2650 3487 2834 3543 fuerit.
2882 3486 2999 3543 Nisi
3046 3489 3194 3544 enim
3248 3491 3372 3560 quis
3422 3490 3555 3545 illuc

1975 3578 2311 3643 ascenderit,
2353 3588 2408 3633 et
2446 3580 2520 3633 ibi
2577 3578 2741 3635 fuerit
2791 3580 3059 3650 probatus
3093 3579 3238 3651 quod
3270 3582 3340 3636 sit
3365 3580 3558 3637 doctor

1973 3670 2205 3724 idoneus
2234 3678 2287 3724 et
2319 3668 2490 3723 fidelis
2524 3670 2590 3723 ad
2621 3669 3030 3739 praedicandum
3052 3669 3259 3725 Christi
3289 3672 3553 3739 verbum;

1975 3761 2104 3828 nisi,
2130 3761 2375 3831 inquam,
2408 3761 2534 3816 inde
2563 3761 2820 3816 detulerit
2845 3763 3242 3827 testimonium,
3284 3764 3558 3835 recipien-

1975 3857 2080 3910 dus
2129 3854 2355 3908 omnino
2383 3869 2492 3907 non
2523 3862 2608 3908 est
2635 3871 2650 3920 ;
2682 3853 2778 3908 sed
2816 3870 2993 3927 neque
3037 3856 3326 3927 propheta,
3378 3871 3556 3926 neque

1975 3946 2255 4017 apostolus
2279 3947 2333 3999 in
2372 3945 2477 4002 hoc
2516 3954 2763 4016 tempore
2818 3956 3071 4018 speretur
3097 3964 3128 4002 a
3158 3948 3312 4004 vobis
3354 3949 3553 4019 aliquis

1975 4034 2116 4090 alius
2166 4043 2361 4104 praater
2401 4049 2524 4090 nos.
2561 4032 2713 4089 Unus
2770 4037 2915 4090 enim
2952 4045 3038 4092 est
3065 4052 3227 4092 verus
3265 4038 3551 4108 propheta,

1974 4128 2134 4198 cujus
2184 4144 2286 4183 nos
2330 4127 2618 4183 duodecim
2668 4128 2901 4199 apostoli
2955 4129 3119 4183 verba
3165 4130 3549 4199 praedicamus.

1974 4222 2094 4291 Ipse
2130 4221 2274 4276 enim
2305 4228 2388 4275 est
2427 4234 2604 4274 annus
2656 4218 2751 4274 Dei
2804 4226 3085 4289 acceptus,
3143 4235 3244 4274 nos
3276 4221 3554 4290 apostolos

1974 4315 2183 4369 habens
2232 4311 2521 4367 duodecim
2555 4328 2773 4368 menses
2795 4313 2861 4367 ”.
2908 4312 3024 4376 Qua
3065 4318 3245 4365 autem
3278 4326 3441 4367 causa
3466 4313 3555 4367 vel

1976 4405 2215 4460 mundus
2265 4405 2384 4474 ipse
2425 4403 2602 4459 factus
2660 4404 2751 4470 sit,
2774 4404 2855 4457 vel
2892 4403 3240 4458 diversitates
3275 4419 3395 4474 qua:
3423 4413 3552 4457 sunt

1978 4497 2032 4551 in
2080 4510 2149 4551 eo
2184 4494 2503 4555 acciderint,
2545 4501 2599 4549 et
2641 4508 2740 4547 cur
2769 4492 2836 4546 ad
2870 4493 3267 4562 reparationem
3303 4494 3424 4563 ejus
3452 4509 3550 4547 ve-

1979 4585 2138 4641 niens
2170 4582 2434 4638 Dominus
2464 4590 2676 4648 noster,
2729 4583 2953 4652 elegerit
2980 4596 3083 4636 nos
3105 4580 3393 4637 duodecim
3418 4597 3553 4652 apo-

1978 4676 2151 4733 stolos
2196 4683 2253 4731 et
2305 4676 2541 4739 miserit,
2593 4676 2730 4729 alias
2776 4674 2943 4729 latius
2995 4674 3397 4743 explanabitur.
3459 4672 3552 4729 In-

292 4769 531 4838 perioris
579 4770 837 4839 alicujus,
889 4778 943 4826 et
1004 4781 1289 4843 propterea
1346 4789 1448 4828 nos
1494 4773 1769 4830 damones
1807 4775 1879 4828 ti-
1979 4768 2138 4823 terim
2170 4767 2455 4837 nosjussit
2482 4766 2632 4822 exire
2674 4765 2743 4820 ad
2773 4764 3177 4836 praedicandum
3223 4772 3277 4819 et
3320 4765 3554 4821 invitare

295 4859 701 4915 ment?Unius
752 4861 998 4929 ejusdem
1053 4862 1338 4918 vobiscum
1389 4870 1599 4918 natura:
1660 4880 1875 4929 sumus,

294 4953 395 5007 sed
426 4954 685 5024 religione
717 4952 1038 5009 differimus.
1082 4954 1239 5021 Quod
1267 4963 1321 5011 et
1342 4956 1386 5010 si
1410 4972 1506 5011 vos
1538 4973 1661 5013 esse
1685 4958 1871 5024 vultis,

295 5060 409 5099 non
448 5045 780 5109 invidemus,
819 5046 951 5116 quin
984 5047 1167 5116 potius
1192 5057 1245 5103 et
1267 5048 1554 5102 hortamur
1583 5058 1874 5119 certosque

295 5152 423 5191 esse
442 5151 539 5190 vos
577 5138 704 5191 vqu
732 5154 852 5201 nus,
885 5138 1031 5208 quod
1070 5154 1195 5192 cum
1228 5139 1392 5193 fuerit
1422 5141 1477 5194 in
1504 5140 1660 5195 vobis
1682 5143 1873 5196 eadem

295 5244 421 5298 qua:
450 5229 506 5282 in
536 5229 695 5285 nobis
725 5238 811 5286 est
840 5230 975 5287 fides
1006 5239 1061 5286 et
1096 5232 1288 5302 religio
1322 5248 1389 5288 ac
1430 5234 1558 5288 vita:
1607 5233 1873 5288 innocen-

297 5320 400 5381 tia,
454 5329 841 5376 remunerante
896 5321 1007 5378 Deo
1062 5322 1220 5378 ﬁdem
1299 5331 1559 5390 vestram,
1620 5325 1725 5379 erit
1776 5341 1875 5395 par

297 5409 455 5463 vobis
479 5416 641 5478 atque
679 5410 869 5464 eadem
917 5411 1082 5466 etiam
1107 5418 1299 5467 contra
1325 5414 1601 5469 daemones
1631 5424 1875 5483 potestas

296 5507 355 5554 et
395 5501 593 5554 virtus.
652 5500 808 5555 Sicut
846 5502 992 5557 enim
1029 5503 1075 5556 is
1108 5504 1201 5573 qui
1248 5509 1522 5575 acceperit
1554 5507 1657 5561 sub
1680 5522 1739 5562 se
1772 5506 1877 5559 mi-

298 5590 441 5655 lites,
475 5590 692 5647 etiamsi
736 5592 854 5662 ipse
900 5593 1146 5658 inferior,
1181 5603 1236 5648 et
1280 5594 1355 5649 illi
1405 5598 1719 5666 superiores
1762 5596 1870 5653 sint

1978 4878 2076 4918 vos
2108 4862 2175 4917 ad
2230 4876 2444 4916 comam
2473 4861 2635 4930 Regis
2685 4860 2949 4925 cmlestis,
3003 4875 3167 4929 quam
3224 4859 3553 4930 praparavit

1974 4961 2134 5017 Pater
2166 4954 2220 5008 in
2249 4953 2455 5023 nuptiis
2472 4952 2591 5007 Filii
2634 4952 2739 5017 sui,
2769 4959 2825 5007 et
2852 4962 2910 5005 ut
2940 4951 3132 5007 demus
3177 4951 3335 5007 vobis
3391 4951 3554 5005 indu-

1982 5054 2163 5101 menta
2196 5045 2460 5115 nuptialia
2483 5044 2549 5112 ’⁸,
2573 5045 2718 5115 quod
2750 5051 2834 5100 est
2878 5044 3050 5115 gratia
3078 5043 3360 5113 baptismi,
3387 5059 3551 5113 quam

1980 5138 2071 5209 qui
2096 5138 2260 5193 fuerit
2287 5146 2637 5199 consecutus,
2672 5143 2930 5206 tanquam
2974 5137 3357 5190 vestimentum
3386 5150 3551 5187 mun-

1981 5232 2133 5294 dum,
2190 5246 2314 5285 cum
2352 5246 2462 5300 quo
2515 5230 2564 5283 ei
2622 5227 3031 5299 ingrediendum
3086 5234 3171 5282 est
3227 5225 3294 5279 ad
3336 5239 3550 5279 ctenam

1983 5323 2147 5392 regis,
2197 5322 2490 5376 observare
2526 5319 2706 5382 debet,
2731 5334 2801 5373 ne
2834 5325 3062 5388 peccato
3097 5316 3276 5385 aliqua
3307 5331 3373 5371 ex
3398 5323 3552 5383 parte

1978 5415 2301 5477 maculetur,
2326 5421 2380 5468 ct
2405 5413 2474 5467 ob
2497 5412 2601 5466 hoc
2628 5418 2885 5481 tanquam
2921 5408 3175 5479 indignus
3202 5415 3256 5463 et
3285 5407 3551 5477 reprobus

1977 5505 2286 5572 abjiciatur.
2996 5490 3008 5501 ’

2052 5594 2291 5650 XXXVI.
2333 5596 2524 5652 Causa:
2569 5603 2748 5652 autem
2784 5594 2984 5666 quibus
3040 5592 3344 5649 maculetur
3396 5588 3548 5644 istud

378 5772 417 5804 "
451 5770 641 5828 Matth.
676 5788 791 5838 vm,
825 5771 877 5829 9.
956 5773 999 5805 ”
1024 5771 1211 5828 Matth.
1250 5788 1323 5840 tv,
1364 5774 1448 5830 IO.
1527 5776 1571 5808 ³³
1604 5774 1738 5831 Luc.
1776 5792 1848 5843 tv,
1882 5776 1976 5834 l9.
2048 5776 2090 5808 “
2120 5774 2312 5831 Matth.
2349 5774 2662 5842 xxn,2—l-’t.
