3888 6192
355 328 486 383 1331

1208 324 1265 381 S.
1308 324 1703 383 CLEMENTIS
1741 326 1760 380 Ι
1793 325 1962 383 ROM.
2001 327 2204 383 PONT.
2247 326 2475 384 OPERA
2510 326 2739 384 DUBIA.

3491 324 3633 381 1333

354 442 733 498 indumentum
784 441 867 497 ha
920 448 1051 497 sunt
1080 461 1093 497 :
1124 442 1171 497 si
1224 444 1349 514 quis
1392 444 1612 501 recedat
1638 461 1668 499 a
1700 453 1854 516 patre
1883 453 1939 501 et
1969 452 2014 511 Α
2045 447 2350 518 sexaginta,
2382 447 2579 503 tertius
2620 446 2715 518 qui
2758 453 3000 508 centum,
3028 442 3171 499 sicut
3208 441 3336 499 alias
3373 442 3539 498 vobis
3566 443 3634 499 de

352 537 637 591 conditore
667 536 916 589 omnium
948 534 1079 598 Deo,
1114 536 1280 590 alium
1340 538 1612 609 recipiens
1654 538 1935 592 doctorem

352 635 551 697 praeter
577 625 879 689 Christum,
911 627 1004 697 qui
1036 636 1121 681 est
1144 629 1297 684 solus
1333 630 1508 683 ﬁdelis
1533 644 1595 683 ac
1623 646 1786 684 verus
1820 644 1940 698 pro-

354 720 538 787 pheta,
595 719 801 789 quique
851 735 952 775 nos
1004 719 1291 775 duodecim
1344 721 1623 790 apostolos
1681 720 1829 774 misit
1869 720 1938 774 ad

356 810 767 880 praedicandum
810 811 1039 865 verbum
1067 830 1080 877 ;
1116 820 1169 865 et
1194 814 1238 865 si
1274 812 1400 881 quis
1429 810 1496 865 de
1527 811 1833 866 substantia
1862 812 1942 866 di-

352 902 603 957 vinitatis
661 918 782 972 qua:
840 911 1038 959 cuncta
1087 904 1369 974 praecellit,
1426 903 1584 956 aliter
1639 918 1801 972 quam
1854 903 1939 958 di-

357 1010 522 1064 gnum
556 1002 641 1051 est
673 995 895 1060 sentiat,
929 995 1043 1050 haec
1066 1007 1192 1050 sunt
1232 1012 1354 1065 qua
1382 1012 1556 1065 usque
1598 995 1664 1049 ad
1706 1004 1937 1053 mortem

356 1086 617 1155 baptismi
651 1086 901 1156 polluunt
934 1085 1337 1141 indumentum.
1383 1086 1515 1152 Quae
1553 1102 1688 1141 vero
1719 1089 1773 1141 in
1804 1090 1940 1143 acti-

354 1176 459 1231 bus
486 1177 756 1246 polluunt,
785 1178 887 1232 ista
913 1184 1043 1232 sunt
1076 1194 1089 1228 :
1134 1177 1445 1243 homicidia,
1477 1178 1766 1244 adulteria,
1790 1180 1937 1246 odia,

355 1268 607 1331 avaritia,
638 1268 911 1338 cupiditas
934 1271 1100 1322 mala.
1132 1268 1263 1333 Ome
1288 1278 1467 1323 autem
1507 1271 1748 1325 animam
1774 1273 1939 1327 simul

355 1364 410 1410 et
444 1372 645 1426 corpus
685 1357 957 1427 polluunt,
1018 1357 1120 1412 ista
1148 1366 1276 1411 sunt
1312 1373 1324 1409 :
1378 1359 1706 1429 participare
1739 1361 1941 1416 dmino.

360 1464 492 1503 num
517 1464 739 1514 mensae,
774 1450 878 1503 hoc
900 1456 1006 1515 est,
1041 1450 1317 1504 immolata
1354 1451 1664 1522 degustare,
1697 1454 1777 1509 vel
1813 1470 1942 1510 san-

358 1541 601 1611 guinem,
635 1543 718 1596 vel
747 1542 1117 1596 morticinium
1148 1544 1294 1613 quod
1326 1552 1409 1598 est
1437 1545 1785 1611 suffocatum,
1808 1557 1862 1603 et
1892 1550 1938 1605 si

356 1630 489 1701 quid
537 1629 687 1685 aliud
715 1631 976 1702 estquod
1024 1632 1363 1687 daemonibus
1408 1635 1648 1689 oblatum
1697 1646 1801 1694 est.
1841 1638 1940 1693 Hic

355 1736 491 1793 ergo
518 1722 676 1777 vobis
708 1721 779 1777 sit
807 1723 1018 1793 primus
1046 1722 1249 1793 gradus
1277 1740 1341 1777 ex
1364 1725 1561 1791 tribus,
1599 1727 1691 1797 qui
1734 1728 1939 1799 gradus

356 1813 582 1885 triginta
610 1829 676 1869 ex
704 1829 765 1869 se
792 1814 963 1885 gignit
1003 1814 1256 1869 mandata
1289 1814 1355 1880 ",
1387 1818 1663 1874 secundus
1685 1835 1814 1875 vero
1845 1823 1939 1892 qui

431 1946 476 1978 "
510 1944 702 2001 Matth.
734 1960 867 2011 xut,
896 1944 989 2000 23.

2044 536 2131 591 his
2159 537 2375 605 plenius
2400 550 2760 606 exponemus.

2112 626 2378 683 XXXVII.
2422 627 2487 681 Et
2524 628 2640 682 haec
2659 643 2782 681 cum
2809 625 3057 689 dixisset,
3092 641 3157 682 ac
3183 625 3543 696 praecepisset
3571 631 3634 678 at

2040 719 2129 775 die
2186 731 2401 791 postera
2430 721 2497 774 ad
2526 721 2775 775 eumdem
2818 721 2996 774 locum
3049 720 3317 773 maturius
3364 718 3631 772 convenio

2041 817 2185 874 rent,
2219 812 2408 866 turbas
2449 811 2696 875 dimisit;
2732 811 2931 879 quibus
2979 808 3233 864 recedere
3277 809 3622 871 nolentibus,

2040 901 2116 956 ait
2147 900 2342 957 Petrus
2367 917 2382 956 :
2427 901 2635 956 Donate
2682 901 2813 955 mihi
2841 902 2981 955 hanc
3011 901 3240 971 gratiam
3270 909 3500 969 propter
3526 901 3616 955 he-

2040 991 2212 1045 sterni
2266 991 2477 1046 itineris
2549 991 2797 1056 labores;
2837 998 2891 1045 et
2938 1004 3085 1044 nunc
3138 988 3487 1044 discedentes
3540 988 3633 1043 die

2040 1082 2282 1137 Crastina
2333 1081 2599 1136 maturius
2649 1081 2934 1135 convenite
2969 1098 2984 1147 ;
3016 1088 3070 1135 et
3111 1084 3185 1134 ita
3240 1095 3366 1133 cum
3424 1081 3624 1135 laetitia

2042 1177 2368 1233 discessere.
2406 1177 2473 1231 At
2500 1176 2694 1231 Petrus
2712 1178 2989 1247 paululum
3026 1193 3112 1231 me
3134 1177 3387 1230 secedere
3414 1175 3623 1244 praeci—

2042 1273 2200 1341 piens
2228 1272 2492 1325 orationis
2533 1285 2722 1335 causa,
2756 1270 2912 1339 jubet
2941 1277 3063 1339 post
3091 1269 3205 1323 hzec
3241 1268 3293 1321 in
3325 1268 3449 1321 loco
3479 1266 3627 1320 horti

2046 1379 2205 1433 quem
2265 1365 2455 1416 umbra
2525 1363 2884 1433 contegebat,
2933 1363 3241 1415 accubitum
3297 1360 3507 1421 sterni,
3571 1364 3632 1412 et

2045 1454 2419 1524 unusquisque
2442 1470 2508 1507 ex
2539 1469 2689 1507 more
2736 1468 3139 1523 recognoscens
3167 1451 3372 1522 proprii
3404 1448 3627 1504 ordinis

2044 1547 2246 1610 locum,
2302 1546 2484 1601 cibum
2522 1544 2878 1614 sumpsimus.
2927 1542 3067 1597 Tum
3112 1544 3305 1598 deinde
3353 1542 3483 1612 quia
3529 1555 3630 1594 su-

2043 1647 2258 1709 pererat
2315 1638 2492 1693 adhuc
2541 1637 2941 1709 aliquantulum
2987 1636 3115 1697 diei,
3159 1636 3227 1689 de
3271 1630 3629 1687 mirabilibus

2046 1728 2259 1783 Domini
2294 1728 2601 1785 collocutus
2642 1729 2953 1793 nobiscum,
2991 1742 3216 1797 vespere
3246 1724 3631 1793 factoingres-

2050 1837 2147 1879 sus
2171 1821 2485 1876 cubiculum
2515 1823 2739 1893 quievit.

1472 2226 1835 2315 LIBER
1909 2226 2498 2330 QUINTUS.

428 2529 472 2587 ι.
513 2526 772 2596 Sequenti
808 2532 988 2579 autem
1025 2523 1135 2586 die,
1160 2523 1322 2593 paulo
1342 2524 1505 2579 citius
1534 2539 1700 2593 quam
1721 2524 1932 2581 solebat

360 2633 701 2689 consurgens
749 2614 965 2676 Petrus,
1007 2614 1213 2669 invenit
1243 2631 1345 2671 nos
1373 2615 1706 2671 dormientes
1739 2634 1754 2683 ;
1784 2617 1932 2686 quod

360 2711 452 2766 ubi
480 2708 675 2769 sensit,
698 2705 856 2774 quasi
894 2704 1009 2773 ipse
1046 2702 1228 2758 adhuc
1260 2704 1500 2760 dormire
1529 2706 1737 2770 volens,
1761 2707 1900 2761 silen

358 2803 497 2858 tiu-ii
537 2798 643 2855 sibi
695 2795 811 2851 fieri
849 2794 1037 2865 jussit,
1072 2803 1131 2849 ut
1156 2796 1315 2851 nobis
1346 2796 1665 2868 quiescendi
1698 2798 1932 2853 faculta-

357 2901 470 2949 tem
500 2891 671 2946 daret.
704 2886 807 2943 Ubi
834 2893 1013 2942 autem
1041 2886 1229 2943 refecti
1265 2903 1459 2944 somno
1491 2891 1926 2957 essurreximus,

356 2989 668 3047 invenimus
696 3001 821 3042 eum
850 2985 1098 3039 oratione
1124 2982 1419 3041 factaintra
1436 2984 1745 3041 cubiculum
1759 3002 1929 3059 oppe-

357 3084 589 3139 rientem
621 3093 743 3133 nos.
776 3076 843 3130 Et
865 3090 990 3130 cum
1016 3076 1127 3146 jam
1157 3084 1303 3131 esset
1336 3078 1747 3148 crepusculum,
1786 3044 1925 3133 salu-
1960 3044 2006 3107 Ο

356 3179 482 3224 tans
506 3184 574 3223 ex
602 3181 753 3221 more
791 3165 1029 3219 breviter
1066 3165 1337 3220 allocutus
1363 3173 1469 3231 est,
1503 3175 1557 3221 et
1576 3167 1840 3225 continuo
1868 3168 1937 3223 ad

357 3268 686 3317 consuetum
744 3258 924 3312 locum
978 3256 1212 3311 docendi
1284 3258 1457 3327 gratia
1509 3259 1795 3329 procedit,
1845 3260 1939 3313 ubi

358 3367 483 3406 eum
518 3349 745 3403 vidisset
775 3347 842 3402 ad
893 3346 1223 3401 audiendum
1274 3347 1538 3417 plurimos
1586 3350 1934 3416 convenisse,

357 3444 537 3515 primo
587 3440 872 3510 religionis
915 3440 1026 3494 ritu
1058 3453 1191 3509 pace
1215 3440 1297 3495 eis
1324 3440 1593 3507 invocata,
1621 3442 1805 3499 dicere
1834 3443 1939 3498 hoc

360 3533 525 3587 modo
547 3533 716 3601 coepit
750 3549 762 3585 :
1554 3590 1559 3595 η

430 3623 495 3679 ll.
538 3624 584 3655 “
625 3623 767 3679 Deus
798 3630 1015 3677 creator
1061 3622 1302 3677 omnium
1334 3639 1401 3677 ex
1428 3624 1585 3679 initio
1627 3626 1695 3682 ad
1741 3627 1935 3699 imagi-

359 3730 486 3770 nem
549 3728 705 3770 suam
754 3714 1031 3768 hominem
1092 3713 1241 3777 fecit,
1300 3717 1461 3783 eique
1510 3716 1937 3774 dominationem

359 3816 521 3865 ternae
544 3804 823 3874 marisque
850 3815 903 3859 et
930 3805 1074 3859 aeris
1109 3806 1285 3874 ipsius
1328 3806 1498 3873 dedit,
1532 3808 1674 3863 sicut
1693 3818 1747 3864 et
1774 3826 1939 3867 verus

359 3895 521 3950 nobis
552 3894 815 3965 propheta
846 3895 1110 3958 narravit,
1132 3902 1187 3949 et
1216 3896 1333 3965 ipsa
1352 3911 1534 3950 rerum
1571 3897 1711 3951 ratio
1731 3897 1889 3953 docet
1921 3916 1936 3964 ;

360 3987 514 4043 solus
558 3986 702 4041 enim
749 3994 836 4040 est
893 3987 1258 4051 rationabilis,
1296 3995 1350 4041 et
1387 4003 1733 4058 consequens
1768 3998 1852 4045 est
1882 4001 1940 4046 ut

359 4078 503 4133 ratio
525 4077 998 4133 irrationabilibus
1027 4078 1357 4134 dominetur.
1406 4078 1504 4134 Hic
1526 4096 1655 4151 ergo
1685 4082 1753 4137 ab
1783 4082 1940 4137 initio

360 4186 487 4224 cum
516 4170 695 4224 adhuc
720 4169 906 4242 justus
932 4177 1098 4234 esset,
1130 4171 1347 4225 cunctis
1370 4171 1517 4227 vitiis
1543 4180 1597 4227 et
1636 4172 1785 4226 omni
1830 4172 1941 4226 fra-

358 4263 567 4334 gilitate
605 4262 857 4333 superior
900 4269 1060 4328 erat;
1102 4262 1194 4316 ubi
1246 4269 1427 4315 autem
1473 4264 1741 4334 peccavit.
1793 4264 1940 4319 sicut

359 4354 619 4409 hesterno
646 4355 735 4409 die
762 4354 1073 4419 docuimus,
1090 4362 1143 4408 et
1174 4353 1350 4410 factus
1371 4362 1456 4411 est
1486 4372 1679 4411 servus
1705 4358 1935 4427 peccati,

2035 2524 2235 2594 pietate
2292 2522 2582 2592 passibiles
2624 2521 2754 2576 facti
2790 2529 2937 2581 sunt,
2966 2520 3041 2574 ita
3078 2534 3173 2589 per
3204 2518 3463 2587 pietatem
3494 2534 3635 2587 pos—

2036 2622 2168 2671 sunt
2188 2630 2312 2669 esse
2343 2613 2715 2684 impassibiles
2749 2612 2885 2683 (16),
2915 2619 2969 2666 et
2993 2626 3101 2664 non
3126 2611 3300 2664 solum
3356 2608 3624 2677 impassi-

2037 2707 2193 2767 biles,
2220 2719 2406 2759 verum
2433 2711 2487 2757 et
2514 2719 2681 2774 parva
2713 2703 2768 2757 in
2812 2701 2981 2757 Deum
3006 2700 3108 2755 lide
3134 2699 3367 2752 aliorum
3408 2700 3636 2766 passio-

2035 2813 2135 2852 nes
2161 2803 2440 2850 curantes.
2468 2792 2545 2847 lta
2577 2795 2719 2848 enim
2760 2808 2924 2847 verus
2980 2791 3241 2861 propheta
3302 2789 3473 2842 nobis
3503 2804 3636 2858 pro-

2038 2889 2190 2945 misit
2241 2888 2432 2943 dicens
2459 2906 2473 2942 :
2500 2890 2668 2940 Amen
2726 2885 2845 2939 dico
2895 2884 3061 2948 vobis,
3094 2884 3217 2953 quia
3253 2883 3297 2935 si
3322 2882 3634 2935 habueritis

2035 2982 2193 3053 ﬁdem
2212 2982 2587 3050 sicntgranum
2610 2978 2830 3046 sinapis,
2858 2976 3042 3029 dicetis
3073 2975 3236 3027 monti
3257 2972 3400 3037 huic,
3433 2972 3636 3025 Transi

2041 3074 2181 3138 hinc,
2240 3082 2290 3126 et
2345 3070 2594 3125 transibit
2647 3070 2713 3125 ".
2755 3068 2930 3137 Hujus
2976 3067 3128 3122 vocis
3175 3066 3341 3120 etiam
3386 3080 3491 3119 vos
3524 3066 3636 3134 ipsi

2043 3168 2372 3223 documenta
2428 3163 2719 3235 accepistis
2749 3180 2765 3229 ;
2817 3163 3075 3218 hesterno
3103 3161 3250 3216 enim
3283 3160 3375 3213 die
3402 3159 3633 3214 vidistis

2042 3256 2315 3329 quomodo
2354 3254 2663 3311 astantibus
2708 3254 2891 3318 nobis,
2931 3252 3204 3306 daemones
3252 3264 3378 3304 cum
3408 3250 3636 3319 passio-

2042 3352 2206 3406 nibus
2250 3364 2388 3419 quas
2436 3346 2753 3403 hominibus
2791 3348 3129 3407 invexerant,
3185 3342 3536 3396 transierunt
3578 3348 3637 3395 et

2043 3439 2213 3510 fugati
2243 3447 2393 3495 sunt.

2114 3530 2204 3589 Ill.
2231 3532 2369 3599 Quia
2394 3547 2526 3603 ergo
2552 3530 2646 3585 alii
2677 3528 2896 3599 quidem
2926 3527 3175 3581 homines
3200 3524 3512 3596 patiuntur,
3539 3524 3635 3577 alii

2040 3624 2314 3693 patientes
2342 3628 2563 3684 sanant,
2597 3634 2766 3674 causa
2796 3619 2915 3674 sine
2940 3616 3107 3671 dubio
3133 3616 3219 3670 vel
3268 3613 3520 3684 patiendi
3548 3614 3632 3668 vel

2041 3715 2272 3771 curandi
2302 3712 2585 3769 noscenda
2629 3722 2735 3775 est,
2792 3725 2916 3779 qtae
2970 3722 3079 3761 non
3120 3706 3227 3759 alia
3284 3720 3429 3766 esse,
3464 3717 3634 3773 quam

2041 3807 2374 3877 patientibus
2431 3803 2651 3875 quidem
2711 3800 3071 3861 inﬁdelitatis,
3125 3796 3454 3851 curantibus
3504 3808 3635 3849 vero

2042 3900 2166 3955 tidei
2196 3899 2626 3955 demonstratur.
2656 3894 2953 3950 inﬁdelitas
2982 3892 3129 3947 enim
3158 3890 3286 3944 dum
3313 3904 3426 3943 non
3455 3886 3635 3942 credit

2045 3991 2293 4045 futurum
2318 3987 2587 4059 judicium
2646 3985 2765 4051 Dei,
2794 3981 3056 4055 pecvandi
3092 3979 3373 4035 licentiam
3401 3976 3631 4046 pratbet,

2045 4089 2334 4154 peccatum
2365 4095 2494 4134 vero
2518 4078 2789 4133 hominem
2816 4073 3168 4146 passionibus
3213 4069 3517 4123 obnoxium
3552 4065 3633 4118 la-

2041 4176 2135 4231 cit.
2168 4173 2330 4229 Fides
2361 4181 2541 4227 autem
2588 4169 2835 4224 futurum
2885 4181 3009 4221 esse
3060 4162 3155 4218 Dei
3200 4160 3476 4231 judicium
3510 4172 3633 4211 cre-

2040 4269 2177 4324 dens
2206 4266 2453 4321 continet
2484 4264 2738 4319 homines
2784 4275 2816 4314 a
2863 4264 3124 4330 peccato;
3179 4269 3289 4308 non
3334 4257 3633 4323 peccantes

2040 4373 2172 4413 vero
2202 4372 2312 4412 non
2335 4356 2513 4410 solum
2544 4353 2703 4408 liberi
2725 4358 2855 4408 sunt
2890 4367 2921 4403 a
2950 4345 3292 4403 daemonibus
3323 4352 3381 4397 et
3411 4340 3633 4411 passio-

360 4443 603 4498 simulet
631 4444 911 4515 fragilitati
938 4444 1171 4498 eﬂicitur
1217 4446 1509 4502 obnoxius.
1544 4420 1938 4513 Quod-idcirco
1970 4420 2013 4475 θ
2042 4450 2231 4512 nibus,
2260 4463 2450 4502 verum
2480 4455 2536 4502 et
2564 4446 2799 4500 aliorum
2828 4442 3108 4497 dwmones
3148 4445 3203 4493 et
3232 4438 3525 4506 passiones
3548 4431 3636 4486 fu-

359 4535 624 4604 scriptum
654 4543 762 4600 est,
802 4543 861 4589 ut
889 4537 1067 4590 sciant
1108 4536 1358 4593 homines
1404 4539 1533 4609 quia
1581 4542 1724 4595 sicut
1748 4556 1815 4595 ex
1845 4541 1940 4594 im-

2044 4555 2174 4611 gare
2202 4548 2451 4609 possunt.

433 4740 480 4770 “
506 4739 639 4808 Cap.
675 4738 711 4791 2
738 4768 763 4778 -
794 4739 862 4792 53
916 4738 1115 4792 desunt
1145 4739 1199 4792 in
1252 4738 1411 4792 codd.
1464 4736 1645 4808 Lipss.
1680 4736 1993 4808 ACohzerent
2050 4745 2232 4793 autem
2287 4752 2353 4793 ea
2398 4751 2520 4807 quae
2576 4745 2882 4808 sequuntur
2930 4745 3057 4808 cum
3096 4729 3489 4808 superioribus
3528 4728 3635 4783 hoc

360 4810 527 4862 modo
564 4800 604 4863 ε’
627 4823 753 4880 pace
791 4810 890 4880 ‘eis
921 4810 1186 4873 invocata,
1221 4810 1401 4880 aliqua
1430 4800 1546 4862 illis
1569 4810 1633 4861 de
1668 4806 1891 4863 hominis
1923 4809 2187 4863 creatione
2214 4818 2263 4861 et
2296 4800 2447 4875 lapsit
2473 4800 2733 4876 exposuit.
2766 4804 2837 4859 Et
2863 4813 2981 4874 post
3033 4802 3143 4856 haec
3166 4800 3333 4872 jussit
3384 4800 3489 4853 sibi
3510 4816 3632 4864 eos,

360 4886 468 4935 etc.
580 4880 622 4909 "
655 4877 846 4933 Matth.
880 4893 1013 4943 xvu,
1052 4882 1137 4937 19.

1683 4987 2049 5049 COTELERII
2063 4988 2321 5045 ‘NOTE.

430 5107 549 5183 (16)
609 5106 991 5177 lmpassibites.
1063 5111 1321 5165 Ἀπάθεια.
1347 5121 1402 5167 et
1435 5112 1844 5183 ἀναμαρτησία,
1884 5111 1933 5166 si

365 5180 553 5251 stricte
585 5188 896 5251 sumantur.
920 5189 1074 5251 sunt
1110 5180 1637 5251 imperturbabilitas‘
1659 5180 1933 5249 et'impec-

364 5248 633 5311 cubilitas,
659 5249 1053 5317 imperturbatio
1080 5260 1135 5304 et
1164 5248 1728 5320 iinpeccantia.Vcrum
1760 5248 1935 5306 laxius

364 5320 642 5392 interdum
699 5329 1036 5390 usurpantur
1080 5336 1109 5374 a
1165 5324 1373 5377 sanctis
1418 5323 1694 5381 Patribus.
1742 5337 1938 5392 pro_e.o

366 5397 512 5463 statu
542 5390 595 5443 in
630 5406 740 5463 quo
793 5392 1124 5463 positusivir
1153 5401 1397 5457 sanctus,
1428 5410 1524 5463 per
1564 5390 1793 5463 gratiam
1841 5390 1935 5463 Dei

364 5460 550 5517 minus
570 5460 778 5513 crebris
808 5462 1221 5531 minoribusque
1250 5460 1642 5519 tentationibtts
1664 5460 1937 5531 obnoxius

364 5538 470 5601 est,
502 5532 976 5601 nec_gravioribus
1019 5530 1260 5601 peccatis
1287 5535 1591 5588 succumbit
1624 5530 1936 5595 εἈπάοεια,

365 5597 545 5673 inquit
583 5597 871 5673 Maximus,
904 5602 981 5655 De
1000 5597 1275 5673 cbaritate,
1307 5605 1554 5658 centuria
1581 5604 1633 5667 ί,
1664 5619 1786 5673 cap.
1828 5601 1934 5673 56,

368 5669 517 5721 ἐστὶν
586 5671 840 5808 εἰρηνικῖ
880 5672 1210 5736 κατάστασις
1252 5675 1447 5745 ψυχῆς,
1494 5674 1614 5728 καθ’
1657 5669 1943 5744 ἦν’δυσκί-

368 5753 526 5804 νητος
555 5737 763 5805 γίνεται
842 5743 946 5808 υχὴ
986 5742 1120 5808 πρὸς
1162 5744 1378 5798 κακίαν.
1414 5743 1510 5798 Est
1540 5744 1794 5808 ἀπάθεια,
1842 5755 1939 5807 ρα-

367 5753 526 5818 vero;
555 5737 763 5818 vii-ierat
799 5737 946 5813 ψυχὴ
986 5742 1120 5812 πρὸς
1162 5737 1794 5818 κακῖαἰῈεζγςπάσεια,
1842 5755 1939 5807 ρα-

370 5816 519 5861 ratus
546 5814 734 5863 animm
767 5822 958 5870 status.
998 5814 1276 5868 secundum
1298 5832 1445 5874 quem
1478 5814 1746 5881 di/ﬁcnller
1774 5828 1942 5870 move-

2035 5120 2123 5179 tur
2152 5110 2332 5163 anima
2356 5126 2481 5179 erga
2516 5108 2801 5171 malitiam,
2817 5104 3162 5179 duaxiv'qrog,
3195 5118 3305 5157 non
3331 5101 3633 5179 argivum.

2038 5178 2212 5234 Reddi
2243 5171 2435 5232 autenf
2466 5179 2625 5233 debet
2664 5193 2769 5231 vox
2806 5171 3049 5238 ἀπαθεῖξ
3074 5172 3343 5227 Clementi
3386 5171 3634 5225 Alexan-

2039 5251 2202 5304 drino
2235 5249 2438 5305 Strom.
2481 5264 2578 5315 vn,
2623 5263 2675 5318 p.
2710 5246 2834 5309 750,
2883 5244 2976 5299 ubi
3027 5241 3634 5318 anstﬂeigediderunt.

2041 5320 2310 5397 ερπειθεῖς
2338 5306 2720 5397 (ροι-ηξιιθῆιίῐιιΔ
2745 5306 2843 5397 ac"
2856 5321 3159 5397 verterunt.
3205 5312 3315 5366 Καὶ
3351 5306 3501 5397 sive;
3531 5310 3637 5397 μξγ

2039 5389 2149 5442 τῶν
2198 5380 2478 5461 πρότέρων
2524 5390 2650 5450 τοὺς
2692 5386 2977 5456 δευτέρους
3006 5383 3284 5455 ἀμείνους,
3311 5380 3541 5433 οὐδέπω
3575 5380 3637 5433 δὲ

2040 5458 2289 5531 ἀπαθεῖς,
2320 5461 2386 5530 ἢν
2419 5460 2494 5531 μὴ
2521 5457 2886 5531 ᾁμγησίκᾳξιοι
2930 5454 3115 5531 τέλεοκί
3130 5452 3447 5531 πενόμενοιὶ
3488 5448 3638 5531 itast

2042 5474 2289 5523 απαυεις,
2320 5474 2386 5530 ην
2459 5474 2494 5531 η
2521 5474 2886 5529 αμνησικακοι
2930 5474 3113 5507 τελεον
3140 5474 3443 5523 γενομενοι,
3489 5474 3637 5503 κατι

2042 5528 2142 5611 τῂν
2168 5529 2270 5611 ’ςοῇ
2293 5477 2498 5611 [EUng
2540 5526 2897 5611 Smnakiav‘
2917 5523 3339 5611 ἰ’«εροςςξξόιξωνίιτειι³
3363 5518 3637 5611 κῗξρὐὲρ

2042 5590 2155 5674 τῶν
2180 5590 2408 5671 ὲχθρῶν’.
2424 5598 2607 5674 Porro
2630 5606 2824 5674 auctor
2854 5590 3284 5674 Recognitionam
3321 5590 3638 5674 impossibi-

2048 5668 2121 5723 les
2158 5668 2253 5725 eos
2282 5668 2540 5740 appellat,
2583 5669 2675 5739 qui
2712 5678 2933 5738 propter
2965 5668 3332 5740 innocentiam
3364 5668 3496 5715 vitae
3530 5674 3635 5715 nec

2047 5732 2400 5796 incursaniur
2430 5756 2459 5795 a
2484 5732 2843 5804 daemonibus]
2876 5752 2976 5794 nec
3001 5735 3204 5793 morbis
3230 5732 3562 5807 allliguntur.
