3888 6192
369 255 484 310 353

1562 249 2129 311 BECOGNITIONUM
2164 252 2293 310 LIB.
2330 253 2397 308 Υ.

3454 258 3619 366 ιξὲδι1

411 366 502 423 ιγ.
533 365 612 421 Ex
638 366 727 425 his
773 384 902 441 ergo
932 370 1187 427 omnibus
1240 370 1535 443 colligitur,
1588 372 1731 442 quod
1763 370 1915 439 origo
1944 373 1991 427 A
2018 367 2162 423 latur
2189 370 2457 424 bonorum
2491 368 2595 425 sibi
2618 369 2921 425 doctrinam
2972 369 3145 427 fuisse
3196 371 3451 437 delatam,
3501 365 3617 429 re-i

333 458 507 514 totius
538 459 665 514 mali
694 460 763 515 ab
785 460 1091 531 ignorantia
1115 461 1430 527 descendat,
1467 469 1521 517 et
1554 464 1671 533 ipsa
1705 463 1777 517 sit
1799 478 1915 516 ma-

332 549 514 605 lorum
570 550 816 603 omnium
875 557 1090 616 mater,
1140 567 1263 621 quae
1317 551 1530 606 incuria
1583 552 1804 623 quidem
1862 563 1915 609 et

332 638 554 708 ignavia
593 640 856 711 gignitur,
888 642 1216 713 negligentia
1245 660 1376 699 vero
1402 644 1571 698 alitur
1602 652 1655 700 et
1684 652 1914 715 augetur

328 738 500 797 atque
519 730 573 784 in
606 733 863 789 sensibus
888 734 1171 790 hominum
1194 736 1497 799 radicatur,
1522 752 1686 807 quam
1717 738 1761 793 si
1791 739 1913 808 quis

331 818 479 875 forte
509 820 705 877 doceat
738 823 1104 895 effugandam,
1130 827 1279 881 velut
1331 828 1572 899 antiquis
1601 837 1655 883 et
1687 830 1913 884 haeredi-

328 913 495 969 tariis
523 916 748 971 sedibus
776 918 1005 973 moleste
1035 927 1091 973 et
1139 918 1488 990 indignanter
1537 922 1810 976 avellitur.
1847 922 1914 976 Et

333 1006 460 1061 ideo
483 1009 765 1078 paululum
797 1010 1159 1067 laborandum
1182 1013 1341 1067 nobis
1362 1022 1468 1077 est,
1504 1023 1562 1068 ut
1590 1014 1911 1085 indagantes

328 1098 655 1169 ignorantiae
710 1105 1165 1175 praesumptiones
1220 1107 1463 1162 scientia:
1507 1109 1718 1162 ratione
1757 1124 1912 1164 rese-

328 1206 548 1255 cemus,
583 1193 638 1247 in
663 1193 749 1249 his
769 1197 1041 1267 praecipue
1064 1197 1157 1267 qui
1197 1198 1250 1252 in
1283 1199 1558 1268 aliquibus
1606 1200 1789 1255 minus
1824 1217 1912 1255 re—

331 1283 440 1338 ctis
475 1285 826 1354 Opinionibus
848 1290 1108 1357 praeventi
1140 1298 1289 1354 sunt,
1325 1307 1424 1360 per
1451 1307 1589 1361 quas
1622 1293 1780 1362 quasi
1809 1294 1912 1350 sub

330 1374 515 1443 specie
545 1376 781 1444 alicujus
800 1378 1063 1445 scientiae,
1089 1380 1397 1450 ignorantia
1428 1383 1483 1437 in
1506 1384 1587 1439 eis
1616 1384 1911 1440 vehemen-

326 1465 444 1519 tius
480 1466 723 1522 radicata
756 1480 871 1537 est;
924 1472 1059 1525 nihil
1107 1475 1252 1528 enim
1304 1476 1523 1544 gravius
1557 1491 1721 1546 quam
1755 1478 1802 1532 si
1856 1478 1911 1533 id

326 1557 479 1627 quod
512 1558 730 1628 ignorat
760 1562 907 1632 quis,
942 1564 1084 1620 scire
1117 1581 1176 1620 se
1205 1567 1413 1631 credat,
1448 1575 1502 1622 et
1531 1568 1788 1624 defendat
1818 1587 1910 1626 ve-

328 1667 454 1706 rum
479 1667 604 1707 esse
628 1654 775 1724 quod
806 1654 1005 1711 falsum
1041 1666 1147 1722 est,
1203 1658 1350 1728 quod
1402 1661 1511 1716 tale
1534 1671 1637 1725 est,
1670 1664 1831 1732 quale
1861 1664 1907 1718 si

2018 462 2189 530 quirit
2220 462 2482 517 intentius
2530 470 2585 516 et
2631 461 2843 517 discere
2893 477 3003 516 non
3037 463 3260 527 desinit,
3302 478 3593 533 usquequo

2017 562 2337 621 cognoscat,
2369 555 2416 609 si
2446 562 2530 609 est
2555 571 2683 610 vere
2713 554 2858 608 aliud
2890 554 3169 619 saeculum,
3200 555 3257 609 in
3290 571 3397 625 quo
3430 555 3592 610 bouis

2015 648 2237 716 praemia
2264 654 2564 718 praeparata
2596 658 2755 715 sunt;
2782 653 2836 701 et
2875 662 2998 701 cum
3032 655 3214 703 certus
3242 647 3307 702 de
3339 648 3445 702 hoc
3474 648 3591 702 fue-

2015 740 2109 805 rit,
2135 740 2344 810 gratias
2391 755 2561 810 agens
2611 738 2743 805 Deo,
2767 738 2913 808 quod
2963 738 3066 793 sibi
3118 739 3362 794 veritatis
3404 740 3591 794 lumen

2013 833 2344 895 ostenderit,
2370 832 2437 887 de
2468 842 2668 887 caatero
2691 832 2879 902 dirigit
2901 839 3062 885 actus
3092 846 3223 886 suos
3260 831 3312 884 in
3335 831 3589 887 omnibus

2012 922 2273 994 operibus
2298 922 2492 985 bonis,
2538 937 2772 991 quorum
2803 921 2906 977 sibi
2954 920 3010 973 in
3066 918 3251 974 futuro
3284 921 3589 977 mercedem

2013 1023 2200 1070 certus
2229 1022 2314 1069 est
2340 1023 2723 1085 praeparatam,
2756 1027 2853 1083 per
2881 1012 3065 1065 omnia
3094 1011 3370 1068 demirans
3398 1018 3453 1067 et
3474 1021 3592 1067 stu-

2014 1120 2150 1174 pens
2174 1113 2496 1160 caaterorum
2555 1103 2838 1157 hominum
2885 1117 3127 1166 errores,
3176 1109 3231 1156 et
3289 1102 3433 1172 quod
3463 1110 3593 1158 ante

2014 1200 2206 1254 oculos
2253 1197 2489 1267 positam
2515 1196 2800 1251 veritatem
2832 1209 2995 1248 nemo
3023 1192 3223 1248 videat.
3253 1193 3374 1263 lpse
3403 1200 3591 1247 tamen

2014 1289 2258 1359 gaudens
2292 1303 2458 1356 super
2500 1286 2709 1341 divitiis
2755 1284 3036 1354 sapientia:
3073 1299 3210 1353 quas
3241 1284 3467 1347 invenit,
3499 1284 3589 1339 in-

2013 1379 2343 1435 satiabiliter
2379 1380 2461 1433 eis
2507 1377 2716 1447 perfrui
2756 1377 2907 1446 cupit
2936 1383 2991 1430 et
3022 1375 3290 1430 exercitio
3321 1375 3591 1431 bonorum

2011 1488 2237 1541 operum
2269 1471 2591 1537 delectatur,
2626 1469 2894 1525 festinans
2942 1467 3010 1522 ad
3056 1468 3317 1525 saeculum
3342 1466 3589 1522 futurum

2012 1567 2219 1621 mundo
2269 1565 2434 1621 corde
2482 1573 2538 1620 et
2592 1580 2729 1635 pura
2776 1564 3115 1620 conscientia
3157 1564 3461 1635 pervenire,
3495 1564 3589 1619 ubi

2012 1658 2175 1712 etiam
2206 1656 2393 1711 videre
2422 1655 2592 1710 Deum
2619 1670 2801 1725 regem
2825 1656 3068 1709 omnium
3100 1655 3295 1725 possit.

327 1743 459 1810 quis
487 1744 674 1801 ebrius
700 1749 944 1803 sobrium
992 1765 1051 1804 se
1096 1727 1249 1821 putet
1296 1758 1350 1806 et
1374 1759 1501 1822 agat
1529 1727 1747 1822 quide-m
1772 1769 1909 1808 cun-
1938 1727 1981 1783 Β
2085 1745 2220 1802 VIII.
2255 1746 2353 1802 His
2382 1756 2562 1800 autem
2586 1745 2840 1802 omnibus
2885 1758 3077 1799 carere
3105 1760 3209 1799 nos
3232 1753 3287 1798 et
3320 1743 3585 1808 fraudari,

327 1840 421 1887 cta
470 1844 528 1888 ut
554 1838 762 1905 ebrius,
814 1840 1060 1894 sobrium
1112 1857 1171 1897 se
1206 1850 1389 1897 tamen
1417 1850 1470 1898 et
1520 1843 1637 1913 ipse
1668 1852 1820 1914 putet
1858 1854 1913 1901 et

323 1926 441 1980 dici
472 1943 502 1981 a
525 1932 736 1985 caeteris
760 1932 910 1986 velit.
944 1932 1023 1987 Ita
1056 1941 1185 1988 sunt
1208 1950 1339 2005 ergo
1368 1942 1423 1989 et
1452 1935 1506 1989 hi
1536 1938 1632 2006 qui
1662 1937 1914 2008 ignoran-

325 2028 415 2075 tes
445 2022 591 2091 quod
624 2039 813 2078 verum
853 2034 960 2090 est,
998 2028 1237 2096 speciem
1270 2038 1452 2083 tamen
1482 2032 1715 2102 alicujus
1738 2034 1914 2088 scien-

325 2114 423 2167 tia:
456 2122 665 2181 tenent,
697 2124 751 2171 et
780 2118 922 2170 mala
956 2119 1112 2188 quasi
1164 2120 1307 2174 bona
1359 2129 1577 2191 gerunt,
1626 2132 1791 2196 atque
1841 2129 1909 2182 ad

325 2208 634 2278 perniciem
662 2211 821 2280 quasi
853 2214 922 2265 ad
955 2212 1187 2268 salutem
1222 2212 1502 2271 festinant.

402 2297 467 2352 ν.
499 2299 729 2370 Propter
758 2302 905 2371 quod
936 2313 1061 2357 ante
1089 2304 1271 2358 omnia
1297 2307 1697 2376 properandum
1731 2317 1818 2364 est
1840 2309 1909 2363 ad

322 2391 658 2461 agnitionem
689 2396 957 2460 veritatis,
995 2403 1054 2449 ut
1080 2397 1357 2466 possimus
1386 2400 1544 2469 quasi
1572 2401 1778 2457 lumine
1808 2417 1911 2456 no-

326 2481 416 2534 bis
469 2482 595 2537 inde
639 2498 933 2551 succenso,
989 2503 1237 2542 errorum
1288 2490 1545 2546 tenebras
1604 2492 1906 2563 depellere;

324 2574 537 2643 grande
565 2574 711 2629 enim
743 2578 947 2631 malum
996 2587 1102 2645 est,
1142 2587 1201 2633 ut
1260 2580 1515 2647 diximus,
1566 2584 1906 2655 ignorantia;

322 2665 426 2719 sed
459 2666 589 2736 quia
621 2668 989 2722 substantiam
1022 2686 1132 2725 non
1164 2672 1349 2738 habet,
1382 2673 1542 2729 facile
1579 2677 1648 2730 ab
1678 2676 1765 2731 his
1812 2678 1907 2746 qui

322 2760 560 2814 studiosi
592 2770 741 2819 sunt.
769 2761 1054 2832 ell‘ugatur.
1079 2763 1195 2818 Non
1220 2768 1365 2826 enim
1396 2768 1541 2822 aliud
1571 2776 1656 2825 est
1686 2769 1905 2839 quidem

324 2850 659 2920 ignorantia,
692 2854 799 2908 nisi
835 2870 945 2908 non
978 2856 1269 2925 agnovisse
1312 2858 1459 2928 quod
1511 2859 1767 2929 expedit;
1812 2861 1906 2915 ubi

318 2952 511 2997 autem
542 2948 854 3016 agnoveris,
886 2949 1028 3017 perit
1053 2950 1385 3019 ignorantia.
1417 2952 1598 3018 Qumi
1630 2968 1759 3023 ergo
1782 2968 1900 3007 ma-

2015 1839 2132 1895 sola
2154 1838 2286 1892 facit
2315 1835 2646 1908 ignorantia.
2695 1835 2831 1889 Dum
2874 1834 3019 1890 enim
3046 1836 3298 1905 ignorant
3337 1834 3589 1888 homines

2012 1937 2279 2002 quantum
2293 1926 2631 1983 bonihabeat
2650 1926 2902 1993 scicntia,
2931 1925 3253 1996 ignorantiae
3282 1925 3486 1977 malum
3521 1922 3591 1977 de

2013 2041 2073 2082 se
2100 2040 2211 2080 non
2236 2024 2523 2094 patiuntur
2544 2018 2796 2086 excludi;
2824 2019 3081 2075 nesciunt
3109 2018 3255 2073 enim
3280 2023 3485 2088 quanta
3516 2018 3590 2069 sit

2013 2120 2070 2173 in
2105 2119 2303 2172 horum
2353 2113 2753 2185 permutatione
2803 2110 3119 2165 diversitas.
3163 2109 3392 2179 Propter
3443 2106 3597 2177 quod

2011 2210 2305 2266 consilium
2363 2207 2433 2261 do
2478 2204 2775 2273 unicuique
2820 2202 3166 2265 discentium,
3199 2201 3430 2255 libenter
3458 2214 3592 2269 pra?-

2010 2305 2140 2358 bere
2166 2315 2350 2355 aurem
2380 2298 2550 2353 verbo
2572 2296 2689 2363 Dei,
2714 2302 2768 2350 et
2806 2310 2931 2348 cum
2988 2308 3173 2347 amore
3215 2293 3460 2347 veritatis
3484 2307 3585 2345 au-

2011 2398 2128 2452 dire
2159 2409 2281 2465 qua:
2320 2393 2580 2453 dicimus.
2624 2399 2685 2443 ut
2732 2404 2887 2443 mens
2918 2388 3125 2456 optimo
3162 2387 3368 2441 semine
3394 2400 3587 2441 susce-

2010 2498 2126 2561 pto,
2150 2504 2248 2559 per
2282 2488 2457 2541 bonos
2508 2493 2664 2536 actus
2705 2482 2856 2535 laetos
2894 2479 3085 2534 afl'erat
3108 2478 3340 2533 fructus.
3373 2476 3506 2531 Nam
3539 2478 3587 2532 si

2012 2599 2099 2637 me
2123 2583 2357 2636 docente
2370 2592 2434 2631 ea
2463 2590 2586 2645 qua:
2626 2573 2694 2628 ad
2750 2572 2981 2626 salutem
3014 2570 3312 2639 pertinent,
3343 2568 3589 2637 recipere

2010 2676 2138 2749 quis
2164 2673 2376 2735 abnuit,
2404 2678 2458 2724 et
2491 2669 2676 2722 animo
2720 2664 2908 2736 pravis
2940 2661 3292 2733 opinionibus
3318 2666 3589 2731 occupato

2007 2768 2281 2823 obsistere
2311 2762 2533 2826 nititur,
2573 2773 2685 2813 non
2715 2773 2782 2811 ex
2818 2754 3010 2819 nobis,
3067 2752 3163 2807 sed
3190 2768 3256 2805 ex
3290 2752 3589 2821 semetipso

2009 2858 2235 2915 habebit
2262 2852 2525 2927 pereundi
2556 2864 2803 2905 causam.
2837 2846 3010 2901 Debet
3038 2845 3181 2899 enim
3203 2844 3354 2913 justo
3378 2843 3588 2910 judicio

2007 2952 2326 3010 examinare
2370 2961 2491 3016 qua:
2512 2944 2768 3005 dicimus,
2822 2948 2878 2994 et
2928 2937 3231 3007 intelligere
3264 2935 3393 3005 quia
3424 2935 3590 2990 verba

323 3050 567 3104 gnopere
597 3037 759 3092 debet
786 3040 1034 3096 veritatis
1085 3042 1312 3112 agnitio,
1347 3060 1510 3113 quam
1564 3060 1726 3099 nemo
1757 3046 1899 3101 alius
1927 3047 2283 3121 eloquimur
2346 3038 2618 3098 veritatis,
2670 3042 2732 3088 ut
2775 3030 3013 3102 cognitis
3068 3030 3155 3084 his
3205 3043 3327 3098 qua:
3370 3035 3590 3082 suntut

321 3134 507 3194 potest
536 3129 837 3197 assignare,
893 3131 998 3185 nisi
1031 3147 1198 3188 verus
1249 3135 1532 3205 propheta.
1587 3133 1714 3190 Haec
1755 3136 1902 3190 enim

320 3225 482 3285 porta
511 3226 597 3273 est
623 3220 750 3275 vitae
791 3222 1102 3279 volentibus
1150 3225 1382 3295 ingredi,
1435 3234 1490 3281 et
1524 3227 1630 3282 iter
1675 3243 1902 3299 operum

318 3307 592 3364 bonorum
619 3315 969 3384 pergentibus
1000 3316 1065 3370 ad
1096 3317 1368 3372 civitatem
1391 3319 1605 3374 salutis.

399 3400 487 3457 Vl.
524 3402 581 3458 Si
613 3406 739 3475 quis
796 3422 929 3462 sane
981 3409 1209 3465 audiens
1258 3425 1566 3466 sermonem
1611 3411 1727 3466 veri
1772 3426 1903 3483 pro-

323 3493 525 3564 phetae,
572 3498 702 3550 velit
761 3500 1006 3567 recipere
1061 3509 1155 3554 aut
1185 3502 1343 3566 nolit,
1392 3512 1448 3557 et
1478 3503 1732 3572 amplecti
1759 3518 1901 3559 onus

317 3586 468 3653 ejus,
502 3586 553 3640 id
584 3593 671 3642 est
698 3588 956 3642 mandata
989 3590 1131 3654 vitae,
1166 3591 1328 3647 habet
1367 3592 1423 3646 in
1456 3608 1554 3647 sua
1587 3600 1856 3662 potestate
1883 3611 1899 3660 ;

318 3675 484 3731 liberi
516 3679 661 3732 enim
687 3696 879 3736 sumus
927 3682 1163 3736 arbitrii.
1194 3683 1328 3737 Nam
1363 3687 1408 3739 si
1474 3685 1577 3739 hoc
1622 3693 1789 3750 esset,
1842 3694 1903 3739 ut

320 3770 613 3827 audientes
636 3789 762 3828 eum
789 3774 902 3843 jam
930 3791 1043 3830 non
1074 3775 1337 3831 haberent
1364 3777 1419 3830 in
1453 3785 1724 3846 potestate
1752 3777 1901 3831 aliud

319 3856 507 3912 facere
534 3875 698 3929 quam
727 3862 1036 3930 audierant,
1092 3864 1176 3919 vis
1220 3869 1337 3918 erat
1390 3866 1638 3935 quadam
1668 3875 1896 3931 naturae,

321 3965 422 4020 per
448 3967 611 4021 quam
644 3954 874 4008 liberum
905 3971 1013 4010 non
1045 3965 1191 4012 esset
1221 3958 1288 4011 ad
1313 3958 1473 4012 aliam
1498 3959 1735 4029 migrare
1772 3976 1900 4016 sen-

322 4044 579 4098 tentiam.
608 4044 717 4098 Aut
743 4045 788 4101 si
821 4062 1017 4102 rursus
1047 4064 1114 4103 ex
1170 4050 1518 4104 audientibus
1547 4052 1732 4106 nullus
1780 4068 1900 4107 om-

320 4135 457 4187 nino
483 4136 770 4206 reciperet,
823 4146 877 4193 et
908 4139 1012 4193 hoc
1055 4150 1268 4195 natura:
1294 4145 1377 4196 vis
1403 4151 1543 4206 erat,
1578 4159 1698 4213 quae
1728 4159 1897 4198 unum

319 4226 529 4296 aliquid
560 4228 678 4282 ﬁeri
724 4239 966 4301 cogeret,
1026 4240 1081 4287 et
1110 4235 1264 4288 alteri
1314 4236 1457 4305 parti
1487 4250 1596 4290 non
1627 4236 1785 4291 daret
1816 4237 1899 4292 Io-

315 4333 469 4373 cum.
500 4319 657 4376 Nunc
681 4331 861 4379 autem
885 4325 1012 4394 quia
1038 4326 1268 4381 liberum
1297 4336 1382 4383 est
1413 4328 1617 4393 animo,
1652 4328 1708 4384 in
1730 4345 1893 4400 quam

314 4412 450 4466 velit
477 4423 683 4483 partem
709 4416 981 4473 declinare
1009 4418 1271 4487 judicium
1298 4436 1477 4486 suum,
1496 4428 1550 4476 et
1576 4436 1738 4491 quam
1769 4437 1895 4492 pro-
1923 4402 1970 4457 D

316 4506 532 4561 baverit
554 4509 754 4579 eligere
775 4510 938 4575 viam,
958 4520 1177 4567 constat
1205 4511 1485 4569 evidenter
1516 4515 1698 4570 inesse
1720 4514 1896 4568 homi-

312 4596 482 4654 nibus
513 4600 725 4655 arbitrii
765 4601 1092 4657 libertatein.

396 4710 503 4765 Vll.
533 4708 701 4781 Igitur
729 4711 1051 4783 priusquam
1108 4715 1293 4769 audiat
1323 4717 1447 4786 quis
1479 4717 1623 4787 quod
1653 4718 1702 4772 ei
1734 4734 1899 4790 expe-

310 4802 420 4864 dit,
454 4813 665 4857 certum
696 4812 779 4857 est
808 4806 935 4875 quia
990 4807 1226 4876 ignorat,
1282 4815 1336 4861 et
1390 4808 1649 4878 ignorans
1696 4811 1811 4864 vult
1842 4819 1897 4866 et

312 4895 596 4950 desiderat
624 4898 766 4966 quod
811 4914 921 4952 non
978 4900 1194 4968 expedit
1252 4915 1432 4971 agere,
1488 4912 1713 4972 propter
1750 4906 1896 4974 quod

312 5004 419 5061 pro
451 4989 556 5043 hoc
584 4991 1011 5059 nonjudicatur.
1051 4993 1186 5048 Cum
1242 5011 1370 5051 vero
1424 4996 1663 5051 audierit
1696 5013 1894 5054 causas

310 5084 525 5139 erroris
558 5086 666 5148 sui,
700 5093 755 5139 ct
784 5087 1051 5141 rationem
1083 5087 1331 5143 veritatis
1354 5091 1646 5159 acceperit,
1679 5098 1810 5146 tunc
1845 5093 1892 5147 si

311 5177 681 5247 permanserit
713 5178 766 5230 in
800 5178 886 5231 his
933 5178 1216 5232 erroribus
1246 5180 1445 5248 quibus
1481 5181 1685 5234 dudum
1716 5181 1892 5237 fuerat

312 5274 649 5337 praeventus,
681 5276 829 5323 recte
853 5268 968 5337 jam
994 5270 1280 5324 vocabitur
1309 5270 1374 5324 ad
1394 5272 1664 5341 judicium
1698 5289 1891 5343 poenas

311 5357 568 5422 daturus,
600 5374 700 5412 cur
726 5360 851 5413 vitae
874 5359 994 5429 ejus
1043 5363 1278 5430 spatium
1315 5363 1461 5432 quod
1514 5365 1583 5419 ad
1618 5366 1754 5421 bene
1804 5369 1890 5422 vi-

306 5448 549 5502 vendum
595 5450 824 5519 accepit,
856 5450 910 5504 in
960 5451 1211 5508 ludibriis
1244 5458 1589 5526 consumpsit
1613 5474 1883 5515 errorum.

309 5539 417 5607 Qui
450 5556 580 5596 vero
612 5543 842 5598 audiens
886 5544 999 5599 haec
1058 5546 1288 5603 libenter
1335 5550 1554 5620 accipit,
1608 5560 1661 5606 et
1694 5563 1886 5623 gratu-

416 5765 462 5797 “
494 5763 685 5823 Matth.
718 5785 788 5839 γι,
814 5769 902 5825 2i.

2004 3149 2156 3202 sunt,
2191 3146 2247 3193 et
2279 3136 2338 3190 in
2369 3132 2531 3188 bonis
2575 3128 2791 3184 actibus
2831 3124 3079 3194 dirigens
3109 3121 3277 3174 vitam
3307 3134 3486 3183 suam,
3509 3134 3591 3173 re-

2004 3235 2097 3307 gni
2125 3231 2390 3287 calorum
2421 3222 2600 3294 possit
2649 3217 2925 3290 particeps
2968 3213 3227 3277 inveniri,
3273 3211 3588 3281 subjiciens

2005 3302 2112 3383 sibi
2149 3321 2333 3378 carnis
2363 3313 2661 3375 desideria,
2687 3316 2743 3366 et
2772 3307 3032 3363 dominus
3056 3320 3247 3359 eorum
3278 3302 3479 3367 factus,
3528 3309 3589 3356 ut

2004 3419 2080 3473 ita
2109 3417 2329 3471 demum
2351 3409 2515 3465 etiam
2546 3406 2664 3475 ipse
2692 3401 2787 3455 fiat
2835 3397 3200 3455 dominatoris
3234 3394 3480 3472 omnium
3504 3392 3589 3463 ju-

2002 3482 2180 3565 cunda
2209 3500 2509 3575 possessio.
2770 3584 2779 3588 _
2941 3582 2953 3588 _
3393 3583 3404 3588 Δ
3525 3576 3559 3588 η

2074 3598 2167 3655 IX.
2190 3595 2325 3651 Nam
2341 3593 2437 3663 qui
2470 3584 2822 3660 permanetin
2850 3582 2995 3636 malo
3017 3588 3071 3635 et
3101 3595 3297 3635 servus
3328 3583 3411 3633 est
3434 3576 3585 3679 mali,

2002 3708 2114 3748 non
2143 3695 2324 3761 potest
2362 3683 2502 3740 eﬂici
2543 3679 2723 3752 portio
2776 3676 2929 3736 boni,
2982 3674 3157 3728 donec
3210 3676 3493 3741 permanet
3529 3674 3587 3722 in

2002 3786 2168 3846 malo,
2200 3781 2329 3851 quia
2357 3777 2428 3832 ab
2468 3773 2647 3837 initio,
2671 3778 2732 3825 ut
2778 3776 2908 3823 ante
2958 3764 3222 3826 diximus,
3270 3761 3380 3815 duo
3415 3775 3587 3832 regna

2002 3876 2197 3933 statuit
2223 3873 2387 3934 Deus,
2428 3874 2484 3923 et
2524 3870 2851 3936 potestatem
2881 3857 3032 3913 dedit
3078 3852 3377 3922 unicuique
3408 3851 3587 3905 homi-

2001 3982 2154 4029 num,
2180 3970 2242 4018 ut
2270 3962 2417 4015 illius
2453 3954 2607 4026 regni
2640 3952 2733 4006 ﬁat
2760 3949 2963 4021 portio,
3004 3945 3093 3999 cui
3140 3958 3198 3998 se
3230 3941 3296 3995 ad
3321 3939 3585 4007 obedien-

1999 4059 2130 4113 (lum
2162 4056 2280 4125 ipse
2316 4048 2637 4119 subjecerit.
2691 4043 2758 4098 Et
2790 4040 2919 4111 quia
2968 4035 3251 4090 definitum
3306 4041 3393 4087 est
3438 4032 3586 4103 apud

1998 4148 2192 4214 Deum,
2224 4162 2335 4202 non
2373 4157 2534 4215 posse
2584 4153 2753 4193 unum
2796 4132 3072 4189 hominem
3106 4127 3393 4196 utriusque
3424 4128 3582 4197 regni

1997 4255 2119 4296 esse
2148 4251 2389 4299 servum,
2416 4233 2565 4289 omni
2612 4228 2796 4285 studio
2832 4225 2957 4278 date
2983 4232 3229 4289 operam,
3257 4218 3312 4271 in
3337 4218 3466 4272 boni
3495 4233 3584 4272 re-

1999 4335 2084 4404 gis
2115 4330 2294 4386 fmdus
2330 4342 2395 4381 ac
2415 4327 2540 4396 jura
2570 4331 2923 4375 concurrere.
2946 4312 3179 4382 Propter
3207 4312 3313 4404 hoc
3341 4309 3582 4378 denique

2000 4401 2163 4475 verus
2212 4417 2475 4488 pr0pheta
2524 4428 2649 4467 cum
2699 4418 2847 4466 esset
2900 4420 3143 4476 praesens
3191 4401 3499 4462 nobiscum,
3526 4407 3583 4454 et

2000 4510 2267 4583 quosdam
2295 4524 2363 4561 ex
2402 4503 2664 4559 divitibus
2690 4500 3026 4570 negligentes
3080 4508 3208 4562 erga
3232 4492 3327 4547 Dei
3371 4491 3581 4583 cultum

2002 4580 2233 4659 videret.
2286 4598 2453 4667 hujus
2513 4596 2591 4649 rei
2655 4594 2729 4647 ita
2776 4591 2994 4660 aperuit
3024 4590 3348 4643 veritatem:
3409 4580 3578 4684 Nemoo

2003 4703 2192 4762 potest,
2226 4692 2420 4761 inquit,
2448 4687 2650 4742 duobus
2694 4684 2922 4737 dominis
2949 4682 3171 4742 servire,
3206 4693 3309 4732 non
3361 4682 3577 4774 potestis

2002 4785 2113 4839 Deo
2141 4784 2332 4838 servire
2359 4791 2407 4835 et
2457 4791 2773 4832 mammona:
2810 4774 2891 4841 '3;
2942 4782 3251 4827 mammona
3279 4771 3454 4836 patria
3484 4777 3579 4818 e0.-

2002 4892 2123 4931 rum
2151 4891 2280 4930 voce
2302 4874 2525 4928 divitias
2553 4886 2776 4925 vocans.

2071 5010 2139 5064 X.
2172 5008 2271 5063 Ilic
2314 5022 2444 5077 ergo
2485 5013 2571 5062 est
2617 5020 2781 5060 verus
2820 5002 3106 5074 propheta,
3147 5000 3240 5069 qui
3298 4999 3353 5051 in
3385 4994 3584 5051 Iudaea.

2001 5102 2159 5156 nobis
2186 5098 2441 5170 apparuit
2462 5104 2523 5150 ut
2557 5095 2823 5161 audistis;
2863 5093 2957 5163 qui
3006 5098 3159 5146 stans
3187 5087 3405 5159 publice
3456 5084 3574 5139 sola

1993 5194 2248 5264 jussione
2298 5191 2536 5245 faciebat
2565 5203 2740 5243 cmcos
2770 5186 2974 5247 videre,
3008 5182 3206 5239 surdos
3250 5177 3460 5241 audire,
3492 5176 3575 5230 fu-

1994 5287 2158 5355 gabat
2190 5285 2487 5348 daemones,
2531 5282 2691 5353 aegris
2735 5277 3023 5334 sanitatem
3060 5271 3321 5368 reddebat
3350 5275 3405 5323 et
3430 5281 3573 5368 mor-

1994 5379 2104 5432 tuis
2131 5377 2316 5431 vitam.
2337 5378 2586 5446 Cumque
2611 5373 2744 5427 nihil
2771 5370 2821 5425 ei
2845 5376 2991 5423 esset
3017 5361 3376 5435 impossibile,
3402 5361 3567 5413 etiam

1995 5469 2355 5538 cogitationes
2387 5466 2671 5521 hominum
2724 5458 3079 5533 pervidcbat,
3126 5452 3270 5524 quod
3321 5449 3453 5504 nulli
3481 5452 3568 5500 est

1995 5560 2257 5630 possibile
2317 5558 2424 5614 nisi
2471 5556 2571 5614 soli
2628 5554 2758 5611 Deo.
2794 5550 2893 5606 llic
2939 5543 3285 5603 annuntiavit
3333 5551 3563 5610 regnum
