3888 6192
383 271 527 330 4333

1236 266 1276 323 Β
1310 264 1751 324 ΟΕΕΜΕἎΤΙΒΙ
1786 265 1953 325 [1011.
1996 266 2200 326 PONT.
2222 266 2449 324 OPERA
2490 267 2715 328 DUBlA.

3500 264 3654 327 1336

380 386 499 451 Dei,
524 388 616 443 cui
639 401 740 445 nos
760 386 830 444 de
848 384 1107 443 omnibus
1135 400 1258 457 qua:
1281 385 1517 450 dicebat,
1549 394 1812 456 tanquam
1838 399 1964 440 vero
1993 395 2038 447 Α
2068 388 2186 457 ipse
2204 386 2367 451 dixit,
2405 386 2536 457 quia
2571 385 2952 459 unusquisque
2980 386 3131 445 illius
3156 386 3217 442 οι
3241 400 3431 443 servus
3452 386 3544 441 cui
3589 402 3653 442 se

382 481 662 551 propheta:
684 480 961 535 credimus
980 521 995 544 ,
1028 479 1339 533 firmitatem
1366 478 1491 533 ﬁdei
1519 487 1721 532 nostra:
1739 494 1847 534 non
1873 493 1963 534 so-

380 573 493 627 lum
516 586 586 626 ex
608 572 791 626 verbis
817 572 963 642 ejus,
987 572 1082 626 sed
1110 577 1165 625 et
1193 585 1260 625 ex
1301 570 1562 640 operibus
1591 580 1960 636 assumentes,

380 664 512 734 quia
534 671 590 717 et
624 664 771 718 dicta
802 664 958 735 legis,
983 678 1105 734 qua:
1121 668 1248 717 ante
1274 663 1475 716 multas
1496 665 1874 732 generationes
1894 664 1965 722 de

381 758 675 825 praesentia
697 757 818 826 ejus
835 763 1225 826 exposuerant,
1248 755 1305 809 in
1333 756 1455 824 ipso
1476 755 1960 825 consignabsntur,

379 855 436 902 et
462 848 725 919 imagines
748 855 1027 919 gestorum
1056 847 1225 919 Moysi
1251 855 1308 901 et
1355 856 1482 901 ante
1516 847 1693 917 ipsum
1724 848 1963 918 patriar-

379 940 498 995 clue
520 940 711 1005 Jacob,
740 942 915 1012 ipsius
939 956 1034 1011 per
1076 941 1260 995 omnia
1287 949 1474 1011 typum
1506 939 1775 995 ferebant.
1806 937 1963 994 Tem~

380 1045 486 1101 pus
509 1046 729 1101 quoque
761 1033 1029 1085 adventus
1054 1030 1200 1098 ejus,
1250 1029 1354 1084 hoc
1384 1037 1492 1092 est,
1542 1031 1721 1100 ipsum
1765 1032 1821 1084 in
1853 1047 1962 1101 quo

379 1130 626 1185 venerat,
660 1121 982 1193 pedit-tum
1013 1122 1083 1175 ab
1106 1122 1187 1176 eis
1224 1128 1466 1181 constat.
1498 1129 1554 1175 et
1584 1136 1750 1192 super
1776 1124 1961 1177 omnia

378 1214 524 1283 quod
548 1223 692 1270 esset
740 1228 770 1267 a
811 1214 1067 1284 gentibus
1089 1212 1491 1284 exspectandus
1512 1253 1527 1276 ,
1560 1215 1734 1269 sacris
1766 1215 1962 1271 litteris

379 1306 836 1376 comprehensum
864 1312 972 1369 est,
1006 1319 1130 1376 qua
1147 1305 1203 1359 in
1231 1319 1297 1359 eo
1318 1304 1526 1375 pariter
1551 1305 1804 1361 universa
1817 1321 1963 1360 com-

380 1397 523 1467 pleta
543 1404 692 1451 sunt.

452 1484 543 1542 XI.
590 1484 748 1551 Quod
790 1492 974 1540 autem
1028 1482 1342 1539 Iudaeorum
1395 1484 1663 1554 propheta
1709 1482 1961 1554 praedixit

378 1593 503 1633 eum
528 1593 559 1632 a
589 1578 846 1649 gentibus
873 1575 1303 1646 exspectandum
1343 1575 1409 1639 ³³,
1457 1591 1624 1645 supra
1653 1574 1876 1629 modum
1904 1575 1961 1630 in

377 1684 445 1724 eo
472 1668 629 1724 fidem
666 1669 779 1725 veri
808 1667 1117 1722 confirmat.
1146 1664 1203 1720 Si
1250 1666 1396 1721 enim
1443 1666 1675 1721 dixisset
1699 1681 1729 1720 a
1753 1666 1959 1722 Judaeis

2066 479 2186 551 ipse
2210 480 2507 548 subiecerit
2530 479 2596 535 “.

2135 569 2270 625 XIII.
2300 569 2594 641 Propterea
2622 586 2754 641 ergo
2774 571 3042 643 evigilate,
3058 579 3110 626 et
3128 568 3414 625 Dominum
3438 570 3649 625 Deum-

2062 677 2170 732 que
2196 670 2445 716 nostrum
2486 660 2640 716 vobis
2674 662 2955 723 ascribite,
2996 660 3284 714 Dominum
3311 661 3404 730 qui
3436 670 3489 713 et
3508 658 3648 713 caeli

2063 769 2128 808 ac
2146 762 2308 809 terra:
2330 754 2592 810 Dominus
2616 763 2725 818 est,
2756 765 2808 809 et
2831 755 2897 809 ad
2923 754 3099 826 ipsius
3140 769 3238 809 vos
3262 753 3552 823 imaginem
3578 766 3651 806 ac

2062 847 2477 905 similitudinem
2504 846 2819 911 reformate,
2848 848 2991 902 sicut
3021 848 3138 917 ipse
3159 862 3324 901 verus
3369 846 3648 916 propheta

2062 942 2247 1005 docet,
2301 940 2530 996 dicens:
2578 938 2761 994 Estote
2787 938 3144 993 misericordes
3188 939 3326 993 sicut
3362 948 3413 991 et
3470 936 3650 991 Pater

2061 1041 2229 1091 vester
2250 1030 2475 1085 ccelestis
2528 1030 2826 1083 misericors
2854 1038 2952 1092 est,
2999 1030 3090 1099 qui
3134 1029 3264 1081 oriri
3297 1026 3427 1095 facit
3471 1027 3648 1081 solens

2061 1140 2213 1180 suum
2242 1139 2399 1192 super
2422 1122 2584 1176 bonos
2613 1133 2662 1176 et
2693 1124 2885 1186 malos,
2916 1133 2966 1177 et
3002 1122 3136 1191 pluit
3177 1138 3332 1190 super
3355 1121 3536 1189 justas
3592 1130 3648 1174 et

2062 1214 2285 1282 injustas
2314 1213 2379 1265 ³⁸.
2406 1210 2563 1265 Hunc
2588 1226 2719 1282 ergo
2740 1212 3025 1267 imitamini
3050 1223 3102 1267 et
3124 1212 3269 1265 hunc
3295 1211 3503 1277 timete,
3528 1212 3649 1264 sic-

2062 1312 2123 1357 ut
2157 1301 2473 1355 tnandatum
2522 1300 2684 1353 datur
2737 1300 3088 1356 hominibus:
3138 1299 3421 1355 Dominum
3466 1299 3648 1353 Deum

2063 1408 2209 1451 tuum
2241 1394 2513 1454 adorabis,
2536 1401 2587 1443 et
2614 1393 2716 1461 ipsi
2742 1394 2845 1447 soli
2894 1395 3086 1449 servies
3120 1393 3187 1448 ⁸⁸.
3223 1391 3451 1463 Expedit
3486 1394 3647 1445 enim

2063 1490 2218 1545 vobis
2257 1488 2385 1543 huic
2433 1486 2529 1541 uni
2564 1484 2794 1539 Domino
2840 1485 3069 1549 servire,
3116 1490 3175 1537 ut
3203 1499 3299 1553 per
3341 1483 3520 1553 ipsum
3547 1498 3651 1537 co-

2061 1590 2387 1653 gnoscentes
2430 1596 2600 1636 unum
2659 1579 2853 1646 Deum,
2889 1593 2919 1631 a
2963 1577 3152 1632 multis
3179 1592 3318 1645 quos
3366 1575 3651 1629 inutiliter

2063 1673 2361 1734 timebatis.
2387 1672 2719 1728 liberemini.
2760 1669 2864 1735 Qui
2887 1669 3030 1723 enim
3067 1678 3367 1722 creatorem
3391 1668 3648 1721 omnium

376 1762 830 1831 exspectandum,
886 1775 996 1815 non
1041 1759 1249 1829 aliquid
1295 1760 1557 1814 eximium
1601 1760 1959 1831 prophetasse
1989 1745 2031 1800 Β
2062 1780 2170 1819 non
2204 1766 2358 1819 timet
2380 1764 2572 1827 Deum,
2607 1763 2704 1818 sed
2744 1777 2843 1817 eos
2869 1762 3023 1815 timet
3052 1775 3194 1830 quos
3237 1760 3351 1829 ipse
3379 1759 3647 1813 manibus

376 1856 676 1918 videretur,
709 1854 859 1925 quod
903 1869 933 1907 a
980 1854 1275 1908 contribuli
1326 1854 1525 1924 populo
1559 1864 1616 1909 et
1665 1870 1695 1909 a
1738 1856 1959 1927 propria

380 1956 544 2020 gente
586 1955 901 2017 speraretur
948 1946 1028 2010 is,
1076 1946 1236 2015 cujus
1285 1946 1556 2002 adventus
1610 1946 1678 2002 ad
1725 1948 1959 2003 salutem

376 2041 573 2096 mundi
598 2040 777 2095 fuerat
824 2038 1225 2109 repromissus;
1276 2037 1555 2093 videretur
1598 2039 1743 2094 enim
1787 2040 1962 2110 magis

374 2131 784 2201 consequentia:
813 2130 955 2184 ratio
982 2144 1127 2194 esse,
1154 2138 1213 2183 ut
1231 2129 1333 2184 hoc
1359 2128 1533 2193 Iieret,
1560 2145 1726 2200 quam
1748 2132 1962 2201 magni-

376 2221 593 2277 licentia
627 2221 985 2291 prophetalis.
1009 2221 1168 2276 Nunc
1191 2232 1372 2276 autem
1397 2236 1523 2276 cum
1555 2222 1836 2293 propheta:
1871 2222 1959 2277 di-

374 2324 532 2379 cunt,
561 2329 779 2369 omnem
828 2314 975 2368 illam
1020 2329 1172 2385 spem
1199 2329 1322 2384 quae
1368 2313 1436 2369 de
1463 2315 1640 2371 salute
1664 2315 1852 2369 mundi
1882 2332 1959 2372 re-

374 2406 740 2477 promittitur,
768 2412 829 2460 et
846 2406 1143 2461 novitatem
1170 2407 1318 2477 regni
1346 2422 1468 2477 nitas
1500 2406 1838 2463 instituenda
1864 2424 1960 2478 per

373 2500 658 2555 Christum
703 2505 809 2563 est,
837 2507 1001 2575 atque
1049 2499 1234 2553 omnia
1277 2514 1399 2569 qua:
1428 2498 1495 2555 de
1521 2514 1589 2555 eo
1624 2500 1954 2564 indicantur,

375 2594 446 2648 ad
475 2601 670 2665 gentes
712 2608 837 2649 esse
889 2590 1295 2657 transferenda,
1337 2592 1448 2661 jam
1503 2607 1613 2647 non
1656 2592 1956 2647 secundum

375 2684 832 2755 consequentiam
886 2698 1092 2745 rerum.
1126 2682 1222 2739 sed
1269 2683 1574 2738 incredibili
1601 2683 1957 2753 quodamva—

373 2778 716 2833 ticinationis
765 2785 966 2832 eventu
1017 2774 1422 2847 magniﬁcentia
1479 2776 1796 2846 prophetica
1833 2790 1961 2831 cono

374 2873 646 2926 ﬁrmatur.
674 2867 846 2925 Judaei
893 2883 1131 2939 namque
1160 2884 1230 2923 ex
1265 2868 1421 2923 initio
1450 2867 1638 2923 adfore
1664 2868 1959 2938 aliquando

375 2959 524 3013 hunc
558 2958 735 3011 Virmn
784 2973 882 3028 per
927 2972 1091 3029 quem
1138 2965 1338 3012 cuncta
1389 2966 1810 3028 repararentur,
1858 2974 1956 3015 ve-

2060 1859 2180 1913 suis
2226 1856 2387 1921 fecit,
2428 1856 2558 1926 quid
2620 1856 2728 1910 nisi
2774 1870 2916 1909 vano
2960 1864 3017 1909 et
3056 1852 3237 1907 inutili
3278 1851 3647 1921 semetipsum

2059 1950 2358 2005 obnoxium
2383 1947 2513 2002 facit
2549 1947 2768 2001 timori?
2799 1946 3159 2014 vilioremque
3189 1958 3249 1997 se
3293 1950 3344 1996 et
3369 1942 3649 2011 abjectio—

2061 2056 2176 2097 rem
2198 2041 2378 2097 reddit
2402 2055 2565 2110 quam
2596 2046 2727 2093 sunt
2780 2036 2872 2090 illa
2917 2036 3057 2105 ipsa,
3104 2048 3336 2103 quorum
3380 2032 3647 2085 timorem

2060 2141 2243 2189 mente
2265 2134 2533 2202 concepit.
2560 2130 2702 2197 Quin
2734 2130 2917 2199 potius
2943 2143 3040 2197 per
3069 2127 3367 2181 bonitatem
3392 2126 3517 2193 ejus
3544 2122 3647 2193 qui

2059 2226 2388 2288 vosinvitat,
2414 2225 2587 2279 redite
2617 2222 2686 2277 ad
2731 2222 2965 2291 priorem
2995 2219 3333 2273 nobilitatem
3374 2225 3645 2281 vestram,

2058 2326 2115 2372 et
2157 2332 2223 2371 ex
2254 2314 2416 2371 bonis
2458 2313 2697 2375 actibus,
2754 2310 2898 2380 quod
2948 2310 3124 2380 ipsius
3161 2309 3429 2363 creatoris
3466 2307 3646 2361 vestri

2061 2410 2351 2480 imaginem
2374 2408 2625 2479 portetis,
2652 2406 2950 2469 ostendite,
2975 2414 3035 2459 ut
3061 2420 3128 2460 ex
3172 2401 3647 2471 contemplatione

2059 2501 2440 2558 similitudinis
2497 2501 2674 2571 ipsius
2731 2500 2895 2555 etiam
2957 2497 3053 2552 lilii
3108 2497 3231 2567 ejus
3281 2510 3405 2551 esse
3444 2494 3648 2548 creda-

2059 2594 2213 2650 mini.

2128 2682 2270 2739 ιιν.
2301 2684 2531 2754 Incipite
2558 2697 2692 2752 ergo
2713 2697 2745 2736 a
2782 2679 3038 2737 sensibus
3057 2679 3256 2735 vestris
3284 2677 3522 2747 abjieere
3547 2693 3648 2731 va-

2058 2794 2159 2835 nas
2186 2778 2457 2835 idolorum
2484 2777 2699 2849 species
2721 2785 2885 2846 atque
2907 2776 3134 2830 inutiles
3174 2784 3228 2829 et
3255 2774 3449 2827 inanes
3481 2774 3648 2827 timo-

2058 2886 2169 2936 res,
2220 2880 2278 2925 ut
2332 2871 2499 2926 simul
2539 2870 2701 2925 etiam
2746 2866 3121 2923 conditionem
3164 2866 3388 2936 possitis
3436 2865 3648 2935 iniqua

2059 2963 2340 3021 servitutis
2362 2961 2619 3031 effugere.
2646 2959 2859 3013 Domini
2885 2959 3088 3013 etenim
3112 2960 3282 3015 vestri
3302 2957 3484 3013 effecti
3508 2964 3648 3011 sunt

376 3050 595 3104 rissima
617 3048 911 3104 traditione
939 3058 1321 3121 susceperant,
1344 3061 1400 3104 et
1423 3050 1669 3119 quotidie
1690 3051 1957 3107 meditan-
1982 3079 2025 3138 ο
2060 3059 2159 3123 illi,
2177 3058 2269 3127 qui
2301 3072 2371 3111 ne
2395 3056 2540 3110 servi
2563 3053 2783 3125 quidem
2800 3054 2966 3108 utiles
2990 3054 3147 3107 vobis
3162 3067 3285 3108 esse
3307 3052 3643 3122 potuissmt.

377 3147 461 3193 tes
480 3152 543 3192 ac
577 3138 984 3209 prospicientes
1005 3177 1021 3202 ,
1076 3140 1299 3209 quando
1326 3139 1449 3209 ejus
1482 3138 1634 3195 ﬁeret
1665 3140 1953 3204 adventus,

374 3231 469 3288 ubi
508 3231 703 3287 adesse
730 3247 856 3287 eum
881 3230 1141 3286 viderunt
1164 3239 1219 3286 et
1242 3233 1399 3303 signa
1430 3247 1496 3287 ac
1519 3233 1790 3304 prodigia,
1815 3234 1959 3291 sicut

375 3326 445 3377 de
473 3339 541 3379 eo
563 3324 828 3393 scriptum
858 3322 1038 3378 fuerat
1058 3362 1072 3385 ,
1100 3322 1511 3394 adimplentem,
1548 3326 1751 3382 invidia
1783 3341 1959 3382 excae-

377 3415 483 3468 cati
509 3430 804 3485 agnoscere
824 3417 1189 3485 nequiverunt
1219 3422 1563 3485 praesentem,
1593 3418 1648 3472 in
1678 3418 1837 3488 cujus
1858 3433 1956 3489 spe

377 3507 701 3562 laetabantur
725 3508 1003 3574 absentis;
1042 3507 1410 3564 intelleximus
1447 3516 1631 3565 tamen
1660 3511 1818 3581 pauci
1852 3527 1955 3568 nos

376 3600 471 3669 qui
514 3598 586 3653 ab
605 3614 671 3653 eo
695 3600 854 3654 electi
886 3613 1099 3653 sumus.

452 3689 567 3746 XII.
597 3690 712 3744 Hoc
741 3698 921 3745 autem
963 3689 1309 3759 providentia
1372 3689 1468 3746 Dei
1500 3689 1709 3745 factum
1749 3700 1855 3756 est,
1899 3701 1959 3748 ut

380 3784 586 3853 agnitio
608 3781 737 3837 boni
777 3781 943 3851 hujus
975 3782 1140 3836 etiam
1164 3781 1423 3852 gentibus
1451 3782 1786 3849 traderetur,
1815 3792 1871 3840 et
1902 3785 1957 3839 hi

380 3876 474 3946 qui
505 3890 784 3945 nunquam
810 3873 878 3930 de
911 3890 978 3929 eo
1004 3875 1292 3929 audierant
1342 3891 1445 3931 nec
1484 3892 1517 3930 a
1567 3877 1849 3948 prophetis
1873 3879 1960 3933 di-

381 3970 652 4033 dicerant,
679 3977 1039 4038 agnoscerent
1060 3982 1207 4033 eum,
1245 3968 1324 4022 illi
1352 3982 1482 4022 vero
1503 3968 1597 4037 qui
1624 3968 1959 4038 quotidianis

383 4062 836 4119 meditationibus
866 4068 1224 4131 agnoverant,
1265 4060 1605 4131 ignorarent.
1639 4061 1777 4117 Ecce
1809 4063 1956 4117 enim

386 4170 482 4226 per
504 4170 602 4209 vos
624 4169 771 4208 nunc
793 4151 887 4222 qui
908 4158 1209 4221 praesentes
1230 4150 1367 4206 estis
1383 4191 1399 4215 ,
1426 4159 1482 4206 et
1507 4152 1836 4207 desideratis
1858 4166 1957 4206 au-

385 4248 503 4303 dire
524 4246 832 4301 doctrinam
858 4244 978 4298 iidei
1004 4242 1125 4313 ejus
1145 4253 1201 4298 et
1245 4258 1544 4314 agnoscere
1564 4243 1712 4313 quis,
1752 4252 1807 4299 et
1845 4260 1957 4315 quo

384 4340 569 4401 modo,
597 4345 651 4393 et
673 4338 854 4407 qualis
876 4335 949 4390 sit
973 4335 1094 4404 ejus
1137 4334 1405 4390 adventus
1422 4374 1438 4398 ,
1469 4335 1787 4405 prophetica
1808 4337 1953 4391 veri.

384 4440 471 4486 tas
519 4428 865 4498 adimpletur.
906 4424 1020 4479 Hoc
1061 4433 1147 4480 est
1192 4425 1339 4480 enim
1382 4426 1527 4495 quod
1584 4426 1953 4496 praedixerunt
1984 4418 2029 4475 Ῐ)

386 4522 686 4593 prophetae,
713 4520 843 4589 quia
874 4533 905 4571 a
929 4517 1087 4571 vobis
1123 4516 1454 4585 quaerendus
1493 4527 1660 4581 esset,
1684 4521 1775 4588 qui
1802 4520 1868 4576 de
1891 4537 1958 4575 eo

386 4626 665 4680 nunquam
706 4608 1021 4664 audistis“.
1055 4606 1121 4660 Et
1147 4607 1269 4661 ideo
1290 4605 1539 4662 videntes
1561 4608 1615 4661 in
1639 4609 1796 4664 vobis
1822 4608 1956 4679 ipsis

387 4696 705 4768 prophetica
736 4696 882 4749 dicta
914 4694 1199 4764 compleri,
1228 4695 1355 4748 huic
1401 4696 1496 4748 uni
1542 4705 1690 4751 recte
1710 4698 1955 4764 creditis,

386 4788 534 4842 hunc
560 4797 703 4842 recte
749 4787 1103 4856 exspectatis,
1132 4786 1201 4839 de
1254 4786 1358 4840 hoc
1389 4798 1538 4841 recte
1565 4788 1864 4859 inquiritis,
1900 4801 1958 4847 ut

389 4896 497 4934 non
521 4880 695 4933 solum
731 4878 1059 4948 exspectetis
1089 4893 1236 4939 eum.
1266 4879 1361 4932 sed
1392 4887 1446 4932 et
1476 4879 1846 4937 haareditatem
1865 4898 1955 4937 re-

388 4972 481 5043 gni
519 4973 642 5041 ejus
662 4973 948 5027 credentes
992 4970 1427 5039 conscquamini,
1478 4973 1778 5028 secundum
1811 4976 1957 5044 quod

460 5127 506 5158 ’θ
530 5124 667 5205 _Gen.
694 5142 838 5205 xtix,
866 5127 953 5182 10.
1029 5127 1074 5160 ³ο
1099 5126 1205 5183 lsa.
1237 5143 1362 5193 va,
1394 5128 1445 5182 1.
1523 5128 1565 5161 ³¹
1592 5127 1748 5186 Joan.
1782 5148 1903 5198 vm,
1933 5135 1973 5188 '5‘

2100 5136 2145 5167 "
2175 5135 2307 5191 Luc.
2335 5154 2411 5204 v1,
2440 5137 2510 5192 36
2535 5156 2551 5205 ;
2614 5136 2804 5193 Matth.
2833 5154 2885 5201 v,
2937 5136 3028 5193 45.

392 5197 583 5253 Matth.
619 5213 693 5262 tv,
727 5199 814 5252 10.

2057 3148 2341 3219 Quomodo
2369 3147 2515 3203 enim
2547 3147 2845 3203 simulacra
2888 3146 3143 3201 exanima
3172 3147 3259 3201 vel
3300 3144 3369 3199 ad
3397 3145 3645 3199 servitu-

2058 3248 2165 3294 tem
2198 3238 2358 3293 vobis
2387 3238 2706 3291 viderentur
2742 3235 2963 3301 idonea,
2999 3251 3126 3290 cum
3168 3252 3348 3306 neque
3386 3235 3645 3300 audiant,

2058 3347 2235 3401 neque
2257 3330 2497 3393 videant,
2544 3344 2722 3399 neque
2764 3328 2973 3398 aliquid
3016 3329 3297 3384 sentiant?
3339 3328 3448 3383 nisi
3494 3326 3647 3397 quod

2060 3423 2178 3494 ipsa
2202 3423 2394 3477 saltem
2418 3423 2647 3475 materia
2671 3435 2736 3474 ex
2757 3435 2865 3490 qua
2886 3420 3034 3475 facta
3054 3428 3203 3483 sunt,
3228 3421 3343 3475 sive
3367 3420 3646 3480 auri,sive

2059 3515 2293 3587 argenti,
2317 3513 2400 3568 vel
2446 3514 2612 3567 etiam
2655 3513 2783 3566 teris
2822 3520 2916 3565 aut
2948 3512 3102 3583 ligni,
3130 3528 3254 3565 cum
3285 3512 3462 3582 possit
3485 3514 3647 3566 vobis

2058 3608 2125 3663 ad
2154 3622 2289 3663 usus
2315 3604 2666 3661 necessarios
2694 3602 2977 3673 prodesse,
3025 3619 3121 3658 vos
3149 3619 3217 3658 ex
3257 3618 3321 3657 ea
3349 3603 3647 3658 formando

2057 3698 2213 3762 deos,
2239 3700 2471 3753 otiosam
2496 3713 2593 3769 per
2613 3699 2798 3751 omnia
2830 3711 2951 3749 eam
2976 3706 3140 3765 atque
3174 3694 3423 3749 inutilem
3456 3695 3647 3749 reddi-

2058 3790 2244 3847 distis.
2286 3790 2398 3846 Nos
2445 3804 2579 3860 ergo
2622 3788 3017 3843 annuntiamus
3074 3787 3235 3843 vobis
3299 3802 3493 3841 verum
3544 3786 3645 3841 Dei

2058 3884 2290 3948 cultum,
2324 3884 2596 3955 simulque
2633 3894 2920 3939 monemus
2959 3887 3015 3933 et
3067 3879 3355 3933 hortamur
3373 3878 3641 3941 cultores,

2060 3985 2118 4030 ut
2140 3991 2237 4048 per
2264 3976 2436 4031 bonos
2456 3987 2612 4031 actus
2636 3976 2917 4030 imitentur
2936 3987 3059 4028 eum
3083 3985 3246 4041 quem
3268 3970 3477 4031 colunt,
3501 3980 3557 4023 et
3574 3970 3644 4023 ad

2060 4068 2349 4138 imaginem
2379 4082 2443 4123 ac
2470 4066 2891 4122 similitudinem
2919 4064 3063 4134 ejus,
3107 4069 3167 4116 ut
3205 4061 3467 4131 superius
3495 4061 3643 4115 dixi-

2060 4178 2206 4223 mus,
2234 4161 2414 4216 redire
2438 4160 2723 4216 festinent.

2129 4250 2245 4307 XV.
2276 4249 2451 4306 Velim
2478 4257 2659 4305 autem
2683 4250 2933 4304 dicerent
2968 4249 3103 4303 mihi
3144 4248 3198 4301 hi
3248 4246 3343 4317 qui
3367 4245 3513 4300 idola
3538 4261 3639 4300 co-

2062 4344 2203 4409 lunt,
2224 4342 2271 4397 si
2294 4350 2487 4413 optant
2515 4342 2724 4398 similes
2746 4341 2861 4396 fieri
2894 4341 2979 4394 his
3014 4354 3156 4411 quos
3178 4339 3385 4393 colunt.
3430 4336 3639 4392 Vultne

2057 4436 2256 4505 aliquis
2281 4440 2520 4490 vestrum
2556 4434 2638 4489 sic
2676 4432 2863 4487 videre
2896 4430 3173 4502 quomodo
3210 4429 3288 4483 illi
3312 4427 3534 4483 vident?
3585 4436 3643 4481 et

2058 4530 2137 4583 sic
2156 4528 2359 4583 audire'
2380 4526 2656 4597 quomodo
2686 4525 2766 4580 illi
2789 4524 3054 4579 audiunt?
3077 4525 3161 4578 sic
3188 4522 3392 4577 habere
3412 4536 3641 4575 sensum

2056 4618 2333 4687 quomodo
2358 4618 2434 4671 illi
2466 4618 2713 4671 habent?
2742 4615 2901 4669 Absit
2935 4615 3035 4668 hoc
3055 4614 3124 4667 ab
3172 4626 3504 4682 unoquoque
3539 4625 3640 4665 au-

2058 4707 2355 4774 dientium;
2388 4707 2491 4761 hoc
2512 4706 2658 4761 enim
2684 4706 3031 4761 maledictum
3057 4704 3236 4774 potius
3255 4711 3309 4758 et
3330 4703 3638 4757 convicium

2057 4799 2392 4855 credendum
2422 4807 2506 4854 est
2539 4798 2652 4869 (l7)
2681 4797 2912 4861 homini,
2940 4796 3034 4866 qui
3068 4796 3359 4865 imaginem
3381 4792 3477 4848 Dei
3502 4795 3557 4847 in
3581 4809 3641 4849 se

2064 4891 2225 4961 gerit,
2273 4890 2487 4945 etiamsi
2522 4887 2934 4945 similitudinem
2984 4887 3246 4957 perdidit.
3278 4887 3483 4953 Quales
3509 4901 3641 4956 ergo

2067 4981 2143 5035 dii
2167 4979 2404 5035 habendi
2431 4988 2560 5034 sunt
2583 4977 2697 5041 isti,
2735 4992 2876 5047 quos
2931 4976 3133 5031 imitari
3184 4976 3526 5031 exsecrabile
3568 4978 3640 5030 sit

3140 5134 3185 5168 ³³
3212 5135 3367 5191 Deut.
3412 5151 3491 5198 vt,
3548 5137 3634 5204 l5;

1694 5290 2063 5349 COTELERII
2096 5292 2308 5349 NOTE
2320 5337 2333 5348 .

464 5431 574 5502 (I7)
623 5430 732 5484 Hoc
775 5430 913 5502 enim
953 5429 1301 5502 maledictum
1346 5431 1516 5502 potius
1577 5430 1960 5502 etconuicium

392 5499 704 5572 credendum
725 5515 821 5556 est.
861 5499 963 5565 Qui
994 5504 1131 5555 solet
1167 5518 1272 5572 app

395 5571 754 5635 nus,ltomilia
775 5572 920 5641 quod
949 5572 1092 5624 idola
1115 5569 1218 5625 coli
1241 5569 1349 5626 non
1381 5571 1613 5641 debeant
1641 5589 1652 5623 :
1684 5569 1783 5641 Dic
1812 5572 1960 5636 mihi,

395 5658 510 5707 cum
546 5643 745 5709 lignum
775 5643 1035 5694 veneraris
1068 5657 1129 5695 ac
1160 5641 1407 5711 lapidem,
1452 5640 1500 5711 si
1538 5640 1630 5692 tibi
1660 5640 1918 5693 diceretur
1940 5655 1959 5692 :

400 5710 548 5766 Talis
578 5708 651 5765 sis
689 5712 861 5781 qualis
898 5711 1022 5766 deus
1067 5708 1223 5777 tuus,‘
1268 5708 1501 5781 nunquid
1538 5727 1639 5765 non
1674 5711 1960 5766 convicium

1275 5498 1425 5555 eilari
1465 5498 1733 5554 Eusebius
1764 5500 1964 5555 Emise-

2063 5434 2297 5488 crederes
2312 5437 2337 5489 ἰ)
2371 5432 2604 5503 nunquid
2624 5449 2725 5488 non
2748 5433 2973 5499 iniurias
2995 5440 3324 5503 computat-es
3339 5434 3365 5486 ?
3392 5430 3460 5484 Et
3486 5433 3638 5488 illum

2066 5511 2114 5555 te
2136 5520 2237 5557 non
2263 5504 2420 5571 pudet
2450 5502 2707 5566 venerari,
2745 5505 2897 5572 cujus
2940 5517 2988 5556 te
3032 5504 3195 5572 nolles
3236 5502 3636 5572 similitudinem

2064 5572 2193 5633 dici.
2216 5575 2300 5627 cui
2323 5584 2369 5627 te
2388 5573 2713 5628 erubescens
2730 5571 3081 5643 comparari?
3112 5571 3179 5625 Et
3209 5572 3292 5625 illi
3317 5571 3510 5625 tribuis
3544 5574 3639 5628 Dei

2065 5645 2283 5714 cultum,
2330 5646 2414 5697 cui
2453 5654 2499 5698 te
2531 5642 2822 5699 assimilcri
2856 5642 3233 5714 gravissimum
3284 5650 3499 5704 putares
3529 5658 3639 5699 esse

2068 5712 2400 5768 maledictum
2419 5716 2443 5767 .’
