  <div class='ocr_page' id='page_1' title='image "/cluster/home/n/w/nwhite01/storage/ocr_20150623/1/nnc1.0022106693/724.png"; bbox 0 0 3888 6192; ppageno 0'>
   <div class='ocr_carea' id='block_1_1' title="bbox 211 287 353 363">
    <p class='ocr_par' dir='ltr' id='par_1_1' title="bbox 211 287 353 363">
     <span class='ocr_line' id='line_1_1' title="bbox 211 287 353 363; baseline 0 -21"><span class='ocrx_word' id='word_1_1' title='bbox 211 287 353 363; x_wconf 67' lang='lat'><strong>1537</strong></span> 
     </span>
    </p>
   </div>
   <div class='ocr_carea' id='block_1_2' title="bbox 1419 278 2257 340">
    <p class='ocr_par' dir='ltr' id='par_1_2' title="bbox 1419 278 2257 340">
     <span class='ocr_line' id='line_1_2' title="bbox 1419 278 2257 340; baseline 0 -1"><span class='ocrx_word' id='word_1_2' title='bbox 1419 278 1987 340; x_wconf 73' lang='lat' dir='ltr'><strong>RECOGNITIONUM</strong></span> <span class='ocrx_word' id='word_1_3' title='bbox 2019 281 2150 340; x_wconf 86' lang='lat' dir='ltr'><strong>LIB.</strong></span> <span class='ocrx_word' id='word_1_4' title='bbox 2192 283 2257 339; x_wconf 69' lang='grc' dir='ltr'><strong>γ.</strong></span> 
     </span>
    </p>
   </div>
   <div class='ocr_carea' id='block_1_3' title="bbox 3334 286 3474 349">
    <p class='ocr_par' dir='ltr' id='par_1_3' title="bbox 3334 286 3474 349">
     <span class='ocr_line' id='line_1_3' title="bbox 3334 286 3474 349; baseline 0.007 -5"><span class='ocrx_word' id='word_1_5' title='bbox 3334 286 3474 349; x_wconf 69' lang='lat'><strong>15.38</strong></span> 
     </span>
    </p>
   </div>
   <div class='ocr_carea' id='block_1_4' title="bbox 208 400 3474 474">
    <p class='ocr_par' dir='ltr' id='par_1_4' title="bbox 208 400 3474 474">
     <span class='ocr_line' id='line_1_4' title="bbox 208 400 3474 474; baseline 0.001 -17"><span class='ocrx_word' id='word_1_6' title='bbox 208 400 516 458; x_wconf 73' lang='lat' dir='ltr'><strong>cultoribus</strong></span> <span class='ocrx_word' id='word_1_7' title='bbox 537 401 678 468; x_wconf 81' lang='lat' dir='ltr'><strong>suis,</strong></span> <span class='ocrx_word' id='word_1_8' title='bbox 703 416 938 473; x_wconf 85' lang='lat' dir='ltr'><strong>quorum</strong></span> <span class='ocrx_word' id='word_1_9' title='bbox 988 401 1407 459; x_wconf 75' lang='lat' dir='ltr'><strong>similitudinem</strong></span> <span class='ocrx_word' id='word_1_10' title='bbox 1442 402 1645 458; x_wconf 89' lang='lat' dir='ltr'><strong>habere</strong></span> <span class='ocrx_word' id='word_1_11' title='bbox 1666 416 1792 458; x_wconf 88' lang='lat' dir='ltr'><strong>con—</strong></span> <span class='ocrx_word' id='word_1_12' title='bbox 1818 405 1867 460; x_wconf 82' lang='lat' dir='ltr'><strong>A</strong></span> <span class='ocrx_word' id='word_1_13' title='bbox 1894 403 2138 467; x_wconf 89' lang='lat' dir='ltr'><strong>stiones,</strong></span> <span class='ocrx_word' id='word_1_14' title='bbox 2166 401 2261 473; x_wconf 85' lang='lat' dir='ltr'><strong>qui</strong></span> <span class='ocrx_word' id='word_1_15' title='bbox 2293 402 2449 473; x_wconf 86' lang='lat' dir='ltr'><strong>quasi</strong></span> <span class='ocrx_word' id='word_1_16' title='bbox 2495 416 2592 471; x_wconf 87' lang='lat' dir='ltr'><strong>per</strong></span> <span class='ocrx_word' id='word_1_17' title='bbox 2636 400 2978 473; x_wconf 86' lang='lat' dir='ltr'><strong>prudentiam</strong></span> <span class='ocrx_word' id='word_1_18' title='bbox 3016 401 3222 474; x_wconf 85' lang='lat' dir='ltr'><strong>decipit</strong></span> <span class='ocrx_word' id='word_1_19' title='bbox 3269 418 3389 467; x_wconf 83' lang='lat' dir='ltr'><strong>vos,</strong></span> <span class='ocrx_word' id='word_1_20' title='bbox 3420 413 3474 460; x_wconf 86' lang='lat' dir='ltr'><strong>et</strong></span> 
     </span>
    </p>
   </div>
   <div class='ocr_carea' id='block_1_5' title="bbox 207 493 1789 567">
    <p class='ocr_par' dir='ltr' id='par_1_5' title="bbox 207 493 1789 567">
     <span class='ocr_line' id='line_1_5' title="bbox 207 493 1789 567; baseline 0 -19"><span class='ocrx_word' id='word_1_21' title='bbox 207 495 437 550; x_wconf 89' lang='lat' dir='ltr'><strong>tumelia</strong></span> <span class='ocrx_word' id='word_1_22' title='bbox 465 502 551 551; x_wconf 91' lang='lat' dir='ltr'><strong>est</strong></span> <span class='ocrx_word' id='word_1_23' title='bbox 573 496 596 549; x_wconf 77' lang='lat' dir='ltr'><strong>‘l</strong></span> <span class='ocrx_word' id='word_1_24' title='bbox 618 496 759 562; x_wconf 83' lang='lat' dir='ltr'><strong>Quid</strong></span> <span class='ocrx_word' id='word_1_25' title='bbox 790 498 958 567; x_wconf 82' lang='lat' dir='ltr'><strong>ergo?</strong></span> <span class='ocrx_word' id='word_1_26' title='bbox 985 493 1195 551; x_wconf 85' lang='lat' dir='ltr'><strong>Solvite</strong></span> <span class='ocrx_word' id='word_1_27' title='bbox 1224 496 1524 551; x_wconf 87' lang='lat' dir='ltr'><strong>simulacra</strong></span> <span class='ocrx_word' id='word_1_28' title='bbox 1550 494 1789 559; x_wconf 84' lang='lat' dir='ltr'><strong>inutilia,</strong></span> 
     </span>
    </p>
   </div>
   <div class='ocr_carea' id='block_1_6' title="bbox 206 584 1793 662">
    <p class='ocr_par' dir='ltr' id='par_1_6' title="bbox 206 584 1793 662">
     <span class='ocr_line' id='line_1_6' title="bbox 206 584 1793 662; baseline -0.001 -21"><span class='ocrx_word' id='word_1_29' title='bbox 206 594 263 641; x_wconf 87' lang='lat' dir='ltr'><strong>et</strong></span> <span class='ocrx_word' id='word_1_30' title='bbox 286 584 453 641; x_wconf 81' lang='lat' dir='ltr'><strong>facite</strong></span> <span class='ocrx_word' id='word_1_31' title='bbox 478 601 611 643; x_wconf 89' lang='lat' dir='ltr'><strong>vasa</strong></span> <span class='ocrx_word' id='word_1_32' title='bbox 635 586 790 642; x_wconf 87' lang='lat' dir='ltr'><strong>utilia</strong></span> <span class='ocrx_word' id='word_1_33' title='bbox 813 586 926 662; x_wconf 83' lang='grc'><strong>(18)</strong></span> <span class='ocrx_word' id='word_1_34' title='bbox 947 605 962 655; x_wconf 85' lang='lat'><strong>;</strong></span> <span class='ocrx_word' id='word_1_35' title='bbox 990 587 1185 643; x_wconf 84' lang='lat' dir='ltr'><strong>solvite</strong></span> <span class='ocrx_word' id='word_1_36' title='bbox 1211 586 1445 642; x_wconf 86' lang='lat' dir='ltr'><strong>otiosam</strong></span> <span class='ocrx_word' id='word_1_37' title='bbox 1467 586 1793 657; x_wconf 89' lang='lat' dir='ltr'><strong>pigramque</strong></span> 
     </span>
    </p>
   </div>
   <div class='ocr_carea' id='block_1_7' title="bbox 208 678 1788 750">
    <p class='ocr_par' dir='ltr' id='par_1_7' title="bbox 208 678 1788 750">
     <span class='ocr_line' id='line_1_7' title="bbox 208 678 1788 750; baseline 0.001 -19"><span class='ocrx_word' id='word_1_38' title='bbox 208 679 521 743; x_wconf 77' lang='lat' dir='ltr'><strong>materiam,</strong></span> <span class='ocrx_word' id='word_1_39' title='bbox 547 688 602 733; x_wconf 94' lang='lat' dir='ltr'><strong>et</strong></span> <span class='ocrx_word' id='word_1_40' title='bbox 645 678 809 735; x_wconf 83' lang='lat' dir='ltr'><strong>facite</strong></span> <span class='ocrx_word' id='word_1_41' title='bbox 855 680 1098 735; x_wconf 90' lang='lat' dir='ltr'><strong>humano</strong></span> <span class='ocrx_word' id='word_1_42' title='bbox 1134 679 1258 735; x_wconf 89' lang='lat' dir='ltr'><strong>usui</strong></span> <span class='ocrx_word' id='word_1_43' title='bbox 1302 686 1429 750; x_wconf 89' lang='lat' dir='ltr'><strong>apta</strong></span> <span class='ocrx_word' id='word_1_44' title='bbox 1461 678 1788 733; x_wconf 82' lang='lat' dir='ltr'><strong>ministeria.</strong></span> 
     </span>
    </p>
   </div>
   <div class='ocr_carea' id='block_1_8' title="bbox 211 770 1792 843">
    <p class='ocr_par' dir='ltr' id='par_1_8' title="bbox 211 770 1792 843">
     <span class='ocr_line' id='line_1_8' title="bbox 211 770 1792 843; baseline -0.001 -17"><span class='ocrx_word' id='word_1_45' title='bbox 211 770 322 827; x_wconf 87' lang='lat' dir='ltr'><strong>Sed</strong></span> <span class='ocrx_word' id='word_1_46' title='bbox 354 788 464 828; x_wconf 91' lang='lat' dir='ltr'><strong>non</strong></span> <span class='ocrx_word' id='word_1_47' title='bbox 493 773 704 838; x_wconf 88' lang='lat' dir='ltr'><strong>sinunt,</strong></span> <span class='ocrx_word' id='word_1_48' title='bbox 732 772 933 843; x_wconf 84' lang='lat' dir='ltr'><strong>inquit,</strong></span> <span class='ocrx_word' id='word_1_49' title='bbox 986 773 1133 843; x_wconf 90' lang='lat' dir='ltr'><strong>leges</strong></span> <span class='ocrx_word' id='word_1_50' title='bbox 1164 773 1436 827; x_wconf 60' lang='lat' dir='ltr'><strong>humanae.</strong></span> <span class='ocrx_word' id='word_1_51' title='bbox 1470 770 1636 836; x_wconf 90' lang='lat' dir='ltr'><strong>Bene,</strong></span> <span class='ocrx_word' id='word_1_52' title='bbox 1664 771 1792 841; x_wconf 84' lang='lat' dir='ltr'><strong>quia</strong></span> 
     </span>
    </p>
   </div>
   <div class='ocr_carea' id='block_1_9' title="bbox 208 858 1793 932">
    <p class='ocr_par' dir='ltr' id='par_1_9' title="bbox 208 858 1793 932">
     <span class='ocr_line' id='line_1_9' title="bbox 208 858 1793 932; baseline 0.003 -21"><span class='ocrx_word' id='word_1_53' title='bbox 208 858 466 915; x_wconf 68' lang='lat' dir='ltr'><strong>humanae</strong></span> <span class='ocrx_word' id='word_1_54' title='bbox 482 862 648 931; x_wconf 92' lang='lat' dir='ltr'><strong>leges,</strong></span> <span class='ocrx_word' id='word_1_55' title='bbox 673 869 727 916; x_wconf 89' lang='lat' dir='ltr'><strong>et</strong></span> <span class='ocrx_word' id='word_1_56' title='bbox 752 878 860 915; x_wconf 89' lang='lat' dir='ltr'><strong>non</strong></span> <span class='ocrx_word' id='word_1_57' title='bbox 880 861 1123 932; x_wconf 89' lang='lat' dir='ltr'><strong>ipsorum</strong></span> <span class='ocrx_word' id='word_1_58' title='bbox 1146 863 1342 917; x_wconf 82' lang='lat' dir='ltr'><strong>virtus.</strong></span> <span class='ocrx_word' id='word_1_59' title='bbox 1358 861 1644 928; x_wconf 87' lang='lat' dir='ltr'><strong>Quomodo</strong></span> <span class='ocrx_word' id='word_1_60' title='bbox 1663 875 1793 931; x_wconf 87' lang='lat' dir='ltr'><strong>ergo</strong></span> 
     </span>
    </p>
   </div>
   <div class='ocr_carea' id='block_1_10' title="bbox 208 950 1792 1025">
    <p class='ocr_par' dir='ltr' id='par_1_10' title="bbox 208 950 1792 1025">
     <span class='ocr_line' id='line_1_10' title="bbox 208 950 1792 1025; baseline 0.003 -21"><span class='ocrx_word' id='word_1_61' title='bbox 208 950 287 1005; x_wconf 92' lang='lat' dir='ltr'><strong>dii</strong></span> <span class='ocrx_word' id='word_1_62' title='bbox 314 960 447 1006; x_wconf 91' lang='lat' dir='ltr'><strong>sunt</strong></span> <span class='ocrx_word' id='word_1_63' title='bbox 493 953 586 1022; x_wconf 91' lang='lat' dir='ltr'><strong>qui</strong></span> <span class='ocrx_word' id='word_1_64' title='bbox 629 953 886 1008; x_wconf 86' lang='lat' dir='ltr'><strong>humanis</strong></span> <span class='ocrx_word' id='word_1_65' title='bbox 933 954 1144 1025; x_wconf 80' lang='lat' dir='ltr'><strong>legibus</strong></span> <span class='ocrx_word' id='word_1_66' title='bbox 1187 961 1242 1008; x_wconf 90' lang='lat' dir='ltr'><strong>et</strong></span> <span class='ocrx_word' id='word_1_67' title='bbox 1269 970 1378 1008; x_wconf 90' lang='lat' dir='ltr'><strong>non</strong></span> <span class='ocrx_word' id='word_1_68' title='bbox 1430 954 1546 1010; x_wconf 87' lang='lat' dir='ltr'><strong>suis</strong></span> <span class='ocrx_word' id='word_1_69' title='bbox 1580 954 1792 1008; x_wconf 88' lang='lat' dir='ltr'><strong>viribus</strong></span> 
     </span>
    </p>
   </div>
   <div class='ocr_carea' id='block_1_11' title="bbox 208 1039 1793 1115">
    <p class='ocr_par' dir='ltr' id='par_1_11' title="bbox 208 1039 1793 1115">
     <span class='ocr_line' id='line_1_11' title="bbox 208 1039 1793 1115; baseline 0.002 -20"><span class='ocrx_word' id='word_1_70' title='bbox 208 1039 621 1098; x_wconf 75' lang='lat' dir='ltr'><strong>defenduntur?</strong></span> <span class='ocrx_word' id='word_1_71' title='bbox 643 1043 836 1114; x_wconf 85' lang='lat' dir='ltr'><strong>sicque</strong></span> <span class='ocrx_word' id='word_1_72' title='bbox 868 1051 923 1099; x_wconf 90' lang='lat' dir='ltr'><strong>et</strong></span> <span class='ocrx_word' id='word_1_73' title='bbox 957 1059 988 1098; x_wconf 94' lang='lat' dir='ltr'><strong>a</strong></span> <span class='ocrx_word' id='word_1_74' title='bbox 1015 1043 1233 1099; x_wconf 82' lang='lat' dir='ltr'><strong>furibus</strong></span> <span class='ocrx_word' id='word_1_75' title='bbox 1277 1060 1477 1099; x_wconf 90' lang='lat' dir='ltr'><strong>canum</strong></span> <span class='ocrx_word' id='word_1_76' title='bbox 1500 1045 1703 1115; x_wconf 81' lang='lat' dir='ltr'><strong>vigiliis</strong></span> <span class='ocrx_word' id='word_1_77' title='bbox 1736 1052 1793 1100; x_wconf 91' lang='lat' dir='ltr'><strong>et</strong></span> 
     </span>
    </p>
   </div>
   <div class='ocr_carea' id='block_1_12' title="bbox 207 1133 1792 1200">
    <p class='ocr_par' dir='ltr' id='par_1_12' title="bbox 207 1133 1792 1200">
     <span class='ocr_line' id='line_1_12' title="bbox 207 1133 1792 1200; baseline -0.001 -9"><span class='ocrx_word' id='word_1_78' title='bbox 207 1133 582 1191; x_wconf 82' lang='lat' dir='ltr'><strong>claustrorum</strong></span> <span class='ocrx_word' id='word_1_79' title='bbox 636 1134 1031 1189; x_wconf 86' lang='lat' dir='ltr'><strong>munitionibus</strong></span> <span class='ocrx_word' id='word_1_80' title='bbox 1056 1145 1487 1200; x_wconf 83' lang='lat' dir='ltr'><strong>conservantur,</strong></span> <span class='ocrx_word' id='word_1_81' title='bbox 1512 1143 1566 1190; x_wconf 91' lang='lat' dir='ltr'><strong>et</strong></span> <span class='ocrx_word' id='word_1_82' title='bbox 1605 1136 1711 1190; x_wconf 89' lang='lat' dir='ltr'><strong>hoc</strong></span> <span class='ocrx_word' id='word_1_83' title='bbox 1743 1136 1792 1191; x_wconf 90' lang='lat' dir='ltr'><strong>si</strong></span> 
     </span>
    </p>
   </div>
   <div class='ocr_carea' id='block_1_13' title="bbox 207 1226 1795 1301">
    <p class='ocr_par' dir='ltr' id='par_1_13' title="bbox 207 1226 1795 1301">
     <span class='ocr_line' id='line_1_13' title="bbox 207 1226 1795 1301; baseline 0.004 -19"><span class='ocrx_word' id='word_1_84' title='bbox 207 1226 417 1284; x_wconf 83' lang='lat' dir='ltr'><strong>fuerint</strong></span> <span class='ocrx_word' id='word_1_85' title='bbox 438 1237 700 1301; x_wconf 86' lang='lat' dir='ltr'><strong>argentea</strong></span> <span class='ocrx_word' id='word_1_86' title='bbox 728 1232 815 1286; x_wconf 87' lang='lat' dir='ltr'><strong>vel</strong></span> <span class='ocrx_word' id='word_1_87' title='bbox 847 1246 1014 1287; x_wconf 86' lang='lat' dir='ltr'><strong>aurea</strong></span> <span class='ocrx_word' id='word_1_88' title='bbox 1035 1232 1122 1287; x_wconf 87' lang='lat' dir='ltr'><strong>vel</strong></span> <span class='ocrx_word' id='word_1_89' title='bbox 1144 1233 1311 1287; x_wconf 88' lang='lat' dir='ltr'><strong>etiam</strong></span> <span class='ocrx_word' id='word_1_90' title='bbox 1337 1248 1520 1298; x_wconf 79' lang='lat' dir='ltr'><strong>aerea;</strong></span> <span class='ocrx_word' id='word_1_91' title='bbox 1552 1249 1678 1289; x_wconf 89' lang='lat' dir='ltr'><strong>nam</strong></span> <span class='ocrx_word' id='word_1_92' title='bbox 1716 1234 1795 1288; x_wconf 88' lang='lat' dir='ltr'><strong>la-</strong></span> 
     </span>
    </p>
   </div>
   <div class='ocr_carea' id='block_1_14' title="bbox 205 1319 1793 1393">
    <p class='ocr_par' dir='ltr' id='par_1_14' title="bbox 205 1319 1793 1393">
     <span class='ocr_line' id='line_1_14' title="bbox 205 1319 1793 1393; baseline 0.006 -21"><span class='ocrx_word' id='word_1_93' title='bbox 205 1319 368 1390; x_wconf 87' lang='lat' dir='ltr'><strong>pidea</strong></span> <span class='ocrx_word' id='word_1_94' title='bbox 393 1331 448 1375; x_wconf 93' lang='lat' dir='ltr'><strong>et</strong></span> <span class='ocrx_word' id='word_1_95' title='bbox 470 1321 663 1377; x_wconf 83' lang='lat' dir='ltr'><strong>ﬁctilia</strong></span> <span class='ocrx_word' id='word_1_96' title='bbox 696 1324 816 1393; x_wconf 90' lang='lat' dir='ltr'><strong>ipsa</strong></span> <span class='ocrx_word' id='word_1_97' title='bbox 866 1324 952 1379; x_wconf 91' lang='lat' dir='ltr'><strong>sui</strong></span> <span class='ocrx_word' id='word_1_98' title='bbox 987 1325 1198 1381; x_wconf 89' lang='lat' dir='ltr'><strong>vilitate</strong></span> <span class='ocrx_word' id='word_1_99' title='bbox 1240 1327 1589 1391; x_wconf 88' lang='lat' dir='ltr'><strong>muniuntur,</strong></span> <span class='ocrx_word' id='word_1_100' title='bbox 1628 1340 1793 1382; x_wconf 89' lang='lat' dir='ltr'><strong>nemo</strong></span> 
     </span>
    </p>
   </div>
   <div class='ocr_carea' id='block_1_15' title="bbox 204 1412 1793 1482">
    <p class='ocr_par' dir='ltr' id='par_1_15' title="bbox 204 1412 1793 1482">
     <span class='ocr_line' id='line_1_15' title="bbox 204 1412 1793 1482; baseline 0.005 -16"><span class='ocrx_word' id='word_1_101' title='bbox 204 1412 356 1467; x_wconf 90' lang='lat' dir='ltr'><strong>enim</strong></span> <span class='ocrx_word' id='word_1_102' title='bbox 395 1413 667 1482; x_wconf 90' lang='lat' dir='ltr'><strong>lapideum</strong></span> <span class='ocrx_word' id='word_1_103' title='bbox 723 1425 817 1470; x_wconf 90' lang='lat' dir='ltr'><strong>aut</strong></span> <span class='ocrx_word' id='word_1_104' title='bbox 877 1419 1098 1473; x_wconf 82' lang='lat' dir='ltr'><strong>ﬁctilem</strong></span> <span class='ocrx_word' id='word_1_105' title='bbox 1139 1418 1300 1473; x_wconf 89' lang='lat' dir='ltr'><strong>deum</strong></span> <span class='ocrx_word' id='word_1_106' title='bbox 1355 1418 1588 1474; x_wconf 81' lang='lat' dir='ltr'><strong>furatur.</strong></span> <span class='ocrx_word' id='word_1_107' title='bbox 1635 1417 1793 1474; x_wconf 90' lang='lat' dir='ltr'><strong>Unde</strong></span> 
     </span>
    </p>
   </div>
   <div class='ocr_carea' id='block_1_16' title="bbox 206 1506 1795 1582">
    <p class='ocr_par' dir='ltr' id='par_1_16' title="bbox 206 1506 1795 1582">
     <span class='ocr_line' id='line_1_16' title="bbox 206 1506 1795 1582; baseline 0.007 -25"><span class='ocrx_word' id='word_1_108' title='bbox 206 1506 644 1566; x_wconf 89' lang='lat' dir='ltr'><strong>miserabiliores</strong></span> <span class='ocrx_word' id='word_1_109' title='bbox 687 1510 942 1566; x_wconf 76' lang='lat' dir='ltr'><strong>\identur</strong></span> <span class='ocrx_word' id='word_1_110' title='bbox 974 1511 1051 1576; x_wconf 87' lang='lat' dir='ltr'><strong>bi,</strong></span> <span class='ocrx_word' id='word_1_111' title='bbox 1105 1512 1308 1582; x_wconf 87' lang='lat' dir='ltr'><strong>quibus</strong></span> <span class='ocrx_word' id='word_1_112' title='bbox 1354 1512 1654 1581; x_wconf 85' lang='lat' dir='ltr'><strong>pretiosius</strong></span> <span class='ocrx_word' id='word_1_113' title='bbox 1688 1528 1795 1568; x_wconf 82' lang='lat' dir='ltr'><strong>me-</strong></span> 
     </span>
    </p>
   </div>
   <div class='ocr_carea' id='block_1_17' title="bbox 206 1600 1793 1676">
    <p class='ocr_par' dir='ltr' id='par_1_17' title="bbox 206 1600 1793 1676">
     <span class='ocr_line' id='line_1_17' title="bbox 206 1600 1793 1676; baseline 0.005 -25"><span class='ocrx_word' id='word_1_114' title='bbox 206 1600 400 1653; x_wconf 89' lang='lat' dir='ltr'><strong>tallum</strong></span> <span class='ocrx_word' id='word_1_115' title='bbox 429 1603 673 1671; x_wconf 91' lang='lat' dir='ltr'><strong>pericula</strong></span> <span class='ocrx_word' id='word_1_116' title='bbox 700 1604 968 1659; x_wconf 88' lang='lat' dir='ltr'><strong>viciniora</strong></span> <span class='ocrx_word' id='word_1_117' title='bbox 992 1605 1292 1674; x_wconf 91' lang='lat' dir='ltr'><strong>conquirit.</strong></span> <span class='ocrx_word' id='word_1_118' title='bbox 1331 1603 1435 1671; x_wconf 88' lang='lat' dir='ltr'><strong>Qui</strong></span> <span class='ocrx_word' id='word_1_119' title='bbox 1463 1621 1596 1676; x_wconf 90' lang='lat' dir='ltr'><strong>ergo</strong></span> <span class='ocrx_word' id='word_1_120' title='bbox 1620 1605 1793 1660; x_wconf 82' lang='lat' dir='ltr'><strong>furari</strong></span> 
     </span>
    </p>
   </div>
   <div class='ocr_carea' id='block_1_18' title="bbox 205 1696 1793 1769">
    <p class='ocr_par' dir='ltr' id='par_1_18' title="bbox 205 1696 1793 1769">
     <span class='ocr_line' id='line_1_18' title="bbox 205 1696 1793 1769; baseline 0.004 -23"><span class='ocrx_word' id='word_1_121' title='bbox 205 1704 464 1762; x_wconf 88' lang='lat' dir='ltr'><strong>possunt,</strong></span> <span class='ocrx_word' id='word_1_122' title='bbox 488 1697 580 1765; x_wconf 88' lang='lat' dir='ltr'><strong>qui</strong></span> <span class='ocrx_word' id='word_1_123' title='bbox 613 1696 682 1750; x_wconf 89' lang='lat' dir='ltr'><strong>ab</strong></span> <span class='ocrx_word' id='word_1_124' title='bbox 705 1697 1020 1753; x_wconf 86' lang='lat' dir='ltr'><strong>hominibus</strong></span> <span class='ocrx_word' id='word_1_125' title='bbox 1041 1697 1333 1762; x_wconf 86' lang='lat' dir='ltr'><strong>custodiri,</strong></span> <span class='ocrx_word' id='word_1_126' title='bbox 1354 1698 1448 1769; x_wconf 92' lang='lat' dir='ltr'><strong>qui</strong></span> <span class='ocrx_word' id='word_1_127' title='bbox 1477 1698 1705 1754; x_wconf 83' lang='lat' dir='ltr'><strong>conﬂari</strong></span> <span class='ocrx_word' id='word_1_128' title='bbox 1738 1704 1793 1753; x_wconf 89' lang='lat' dir='ltr'><strong>et</strong></span> 
     </span>
    </p>
   </div>
   <div class='ocr_carea' id='block_1_19' title="bbox 206 1788 1791 1858">
    <p class='ocr_par' dir='ltr' id='par_1_19' title="bbox 206 1788 1791 1858">
     <span class='ocr_line' id='line_1_19' title="bbox 206 1788 1791 1858; baseline 0.006 -17"><span class='ocrx_word' id='word_1_129' title='bbox 206 1788 443 1858; x_wconf 88' lang='lat' dir='ltr'><strong>appendi</strong></span> <span class='ocrx_word' id='word_1_130' title='bbox 471 1795 526 1843; x_wconf 90' lang='lat' dir='ltr'><strong>et</strong></span> <span class='ocrx_word' id='word_1_131' title='bbox 556 1789 767 1847; x_wconf 89' lang='lat' dir='ltr'><strong>malleis</strong></span> <span class='ocrx_word' id='word_1_132' title='bbox 791 1790 954 1858; x_wconf 65' lang='lat' dir='ltr'><strong>caedi,</strong></span> <span class='ocrx_word' id='word_1_133' title='bbox 984 1792 1076 1846; x_wconf 85' lang='lat' dir='ltr'><strong>isti</strong></span> <span class='ocrx_word' id='word_1_134' title='bbox 1099 1791 1416 1847; x_wconf 90' lang='lat' dir='ltr'><strong>hominibus</strong></span> <span class='ocrx_word' id='word_1_135' title='bbox 1442 1808 1666 1848; x_wconf 88' lang='lat' dir='ltr'><strong>sensum</strong></span> <span class='ocrx_word' id='word_1_136' title='bbox 1690 1795 1791 1849; x_wconf 88' lang='lat' dir='ltr'><strong>ha-</strong></span> 
     </span>
    </p>
   </div>
   <div class='ocr_carea' id='block_1_20' title="bbox 204 1880 1041 1938">
    <p class='ocr_par' dir='ltr' id='par_1_20' title="bbox 204 1880 1041 1938">
     <span class='ocr_line' id='line_1_20' title="bbox 204 1880 1041 1938; baseline 0.002 -2"><span class='ocrx_word' id='word_1_137' title='bbox 204 1880 469 1936; x_wconf 83' lang='lat' dir='ltr'><strong>bentibus</strong></span> <span class='ocrx_word' id='word_1_138' title='bbox 491 1882 570 1936; x_wconf 85' lang='lat' dir='ltr'><strong>dii</strong></span> <span class='ocrx_word' id='word_1_139' title='bbox 598 1882 802 1938; x_wconf 89' lang='lat' dir='ltr'><strong>debent</strong></span> <span class='ocrx_word' id='word_1_140' title='bbox 825 1884 1041 1938; x_wconf 83' lang='lat' dir='ltr'><strong>videri?</strong></span> 
     </span>
    </p>
   </div>
   <div class='ocr_carea' id='block_1_21' title="bbox 276 1971 1793 2044">
    <p class='ocr_par' dir='ltr' id='par_1_21' title="bbox 276 1971 1793 2044">
     <span class='ocr_line' id='line_1_21' title="bbox 276 1971 1793 2044; baseline 0.007 -18"><span class='ocrx_word' id='word_1_141' title='bbox 276 1971 423 2029; x_wconf 79' lang='lat' dir='ltr'><strong>XVI.</strong></span> <span class='ocrx_word' id='word_1_142' title='bbox 459 1972 502 2027; x_wconf 93' lang='grc' dir='ltr'><strong>Ο</strong></span> <span class='ocrx_word' id='word_1_143' title='bbox 534 1973 590 2029; x_wconf 90' lang='lat' dir='ltr'><strong>in</strong></span> <span class='ocrx_word' id='word_1_144' title='bbox 631 1984 894 2044; x_wconf 87' lang='lat' dir='ltr'><strong>quantam</strong></span> <span class='ocrx_word' id='word_1_145' title='bbox 926 1976 1206 2032; x_wconf 88' lang='lat' dir='ltr'><strong>miseriam</strong></span> <span class='ocrx_word' id='word_1_146' title='bbox 1237 1979 1557 2032; x_wconf 87' lang='lat' dir='ltr'><strong>mortalium</strong></span> <span class='ocrx_word' id='word_1_147' title='bbox 1589 1980 1793 2037; x_wconf 89' lang='lat' dir='ltr'><strong>decidit</strong></span> 
     </span>
    </p>
   </div>
   <div class='ocr_carea' id='block_1_22' title="bbox 203 2064 1793 2137">
    <p class='ocr_par' dir='ltr' id='par_1_22' title="bbox 203 2064 1793 2137">
     <span class='ocr_line' id='line_1_22' title="bbox 203 2064 1793 2137; baseline 0.006 -18"><span class='ocrx_word' id='word_1_148' title='bbox 203 2064 598 2137; x_wconf 81' lang='lat' dir='ltr'><strong>intelligentia!</strong></span> <span class='ocrx_word' id='word_1_149' title='bbox 626 2067 765 2121; x_wconf 88' lang='lat' dir='ltr'><strong>Nam</strong></span> <span class='ocrx_word' id='word_1_150' title='bbox 795 2070 843 2124; x_wconf 89' lang='lat' dir='ltr'><strong>si</strong></span> <span class='ocrx_word' id='word_1_151' title='bbox 874 2077 1124 2126; x_wconf 90' lang='lat' dir='ltr'><strong>mortuos</strong></span> <span class='ocrx_word' id='word_1_152' title='bbox 1152 2070 1346 2126; x_wconf 90' lang='lat' dir='ltr'><strong>timere</strong></span> <span class='ocrx_word' id='word_1_153' title='bbox 1392 2087 1621 2127; x_wconf 59' lang='lat' dir='ltr'><strong>summa:</strong></span> <span class='ocrx_word' id='word_1_154' title='bbox 1655 2076 1793 2129; x_wconf 90' lang='lat' dir='ltr'><strong>stul-</strong></span> 
     </span>
    </p>
   </div>
   <div class='ocr_carea' id='block_1_23' title="bbox 201 2158 1792 2235">
    <p class='ocr_par' dir='ltr' id='par_1_23' title="bbox 201 2158 1792 2235">
     <span class='ocr_line' id='line_1_23' title="bbox 201 2158 1792 2235; baseline 0.007 -23"><span class='ocrx_word' id='word_1_155' title='bbox 201 2159 341 2213; x_wconf 72' lang='lat' dir='ltr'><strong>titiae</strong></span> <span class='ocrx_word' id='word_1_156' title='bbox 367 2158 608 2225; x_wconf 88' lang='lat' dir='ltr'><strong>ducitur,</strong></span> <span class='ocrx_word' id='word_1_157' title='bbox 653 2162 784 2229; x_wconf 87' lang='lat' dir='ltr'><strong>quid</strong></span> <span class='ocrx_word' id='word_1_158' title='bbox 818 2163 1129 2231; x_wconf 88' lang='lat' dir='ltr'><strong>judicemus</strong></span> <span class='ocrx_word' id='word_1_159' title='bbox 1180 2164 1247 2219; x_wconf 90' lang='lat' dir='ltr'><strong>de</strong></span> <span class='ocrx_word' id='word_1_160' title='bbox 1288 2165 1372 2220; x_wconf 90' lang='lat' dir='ltr'><strong>his</strong></span> <span class='ocrx_word' id='word_1_161' title='bbox 1416 2167 1509 2235; x_wconf 90' lang='lat' dir='ltr'><strong>qui</strong></span> <span class='ocrx_word' id='word_1_162' title='bbox 1550 2166 1792 2223; x_wconf 88' lang='lat' dir='ltr'><strong>deterius</strong></span> 
     </span>
    </p>
   </div>
   <div class='ocr_carea' id='block_1_24' title="bbox 201 2248 1793 2319">
    <p class='ocr_par' dir='ltr' id='par_1_24' title="bbox 201 2248 1793 2319">
     <span class='ocr_line' id='line_1_24' title="bbox 201 2248 1793 2319; baseline 0.007 -19"><span class='ocrx_word' id='word_1_163' title='bbox 201 2248 435 2317; x_wconf 89' lang='lat' dir='ltr'><strong>aliquid,</strong></span> <span class='ocrx_word' id='word_1_164' title='bbox 461 2265 625 2319; x_wconf 87' lang='lat' dir='ltr'><strong>quam</strong></span> <span class='ocrx_word' id='word_1_165' title='bbox 657 2261 786 2305; x_wconf 90' lang='lat' dir='ltr'><strong>sunt</strong></span> <span class='ocrx_word' id='word_1_166' title='bbox 816 2254 1040 2317; x_wconf 89' lang='lat' dir='ltr'><strong>mortui,</strong></span> <span class='ocrx_word' id='word_1_167' title='bbox 1065 2254 1295 2308; x_wconf 88' lang='lat' dir='ltr'><strong>timent?</strong></span> <span class='ocrx_word' id='word_1_168' title='bbox 1319 2256 1418 2310; x_wconf 91' lang='lat' dir='ltr'><strong>ista</strong></span> <span class='ocrx_word' id='word_1_169' title='bbox 1446 2257 1591 2311; x_wconf 90' lang='lat' dir='ltr'><strong>enim</strong></span> <span class='ocrx_word' id='word_1_170' title='bbox 1620 2258 1793 2312; x_wconf 83' lang='lat' dir='ltr'><strong>simu-</strong></span> 
     </span>
    </p>
   </div>
   <div class='ocr_carea' id='block_1_25' title="bbox 201 2339 1789 2418">
    <p class='ocr_par' dir='ltr' id='par_1_25' title="bbox 201 2339 1789 2418">
     <span class='ocr_line' id='line_1_25' title="bbox 201 2339 1789 2418; baseline 0.006 -25"><span class='ocrx_word' id='word_1_171' title='bbox 201 2339 356 2394; x_wconf 89' lang='lat' dir='ltr'><strong>lacra</strong></span> <span class='ocrx_word' id='word_1_172' title='bbox 378 2357 480 2396; x_wconf 89' lang='lat' dir='ltr'><strong>nec</strong></span> <span class='ocrx_word' id='word_1_173' title='bbox 502 2343 557 2397; x_wconf 93' lang='lat' dir='ltr'><strong>in</strong></span> <span class='ocrx_word' id='word_1_174' title='bbox 579 2353 923 2399; x_wconf 91' lang='lat' dir='ltr'><strong>mortuorum</strong></span> <span class='ocrx_word' id='word_1_175' title='bbox 954 2360 1184 2400; x_wconf 89' lang='lat' dir='ltr'><strong>numero</strong></span> <span class='ocrx_word' id='word_1_176' title='bbox 1203 2346 1452 2401; x_wconf 83' lang='lat' dir='ltr'><strong>habenda</strong></span> <span class='ocrx_word' id='word_1_177' title='bbox 1483 2357 1633 2412; x_wconf 92' lang='lat' dir='ltr'><strong>sunt,</strong></span> <span class='ocrx_word' id='word_1_178' title='bbox 1662 2349 1789 2418; x_wconf 89' lang='lat' dir='ltr'><strong>quia</strong></span> 
     </span>
    </p>
   </div>
   <div class='ocr_carea' id='block_1_26' title="bbox 202 2436 1790 2504">
    <p class='ocr_par' dir='ltr' id='par_1_26' title="bbox 202 2436 1790 2504">
     <span class='ocr_line' id='line_1_26' title="bbox 202 2436 1790 2504; baseline 0.007 -17"><span class='ocrx_word' id='word_1_179' title='bbox 202 2449 485 2504; x_wconf 88' lang='lat' dir='ltr'><strong>nunquam</strong></span> <span class='ocrx_word' id='word_1_180' title='bbox 510 2436 781 2491; x_wconf 81' lang='lat' dir='ltr'><strong>vixerunt.</strong></span> <span class='ocrx_word' id='word_1_181' title='bbox 832 2436 1178 2493; x_wconf 67' lang='lat' dir='ltr'><strong>Prtel‘erenda</strong></span> <span class='ocrx_word' id='word_1_182' title='bbox 1217 2448 1347 2495; x_wconf 90' lang='lat' dir='ltr'><strong>sunt</strong></span> <span class='ocrx_word' id='word_1_183' title='bbox 1388 2440 1470 2495; x_wconf 89' lang='lat' dir='ltr'><strong>eis</strong></span> <span class='ocrx_word' id='word_1_184' title='bbox 1505 2440 1671 2496; x_wconf 89' lang='lat' dir='ltr'><strong>etiam</strong></span> <span class='ocrx_word' id='word_1_185' title='bbox 1700 2458 1790 2498; x_wconf 87' lang='lat' dir='ltr'><strong>se-</strong></span> 
     </span>
    </p>
   </div>
   <div class='ocr_carea' id='block_1_27' title="bbox 200 2526 1789 2602">
    <p class='ocr_par' dir='ltr' id='par_1_27' title="bbox 200 2526 1789 2602">
     <span class='ocr_line' id='line_1_27' title="bbox 200 2526 1789 2602; baseline 0.009 -26"><span class='ocrx_word' id='word_1_186' title='bbox 200 2526 396 2594; x_wconf 90' lang='lat' dir='ltr'><strong>pulcra</strong></span> <span class='ocrx_word' id='word_1_187' title='bbox 420 2538 783 2595; x_wconf 88' lang='lat' dir='ltr'><strong>mortuorum,</strong></span> <span class='ocrx_word' id='word_1_188' title='bbox 798 2533 1081 2600; x_wconf 87' lang='lat' dir='ltr'><strong>quoniam,</strong></span> <span class='ocrx_word' id='word_1_189' title='bbox 1103 2535 1233 2589; x_wconf 90' lang='lat' dir='ltr'><strong>licet</strong></span> <span class='ocrx_word' id='word_1_190' title='bbox 1252 2550 1398 2589; x_wconf 90' lang='lat' dir='ltr'><strong>nunc</strong></span> <span class='ocrx_word' id='word_1_191' title='bbox 1414 2536 1611 2589; x_wconf 91' lang='lat' dir='ltr'><strong>mortui</strong></span> <span class='ocrx_word' id='word_1_192' title='bbox 1637 2544 1789 2602; x_wconf 91' lang='lat' dir='ltr'><strong>sunt,</strong></span> 
     </span>
    </p>
   </div>
   <div class='ocr_carea' id='block_1_28' title="bbox 200 2619 1789 2698">
    <p class='ocr_par' dir='ltr' id='par_1_28' title="bbox 200 2619 1789 2698">
     <span class='ocr_line' id='line_1_28' title="bbox 200 2619 1789 2698; baseline 0.009 -27"><span class='ocrx_word' id='word_1_193' title='bbox 200 2619 518 2675; x_wconf 84' lang='lat' dir='ltr'><strong>habuerunt</strong></span> <span class='ocrx_word' id='word_1_194' title='bbox 545 2630 727 2678; x_wconf 89' lang='lat' dir='ltr'><strong>tamen</strong></span> <span class='ocrx_word' id='word_1_195' title='bbox 752 2625 1047 2694; x_wconf 90' lang='lat' dir='ltr'><strong>aliquando</strong></span> <span class='ocrx_word' id='word_1_196' title='bbox 1069 2626 1235 2681; x_wconf 90' lang='lat' dir='ltr'><strong>vitam</strong></span> <span class='ocrx_word' id='word_1_197' title='bbox 1261 2644 1277 2693; x_wconf 90' lang='lat'><strong>;</strong></span> <span class='ocrx_word' id='word_1_198' title='bbox 1320 2626 1411 2682; x_wconf 89' lang='lat' dir='ltr'><strong>isti</strong></span> <span class='ocrx_word' id='word_1_199' title='bbox 1436 2637 1614 2681; x_wconf 90' lang='lat' dir='ltr'><strong>autem</strong></span> <span class='ocrx_word' id='word_1_200' title='bbox 1650 2644 1789 2698; x_wconf 90' lang='lat' dir='ltr'><strong>quos</strong></span> 
     </span>
    </p>
   </div>
   <div class='ocr_carea' id='block_1_29' title="bbox 197 2710 1790 2786">
    <p class='ocr_par' dir='ltr' id='par_1_29' title="bbox 197 2710 1790 2786">
     <span class='ocr_line' id='line_1_29' title="bbox 197 2710 1790 2786; baseline 0.005 -21"><span class='ocrx_word' id='word_1_201' title='bbox 197 2710 407 2774; x_wconf 79' lang='lat' dir='ltr'><strong>colitis,</strong></span> <span class='ocrx_word' id='word_1_202' title='bbox 428 2726 530 2766; x_wconf 91' lang='lat' dir='ltr'><strong>nec</strong></span> <span class='ocrx_word' id='word_1_203' title='bbox 559 2728 679 2768; x_wconf 91' lang='lat' dir='ltr'><strong>eam</strong></span> <span class='ocrx_word' id='word_1_204' title='bbox 706 2714 929 2784; x_wconf 87' lang='lat' dir='ltr'><strong>quidem</strong></span> <span class='ocrx_word' id='word_1_205' title='bbox 981 2731 1104 2786; x_wconf 67' lang='lat' dir='ltr'><strong>quae</strong></span> <span class='ocrx_word' id='word_1_206' title='bbox 1149 2726 1235 2771; x_wconf 91' lang='lat' dir='ltr'><strong>est</strong></span> <span class='ocrx_word' id='word_1_207' title='bbox 1257 2717 1312 2771; x_wconf 91' lang='lat' dir='ltr'><strong>in</strong></span> <span class='ocrx_word' id='word_1_208' title='bbox 1337 2719 1596 2774; x_wconf 90' lang='lat' dir='ltr'><strong>omnibus</strong></span> <span class='ocrx_word' id='word_1_209' title='bbox 1623 2727 1790 2775; x_wconf 87' lang='lat' dir='ltr'><strong>teter-</strong></span> 
     </span>
    </p>
   </div>
   <div class='ocr_carea' id='block_1_30' title="bbox 198 2801 1788 2882">
    <p class='ocr_par' dir='ltr' id='par_1_30' title="bbox 198 2801 1788 2882">
     <span class='ocr_line' id='line_1_30' title="bbox 198 2801 1788 2882; baseline 0.009 -29"><span class='ocrx_word' id='word_1_210' title='bbox 198 2801 368 2866; x_wconf 85' lang='lat' dir='ltr'><strong>rima,</strong></span> <span class='ocrx_word' id='word_1_211' title='bbox 396 2818 655 2858; x_wconf 88' lang='lat' dir='ltr'><strong>ranarum</strong></span> <span class='ocrx_word' id='word_1_212' title='bbox 682 2821 745 2860; x_wconf 91' lang='lat' dir='ltr'><strong>ac</strong></span> <span class='ocrx_word' id='word_1_213' title='bbox 768 2806 1047 2861; x_wconf 90' lang='lat' dir='ltr'><strong>bubonum</strong></span> <span class='ocrx_word' id='word_1_214' title='bbox 1080 2810 1247 2863; x_wconf 86' lang='lat' dir='ltr'><strong>vitam</strong></span> <span class='ocrx_word' id='word_1_215' title='bbox 1288 2810 1583 2880; x_wconf 89' lang='lat' dir='ltr'><strong>aliquando</strong></span> <span class='ocrx_word' id='word_1_216' title='bbox 1602 2826 1788 2882; x_wconf 58' lang='lat' dir='ltr'><strong>gesseo</strong></span> 
     </span>
    </p>
   </div>
   <div class='ocr_carea' id='block_1_31' title="bbox 199 2891 1786 2972">
    <p class='ocr_par' dir='ltr' id='par_1_31' title="bbox 199 2891 1786 2972">
     <span class='ocr_line' id='line_1_31' title="bbox 199 2891 1786 2972; baseline 0.008 -27"><span class='ocrx_word' id='word_1_217' title='bbox 199 2900 353 2948; x_wconf 89' lang='lat' dir='ltr'><strong>runt.</strong></span> <span class='ocrx_word' id='word_1_218' title='bbox 372 2891 478 2949; x_wconf 88' lang='lat' dir='ltr'><strong>Sed</strong></span> <span class='ocrx_word' id='word_1_219' title='bbox 494 2897 627 2965; x_wconf 92' lang='lat' dir='ltr'><strong>quid</strong></span> <span class='ocrx_word' id='word_1_220' title='bbox 653 2913 792 2968; x_wconf 88' lang='lat' dir='ltr'><strong>opus</strong></span> <span class='ocrx_word' id='word_1_221' title='bbox 815 2906 901 2953; x_wconf 91' lang='lat' dir='ltr'><strong>est</strong></span> <span class='ocrx_word' id='word_1_222' title='bbox 926 2899 994 2954; x_wconf 93' lang='lat' dir='ltr'><strong>de</strong></span> <span class='ocrx_word' id='word_1_223' title='bbox 1015 2900 1101 2955; x_wconf 89' lang='lat' dir='ltr'><strong>his</strong></span> <span class='ocrx_word' id='word_1_224' title='bbox 1132 2902 1290 2972; x_wconf 89' lang='lat' dir='ltr'><strong>plura</strong></span> <span class='ocrx_word' id='word_1_225' title='bbox 1316 2917 1644 2969; x_wconf 88' lang='lat' dir='ltr'><strong>memorare,</strong></span> <span class='ocrx_word' id='word_1_226' title='bbox 1660 2918 1786 2957; x_wconf 91' lang='lat' dir='ltr'><strong>cum</strong></span> 
     </span>
    </p>
   </div>
   <div class='ocr_carea' id='block_1_32' title="bbox 200 2984 1787 3065">
    <p class='ocr_par' dir='ltr' id='par_1_32' title="bbox 200 2984 1787 3065">
     <span class='ocr_line' id='line_1_32' title="bbox 200 2984 1787 3065; baseline 0.008 -28"><span class='ocrx_word' id='word_1_227' title='bbox 200 2984 440 3040; x_wconf 76' lang='lat' dir='ltr'><strong>suiﬁciat</strong></span> <span class='ocrx_word' id='word_1_228' title='bbox 464 2988 649 3045; x_wconf 89' lang='lat' dir='ltr'><strong>dicere</strong></span> <span class='ocrx_word' id='word_1_229' title='bbox 689 2990 740 3045; x_wconf 90' lang='lat' dir='ltr'><strong>ei</strong></span> <span class='ocrx_word' id='word_1_230' title='bbox 781 2992 875 3061; x_wconf 92' lang='lat' dir='ltr'><strong>qui</strong></span> <span class='ocrx_word' id='word_1_231' title='bbox 923 2991 1117 3047; x_wconf 89' lang='lat' dir='ltr'><strong>adorat</strong></span> <span class='ocrx_word' id='word_1_232' title='bbox 1154 3008 1219 3047; x_wconf 89' lang='lat' dir='ltr'><strong>ea</strong></span> <span class='ocrx_word' id='word_1_233' title='bbox 1267 3012 1280 3048; x_wconf 90' lang='lat'><strong>:</strong></span> <span class='ocrx_word' id='word_1_234' title='bbox 1321 2991 1440 3047; x_wconf 87' lang='lat' dir='ltr'><strong>Non</strong></span> <span class='ocrx_word' id='word_1_235' title='bbox 1479 2993 1635 3049; x_wconf 88' lang='lat' dir='ltr'><strong>vides</strong></span> <span class='ocrx_word' id='word_1_236' title='bbox 1658 2995 1787 3065; x_wconf 88' lang='lat' dir='ltr'><strong>quia</strong></span> 
     </span>
    </p>
   </div>
   <div class='ocr_carea' id='block_1_33' title="bbox 1892 495 3470 566">
    <p class='ocr_par' dir='ltr' id='par_1_33' title="bbox 1892 495 3470 566">
     <span class='ocr_line' id='line_1_33' title="bbox 1892 495 3470 566; baseline 0.002 -16"><span class='ocrx_word' id='word_1_237' title='bbox 1892 496 2043 551; x_wconf 89' lang='lat' dir='ltr'><strong>velut</strong></span> <span class='ocrx_word' id='word_1_238' title='bbox 2091 496 2307 551; x_wconf 87' lang='lat' dir='ltr'><strong>ratione</strong></span> <span class='ocrx_word' id='word_1_239' title='bbox 2352 495 2589 565; x_wconf 89' lang='lat' dir='ltr'><strong>quadam</strong></span> <span class='ocrx_word' id='word_1_240' title='bbox 2632 496 2802 566; x_wconf 85' lang='lat' dir='ltr'><strong>serpit</strong></span> <span class='ocrx_word' id='word_1_241' title='bbox 2850 511 2948 565; x_wconf 89' lang='lat' dir='ltr'><strong>per</strong></span> <span class='ocrx_word' id='word_1_242' title='bbox 2990 511 3189 552; x_wconf 85' lang='lat' dir='ltr'><strong>sensus</strong></span> <span class='ocrx_word' id='word_1_243' title='bbox 3230 504 3470 561; x_wconf 77' lang='lat' dir='ltr'><strong>vestros,</strong></span> 
     </span>
    </p>
   </div>
   <div class='ocr_carea' id='block_1_34' title="bbox 1894 584 3475 656">
    <p class='ocr_par' dir='ltr' id='par_1_34' title="bbox 1894 584 3475 656">
     <span class='ocr_line' id='line_1_34' title="bbox 1894 584 3475 656; baseline 0.001 -18"><span class='ocrx_word' id='word_1_244' title='bbox 1894 594 2058 656; x_wconf 90' lang='lat' dir='ltr'><strong>atque</strong></span> <span class='ocrx_word' id='word_1_245' title='bbox 2079 584 2149 639; x_wconf 88' lang='lat' dir='ltr'><strong>ab</strong></span> <span class='ocrx_word' id='word_1_246' title='bbox 2178 586 2297 655; x_wconf 91' lang='lat' dir='ltr'><strong>ipso</strong></span> <span class='ocrx_word' id='word_1_247' title='bbox 2324 584 2531 640; x_wconf 87' lang='lat' dir='ltr'><strong>vertice</strong></span> <span class='ocrx_word' id='word_1_248' title='bbox 2567 584 2836 654; x_wconf 89' lang='lat' dir='ltr'><strong>incipiens</strong></span> <span class='ocrx_word' id='word_1_249' title='bbox 2879 599 2976 654; x_wconf 91' lang='lat' dir='ltr'><strong>per</strong></span> <span class='ocrx_word' id='word_1_250' title='bbox 3018 584 3307 641; x_wconf 88' lang='lat' dir='ltr'><strong>interiores</strong></span> <span class='ocrx_word' id='word_1_251' title='bbox 3334 585 3475 640; x_wconf 82' lang='lat' dir='ltr'><strong>dila-</strong></span> 
     </span>
    </p>
   </div>
   <div class='ocr_carea' id='block_1_35' title="bbox 1891 678 3471 748">
    <p class='ocr_par' dir='ltr' id='par_1_35' title="bbox 1891 678 3471 748">
     <span class='ocr_line' id='line_1_35' title="bbox 1891 678 3471 748; baseline -0.001 -14"><span class='ocrx_word' id='word_1_252' title='bbox 1891 679 2040 734; x_wconf 89' lang='lat' dir='ltr'><strong>bitur</strong></span> <span class='ocrx_word' id='word_1_253' title='bbox 2066 679 2354 741; x_wconf 86' lang='lat' dir='ltr'><strong>medullas.</strong></span> <span class='ocrx_word' id='word_1_254' title='bbox 2386 678 2600 734; x_wconf 85' lang='lat' dir='ltr'><strong>lucrum</strong></span> <span class='ocrx_word' id='word_1_255' title='bbox 2639 693 2894 748; x_wconf 89' lang='lat' dir='ltr'><strong>magnum</strong></span> <span class='ocrx_word' id='word_1_256' title='bbox 2940 685 3265 747; x_wconf 89' lang='lat' dir='ltr'><strong>computans</strong></span> <span class='ocrx_word' id='word_1_257' title='bbox 3305 678 3471 733; x_wconf 87' lang='lat' dir='ltr'><strong>dece-</strong></span> 
     </span>
    </p>
   </div>
   <div class='ocr_carea' id='block_1_36' title="bbox 1892 770 3472 842">
    <p class='ocr_par' dir='ltr' id='par_1_36' title="bbox 1892 770 3472 842">
     <span class='ocr_line' id='line_1_36' title="bbox 1892 770 3472 842; baseline 0.001 -16"><span class='ocrx_word' id='word_1_258' title='bbox 1892 773 2134 842; x_wconf 88' lang='lat' dir='ltr'><strong>ptionem</strong></span> <span class='ocrx_word' id='word_1_259' title='bbox 2180 778 2439 827; x_wconf 77' lang='lat' dir='ltr'><strong>vestram.</strong></span> <span class='ocrx_word' id='word_1_260' title='bbox 2481 770 2768 826; x_wconf 82' lang='lat' dir='ltr'><strong>interserit</strong></span> <span class='ocrx_word' id='word_1_261' title='bbox 2815 785 2947 841; x_wconf 87' lang='lat' dir='ltr'><strong>ergo</strong></span> <span class='ocrx_word' id='word_1_262' title='bbox 2992 770 3245 825; x_wconf 86' lang='lat' dir='ltr'><strong>sensibus</strong></span> <span class='ocrx_word' id='word_1_263' title='bbox 3273 771 3472 827; x_wconf 88' lang='lat' dir='ltr'><strong>vestris</strong></span> 
     </span>
    </p>
   </div>
   <div class='ocr_carea' id='block_1_37' title="bbox 1840 866 3472 937">
    <p class='ocr_par' dir='ltr' id='par_1_37' title="bbox 1840 866 3472 937">
     <span class='ocr_line' id='line_1_37' title="bbox 1840 866 3472 937; baseline 0 -15"><span class='ocrx_word' id='word_1_264' title='bbox 1840 923 1846 929; x_wconf 90' lang='lat'>_</span> <span class='ocrx_word' id='word_1_265' title='bbox 1892 867 2181 937; x_wconf 77' lang='lat' dir='ltr'><strong>Opiniones</strong></span> <span class='ocrx_word' id='word_1_266' title='bbox 2220 880 2679 935; x_wconf 86' lang='lat' dir='ltr'><strong>quorumcunque</strong></span> <span class='ocrx_word' id='word_1_267' title='bbox 2719 866 2978 930; x_wconf 91' lang='lat' dir='ltr'><strong>deorum,</strong></span> <span class='ocrx_word' id='word_1_268' title='bbox 3018 872 3228 919; x_wconf 89' lang='lat' dir='ltr'><strong>tantum</strong></span> <span class='ocrx_word' id='word_1_269' title='bbox 3276 873 3335 920; x_wconf 93' lang='lat' dir='ltr'><strong>ut</strong></span> <span class='ocrx_word' id='word_1_270' title='bbox 3372 881 3472 922; x_wconf 86' lang='lat' dir='ltr'><strong>vos</strong></span> 
     </span>
    </p>
   </div>
   <div class='ocr_carea' id='block_1_38' title="bbox 1892 959 3471 1030">
    <p class='ocr_par' dir='ltr' id='par_1_38' title="bbox 1892 959 3471 1030">
     <span class='ocr_line' id='line_1_38' title="bbox 1892 959 3471 1030; baseline 0 -16"><span class='ocrx_word' id='word_1_271' title='bbox 1892 960 1961 1015; x_wconf 91' lang='lat' dir='ltr'><strong>ab</strong></span> <span class='ocrx_word' id='word_1_272' title='bbox 1990 961 2151 1016; x_wconf 88' lang='lat' dir='ltr'><strong>unius</strong></span> <span class='ocrx_word' id='word_1_273' title='bbox 2176 959 2268 1015; x_wconf 89' lang='lat' dir='ltr'><strong>Dei</strong></span> <span class='ocrx_word' id='word_1_274' title='bbox 2303 967 2520 1015; x_wconf 87' lang='lat' dir='ltr'><strong>revocet</strong></span> <span class='ocrx_word' id='word_1_275' title='bbox 2552 959 2677 1025; x_wconf 85' lang='lat' dir='ltr'><strong>lide,</strong></span> <span class='ocrx_word' id='word_1_276' title='bbox 2708 959 2891 1015; x_wconf 88' lang='lat' dir='ltr'><strong>sciens</strong></span> <span class='ocrx_word' id='word_1_277' title='bbox 2920 969 3200 1030; x_wconf 89' lang='lat' dir='ltr'><strong>peccatum</strong></span> <span class='ocrx_word' id='word_1_278' title='bbox 3229 967 3471 1015; x_wconf 86' lang='lat' dir='ltr'><strong>vestrum</strong></span> 
     </span>
    </p>
   </div>
   <div class='ocr_carea' id='block_1_39' title="bbox 1892 1050 3476 1123">
    <p class='ocr_par' dir='ltr' id='par_1_39' title="bbox 1892 1050 3476 1123">
     <span class='ocr_line' id='line_1_39' title="bbox 1892 1050 3476 1123; baseline -0.001 -14"><span class='ocrx_word' id='word_1_279' title='bbox 1892 1069 2052 1109; x_wconf 91' lang='lat' dir='ltr'><strong>suum</strong></span> <span class='ocrx_word' id='word_1_280' title='bbox 2086 1068 2209 1109; x_wconf 90' lang='lat' dir='ltr'><strong>esse</strong></span> <span class='ocrx_word' id='word_1_281' title='bbox 2234 1053 2512 1109; x_wconf 89' lang='lat' dir='ltr'><strong>solatium.</strong></span> <span class='ocrx_word' id='word_1_282' title='bbox 2554 1050 2648 1107; x_wconf 85' lang='lat' dir='ltr'><strong>Ille</strong></span> <span class='ocrx_word' id='word_1_283' title='bbox 2675 1052 2819 1107; x_wconf 91' lang='lat' dir='ltr'><strong>enim</strong></span> <span class='ocrx_word' id='word_1_284' title='bbox 2852 1067 2952 1121; x_wconf 84' lang='lat' dir='ltr'><strong>pro</strong></span> <span class='ocrx_word' id='word_1_285' title='bbox 2992 1052 3236 1123; x_wconf 90' lang='lat' dir='ltr'><strong>nequitia</strong></span> <span class='ocrx_word' id='word_1_286' title='bbox 3273 1067 3372 1107; x_wconf 88' lang='lat' dir='ltr'><strong>sua</strong></span> <span class='ocrx_word' id='word_1_287' title='bbox 3402 1051 3476 1108; x_wconf 87' lang='lat' dir='ltr'><strong>ab</strong></span> 
     </span>
    </p>
   </div>
   <div class='ocr_carea' id='block_1_40' title="bbox 1893 1143 3472 1215">
    <p class='ocr_par' dir='ltr' id='par_1_40' title="bbox 1893 1143 3472 1215">
     <span class='ocr_line' id='line_1_40' title="bbox 1893 1143 3472 1215; baseline -0.001 -15"><span class='ocrx_word' id='word_1_288' title='bbox 1893 1146 2051 1201; x_wconf 88' lang='lat' dir='ltr'><strong>initio</strong></span> <span class='ocrx_word' id='word_1_289' title='bbox 2081 1157 2278 1200; x_wconf 86' lang='lat' dir='ltr'><strong>terram</strong></span> <span class='ocrx_word' id='word_1_290' title='bbox 2310 1145 2472 1200; x_wconf 91' lang='lat' dir='ltr'><strong>edere</strong></span> <span class='ocrx_word' id='word_1_291' title='bbox 2516 1143 2914 1199; x_wconf 88' lang='lat' dir='ltr'><strong>condemnatus</strong></span> <span class='ocrx_word' id='word_1_292' title='bbox 2954 1154 3055 1205; x_wconf 86' lang='lat' dir='ltr'><strong>est.</strong></span> <span class='ocrx_word' id='word_1_293' title='bbox 3097 1153 3321 1215; x_wconf 83' lang='lat' dir='ltr'><strong>propter</strong></span> <span class='ocrx_word' id='word_1_294' title='bbox 3346 1160 3472 1200; x_wconf 89' lang='lat' dir='ltr'><strong>eum</strong></span> 
     </span>
    </p>
   </div>
   <div class='ocr_carea' id='block_1_41' title="bbox 1891 1238 3472 1309">
    <p class='ocr_par' dir='ltr' id='par_1_41' title="bbox 1891 1238 3472 1309">
     <span class='ocr_line' id='line_1_41' title="bbox 1891 1238 3472 1309; baseline 0.001 -17"><span class='ocrx_word' id='word_1_295' title='bbox 1891 1254 2055 1308; x_wconf 91' lang='lat' dir='ltr'><strong>quem</strong></span> <span class='ocrx_word' id='word_1_296' title='bbox 2084 1239 2153 1294; x_wconf 89' lang='lat' dir='ltr'><strong>de</strong></span> <span class='ocrx_word' id='word_1_297' title='bbox 2191 1246 2339 1293; x_wconf 89' lang='lat' dir='ltr'><strong>terra</strong></span> <span class='ocrx_word' id='word_1_298' title='bbox 2387 1246 2757 1309; x_wconf 85' lang='lat' dir='ltr'><strong>assumptum,</strong></span> <span class='ocrx_word' id='word_1_299' title='bbox 2791 1238 2988 1293; x_wconf 90' lang='lat' dir='ltr'><strong>iterum</strong></span> <span class='ocrx_word' id='word_1_300' title='bbox 3019 1239 3219 1295; x_wconf 88' lang='lat' dir='ltr'><strong>resolvi</strong></span> <span class='ocrx_word' id='word_1_301' title='bbox 3256 1238 3386 1293; x_wconf 83' lang='lat' dir='ltr'><strong>fecit</strong></span> <span class='ocrx_word' id='word_1_302' title='bbox 3415 1238 3472 1293; x_wconf 92' lang='lat' dir='ltr'><strong>in</strong></span> 
     </span>
    </p>
   </div>
   <div class='ocr_carea' id='block_1_42' title="bbox 1890 1332 3475 1403">
    <p class='ocr_par' dir='ltr' id='par_1_42' title="bbox 1890 1332 3475 1403">
     <span class='ocr_line' id='line_1_42' title="bbox 1890 1332 3475 1403; baseline 0.001 -17"><span class='ocrx_word' id='word_1_303' title='bbox 1890 1340 2117 1397; x_wconf 90' lang='lat' dir='ltr'><strong>terram,</strong></span> <span class='ocrx_word' id='word_1_304' title='bbox 2157 1348 2333 1402; x_wconf 91' lang='lat' dir='ltr'><strong>usque</strong></span> <span class='ocrx_word' id='word_1_305' title='bbox 2381 1332 2450 1386; x_wconf 86' lang='lat' dir='ltr'><strong>ad</strong></span> <span class='ocrx_word' id='word_1_306' title='bbox 2491 1340 2708 1402; x_wconf 90' lang='lat' dir='ltr'><strong>tempus</strong></span> <span class='ocrx_word' id='word_1_307' title='bbox 2747 1346 2859 1402; x_wconf 92' lang='lat' dir='ltr'><strong>quo</strong></span> <span class='ocrx_word' id='word_1_308' title='bbox 2901 1332 3097 1385; x_wconf 75' lang='lat' dir='ltr'><strong>anima:</strong></span> <span class='ocrx_word' id='word_1_309' title='bbox 3138 1340 3334 1387; x_wconf 69' lang='lat' dir='ltr'><strong>vestrae</strong></span> <span class='ocrx_word' id='word_1_310' title='bbox 3374 1348 3475 1403; x_wconf 87' lang='lat' dir='ltr'><strong>per</strong></span> 
     </span>
    </p>
   </div>
   <div class='ocr_carea' id='block_1_43' title="bbox 1893 1423 3471 1496">
    <p class='ocr_par' dir='ltr' id='par_1_43' title="bbox 1893 1423 3471 1496">
     <span class='ocr_line' id='line_1_43' title="bbox 1893 1423 3471 1496; baseline 0.001 -17"><span class='ocrx_word' id='word_1_311' title='bbox 1893 1426 2071 1496; x_wconf 80' lang='lat' dir='ltr'><strong>ignem</strong></span> <span class='ocrx_word' id='word_1_312' title='bbox 2103 1426 2365 1480; x_wconf 81' lang='lat' dir='ltr'><strong>traductae</strong></span> <span class='ocrx_word' id='word_1_313' title='bbox 2396 1435 2739 1496; x_wconf 88' lang='lat' dir='ltr'><strong>reparentur,</strong></span> <span class='ocrx_word' id='word_1_314' title='bbox 2770 1425 2912 1480; x_wconf 92' lang='lat' dir='ltr'><strong>sicut</strong></span> <span class='ocrx_word' id='word_1_315' title='bbox 2939 1425 3075 1480; x_wconf 90' lang='lat' dir='ltr'><strong>alias</strong></span> <span class='ocrx_word' id='word_1_316' title='bbox 3113 1423 3181 1479; x_wconf 95' lang='lat' dir='ltr'><strong>de</strong></span> <span class='ocrx_word' id='word_1_317' title='bbox 3208 1425 3313 1480; x_wconf 92' lang='lat' dir='ltr'><strong>hoc</strong></span> <span class='ocrx_word' id='word_1_318' title='bbox 3351 1427 3471 1495; x_wconf 85' lang='lat' dir='ltr'><strong>ple-</strong></span> 
     </span>
    </p>
   </div>
   <div class='ocr_carea' id='block_1_44' title="bbox 1892 1514 3472 1586">
    <p class='ocr_par' dir='ltr' id='par_1_44' title="bbox 1892 1514 3472 1586">
     <span class='ocr_line' id='line_1_44' title="bbox 1892 1514 3472 1586; baseline 0.002 -17"><span class='ocrx_word' id='word_1_319' title='bbox 1892 1516 2019 1570; x_wconf 90' lang='lat' dir='ltr'><strong>nius</strong></span> <span class='ocrx_word' id='word_1_320' title='bbox 2048 1515 2424 1571; x_wconf 86' lang='lat' dir='ltr'><strong>edocebimus.</strong></span> <span class='ocrx_word' id='word_1_321' title='bbox 2447 1514 2527 1569; x_wconf 84' lang='lat' dir='ltr'><strong>Ex</strong></span> <span class='ocrx_word' id='word_1_322' title='bbox 2556 1516 2677 1586; x_wconf 92' lang='lat' dir='ltr'><strong>ipso</strong></span> <span class='ocrx_word' id='word_1_323' title='bbox 2705 1530 2835 1585; x_wconf 85' lang='lat' dir='ltr'><strong>ergo</strong></span> <span class='ocrx_word' id='word_1_324' title='bbox 2876 1522 3006 1570; x_wconf 91' lang='lat' dir='ltr'><strong>sunt</strong></span> <span class='ocrx_word' id='word_1_325' title='bbox 3034 1529 3225 1570; x_wconf 90' lang='lat' dir='ltr'><strong>omnes</strong></span> <span class='ocrx_word' id='word_1_326' title='bbox 3254 1530 3472 1572; x_wconf 85' lang='lat' dir='ltr'><strong>errores</strong></span> 
     </span>
    </p>
   </div>
   <div class='ocr_carea' id='block_1_45' title="bbox 1892 1605 3472 1679">
    <p class='ocr_par' dir='ltr' id='par_1_45' title="bbox 1892 1605 3472 1679">
     <span class='ocr_line' id='line_1_45' title="bbox 1892 1605 3472 1679; baseline -0.003 -15"><span class='ocrx_word' id='word_1_327' title='bbox 1892 1618 1947 1665; x_wconf 92' lang='lat' dir='ltr'><strong>et</strong></span> <span class='ocrx_word' id='word_1_328' title='bbox 1967 1608 2376 1679; x_wconf 87' lang='lat' dir='ltr'><strong>ambiguitates,</strong></span> <span class='ocrx_word' id='word_1_329' title='bbox 2401 1607 2606 1677; x_wconf 90' lang='lat' dir='ltr'><strong>quibus</strong></span> <span class='ocrx_word' id='word_1_330' title='bbox 2629 1607 2700 1661; x_wconf 89' lang='lat' dir='ltr'><strong>ab</strong></span> <span class='ocrx_word' id='word_1_331' title='bbox 2736 1606 2902 1661; x_wconf 90' lang='lat' dir='ltr'><strong>unius</strong></span> <span class='ocrx_word' id='word_1_332' title='bbox 2931 1605 3024 1660; x_wconf 89' lang='lat' dir='ltr'><strong>Dei</strong></span> <span class='ocrx_word' id='word_1_333' title='bbox 3058 1606 3163 1661; x_wconf 77' lang='lat' dir='ltr'><strong>[ide</strong></span> <span class='ocrx_word' id='word_1_334' title='bbox 3190 1616 3244 1661; x_wconf 92' lang='lat' dir='ltr'><strong>et</strong></span> <span class='ocrx_word' id='word_1_335' title='bbox 3271 1606 3472 1662; x_wconf 90' lang='lat' dir='ltr'><strong>credu-</strong></span> 
     </span>
    </p>
   </div>
   <div class='ocr_carea' id='block_1_46' title="bbox 1893 1698 2495 1753">
    <p class='ocr_par' dir='ltr' id='par_1_46' title="bbox 1893 1698 2495 1753">
     <span class='ocr_line' id='line_1_46' title="bbox 1893 1698 2495 1753; baseline 0.002 -1"><span class='ocrx_word' id='word_1_336' title='bbox 1893 1699 2046 1753; x_wconf 89' lang='lat' dir='ltr'><strong>litate</strong></span> <span class='ocrx_word' id='word_1_337' title='bbox 2065 1698 2495 1753; x_wconf 88' lang='lat' dir='ltr'><strong>conturbamini.</strong></span> 
     </span>
    </p>
   </div>
   <div class='ocr_carea' id='block_1_47' title="bbox 1965 1785 3473 1858">
    <p class='ocr_par' dir='ltr' id='par_1_47' title="bbox 1965 1785 3473 1858">
     <span class='ocr_line' id='line_1_47' title="bbox 1965 1785 3473 1858; baseline -0.003 -15"><span class='ocrx_word' id='word_1_338' title='bbox 1965 1788 2153 1844; x_wconf 76' lang='lat' dir='ltr'><strong>XVIII.</strong></span> <span class='ocrx_word' id='word_1_339' title='bbox 2187 1788 2252 1841; x_wconf 85' lang='lat' dir='ltr'><strong>Et</strong></span> <span class='ocrx_word' id='word_1_340' title='bbox 2282 1789 2460 1858; x_wconf 89' lang='lat' dir='ltr'><strong>primo</strong></span> <span class='ocrx_word' id='word_1_341' title='bbox 2489 1788 2734 1843; x_wconf 92' lang='lat' dir='ltr'><strong>omnium</strong></span> <span class='ocrx_word' id='word_1_342' title='bbox 2783 1786 3007 1856; x_wconf 88' lang='lat' dir='ltr'><strong>subjicit</strong></span> <span class='ocrx_word' id='word_1_343' title='bbox 3047 1785 3473 1855; x_wconf 86' lang='lat' dir='ltr'><strong>cogitationibus</strong></span> 
     </span>
    </p>
   </div>
   <div class='ocr_carea' id='block_1_48' title="bbox 1891 1878 3473 1948">
    <p class='ocr_par' dir='ltr' id='par_1_48' title="bbox 1891 1878 3473 1948">
     <span class='ocr_line' id='line_1_48' title="bbox 1891 1878 3473 1948; baseline -0.003 -13"><span class='ocrx_word' id='word_1_344' title='bbox 1891 1882 2199 1947; x_wconf 89' lang='lat' dir='ltr'><strong>hominum,</strong></span> <span class='ocrx_word' id='word_1_345' title='bbox 2233 1890 2294 1935; x_wconf 92' lang='lat' dir='ltr'><strong>ut</strong></span> <span class='ocrx_word' id='word_1_346' title='bbox 2325 1896 2395 1935; x_wconf 89' lang='lat' dir='ltr'><strong>ne</strong></span> <span class='ocrx_word' id='word_1_347' title='bbox 2424 1880 2653 1934; x_wconf 87' lang='lat' dir='ltr'><strong>audiant</strong></span> <span class='ocrx_word' id='word_1_348' title='bbox 2696 1880 2860 1934; x_wconf 88' lang='lat' dir='ltr'><strong>verba</strong></span> <span class='ocrx_word' id='word_1_349' title='bbox 2904 1878 3171 1940; x_wconf 88' lang='lat' dir='ltr'><strong>veritatis,</strong></span> <span class='ocrx_word' id='word_1_350' title='bbox 3213 1893 3310 1947; x_wconf 89' lang='lat' dir='ltr'><strong>per</strong></span> <span class='ocrx_word' id='word_1_351' title='bbox 3350 1892 3473 1948; x_wconf 59' lang='lat' dir='ltr'><strong>qua:</strong></span> 
     </span>
    </p>
   </div>
   <div class='ocr_carea' id='block_1_49' title="bbox 1890 1969 3471 2042">
    <p class='ocr_par' dir='ltr' id='par_1_49' title="bbox 1890 1969 3471 2042">
     <span class='ocr_line' id='line_1_49' title="bbox 1890 1969 3471 2042; baseline -0.003 -15"><span class='ocrx_word' id='word_1_352' title='bbox 1890 1974 2162 2029; x_wconf 91' lang='lat' dir='ltr'><strong>malorum</strong></span> <span class='ocrx_word' id='word_1_353' title='bbox 2205 1972 2573 2042; x_wconf 89' lang='lat' dir='ltr'><strong>ignorantiam</strong></span> <span class='ocrx_word' id='word_1_354' title='bbox 2624 1970 2833 2041; x_wconf 81' lang='lat' dir='ltr'><strong>fugent.</strong></span> <span class='ocrx_word' id='word_1_355' title='bbox 2881 1970 2945 2024; x_wconf 85' lang='lat' dir='ltr'><strong>Et</strong></span> <span class='ocrx_word' id='word_1_356' title='bbox 2989 1971 3093 2024; x_wconf 91' lang='lat' dir='ltr'><strong>hoc</strong></span> <span class='ocrx_word' id='word_1_357' title='bbox 3140 1969 3270 2023; x_wconf 81' lang='lat' dir='ltr'><strong>facit</strong></span> <span class='ocrx_word' id='word_1_358' title='bbox 3312 1969 3471 2039; x_wconf 87' lang='lat' dir='ltr'><strong>quasi</strong></span> 
     </span>
    </p>
   </div>
   <div class='ocr_carea' id='block_1_50' title="bbox 1889 2060 3469 2126">
    <p class='ocr_par' dir='ltr' id='par_1_50' title="bbox 1889 2060 3469 2126">
     <span class='ocr_line' id='line_1_50' title="bbox 1889 2060 3469 2126; baseline -0.003 -7"><span class='ocrx_word' id='word_1_359' title='bbox 1889 2064 2179 2119; x_wconf 89' lang='lat' dir='ltr'><strong>occasione</strong></span> <span class='ocrx_word' id='word_1_360' title='bbox 2222 2063 2452 2117; x_wconf 85' lang='lat' dir='ltr'><strong>alterius</strong></span> <span class='ocrx_word' id='word_1_361' title='bbox 2500 2063 2766 2126; x_wconf 68' lang='lat' dir='ltr'><strong>scientiae,</strong></span> <span class='ocrx_word' id='word_1_362' title='bbox 2814 2075 3139 2117; x_wconf 90' lang='lat' dir='ltr'><strong>asseverans</strong></span> <span class='ocrx_word' id='word_1_363' title='bbox 3185 2062 3269 2116; x_wconf 81' lang='lat' dir='ltr'><strong>eis</strong></span> <span class='ocrx_word' id='word_1_364' title='bbox 3322 2060 3469 2114; x_wconf 91' lang='lat' dir='ltr'><strong>illam</strong></span> 
     </span>
    </p>
   </div>
   <div class='ocr_carea' id='block_1_51' title="bbox 1889 2154 3472 2226">
    <p class='ocr_par' dir='ltr' id='par_1_51' title="bbox 1889 2154 3472 2226">
     <span class='ocr_line' id='line_1_51' title="bbox 1889 2154 3472 2226; baseline -0.003 -16"><span class='ocrx_word' id='word_1_365' title='bbox 1889 2156 2203 2226; x_wconf 89' lang='lat' dir='ltr'><strong>opinionem</strong></span> <span class='ocrx_word' id='word_1_366' title='bbox 2233 2170 2339 2224; x_wconf 90' lang='lat' dir='ltr'><strong>qua</strong></span> <span class='ocrx_word' id='word_1_367' title='bbox 2369 2161 2601 2208; x_wconf 91' lang='lat' dir='ltr'><strong>utuntur</strong></span> <span class='ocrx_word' id='word_1_368' title='bbox 2634 2154 2879 2223; x_wconf 90' lang='lat' dir='ltr'><strong>plurimi,</strong></span> <span class='ocrx_word' id='word_1_369' title='bbox 2924 2162 2983 2207; x_wconf 91' lang='lat' dir='ltr'><strong>ut</strong></span> <span class='ocrx_word' id='word_1_370' title='bbox 3026 2159 3219 2222; x_wconf 90' lang='lat' dir='ltr'><strong>putent</strong></span> <span class='ocrx_word' id='word_1_371' title='bbox 3247 2166 3306 2206; x_wconf 92' lang='lat' dir='ltr'><strong>se</strong></span> <span class='ocrx_word' id='word_1_372' title='bbox 3348 2166 3472 2206; x_wconf 85' lang='lat' dir='ltr'><strong>reos</strong></span> 
     </span>
    </p>
   </div>
   <div class='ocr_carea' id='block_1_52' title="bbox 1890 2243 3475 2317">
    <p class='ocr_par' dir='ltr' id='par_1_52' title="bbox 1890 2243 3475 2317">
     <span class='ocr_line' id='line_1_52' title="bbox 1890 2243 3475 2317; baseline -0.004 -14"><span class='ocrx_word' id='word_1_373' title='bbox 1890 2249 2106 2304; x_wconf 82' lang='lat' dir='ltr'><strong>futuros</strong></span> <span class='ocrx_word' id='word_1_374' title='bbox 2129 2264 2238 2302; x_wconf 89' lang='lat' dir='ltr'><strong>non</strong></span> <span class='ocrx_word' id='word_1_375' title='bbox 2262 2263 2384 2302; x_wconf 88' lang='lat' dir='ltr'><strong>esse</strong></span> <span class='ocrx_word' id='word_1_376' title='bbox 2412 2249 2460 2301; x_wconf 92' lang='lat' dir='ltr'><strong>si</strong></span> <span class='ocrx_word' id='word_1_377' title='bbox 2491 2247 2545 2300; x_wconf 91' lang='lat' dir='ltr'><strong>in</strong></span> <span class='ocrx_word' id='word_1_378' title='bbox 2574 2248 2882 2317; x_wconf 81' lang='lat' dir='ltr'><strong>igndrantia</strong></span> <span class='ocrx_word' id='word_1_379' title='bbox 2915 2245 3135 2309; x_wconf 78' lang='lat' dir='ltr'><strong>fuerint,</strong></span> <span class='ocrx_word' id='word_1_380' title='bbox 3168 2259 3268 2298; x_wconf 91' lang='lat' dir='ltr'><strong>nec</strong></span> <span class='ocrx_word' id='word_1_381' title='bbox 3296 2243 3475 2297; x_wconf 82' lang='lat' dir='ltr'><strong>reddi-</strong></span> 
     </span>
    </p>
   </div>
   <div class='ocr_carea' id='block_1_53' title="bbox 1889 2335 3474 2408">
    <p class='ocr_par' dir='ltr' id='par_1_53' title="bbox 1889 2335 3474 2408">
     <span class='ocr_line' id='line_1_53' title="bbox 1889 2335 3474 2408; baseline -0.004 -15"><span class='ocrx_word' id='word_1_382' title='bbox 1889 2348 2046 2395; x_wconf 92' lang='lat' dir='ltr'><strong>turos</strong></span> <span class='ocrx_word' id='word_1_383' title='bbox 2072 2350 2196 2396; x_wconf 85' lang='lat' dir='ltr'><strong>esse</strong></span> <span class='ocrx_word' id='word_1_384' title='bbox 2219 2340 2489 2393; x_wconf 87' lang='lat' dir='ltr'><strong>rationem</strong></span> <span class='ocrx_word' id='word_1_385' title='bbox 2530 2354 2629 2408; x_wconf 89' lang='lat' dir='ltr'><strong>pro</strong></span> <span class='ocrx_word' id='word_1_386' title='bbox 2663 2339 2748 2393; x_wconf 78' lang='lat' dir='ltr'><strong>his</strong></span> <span class='ocrx_word' id='word_1_387' title='bbox 2783 2354 2903 2407; x_wconf 63' lang='lat' dir='ltr'><strong>quae</strong></span> <span class='ocrx_word' id='word_1_388' title='bbox 2952 2353 3059 2391; x_wconf 88' lang='lat' dir='ltr'><strong>non</strong></span> <span class='ocrx_word' id='word_1_389' title='bbox 3091 2335 3386 2399; x_wconf 88' lang='lat' dir='ltr'><strong>audierint,</strong></span> <span class='ocrx_word' id='word_1_390' title='bbox 3418 2342 3474 2389; x_wconf 89' lang='lat' dir='ltr'><strong>et</strong></span> 
     </span>
    </p>
   </div>
   <div class='ocr_carea' id='block_1_54' title="bbox 1890 2426 3475 2487">
    <p class='ocr_par' dir='ltr' id='par_1_54' title="bbox 1890 2426 3475 2487">
     <span class='ocr_line' id='line_1_54' title="bbox 1890 2426 3475 2487; baseline -0.003 -2"><span class='ocrx_word' id='word_1_391' title='bbox 1890 2431 2013 2487; x_wconf 90' lang='lat' dir='ltr'><strong>ideo</strong></span> <span class='ocrx_word' id='word_1_392' title='bbox 2042 2446 2073 2485; x_wconf 91' lang='lat' dir='ltr'><strong>a</strong></span> <span class='ocrx_word' id='word_1_393' title='bbox 2097 2432 2261 2486; x_wconf 90' lang='lat' dir='ltr'><strong>verbo</strong></span> <span class='ocrx_word' id='word_1_394' title='bbox 2288 2431 2566 2485; x_wconf 85' lang='lat' dir='ltr'><strong>declinare</strong></span> <span class='ocrx_word' id='word_1_395' title='bbox 2595 2445 2690 2485; x_wconf 87' lang='lat' dir='ltr'><strong>eos</strong></span> <span class='ocrx_word' id='word_1_396' title='bbox 2723 2430 2916 2485; x_wconf 83' lang='lat' dir='ltr'><strong>suadet</strong></span> <span class='ocrx_word' id='word_1_397' title='bbox 2938 2428 3204 2482; x_wconf 87' lang='lat' dir='ltr'><strong>auditum.</strong></span> <span class='ocrx_word' id='word_1_398' title='bbox 3240 2426 3345 2481; x_wconf 87' lang='lat' dir='ltr'><strong>Sed</strong></span> <span class='ocrx_word' id='word_1_399' title='bbox 3379 2442 3475 2481; x_wconf 87' lang='lat' dir='ltr'><strong>ac-</strong></span> 
     </span>
    </p>
   </div>
   <div class='ocr_carea' id='block_1_55' title="bbox 1889 2521 3475 2595">
    <p class='ocr_par' dir='ltr' id='par_1_55' title="bbox 1889 2521 3475 2595">
     <span class='ocr_line' id='line_1_55' title="bbox 1889 2521 3475 2595; baseline -0.003 -16"><span class='ocrx_word' id='word_1_400' title='bbox 1889 2525 2053 2595; x_wconf 86' lang='lat' dir='ltr'><strong>cipite</strong></span> <span class='ocrx_word' id='word_1_401' title='bbox 2078 2532 2269 2579; x_wconf 89' lang='lat' dir='ltr'><strong>contra</strong></span> <span class='ocrx_word' id='word_1_402' title='bbox 2296 2525 2410 2578; x_wconf 71' lang='lat' dir='ltr'><strong>haec</strong></span> <span class='ocrx_word' id='word_1_403' title='bbox 2440 2543 2453 2578; x_wconf 90' lang='lat'><strong>:</strong></span> <span class='ocrx_word' id='word_1_404' title='bbox 2485 2525 2603 2593; x_wconf 92' lang='lat' dir='ltr'><strong>ipsa</strong></span> <span class='ocrx_word' id='word_1_405' title='bbox 2633 2538 2731 2593; x_wconf 90' lang='lat' dir='ltr'><strong>per</strong></span> <span class='ocrx_word' id='word_1_406' title='bbox 2770 2522 3120 2591; x_wconf 83' lang='lat' dir='ltr'><strong>semetipsam</strong></span> <span class='ocrx_word' id='word_1_407' title='bbox 3157 2521 3475 2590; x_wconf 81' lang='lat' dir='ltr'><strong>ignorantia</strong></span> 
     </span>
    </p>
   </div>
   <div class='ocr_carea' id='block_1_56' title="bbox 1887 2612 3470 2683">
    <p class='ocr_par' dir='ltr' id='par_1_56' title="bbox 1887 2612 3470 2683">
     <span class='ocr_line' id='line_1_56' title="bbox 1887 2612 3470 2683; baseline -0.006 -10"><span class='ocrx_word' id='word_1_408' title='bbox 1887 2615 2284 2673; x_wconf 86' lang='lat' dir='ltr'><strong>validissimum</strong></span> <span class='ocrx_word' id='word_1_409' title='bbox 2318 2631 2586 2671; x_wconf 87' lang='lat' dir='ltr'><strong>venenum</strong></span> <span class='ocrx_word' id='word_1_410' title='bbox 2617 2622 2730 2677; x_wconf 91' lang='lat' dir='ltr'><strong>est,</strong></span> <span class='ocrx_word' id='word_1_411' title='bbox 2764 2613 2908 2683; x_wconf 91' lang='lat' dir='ltr'><strong>quod</strong></span> <span class='ocrx_word' id='word_1_412' title='bbox 2937 2612 3170 2667; x_wconf 84' lang='lat' dir='ltr'><strong>sulliciat</strong></span> <span class='ocrx_word' id='word_1_413' title='bbox 3211 2613 3470 2675; x_wconf 89' lang='lat' dir='ltr'><strong>animam,</strong></span> 
     </span>
    </p>
   </div>
   <div class='ocr_carea' id='block_1_57' title="bbox 1888 2701 3475 2776">
    <p class='ocr_par' dir='ltr' id='par_1_57' title="bbox 1888 2701 3475 2776">
     <span class='ocr_line' id='line_1_57' title="bbox 1888 2701 3475 2776; baseline -0.004 -14"><span class='ocrx_word' id='word_1_414' title='bbox 1888 2708 2036 2762; x_wconf 90' lang='lat' dir='ltr'><strong>nulla</strong></span> <span class='ocrx_word' id='word_1_415' title='bbox 2066 2707 2409 2762; x_wconf 77' lang='lat' dir='ltr'><strong>extrinsecus</strong></span> <span class='ocrx_word' id='word_1_416' title='bbox 2436 2706 2665 2776; x_wconf 70' lang='lat' dir='ltr'><strong>quaesita</strong></span> <span class='ocrx_word' id='word_1_417' title='bbox 2697 2704 3006 2773; x_wconf 89' lang='lat' dir='ltr'><strong>adjectione</strong></span> <span class='ocrx_word' id='word_1_418' title='bbox 3028 2742 3042 2766; x_wconf 94' lang='lat'><strong>,</strong></span> <span class='ocrx_word' id='word_1_419' title='bbox 3084 2703 3373 2771; x_wconf 86' lang='lat' dir='ltr'><strong>perimere.</strong></span> <span class='ocrx_word' id='word_1_420' title='bbox 3410 2701 3475 2756; x_wconf 79' lang='lat' dir='ltr'><strong>Et</strong></span> 
     </span>
    </p>
   </div>
   <div class='ocr_carea' id='block_1_58' title="bbox 1888 2796 3470 2869">
    <p class='ocr_par' dir='ltr' id='par_1_58' title="bbox 1888 2796 3470 2869">
     <span class='ocr_line' id='line_1_58' title="bbox 1888 2796 3470 2869; baseline -0.006 -12"><span class='ocrx_word' id='word_1_421' title='bbox 1888 2801 2013 2857; x_wconf 89' lang='lat' dir='ltr'><strong>ideo</strong></span> <span class='ocrx_word' id='word_1_422' title='bbox 2041 2815 2205 2855; x_wconf 89' lang='lat' dir='ltr'><strong>nemo</strong></span> <span class='ocrx_word' id='word_1_423' title='bbox 2234 2808 2319 2856; x_wconf 86' lang='lat' dir='ltr'><strong>est</strong></span> <span class='ocrx_word' id='word_1_424' title='bbox 2344 2800 2439 2869; x_wconf 90' lang='lat' dir='ltr'><strong>qui</strong></span> <span class='ocrx_word' id='word_1_425' title='bbox 2464 2800 2749 2869; x_wconf 88' lang='lat' dir='ltr'><strong>ignorans,</strong></span> <span class='ocrx_word' id='word_1_426' title='bbox 2783 2813 2881 2866; x_wconf 92' lang='lat' dir='ltr'><strong>per</strong></span> <span class='ocrx_word' id='word_1_427' title='bbox 2917 2796 3020 2850; x_wconf 87' lang='lat' dir='ltr'><strong>hoc</strong></span> <span class='ocrx_word' id='word_1_428' title='bbox 3048 2796 3194 2866; x_wconf 92' lang='lat' dir='ltr'><strong>quod</strong></span> <span class='ocrx_word' id='word_1_429' title='bbox 3233 2796 3470 2865; x_wconf 79' lang='lat' dir='ltr'><strong>ignorat,</strong></span> 
     </span>
    </p>
   </div>
   <div class='ocr_carea' id='block_1_59' title="bbox 1887 2887 3475 2959">
    <p class='ocr_par' dir='ltr' id='par_1_59' title="bbox 1887 2887 3475 2959">
     <span class='ocr_line' id='line_1_59' title="bbox 1887 2887 3475 2959; baseline -0.006 -10"><span class='ocrx_word' id='word_1_430' title='bbox 1887 2893 2106 2957; x_wconf 88' lang='lat' dir='ltr'><strong>evadat,</strong></span> <span class='ocrx_word' id='word_1_431' title='bbox 2148 2892 2245 2948; x_wconf 88' lang='lat' dir='ltr'><strong>sed</strong></span> <span class='ocrx_word' id='word_1_432' title='bbox 2274 2899 2485 2946; x_wconf 89' lang='lat' dir='ltr'><strong>certum</strong></span> <span class='ocrx_word' id='word_1_433' title='bbox 2518 2899 2603 2945; x_wconf 91' lang='lat' dir='ltr'><strong>est</strong></span> <span class='ocrx_word' id='word_1_434' title='bbox 2642 2890 2789 2959; x_wconf 89' lang='lat' dir='ltr'><strong>quod</strong></span> <span class='ocrx_word' id='word_1_435' title='bbox 2838 2890 3094 2943; x_wconf 89' lang='lat' dir='ltr'><strong>intereat.</strong></span> <span class='ocrx_word' id='word_1_436' title='bbox 3140 2887 3475 2942; x_wconf 87' lang='lat' dir='ltr'><strong>Naturaliter</strong></span> 
     </span>
    </p>
   </div>
   <div class='ocr_carea' id='block_1_60' title="bbox 1886 2979 3473 3054">
    <p class='ocr_par' dir='ltr' id='par_1_60' title="bbox 1886 2979 3473 3054">
     <span class='ocr_line' id='line_1_60' title="bbox 1886 2979 3473 3054; baseline -0.004 -14"><span class='ocrx_word' id='word_1_437' title='bbox 1886 2986 2034 3042; x_wconf 90' lang='lat' dir='ltr'><strong>enim</strong></span> <span class='ocrx_word' id='word_1_438' title='bbox 2086 2993 2437 3054; x_wconf 88' lang='lat' dir='ltr'><strong>peccatorum</strong></span> <span class='ocrx_word' id='word_1_439' title='bbox 2482 2984 2566 3037; x_wconf 83' lang='lat' dir='ltr'><strong>vis</strong></span> <span class='ocrx_word' id='word_1_440' title='bbox 2612 2982 2880 3037; x_wconf 90' lang='lat' dir='ltr'><strong>interimit</strong></span> <span class='ocrx_word' id='word_1_441' title='bbox 2942 2988 3310 3052; x_wconf 87' lang='lat' dir='ltr'><strong>peccatorem.</strong></span> <span class='ocrx_word' id='word_1_442' title='bbox 3366 2979 3473 3033; x_wconf 88' lang='lat' dir='ltr'><strong>Sed</strong></span> 
     </span>
    </p>
   </div>
   <div class='ocr_carea' id='block_1_61' title="bbox 200 3075 3468 3167">
    <p class='ocr_par' dir='ltr' id='par_1_61' title="bbox 200 3075 3468 3167">
     <span class='ocr_line' id='line_1_61' title="bbox 200 3075 3468 3167; baseline -0.002 -32"><span class='ocrx_word' id='word_1_443' title='bbox 200 3094 369 3147; x_wconf 70' lang='lat' dir='ltr'><strong>Quem</strong></span> <span class='ocrx_word' id='word_1_444' title='bbox 393 3080 616 3146; x_wconf 88' lang='lat' dir='ltr'><strong>adoras,</strong></span> <span class='ocrx_word' id='word_1_445' title='bbox 661 3098 774 3137; x_wconf 88' lang='lat' dir='ltr'><strong>non</strong></span> <span class='ocrx_word' id='word_1_446' title='bbox 801 3083 979 3139; x_wconf 82' lang='lat' dir='ltr'><strong>videt?</strong></span> <span class='ocrx_word' id='word_1_447' title='bbox 1020 3084 1147 3138; x_wconf 87' lang='lat' dir='ltr'><strong>audi</strong></span> <span class='ocrx_word' id='word_1_448' title='bbox 1186 3085 1315 3154; x_wconf 82' lang='lat' dir='ltr'><strong>quia</strong></span> <span class='ocrx_word' id='word_1_449' title='bbox 1355 3101 1518 3155; x_wconf 79' lang='lat' dir='ltr'><strong>quem</strong></span> <span class='ocrx_word' id='word_1_450' title='bbox 1560 3086 1785 3155; x_wconf 65' lang='lat' dir='ltr'><strong>adoras,</strong></span> <span class='ocrx_word' id='word_1_451' title='bbox 1812 3107 1858 3167; x_wconf 69' lang='grc' dir='ltr'>ο</span> <span class='ocrx_word' id='word_1_452' title='bbox 1888 3079 2149 3149; x_wconf 86' lang='lat' dir='ltr'><strong>quoniam</strong></span> <span class='ocrx_word' id='word_1_453' title='bbox 2173 3077 2445 3146; x_wconf 86' lang='lat' dir='ltr'><strong>judicium</strong></span> <span class='ocrx_word' id='word_1_454' title='bbox 2472 3076 2800 3131; x_wconf 86' lang='lat' dir='ltr'><strong>rationabile</strong></span> <span class='ocrx_word' id='word_1_455' title='bbox 2821 3075 2947 3137; x_wconf 91' lang='lat' dir='ltr'><strong>erit,</strong></span> <span class='ocrx_word' id='word_1_456' title='bbox 2981 3082 3093 3129; x_wconf 89' lang='lat' dir='ltr'><strong>tam</strong></span> <span class='ocrx_word' id='word_1_457' title='bbox 3125 3075 3468 3145; x_wconf 64' lang='lat' dir='ltr'><strong>ignorantiae,</strong></span> 
     </span>
    </p>
   </div>
   <div class='ocr_carea' id='block_1_62' title="bbox 198 3174 1787 3250">
    <p class='ocr_par' dir='ltr' id='par_1_62' title="bbox 198 3174 1787 3250">
     <span class='ocr_line' id='line_1_62' title="bbox 198 3174 1787 3250; baseline 0.008 -24"><span class='ocrx_word' id='word_1_458' title='bbox 198 3188 314 3226; x_wconf 90' lang='lat' dir='ltr'><strong>non</strong></span> <span class='ocrx_word' id='word_1_459' title='bbox 348 3174 526 3234; x_wconf 80' lang='lat' dir='ltr'><strong>audit.</strong></span> <span class='ocrx_word' id='word_1_460' title='bbox 575 3183 629 3232; x_wconf 90' lang='lat' dir='ltr'><strong>et</strong></span> <span class='ocrx_word' id='word_1_461' title='bbox 677 3177 918 3248; x_wconf 88' lang='lat' dir='ltr'><strong>intellige</strong></span> <span class='ocrx_word' id='word_1_462' title='bbox 967 3180 1098 3248; x_wconf 86' lang='lat' dir='ltr'><strong>quia</strong></span> <span class='ocrx_word' id='word_1_463' title='bbox 1142 3195 1251 3234; x_wconf 92' lang='lat' dir='ltr'><strong>non</strong></span> <span class='ocrx_word' id='word_1_464' title='bbox 1304 3179 1591 3249; x_wconf 87' lang='lat' dir='ltr'><strong>intelligit;</strong></span> <span class='ocrx_word' id='word_1_465' title='bbox 1646 3197 1787 3250; x_wconf 91' lang='lat' dir='ltr'><strong>opus</strong></span> 
     </span>
    </p>
   </div>
   <div class='ocr_carea' id='block_1_63' title="bbox 198 3264 1789 3332">
    <p class='ocr_par' dir='ltr' id='par_1_63' title="bbox 198 3264 1789 3332">
     <span class='ocr_line' id='line_1_63' title="bbox 198 3264 1789 3332; baseline 0.006 -15"><span class='ocrx_word' id='word_1_466' title='bbox 198 3264 350 3317; x_wconf 89' lang='lat' dir='ltr'><strong>cnim</strong></span> <span class='ocrx_word' id='word_1_467' title='bbox 380 3266 629 3322; x_wconf 78' lang='lat' dir='ltr'><strong>mortalis</strong></span> <span class='ocrx_word' id='word_1_468' title='bbox 661 3283 859 3323; x_wconf 89' lang='lat' dir='ltr'><strong>manus</strong></span> <span class='ocrx_word' id='word_1_469' title='bbox 905 3277 1012 3332; x_wconf 89' lang='lat' dir='ltr'><strong>est,</strong></span> <span class='ocrx_word' id='word_1_470' title='bbox 1044 3276 1100 3323; x_wconf 91' lang='lat' dir='ltr'><strong>et</strong></span> <span class='ocrx_word' id='word_1_471' title='bbox 1144 3270 1463 3325; x_wconf 86' lang='lat' dir='ltr'><strong>necessario</strong></span> <span class='ocrx_word' id='word_1_472' title='bbox 1492 3285 1657 3327; x_wconf 92' lang='lat' dir='ltr'><strong>sensu</strong></span> <span class='ocrx_word' id='word_1_473' title='bbox 1693 3286 1789 3326; x_wconf 19' lang='lat' dir='ltr'><strong>ca-e</strong></span> 
     </span>
    </p>
   </div>
   <div class='ocr_carea' id='block_1_64' title="bbox 199 3354 1790 3433">
    <p class='ocr_par' dir='ltr' id='par_1_64' title="bbox 199 3354 1790 3433">
     <span class='ocr_line' id='line_1_64' title="bbox 199 3354 1790 3433; baseline 0.006 -25"><span class='ocrx_word' id='word_1_474' title='bbox 199 3366 306 3409; x_wconf 86' lang='lat' dir='ltr'><strong>ret.</strong></span> <span class='ocrx_word' id='word_1_475' title='bbox 334 3354 415 3410; x_wconf 87' lang='lat' dir='ltr'><strong>Tu</strong></span> <span class='ocrx_word' id='word_1_476' title='bbox 432 3373 565 3428; x_wconf 86' lang='lat' dir='ltr'><strong>ergo</strong></span> <span class='ocrx_word' id='word_1_477' title='bbox 588 3358 787 3414; x_wconf 90' lang='lat' dir='ltr'><strong>adoras</strong></span> <span class='ocrx_word' id='word_1_478' title='bbox 823 3360 1199 3416; x_wconf 88' lang='lat' dir='ltr'><strong>insensibilem</strong></span> <span class='ocrx_word' id='word_1_479' title='bbox 1218 3400 1233 3425; x_wconf 93' lang='lat'><strong>,</strong></span> <span class='ocrx_word' id='word_1_480' title='bbox 1259 3377 1382 3415; x_wconf 93' lang='lat' dir='ltr'><strong>cum</strong></span> <span class='ocrx_word' id='word_1_481' title='bbox 1410 3363 1790 3433; x_wconf 87' lang='lat' dir='ltr'><strong>unusquisque</strong></span> 
     </span>
    </p>
   </div>
   <div class='ocr_carea' id='block_1_65' title="bbox 200 3445 1786 3523">
    <p class='ocr_par' dir='ltr' id='par_1_65' title="bbox 200 3445 1786 3523">
     <span class='ocr_line' id='line_1_65' title="bbox 200 3445 1786 3523; baseline 0.005 -23"><span class='ocrx_word' id='word_1_482' title='bbox 200 3445 411 3503; x_wconf 77' lang='lat' dir='ltr'><strong>habens</strong></span> <span class='ocrx_word' id='word_1_483' title='bbox 442 3465 688 3516; x_wconf 87' lang='lat' dir='ltr'><strong>sensum,</strong></span> <span class='ocrx_word' id='word_1_484' title='bbox 732 3466 834 3505; x_wconf 90' lang='lat' dir='ltr'><strong>nec</strong></span> <span class='ocrx_word' id='word_1_485' title='bbox 888 3467 952 3507; x_wconf 90' lang='lat' dir='ltr'><strong>ea</strong></span> <span class='ocrx_word' id='word_1_486' title='bbox 981 3452 1201 3523; x_wconf 89' lang='lat' dir='ltr'><strong>quidem</strong></span> <span class='ocrx_word' id='word_1_487' title='bbox 1257 3453 1447 3508; x_wconf 90' lang='lat' dir='ltr'><strong>credat</strong></span> <span class='ocrx_word' id='word_1_488' title='bbox 1486 3454 1786 3516; x_wconf 85' lang='lat' dir='ltr'><strong>adoranda,</strong></span> 
     </span>
    </p>
   </div>
   <div class='ocr_carea' id='block_1_66' title="bbox 199 3541 1789 3618">
    <p class='ocr_par' dir='ltr' id='par_1_66' title="bbox 199 3541 1789 3618">
     <span class='ocr_line' id='line_1_66' title="bbox 199 3541 1789 3618; baseline 0.007 -26"><span class='ocrx_word' id='word_1_489' title='bbox 199 3556 325 3612; x_wconf 73' lang='lat' dir='ltr'><strong>quae</strong></span> <span class='ocrx_word' id='word_1_490' title='bbox 347 3557 378 3595; x_wconf 89' lang='lat' dir='ltr'><strong>a</strong></span> <span class='ocrx_word' id='word_1_491' title='bbox 423 3541 533 3598; x_wconf 90' lang='lat' dir='ltr'><strong>Deo</strong></span> <span class='ocrx_word' id='word_1_492' title='bbox 562 3543 702 3599; x_wconf 84' lang='lat' dir='ltr'><strong>facta</strong></span> <span class='ocrx_word' id='word_1_493' title='bbox 732 3552 862 3599; x_wconf 90' lang='lat' dir='ltr'><strong>sunt</strong></span> <span class='ocrx_word' id='word_1_494' title='bbox 883 3552 938 3600; x_wconf 91' lang='lat' dir='ltr'><strong>et</strong></span> <span class='ocrx_word' id='word_1_495' title='bbox 970 3546 1173 3601; x_wconf 88' lang='lat' dir='ltr'><strong>habent</strong></span> <span class='ocrx_word' id='word_1_496' title='bbox 1203 3561 1424 3601; x_wconf 88' lang='lat' dir='ltr'><strong>sensum</strong></span> <span class='ocrx_word' id='word_1_497' title='bbox 1457 3547 1592 3618; x_wconf 79' lang='grc'><strong>(19),</strong></span> <span class='ocrx_word' id='word_1_498' title='bbox 1620 3548 1672 3601; x_wconf 89' lang='lat' dir='ltr'><strong>id</strong></span> <span class='ocrx_word' id='word_1_499' title='bbox 1702 3556 1789 3603; x_wconf 90' lang='lat' dir='ltr'><strong>est</strong></span> 
     </span>
    </p>
   </div>
   <div class='ocr_carea' id='block_1_67' title="bbox 200 3630 1789 3707">
    <p class='ocr_par' dir='ltr' id='par_1_67' title="bbox 200 3630 1789 3707">
     <span class='ocr_line' id='line_1_67' title="bbox 200 3630 1789 3707; baseline 0.005 -20"><span class='ocrx_word' id='word_1_500' title='bbox 200 3630 376 3688; x_wconf 81' lang='lat' dir='ltr'><strong>soiem</strong></span> <span class='ocrx_word' id='word_1_501' title='bbox 420 3643 476 3689; x_wconf 91' lang='lat' dir='ltr'><strong>et</strong></span> <span class='ocrx_word' id='word_1_502' title='bbox 505 3636 711 3702; x_wconf 87' lang='lat' dir='ltr'><strong>lunam,</strong></span> <span class='ocrx_word' id='word_1_503' title='bbox 742 3636 828 3691; x_wconf 90' lang='lat' dir='ltr'><strong>vel</strong></span> <span class='ocrx_word' id='word_1_504' title='bbox 859 3637 1068 3701; x_wconf 89' lang='lat' dir='ltr'><strong>stellas,</strong></span> <span class='ocrx_word' id='word_1_505' title='bbox 1100 3637 1394 3707; x_wconf 90' lang='lat' dir='ltr'><strong>omniaque</strong></span> <span class='ocrx_word' id='word_1_506' title='bbox 1422 3652 1542 3706; x_wconf 65' lang='lat' dir='ltr'><strong>quae</strong></span> <span class='ocrx_word' id='word_1_507' title='bbox 1567 3639 1623 3692; x_wconf 90' lang='lat' dir='ltr'><strong>in</strong></span> <span class='ocrx_word' id='word_1_508' title='bbox 1648 3640 1789 3696; x_wconf 68' lang='lat' dir='ltr'><strong>caelo</strong></span> 
     </span>
    </p>
   </div>
   <div class='ocr_carea' id='block_1_68' title="bbox 200 3727 1788 3801">
    <p class='ocr_par' dir='ltr' id='par_1_68' title="bbox 200 3727 1788 3801">
     <span class='ocr_line' id='line_1_68' title="bbox 200 3727 1788 3801; baseline 0.003 -20"><span class='ocrx_word' id='word_1_509' title='bbox 200 3735 336 3781; x_wconf 78' lang='lat' dir='ltr'><strong>sunt</strong></span> <span class='ocrx_word' id='word_1_510' title='bbox 369 3740 424 3783; x_wconf 94' lang='lat' dir='ltr'><strong>et</strong></span> <span class='ocrx_word' id='word_1_511' title='bbox 443 3744 609 3800; x_wconf 90' lang='lat' dir='ltr'><strong>super</strong></span> <span class='ocrx_word' id='word_1_512' title='bbox 631 3739 858 3785; x_wconf 90' lang='lat' dir='ltr'><strong>terram.</strong></span> <span class='ocrx_word' id='word_1_513' title='bbox 897 3727 1117 3786; x_wconf 83' lang='lat' dir='ltr'><strong>Justum</strong></span> <span class='ocrx_word' id='word_1_514' title='bbox 1163 3731 1310 3786; x_wconf 89' lang='lat' dir='ltr'><strong>enim</strong></span> <span class='ocrx_word' id='word_1_515' title='bbox 1342 3738 1561 3801; x_wconf 90' lang='lat' dir='ltr'><strong>putant,</strong></span> <span class='ocrx_word' id='word_1_516' title='bbox 1594 3748 1701 3785; x_wconf 93' lang='lat' dir='ltr'><strong>non</strong></span> <span class='ocrx_word' id='word_1_517' title='bbox 1724 3747 1788 3786; x_wconf 89' lang='lat' dir='ltr'><strong>ea</strong></span> 
     </span>
    </p>
   </div>
   <div class='ocr_carea' id='block_1_69' title="bbox 199 3824 1788 3894">
    <p class='ocr_par' dir='ltr' id='par_1_69' title="bbox 199 3824 1788 3894">
     <span class='ocr_line' id='line_1_69' title="bbox 199 3824 1788 3894; baseline 0.003 -20"><span class='ocrx_word' id='word_1_518' title='bbox 199 3837 325 3891; x_wconf 67' lang='lat' dir='ltr'><strong>quae</strong></span> <span class='ocrx_word' id='word_1_519' title='bbox 355 3836 457 3891; x_wconf 90' lang='lat' dir='ltr'><strong>pro</strong></span> <span class='ocrx_word' id='word_1_520' title='bbox 482 3824 671 3878; x_wconf 89' lang='lat' dir='ltr'><strong>mundi</strong></span> <span class='ocrx_word' id='word_1_521' title='bbox 723 3825 1030 3880; x_wconf 90' lang='lat' dir='ltr'><strong>ministerio</strong></span> <span class='ocrx_word' id='word_1_522' title='bbox 1063 3824 1209 3879; x_wconf 74' lang='lat' dir='ltr'><strong>facta</strong></span> <span class='ocrx_word' id='word_1_523' title='bbox 1236 3832 1388 3888; x_wconf 89' lang='lat' dir='ltr'><strong>sunt,</strong></span> <span class='ocrx_word' id='word_1_524' title='bbox 1426 3825 1521 3879; x_wconf 90' lang='lat' dir='ltr'><strong>sed</strong></span> <span class='ocrx_word' id='word_1_525' title='bbox 1545 3824 1788 3894; x_wconf 89' lang='lat' dir='ltr'><strong>ipsorum</strong></span> 
     </span>
    </p>
   </div>
   <div class='ocr_carea' id='block_1_70' title="bbox 199 3915 1790 3988">
    <p class='ocr_par' dir='ltr' id='par_1_70' title="bbox 199 3915 1790 3988">
     <span class='ocr_line' id='line_1_70' title="bbox 199 3915 1790 3988; baseline 0.001 -18"><span class='ocrx_word' id='word_1_526' title='bbox 199 3923 255 3970; x_wconf 87' lang='lat' dir='ltr'><strong>et</strong></span> <span class='ocrx_word' id='word_1_527' title='bbox 294 3915 484 3970; x_wconf 89' lang='lat' dir='ltr'><strong>mundi</strong></span> <span class='ocrx_word' id='word_1_528' title='bbox 538 3918 709 3973; x_wconf 92' lang='lat' dir='ltr'><strong>totius</strong></span> <span class='ocrx_word' id='word_1_529' title='bbox 739 3920 1059 3975; x_wconf 83' lang='lat' dir='ltr'><strong>Creatorem</strong></span> <span class='ocrx_word' id='word_1_530' title='bbox 1092 3919 1294 3974; x_wconf 89' lang='lat' dir='ltr'><strong>debere</strong></span> <span class='ocrx_word' id='word_1_531' title='bbox 1324 3919 1574 3973; x_wconf 89' lang='lat' dir='ltr'><strong>venerari</strong></span> <span class='ocrx_word' id='word_1_532' title='bbox 1602 3936 1616 3986; x_wconf 90' lang='lat'>;</span> <span class='ocrx_word' id='word_1_533' title='bbox 1655 3933 1790 3988; x_wconf 81' lang='lat' dir='ltr'><strong>gau-</strong></span> 
     </span>
    </p>
   </div>
   <div class='ocr_carea' id='block_1_71' title="bbox 200 4006 1786 4076">
    <p class='ocr_par' dir='ltr' id='par_1_71' title="bbox 200 4006 1786 4076">
     <span class='ocr_line' id='line_1_71' title="bbox 200 4006 1786 4076; baseline 0.002 -16"><span class='ocrx_word' id='word_1_534' title='bbox 200 4006 333 4060; x_wconf 89' lang='lat' dir='ltr'><strong>dent</strong></span> <span class='ocrx_word' id='word_1_535' title='bbox 363 4009 509 4061; x_wconf 89' lang='lat' dir='ltr'><strong>enim</strong></span> <span class='ocrx_word' id='word_1_536' title='bbox 542 4011 705 4065; x_wconf 87' lang='lat' dir='ltr'><strong>etiam</strong></span> <span class='ocrx_word' id='word_1_537' title='bbox 754 4010 894 4075; x_wconf 67' lang='lat' dir='ltr'><strong>haec,</strong></span> <span class='ocrx_word' id='word_1_538' title='bbox 923 4026 1048 4067; x_wconf 92' lang='lat' dir='ltr'><strong>cum</strong></span> <span class='ocrx_word' id='word_1_539' title='bbox 1071 4011 1163 4067; x_wconf 91' lang='lat' dir='ltr'><strong>ille</strong></span> <span class='ocrx_word' id='word_1_540' title='bbox 1198 4011 1461 4065; x_wconf 81' lang='lat' dir='ltr'><strong>aduratur</strong></span> <span class='ocrx_word' id='word_1_541' title='bbox 1489 4017 1544 4065; x_wconf 93' lang='lat' dir='ltr'><strong>et</strong></span> <span class='ocrx_word' id='word_1_542' title='bbox 1566 4011 1786 4076; x_wconf 89' lang='lat' dir='ltr'><strong>colitur,</strong></span> 
     </span>
    </p>
   </div>
   <div class='ocr_carea' id='block_1_72' title="bbox 200 4098 1791 4173">
    <p class='ocr_par' dir='ltr' id='par_1_72' title="bbox 200 4098 1791 4173">
     <span class='ocr_line' id='line_1_72' title="bbox 200 4098 1791 4173; baseline 0.003 -23"><span class='ocrx_word' id='word_1_543' title='bbox 200 4112 305 4152; x_wconf 88' lang='lat' dir='ltr'><strong>nec</strong></span> <span class='ocrx_word' id='word_1_544' title='bbox 334 4098 567 4154; x_wconf 84' lang='lat' dir='ltr'><strong>libenter</strong></span> <span class='ocrx_word' id='word_1_545' title='bbox 598 4103 901 4173; x_wconf 88' lang='lat' dir='ltr'><strong>accipiunt,</strong></span> <span class='ocrx_word' id='word_1_546' title='bbox 921 4112 983 4157; x_wconf 94' lang='lat' dir='ltr'><strong>ut</strong></span> <span class='ocrx_word' id='word_1_547' title='bbox 1013 4104 1192 4158; x_wconf 90' lang='lat' dir='ltr'><strong>honor</strong></span> <span class='ocrx_word' id='word_1_548' title='bbox 1212 4103 1495 4158; x_wconf 87' lang='lat' dir='ltr'><strong>Creatoris</strong></span> <span class='ocrx_word' id='word_1_549' title='bbox 1518 4111 1791 4157; x_wconf 72' lang='lat' dir='ltr'><strong>creatura</strong></span> 
     </span>
    </p>
   </div>
   <div class='ocr_carea' id='block_1_73' title="bbox 199 4191 1788 4265">
    <p class='ocr_par' dir='ltr' id='par_1_73' title="bbox 199 4191 1788 4265">
     <span class='ocr_line' id='line_1_73' title="bbox 199 4191 1788 4265; baseline 0 -20"><span class='ocrx_word' id='word_1_550' title='bbox 199 4191 506 4251; x_wconf 80' lang='lat' dir='ltr'><strong>deferatur.</strong></span> <span class='ocrx_word' id='word_1_551' title='bbox 558 4194 834 4265; x_wconf 80' lang='lat' dir='ltr'><strong>Exceptus</strong></span> <span class='ocrx_word' id='word_1_552' title='bbox 880 4197 1027 4250; x_wconf 89' lang='lat' dir='ltr'><strong>enim</strong></span> <span class='ocrx_word' id='word_1_553' title='bbox 1071 4203 1156 4251; x_wconf 88' lang='lat' dir='ltr'><strong>est</strong></span> <span class='ocrx_word' id='word_1_554' title='bbox 1206 4194 1301 4249; x_wconf 89' lang='lat' dir='ltr'><strong>Dei</strong></span> <span class='ocrx_word' id='word_1_555' title='bbox 1348 4196 1521 4250; x_wconf 88' lang='lat' dir='ltr'><strong>solius</strong></span> <span class='ocrx_word' id='word_1_556' title='bbox 1581 4194 1788 4256; x_wconf 84' lang='lat' dir='ltr'><strong>cultus,</strong></span> 
     </span>
    </p>
   </div>
   <div class='ocr_carea' id='block_1_74' title="bbox 198 4284 1790 4356">
    <p class='ocr_par' dir='ltr' id='par_1_74' title="bbox 198 4284 1790 4356">
     <span class='ocr_line' id='line_1_74' title="bbox 198 4284 1790 4356; baseline -0.002 -16"><span class='ocrx_word' id='word_1_557' title='bbox 198 4289 294 4356; x_wconf 88' lang='lat' dir='ltr'><strong>qui</strong></span> <span class='ocrx_word' id='word_1_558' title='bbox 328 4290 483 4345; x_wconf 86' lang='lat' dir='ltr'><strong>solus</strong></span> <span class='ocrx_word' id='word_1_559' title='bbox 504 4290 787 4345; x_wconf 90' lang='lat' dir='ltr'><strong>increatus</strong></span> <span class='ocrx_word' id='word_1_560' title='bbox 809 4295 915 4351; x_wconf 88' lang='lat' dir='ltr'><strong>est,</strong></span> <span class='ocrx_word' id='word_1_561' title='bbox 935 4288 1122 4342; x_wconf 88' lang='lat' dir='ltr'><strong>omnia</strong></span> <span class='ocrx_word' id='word_1_562' title='bbox 1152 4295 1333 4342; x_wconf 90' lang='lat' dir='ltr'><strong>autem</strong></span> <span class='ocrx_word' id='word_1_563' title='bbox 1362 4293 1558 4341; x_wconf 83' lang='lat' dir='ltr'><strong>caetera</strong></span> <span class='ocrx_word' id='word_1_564' title='bbox 1580 4284 1790 4339; x_wconf 84' lang='lat' dir='ltr'><strong>factura</strong></span> 
     </span>
    </p>
   </div>
   <div class='ocr_carea' id='block_1_75' title="bbox 197 4376 1789 4452">
    <p class='ocr_par' dir='ltr' id='par_1_75' title="bbox 197 4376 1789 4452">
     <span class='ocr_line' id='line_1_75' title="bbox 197 4376 1789 4452; baseline -0.001 -17"><span class='ocrx_word' id='word_1_565' title='bbox 197 4381 323 4449; x_wconf 84' lang='lat' dir='ltr'><strong>ejus</strong></span> <span class='ocrx_word' id='word_1_566' title='bbox 351 4388 503 4435; x_wconf 91' lang='lat' dir='ltr'><strong>sunt.</strong></span> <span class='ocrx_word' id='word_1_567' title='bbox 539 4381 695 4436; x_wconf 89' lang='lat' dir='ltr'><strong>Sicut</strong></span> <span class='ocrx_word' id='word_1_568' title='bbox 716 4395 847 4451; x_wconf 85' lang='lat' dir='ltr'><strong>ergo</strong></span> <span class='ocrx_word' id='word_1_569' title='bbox 892 4381 1180 4452; x_wconf 88' lang='lat' dir='ltr'><strong>pr0prium</strong></span> <span class='ocrx_word' id='word_1_570' title='bbox 1225 4388 1312 4434; x_wconf 90' lang='lat' dir='ltr'><strong>est</strong></span> <span class='ocrx_word' id='word_1_571' title='bbox 1353 4378 1474 4449; x_wconf 86' lang='lat' dir='ltr'><strong>ejus</strong></span> <span class='ocrx_word' id='word_1_572' title='bbox 1503 4377 1596 4448; x_wconf 81' lang='lat' dir='ltr'><strong>qui</strong></span> <span class='ocrx_word' id='word_1_573' title='bbox 1635 4376 1789 4433; x_wconf 84' lang='lat' dir='ltr'><strong>solus</strong></span> 
     </span>
    </p>
   </div>
   <div class='ocr_carea' id='block_1_76' title="bbox 198 4459 1862 4540">
    <p class='ocr_par' dir='ltr' id='par_1_76' title="bbox 198 4459 1862 4540">
     <span class='ocr_line' id='line_1_76' title="bbox 198 4459 1862 4540; baseline -0.001 -14"><span class='ocrx_word' id='word_1_574' title='bbox 198 4488 312 4526; x_wconf 88' lang='lat' dir='ltr'><strong>non</strong></span> <span class='ocrx_word' id='word_1_575' title='bbox 342 4480 430 4527; x_wconf 87' lang='lat' dir='ltr'><strong>est</strong></span> <span class='ocrx_word' id='word_1_576' title='bbox 463 4472 661 4535; x_wconf 80' lang='lat' dir='ltr'><strong>factus,</strong></span> <span class='ocrx_word' id='word_1_577' title='bbox 694 4472 864 4527; x_wconf 81' lang='lat' dir='ltr'><strong>Deum</strong></span> <span class='ocrx_word' id='word_1_578' title='bbox 905 4488 1051 4538; x_wconf 88' lang='lat' dir='ltr'><strong>esse,</strong></span> <span class='ocrx_word' id='word_1_579' title='bbox 1095 4473 1173 4527; x_wconf 91' lang='lat' dir='ltr'><strong>ita</strong></span> <span class='ocrx_word' id='word_1_580' title='bbox 1195 4486 1358 4526; x_wconf 91' lang='lat' dir='ltr'><strong>omne</strong></span> <span class='ocrx_word' id='word_1_581' title='bbox 1400 4470 1549 4540; x_wconf 87' lang='lat' dir='ltr'><strong>quod</strong></span> <span class='ocrx_word' id='word_1_582' title='bbox 1582 4472 1785 4525; x_wconf 79' lang='lat' dir='ltr'><strong>factum</strong></span> <span class='ocrx_word' id='word_1_583' title='bbox 1816 4459 1862 4516; x_wconf 80' lang='grc' dir='ltr'><strong>Ῑ)</strong></span> 
     </span>
    </p>
   </div>
   <div class='ocr_carea' id='block_1_77' title="bbox 196 4564 909 4631">
    <p class='ocr_par' dir='ltr' id='par_1_77' title="bbox 196 4564 909 4631">
     <span class='ocr_line' id='line_1_77' title="bbox 196 4564 909 4631; baseline 0 -12"><span class='ocrx_word' id='word_1_584' title='bbox 196 4574 307 4631; x_wconf 85' lang='lat' dir='ltr'><strong>est,</strong></span> <span class='ocrx_word' id='word_1_585' title='bbox 334 4564 480 4621; x_wconf 89' lang='lat' dir='ltr'><strong>Deus</strong></span> <span class='ocrx_word' id='word_1_586' title='bbox 511 4580 638 4620; x_wconf 89' lang='lat' dir='ltr'><strong>vere</strong></span> <span class='ocrx_word' id='word_1_587' title='bbox 667 4580 779 4620; x_wconf 91' lang='lat' dir='ltr'><strong>non</strong></span> <span class='ocrx_word' id='word_1_588' title='bbox 801 4574 909 4620; x_wconf 89' lang='lat' dir='ltr'><strong>est.</strong></span> 
     </span>
    </p>
   </div>
   <div class='ocr_carea' id='block_1_78' title="bbox 274 4697 1790 4774">
    <p class='ocr_par' dir='ltr' id='par_1_78' title="bbox 274 4697 1790 4774">
     <span class='ocr_line' id='line_1_78' title="bbox 274 4697 1790 4774; baseline -0.005 -15"><span class='ocrx_word' id='word_1_589' title='bbox 274 4702 437 4760; x_wconf 76' lang='lat' dir='ltr'><strong>XVII.</strong></span> <span class='ocrx_word' id='word_1_590' title='bbox 466 4704 605 4759; x_wconf 85' lang='lat' dir='ltr'><strong>Ante</strong></span> <span class='ocrx_word' id='word_1_591' title='bbox 650 4704 832 4758; x_wconf 89' lang='lat' dir='ltr'><strong>omnia</strong></span> <span class='ocrx_word' id='word_1_592' title='bbox 877 4718 1007 4774; x_wconf 83' lang='lat' dir='ltr'><strong>ergo</strong></span> <span class='ocrx_word' id='word_1_593' title='bbox 1050 4700 1357 4769; x_wconf 84' lang='lat' dir='ltr'><strong>intelligere</strong></span> <span class='ocrx_word' id='word_1_594' title='bbox 1388 4697 1601 4753; x_wconf 87' lang='lat' dir='ltr'><strong>debetis</strong></span> <span class='ocrx_word' id='word_1_595' title='bbox 1626 4697 1790 4752; x_wconf 88' lang='lat' dir='ltr'><strong>dece-</strong></span> 
     </span>
    </p>
   </div>
   <div class='ocr_carea' id='block_1_79' title="bbox 196 4789 1789 4868">
    <p class='ocr_par' dir='ltr' id='par_1_79' title="bbox 196 4789 1789 4868">
     <span class='ocr_line' id='line_1_79' title="bbox 196 4789 1789 4868; baseline -0.006 -18"><span class='ocrx_word' id='word_1_596' title='bbox 196 4798 444 4868; x_wconf 86' lang='lat' dir='ltr'><strong>ptionem</strong></span> <span class='ocrx_word' id='word_1_597' title='bbox 490 4798 759 4867; x_wconf 88' lang='lat' dir='ltr'><strong>serpentis</strong></span> <span class='ocrx_word' id='word_1_598' title='bbox 802 4794 1014 4865; x_wconf 88' lang='lat' dir='ltr'><strong>antiqui</strong></span> <span class='ocrx_word' id='word_1_599' title='bbox 1056 4802 1109 4848; x_wconf 91' lang='lat' dir='ltr'><strong>et</strong></span> <span class='ocrx_word' id='word_1_600' title='bbox 1150 4790 1379 4846; x_wconf 87' lang='lat' dir='ltr'><strong>callidas</strong></span> <span class='ocrx_word' id='word_1_601' title='bbox 1419 4789 1541 4859; x_wconf 89' lang='lat' dir='ltr'><strong>ejus</strong></span> <span class='ocrx_word' id='word_1_602' title='bbox 1592 4804 1789 4859; x_wconf 81' lang='lat' dir='ltr'><strong>sugge-</strong></span> 
     </span>
    </p>
   </div>
   <div class='ocr_carea' id='block_1_80' title="bbox 1888 3166 3471 3241">
    <p class='ocr_par' dir='ltr' id='par_1_80' title="bbox 1888 3166 3471 3241">
     <span class='ocr_line' id='line_1_80' title="bbox 1888 3166 3471 3241; baseline -0.004 -16"><span class='ocrx_word' id='word_1_603' title='bbox 1888 3186 2055 3241; x_wconf 89' lang='lat' dir='ltr'><strong>quam</strong></span> <span class='ocrx_word' id='word_1_604' title='bbox 2084 3170 2522 3238; x_wconf 88' lang='lat' dir='ltr'><strong>uniuscujusque</strong></span> <span class='ocrx_word' id='word_1_605' title='bbox 2544 3168 2755 3238; x_wconf 88' lang='lat' dir='ltr'><strong>peccati</strong></span> <span class='ocrx_word' id='word_1_606' title='bbox 2780 3183 2948 3223; x_wconf 89' lang='lat' dir='ltr'><strong>causa</strong></span> <span class='ocrx_word' id='word_1_607' title='bbox 2966 3176 3023 3223; x_wconf 84' lang='lat' dir='ltr'><strong>et</strong></span> <span class='ocrx_word' id='word_1_608' title='bbox 3048 3166 3202 3237; x_wconf 86' lang='lat' dir='ltr'><strong>origo</strong></span> <span class='ocrx_word' id='word_1_609' title='bbox 3226 3166 3471 3236; x_wconf 84' lang='lat' dir='ltr'><strong>require-</strong></span> 
     </span>
    </p>
   </div>
   <div class='ocr_carea' id='block_1_81' title="bbox 1889 3258 3471 3333">
    <p class='ocr_par' dir='ltr' id='par_1_81' title="bbox 1889 3258 3471 3333">
     <span class='ocr_line' id='line_1_81' title="bbox 1889 3258 3471 3333; baseline -0.004 -14"><span class='ocrx_word' id='word_1_610' title='bbox 1889 3272 2000 3319; x_wconf 91' lang='lat' dir='ltr'><strong>tur.</strong></span> <span class='ocrx_word' id='word_1_611' title='bbox 2036 3261 2087 3318; x_wconf 89' lang='lat' dir='ltr'><strong>Is</strong></span> <span class='ocrx_word' id='word_1_612' title='bbox 2114 3278 2246 3333; x_wconf 89' lang='lat' dir='ltr'><strong>ergo</strong></span> <span class='ocrx_word' id='word_1_613' title='bbox 2272 3263 2364 3332; x_wconf 92' lang='lat' dir='ltr'><strong>qui</strong></span> <span class='ocrx_word' id='word_1_614' title='bbox 2401 3261 2547 3316; x_wconf 89' lang='lat' dir='ltr'><strong>scire</strong></span> <span class='ocrx_word' id='word_1_615' title='bbox 2571 3259 2748 3314; x_wconf 88' lang='lat' dir='ltr'><strong>noluit</strong></span> <span class='ocrx_word' id='word_1_616' title='bbox 2778 3258 3051 3329; x_wconf 92' lang='lat' dir='ltr'><strong>quomodo</strong></span> <span class='ocrx_word' id='word_1_617' title='bbox 3080 3260 3256 3329; x_wconf 91' lang='lat' dir='ltr'><strong>possit</strong></span> <span class='ocrx_word' id='word_1_618' title='bbox 3283 3260 3471 3313; x_wconf 81' lang='lat' dir='ltr'><strong>venire</strong></span> 
     </span>
    </p>
   </div>
   <div class='ocr_carea' id='block_1_82' title="bbox 1889 3346 3472 3419">
    <p class='ocr_par' dir='ltr' id='par_1_82' title="bbox 1889 3346 3472 3419">
     <span class='ocr_line' id='line_1_82' title="bbox 1889 3346 3472 3419; baseline -0.005 -11"><span class='ocrx_word' id='word_1_619' title='bbox 1889 3354 1957 3409; x_wconf 91' lang='lat' dir='ltr'><strong>ad</strong></span> <span class='ocrx_word' id='word_1_620' title='bbox 1982 3353 2172 3419; x_wconf 84' lang='lat' dir='ltr'><strong>vitam,</strong></span> <span class='ocrx_word' id='word_1_621' title='bbox 2204 3351 2298 3406; x_wconf 91' lang='lat' dir='ltr'><strong>sed</strong></span> <span class='ocrx_word' id='word_1_622' title='bbox 2332 3350 2522 3404; x_wconf 88' lang='lat' dir='ltr'><strong>maluit</strong></span> <span class='ocrx_word' id='word_1_623' title='bbox 2544 3350 2799 3419; x_wconf 89' lang='lat' dir='ltr'><strong>ignorare</strong></span> <span class='ocrx_word' id='word_1_624' title='bbox 2832 3362 2902 3402; x_wconf 92' lang='lat' dir='ltr'><strong>ne</strong></span> <span class='ocrx_word' id='word_1_625' title='bbox 2936 3362 3034 3416; x_wconf 87' lang='lat' dir='ltr'><strong>per</strong></span> <span class='ocrx_word' id='word_1_626' title='bbox 3066 3348 3169 3401; x_wconf 85' lang='lat' dir='ltr'><strong>hoc</strong></span> <span class='ocrx_word' id='word_1_627' title='bbox 3198 3361 3325 3400; x_wconf 90' lang='lat' dir='ltr'><strong>reus</strong></span> <span class='ocrx_word' id='word_1_628' title='bbox 3355 3346 3472 3400; x_wconf 85' lang='lat' dir='ltr'><strong>ﬁeri</strong></span> 
     </span>
    </p>
   </div>
   <div class='ocr_carea' id='block_1_83' title="bbox 1887 3436 3475 3509">
    <p class='ocr_par' dir='ltr' id='par_1_83' title="bbox 1887 3436 3475 3509">
     <span class='ocr_line' id='line_1_83' title="bbox 1887 3436 3475 3509; baseline -0.006 -9"><span class='ocrx_word' id='word_1_629' title='bbox 1887 3446 2185 3506; x_wconf 86' lang='lat' dir='ltr'><strong>videretur,</strong></span> <span class='ocrx_word' id='word_1_630' title='bbox 2212 3458 2279 3496; x_wconf 78' lang='lat' dir='ltr'><strong>ex</strong></span> <span class='ocrx_word' id='word_1_631' title='bbox 2303 3443 2406 3498; x_wconf 89' lang='lat' dir='ltr'><strong>hoc</strong></span> <span class='ocrx_word' id='word_1_632' title='bbox 2434 3442 2552 3509; x_wconf 76' lang='lat' dir='ltr'><strong>ipse</strong></span> <span class='ocrx_word' id='word_1_633' title='bbox 2578 3440 2713 3509; x_wconf 89' lang='lat' dir='ltr'><strong>jam,</strong></span> <span class='ocrx_word' id='word_1_634' title='bbox 2751 3438 2911 3509; x_wconf 91' lang='lat' dir='ltr'><strong>quasi</strong></span> <span class='ocrx_word' id='word_1_635' title='bbox 2945 3437 3040 3507; x_wconf 89' lang='lat' dir='ltr'><strong>qui</strong></span> <span class='ocrx_word' id='word_1_636' title='bbox 3065 3437 3251 3492; x_wconf 90' lang='lat' dir='ltr'><strong>scierit</strong></span> <span class='ocrx_word' id='word_1_637' title='bbox 3280 3445 3335 3489; x_wconf 91' lang='lat' dir='ltr'><strong>et</strong></span> <span class='ocrx_word' id='word_1_638' title='bbox 3373 3436 3475 3490; x_wconf 81' lang='lat' dir='ltr'><strong>ha-</strong></span> 
     </span>
    </p>
   </div>
   <div class='ocr_carea' id='block_1_84' title="bbox 1888 3526 3471 3603">
    <p class='ocr_par' dir='ltr' id='par_1_84' title="bbox 1888 3526 3471 3603">
     <span class='ocr_line' id='line_1_84' title="bbox 1888 3526 3471 3603; baseline -0.007 -11"><span class='ocrx_word' id='word_1_639' title='bbox 1888 3536 2067 3592; x_wconf 89' lang='lat' dir='ltr'><strong>buerit</strong></span> <span class='ocrx_word' id='word_1_640' title='bbox 2093 3536 2402 3597; x_wconf 89' lang='lat' dir='ltr'><strong>scientiam,</strong></span> <span class='ocrx_word' id='word_1_641' title='bbox 2422 3533 2723 3603; x_wconf 86' lang='lat' dir='ltr'><strong>judicatur.</strong></span> <span class='ocrx_word' id='word_1_642' title='bbox 2745 3530 2979 3602; x_wconf 88' lang='lat' dir='ltr'><strong>Agnovit</strong></span> <span class='ocrx_word' id='word_1_643' title='bbox 2999 3526 3145 3583; x_wconf 91' lang='lat' dir='ltr'><strong>enim</strong></span> <span class='ocrx_word' id='word_1_644' title='bbox 3168 3528 3299 3598; x_wconf 88' lang='lat' dir='ltr'><strong>quid</strong></span> <span class='ocrx_word' id='word_1_645' title='bbox 3324 3534 3471 3582; x_wconf 87' lang='lat' dir='ltr'><strong>esset</strong></span> 
     </span>
    </p>
   </div>
   <div class='ocr_carea' id='block_1_85' title="bbox 1887 3621 3473 3702">
    <p class='ocr_par' dir='ltr' id='par_1_85' title="bbox 1887 3621 3473 3702">
     <span class='ocr_line' id='line_1_85' title="bbox 1887 3621 3473 3702; baseline -0.009 -16"><span class='ocrx_word' id='word_1_646' title='bbox 1887 3631 2030 3702; x_wconf 90' lang='lat' dir='ltr'><strong>quod</strong></span> <span class='ocrx_word' id='word_1_647' title='bbox 2056 3630 2277 3685; x_wconf 88' lang='lat' dir='ltr'><strong>nolebat</strong></span> <span class='ocrx_word' id='word_1_648' title='bbox 2299 3627 2509 3694; x_wconf 89' lang='lat' dir='ltr'><strong>audire,</strong></span> <span class='ocrx_word' id='word_1_649' title='bbox 2536 3636 2590 3681; x_wconf 89' lang='lat' dir='ltr'><strong>et</strong></span> <span class='ocrx_word' id='word_1_650' title='bbox 2617 3625 2754 3680; x_wconf 89' lang='lat' dir='ltr'><strong>nihil</strong></span> <span class='ocrx_word' id='word_1_651' title='bbox 2792 3624 2839 3677; x_wconf 85' lang='lat' dir='ltr'><strong>e&#39;i</strong></span> <span class='ocrx_word' id='word_1_652' title='bbox 2865 3621 3106 3677; x_wconf 81' lang='lat' dir='ltr'><strong>conferet</strong></span> <span class='ocrx_word' id='word_1_653' title='bbox 3141 3621 3209 3674; x_wconf 89' lang='lat' dir='ltr'><strong>ad</strong></span> <span class='ocrx_word' id='word_1_654' title='bbox 3239 3635 3473 3675; x_wconf 80' lang='lat' dir='ltr'><strong>excusa-</strong></span> 
     </span>
    </p>
   </div>
   <div class='ocr_carea' id='block_1_86' title="bbox 1887 3715 3471 3794">
    <p class='ocr_par' dir='ltr' id='par_1_86' title="bbox 1887 3715 3471 3794">
     <span class='ocr_line' id='line_1_86' title="bbox 1887 3715 3471 3794; baseline -0.01 -13"><span class='ocrx_word' id='word_1_655' title='bbox 1887 3728 2092 3781; x_wconf 90' lang='lat' dir='ltr'><strong>tionem</strong></span> <span class='ocrx_word' id='word_1_656' title='bbox 2142 3722 2416 3794; x_wconf 77' lang='lat' dir='ltr'><strong>serpentis</strong></span> <span class='ocrx_word' id='word_1_657' title='bbox 2462 3721 2691 3774; x_wconf 77' lang='lat' dir='ltr'><strong>artiticir</strong></span> <span class='ocrx_word' id='word_1_658' title='bbox 2725 3717 2956 3789; x_wconf 65' lang='lat' dir='ltr'><strong>quaesita</strong></span> <span class='ocrx_word' id='word_1_659' title='bbox 3000 3715 3301 3779; x_wconf 85' lang='lat' dir='ltr'><strong>calliditas;</strong></span> <span class='ocrx_word' id='word_1_660' title='bbox 3345 3728 3471 3767; x_wconf 89' lang='lat' dir='ltr'><strong>cum</strong></span> 
     </span>
    </p>
   </div>
   <div class='ocr_carea' id='block_1_87' title="bbox 1888 3803 3472 3880">
    <p class='ocr_par' dir='ltr' id='par_1_87' title="bbox 1888 3803 3472 3880">
     <span class='ocr_line' id='line_1_87' title="bbox 1888 3803 3472 3880; baseline -0.011 -6"><span class='ocrx_word' id='word_1_661' title='bbox 1888 3833 1956 3875; x_wconf 92' lang='lat' dir='ltr'><strong>co</strong></span> <span class='ocrx_word' id='word_1_662' title='bbox 1984 3822 2129 3873; x_wconf 90' lang='lat' dir='ltr'><strong>enim</strong></span> <span class='ocrx_word' id='word_1_663' title='bbox 2154 3816 2261 3871; x_wconf 89' lang='lat' dir='ltr'><strong>erit</strong></span> <span class='ocrx_word' id='word_1_664' title='bbox 2290 3815 2337 3869; x_wconf 90' lang='lat' dir='ltr'><strong>ei</strong></span> <span class='ocrx_word' id='word_1_665' title='bbox 2369 3813 2511 3867; x_wconf 91' lang='lat' dir='ltr'><strong>ratio</strong></span> <span class='ocrx_word' id='word_1_666' title='bbox 2543 3826 2703 3880; x_wconf 91' lang='lat' dir='ltr'><strong>quem</strong></span> <span class='ocrx_word' id='word_1_667' title='bbox 2743 3824 2851 3863; x_wconf 88' lang='lat' dir='ltr'><strong>non</strong></span> <span class='ocrx_word' id='word_1_668' title='bbox 2883 3809 3015 3862; x_wconf 89' lang='lat' dir='ltr'><strong>latet</strong></span> <span class='ocrx_word' id='word_1_669' title='bbox 3038 3822 3152 3862; x_wconf 91' lang='lat' dir='ltr'><strong>cor.</strong></span> <span class='ocrx_word' id='word_1_670' title='bbox 3188 3803 3260 3859; x_wconf 89' lang='lat' dir='ltr'><strong>Ut</strong></span> <span class='ocrx_word' id='word_1_671' title='bbox 3290 3814 3472 3858; x_wconf 89' lang='lat' dir='ltr'><strong>autem</strong></span> 
     </span>
    </p>
   </div>
   <div class='ocr_carea' id='block_1_88' title="bbox 1888 3897 3473 3976">
    <p class='ocr_par' dir='ltr' id='par_1_88' title="bbox 1888 3897 3473 3976">
     <span class='ocr_line' id='line_1_88' title="bbox 1888 3897 3473 3976; baseline -0.01 -13"><span class='ocrx_word' id='word_1_672' title='bbox 1888 3908 2033 3964; x_wconf 90' lang='lat' dir='ltr'><strong>scias</strong></span> <span class='ocrx_word' id='word_1_673' title='bbox 2057 3906 2186 3976; x_wconf 88' lang='lat' dir='ltr'><strong>quia</strong></span> <span class='ocrx_word' id='word_1_674' title='bbox 2215 3903 2521 3974; x_wconf 84' lang='lat' dir='ltr'><strong>ignorantia</strong></span> <span class='ocrx_word' id='word_1_675' title='bbox 2548 3916 2648 3971; x_wconf 90' lang='lat' dir='ltr'><strong>per</strong></span> <span class='ocrx_word' id='word_1_676' title='bbox 2677 3899 3021 3967; x_wconf 88' lang='lat' dir='ltr'><strong>semetipsam</strong></span> <span class='ocrx_word' id='word_1_677' title='bbox 3039 3903 3265 3967; x_wconf 88' lang='lat' dir='ltr'><strong>generat</strong></span> <span class='ocrx_word' id='word_1_678' title='bbox 3298 3897 3473 3949; x_wconf 88' lang='lat' dir='ltr'><strong>inter-</strong></span> 
     </span>
    </p>
   </div>
   <div class='ocr_carea' id='block_1_89' title="bbox 1888 3985 3475 4060">
    <p class='ocr_par' dir='ltr' id='par_1_89' title="bbox 1888 3985 3475 4060">
     <span class='ocr_line' id='line_1_89' title="bbox 1888 3985 3475 4060; baseline -0.009 -7"><span class='ocrx_word' id='word_1_679' title='bbox 1888 4001 2049 4060; x_wconf 88' lang='lat' dir='ltr'><strong>itum,</strong></span> <span class='ocrx_word' id='word_1_680' title='bbox 2096 3996 2279 4049; x_wconf 89' lang='lat' dir='ltr'><strong>anima</strong></span> <span class='ocrx_word' id='word_1_681' title='bbox 2325 4007 2450 4047; x_wconf 89' lang='lat' dir='ltr'><strong>cum</strong></span> <span class='ocrx_word' id='word_1_682' title='bbox 2496 3989 2815 4045; x_wconf 88' lang='lat' dir='ltr'><strong>discesserit</strong></span> <span class='ocrx_word' id='word_1_683' title='bbox 2861 4004 2891 4041; x_wconf 87' lang='lat' dir='ltr'><strong>a</strong></span> <span class='ocrx_word' id='word_1_684' title='bbox 2932 4002 3199 4056; x_wconf 90' lang='lat' dir='ltr'><strong>corpore.</strong></span> <span class='ocrx_word' id='word_1_685' title='bbox 3263 3985 3311 4040; x_wconf 88' lang='lat' dir='ltr'><strong>si</strong></span> <span class='ocrx_word' id='word_1_686' title='bbox 3348 3985 3475 4039; x_wconf 86' lang='lat' dir='ltr'><strong>talis</strong></span> 
     </span>
    </p>
   </div>
   <div class='ocr_carea' id='block_1_90' title="bbox 1887 4078 3471 4158">
    <p class='ocr_par' dir='ltr' id='par_1_90' title="bbox 1887 4078 3471 4158">
     <span class='ocr_line' id='line_1_90' title="bbox 1887 4078 3471 4158; baseline -0.009 -12"><span class='ocrx_word' id='word_1_687' title='bbox 1887 4100 2045 4146; x_wconf 78' lang='lat' dir='ltr'><strong>exeat</strong></span> <span class='ocrx_word' id='word_1_688' title='bbox 2073 4103 2196 4158; x_wconf 61' lang='lat' dir='ltr'><strong>quae</strong></span> <span class='ocrx_word' id='word_1_689' title='bbox 2222 4087 2434 4157; x_wconf 90' lang='lat' dir='ltr'><strong>ignoret</strong></span> <span class='ocrx_word' id='word_1_690' title='bbox 2456 4097 2580 4138; x_wconf 92' lang='lat' dir='ltr'><strong>eum</strong></span> <span class='ocrx_word' id='word_1_691' title='bbox 2623 4097 2652 4134; x_wconf 89' lang='lat' dir='ltr'><strong>a</strong></span> <span class='ocrx_word' id='word_1_692' title='bbox 2700 4096 2809 4151; x_wconf 86' lang='lat' dir='ltr'><strong>quo</strong></span> <span class='ocrx_word' id='word_1_693' title='bbox 2847 4088 3034 4135; x_wconf 89' lang='lat' dir='ltr'><strong>creata</strong></span> <span class='ocrx_word' id='word_1_694' title='bbox 3072 4088 3175 4143; x_wconf 90' lang='lat' dir='ltr'><strong>est,</strong></span> <span class='ocrx_word' id='word_1_695' title='bbox 3215 4093 3245 4131; x_wconf 90' lang='lat' dir='ltr'><strong>a</strong></span> <span class='ocrx_word' id='word_1_696' title='bbox 3277 4093 3386 4148; x_wconf 92' lang='lat' dir='ltr'><strong>quo</strong></span> <span class='ocrx_word' id='word_1_697' title='bbox 3415 4078 3471 4131; x_wconf 91' lang='lat' dir='ltr'><strong>in</strong></span> 
     </span>
    </p>
   </div>
   <div class='ocr_carea' id='block_1_91' title="bbox 1886 4167 3470 4245">
    <p class='ocr_par' dir='ltr' id='par_1_91' title="bbox 1886 4167 3470 4245">
     <span class='ocr_line' id='line_1_91' title="bbox 1886 4167 3470 4245; baseline -0.011 -8"><span class='ocrx_word' id='word_1_698' title='bbox 1886 4181 1993 4237; x_wconf 90' lang='lat' dir='ltr'><strong>hoc</strong></span> <span class='ocrx_word' id='word_1_699' title='bbox 2021 4178 2225 4235; x_wconf 86' lang='lat' dir='ltr'><strong>mundo</strong></span> <span class='ocrx_word' id='word_1_700' title='bbox 2250 4176 2433 4231; x_wconf 91' lang='lat' dir='ltr'><strong>omnia</strong></span> <span class='ocrx_word' id='word_1_701' title='bbox 2470 4189 2592 4245; x_wconf 85' lang='lat' dir='ltr'><strong>quae</strong></span> <span class='ocrx_word' id='word_1_702' title='bbox 2621 4172 2813 4227; x_wconf 88' lang='lat' dir='ltr'><strong>usibus</strong></span> <span class='ocrx_word' id='word_1_703' title='bbox 2840 4171 2958 4226; x_wconf 89' lang='lat' dir='ltr'><strong>suis</strong></span> <span class='ocrx_word' id='word_1_704' title='bbox 2981 4178 3138 4224; x_wconf 88' lang='lat' dir='ltr'><strong>erant</strong></span> <span class='ocrx_word' id='word_1_705' title='bbox 3162 4167 3470 4222; x_wconf 86' lang='lat' dir='ltr'><strong>necessaria</strong></span> 
     </span>
    </p>
   </div>
   <div class='ocr_carea' id='block_1_92' title="bbox 1888 4259 3470 4335">
    <p class='ocr_par' dir='ltr' id='par_1_92' title="bbox 1888 4259 3470 4335">
     <span class='ocr_line' id='line_1_92' title="bbox 1888 4259 3470 4335; baseline -0.011 -4"><span class='ocrx_word' id='word_1_706' title='bbox 1888 4278 2183 4331; x_wconf 88' lang='lat' dir='ltr'><strong>consecuta</strong></span> <span class='ocrx_word' id='word_1_707' title='bbox 2233 4275 2354 4332; x_wconf 91' lang='lat' dir='ltr'><strong>est,</strong></span> <span class='ocrx_word' id='word_1_708' title='bbox 2388 4275 2647 4335; x_wconf 90' lang='lat' dir='ltr'><strong>tanquam</strong></span> <span class='ocrx_word' id='word_1_709' title='bbox 2674 4265 2887 4334; x_wconf 83' lang='lat' dir='ltr'><strong>ingrata</strong></span> <span class='ocrx_word' id='word_1_710' title='bbox 2925 4270 2979 4317; x_wconf 94' lang='lat' dir='ltr'><strong>et</strong></span> <span class='ocrx_word' id='word_1_711' title='bbox 2998 4259 3232 4314; x_wconf 84' lang='lat' dir='ltr'><strong>inﬁdelis</strong></span> <span class='ocrx_word' id='word_1_712' title='bbox 3260 4273 3290 4312; x_wconf 89' lang='lat' dir='ltr'><strong>a</strong></span> <span class='ocrx_word' id='word_1_713' title='bbox 3318 4260 3470 4329; x_wconf 87' lang='lat' dir='ltr'><strong>regni</strong></span> 
     </span>
    </p>
   </div>
   <div class='ocr_carea' id='block_1_93' title="bbox 1888 4361 2502 4437">
    <p class='ocr_par' dir='ltr' id='par_1_93' title="bbox 1888 4361 2502 4437">
     <span class='ocr_line' id='line_1_93' title="bbox 1888 4361 2502 4437; baseline -0.013 -15"><span class='ocrx_word' id='word_1_714' title='bbox 1888 4366 2009 4437; x_wconf 88' lang='lat' dir='ltr'><strong>ejus</strong></span> <span class='ocrx_word' id='word_1_715' title='bbox 2034 4365 2154 4418; x_wconf 91' lang='lat' dir='ltr'><strong>luce</strong></span> <span class='ocrx_word' id='word_1_716' title='bbox 2188 4361 2502 4433; x_wconf 89' lang='lat' dir='ltr'><strong>projicitur.</strong></span> 
     </span>
    </p>
   </div>
   <div class='ocr_carea' id='block_1_94' title="bbox 1959 4488 3470 4566">
    <p class='ocr_par' dir='ltr' id='par_1_94' title="bbox 1959 4488 3470 4566">
     <span class='ocr_line' id='line_1_94' title="bbox 1959 4488 3470 4566; baseline -0.009 -11"><span class='ocrx_word' id='word_1_717' title='bbox 1959 4497 2101 4555; x_wconf 76' lang='lat' dir='ltr'><strong>XIX.</strong></span> <span class='ocrx_word' id='word_1_718' title='bbox 2134 4495 2369 4566; x_wconf 85' lang='lat' dir='ltr'><strong>Subjicit</strong></span> <span class='ocrx_word' id='word_1_719' title='bbox 2401 4495 2597 4550; x_wconf 90' lang='lat' dir='ltr'><strong>iterum</strong></span> <span class='ocrx_word' id='word_1_720' title='bbox 2630 4491 3001 4563; x_wconf 90' lang='lat' dir='ltr'><strong>nequissimus</strong></span> <span class='ocrx_word' id='word_1_721' title='bbox 3036 4505 3263 4559; x_wconf 89' lang='lat' dir='ltr'><strong>serpens</strong></span> <span class='ocrx_word' id='word_1_722' title='bbox 3307 4488 3470 4542; x_wconf 88' lang='lat' dir='ltr'><strong>aliam</strong></span> 
     </span>
    </p>
   </div>
   <div class='ocr_carea' id='block_1_95' title="bbox 1890 4585 3471 4659">
    <p class='ocr_par' dir='ltr' id='par_1_95' title="bbox 1890 4585 3471 4659">
     <span class='ocr_line' id='line_1_95' title="bbox 1890 4585 3471 4659; baseline -0.011 -9"><span class='ocrx_word' id='word_1_723' title='bbox 1890 4592 2208 4649; x_wconf 84' lang='lat' dir='ltr'><strong>hominibus</strong></span> <span class='ocrx_word' id='word_1_724' title='bbox 2239 4589 2576 4659; x_wconf 86' lang='lat' dir='ltr'><strong>Opinionem,</strong></span> <span class='ocrx_word' id='word_1_725' title='bbox 2614 4600 2778 4657; x_wconf 89' lang='lat' dir='ltr'><strong>quam</strong></span> <span class='ocrx_word' id='word_1_726' title='bbox 2818 4585 3002 4654; x_wconf 87' lang='lat' dir='ltr'><strong>plures</strong></span> <span class='ocrx_word' id='word_1_727' title='bbox 3050 4591 3292 4637; x_wconf 88' lang='lat' dir='ltr'><strong>vestrum</strong></span> <span class='ocrx_word' id='word_1_728' title='bbox 3344 4596 3471 4650; x_wconf 85' lang='lat' dir='ltr'><strong>pro-</strong></span> 
     </span>
    </p>
   </div>
   <div class='ocr_carea' id='block_1_96' title="bbox 1891 4674 3469 4744">
    <p class='ocr_par' dir='ltr' id='par_1_96' title="bbox 1891 4674 3469 4744">
     <span class='ocr_line' id='line_1_96' title="bbox 1891 4674 3469 4744; baseline -0.011 -1"><span class='ocrx_word' id='word_1_729' title='bbox 1891 4689 2033 4744; x_wconf 76' lang='lat' dir='ltr'><strong>terre</strong></span> <span class='ocrx_word' id='word_1_730' title='bbox 2064 4686 2240 4742; x_wconf 87' lang='lat' dir='ltr'><strong>solent</strong></span> <span class='ocrx_word' id='word_1_731' title='bbox 2265 4700 2278 4736; x_wconf 92' lang='lat'><strong>:</strong></span> <span class='ocrx_word' id='word_1_732' title='bbox 2314 4682 2493 4737; x_wconf 88' lang='lat' dir='ltr'><strong>Unum</strong></span> <span class='ocrx_word' id='word_1_733' title='bbox 2521 4696 2645 4735; x_wconf 89' lang='lat' dir='ltr'><strong>esse</strong></span> <span class='ocrx_word' id='word_1_734' title='bbox 2674 4687 2728 4734; x_wconf 89' lang='lat' dir='ltr'><strong>et</strong></span> <span class='ocrx_word' id='word_1_735' title='bbox 2756 4694 2857 4733; x_wconf 89' lang='lat' dir='ltr'><strong>nos</strong></span> <span class='ocrx_word' id='word_1_736' title='bbox 2894 4675 3127 4731; x_wconf 89' lang='lat' dir='ltr'><strong>dicimus</strong></span> <span class='ocrx_word' id='word_1_737' title='bbox 3156 4674 3349 4738; x_wconf 90' lang='lat' dir='ltr'><strong>Deum,</strong></span> <span class='ocrx_word' id='word_1_738' title='bbox 3374 4674 3469 4742; x_wconf 88' lang='lat' dir='ltr'><strong>qui</strong></span> 
     </span>
    </p>
   </div>
   <div class='ocr_carea' id='block_1_97' title="bbox 1889 4762 3470 4839">
    <p class='ocr_par' dir='ltr' id='par_1_97' title="bbox 1889 4762 3470 4839">
     <span class='ocr_line' id='line_1_97' title="bbox 1889 4762 3470 4839; baseline -0.011 -5"><span class='ocrx_word' id='word_1_739' title='bbox 1889 4788 1975 4836; x_wconf 91' lang='lat' dir='ltr'><strong>est</strong></span> <span class='ocrx_word' id='word_1_740' title='bbox 2018 4777 2265 4833; x_wconf 90' lang='lat' dir='ltr'><strong>omnium</strong></span> <span class='ocrx_word' id='word_1_741' title='bbox 2314 4774 2615 4839; x_wconf 90' lang='lat' dir='ltr'><strong>Dominus;</strong></span> <span class='ocrx_word' id='word_1_742' title='bbox 2660 4769 2754 4827; x_wconf 91' lang='lat' dir='ltr'><strong>sed</strong></span> <span class='ocrx_word' id='word_1_743' title='bbox 2800 4778 2855 4825; x_wconf 90' lang='lat' dir='ltr'><strong>et</strong></span> <span class='ocrx_word' id='word_1_744' title='bbox 2902 4767 3033 4832; x_wconf 89' lang='lat' dir='ltr'><strong>isti,</strong></span> <span class='ocrx_word' id='word_1_745' title='bbox 3084 4765 3362 4835; x_wconf 88' lang='lat' dir='ltr'><strong>inquiunt,</strong></span> <span class='ocrx_word' id='word_1_746' title='bbox 3391 4762 3470 4817; x_wconf 90' lang='lat' dir='ltr'><strong>dii</strong></span> 
     </span>
    </p>
   </div>
   <div class='ocr_carea' id='block_1_98' title="bbox 1510 4916 2154 4979">
    <p class='ocr_par' dir='ltr' id='par_1_98' title="bbox 1510 4916 2154 4979">
     <span class='ocr_line' id='line_1_98' title="bbox 1510 4916 2154 4979; baseline -0.012 0"><span class='ocrx_word' id='word_1_747' title='bbox 1510 4919 1880 4979; x_wconf 81' lang='lat' dir='ltr'><strong>COTELERII</strong></span> <span class='ocrx_word' id='word_1_748' title='bbox 1917 4916 2154 4975; x_wconf 68' lang='lat' dir='ltr'><strong>NOTAE.</strong></span> 
     </span>
    </p>
   </div>
   <div class='ocr_carea' id='block_1_99' title="bbox 272 5077 1784 5162">
    <p class='ocr_par' dir='ltr' id='par_1_99' title="bbox 272 5077 1784 5162">
     <span class='ocr_line' id='line_1_99' title="bbox 272 5077 1784 5162; baseline -0.017 -9"><span class='ocrx_word' id='word_1_749' title='bbox 272 5096 386 5162; x_wconf 82' lang='lat' dir='ltr'><strong>(I8)</strong></span> <span class='ocrx_word' id='word_1_750' title='bbox 437 5094 634 5151; x_wconf 82' lang='lat' dir='ltr'><strong>Solvite</strong></span> <span class='ocrx_word' id='word_1_751' title='bbox 658 5091 949 5145; x_wconf 85' lang='lat' dir='ltr'><strong>simulacra</strong></span> <span class='ocrx_word' id='word_1_752' title='bbox 967 5085 1212 5162; x_wconf 59' lang='lat' dir='ltr'><strong>inutilia,</strong></span> <span class='ocrx_word' id='word_1_753' title='bbox 1239 5090 1290 5135; x_wconf 88' lang='lat' dir='ltr'><strong>et</strong></span> <span class='ocrx_word' id='word_1_754' title='bbox 1329 5080 1642 5162; x_wconf 59' lang='lat' dir='ltr'><strong>faciteyasa</strong></span> <span class='ocrx_word' id='word_1_755' title='bbox 1663 5077 1784 5162; x_wconf 30' lang='lat' dir='ltr'><strong>luti-</strong></span> 
     </span>
    </p>
   </div>
   <div class='ocr_carea' id='block_1_100' title="bbox 198 5151 1783 5235">
    <p class='ocr_par' dir='ltr' id='par_1_100' title="bbox 198 5151 1783 5235">
     <span class='ocr_line' id='line_1_100' title="bbox 198 5151 1783 5235; baseline -0.016 -9"><span class='ocrx_word' id='word_1_756' title='bbox 198 5151 297 5225; x_wconf 54' lang='lat' dir='ltr'><strong>lia:</strong></span> <span class='ocrx_word' id='word_1_757' title='bbox 328 5151 469 5222; x_wconf 47' lang='lat' dir='ltr'><strong>H&#39;uic</strong></span> <span class='ocrx_word' id='word_1_758' title='bbox 516 5178 810 5235; x_wconf 85' lang='lat' dir='ltr'><strong>germanus</strong></span> <span class='ocrx_word' id='word_1_759' title='bbox 847 5169 933 5217; x_wconf 90' lang='lat' dir='ltr'><strong>est</strong></span> <span class='ocrx_word' id='word_1_760' title='bbox 966 5160 1120 5214; x_wconf 89' lang='lat' dir='ltr'><strong>locus</strong></span> <span class='ocrx_word' id='word_1_761' title='bbox 1136 5151 1539 5215; x_wconf 86' lang='lat' dir='ltr'><strong>Commodiani,</strong></span> <span class='ocrx_word' id='word_1_762' title='bbox 1573 5151 1783 5203; x_wconf 90' lang='lat' dir='ltr'><strong>instru-</strong></span> 
     </span>
    </p>
   </div>
   <div class='ocr_carea' id='block_1_101' title="bbox 211 5238 1439 5364">
    <p class='ocr_par' dir='ltr' id='par_1_101' title="bbox 211 5238 1439 5364">
     <span class='ocr_line' id='line_1_101' title="bbox 218 5239 507 5289; baseline -0.007 2"><span class='ocrx_word' id='word_1_763' title='bbox 218 5263 227 5272; x_wconf 96' lang='lat'><strong><em>-</em></strong></span> <span class='ocrx_word' id='word_1_764' title='bbox 257 5243 267 5253; x_wconf 86' lang='lat'><strong><em>&#39;</em></strong></span> <span class='ocrx_word' id='word_1_765' title='bbox 445 5239 459 5286; x_wconf 84' lang='lat' dir='ltr'><strong>t</strong></span> <span class='ocrx_word' id='word_1_766' title='bbox 493 5253 507 5289; x_wconf 89' lang='lat'><strong>:</strong></span> 
     </span>
     <span class='ocr_line' id='line_1_102' title="bbox 211 5238 1439 5364; baseline -0.018 1"><span class='ocrx_word' id='word_1_767' title='bbox 211 5254 381 5364; x_wconf 53' lang='lat' dir='ltr'><strong>MOE?</strong></span> <span class='ocrx_word' id='word_1_768' title='bbox 402 5238 526 5363; x_wconf 52' lang='lat'><strong>3:03</strong></span> <span class='ocrx_word' id='word_1_769' title='bbox 551 5306 755 5360; x_wconf 77' lang='lat' dir='ltr'><strong>audetis</strong></span> <span class='ocrx_word' id='word_1_770' title='bbox 787 5302 1038 5360; x_wconf 72' lang='lat' dir='ltr'><strong>mramine</strong></span> <span class='ocrx_word' id='word_1_771' title='bbox 1064 5297 1236 5350; x_wconf 82' lang='lat' dir='ltr'><strong>dicere</strong></span> <span class='ocrx_word' id='word_1_772' title='bbox 1272 5292 1439 5364; x_wconf 82' lang='lat' dir='ltr'><strong>fusos.</strong></span> 
     </span>
    </p>
   </div>
   <div class='ocr_carea' id='block_1_102' title="bbox 305 5363 1777 5446">
    <p class='ocr_par' dir='ltr' id='par_1_102' title="bbox 305 5363 1777 5446">
     <span class='ocr_line' id='line_1_103' title="bbox 305 5363 1777 5446; baseline 0.001 -11"><span class='ocrx_word' id='word_1_773' title='bbox 305 5363 581 5436; x_wconf 69' lang='lat' dir='ltr'><strong>Solveritis</strong></span> <span class='ocrx_word' id='word_1_774' title='bbox 613 5395 700 5432; x_wconf 87' lang='lat' dir='ltr'><strong>eos</strong></span> <span class='ocrx_word' id='word_1_775' title='bbox 736 5378 903 5445; x_wconf 85' lang='lat' dir='ltr'><strong>magis</strong></span> <span class='ocrx_word' id='word_1_776' title='bbox 929 5376 983 5428; x_wconf 85' lang='lat' dir='ltr'><strong>in</strong></span> <span class='ocrx_word' id='word_1_777' title='bbox 1012 5370 1228 5446; x_wconf 58' lang='grc' dir='ltr'><strong>Ραδσαία</strong></span> <span class='ocrx_word' id='word_1_778' title='bbox 1261 5363 1425 5446; x_wconf 55' lang='lat'><strong>&#39;30“?-</strong></span> <span class='ocrx_word' id='word_1_779' title='bbox 1572 5445 1583 5446; x_wconf 19' lang='grc' dir='ltr'>ί</span> <span class='ocrx_word' id='word_1_780' title='bbox 1620 5444 1643 5446; x_wconf 10' lang='grc' dir='ltr'><em>Α,</em></span> <span class='ocrx_word' id='word_1_781' title='bbox 1663 5428 1777 5446; x_wconf 24' lang='grc' dir='ltr'><strong>μή,</strong></span> 
     </span>
    </p>
   </div>
   <div class='ocr_carea' id='block_1_103' title="bbox 272 5441 1781 5523">
    <p class='ocr_par' dir='ltr' id='par_1_103' title="bbox 272 5441 1781 5523">
     <span class='ocr_line' id='line_1_104' title="bbox 272 5441 1781 5523; baseline -0.019 -15"><span class='ocrx_word' id='word_1_782' title='bbox 272 5453 385 5523; x_wconf 80' lang='grc'><strong>(19)</strong></span> <span class='ocrx_word' id='word_1_783' title='bbox 428 5448 495 5504; x_wconf 85' lang='lat' dir='ltr'><strong>Et</strong></span> <span class='ocrx_word' id='word_1_784' title='bbox 523 5449 714 5523; x_wconf 62' lang='lat' dir='ltr'><strong>habent</strong></span> <span class='ocrx_word' id='word_1_785' title='bbox 741 5441 972 5500; x_wconf 70' lang='lat' dir='ltr'><strong>sensum.</strong></span> <span class='ocrx_word' id='word_1_786' title='bbox 1004 5441 1166 5523; x_wconf 70' lang='lat' dir='ltr'><strong>Astra</strong></span> <span class='ocrx_word' id='word_1_787' title='bbox 1194 5441 1592 5523; x_wconf 33' lang='lat' dir='ltr'><strong>anirriata‘ess‘e</strong></span> <span class='ocrx_word' id='word_1_788' title='bbox 1618 5441 1781 5523; x_wconf 56' lang='lat' dir='ltr'><strong>plangi</strong></span> 
     </span>
    </p>
   </div>
   <div class='ocr_carea' id='block_1_104' title="bbox 196 5498 1778 5585">
    <p class='ocr_par' dir='ltr' id='par_1_104' title="bbox 196 5498 1778 5585">
     <span class='ocr_line' id='line_1_105' title="bbox 196 5498 1778 5585; baseline -0.018 -7"><span class='ocrx_word' id='word_1_789' title='bbox 196 5498 943 5578; x_wconf 40' lang='lat' dir='ltr'><strong>Pairulrn’esistiiuaverunt,</strong></span> <span class='ocrx_word' id='word_1_790' title='bbox 964 5498 967 5499; x_wconf 14' lang='grc' dir='ltr'><em>ν</em></span> <span class='ocrx_word' id='word_1_791' title='bbox 990 5507 1190 5585; x_wconf 40' lang='lat' dir='ltr'><strong>secuti“</strong></span> <span class='ocrx_word' id='word_1_792' title='bbox 1213 5501 1587 5585; x_wconf 71' lang='lat' dir='ltr'><strong>philosophos.</strong></span> <span class='ocrx_word' id='word_1_793' title='bbox 1647 5498 1778 5585; x_wconf 79' lang='lat' dir='ltr'><strong>Item</strong></span> 
     </span>
    </p>
   </div>
   <div class='ocr_carea' id='block_1_105' title="bbox 197 5575 1779 5664">
    <p class='ocr_par' dir='ltr' id='par_1_105' title="bbox 197 5575 1779 5664">
     <span class='ocr_line' id='line_1_106' title="bbox 197 5575 1779 5664; baseline -0.014 -19"><span class='ocrx_word' id='word_1_794' title='bbox 197 5575 443 5664; x_wconf 49' lang='lat' dir='ltr'><strong>ﬁliique</strong></span> <span class='ocrx_word' id='word_1_795' title='bbox 468 5588 855 5664; x_wconf 63' lang='lat' dir='ltr'><strong>Hebraeorum._</strong></span> <span class='ocrx_word' id='word_1_796' title='bbox 871 5575 1137 5664; x_wconf 32' lang='lat' dir='ltr'><strong>“contrah</strong></span> <span class='ocrx_word' id='word_1_797' title='bbox 1151 5575 1595 5664; x_wconf 13' lang='lat' dir='ltr'><strong>C‘onst&#39;itntianntn</strong></span> <span class='ocrx_word' id='word_1_798' title='bbox 1612 5575 1779 5664; x_wconf 37' lang='lat' dir='ltr'><strong>‘sc‘rni:</strong></span> 
     </span>
    </p>
   </div>
   <div class='ocr_carea' id='block_1_106' title="bbox 297 5640 1778 5730">
    <p class='ocr_par' dir='ltr' id='par_1_106' title="bbox 297 5640 1778 5730">
     <span class='ocr_line' id='line_1_107' title="bbox 297 5640 1778 5730; baseline -0.022 -10"><span class='ocrx_word' id='word_1_799' title='bbox 297 5640 793 5730; x_wconf 14' lang='lat' dir='ltr'><strong>i&#39;,‘i{bi&#39;§vii{,&quot;ciap.</strong></span> <span class='ocrx_word' id='word_1_800' title='bbox 829 5640 920 5717; x_wconf 66' lang='grc'><strong>46,</strong></span> <span class='ocrx_word' id='word_1_801' title='bbox 942 5661 997 5707; x_wconf 92' lang='lat' dir='ltr'><strong>et</strong></span> <span class='ocrx_word' id='word_1_802' title='bbox 1041 5642 1259 5730; x_wconf 60' lang='lat' dir='ltr'><strong>reliqui.</strong></span> <span class='ocrx_word' id='word_1_803' title='bbox 1296 5640 1778 5730; x_wconf 31' lang='lat' dir='ltr'><strong>JungeAcum‘lboc</strong></span> 
     </span>
    </p>
   </div>
   <div class='ocr_carea' id='block_1_107' title="bbox 216 5709 1774 5801">
    <p class='ocr_par' dir='ltr' id='par_1_107' title="bbox 216 5709 1774 5801">
     <span class='ocr_line' id='line_1_108' title="bbox 216 5709 1774 5801; baseline -0.019 -9"><span class='ocrx_word' id='word_1_804' title='bbox 216 5709 482 5793; x_wconf 51' lang='lat'><strong>33316;}</strong></span> <span class='ocrx_word' id='word_1_805' title='bbox 505 5709 1044 5801; x_wconf 32' lang='lat' dir='ltr'><strong>Clcinentinorumg,</strong></span> <span class='ocrx_word' id='word_1_806' title='bbox 1058 5709 1179 5801; x_wconf 35' lang='grc' dir='ltr'><strong>,ὓς</strong></span> <span class='ocrx_word' id='word_1_807' title='bbox 1200 5732 1282 5801; x_wconf 49' lang='grc' dir='ltr'><strong>ιιι-ι,</strong></span> <span class='ocrx_word' id='word_1_808' title='bbox 1332 5709 1431 5768; x_wconf 56' lang='lat' dir='ltr'><strong>55f</strong></span> <span class='ocrx_word' id='word_1_809' title='bbox 1469 5712 1562 5801; x_wconf 49' lang='grc' dir='ltr'><strong>-ᾼ-ς.</strong></span> <span class='ocrx_word' id='word_1_810' title='bbox 1597 5709 1774 5801; x_wconf 47' lang='lat' dir='ltr'><strong>relege</strong></span> 
     </span>
    </p>
   </div>
   <div class='ocr_carea' id='block_1_108' title="bbox 199 5778 1774 5874">
    <p class='ocr_par' dir='ltr' id='par_1_108' title="bbox 199 5778 1774 5874">
     <span class='ocr_line' id='line_1_109' title="bbox 199 5778 1774 5874; baseline -0.019 -14"><span class='ocrx_word' id='word_1_811' title='bbox 864 5778 1168 5863; x_wconf 9' lang='lat' dir='ltr'><strong>Dispicilegii</strong></span> <span class='ocrx_word' id='word_1_812' title='bbox 1209 5778 1277 5852; x_wconf 84' lang='lat' dir='ltr'><strong>II,</strong></span> <span class='ocrx_word' id='word_1_813' title='bbox 1311 5800 1430 5857; x_wconf 82' lang='lat' dir='ltr'><strong>pag.</strong></span> <span class='ocrx_word' id='word_1_814' title='bbox 1470 5782 1566 5838; x_wconf 70' lang='grc' dir='ltr'>δη</span> <span class='ocrx_word' id='word_1_815' title='bbox 1609 5800 1619 5834; x_wconf 88' lang='lat'>:</span> <span class='ocrx_word' id='word_1_816' title='bbox 1659 5778 1774 5832; x_wconf 82' lang='lat' dir='ltr'><strong>Ha-</strong></span> 
     </span>
    </p>
   </div>
   <div class='ocr_carea' id='block_1_109' title="bbox 1887 5061 3468 5131">
    <p class='ocr_par' dir='ltr' id='par_1_109' title="bbox 1887 5061 3468 5131">
     <span class='ocr_line' id='line_1_110' title="bbox 1887 5061 3468 5131; baseline -0.011 -1"><span class='ocrx_word' id='word_1_817' title='bbox 1887 5075 2068 5129; x_wconf 81' lang='lat' dir='ltr'><strong>bemus</strong></span> <span class='ocrx_word' id='word_1_818' title='bbox 2093 5091 2221 5128; x_wconf 88' lang='lat' dir='ltr'><strong>sane</strong></span> <span class='ocrx_word' id='word_1_819' title='bbox 2245 5072 2449 5129; x_wconf 81' lang='lat' dir='ltr'><strong>libellos</strong></span> <span class='ocrx_word' id='word_1_820' title='bbox 2477 5084 2568 5124; x_wconf 77' lang='lat' dir='ltr'><strong>sea:</strong></span> <span class='ocrx_word' id='word_1_821' title='bbox 2601 5068 2773 5123; x_wconf 81' lang='lat' dir='ltr'><strong>sancti</strong></span> <span class='ocrx_word' id='word_1_822' title='bbox 2805 5065 3006 5119; x_wconf 80' lang='lat' dir='ltr'><strong>Hilarii</strong></span> <span class='ocrx_word' id='word_1_823' title='bbox 3032 5063 3257 5131; x_wconf 85' lang='lat' dir='ltr'><strong>episcopi</strong></span> <span class='ocrx_word' id='word_1_824' title='bbox 3284 5061 3468 5115; x_wconf 81' lang='lat' dir='ltr'><strong>Picta-</strong></span> 
     </span>
    </p>
   </div>
   <div class='ocr_carea' id='block_1_110' title="bbox 1887 5134 3466 5215">
    <p class='ocr_par' dir='ltr' id='par_1_110' title="bbox 1887 5134 3466 5215">
     <span class='ocr_line' id='line_1_111' title="bbox 1887 5134 3466 5215; baseline -0.011 -15"><span class='ocrx_word' id='word_1_825' title='bbox 1887 5146 2101 5209; x_wconf 83' lang='lat' dir='ltr'><strong>viensis,</strong></span> <span class='ocrx_word' id='word_1_826' title='bbox 2132 5162 2262 5215; x_wconf 86' lang='lat' dir='ltr'><strong>quos</strong></span> <span class='ocrx_word' id='word_1_827' title='bbox 2296 5143 2361 5197; x_wconf 90' lang='lat' dir='ltr'><strong>de</strong></span> <span class='ocrx_word' id='word_1_828' title='bbox 2390 5140 2571 5215; x_wconf 75' lang='lat' dir='ltr'><strong>erco</strong></span> <span class='ocrx_word' id='word_1_829' title='bbox 2607 5138 2852 5215; x_wconf 74' lang='lat' dir='ltr'><strong>Origenis</strong></span> <span class='ocrx_word' id='word_1_830' title='bbox 2883 5139 2939 5191; x_wconf 89' lang='lat' dir='ltr'><strong>in</strong></span> <span class='ocrx_word' id='word_1_831' title='bbox 2980 5134 3231 5215; x_wconf 39' lang='lat' dir='ltr'><strong>[salinum</strong></span> <span class='ocrx_word' id='word_1_832' title='bbox 3273 5135 3466 5215; x_wconf 51' lang='lat' dir='ltr'><strong>uertit!-</strong></span> 
     </span>
    </p>
   </div>
   <div class='ocr_carea' id='block_1_111' title="bbox 1886 5201 3466 5270">
    <p class='ocr_par' dir='ltr' id='par_1_111' title="bbox 1886 5201 3466 5270">
     <span class='ocr_line' id='line_1_112' title="bbox 1886 5201 3466 5270; baseline -0.009 0"><span class='ocrx_word' id='word_1_833' title='bbox 1886 5216 1977 5270; x_wconf 89' lang='lat' dir='ltr'><strong>sed</strong></span> <span class='ocrx_word' id='word_1_834' title='bbox 2014 5201 2115 5269; x_wconf 71' lang='lat' dir='ltr'><strong>non</strong></span> <span class='ocrx_word' id='word_1_835' title='bbox 2144 5201 2338 5269; x_wconf 56' lang='lat' dir='ltr'><strong>&#39;omnia</strong></span> <span class='ocrx_word' id='word_1_836' title='bbox 2372 5211 2658 5267; x_wconf 84' lang='lat' dir='ltr'><strong>secundum</strong></span> <span class='ocrx_word' id='word_1_837' title='bbox 2704 5201 2942 5262; x_wconf 72' lang='lat' dir='ltr'><strong>brdinem</strong></span> <span class='ocrx_word' id='word_1_838' title='bbox 2976 5206 3099 5260; x_wconf 84' lang='lat' dir='ltr'><strong>libri</strong></span> <span class='ocrx_word' id='word_1_839' title='bbox 3142 5204 3316 5258; x_wconf 77' lang='lat' dir='ltr'><strong>sancti</strong></span> <span class='ocrx_word' id='word_1_840' title='bbox 3363 5201 3466 5257; x_wconf 79' lang='lat' dir='ltr'><strong>Job</strong></span> 
     </span>
    </p>
   </div>
   <div class='ocr_carea' id='block_1_112' title="bbox 1885 5275 3469 5356">
    <p class='ocr_par' dir='ltr' id='par_1_112' title="bbox 1885 5275 3469 5356">
     <span class='ocr_line' id='line_1_113' title="bbox 1885 5275 3469 5356; baseline -0.009 -16"><span class='ocrx_word' id='word_1_841' title='bbox 1885 5287 2147 5356; x_wconf 76' lang='lat' dir='ltr'><strong>exposuit.</strong></span> <span class='ocrx_word' id='word_1_842' title='bbox 2204 5285 2272 5339; x_wconf 86' lang='lat' dir='ltr'><strong>Et</strong></span> <span class='ocrx_word' id='word_1_843' title='bbox 2309 5285 2452 5356; x_wconf 86' lang='lat' dir='ltr'><strong>satis</strong></span> <span class='ocrx_word' id='word_1_844' title='bbox 2476 5282 2674 5356; x_wconf 73' lang='lat' dir='ltr'><strong>__ntiror</strong></span> <span class='ocrx_word' id='word_1_845' title='bbox 2712 5279 2974 5356; x_wconf 56' lang='lat' dir='ltr'><strong>hominem</strong></span> <span class='ocrx_word' id='word_1_846' title='bbox 3011 5275 3373 5356; x_wconf 57' lang='lat' dir='ltr'><strong>doctissimum</strong></span> <span class='ocrx_word' id='word_1_847' title='bbox 3416 5281 3469 5329; x_wconf 82' lang='lat' dir='ltr'><strong>et</strong></span> 
     </span>
    </p>
   </div>
   <div class='ocr_carea' id='block_1_113' title="bbox 1886 5345 3465 5420">
    <p class='ocr_par' dir='ltr' id='par_1_113' title="bbox 1886 5345 3465 5420">
     <span class='ocr_line' id='line_1_114' title="bbox 1886 5345 3465 5420; baseline -0.007 -11"><span class='ocrx_word' id='word_1_848' title='bbox 1886 5345 2150 5420; x_wconf 73' lang='lat' dir='ltr'><strong>sanctum,</strong></span> <span class='ocrx_word' id='word_1_849' title='bbox 2195 5367 2253 5409; x_wconf 86' lang='lat' dir='ltr'><strong>ut</strong></span> <span class='ocrx_word' id='word_1_850' title='bbox 2282 5355 2345 5409; x_wconf 90' lang='lat' dir='ltr'><strong>de</strong></span> <span class='ocrx_word' id='word_1_851' title='bbox 2385 5352 2552 5408; x_wconf 85' lang='lat' dir='ltr'><strong>stellis</strong></span> <span class='ocrx_word' id='word_1_852' title='bbox 2595 5353 2798 5405; x_wconf 64' lang='lat' dir='ltr'><strong>manias</strong></span> <span class='ocrx_word' id='word_1_853' title='bbox 2846 5346 3087 5417; x_wconf 85' lang='lat' dir='ltr'><strong>Origenis</strong></span> <span class='ocrx_word' id='word_1_854' title='bbox 3130 5345 3465 5420; x_wconf 68' lang='lat' dir='ltr'><strong>transferret.</strong></span> 
     </span>
    </p>
   </div>
   <div class='ocr_carea' id='block_1_114' title="bbox 1891 5414 3465 5489">
    <p class='ocr_par' dir='ltr' id='par_1_114' title="bbox 1891 5414 3465 5489">
     <span class='ocr_line' id='line_1_115' title="bbox 1891 5414 3465 5489; baseline -0.01 -9"><span class='ocrx_word' id='word_1_855' title='bbox 1891 5426 2047 5488; x_wconf 79' lang='lat' dir='ltr'><strong>Mihi,</strong></span> <span class='ocrx_word' id='word_1_856' title='bbox 2081 5414 2414 5481; x_wconf 72' lang='lat' dir='ltr'><strong>sanctissime</strong></span> <span class='ocrx_word' id='word_1_857' title='bbox 2447 5423 2631 5484; x_wconf 87' lang='lat' dir='ltr'><strong>Pater,</strong></span> <span class='ocrx_word' id='word_1_858' title='bbox 2658 5422 2805 5474; x_wconf 84' lang='lat' dir='ltr'><strong>nullo</strong></span> <span class='ocrx_word' id='word_1_859' title='bbox 2841 5414 2994 5489; x_wconf 68' lang='lat' dir='ltr'><strong>pacto</strong></span> <span class='ocrx_word' id='word_1_860' title='bbox 3024 5414 3239 5489; x_wconf 78' lang='lat' dir='ltr'><strong>suaderi</strong></span> <span class='ocrx_word' id='word_1_861' title='bbox 3273 5422 3465 5485; x_wconf 88' lang='lat' dir='ltr'><strong>potest,</strong></span> 
     </span>
    </p>
   </div>
   <div class='ocr_carea' id='block_1_115' title="bbox 1888 5487 3469 5565">
    <p class='ocr_par' dir='ltr' id='par_1_115' title="bbox 1888 5487 3469 5565">
     <span class='ocr_line' id='line_1_116' title="bbox 1888 5487 3469 5565; baseline -0.008 -15"><span class='ocrx_word' id='word_1_862' title='bbox 1888 5508 1947 5550; x_wconf 85' lang='lat' dir='ltr'><strong>ut</strong></span> <span class='ocrx_word' id='word_1_863' title='bbox 1984 5487 2195 5550; x_wconf 82' lang='lat' dir='ltr'><strong>credam</strong></span> <span class='ocrx_word' id='word_1_864' title='bbox 2220 5505 2369 5551; x_wconf 83' lang='lat' dir='ltr'><strong>astra</strong></span> <span class='ocrx_word' id='word_1_865' title='bbox 2406 5494 2521 5549; x_wconf 78' lang='lat' dir='ltr'><strong>caeli</strong></span> <span class='ocrx_word' id='word_1_866' title='bbox 2552 5493 2778 5565; x_wconf 73' lang='lat' dir='ltr'><strong>spiritus</strong></span> <span class='ocrx_word' id='word_1_867' title='bbox 2801 5487 3111 5565; x_wconf 72' lang='lat' dir='ltr'><strong>rationales,</strong></span> <span class='ocrx_word' id='word_1_868' title='bbox 3156 5501 3271 5556; x_wconf 73' lang='lat' dir='ltr'><strong>quae</strong></span> <span class='ocrx_word' id='word_1_869' title='bbox 3307 5498 3469 5565; x_wconf 64' lang='lat' dir='ltr'><strong>neque</strong></span> 
     </span>
    </p>
   </div>
   <div class='ocr_carea' id='block_1_116' title="bbox 1886 5553 3467 5637">
    <p class='ocr_par' dir='ltr' id='par_1_116' title="bbox 1886 5553 3467 5637">
     <span class='ocr_line' id='line_1_117' title="bbox 1886 5553 3467 5637; baseline -0.009 -16"><span class='ocrx_word' id='word_1_870' title='bbox 1886 5585 2006 5621; x_wconf 86' lang='lat' dir='ltr'><strong>cum</strong></span> <span class='ocrx_word' id='word_1_871' title='bbox 2037 5565 2258 5637; x_wconf 83' lang='lat' dir='ltr'><strong>angelis,</strong></span> <span class='ocrx_word' id='word_1_872' title='bbox 2287 5581 2448 5637; x_wconf 80' lang='lat' dir='ltr'><strong>neque</strong></span> <span class='ocrx_word' id='word_1_873' title='bbox 2484 5553 2602 5616; x_wconf 58' lang='lat' dir='ltr'><strong>cuni</strong></span> <span class='ocrx_word' id='word_1_874' title='bbox 2639 5562 2935 5637; x_wconf 50' lang='lat' dir='ltr'><strong>ﬂaminibus</strong></span> <span class='ocrx_word' id='word_1_875' title='bbox 2985 5553 3467 5637; x_wconf 66' lang='lat' dir='ltr'><strong>facta_esse_Scri-</strong></span> 
     </span>
    </p>
   </div>
   <div class='ocr_carea' id='block_1_117' title="bbox 1886 5625 3466 5706">
    <p class='ocr_par' dir='ltr' id='par_1_117' title="bbox 1886 5625 3466 5706">
     <span class='ocr_line' id='line_1_118' title="bbox 1886 5625 3466 5706; baseline -0.008 -15"><span class='ocrx_word' id='word_1_876' title='bbox 1886 5651 2045 5706; x_wconf 85' lang='lat' dir='ltr'><strong>pmra</strong></span> <span class='ocrx_word' id='word_1_877' title='bbox 2085 5625 2269 5691; x_wconf 60' lang='lat' dir='ltr'><strong>sanam</strong></span> <span class='ocrx_word' id='word_1_878' title='bbox 2325 5625 2582 5688; x_wconf 75' lang='lat' dir='ltr'><strong>declarat.</strong></span> <span class='ocrx_word' id='word_1_879' title='bbox 2635 5632 2777 5686; x_wconf 89' lang='lat' dir='ltr'><strong>Sunt</strong></span> <span class='ocrx_word' id='word_1_880' title='bbox 2818 5625 2993 5686; x_wconf 11' lang='lat' dir='ltr'><strong>verba?</strong></span> <span class='ocrx_word' id='word_1_881' title='bbox 3036 5625 3307 5683; x_wconf 89' lang='lat' dir='ltr'><strong>Liciniani</strong></span> <span class='ocrx_word' id='word_1_882' title='bbox 3345 5625 3466 5695; x_wconf 61' lang='grc' dir='ltr'><strong>θρῖα</strong></span> 
     </span>
    </p>
   </div>
   <div class='ocr_carea' id='block_1_118' title="bbox 1886 5706 2755 5779">
    <p class='ocr_par' dir='ltr' id='par_1_118' title="bbox 1886 5706 2755 5779">
     <span class='ocr_line' id='line_1_119' title="bbox 1886 5706 2755 5779; baseline -0.008 -14"><span class='ocrx_word' id='word_1_883' title='bbox 1886 5709 2059 5779; x_wconf 82' lang='lat' dir='ltr'><strong>scopi,</strong></span> <span class='ocrx_word' id='word_1_884' title='bbox 2100 5708 2165 5764; x_wconf 86' lang='lat' dir='ltr'><strong>ad</strong></span> <span class='ocrx_word' id='word_1_885' title='bbox 2192 5706 2513 5777; x_wconf 87' lang='lat' dir='ltr'><strong>Gregorium</strong></span> <span class='ocrx_word' id='word_1_886' title='bbox 2539 5719 2755 5777; x_wconf 79' lang='lat' dir='ltr'><strong>papam.</strong></span> 
     </span>
    </p>
   </div>
  </div>
