3888 6192
434 284 577 342 1339

1281 284 1339 350 S,
1381 283 1707 341 CLEMENT
1714 284 1778 341 IS
1815 286 1837 341 l
1877 284 2045 343 ROM.
2087 284 2291 343 ΡΟΝΤ.
2330 286 2559 343 OPERA
2598 287 2828 346 DUBIA.

3538 289 3671 346 13-50

428 407 581 459 sunt.
606 398 764 453 Sicut
790 398 936 453 enim
970 412 1114 453 unus
1139 405 1225 455 est
1252 398 1437 457 Caesar
1456 441 1472 466 ,
1513 409 1567 457 et
1608 402 1771 457 habet
1818 402 1921 457 sub
1952 416 2012 457 se
2039 413 2086 470 Α
2114 401 2415 460 diebamus.
2436 398 2504 453 Et
2522 402 2717 460 Petrus
2743 425 2757 461 :
2812 402 3057 473 Ridetis,
3089 404 3286 476 inquit,
3314 421 3412 462 vos
3442 406 3675 463 aliorum

429 493 637 547 multos
678 490 914 559 judices,
961 490 1110 544 verbi
1151 490 1324 559 gratia
1366 492 1686 561 praefectos,
1728 492 2004 556 consules,

429 585 686 639 tribunos
728 590 782 637 et
829 591 1055 637 caeteras
1098 589 1418 651 potestates,
1466 584 1631 637 simili
1676 584 2007 637 arbitramur

430 675 615 738 modo,
655 688 779 728 cum
832 689 975 727 unus
1025 673 1097 727 sit
1147 674 1322 743 major
1361 675 1606 729 omnium
1647 674 1812 739 Deus,
1842 678 2005 730 etiam

432 769 569 822 istos
599 766 665 820 ad
704 764 1120 819 similitudinem
1150 780 1337 819 earum
1378 780 1516 835 quas
1560 765 1821 828 diximus,
1850 773 2004 835 pote-

429 868 634 916 statum
661 860 945 914 ordinatos
998 874 1121 914 esse
1175 860 1227 913 in
1286 860 1391 914 hoc
1442 860 1647 915 mundo
1702 861 1857 925 deos,
1924 861 2004 915 illi

430 952 650 1023 quidem
675 950 870 1019 majori
900 950 1199 1019 subjectos,
1232 965 1333 1005 nos
1377 959 1557 1005 tamen
1589 960 1643 1006 et
1669 968 1789 1022 qua:
1817 952 1871 1005 in
1902 951 2003 1006 hoc

429 1045 636 1097 mundo
680 1051 808 1097 sunt
858 1044 1261 1112 dispensantes.
1312 1042 1509 1098 Audite
1547 1059 1679 1114 ergo
1734 1047 1802 1099 ad
1851 1045 2000 1109 haec,

430 1135 707 1205 quomodo
747 1136 801 1187 in
842 1134 928 1188 his
976 1134 1109 1204 ipsis
1149 1150 1269 1203 quae
1304 1134 1370 1187 ad
1399 1134 1773 1203 deceptionem
1805 1150 2004 1205 propo-

430 1229 585 1289 nitis,
618 1227 866 1282 veritatis
895 1227 1201 1280 rationibus
1238 1226 1619 1283 confutemini.
1650 1226 1843 1283 Dicitis
1873 1229 2003 1298 quia

430 1320 609 1373 locum
644 1318 876 1373 Caesaris
904 1325 1086 1372 teneat
1117 1317 1293 1381 Deus,
1334 1318 1581 1386 judicum
1622 1333 1753 1372 vero
1789 1319 1910 1387 ejus
1948 1325 2003 1373 et

428 1418 756 1480 potestatum
804 1409 1041 1478 speciem
1094 1416 1312 1463 servent
1354 1409 1408 1462 hi
1455 1409 1549 1479 qui
1592 1408 1849 1464 dicuntur
1885 1395 2000 1479 dii;

428 1508 641 1556 servate
670 1515 821 1569 ergo,
852 1508 909 1553 ut
937 1500 1649 1570 proposuistis,exemplum
1669 1500 1923 1567 Cassaris,
1946 1509 2002 1557 et

428 1591 625 1646 scitote
667 1592 794 1659 quia
865 1591 1009 1645 sicut
1054 1591 1190 1645 nulli
1220 1606 1288 1646 ex
1329 1591 1608 1660 judicibus
1652 1594 1736 1647 vel
1765 1594 2000 1648 admini-

427 1685 756 1739 stratoribus
784 1683 1040 1747 Caesaris,
1087 1683 1140 1737 id
1183 1692 1268 1738 est
1296 1682 1601 1753 praefectis,
1637 1686 1718 1739 vel
1764 1700 2000 1753 procon-

427 1778 664 1841 sulibus,
694 1778 774 1830 vel
804 1777 1059 1838 ducibus,
1100 1776 1186 1830 vel
1232 1777 1497 1840 tribunis,
1546 1777 1629 1832 las
1660 1786 1743 1833 est
1770 1778 2004 1834 Caesaris

425 1884 625 1923 nomen
668 1867 911 1937 imponi;
948 1867 1189 1936 alioquin
1234 1876 1289 1921 et
1333 1867 1422 1922 ille
1467 1868 1560 1937 qui
1607 1870 1911 1938 susceperit
1948 1879 2005 1924 et

428 1962 505 2014 illi
537 1961 629 2030 qui
658 1959 979 2022 detulerint,
1016 1958 1219 2026 pariter
1243 1957 1545 2011 interibunt
1575 1976 1587 2011 :
1624 1958 1699 2011 ita
1728 1966 1782 2011 et
1810 1958 1878 2013 de
1900 1959 2004 2014 hoc

425 2054 641 2109 debetis
685 2052 989 2114 advertere,
1033 2049 1179 2119 quod
1225 2049 1272 2104 si
1318 2049 1442 2119 quis
1476 2065 1673 2104 nomen
1715 2052 1808 2105 Dei
1837 2052 2001 2106 alicui

426 2162 590 2218 quam
638 2152 835 2214 praeter
867 2143 1042 2211 ipsum
1075 2141 1425 2211 imposuerit,
1476 2152 1527 2196 et
1570 2142 1661 2196 ille
1710 2144 2000 2213 receperit,

428 2254 598 2294 unum
625 2236 984 2305 eamdemque
1021 2236 1321 2289 sortientur
1358 2233 1636 2288 interitum
1658 2273 1673 2297 ,
1706 2236 1877 2288 multo
1905 2234 2002 2290 de-

426 2334 630 2387 teriore
662 2340 808 2386 sorte
854 2344 1017 2400 quam
1049 2328 1283 2383 ministri
1312 2324 1565 2381 Cmsaris.
1595 2324 1694 2379 Hic
1734 2330 1879 2380 enim
1905 2327 1999 2397 qui

427 2426 656 2495 deliquit
672 2425 723 2477 in
738 2422 1031 2483 Caesarem,
1048 2420 1327 2474 interitum
1346 2420 1607 2487 suscipiet
1620 2421 1996 2489 temporalem;

428 2516 523 2585 qui
538 2515 731 2568 veroin
751 2528 918 2566 unum
938 2511 1028 2580 qui
1046 2510 1197 2563 solus
1210 2519 1263 2563 et
1276 2524 1437 2563 verus
1448 2516 1532 2563 est
1551 2508 1690 2564 Deus
1706 2510 1995 2579 delinquit,

428 2610 483 2663 in
515 2609 775 2663 saeculum
808 2607 912 2660 luet
940 2620 1164 2675 poenas,
1210 2612 1264 2659 et
1304 2606 1519 2668 merito,
1555 2612 1614 2658 ut
1656 2605 1749 2675 qui
1798 2622 1995 2663 nomen

423 2703 571 2775 quod
616 2710 699 2756 est
740 2700 960 2753 unicum
1006 2698 1269 2766 iujuriosa
1319 2698 1633 2753 conditione
1686 2699 1991 2756 violaverit.

501 2793 615 2847 XX.
647 2791 909 2857 Quamvis
938 2789 1040 2844 hoc
1069 2790 1270 2858 ipsum.
1308 2786 1487 2851 Deus,
1518 2804 1626 2843 non
1677 2804 1876 2845 nomen
1924 2792 1996 2847 sit

426 2886 521 2941 Dei
561 2884 698 2956 (20),
745 2881 838 2937 sed
872 2879 1184 2934 hominibus
1216 2879 1434 2933 interim
1471 2880 1797 2935 vocabulum
1849 2883 1995 2939 istud

423 2981 585 3051 quasi
614 2992 713 3048 pro
741 2974 960 3030 nomine
987 2974 1108 3043 ejus
1133 2988 1456 3029 concessum
1489 2980 1600 3040 est;
1621 2975 1764 3043 quod
1784 2984 1991 3043 tamen,

2110 493 2403 558 dedecora,
2435 496 2563 565 quia
2600 499 2758 567 longa
2786 496 3181 551 consuetudine
3213 498 3429 567 propria
3459 514 3570 554 non
3600 502 3679 553 vi-

2110 583 2273 638 detis.
2306 583 2439 637 Nam
2470 583 2851 655 Egyptiorum
2897 585 3117 655 quidem
3151 587 3439 641 stultitiam
3480 589 3680 643 merito

2108 676 2321 738 ridetis,
2349 678 2439 746 qui
2464 684 2614 729 muta
2636 678 2913 743 animalia,
2950 678 3055 748 ipsi
3091 693 3216 732 cum
3246 680 3355 734 sint
3378 680 3679 734 rationabi-

2107 768 2207 832 les,
2240 769 2443 822 colunt.
2471 768 2670 824 Audite
2695 777 2875 823 tamen
2906 769 3179 839 quomodo
3208 777 3263 824 et
3298 771 3378 823 illi
3419 786 3517 825 vos
3550 771 3679 824 irri-

2108 861 2293 924 deant,
2326 862 2478 915 aiunt
2512 862 2657 915 enim
2686 881 2697 915 :
2726 861 2837 915 Nos
2873 863 3107 917 viventia
3137 864 3368 917 colimus
3392 864 3675 933 animalia,

2108 953 2236 1007 licet
2288 953 2574 1019 moritura,
2632 969 2728 1009 vos
2780 970 2909 1009 vero
2968 970 3089 1024 qua:
3122 971 3397 1025 nunquam
3446 957 3675 1010 omnino

2107 1047 2291 1100 vixere
2314 1085 2328 1108 ,
2386 1046 2501 1100 haec
2552 1046 2733 1101 colitis
2770 1054 2823 1100 et
2854 1046 3117 1101 adoratis.
3161 1047 3380 1102 Addunt
3408 1057 3682 1118 praeterea

2105 1137 2269 1190 etiam
2301 1134 2455 1199 illud,
2489 1135 2689 1205 ﬁguras
2713 1151 2835 1191 esse
2860 1144 2913 1190 et
2944 1137 3230 1207 allegorias
3253 1137 3516 1191 virtutum
3544 1154 3684 1208 qua-

2106 1226 2375 1289 rumdam,
2404 1226 2605 1296 quibus
2636 1226 2994 1294 adjutricibus
3028 1238 3249 1296 regatur
3272 1228 3554 1282 hominum
3584 1246 3683 1300 ge—

2104 1331 2243 1380 nus;
2284 1317 2376 1370 sed
2402 1315 2626 1385 pudoris
2655 1316 2902 1387 perfugio
2939 1318 3055 1371 hare
3100 1325 3154 1371 et
3194 1319 3453 1372 nonnulla
3485 1320 3573 1373 his
3603 1322 3684 1375 si-

2104 1407 2253 1460 milia
2280 1414 2689 1471 connectentes,
2713 1423 2954 1462 errorem
2982 1424 3141 1462 suum
3186 1410 3366 1463 velare
3394 1412 3677 1465 nituntur.

2106 1495 2212 1551 Sed
2242 1504 2460 1551 nonest
2496 1512 2643 1550 nunc
2674 1507 2889 1568 tempus
2923 1497 3193 1569 .Egyptiis
3237 1503 3595 1570 respondere,
3626 1514 3682 1556 et

2102 1587 2363 1643 derelicta
2424 1604 2555 1643 cura
2612 1589 2997 1659 pnesentium,
3044 1592 3349 1646 absentium
3410 1593 3682 1647 medicari

2106 1683 2418 1752 languores.
2468 1683 2690 1738 Certum
2742 1700 2980 1755 namque
3024 1686 3287 1741 indicium
3338 1696 3422 1742 est
3466 1703 3565 1743 vos
3611 1689 3683 1742 ab

2037 1749 2077 1807 Β
2107 1774 2421 1844 hujusmodi
2447 1776 2765 1845 aegritudine
2792 1777 2980 1831 haberi
3012 1778 3242 1843 alienos,
3269 1781 3364 1850 qui
3400 1795 3523 1834 eam
3565 1796 3680 1835 non

2103 1867 2354 1921 doluistis
2385 1876 2445 1921 ut
2469 1870 2768 1939 propriam,
2799 1869 2892 1923 sed
2924 1870 3118 1926 risistis
3148 1881 3208 1924 ut
3231 1872 3485 1926 alienam.

2177 1958 2336 2015 XXII.
2364 1958 2472 2014 Sed
2499 1962 2786 2016 redeamus
2816 1962 2882 2015 ad
2918 1976 3036 2026 vos,
3062 1964 3260 2033 quibus
3286 1964 3463 2033 placet
3488 1964 3684 2019 haberi

2102 2052 2271 2107 Deum
2300 2062 2357 2107 ut
2383 2053 2675 2118 Caesarem,
2702 2054 2836 2110 deos
2866 2063 3047 2110 autem
3075 2063 3132 2109 ut
3163 2059 3447 2110 ministros
3468 2065 3521 2111 et
3553 2073 3684 2126 pro-

2101 2152 2387 2199 curatores
2449 2145 2719 2213 Cesaris;
2773 2147 3066 2216 sequimini
3117 2163 3202 2202 me
3258 2142 3571 2213 attentius,
3629 2158 3685 2204 et

2100 2236 2263 2289 modo
2289 2237 2446 2293 vobis
2476 2237 2761 2292 ostendam
2808 2240 3046 2294 latebras
3090 2242 3384 2309 serpentis,
3425 2241 3485 2294 in
3516 2257 3685 2311 argu-

2100 2327 2267 2396 menti
2301 2326 2463 2396 hujus
2502 2328 2685 2382 curvis
2727 2328 3066 2384 anlractibus
3106 2331 3424 2385 collocatas.
3455 2331 3686 2385 Certum

2098 2419 2241 2487 apud
2272 2434 2465 2473 omnes
2494 2434 2615 2475 esse
2644 2420 2882 2486 debet,et
2901 2422 3282 2485 indubitatum,
3319 2421 3456 2485 Deo,
3488 2424 3626 2493 quia
3655 2439 3687 2477 a

2099 2511 2251 2564 nullo
2299 2510 2477 2565 factus
2521 2520 2607 2567 est
2652 2514 2744 2567 sed
2789 2514 2906 2583 ipse
2954 2513 3081 2568 fecit
3124 2515 3416 2576 universa,
3450 2516 3596 2569 nihil
3621 2532 3689 2571 ex

2099 2600 2333 2656 iacturis
2368 2601 2485 2655 suis
2516 2617 2679 2671 posse
2705 2604 3013 2673 coaequari;
3054 2620 3230 2672 neque
3259 2605 3406 2659 enim
3453 2606 3528 2658 ita
3558 2608 3687 2675 quis

2094 2692 2427 2746 irrationalis
2456 2694 2686 2747 inveniri
2734 2703 2931 2764 potest,
2962 2696 3053 2765 qui
3087 2704 3233 2765 putet
3263 2696 3410 2765 quod
3438 2697 3689 2756 conferri

2095 2787 2270 2854 possit
2314 2788 2523 2858 factura
2572 2785 2785 2841 factori.
2839 2786 2896 2840 Si
2926 2802 3054 2858 ergo
3097 2788 3333 2841 humana
3378 2804 3537 2845 mens
3569 2805 3686 2845 non

2097 2877 2275 2932 solum
2322 2879 2535 2933 ratione
2566 2878 2659 2933 sed
2694 2887 2749 2934 et
2777 2880 3011 2933 naturali
3046 2881 3279 2950 quodam
3321 2888 3497 2944 motu,
3529 2892 3687 2937 recte

2097 2969 2239 3024 hanc
2267 2971 2576 3041 Opinionem
2605 2979 2771 3035 tenet,
2806 2972 2936 3025 illud
2964 2973 3071 3027 dici
3106 2971 3298 3035 Deum,
3325 2974 3413 3026 cui
3442 2972 3687 3027 conferri

427 3079 487 3125 ut
513 3070 649 3131 dixi,
685 3080 809 3121 cum
852 3063 1249 3119 contumeliose
1291 3069 1590 3127 tractatur,
1626 3064 1691 3117 ad
1730 3065 1843 3119 veri
1875 3066 1997 3135 ejus
2023 3087 2064 3145 ο
2101 3068 2195 3114 aut
2224 3062 2496 3130 exaequari
2525 3061 2659 3116 nihil
2684 3070 2879 3131 potest,
2912 3062 3005 3117 sed
3028 3062 3172 3132 quod
3196 3063 3413 3118 cunctis
3442 3065 3687 3120 emineat

424 3158 667 3216 nominis
691 3156 929 3211 refertur
975 3154 1250 3223 injuriam.
1297 3152 1534 3223 Denique
1570 3160 1782 3211 veteres
1821 3154 1993 3227 (Egy-

425 3254 662 3324 ptiorum
697 3248 832 3320 (Si),
858 3246 952 3316 qui
978 3246 1045 3300 de
1070 3245 1279 3301 caelesti
1311 3260 1479 3299 cursu
1509 3253 1563 3300 et
1593 3256 1863 3301 astrorum
1897 3262 1996 3301 na-

423 3353 548 3397 tura
584 3342 850 3396 rationem
893 3338 1000 3393 sibi
1050 3338 1153 3392 visi
1197 3345 1324 3391 sunt
1371 3337 1673 3406 reperisse,
1711 3338 1996 3395 obsidente

426 3450 625 3491 sensus
647 3447 835 3487 eorum
867 3429 1140 3495 daemone,
1173 3428 1427 3483 omnibus
1470 3428 1827 3483 nihilominus
1864 3444 1998 3484 con-

425 3524 668 3580 tumeliis
689 3536 886 3576 nomen
920 3517 1433 3572 incommunicabile
1457 3517 1825 3585 subjecerunt.
1859 3516 1994 3572 Nam

428 3618 518 3670 alii
549 3629 735 3669 eorum
766 3613 979 3673 bovem,
1004 3609 1096 3677 qui
1133 3608 1263 3677 Apis
1294 3608 1515 3672 dicitur,
1545 3610 1832 3663 colendum
1880 3618 1996 3662 tra-

425 3708 638 3769 didere,
678 3703 769 3756 alii
801 3701 1036 3763 hircum,
1063 3700 1154 3751 alii
1185 3704 1361 3751 cattas
1394 3697 1531 3768 (22).
1558 3700 1806 3753 nonnulli
1842 3698 1996 3768 ibim,

428 3796 653 3866 quidam
702 3798 1047 3859 serpentem,
1090 3787 1293 3857 piscem
1342 3802 1580 3857 quoque,
1622 3794 1675 3842 et
1718 3804 1917 3857 cepas,
1943 3799 1999 3843 et

428 3891 667 3949 cloacas,
706 3882 948 3952 crepitus
986 3879 1194 3933 ventris
1230 3878 1365 3949 (25),
1399 3894 1495 3947 pro
1542 3880 1858 3934 numinibus
1900 3881 1995 3933 ha-

427 3978 635 4035 bendos
677 3990 798 4029 esse
833 3973 1167 4035 docuerunt,
1199 3977 1253 4024 et
1298 3970 1403 4023 alia
1435 3970 1853 4025 innumerabilia
1878 3987 1998 4043 quze

428 4068 597 4142 pudet
622 4066 786 4121 etiam
820 4061 1127 4116 nominare.

504 4146 642 4212 XXI.
683 4153 807 4209 Haec
830 4154 1041 4209 dicente
1066 4149 1247 4215 Petro,
1276 4150 1516 4206 riserunt
1554 4166 1746 4207 omnes
1772 4153 1864 4223 qui
1895 4168 1995 4207 au-

2100 3160 2154 3207 ct
2200 3160 2396 3206 cuncta
2429 3154 2698 3223 praecellat
2737 3154 3050 3223 :quomodo
3089 3169 3287 3208 nomen
3343 3154 3477 3208 illud
3530 3157 3685 3226 quod

2102 3258 2266 3311 super
2288 3247 2468 3298 omnia
2502 3259 2623 3298 esse
2667 3244 2927 3307 creditur,
2963 3251 3109 3299 recte
3139 3244 3221 3298 his
3265 3244 3508 3299 creditur
3535 3246 3683 3309 dari,

2101 3350 2241 3404 quos
2298 3334 2365 3388 ad
2411 3336 2772 3389 ministerium
2818 3342 2871 3390 et
2928 3337 3368 3404 procurationem
3426 3337 3683 3393 humanae

2100 3426 2225 3479 vitae
2253 3427 2457 3495 putatis
2479 3441 2599 3481 esse
2629 3426 2962 3495 dispositos?
2991 3424 3098 3480 Sed
3128 3435 3182 3482 et
3212 3429 3344 3482 illud
3370 3429 3640 3484 addemus
3665 3448 3680 3485 :

2102 3517 2339 3569 mundus
2366 3516 2451 3568 hic
2480 3516 2596 3571 sine
2638 3515 2804 3571 dubio
2842 3516 3016 3571 factus
3046 3526 3130 3572 est
3158 3526 3211 3571 et
3236 3526 3322 3572 est
3349 3520 3686 3590 corruptibi-

2104 3606 2192 3669 lis,
2224 3608 2365 3661 sicut
2393 3606 2554 3660 etiam
2579 3606 2922 3676 postmodum
2960 3608 3122 3661 latius
3166 3610 3561 3675 ostendemus;
3595 3611 3683 3664 in-

2102 3699 2261 3754 terim
2292 3707 2346 3753 et
2390 3699 2589 3753 factum
2638 3714 2761 3753 eum
2809 3705 2864 3754 et
2912 3701 3318 3769 corruptibilem
3350 3709 3589 3756 constat.
3627 3701 3685 3755 Si

2102 3808 2232 3862 ergo
2265 3792 2499 3847 mundus
2544 3792 2687 3849 Deus
2717 3793 2822 3847 dici
2876 3810 2987 3848 non
3036 3805 3234 3865 potest,
3280 3804 3335 3851 et
3377 3809 3528 3853 recte
3573 3816 3683 3854 non

2102 3890 2282 3953 potest
2311 3883 2438 3953 quia
2466 3886 2835 3954 corruptibilis
2858 3896 2961 3949 est,
2988 3889 3259 3957 quomodo
3284 3899 3468 3959 partes
3488 3894 3682 3947 mundi

2102 3973 2196 4029 Dei
2226 3989 2421 4027 nomen
2460 3977 2767 4045 accipient?
2793 3978 2938 4046 quod
2980 3982 3125 4034 enim
3156 3988 3303 4035 totus
3349 3997 3461 4035 non
3500 3991 3685 4053 potest

2099 4080 2222 4118 esse
2251 4064 2507 4127 mundus,
2544 4066 2714 4118 multo
2743 4068 2916 4136 magis
2959 4082 3069 4121 non
3108 4069 3211 4121 erit
3247 4085 3373 4139 pars
3396 4072 3539 4139 ejus.
3577 4071 3684 4142 lgi—

2098 4162 2189 4208 tur
2215 4156 2259 4210 si
2286 4155 2572 4210 redeamus
2595 4157 2661 4211 ad
2692 4160 2999 4230 exemplum
3022 4158 3277 4227 Caesaris,
3308 4162 3490 4217 videte
3514 4181 3680 4233 quam

1739 4307 2102 4364 COTELERII
2128 4308 2359 4365 ΝΟΤιιΕ.

500 4445 613 4517 (20)
640 4442 903 4517 Quamvis
931 4440 1026 4494 hoc
1047 4440 1240 4510 ipsum,
1269 4440 1426 4517 Deus,
1450 4458 1551 4495 non
1573 4458 1760 4517 nomen
1780 4444 1855 4517 sit
1884 4443 1998 4500 Dei.
2030 4448 2079 4508 D
2105 4447 2380 4514 tarchum,
2426 4447 2565 4501 libro
2616 4446 2691 4501 De
2719 4447 2862 4503 Iside
2884 4459 2934 4503 et
2992 4448 3221 4511 Osiride.
3262 4454 3682 4513 convenientias

430 4513 602 4572 Deum
636 4514 840 4584 Deique
869 4520 1119 4584 naturam
1150 4513 1380 4584 nomine
1402 4527 1589 4566 carere
1620 4513 1867 4584 doctrina
1916 4525 2000 4569 est

428 4587 693 4647 Patrum,
750 4581 805 4638 et
867 4582 1050 4649 opinio
1116 4582 1586 4651 philosOphorum.
1662 4581 1998 4640 Testimonia

428 4657 755 4718 omittimus,
799 4652 998 4719 ubique
1023 4651 1205 4706 obvia.

500 4726 630 4797 (‘21)?
665 4719 1298 4797 Veteres_/Egyptiorum,_
1321 4720 1729 4797 etc_.__Sideralis
1756 4723 1997 4797 scientia:

430 4790 799 4851 inventionem
845 4790 1118 4861 Egyptiis
1145 4792 1325 4853 multi,
1368 4792 1458 4844 alii
1493 4793 1616 4846 aliis
1662 4794 1945 4861 assignant
1978 4814 1990 4848 :

430 4868 507 4920 uti
544 4866 653 4920 fere
683 4864 926 4918 variatur
970 4863 1026 4914 in
1080 4877 1260 4916 rerum
1300 4863 1671 4931 repertoribus
1706 4882 1717 4916 :
1759 4879 1992 4931 quorum

430 4935 871 4989 enumerationes
919 4931 1179 5001 exhibent
1227 4930 1626 5001 codicesliegii
1660 4930 1791 4989 919.
1834 4932 1995 4998 1769,

430 5007 570 5059 2216
624 5005 778 5058 duas.
813 5032 882 5042 -—
916 5000 1022 5057 Eas
1084 5002 1251 5057 habes
1324 5002 1381 5055 in
1437 5000 1675 5069 Append.
1730 5002 1997 5067 Monum,

430 5092 487 5132 η.
519 5078 572 5135 4.
626 5072 792 5128 infra.

503 5146 613 5216 ('22,
678 5145 787 5197 Alii
843 5151 1036 5216 callos.
1092 5139 1235 5216 Fuit
1281 5142 1673 5216 cultus_feli_s,
1727 5142 1997 5216 generalis

432 5210 807 5286 Egyptiorum
826 5214 1066 5267 omnium
1091 5213 1295 5286 religio,
1310 5218 1447 5267 teste
1462 5210 1841 5286 Slra_bone1ib.
1864 5229 1994 5267 xvn.

434 5281 633 5341 Fuitet
671 5285 963 5355 peculiaris
1006 5284 1365 5407 (Quorumdam
1409 5299 1420 5332 :
1465 5290 1523 5335 ut
1570 5281 1994 5335 Bubastitarum.

434 5356 731 5407 Betilienum:
758 5354 903 5407 enim
930 5370 994 5407 ex
1064 5354 1318 5407 tenhano.
1352 5371 1452 5407 vox
1477 5351 1795 5407 fEavuliaca
1819 5352 1994 5404 αἴλου-

428 5351 731 5417 Βούὸαστὸς
758 5354 903 5409 enim
930 5370 994 5408 ex
1020 5351 1318 5422 Stephano,
1352 5371 1452 5407 vox
1477 5351 1795 5423 ngypliaea
1819 5352 2000 5423 unou-

430 5444 522 5499 ρον
558 5425 829 5499 significat
868 5433 1004 5499 _:_et
1054 5421 1566 5499 iniurhenBubasto'
1589 5421 1707 5499 sive
1728 5421 1989 5499 Pubasti,

428 5490 1015 5565 sepeliebantur‘feles,
1056 5494 1235 5565 inquit
1271 5492 1577 5547 Herodotus
1607 5492 1697 5565 in-
1720 5490 1945 5565 Euterpe
1973 5507 1993 5547 .'

426 5562 531 5622 nec
561 5581 668 5620 non
697 5574 816 5619 erat
842 5562 1023 5616 Dianae
1052 5564 1336 5633 templum.
1370 5580 1489 5632 qu;e
1511 5571 1565 5614 et
1604 5562 1992 5633 Bubastisp’no-

426 5651 552 5690 men
586 5637 817 5704 accepit,
852 5642 1046 5704 estque
1065 5629 1234 5704 luna.
1274 5629 1609 5686 Fabulnutur
1650 5640 1826 5685 autem
1865 5630 1992 5685 Dia-

428 5705 639 5773 namﬂin
668 5702 1111 5773 liiganlomadaia
1137 5718 1193 5755 se
1224 5702 1512 5773 in‘cattum
1544 5708 1989 5773 trauslormassc,

462 5766 863 5831 lidiscere'est
891 5773 957 5827 ab
989 5770 1439 5850 llygino._.Leges
1475 5775 1636 5831 etiam
1686 5774 1826 5843 apud
1867 5772 1992 5827 Plu-

2104 4519 2362 4585 physicas
2392 4517 2547 4571 fclem
2583 4519 2726 4570 inter
2755 4528 2808 4572 et
2843 4520 3049 4573 lunam.

2173 4574 2287 4657 (2'5)
2327 4585 2513 4665 Cfcpas
2551 4598 2599 4665 et
2628 4589 3105 4665 cloaras._cre_pilus
3141 4591 3357 4643 veratris.
3387 4589 3464 4665 De
3507 4609 3677 4665 caepe,

2100 4656 2423 4774 superstitio
2468 4666 2551 4710 est
2584 4658 2743 4724 longe
2774 4661 3060 4713 notissima
3100 4678 3112 4712 :
3146 4675 3264 4727 qua:
3288 4665 3372 4743 {ut
3412 4656 3679 4720 discimus

2100 4740 2160 4774 ex
2204 4723 2531 4774 lieronvmo.
2555 4739 2593 4774 ιι
2618 4726 2865 4774 adversus
2888 4724 3254 4774 Jovim’anum-
3282 4732 3335 4774 ι)-
3362 4739 3419 4774 ei
3441 4733 3506 4774 ad
3532 4730 3678 4774 Ιυίρ

2095 4723 2531 4793 exilieronymo,
2555 4739 2593 4777 ιι
2618 4723 2865 4777 adversus
2888 4723 3255 4793 Joviaiamlm,
3282 4723 3336 4790 6,
3362 4739 3419 4782 et
3441 4733 3506 4783 ad
3530 4730 3679 4783 Isaia

2097 4804 2262 4863 caput
2290 4809 2410 4867 ῃ.ιί
2436 4810 2455 4867 ;_
2494 4792 2735 4867 Luciano
2763 4794 2812 4846 in
2835 4794 2967 4867 [συθ
2995 4798 3250 4867 tragoedo,
3274 4813 3341 4851 ac
3365 4799 3533 4853 Sexto
3563 4799 3680 4853 Em-

2098 4863 2786 4939 piricoPyrrhguiannrum
2825 4863 3229 4939 Ilgpolyposeon
3262 4870 3356 4920 lib.
3392 4884 3476 4931 ιιι,
3504 4883 3553 4921 c.
3587 4870 3679 4939 24)

2098 4931 2318 5002 proprie
2350 4931 2425 4986 ad
2462 4931 2769 4987 Pelusiotas
2812 4931 3133 5003 pertinebat.
3185 4937 3258 4990 De
3308 4939 3514 4994 cloacis
3550 4931 3679 4993 vero

2098 5003 2338 5081 (ὀχετούς
2372 5005 2604 5085 appellat
2625 5007 2858 5085 scriptor
2880 5006 3344 5085 Clementinoram)
3370 5010 3503 5085 nihil
3533 5026 3682 5085 nunc

2096 5073 2388 5146 succurrit,
2414 5076 2558 5146 quod
2590 5074 2658 5126 ad
2688 5073 2970 5146 [Egyptios
2998 5089 3221 5143 Spectet.
3253 5073 3387 5130 Nam
3421 5078 3682 5134 Cloacina

2097 5145 2219 5207 dea,
2250 5154 2305 5197 et
2340 5143 2481 5196 Deus
2527 5142 2845 5210 Sterculus,
2866 5158 2959 5199 aut
3002 5149 3316 5208 Sterculus,
3349 5148 3681 5213 Stercutius,

2098 5215 2423 5274 Sterculius,
2459 5213 2571 5267 sive
2599 5214 2832 5276 Sterces,
2868 5216 3234 5270 liomauorum
3267 5231 3397 5271 sunt
3428 5222 3678 5273 numina.

2100 5283 2343 5352 Denique
2386 5286 2529 5337 circa
2567 5286 2817 5336 ultimum
2860 5297 3119 5339 notarunt
3162 5290 3337 5342 critici
3380 5290 3502 5343 loca
3536 5290 3683 5343 Festi

2099 5355 2152 5407 in
2187 5353 2470 5406 Prohibere
2509 5356 2755 5425 comitia;
2806 5353 3090 5425 Theophili
3136 5357 3466 5412 Autioclieni
3524 5363 3623 5413 lib.
3667 5374 3683 5413 ι

2095 5425 2164 5476 ad
2196 5425 2510 5493 Autolycum
2531 5423 3025 5499 ;‘_Mmueii_Felieis
3059 5430 3113 5481 in
3145 5427 3404 5489 Octavio;
3430 5429 3686 5499 Origeuis

2096 5507 2230 5570 toni.
2267 5510 2297 5570 γ
2325 5506 2509 5547 contra
2538 5493 2746 5548 Celsum
2764 5511 2785 5559 ;
2819 5494 3112 5570 lfactantii,
3139 5514 3187 5570 \ﬁ,
3213 5500 3320 5563 20;
3360 5493 3684 5570 Hieronymi

2096 5568 2163 5638 ad
2200 5567 2350 5638 lsaiie
2381 5580 2691 5638 cap..x1.v|;
2721 5577 2773 5619 et
2811 5567 3034 5619 Caesar“
3068 5569 3282 5638 dialogo
3327 5586 3373 5629 ι,
3428 5567 3682 5638 respons.

2098 5637 2166 5691 ad
2200 5636 2457 5705 inter-mg.
2492 5637 2575 5690 ιιι.
2603 5637 2812 5703 Quibus
2840 5638 3109 5693 addentur
3141 5636 3287 5693 nunc
3319 5636 3682 5707 Clementiae,

2099 5710 2193 5764 lib.
2224 5723 2277 5774 ι,
2305 5724 2424 5776 cap.
2456 5710 2530 5761 lti.
