3888 6192
287 249 422 305 1541

1480 252 2049 312 RECOGNITIONUM
2088 256 2215 314 LIB.
2257 256 2321 311 ν.

3406 262 3545 318 1562

281 366 444 435 longe
488 366 705 424 erretis.
749 367 974 437 Caesari,
1013 371 1258 442 ejusdem
1302 373 1431 431 licet
1455 384 1665 430 natura:
1694 375 1871 430 homl-
1897 382 1944 439 Α
1974 389 2093 428 rum
2129 381 2247 430 erat
2271 375 2326 429 in
2367 374 2471 429 hoc
2499 374 2724 429 mundo.
2754 367 2895 441 Quid
2939 374 3084 429 enim
3121 382 3207 430 est
3243 373 3387 445 quod
3416 378 3543 433 relic

279 471 409 509 nem
441 458 602 525 cuius
630 458 747 528 ipse
780 468 894 527 est,
932 461 1171 517 conferri
1201 470 1383 518 tamen
1405 464 1673 519 neminem
1701 464 1865 532 licet;

277 544 416 611 Deo,
449 548 544 619 qui
573 549 678 604 hoc
709 551 829 621 ipso
849 552 994 622 quod
1019 568 1051 606 a
1073 553 1224 608 nullo
1246 553 1443 618 factus,
1472 555 1566 611 sed
1597 556 1714 625 ipse
1738 553 1865 610 fecit

275 640 485 703 omnia,
512 648 709 696 cuncta
736 645 1123 713 supereminet,
1146 645 1383 701 conferri
1406 647 1602 703 debere
1626 648 1861 717 aliquem

272 733 544 790 creditis?
567 734 672 790 Sed
701 734 935 793 Ctesaris
965 739 1184 808 quidem
1216 754 1416 795 nomen
1458 740 1594 794 nulli
1634 741 1724 794 alii
1757 757 1860 795 au-

268 824 419 879 detis
457 825 739 897 imponere
758 868 774 893 ,
806 830 937 899 quia
966 846 1124 885 reum
1153 846 1314 887 suum
1327 833 1523 888 ‘statim
1545 833 1737 902 punit;
1762 832 1859 887 Dei

267 930 404 970 vero
466 918 721 986 audetis,
794 921 924 990 quia
981 937 1137 978 reum
1181 939 1342 981 suum
1396 926 1592 997 punire
1637 935 1859 996 propter

264 1008 653 1077 pmnitentiam
684 1010 909 1067 diﬂ'ert?

339 1096 530 1155 XXIII.
560 1098 666 1155 Per
690 1102 827 1159 alios
854 1103 983 1158 item
1012 1120 1240 1175 serpens
1280 1108 1372 1163 ille
1416 1110 1661 1179 proferre
1686 1113 1852 1168 verba

261 1188 656 1258 hujuscemodi
688 1194 827 1250 solet
862 1214 875 1250 :
906 1194 1018 1252 Nos
1048 1198 1115 1251 ad
1152 1198 1414 1255 honorem
1442 1201 1731 1261 invisibilis
1754 1204 1850 1261 Dei

257 1280 533 1351 imagines
560 1284 806 1342 visibiles
851 1287 1185 1359 adoramus;
1218 1292 1363 1361 quod
1411 1296 1718 1353 certissime
1749 1296 1851 1352 fal—

256 1388 384 1427 sum
415 1382 518 1431 est.
554 1375 611 1431 Si
638 1379 782 1432 enim
813 1396 940 1437 vere
970 1383 1150 1439 velitis
1190 1383 1285 1439 Dei
1324 1387 1612 1459 imaginem
1642 1390 1844 1455 colere,

253 1464 473 1520 homini
500 1468 901 1528 benefacientes
929 1489 1113 1529 veram
1140 1476 1193 1532 in
1218 1493 1284 1533 eo
1314 1478 1404 1533 Dei
1434 1481 1721 1552 imaginem
1751 1498 1847 1538 co-

249 1556 464 1613 leretis.
495 1557 556 1613 In
588 1562 735 1615 omni
761 1565 902 1617 enim
928 1565 1149 1623 homine
1178 1581 1263 1626 est
1294 1571 1474 1643 imago
1507 1573 1624 1639 Dei,
1654 1591 1764 1631 non
1787 1577 1842 1632 in

249 1648 517 1705 omnibus
545 1667 675 1707 vero
726 1654 1046 1723 similitudo,
1095 1659 1191 1715 sed
1242 1662 1334 1717 ubi
1382 1664 1618 1735 benigna
1660 1667 1841 1722 anima

248 1748 340 1794 est
365 1748 422 1796 et
447 1757 601 1798 mens
630 1760 768 1814 pura
791 1746 926 1817 (24).
964 1747 1020 1803 Si
1052 1766 1183 1823 ergo
1221 1769 1349 1809 vere
1375 1756 1542 1812 vultis
1570 1757 1841 1814 honorare

245 1831 548 1904 imaginem
575 1834 705 1904 Dei,
731 1854 831 1895 nos
861 1842 1015 1897 vobis
1038 1846 1181 1914 quod
1214 1862 1393 1903 verum
1424 1858 1506 1905 est
1538 1854 1836 1923 aperimus,

243 1931 309 1977 ut
342 1924 550 1981 homini
581 1929 674 1999 qui
718 1929 786 1984 ad
835 1931 1129 2004 imaginem
1176 1935 1269 1992 Dei
1300 1939 1476 1996 factus
1505 1951 1589 1996 est
1615 1942 1839 1999 benefa-

240 2014 411 2069 ciatis
433 2055 448 2080 ,
489 2016 753 2073 honorem
784 2029 839 2076 et
868 2027 1229 2080 reverentiam
1262 2028 1544 2095 deferatis,
1573 2035 1835 2090 esurienti

238 2105 459 2171 cibum,
492 2109 697 2165 sitienti
726 2114 1005 2182 poculum,
1051 2118 1201 2172 nudo
1242 2119 1645 2188 indumentum,
1685 2142 1835 2197 aegro

237 2196 638 2266 ministerium,
693 2208 982 2276 peregrino
1033 2207 1352 2279 hospitium,
1404 2221 1457 2270 et
1508 2215 1563 2270 in
1613 2196 1836 2275 carcere

232 2290 427 2359 posito
454 2295 770 2350 necessaria
811 2298 1158 2367 ministretis,
1192 2311 1245 2357 et
1290 2303 1395 2359 hoc
1422 2315 1509 2362 est
1538 2310 1682 2378 quod
1710 2326 1834 2367 vere

234 2380 357 2437 Deo
388 2383 626 2441 delatum
660 2392 1023 2459 reputabitur.
1055 2393 1181 2450 Haec
1216 2406 1394 2452 autem
1438 2400 1493 2454 in
1527 2410 1733 2457 tantum
1764 2406 1830 2460 ad

233 2473 507 2531 honorem
540 2478 633 2535 Dei
666 2482 921 2552 imaginis
945 2486 1166 2551 cedunt,
1194 2499 1253 2542 ut
1287 2490 1379 2559 qui
1411 2490 1515 2546 ista
1546 2508 1655 2547 non
1687 2494 1832 2551 fece-

229 2566 332 2626 rit,
368 2570 754 2626 contumeliam
782 2574 1004 2646 imagini
1030 2578 1227 2634 divinae
1256 2581 1507 2637 intulisse
1546 2586 1825 2643 credatur.

229 2656 373 2722 Quis
396 2674 526 2729 ergo
552 2661 655 2717 iste
692 2663 866 2719 honor
887 2666 980 2722 Dei
1005 2677 1109 2730 est.
1144 2686 1241 2741 per
1269 2673 1509 2743 lapideas
1532 2684 1586 2731 et
1621 2678 1828 2748 ligneas

229 2750 446 2805 formas
475 2752 805 2823 discurrere,
836 2767 891 2813 et
912 2760 1102 2817 inanes
1130 2772 1293 2835 atque
1315 2768 1596 2824 exanimes
1624 2770 1827 2841 ﬁguras

227 2850 499 2912 tanquam
528 2848 754 2902 numina
777 2852 1044 2917 venerari,
1075 2862 1128 2908 et
1174 2855 1447 2912 hominem
1475 2858 1530 2914 in
1562 2877 1670 2930 quo
1700 2879 1826 2918 vere

227 2934 416 3005 imago
446 2935 540 2991 Dei
586 2947 667 2993 est
711 2944 1008 3010 spernere?
1050 2945 1158 3000 imo
1206 2949 1389 3016 potius
1439 2953 1575 3006 certi
1624 2961 1821 3019 estote,

1967 464 2189 535 quistis,
2213 462 2359 534 quod
2392 478 2501 519 non
2524 463 2834 518 adorastis?
2866 462 3057 527 solem,
3090 462 3295 527 lunam,
3330 464 3541 527 stellas,

1966 569 2187 624 aquam,
2215 562 2438 617 terram,
2468 561 2704 616 montes,
2737 552 2985 614 arbores,
3020 550 3247 621 lapides,
3268 551 3539 616 homines,

1967 646 2099 699 nihil
2131 645 2325 700 horum
2356 652 2443 699 est
2482 643 2629 714 quod
2669 658 2778 697 non
2807 642 3100 697 adorastis.
3132 640 3384 711 Oportuit
3408 658 3541 712 ergo

1958 737 2117 807 juxta
2155 751 2344 792 vocem
2376 743 2611 791 vestram
2658 735 2794 788 nihil
2842 734 3036 787 horum
3067 733 3181 787 ﬁeri
3232 749 3261 787 a
3305 733 3435 797 Deo,
3468 749 3539 789 ne

1961 825 2237 882 haberetis
2284 826 2432 897 quod
2482 826 2718 896 possetis
2752 824 3023 892 adorare;
3062 824 3157 879 sed
3187 840 3253 879 ne
3285 824 3536 881 homines

1959 918 2178 988 quidem
2231 919 2379 989 ipsos
2428 933 2552 973 esse
2589 918 2849 987 Oportuit,
2894 917 2989 986 qui
3041 916 3352 972 adorarent.
3393 914 3534 971 Vere

1957 1008 2063 1065 hoc
2092 1017 2178 1065 est
2206 1011 2351 1080 quod
2388 1008 2665 1066 desiderat
2706 1008 2796 1063 ille
2838 1009 2931 1078 qui
2962 1009 3103 1063 intra
3135 1025 3234 1063 vos
3258 1009 3388 1063 latet
3416 1023 3535 1063 ser-

1954 1117 2110 1172 pens,
2139 1103 2273 1156 nulli
2297 1111 2538 1156 vestrum
2565 1101 2760 1171 parcit,
2796 1101 3007 1155 nullum
3053 1100 3165 1154 vult
3201 1099 3436 1169 effugere
3463 1099 3533 1154 de

1952 1196 2214 1263 interitu;
2252 1195 2347 1251 sed
2398 1210 2509 1249 non
2561 1195 2637 1248 ita
2669 1196 2793 1250 erit.
2840 1193 3038 1248 Audite
3065 1192 3233 1256 enim,
3259 1193 3386 1262 quia
3418 1208 3530 1246 non

1951 1284 2220 1356 delinquit
2251 1286 2383 1340 illud
2414 1285 2561 1356 quod
2591 1286 2872 1348 adoratur,
2918 1285 3014 1341 sed
3064 1285 3155 1339 ille
3185 1286 3275 1355 qui
3312 1284 3525 1341 adorat.

1946 1374 2162 1432 Iustum
2195 1393 2430 1448 namque
2457 1386 2541 1433 est
2569 1377 2714 1447 apud
2758 1376 2927 1432 Deum
2954 1377 3245 1447 judicium,
3277 1386 3332 1431 et
3368 1377 3528 1431 aliter

1947 1469 2204 1539 injuriam
2237 1470 2530 1539 patientem
2557 1470 2788 1539 judicat,
2820 1471 2977 1524 aliter
3008 1468 3353 1525 inferentem.

2016 1559 2183 1617 XXV.
2213 1562 2319 1616 Sed
2350 1562 2491 1617 dicis
2522 1581 2536 1615 :
2569 1560 2868 1632 Oportebat
2893 1577 3024 1632 ergo
3050 1576 3144 1616 eos
3171 1561 3263 1630 qui
3294 1561 3527 1615 adorant

1944 1655 2091 1725 quod
2120 1670 2229 1709 non
2263 1656 2388 1710 licet
2418 1654 2660 1719 adorari,
2689 1657 2871 1709 statim
2906 1655 3100 1724 perimi
3132 1668 3161 1707 a
3192 1653 3323 1718 Deo,
3362 1670 3429 1709 ne
3468 1663 3526 1709 et

1945 1750 2091 1803 alius
2125 1748 2229 1803 hoc
2260 1748 2483 1803 faceret.
2512 1746 2617 1802 Sed
2653 1763 2836 1802 nonne
2858 1763 2919 1802 es
2952 1756 3008 1801 tu
3035 1746 3355 1817 prudentior
3386 1746 3519 1812 Deo,

1941 1846 2002 1893 ut
2031 1840 2080 1893 ei
2106 1838 2336 1894 consilia
2365 1854 2626 1909 suggeras
2659 1838 2741 1892 “‘i
2766 1839 2869 1893 scit
2898 1839 2989 1893 ille
3010 1839 3139 1909 quid
3176 1838 3357 1893 faciat.
3391 1837 3545 1894 Om--

1939 1931 2104 1987 nibus
2132 1931 2333 1986 etenim
2378 1931 2435 1985 in
2478 1931 2785 2001 ignorantia
2817 1931 3010 2001 positis
3035 1932 3353 2001 patientiam
3381 1946 3521 2002 pra:-

1938 2033 2073 2087 stat,
2103 2027 2228 2096 quia
2253 2025 2569 2081 misericors
2610 2033 2665 2079 et
2694 2026 2816 2095 pius
2846 2033 2951 2089 est,
2984 2032 3037 2079 et
3078 2025 3357 2094 praevidet,
3389 2026 3518 2096 quia

1937 2136 2004 2175 ex
2036 2120 2219 2190 impiis
2244 2119 2400 2174 multi
2433 2118 2740 2174 elﬁciuntur
2778 2118 2875 2189 pii,
2907 2126 2960 2174 et
2989 2134 3055 2173 ex
3098 2118 3232 2189 ipsis
3280 2120 3374 2189 qui
3415 2119 3520 2173 inn-

1934 2227 2073 2282 pura
2099 2211 2354 2283 ﬁgmenta
2379 2219 2435 2266 et
2459 2212 2695 2280 pollutas
2716 2211 2976 2282 imagines
3000 2219 3347 2276 venerantur,
3376 2228 3519 2267 none

1938 2304 2075 2359 nulli
2111 2304 2363 2359 conversi
2395 2303 2462 2356 ad
2487 2302 2680 2367 Deum,
2713 2311 2767 2357 et
2790 2312 3110 2358 revocantes
3136 2318 3195 2357 se
3216 2318 3246 2356 a
3276 2307 3515 2373 peccatis

1933 2403 1989 2451 et
2019 2401 2241 2465 agentes
2278 2394 2418 2448 bona
2448 2410 2633 2466 Opera.
2660 2395 2986 2464 perveniunt
3016 2395 3082 2450 ad
3114 2396 3367 2451 salutem.
3404 2395 3514 2453 Sed

1934 2487 2247 2550 debuimus,
2273 2488 2470 2556 inquit,
2505 2487 2730 2540 omnino
2770 2501 2873 2540 nec
2917 2486 2986 2539 ad
3028 2486 3410 2557 cogitationem
3436 2488 3515 2544 is-

1931 2584 2044 2631 tam
2094 2579 2304 2641 venire,
2340 2586 2400 2632 ut
2444 2578 2558 2631 haec
2594 2576 2918 2632 faceremus.
2970 2575 3236 2647 Ignoratis
3270 2579 3399 2649 quid
3427 2586 3515 2635 est

1932 2671 2157 2726 libertas
2189 2672 2426 2734 arbitrii,
2466 2677 2522 2725 et
2572 2670 2705 2724 latet
2734 2686 2832 2725 vos
2862 2672 2992 2741 quia
3038 2672 3126 2726 ille
3176 2687 3303 2727 vere
3333 2672 3512 2729 bonus

1928 2769 2036 2826 est,
2067 2762 2161 2832 qui
2197 2779 2298 2819 suo
2321 2765 2602 2835 proposito
2628 2763 2807 2819 bonus
2839 2770 2950 2830 est;
2986 2764 3078 2833 qui
3108 2772 3287 2819 autem
3315 2780 3511 2820 neces-

1929 2854 2093 2910 sitate
2114 2854 2380 2909 retinetur
2401 2855 2453 2908 in
2486 2856 2649 2920 bono,
2685 2855 2861 2910 bonus
2886 2869 2995 2908 non
3019 2861 3196 2924 potest
3218 2856 3346 2917 dici.
3377 2857 3509 2926 quia

1929 2962 2040 3000 non
2082 2954 2167 3002 est
2212 2962 2370 3001 suum
2412 2946 2559 3017 quod
2606 2955 2709 3001 est.
2744 2945 2882 3012 Quia
2910 2961 3044 3016 ergo
3082 2947 3137 3001 in
3175 2962 3506 3017 unoquoque

230 3027 385 3097 quod
412 3030 507 3098 qui
541 3030 892 3087 homicidium
918 3035 1047 3090 facit
1079 3045 1171 3091 aut
1194 3040 1543 3107 adulterium,
1574 3052 1629 3100 et
1658 3046 1818 3115 quid-
1848 3061 1891 3117 ο
1926 3039 2156 3093 libertas
2186 3046 2271 3092 est
2298 3039 2351 3091 in
2376 3038 2643 3092 electione
2667 3037 2932 3092 bonorum
2958 3038 3041 3093 vel
3072 3039 3362 3103 malorum,
3386 3038 3505 3108 ipse

228 3119 371 3189 quid
404 3121 457 3174 in
502 3121 784 3177 hominum
818 3141 1032 3194 pcenam
1064 3131 1147 3184 vel
1200 3132 1454 3201 injuriam
1498 3136 1725 3204 geritur,
1763 3139 1819 3191 in

221 3204 317 3260 his
349 3208 607 3263 omnibus
654 3208 749 3264 Dei
804 3212 982 3284 imago
1028 3216 1284 3273 violatur.
1317 3220 1508 3290 Magna
1541 3225 1686 3278 enim
1717 3226 1819 3279 im-

220 3296 404 3365 pietas
435 3299 489 3352 in
530 3298 699 3354 Deum
746 3309 850 3366 est,
885 3304 1080 3362 laedere
1128 3312 1443 3367 hominem:
1480 3328 1640 3370 omne
1688 3332 1818 3388 ergo

217 3389 372 3455 quod
396 3387 513 3458 ipse
537 3392 647 3460 pati
680 3408 791 3447 non
816 3394 919 3459 vis,
945 3413 1067 3452 cum
1100 3399 1236 3456 facis
1262 3403 1374 3469 alii,
1401 3405 1691 3476 imaginem
1719 3387 1813 3464 Dei

216 3477 430 3548 iniquis
463 3484 794 3542 mmroribus
841 3487 1038 3545 ftedas.
1074 3492 1361 3564 Intelligite
1397 3512 1546 3567 ergo,
1571 3500 1699 3569 quia
1730 3502 1815 3554 la-

215 3571 395 3626 tentis
424 3571 764 3632 intrinsecus
797 3584 1068 3650 serpentis
1095 3593 1179 3639 est
1224 3587 1328 3642 ista
1360 3593 1658 3660 suggestio,
1687 3609 1809 3662 quae

215 3664 520 3730 persuadet
564 3667 685 3735 pios
734 3686 829 3725 vos
877 3674 1046 3729 videri
1081 3693 1260 3746 posse,
1308 3694 1433 3734 cum
1469 3683 1808 3739 insensibilia

211 3752 424 3818 colitis,
456 3762 510 3808 et
540 3772 651 3811 non
689 3760 861 3816 videri
896 3764 1112 3835 impios,
1157 3785 1281 3823 cum
1312 3771 1599 3829 sensibiles
1636 3782 1690 3829 et
1720 3790 1811 3829 ra-

209 3846 513 3903 tionabiles
548 3851 762 3909 lmditis.

285 3936 480 3996 XXIV.
508 3940 613 3997 Sed
645 3945 713 3998 ad
740 3948 855 4003 haec
878 3950 985 4005 alio
1009 3952 1168 4009 nobis
1199 3970 1425 4025 serpens
1454 3972 1548 4013 ore
1581 3975 1811 4029 respon-

207 4028 305 4087 det
331 4041 388 4088 et
419 4034 589 4091 dicit:
620 4036 677 4093 Si
702 4042 921 4096 nolebat
963 4044 1078 4099 haec
1106 4062 1229 4102 esse
1265 4047 1431 4113 Deus,
1472 4028 1803 4122 utiqueinon

206 4132 393 4178 erant.
431 4124 685 4182 Nondum
716 4132 874 4187 vobis
894 4133 1040 4199 dico,
1065 4139 1338 4206 quomodo
1364 4140 1430 4194 ad
1454 4142 1807 4213 uniuscujus-

204 4231 318 4285 que
344 4220 550 4274 mentis
583 4223 964 4290 probationem
1008 4226 1064 4282 in
1100 4229 1205 4284 hoc
1235 4231 1441 4286 mundo
1475 4235 1805 4305 permittun-

204 4314 299 4360 tur
333 4324 461 4363 esse
494 4314 665 4365 multa
695 4318 1003 4386 contraria;
1037 4321 1135 4375 sed
1165 4321 1300 4376 illud
1341 4331 1429 4380 est
1475 4326 1622 4395 quod
1653 4342 1801 4381 nune

1925 3130 2027 3185 sibi
2059 3131 2140 3184 vel
2181 3130 2403 3199 praemia
2441 3130 2526 3183 vel
2579 3129 2858 3184 interitum
2893 3129 3109 3200 quaerit.
3142 3128 3275 3193 Iino,
3302 3130 3500 3200 inquit,

1923 3221 2191 3292 quidquid
2223 3223 2546 3292 cogitamus,
2585 3219 2729 3275 Deus
2776 3221 2937 3277 nobis
2981 3220 3204 3275 adducit
3242 3222 3307 3276 ad
3342 3237 3501 3276 men-

1922 3323 2053 3370 tem.
2086 3314 2227 3380 Quid
2250 3315 2432 3384 agitis,
2457 3329 2491 3367 ο
2522 3313 2805 3367 homines?
2825 3312 3246 3383 blasphematis;
3275 3314 3322 3368 si
3350 3314 3501 3369 enim

1919 3422 2082 3462 omne
2104 3407 2249 3476 quod
2299 3407 2624 3475 cogitamus,
2671 3406 2787 3475 ipse
2816 3406 2973 3459 nobis
2996 3404 3217 3459 adducit
3239 3406 3307 3459 ad
3341 3422 3497 3461 men-

1918 3508 2049 3562 tem,
2084 3498 2202 3568 ipse
2232 3514 2362 3568 ergo
2382 3498 2539 3552 nobis
2568 3496 2928 3568 cogitationes
2948 3498 3201 3552 adulterii
3232 3501 3495 3569 suggerit,

1916 3602 1971 3646 et
2000 3590 2264 3654 avaritiae,
2289 3598 2343 3643 et
2370 3589 2742 3659 blasphemiae,
2765 3588 3055 3658 omnisque
3094 3590 3358 3644 luxuriae?
3386 3591 3495 3645 De-

1917 3682 2101 3745 sinite,
2134 3696 2339 3751 quazso,
2363 3681 2431 3733 ab
2468 3680 2781 3749 hujusmodi
2807 3681 3183 3751 blasphemiis,
3212 3691 3266 3738 et
3290 3686 3383 3755 qui
3423 3686 3498 3740 sit

1916 3773 2029 3828 Deo
2054 3773 2252 3844 dignus
2278 3773 2453 3828 honor
2492 3772 2798 3841 intelligite.
2834 3772 2945 3827 Nec
2968 3774 3191 3840 dicatis,
3227 3788 3286 3831 ut
3316 3779 3496 3833 solent

1913 3864 2135 3933 quidam
2164 3871 2430 3929 vestrum,
2462 3864 2590 3932 quia
2620 3862 2765 3918 Deus
2792 3866 3102 3920 mortalium
3144 3868 3350 3924 honore
3380 3886 3490 3924 non

1910 3954 2135 4025 indiget.
2186 3952 2279 4008 Ille
2323 3952 2545 4023 quidem
2594 3970 2722 4009 vere
2765 3955 2972 4010 nullius
3002 3957 3226 4026 indiget,
3259 3960 3354 4015 sed
3391 3976 3490 4017 vos

1912 4049 2121 4104 debetis
2151 4062 2470 4118 agnoscere,
2514 4047 2642 4117 quia
2674 4048 2831 4103 vobis
2869 4049 3093 4118 prodest
3130 4052 3305 4105 honor
3326 4069 3489 4123 quem

1908 4141 2021 4196 Deo
2051 4141 2298 4195 defertis.
2334 4138 2475 4205 Quid
2522 4139 2665 4193 enim
2698 4148 2806 4193 tam
2857 4143 3210 4206 exsecrabile,
3240 4159 3401 4213 quam
3442 4145 3490 4201 si

1909 4236 2140 4307 gratiam
2167 4234 2375 4288 referre
2405 4233 2617 4288 nesciat
2645 4232 2808 4288 homo
2830 4236 3052 4305 proprio
3074 4237 3384 4292 conditori?

1981 4325 2170 4382 XXVI.
2201 4326 2306 4381 Sed
2330 4326 2545 4390 melius,
2571 4325 2767 4395 inquit,
2797 4325 3026 4382 facimus
3046 4344 3166 4391 nos,
3189 4330 3281 4398 qui
3305 4338 3359 4384 et
3384 4330 3487 4401 ipsi

202 4396 428 4490 interim
462 4405 725 4458 convenit
747 4407 878 4471 dici,
908 4410 955 4463 si
992 4413 1294 4466 secundum
1334 4430 1429 4469 vos
1460 4430 1623 4471 omne
1648 4417 1796 4487 quod
1833 4399 1881 4461 υ
1906 4430 1960 4477 et
1990 4420 2246 4475 omnibus
2284 4433 2410 4473 cum
2458 4418 2578 4489 ipso
2604 4418 2811 4489 gratias
2858 4419 3090 4490 agimus.
3135 4396 3325 4477 lnhoc
3357 4396 3489 4478 stib-

199 4488 545 4546 ailorandum
576 4502 695 4549 erat
724 4511 848 4553 esse
886 4514 1000 4555 non
1044 4501 1266 4569 debuit,
1294 4505 1433 4560 nihil
1471 4521 1612 4578 pene
1639 4505 1792 4562 futu-

273 4605 321 4638 “
344 4603 510 4663 Rom.
540 4622 622 4673 ιι,
649 4608 741 4666 54.

1900 4510 2209 4567 versionem
2240 4508 2435 4567 salutis
2480 4515 2675 4565 vestra:
2722 4525 2833 4564 non
2875 4510 3201 4581 intelligitis.
3242 4511 3373 4570 Tale
3396 4521 3483 4570 est

1528 4774 1907 4836 COTELERII
1940 4779 2175 4839 NOTAE.

270 4901 384 4985 (ἓξ)
417 4902 485 4958 In
525 4906 839 4985 on_tni_enim
868 4908 1168 4969 homine....
1207 4923 1259 4969 et
1299 4932 1446 4969 mens
1475 4932 1634 4985 pura.
1666 4917 1788 4974 Cle-

195 4976 421 5054 mentig.
460 4992 517 5054 ξ,
578 4977 628 5054 7..
671 4976 835 5054 Juxta
890 4986 1220 5054 sententiam
1271 4984 1333 5040 Β.
1386 4976 1608 5041 Μξιὶίῐηί
1656 5005 1788 5044 cen-

193 5044 340 5125 tu'ria
370 5044 424 5129 ξ,
457 5044 847 5129 Dele/raritate:
878 5067 931 5129 ρ.
964 5052 1034 5129 2_5
1068 5056 1454 5129 :__Ka'r‘ei>tt5va
1488 5059 1608 5129 μὲν,
1640 5062 1791 5114 πᾶσα

191 5114 358 5235 Ξύσις
381 5114 569 5188 λογική
610 5119 725 5171 ἐστι
756 5121 849 5174 τοῦ
878 5121 1033 5177 Θεοῦ.
1068 5125 1202 5179 Καθ’
1241 5114 1501 5196 ὁμοίωσιῦ
1529 5114 1607 5191 δὲξ
1641 5131 1790 5200 μόνοι

231 5184 389 5235 γαθοὶ
411 5189 503 5235 καὶ
540 5190 711 5235 σοφοί-
754 5190 790 5235 Δ
834 5208 940 5235 nnn
983 5197 1175 5235 nnnnic
1199 5207 1377 5235 Inmun
1411 5198 1591 5235 imnnn
1630 5210 1678 5235 ιιί
1708 5202 1785 5235 εἰ,

231 5184 711 5269 χῇίῇοὶίκαὶῆάεφεί.
833 5208 942 5269 non
983 5197 1176 5269 paucis
1199 5184 1379 5252 tamen
1410 5184 1606 5269 imago,
1630 5184 1684 5254 et
1707 5184 1787 5257 si;

193 5253 450 5338 giilitudo
510 5253 626 5338 Dei
657 5260 712 5338 in
746 5253 1039 5338 _hornine:,_
1082 5266 1224 5319 idem
1292 5283 1416 5323 esse
1491 5253 1782 5338 ptumi}.

191 5320 436 5406 limenda
477 5328 658 5382 obiter
689 5329 957 5388 lsidorum
980 5320 1784 5406 Hispalense‘mrlihir'oille-tor;

190 5393 734 5480 dinecreatgr‘arugt,
768 5418 891 5480 cap.
928 5406 1052 5480 lliL,
1083 5393 1224 5480 tom.
1262 5393 1569 5480 [Spicilegii
1612 5393 1782 5466 Ache-

190 5468 334 5553 Iziani
372 5481 424 5553 ρ.
458 5468 613 5553 ᾅΟϐ)
657 5469 716 5524 Si
747 5468 885 5527 enim
927 5474 992 5530 de
1030 5468 1305 5553 semetipso
1340 5468 1461 5532 eam
1493 5468 1779 5553 (animam)

188 5531 334 5614 Deus
372 5531 972 5615 Tecissct,_nequaquam
1017 5531 1289 5615 passibilis
1326 5531 1376 5603 et
1415 5531 1778 5607 mutabilis

188 5608 389 5659 misera
412 5618 569 5663 esset.
605 5608 740 5665 Item
761 5616 808 5687 si
825 5608 905 5687 ἐῷ
936 5608 1193 5672 creaturis
1224 5621 1588 5687 corporalibus
1620 5622 1770 5677 illam

187 5687 440 5757 creasset,
464 5689 513 5731 et
543 5684 820 5757 corporale
850 5686 1052 5756 aliquid
1082 5690 1136 5741 in
1163 5706 1262 5742 sua
1297 5684 1493 5743 natura
1524 5691 1769 5756 haberet;

190 5755 302 5811 aut,
336 5751 549 5803 inauam
581 5751 745 5820 (male
767 5751 1076 5829 nunquam),
1110 5760 1334 5815 calorem
1370 5760 1433 5815 de
1473 5764 1644 5830 ignea,
1676 5751 1767 5818 aut

1889 4924 2079 4996 ﬂatum
2106 4940 2171 4978 ea:
2211 4941 2384 4987 aerea,
2410 4935 2504 4979 aut
2526 4923 2795 4980 humorem
2824 4941 2890 4980 ea:
2918 4927 3186 4996 aquatica,
3211 4936 3305 4981 aut
3327 4945 3475 4983 cras-

1892 4995 2179 5049 situdinem
2209 5006 2258 5050 et
2289 4996 2612 5052 soliditatem
2644 5013 2709 5051 ex
2745 5007 2949 5051 terrena
2968 4995 3203 5050 materia
3226 4999 3475 5063 haberet;

1893 5066 1983 5118 sed
2014 5070 2138 5134 quia
2168 5067 2249 5121 his
2278 5066 2519 5120 omnibus
2559 5078 2723 5131 caret,
2765 5069 3128 5134 incorporcam
3157 5069 3309 5121 illam
3362 5086 3477 5123 esse

1894 5138 2165 5189 conditam
2196 5140 2466 5200 convenit;
2496 5147 2543 5191 et
2570 5153 2660 5205 per
2680 5139 2852 5206 ipsam
2884 5138 3390 5205 incorporalitatem,
3423 5148 3474 5193 et

1892 5216 2261 5269 wtermtatem,
2305 5219 2355 5261 ct
2386 5208 2816 5267 mutabilitatem.
2859 5218 2908 5260 et
2938 5206 3089 5259 liberi
3132 5208 3340 5261 arbitrii
3379 5224 3475 5276 po-

1890 5284 2163 5339 testatem,
2212 5279 2447 5332 eamdem
2484 5295 2603 5331 cum
2642 5278 2840 5348 angelis
2878 5277 3069 5348 habere
3112 5278 3472 5348 substantiam

1887 5349 2485 5419 creandiquerordinem
2548 5347 2893 5419 dignoscitur.
2949 5347 3077 5400 Ha’c
3125 5358 3322 5419 autem,
3372 5347 3475 5419 Dei

1886 5418 2060 5488 imago
2089 5417 2351 5491 nonfleg.
2394 5417 2697 5491 imaginem]
2728 5420 2782 5473 in
2812 5419 3122 5491 aiternitate,
3158 5417 3468 5491 similitudi-

1884 5486 2008 5541 nem
2041 5491 2099 5542 in
2126 5486 2348 5543 arbitrio
2398 5486 2559 5544 libero
2608 5486 2713 5560 (sic
2762 5487 3016 5557 restituo)
3070 5486 3355 5560 possidet:
3406 5488 3471 5541 de

1881 5576 1987 5629 qua
2016 5560 2263 5630 imaginis
2288 5560 2385 5614 Dei
2405 5558 2750 5631 similitudine
2778 5561 3030 5626 impressa
3056 5558 3305 5626 propheta
3326 5574 3489 5631 com-5

1879 5626 2158 5698 nteriiorai,
2192 5632 2407 5688 dicens:
2447 5630 2752 5702 «Signatum
2781 5647 2939 5701 super
2966 5645 3058 5684 nos
3094 5631 3267 5684 lumen
3291 5626 3485 5684 vultus;

1879 5702 1973 5755 tui.
2017 5722 2035 5753 ι
