3888 6192
459 298 605 354 i353

1321 292 1380 351 S.
1422 291 1816 350 CLEMENTIS
1854 290 1872 345 1
1913 289 2080 347 BOM.
2119 286 2322 343 ΡΟΝΤ.
2361 283 2590 343 OPERA
2629 280 2857 339 DUBIA.

3578 266 3716 325 15-“

458 414 604 470 enim
635 412 760 475 hoc,
786 411 948 481 quale
991 411 1036 465 si
1074 409 1202 480 quis
1228 424 1372 480 aeger
1399 408 1466 463 ad
1514 408 1781 463 medelam
1813 408 1897 462 sui
1928 422 2042 461 me—
2070 410 2116 469 Α
2143 404 2301 459 vobis
2331 402 2587 458 dicemus
2627 414 2750 473 quae
2796 399 2853 453 in
2892 412 2951 452 re
2997 392 3159 451 sunt?
3183 387 3430 461 nunquid
3472 395 3722 481 tacentes

459 506 643 561 dicum
682 506 886 575 pariter
905 511 959 557 et
988 503 1316 558 venenarios
1338 503 1548 563 invitet,
1581 517 1706 555 cum
1735 500 1809 555 illi
1844 514 2042 554 nocere

458 598 679 669 quidem
724 597 958 668 possint,
1000 610 1196 649 curare
1227 610 1335 649 non
1383 594 1619 664 possint,
1655 607 1819 647 verus
1858 599 2040 644 autem

459 689 709 745 medicus
739 688 965 743 venenis
996 688 1213 740 illorum
1254 694 1471 741 recuset
1518 698 1617 739 sua
1647 683 2041 738 medicamenta

460 782 715 843 miscere,
749 797 815 834 ne
845 787 938 833 aut
979 778 1253 849 pernicies
1291 778 1437 831 bono
1469 784 1563 830 aut
1606 776 1814 831 sanitas
1837 789 2041 829 nocen-

457 872 607 925 tibus
630 869 959 925 ascribatur.
992 868 1175 924 Dicis:
1212 867 1354 939 Ergo
1384 868 1701 938 indignatur
1721 874 1814 920 aut
1834 865 2040 920 invidet

457 961 626 1026 Deus,
670 965 714 1018 si
744 977 868 1015 cum
910 962 1025 1031 ipse
1060 960 1391 1023 benefaciat,
1419 961 1541 1014 aliis
1566 960 1753 1029 gratia:
1794 957 2038 1012 referan-

458 1056 592 1110 tur?
638 1054 865 1107 Etiamsi
911 1067 1019 1105 non
1056 1052 1391 1121 indignetur.
1431 1066 1539 1105 non
1571 1051 1687 1103 vult
1729 1057 1913 1104 tamen
1946 1064 2039 1103 er-

457 1146 602 1200 roris
633 1152 824 1197 auctor
853 1143 1110 1203 existere.
1146 1150 1205 1195 ut
1256 1142 1341 1196 sui
1373 1142 1558 1210 operis
1587 1140 1851 1195 beneﬂcio
1884 1138 2038 1194 inani

460 1237 606 1291 idolo
638 1236 771 1290 fides
807 1235 986 1290 detur.
1021 1234 1162 1300 Quid
1195 1242 1342 1289 certe
1371 1243 1479 1287 tam
1522 1234 1747 1303 impium
1768 1273 1783 1296 ,
1816 1240 1925 1285 tam
1953 1232 2037 1286 in-

457 1337 696 1397 gratum,
723 1340 886 1395 quam
929 1339 957 1376 a
1005 1324 1116 1377 Deo
1148 1324 1470 1378 beneﬁcium
1502 1325 1762 1393 consequi
1786 1362 1801 1385 .
1833 1330 1887 1378 et
1914 1322 2037 1376 red-

456 1419 588 1475 dere
643 1419 803 1487 lignis
851 1431 915 1471 ac
971 1417 1244 1487 lapidibus
1289 1418 1560 1487 gratiam?
1609 1415 1837 1486 Propter
1888 1414 2036 1485 quod

454 1508 900 1581 expergiscimini
928 1518 981 1563 et
1010 1509 1296 1578 intelligite
1325 1508 1556 1563 salutem
1588 1515 1864 1575 vestram;
1893 1506 2037 1563 Deus

453 1603 600 1659 enim
624 1602 828 1655 nullius
855 1600 1081 1669 indiget,
1117 1615 1294 1670 neque
1340 1601 1543 1670 aliquid
1574 1601 1825 1670 requirit,
1859 1615 2039 1669 neque

454 1696 511 1751 in
549 1696 733 1763 aliquo
766 1693 1004 1757 laiditur,
1037 1692 1130 1747 sed
1164 1710 1265 1748 nos
1297 1710 1488 1748 sumus
1519 1694 1611 1763 qui
1647 1701 1742 1746 aut
1779 1694 2037 1762 juvamur

2146 496 2475 551 annuntiare
2515 507 2809 563 possumus
2846 486 3173 543 veritatem?
3210 484 3341 550 Quae
3371 489 3527 549 sunt,
3563 480 3723 533 aliter

2144 605 2309 661 quam
2345 596 2495 651 sunt,
2529 584 2775 657 proferre
2812 581 3109 637 nescimus.
3151 576 3304 644 Quod
3337 576 3382 630 si
3413 584 3723 635 taceamus,

2144 695 2367 737 causam
2403 679 2560 734 vobis
2605 674 2927 747 perniciosa:
2956 670 3277 742 ignorantiae
3309 682 3413 721 nos
3437 664 3726 724 dabimus,

2144 779 2198 829 et
2220 771 2626 828 satisfaciemus
2650 768 2833 822 latenti
2866 767 3007 821 intra
3028 778 3125 817 vos
3152 771 3206 816 et
3226 757 3500 815 obsidenti
3526 770 3730 810 sensus

2143 875 2356 921 vestros
2388 862 2647 933 serpenti,
2674 860 2768 932 qui
2800 860 2915 914 haec
2946 857 3101 912 vobis
3130 853 3323 909 callide
3356 850 3633 921 suggerit,
3672 855 3733 899 ut

2144 971 2361 1026 semper
2402 970 2501 1010 vos
2546 954 2803 1009 inimicos
2852 950 3017 1006 faciat
3062 947 3194 1003 Deo.
3228 944 3332 999 Sed
3365 959 3469 998 nos
3514 942 3585 995 ad
3624 941 3731 994 hoc

2142 1050 2295 1105 missi
2331 1065 2545 1111 sumus,
2588 1056 2649 1102 ut
2686 1046 2981 1117 prodamus
3015 1041 3170 1096 vobis
3215 1039 3456 1094 latebras
3487 1036 3639 1105 ejus,
3678 1041 3733 1087 et

2143 1144 2489 1199 absolventes
2534 1139 2852 1195 inimicitias
2900 1133 3316 1191 reconciliemus
3362 1144 3464 1183 vos
3491 1125 3633 1189 Deo,
3673 1133 3737 1178 ut

2143 1236 2211 1289 ad
2243 1235 2423 1303 ipsum
2454 1228 2852 1286 convertamini
2885 1234 2939 1281 et
2979 1223 3240 1295 placeatis
3272 1221 3321 1275 ei
3369 1220 3422 1274 in
3459 1216 3733 1288 Operibus

2142 1326 2324 1381 bonis.
2357 1322 2660 1378 Inimicitiae
2702 1332 2938 1389 namque
2978 1324 3107 1372 sunt
3150 1311 3357 1367 homini
3409 1310 3479 1364 ad
3513 1308 3731 1372 Deum,

2141 1417 2536 1475 irrationabilis
2576 1422 2631 1469 et
2674 1413 2874 1484 impius
2922 1424 3116 1466 sensus
3148 1419 3486 1477 pravumque
3520 1418 3734 1474 propo-

2142 1512 2332 1571 situm,
2370 1506 2607 1561 maxime
2640 1520 2765 1559 cum
2821 1502 3038 1557 videtur
3088 1499 3189 1555 sibi
3225 1498 3366 1552 scire
3413 1494 3633 1565 aliquid
3678 1503 3734 1548 et

2139 1608 2226 1656 est
2273 1600 2327 1654 in
2363 1596 2689 1669 ignorantia.
2746 1594 2850 1649 Ubi
2896 1600 3075 1647 autem
3131 1588 3355 1658 abjectis
3396 1585 3485 1640 his
3531 1585 3730 1640 eadem

2140 1692 2299 1748 vobis
2337 1692 2551 1762 placere
2594 1687 2863 1758 cmperint
2890 1700 3009 1755 qua:
3034 1682 3143 1737 Deo
3176 1680 3409 1751 placent,
3438 1687 3495 1732 et
3531 1678 3729 1733 eadem

456 1795 551 1841 aut
586 1758 835 1840 laedimur
868 1786 921 1839 in
957 1800 1023 1839 eo
1074 1785 1220 1855 quod
1271 1786 1410 1856 grati
1468 1758 1561 1838 aut
1594 1758 1795 1855 ingrati
1824 1800 2034 1840 sumus.
2070 1758 2112 1814 Β
2145 1758 2437 1855 displicere
2468 1783 2645 1844 vobis,
2682 1789 2849 1848 atque
2874 1793 2939 1833 ea
2972 1774 3250 1845 cmperitis
3282 1772 3419 1826 velle
3454 1786 3583 1842 qua:
3613 1768 3732 1825 vult

453 1876 591 1933 Nam
644 1876 754 1930 Deo
801 1876 934 1945 quid
966 1876 1250 1929 confertur
1290 1893 1354 1930 cx
1386 1877 1640 1931 laudibus
1672 1878 1915 1932 nostris?
1948 1884 2041 1931 aut

454 1968 585 2039 quid
620 1968 867 2023 aufertur
898 1983 962 2021 ex
994 1968 1387 2037 blasphemiis?
1428 1969 1533 2023 nisi
1567 1967 1713 2038 quod
1748 1968 1891 2023 Deus
1922 1967 2041 2021 ani-

452 2077 599 2117 mam
640 2061 744 2115 sibi
778 2061 982 2129 gratias
1011 2067 1283 2129 agentem,
1316 2061 1620 2130 proximam
1658 2060 1761 2113 sibi
1793 2067 1848 2115 et
1882 2060 2041 2114 fami-

453 2155 643 2209 liarem
675 2154 827 2215 facit,
861 2154 1127 2223 ingratam
1159 2168 1289 2207 vero
1319 2154 1498 2208 malus
1530 2153 1773 2223 possidet
1803 2154 2036 2210 dmmon.

522 2244 740 2302 XXVII.
776 2245 880 2300 Sed
910 2254 965 2300 et
999 2245 1131 2299 illud
1170 2246 1313 2301 scire
1347 2261 1446 2299 vos
1493 2247 1635 2309 volo,
1669 2247 1813 2315 quod
1847 2246 2041 2300 adver-

452 2355 575 2394 sum
608 2337 924 2407 hujusmodi
956 2338 1170 2392 animas
1205 2354 1316 2392 non
1346 2340 1463 2409 ipse
1496 2338 1636 2393 Deus
1670 2356 1766 2410 per
1793 2355 1851 2393 se
1884 2338 2041 2393 ultio-

452 2448 575 2487 nem
608 2431 833 2501 profert,
871 2431 963 2485 sed
998 2431 1252 2485 universa
1284 2442 1536 2485 creatura
1568 2432 1688 2500 ejus
1719 2430 1955 2501 insurgit
1985 2438 2039 2485 et

450 2537 643 2594 pmnas
676 2522 741 2575 de
796 2522 980 2591 impiis
1029 2522 1232 2586 sumit;
1282 2530 1337 2575 et
1380 2523 1631 2591 quamvis
1684 2523 1739 2576 in
1783 2522 2038 2592 praesenti

454 2615 660 2669 sazculo
693 2613 785 2668 Dei
824 2614 1042 2667 bonitas
1071 2614 1357 2683 aequaliter
1392 2614 1497 2685 piis
1524 2621 1578 2667 et
1607 2614 1790 2685 impiis
1846 2614 2038 2670 mundi

452 2705 629 2759 lucem
683 2718 746 2757 ac
803 2714 961 2757 terra:
1003 2704 1308 2757 ministeria
1358 2705 1643 2775 largiatur,
1697 2716 1875 2761 tamen
1926 2719 2037 2760 non

452 2797 661 2866 absque
682 2794 872 2849 dolore
906 2796 990 2849 sui
1021 2795 1197 2849 lucem
1228 2796 1310 2850 sol
1343 2796 1526 2865 impiis
1557 2796 1781 2867 praebet,
1816 2804 2037 2851 caetera-

450 2903 559 2957 qne
591 2888 863 2941 elementa
891 2886 1153 2942 exhibent
1187 2887 1531 2942 servitutem.
1576 2887 1822 2958 Denique
1865 2891 2037 2945 inter-

450 2980 580 3033 dum
626 2982 792 3033 etiam
845 2986 1039 3032 contra
1078 2979 1378 3033 bonitatem
1420 2980 1773 3045 Conditoris,
1813 2981 2036 3053 fatigata

451 3070 752 3126 sceleribus
796 3070 1088 3139 impiorum
1138 3070 1433 3123 vincuntur
1474 3073 1763 3137 elementa,
1798 3080 1854 3127 et
1909 3073 2037 3129 inde

447 3171 536 3218 est
566 3161 715 3232 quod
757 3171 851 3215 aut
883 3169 1045 3217 terra:
1076 3160 1291 3217 fructus
1332 3164 1722 3234 corrumpitur,
1766 3173 1861 3219 ant
1892 3167 2037 3223 aeris

450 3254 748 3324 temperies
781 3262 1103 3318 temeratur,
1134 3262 1229 3307 aut
1268 3270 1433 3326 supra
1484 3256 1704 3311 modum
1750 3257 1915 3313 ardor
1947 3273 2039 3314 so-

450 3344 521 3400 lis
558 3344 891 3407 incenditur,
944 3345 1028 3400 vel
1074 3345 1332 3399 imbrium
1377 3362 1442 3401 ac
1492 3347 1756 3418 frigorum
1806 3350 1891 3404 vis
1935 3350 2037 3404 im-

448 3451 639 3491 mensa
674 3435 1016 3492 diffunditur.
1060 3436 1189 3492 Inde
1238 3438 1377 3502 lues,
1425 3447 1479 3493 et
1508 3439 1718 3505 fames,
1750 3450 1804 3496 et
1845 3442 2037 3500 mortis

450 3529 623 3583 facies
655 3529 871 3583 diversa
921 3530 1223 3598 percurrit.
1265 3530 1491 3585 festinat
1521 3534 1666 3586 enim
1700 3540 1951 3588 creatura
1981 3534 2036 3589 in

449 3619 649 3689 impios
694 3636 913 3675 movere
956 3622 1282 3677 vindictam.
1326 3622 1419 3677 Dei
1455 3631 1637 3678 tamen
1691 3625 1912 3682 bonitas
1950 3642 2037 3683 re-

449 3710 638 3779 primit
667 3725 809 3773 eam,
836 3719 890 3765 et
920 3713 989 3765 ab
1021 3712 1397 3783 indignatione
1446 3714 1737 3785 impiorum
1774 3716 2034 3785 refrenat,

449 3817 515 3856 ac
547 3818 659 3855 suae
701 3803 1097 3859 misericordia:
1133 3805 1358 3860 obedire
1408 3807 1583 3876 cogit,
1639 3808 1815 3879 magis
1868 3825 2035 3880 quam

450 3893 693 3963 peccatis
727 3893 1010 3948 hominum
1036 3902 1090 3949 et
1113 3896 1414 3951 sceleribus
1446 3896 1809 3965 inflammari;
1846 3915 2038 3969 exspe-

446 3985 565 4033 ctat
593 3980 738 4033 enim
775 3982 1037 4050 patientia
1071 3981 1186 4045 Dei,
1216 3983 1345 4037 dum
1395 3984 1452 4037 in
1495 3984 1598 4041 hoc
1625 4001 1854 4056 corpore
1882 3995 2033 4053 sunt,

450 4069 732 4123 hominum
761 4072 1199 4128 conversionem.

520 4160 758 4217 XXVIII.
790 4162 944 4228 Quod
976 4165 1024 4218 si
1052 4167 1143 4235 qui
1175 4166 1240 4220 ad
1270 4167 1477 4223 exitum
1519 4170 1641 4226 vita:
1680 4172 1734 4225 in
1761 4173 2037 4240 impietate

448 4258 809 4324 perstiterint,
846 4260 1091 4328 tumjam
1124 4261 1414 4317 discedens
1445 4264 1626 4318 anima
1661 4281 1781 4335 quae
1810 4266 2037 4320 immor-

446 4346 575 4400 talis
602 4357 707 4413 est,
734 4364 835 4418 pro
867 4350 1163 4419 impietatis
1189 4367 1303 4407 sua:
1338 4356 1743 4421 perseverantia
1778 4357 1889 4410 luet
1918 4371 2037 4426 p03-

451 4452 571 4490 nas.
603 4434 947 4495 lmmortales
972 4456 1211 4510 namque
1241 4452 1370 4497 sunt
1396 4444 1560 4497 etiam
1592 4445 1885 4515 impiorum
1915 4448 2033 4501 ani-

447 4543 572 4592 mae,
595 4545 735 4598 quas
776 4530 879 4599 ipsi
921 4532 1152 4588 fortasse
1184 4535 1353 4588 velint
1398 4537 1604 4605 pariter
1632 4555 1756 4593 cum
1792 4540 2036 4610 corpori-

448 4621 553 4676 bus
601 4623 723 4677 suis
759 4623 905 4678 finiri
949 4625 1098 4694 (25);
1149 4627 1244 4681 sed
1296 4644 1405 4682 non
1453 4628 1525 4683 ita
1578 4639 1701 4695 est,
1747 4632 2034 4701 perferunt

447 4712 593 4765 enim
625 4713 767 4783 ignis
798 4716 986 4768 aeterni
1031 4716 1152 4771 sine
1185 4716 1291 4772 Ilne
1330 4719 1618 4789 supplicia,
1656 4730 1710 4775 et
1750 4723 1817 4776 ad
1849 4726 2034 4794 perni-

447 4803 587 4857 ciem
624 4804 708 4859 sui
746 4813 997 4859 naturam
1034 4824 1143 4861 non
1193 4809 1395 4865 habent
1439 4812 1728 4870 moriendi.
1766 4813 1871 4869 Sed
1918 4816 2034 4871 for-

446 4900 597 4951 tasse
624 4898 819 4952 dicetis
843 4898 975 4953 mihi
1007 4917 1021 4953 ;
1054 4897 1251 4956 Terres
1279 4917 1404 4967 nos,
1436 4900 1618 4959 Petre.
1654 4905 1719 4959 Et
1755 4908 2031 4977 quomodo

522 5075 566 5115 ⁸⁸
594 5076 661 5131 Ill
692 5074 826 5149 Reg.
853 5094 989 5144 xvii,
1022 5096 1157 5136 xvut
1184 5100 1198 5149 ;
1233 5080 1355 5139 Jac.
1391 5101 1446 5147 v,
1481 5084 1570 5150 l7,
1602 5085 1690 5141 18.

2067 4489 2114 4549 D

2145 1879 2310 1938 Deus.
2343 1885 2477 1931 tunc
2503 1891 2630 1929 vere
2661 1872 2825 1927 amici
2859 1871 2979 1940 ejus
3009 1866 3286 1923 dicemini.

2217 1968 2403 2025 XXIX.
2435 1968 2539 2022 Sed
2575 1965 2829 2021 fortassis
2854 1961 3020 2033 aliqui
3051 1976 3117 2016 ex
3146 1960 3300 2015 vobis
3324 1957 3550 2014 dicent:
3579 1956 3730 2011 Nihil

2142 2079 2289 2119 cum
2315 2069 2400 2117 est
2424 2060 2536 2114 Deo
2568 2059 2635 2114 de
2668 2058 2831 2112 rebus
2861 2054 3135 2113 humanis.
3159 2060 3211 2107 et
3237 2052 3396 2120 cujus
3432 2068 3502 2105 ne
3534 2051 3605 2104 ad
3630 2065 3728 2103 no-

2139 2156 2317 2211 titiam
2363 2153 2581 2224 quidem
2632 2163 2927 2220 possumus
2979 2144 3286 2215 pervenire,
3337 2142 3625 2213 quomodo
3662 2140 3726 2195 ad

2141 2246 2413 2301 amicitias
2468 2240 2885 2313 perveniemus?
2934 2236 3090 2304 Quod
3137 2236 3279 2291 Deus
3324 2251 3520 2290 curam
3579 2245 3732 2306 gerat

2141 2338 2509 2393 humanarum
2538 2350 2745 2396 rerum,
2791 2332 2964 2403 ipsius
2993 2330 3185 2385 mundi
3215 2329 3544 2400 gubernatio
3572 2328 3732 2383 testis

2139 2440 2244 2494 est,
2281 2430 2369 2483 cui
2418 2428 2501 2483 sol
2550 2426 2796 2497 quotidie
2845 2422 3116 2486 deservit,
3169 2421 3256 2476 cui
3302 2420 3511 2475 imbres
3567 2420 3735 2473 mini-

2141 2524 2341 2583 strant,
2369 2516 2457 2570 cui
2500 2514 2700 2577 fontes,
2735 2512 2983 2574 ﬂumina.
3032 2511 3291 2581 ventique
3340 2521 3397 2565 et
3430 2512 3627 2565 omnia
3660 2508 3734 2563 fa-

2141 2612 2423 2667 mulantur
2451 2611 2742 2671 elementa,
2769 2623 2888 2678 qua:
2924 2614 3132 2677 quanto
3161 2607 3374 2659 notiora
3405 2604 3733 2660 hominibus

2139 2705 2417 2766 videntur,
2448 2711 2603 2757 tanto
2636 2716 2827 2756 curam
2863 2700 2956 2754 Dei
2988 2715 3113 2755 esse
3154 2713 3280 2768 erga
3307 2698 3564 2753 homines
3593 2699 3736 2753 indi-

2138 2805 2289 2853 cant.
2327 2795 2442 2851 Nisi
2466 2796 2611 2850 enim
2636 2800 2908 2865 potestate
2936 2792 3171 2855 Excelsi,
3200 2805 3487 2861 nunquam
3520 2791 3734 2859 potiora

2140 2890 2498 2946 inferioribus
2542 2890 2951 2954 ministrarent;
2998 2896 3053 2941 et
3105 2901 3202 2957 per
3254 2885 3361 2940 hoc
3401 2901 3518 2939 non
3549 2886 3735 2939 solum

2137 2998 2327 3039 curam
2360 2981 2507 3037 Deus
2535 2997 2663 3052 erga
2696 2982 2969 3045 homines,
3004 2978 3102 3033 secl
3146 2977 3406 3048 grandem
3437 2976 3734 3047 quemdam

2140 3076 2341 3131 habere
2387 3076 2616 3130 docetur
2662 3074 2937 3136 allectum,
2987 3087 3218 3143 quorum
3265 3071 3583 3125 ministerio
3624 3078 3730 3123 tam

2138 3170 2405 3240 praeclara
2450 3167 2786 3238 mancipavit
2830 3166 3123 3221 elementa.
3156 3164 3312 3231 Quod
3346 3171 3533 3218 autem
3565 3163 3731 3218 etiam

2140 3260 2209 3315 ad
2242 3259 2516 3314 amicitias
2559 3258 2652 3314 Dei
2694 3259 3015 3330 perveniant
3040 3258 3311 3319 homines,
3343 3254 3605 3324 exemplo
3636 3269 3730 3308 no-

2138 3354 2224 3410 bis
2257 3361 2385 3409 sunt
2416 3354 2470 3407 hi
2503 3368 2738 3424 qttorttm
2768 3352 3023 3422 precibus
3064 3360 3268 3404 tantum
3300 3348 3535 3403 indulsit
3572 3348 3641 3410 ³⁸,
3678 3354 3732 3400 ut

2139 3445 2421 3501 clauderet
2451 3445 2718 3499 imbribus
2748 3442 2947 3499 C(elum
2995 3458 3119 3499 cum
3168 3442 3389 3502 vellent,
3420 3450 3479 3494 et
3511 3455 3731 3494 rursum

2140 3554 2266 3593 cum
2308 3545 2559 3609 peterent
2606 3539 2910 3600 relaxaret;
2943 3543 2998 3590 et
3046 3535 3217 3588 multa
3249 3534 3353 3587 alia
3386 3535 3729 3587 voluntatem

2140 3645 2294 3686 suam
2327 3629 2657 3684 facientibus
2690 3628 2966 3699 priestitit,
2998 3642 3119 3697 quae
3148 3641 3256 3679 non
3300 3626 3405 3678 nisi
3455 3626 3730 3679 amicissi-

2138 3723 2245 3777 mis
2288 3730 2699 3793 pmstarentur.
2758 3720 2863 3774 Sed
2910 3718 3103 3774 dices:
3136 3717 3276 3784 Quid
3337 3718 3487 3772 enim
3519 3718 3732 3771 laeditur

2140 3809 2307 3876 Deus,
2342 3814 2388 3869 si
2428 3820 2482 3867 et
2513 3813 2617 3868 ista
2665 3812 2918 3865 colantur
2947 3827 2978 3866 a
3010 3810 3202 3864 nobis?
3233 3808 3289 3863 Si
3326 3811 3454 3878 quis
3486 3818 3728 3863 vestrum

2141 3904 2408 3959 honorem
2454 3905 2595 3976 patri
2643 3903 2912 3965 debitum,
2951 3919 2980 3957 a
3020 3919 3127 3973 quo
3174 3902 3409 3972 plurima
3462 3903 3730 3956 beneﬁcia

2139 4006 2475 4053 consecutus
2493 4005 2601 4060 est,
2635 3997 2728 4051 alii
2752 3996 2985 4059 deferat,
3011 4004 3065 4051 et
3086 3995 3325 4049 alienum
3351 4004 3520 4063 atque
3549 4006 3731 4047 extra-

2139 4104 2303 4144 neum
2336 4090 2494 4159 quasi
2528 4099 2733 4160 patrem
2780 4089 2961 4152 colat,
3004 4104 3112 4142 non
3142 4086 3238 4141 tibi
3269 4086 3492 4140 videtur
3521 4087 3723 4155 impius

2139 4183 2379 4237 existere
2411 4181 2464 4235 in
2497 4191 2730 4252 patrem.
2787 4187 2843 4235 et
2864 4179 3303 4235 exbaaredatione
3329 4178 3731 4247 dignissimus?

2213 4269 2380 4326 XXX.
2414 4271 2520 4325 Alii
2557 4271 2748 4325 dicunt
2774 4270 3047 4340 :Impium
3078 4277 3163 4324 est
3192 4268 3329 4339 (26).
3362 4269 3405 4322 si
3437 4284 3551 4322 non
3584 4271 3732 4323 cola-

2138 4377 2264 4418 mus
2292 4378 2354 4417 ea
2385 4378 2508 4432 qua:
2538 4363 2697 4417 nobis
2738 4363 2939 4418 tradita
2972 4370 3101 4417 sunt
3138 4376 3167 4414 a
3212 4360 3464 4431 patrihus
3499 4363 3727 4427 nostris,

2139 4460 2194 4508 et
2240 4454 2556 4524 religionem
2611 4455 3037 4522 praevaricamur
3085 4470 3114 4507 a
3164 4454 3472 4522 majoribus
3521 4454 3727 4509 datam.

2142 4542 2256 4598 Ilac
2278 4545 2510 4607 ratione,
2550 4545 2595 4599 si
2637 4543 2799 4613 cujus
2828 4553 2982 4615 pater
3024 4546 3164 4599 latro
3208 4544 3334 4608 fuit,
3369 4551 3466 4598 aut
3497 4548 3546 4600 si
3573 4545 3729 4613 cujus

2140 4636 2289 4700 leno,
2324 4651 2352 4689 a
2394 4637 2645 4706 patribus
2674 4635 2779 4690 sibi
2813 4636 3069 4691 traditam
3120 4634 3580 4691 consuetudinem
3612 4652 3729 4690 mu-

2140 4734 2261 4782 tare
2294 4743 2403 4783 non
2434 4728 2616 4793 debet,
2648 4743 2752 4782 nec
2782 4728 2850 4782 ad
2902 4729 3179 4783 meliorem
3230 4729 3376 4782 viam
3411 4743 3443 4781 a
3483 4729 3725 4799 paternis

2140 4817 2424 4873 erroribus
2456 4821 2725 4883 revocari,
2757 4828 2810 4871 et
2850 4818 3076 4888 impium
3109 4818 3349 4881 ducitur.
3381 4821 3428 4874 si
3455 4822 3583 4891 quis
3619 4836 3722 4873 non

2140 4926 2267 4966 cum
2300 4910 2620 4983 parentibus
2648 4920 2861 4982 peccet,
2908 4921 3002 4967 aut
3050 4928 3158 4968 non
3193 4928 3319 4968 cum
3356 4914 3496 4985 ipsis
3527 4915 3723 4985 impius

1720 5266 2092 5324 COTELERII
2157 5269 2387 5328 ΝΟΤᾸΕ.

526 5433 632 5505 {25)
675 5435 823 5514 Quae
868 5437 971 5514 ipsi
1000 5438 1232 5514 [Quane
1265 5441 1423 5495 velint
1450 5444 1803 5514 pariter-ﬁcum
1838 5461 2030 5514 corpo-

444 5505 591 5588 ribus
614 5508 761 5588 suis
787 5507 955 5574 ﬁniri.
1000 5505 1312 5588 Eleganter,
1342 5505 1590 5588 utsolet,
1634 5513 1905 5588 Minucius
1929 5505 2033 5571 Fe-

449 5577 521 5652 liit
556 5593 569 5628 :
605 5573 713 5629 Nec
742 5578 927 5647 ignoro
956 5573 1230 5652 plerosque
1251 5573 1921 5647 conscientia'meritorum,
1955 5589 2031 5640 ni-

544 5661 597 5723 se
636 5645 892 5723 esseIpost
937 5645 1158 5723 inertem
1207 5654 1372 5723 magis
1401 5662 1582 5721 optare
1615 5671 1771 5723 quam
1794 5645 2024 5711 credere.

456 5713 660 5771 Malunt
692 5718 827 5771 enim
852 5722 1116 5792 exstingui
1162 5713 1388 5793 pcuilvus,
1433 5713 1598 5793 'quam
1627 5713 1709 5780 ἀα
1764 5726 2026 5797 supplicia

2136 5449 2396 5530 reparari:
2432 5447 2935 5530 Adﬂuemdocunl
2958 5452 3157 5530 doctus
3186 5454 3466 5530 interpres
3504 5456 3724 5529 apponit

2133 5518 2476 5597 consimilem
2520 5518 2788 5597 Hieroclis
2811 5524 2864 5597 i_n
2894 5523 3153 5597 Carmina
3187 5518 3574 5597 Pythagorica.

2204 5588 2318 5657 (26)
2356 5591 2469 5643 Alii
2516 5592 2750 5645 dicunt:
2805 5592 3036 5654 lintrium
3090 5606 3190 5658 est,
3234 5588 3719 5654 'etc.'Clemetuin.

2418 5659 2665 5719 Videnda
2716 5667 2941 5720 omnino
3000 5663 3240 5732 Epistula
3294 5665 3358 5723 S.
3431 5668 3557 5725 Nili
3618 5670 3719 5738 52,

2153 5745 2225 5785 Il).
2269 5746 2327 5790 II.
