  <div class='ocr_page' id='page_1' title='image "/cluster/home/n/w/nwhite01/storage/ocr_20150623/1/nnc1.0022106693/728.png"; bbox 0 0 3888 6192; ppageno 0'>
   <div class='ocr_carea' id='block_1_1' title="bbox 250 261 397 317">
    <p class='ocr_par' dir='ltr' id='par_1_1' title="bbox 250 261 397 317">
     <span class='ocr_line' id='line_1_1' title="bbox 250 261 397 317; baseline 0 -1"><span class='ocrx_word' id='word_1_1' title='bbox 250 261 397 317; x_wconf 70' lang='grc'><strong>1545</strong></span> 
     </span>
    </p>
   </div>
   <div class='ocr_carea' id='block_1_2' title="bbox 1458 266 2307 327">
    <p class='ocr_par' dir='ltr' id='par_1_2' title="bbox 1458 266 2307 327">
     <span class='ocr_line' id='line_1_2' title="bbox 1458 266 2307 327; baseline 0.006 -5"><span class='ocrx_word' id='word_1_2' title='bbox 1458 266 2032 327; x_wconf 78' lang='lat' dir='ltr'><strong>RECOGNITIONUM</strong></span> <span class='ocrx_word' id='word_1_3' title='bbox 2070 270 2200 327; x_wconf 86' lang='lat' dir='ltr'><strong>LIB.</strong></span> <span class='ocrx_word' id='word_1_4' title='bbox 2244 270 2307 327; x_wconf 73' lang='grc' dir='ltr'><strong>Υ.</strong></span> 
     </span>
    </p>
   </div>
   <div class='ocr_carea' id='block_1_3' title="bbox 3382 269 3523 326">
    <p class='ocr_par' dir='ltr' id='par_1_3' title="bbox 3382 269 3523 326">
     <span class='ocr_line' id='line_1_3' title="bbox 3382 269 3523 326; baseline 0.021 -3"><span class='ocrx_word' id='word_1_5' title='bbox 3382 271 3405 323; x_wconf 81' lang='lat' dir='ltr'><strong>I</strong></span> <span class='ocrx_word' id='word_1_6' title='bbox 3418 269 3523 326; x_wconf 73' lang='grc'><strong>546</strong></span> 
     </span>
    </p>
   </div>
   <div class='ocr_carea' id='block_1_4' title="bbox 247 375 3524 455">
    <p class='ocr_par' dir='ltr' id='par_1_4' title="bbox 247 375 3524 455">
     <span class='ocr_line' id='line_1_4' title="bbox 247 375 3524 455; baseline 0.002 -25"><span class='ocrx_word' id='word_1_7' title='bbox 247 382 586 444; x_wconf 74' lang='lat' dir='ltr'><strong>perseveret.</strong></span> <span class='ocrx_word' id='word_1_8' title='bbox 612 375 723 432; x_wconf 83' lang='lat' dir='ltr'><strong>Alii</strong></span> <span class='ocrx_word' id='word_1_9' title='bbox 747 377 939 433; x_wconf 90' lang='lat' dir='ltr'><strong>dicunt</strong></span> <span class='ocrx_word' id='word_1_10' title='bbox 974 398 988 434; x_wconf 89' lang='lat'>:</span> <span class='ocrx_word' id='word_1_11' title='bbox 1016 378 1135 434; x_wconf 86' lang='lat' dir='ltr'><strong>Non</strong></span> <span class='ocrx_word' id='word_1_12' title='bbox 1168 380 1436 438; x_wconf 87' lang='lat' dir='ltr'><strong>debemus</strong></span> <span class='ocrx_word' id='word_1_13' title='bbox 1466 383 1683 439; x_wconf 78' lang='lat' dir='ltr'><strong>molesti</strong></span> <span class='ocrx_word' id='word_1_14' title='bbox 1718 397 1844 439; x_wconf 90' lang='lat' dir='ltr'><strong>esse</strong></span> <span class='ocrx_word' id='word_1_15' title='bbox 1872 384 1919 441; x_wconf 83' lang='lat' dir='ltr'><strong>A</strong></span> <span class='ocrx_word' id='word_1_16' title='bbox 1947 384 2079 453; x_wconf 93' lang='lat' dir='ltr'><strong>quid</strong></span> <span class='ocrx_word' id='word_1_17' title='bbox 2111 384 2219 440; x_wconf 84' lang='lat' dir='ltr'><strong>nisi</strong></span> <span class='ocrx_word' id='word_1_18' title='bbox 2250 401 2376 455; x_wconf 71' lang='lat' dir='ltr'><strong>quae</strong></span> <span class='ocrx_word' id='word_1_19' title='bbox 2403 380 2662 448; x_wconf 85' lang='lat' dir='ltr'><strong>libidinis,</strong></span> <span class='ocrx_word' id='word_1_20' title='bbox 2696 398 2818 455; x_wconf 68' lang='lat' dir='ltr'><strong>quae</strong></span> <span class='ocrx_word' id='word_1_21' title='bbox 2844 381 3142 452; x_wconf 81' lang='lat' dir='ltr'><strong>injustitiae,</strong></span> <span class='ocrx_word' id='word_1_22' title='bbox 3172 397 3295 455; x_wconf 60' lang='lat' dir='ltr'><strong>quae</strong></span> <span class='ocrx_word' id='word_1_23' title='bbox 3333 382 3524 439; x_wconf 85' lang='lat' dir='ltr'><strong>crude-</strong></span> 
     </span>
    </p>
   </div>
   <div class='ocr_carea' id='block_1_5' title="bbox 245 466 1838 546">
    <p class='ocr_par' dir='ltr' id='par_1_5' title="bbox 245 466 1838 546">
     <span class='ocr_line' id='line_1_5' title="bbox 245 466 1838 546; baseline 0.006 -24"><span class='ocrx_word' id='word_1_24' title='bbox 245 466 386 532; x_wconf 86' lang='lat' dir='ltr'><strong>Deo,</strong></span> <span class='ocrx_word' id='word_1_25' title='bbox 417 477 473 523; x_wconf 91' lang='lat' dir='ltr'><strong>et</strong></span> <span class='ocrx_word' id='word_1_26' title='bbox 500 469 681 539; x_wconf 90' lang='lat' dir='ltr'><strong>ipsum</strong></span> <span class='ocrx_word' id='word_1_27' title='bbox 712 486 930 542; x_wconf 85' lang='lat' dir='ltr'><strong>semper</strong></span> <span class='ocrx_word' id='word_1_28' title='bbox 950 480 1045 526; x_wconf 88' lang='lat' dir='ltr'><strong>aut</strong></span> <span class='ocrx_word' id='word_1_29' title='bbox 1074 474 1419 531; x_wconf 87' lang='lat' dir='ltr'><strong>miseriarum</strong></span> <span class='ocrx_word' id='word_1_30' title='bbox 1453 477 1711 546; x_wconf 85' lang='lat' dir='ltr'><strong>querelis,</strong></span> <span class='ocrx_word' id='word_1_31' title='bbox 1743 485 1838 531; x_wconf 89' lang='lat' dir='ltr'><strong>aut</strong></span> 
     </span>
    </p>
   </div>
   <div class='ocr_carea' id='block_1_6' title="bbox 246 561 1837 636">
    <p class='ocr_par' dir='ltr' id='par_1_6' title="bbox 246 561 1837 636">
     <span class='ocr_line' id='line_1_6' title="bbox 246 561 1837 636; baseline 0.006 -21"><span class='ocrx_word' id='word_1_32' title='bbox 246 561 578 631; x_wconf 89' lang='lat' dir='ltr'><strong>petitionum</strong></span> <span class='ocrx_word' id='word_1_33' title='bbox 607 571 919 618; x_wconf 88' lang='lat' dir='ltr'><strong>nostrarum</strong></span> <span class='ocrx_word' id='word_1_34' title='bbox 949 567 1366 623; x_wconf 61' lang='lat' dir='ltr'><strong>necessitatibus</strong></span> <span class='ocrx_word' id='word_1_35' title='bbox 1388 583 1634 624; x_wconf 89' lang='lat' dir='ltr'><strong>onerare.</strong></span> <span class='ocrx_word' id='word_1_36' title='bbox 1661 569 1837 636; x_wconf 85' lang='lat' dir='ltr'><strong>Quam</strong></span> 
     </span>
    </p>
   </div>
   <div class='ocr_carea' id='block_1_7' title="bbox 244 653 1833 727">
    <p class='ocr_par' dir='ltr' id='par_1_7' title="bbox 244 653 1833 727">
     <span class='ocr_line' id='line_1_7' title="bbox 244 653 1833 727; baseline 0.004 -20"><span class='ocrx_word' id='word_1_37' title='bbox 244 653 419 707; x_wconf 80' lang='lat' dir='ltr'><strong>stulta</strong></span> <span class='ocrx_word' id='word_1_38' title='bbox 465 661 520 706; x_wconf 90' lang='lat' dir='ltr'><strong>et</strong></span> <span class='ocrx_word' id='word_1_39' title='bbox 568 654 777 725; x_wconf 85' lang='lat' dir='ltr'><strong>absque</strong></span> <span class='ocrx_word' id='word_1_40' title='bbox 831 657 980 710; x_wconf 90' lang='lat' dir='ltr'><strong>omni</strong></span> <span class='ocrx_word' id='word_1_41' title='bbox 1031 658 1144 712; x_wconf 89' lang='lat' dir='ltr'><strong>sale</strong></span> <span class='ocrx_word' id='word_1_42' title='bbox 1179 659 1499 727; x_wconf 78' lang='lat' dir='ltr'><strong>responsio!</strong></span> <span class='ocrx_word' id='word_1_43' title='bbox 1547 658 1833 715; x_wconf 82' lang='lat' dir='ltr'><strong>Molestum</strong></span> 
     </span>
    </p>
   </div>
   <div class='ocr_carea' id='block_1_8' title="bbox 242 740 1832 821">
    <p class='ocr_par' dir='ltr' id='par_1_8' title="bbox 242 740 1832 821">
     <span class='ocr_line' id='line_1_8' title="bbox 242 740 1832 821; baseline 0.006 -24"><span class='ocrx_word' id='word_1_44' title='bbox 242 740 363 798; x_wconf 85' lang='lat' dir='ltr'><strong>Deo</strong></span> <span class='ocrx_word' id='word_1_45' title='bbox 414 751 597 815; x_wconf 90' lang='lat' dir='ltr'><strong>putas,</strong></span> <span class='ocrx_word' id='word_1_46' title='bbox 633 746 680 801; x_wconf 89' lang='lat' dir='ltr'><strong>si</strong></span> <span class='ocrx_word' id='word_1_47' title='bbox 728 746 779 801; x_wconf 91' lang='lat' dir='ltr'><strong>ei</strong></span> <span class='ocrx_word' id='word_1_48' title='bbox 828 761 929 817; x_wconf 86' lang='lat' dir='ltr'><strong>pro</strong></span> <span class='ocrx_word' id='word_1_49' title='bbox 977 747 1256 805; x_wconf 85' lang='lat' dir='ltr'><strong>beneﬁciis</strong></span> <span class='ocrx_word' id='word_1_50' title='bbox 1304 750 1422 805; x_wconf 86' lang='lat' dir='ltr'><strong>suis</strong></span> <span class='ocrx_word' id='word_1_51' title='bbox 1449 752 1653 820; x_wconf 71' lang='lat' dir='ltr'><strong>gratias</strong></span> <span class='ocrx_word' id='word_1_52' title='bbox 1682 766 1832 821; x_wconf 83' lang='lat' dir='ltr'><strong>agas,</strong></span> 
     </span>
    </p>
   </div>
   <div class='ocr_carea' id='block_1_9' title="bbox 241 836 1830 912">
    <p class='ocr_par' dir='ltr' id='par_1_9' title="bbox 241 836 1830 912">
     <span class='ocr_line' id='line_1_9' title="bbox 241 836 1830 912; baseline 0.006 -23"><span class='ocrx_word' id='word_1_53' title='bbox 241 836 337 889; x_wconf 83' lang='lat' dir='ltr'><strong>cui</strong></span> <span class='ocrx_word' id='word_1_54' title='bbox 369 837 658 892; x_wconf 91' lang='lat' dir='ltr'><strong>molestum</strong></span> <span class='ocrx_word' id='word_1_55' title='bbox 692 852 802 893; x_wconf 91' lang='lat' dir='ltr'><strong>non</strong></span> <span class='ocrx_word' id='word_1_56' title='bbox 831 847 1022 909; x_wconf 89' lang='lat' dir='ltr'><strong>putas,</strong></span> <span class='ocrx_word' id='word_1_57' title='bbox 1060 842 1107 896; x_wconf 90' lang='lat' dir='ltr'><strong>si</strong></span> <span class='ocrx_word' id='word_1_58' title='bbox 1153 856 1252 911; x_wconf 87' lang='lat' dir='ltr'><strong>pro</strong></span> <span class='ocrx_word' id='word_1_59' title='bbox 1284 842 1459 912; x_wconf 89' lang='lat' dir='ltr'><strong>ipsius</strong></span> <span class='ocrx_word' id='word_1_60' title='bbox 1489 844 1830 909; x_wconf 87' lang='lat' dir='ltr'><strong>muneribus,</strong></span> 
     </span>
    </p>
   </div>
   <div class='ocr_carea' id='block_1_10' title="bbox 238 925 1829 1004">
    <p class='ocr_par' dir='ltr' id='par_1_10' title="bbox 238 925 1829 1004">
     <span class='ocr_line' id='line_1_10' title="bbox 238 925 1829 1004; baseline 0.007 -25"><span class='ocrx_word' id='word_1_61' title='bbox 238 925 413 998; x_wconf 84' lang='lat' dir='ltr'><strong>lignis</strong></span> <span class='ocrx_word' id='word_1_62' title='bbox 464 935 519 982; x_wconf 88' lang='lat' dir='ltr'><strong>et</strong></span> <span class='ocrx_word' id='word_1_63' title='bbox 569 928 842 999; x_wconf 87' lang='lat' dir='ltr'><strong>lapidibus</strong></span> <span class='ocrx_word' id='word_1_64' title='bbox 892 932 1100 1001; x_wconf 85' lang='lat' dir='ltr'><strong>gratias</strong></span> <span class='ocrx_word' id='word_1_65' title='bbox 1153 932 1394 988; x_wconf 81' lang='lat' dir='ltr'><strong>referas?</strong></span> <span class='ocrx_word' id='word_1_66' title='bbox 1425 934 1488 987; x_wconf 89' lang='lat' dir='ltr'><strong>Et</strong></span> <span class='ocrx_word' id='word_1_67' title='bbox 1533 937 1829 1004; x_wconf 86' lang='lat' dir='ltr'><strong>quomodo,</strong></span> 
     </span>
    </p>
   </div>
   <div class='ocr_carea' id='block_1_11' title="bbox 240 1017 1833 1094">
    <p class='ocr_par' dir='ltr' id='par_1_11' title="bbox 240 1017 1833 1094">
     <span class='ocr_line' id='line_1_11' title="bbox 240 1017 1833 1094; baseline 0.004 -21"><span class='ocrx_word' id='word_1_68' title='bbox 240 1033 374 1073; x_wconf 91' lang='lat' dir='ltr'><strong>cum</strong></span> <span class='ocrx_word' id='word_1_69' title='bbox 407 1017 548 1074; x_wconf 83' lang='lat' dir='ltr'><strong>forte</strong></span> <span class='ocrx_word' id='word_1_70' title='bbox 578 1020 753 1075; x_wconf 88' lang='lat' dir='ltr'><strong>imber</strong></span> <span class='ocrx_word' id='word_1_71' title='bbox 782 1022 943 1092; x_wconf 91' lang='lat' dir='ltr'><strong>longa</strong></span> <span class='ocrx_word' id='word_1_72' title='bbox 974 1023 1268 1077; x_wconf 89' lang='lat' dir='ltr'><strong>serenitate</strong></span> <span class='ocrx_word' id='word_1_73' title='bbox 1306 1025 1681 1094; x_wconf 86' lang='lat' dir='ltr'><strong>suspenditur,</strong></span> <span class='ocrx_word' id='word_1_74' title='bbox 1714 1041 1833 1079; x_wconf 81' lang='lat' dir='ltr'><strong>om-</strong></span> 
     </span>
    </p>
   </div>
   <div class='ocr_carea' id='block_1_12' title="bbox 237 1113 1830 1188">
    <p class='ocr_par' dir='ltr' id='par_1_12' title="bbox 237 1113 1830 1188">
     <span class='ocr_line' id='line_1_12' title="bbox 237 1113 1830 1188; baseline 0.004 -21"><span class='ocrx_word' id='word_1_75' title='bbox 237 1128 346 1168; x_wconf 88' lang='lat' dir='ltr'><strong>nes</strong></span> <span class='ocrx_word' id='word_1_76' title='bbox 375 1113 442 1167; x_wconf 90' lang='lat' dir='ltr'><strong>ad</strong></span> <span class='ocrx_word' id='word_1_77' title='bbox 487 1115 687 1169; x_wconf 66' lang='lat' dir='ltr'><strong>caelum</strong></span> <span class='ocrx_word' id='word_1_78' title='bbox 718 1117 908 1171; x_wconf 93' lang='lat' dir='ltr'><strong>oculos</strong></span> <span class='ocrx_word' id='word_1_79' title='bbox 937 1118 1234 1181; x_wconf 87' lang='lat' dir='ltr'><strong>tendimus,</strong></span> <span class='ocrx_word' id='word_1_80' title='bbox 1263 1126 1318 1173; x_wconf 91' lang='lat' dir='ltr'><strong>et</strong></span> <span class='ocrx_word' id='word_1_81' title='bbox 1350 1119 1419 1172; x_wconf 91' lang='lat' dir='ltr'><strong>ab</strong></span> <span class='ocrx_word' id='word_1_82' title='bbox 1458 1122 1830 1188; x_wconf 82' lang='lat' dir='ltr'><strong>omnipotente</strong></span> 
     </span>
    </p>
   </div>
   <div class='ocr_carea' id='block_1_13' title="bbox 236 1203 1827 1283">
    <p class='ocr_par' dir='ltr' id='par_1_13' title="bbox 236 1203 1827 1283">
     <span class='ocr_line' id='line_1_13' title="bbox 236 1203 1827 1283; baseline 0.005 -25"><span class='ocrx_word' id='word_1_83' title='bbox 236 1203 358 1261; x_wconf 90' lang='lat' dir='ltr'><strong>Deo</strong></span> <span class='ocrx_word' id='word_1_84' title='bbox 390 1208 699 1277; x_wconf 79' lang='lat' dir='ltr'><strong>pluviarum</strong></span> <span class='ocrx_word' id='word_1_85' title='bbox 745 1224 973 1265; x_wconf 89' lang='lat' dir='ltr'><strong>munera</strong></span> <span class='ocrx_word' id='word_1_86' title='bbox 1017 1212 1348 1283; x_wconf 84' lang='lat' dir='ltr'><strong>ﬂagitamus,</strong></span> <span class='ocrx_word' id='word_1_87' title='bbox 1379 1227 1676 1282; x_wconf 86' lang='lat' dir='ltr'><strong>omnesque</strong></span> <span class='ocrx_word' id='word_1_88' title='bbox 1701 1228 1827 1266; x_wconf 89' lang='lat' dir='ltr'><strong>cum</strong></span> 
     </span>
    </p>
   </div>
   <div class='ocr_carea' id='block_1_14' title="bbox 233 1297 1827 1372">
    <p class='ocr_par' dir='ltr' id='par_1_14' title="bbox 233 1297 1827 1372">
     <span class='ocr_line' id='line_1_14' title="bbox 233 1297 1827 1372; baseline 0.008 -23"><span class='ocrx_word' id='word_1_89' title='bbox 233 1297 511 1367; x_wconf 86' lang='lat' dir='ltr'><strong>parvulis,</strong></span> <span class='ocrx_word' id='word_1_90' title='bbox 563 1298 630 1353; x_wconf 94' lang='lat' dir='ltr'><strong>ad</strong></span> <span class='ocrx_word' id='word_1_91' title='bbox 674 1298 845 1354; x_wconf 91' lang='lat' dir='ltr'><strong>Deum</strong></span> <span class='ocrx_word' id='word_1_92' title='bbox 898 1300 1058 1357; x_wconf 84' lang='lat' dir='ltr'><strong>fusis&#39;</strong></span> <span class='ocrx_word' id='word_1_93' title='bbox 1094 1303 1387 1372; x_wconf 90' lang='lat' dir='ltr'><strong>precibus,</strong></span> <span class='ocrx_word' id='word_1_94' title='bbox 1446 1303 1827 1361; x_wconf 86' lang='lat' dir='ltr'><strong>miserationes</strong></span> 
     </span>
    </p>
   </div>
   <div class='ocr_carea' id='block_1_15' title="bbox 233 1388 1825 1466">
    <p class='ocr_par' dir='ltr' id='par_1_15' title="bbox 233 1388 1825 1466">
     <span class='ocr_line' id='line_1_15' title="bbox 233 1388 1825 1466; baseline 0.006 -25"><span class='ocrx_word' id='word_1_95' title='bbox 233 1388 418 1458; x_wconf 88' lang='lat' dir='ltr'><strong>ipsius</strong></span> <span class='ocrx_word' id='word_1_96' title='bbox 446 1392 784 1447; x_wconf 79' lang='lat' dir='ltr'><strong>exoramus?</strong></span> <span class='ocrx_word' id='word_1_97' title='bbox 824 1392 931 1448; x_wconf 87' lang='lat' dir='ltr'><strong>Sed</strong></span> <span class='ocrx_word' id='word_1_98' title='bbox 974 1409 1163 1449; x_wconf 86' lang='lat' dir='ltr'><strong>revera</strong></span> <span class='ocrx_word' id='word_1_99' title='bbox 1206 1394 1431 1466; x_wconf 75' lang='lat' dir='ltr'><strong>ingrata:</strong></span> <span class='ocrx_word' id='word_1_100' title='bbox 1465 1396 1659 1451; x_wconf 65' lang='lat' dir='ltr'><strong>animae</strong></span> <span class='ocrx_word' id='word_1_101' title='bbox 1700 1413 1825 1451; x_wconf 90' lang='lat' dir='ltr'><strong>cum</strong></span> 
     </span>
    </p>
   </div>
   <div class='ocr_carea' id='block_1_16' title="bbox 232 1480 1823 1555">
    <p class='ocr_par' dir='ltr' id='par_1_16' title="bbox 232 1480 1823 1555">
     <span class='ocr_line' id='line_1_16' title="bbox 232 1480 1823 1555; baseline 0.007 -22"><span class='ocrx_word' id='word_1_102' title='bbox 232 1480 679 1551; x_wconf 87' lang='lat' dir='ltr'><strong>impetraverint,</strong></span> <span class='ocrx_word' id='word_1_103' title='bbox 725 1485 836 1539; x_wconf 90' lang='lat' dir='ltr'><strong>cito</strong></span> <span class='ocrx_word' id='word_1_104' title='bbox 890 1486 1330 1555; x_wconf 87' lang='lat' dir='ltr'><strong>obliviscuntur;</strong></span> <span class='ocrx_word' id='word_1_105' title='bbox 1376 1489 1624 1544; x_wconf 79' lang='lat' dir='ltr'><strong>collectis</strong></span> <span class='ocrx_word' id='word_1_106' title='bbox 1680 1491 1823 1544; x_wconf 91' lang='lat' dir='ltr'><strong>enim</strong></span> 
     </span>
    </p>
   </div>
   <div class='ocr_carea' id='block_1_17' title="bbox 230 1572 1823 1641">
    <p class='ocr_par' dir='ltr' id='par_1_17' title="bbox 230 1572 1823 1641">
     <span class='ocr_line' id='line_1_17' title="bbox 230 1572 1823 1641; baseline 0.006 -17"><span class='ocrx_word' id='word_1_107' title='bbox 230 1572 514 1628; x_wconf 91' lang='lat' dir='ltr'><strong>messibus</strong></span> <span class='ocrx_word' id='word_1_108' title='bbox 543 1581 637 1627; x_wconf 87' lang='lat' dir='ltr'><strong>aut</strong></span> <span class='ocrx_word' id='word_1_109' title='bbox 665 1575 979 1641; x_wconf 84' lang='lat' dir='ltr'><strong>vindemiis,</strong></span> <span class='ocrx_word' id='word_1_110' title='bbox 1002 1579 1266 1632; x_wconf 89' lang='lat' dir='ltr'><strong>continuo</strong></span> <span class='ocrx_word' id='word_1_111' title='bbox 1294 1578 1361 1632; x_wconf 88' lang='lat' dir='ltr'><strong>ad</strong></span> <span class='ocrx_word' id='word_1_112' title='bbox 1394 1579 1561 1633; x_wconf 87' lang='lat' dir='ltr'><strong>surda</strong></span> <span class='ocrx_word' id='word_1_113' title='bbox 1590 1586 1643 1633; x_wconf 88' lang='lat' dir='ltr'><strong>et</strong></span> <span class='ocrx_word' id='word_1_114' title='bbox 1675 1587 1823 1635; x_wconf 89' lang='lat' dir='ltr'><strong>muta</strong></span> 
     </span>
    </p>
   </div>
   <div class='ocr_carea' id='block_1_18' title="bbox 230 1661 1822 1739">
    <p class='ocr_par' dir='ltr' id='par_1_18' title="bbox 230 1661 1822 1739">
     <span class='ocr_line' id='line_1_18' title="bbox 230 1661 1822 1739; baseline 0.008 -25"><span class='ocrx_word' id='word_1_115' title='bbox 230 1661 535 1715; x_wconf 90' lang='lat' dir='ltr'><strong>simulacra</strong></span> <span class='ocrx_word' id='word_1_116' title='bbox 586 1662 858 1732; x_wconf 90' lang='lat' dir='ltr'><strong>primitias</strong></span> <span class='ocrx_word' id='word_1_117' title='bbox 910 1665 1129 1736; x_wconf 71' lang='lat' dir='ltr'><strong>{ru-gum</strong></span> <span class='ocrx_word' id='word_1_118' title='bbox 1186 1666 1475 1732; x_wconf 79' lang='lat' dir='ltr'><strong>deferunt,</strong></span> <span class='ocrx_word' id='word_1_119' title='bbox 1509 1676 1565 1723; x_wconf 91' lang='lat' dir='ltr'><strong>et</strong></span> <span class='ocrx_word' id='word_1_120' title='bbox 1597 1685 1695 1739; x_wconf 90' lang='lat' dir='ltr'><strong>pro</strong></span> <span class='ocrx_word' id='word_1_121' title='bbox 1735 1671 1822 1727; x_wconf 91' lang='lat' dir='ltr'><strong>his</strong></span> 
     </span>
    </p>
   </div>
   <div class='ocr_carea' id='block_1_19' title="bbox 1938 473 3523 545">
    <p class='ocr_par' dir='ltr' id='par_1_19' title="bbox 1938 473 3523 545">
     <span class='ocr_line' id='line_1_19' title="bbox 1938 473 3523 545; baseline 0 -17"><span class='ocrx_word' id='word_1_122' title='bbox 1938 474 2106 530; x_wconf 81' lang='lat' dir='ltr'><strong>litatis</strong></span> <span class='ocrx_word' id='word_1_123' title='bbox 2129 487 2258 531; x_wconf 88' lang='lat' dir='ltr'><strong>sunt</strong></span> <span class='ocrx_word' id='word_1_124' title='bbox 2283 483 2601 545; x_wconf 90' lang='lat' dir='ltr'><strong>operentur,</strong></span> <span class='ocrx_word' id='word_1_125' title='bbox 2635 482 2689 531; x_wconf 88' lang='lat' dir='ltr'><strong>et</strong></span> <span class='ocrx_word' id='word_1_126' title='bbox 2728 473 2797 528; x_wconf 89' lang='lat' dir='ltr'><strong>ad</strong></span> <span class='ocrx_word' id='word_1_127' title='bbox 2831 475 3011 529; x_wconf 92' lang='lat' dir='ltr'><strong>omnia</strong></span> <span class='ocrx_word' id='word_1_128' title='bbox 3042 490 3140 529; x_wconf 91' lang='lat' dir='ltr'><strong>vos</strong></span> <span class='ocrx_word' id='word_1_129' title='bbox 3172 474 3373 545; x_wconf 88' lang='lat' dir='ltr'><strong>quibus</strong></span> <span class='ocrx_word' id='word_1_130' title='bbox 3416 473 3523 544; x_wconf 86' lang='lat' dir='ltr'><strong>ipsi</strong></span> 
     </span>
    </p>
   </div>
   <div class='ocr_carea' id='block_1_20' title="bbox 1938 566 3519 639">
    <p class='ocr_par' dir='ltr' id='par_1_20' title="bbox 1938 566 3519 639">
     <span class='ocr_line' id='line_1_20' title="bbox 1938 566 3519 639; baseline 0.001 -19"><span class='ocrx_word' id='word_1_131' title='bbox 1938 566 2302 631; x_wconf 90' lang='lat' dir='ltr'><strong>delectantur,</strong></span> <span class='ocrx_word' id='word_1_132' title='bbox 2336 569 2594 639; x_wconf 89' lang='lat' dir='ltr'><strong>subigant</strong></span> <span class='ocrx_word' id='word_1_133' title='bbox 2639 566 2904 623; x_wconf 79' lang='lat' dir='ltr'><strong>obedire?</strong></span> <span class='ocrx_word' id='word_1_134' title='bbox 2945 568 3294 637; x_wconf 90' lang='lat' dir='ltr'><strong>permittente</strong></span> <span class='ocrx_word' id='word_1_135' title='bbox 3326 579 3519 623; x_wconf 82' lang='lat' dir='ltr'><strong>revera</strong></span> 
     </span>
    </p>
   </div>
   <div class='ocr_carea' id='block_1_21' title="bbox 1934 658 3519 732">
    <p class='ocr_par' dir='ltr' id='par_1_21' title="bbox 1934 658 3519 732">
     <span class='ocr_line' id='line_1_21' title="bbox 1934 658 3519 732; baseline 0.002 -20"><span class='ocrx_word' id='word_1_136' title='bbox 1934 658 2041 714; x_wconf 90' lang='lat' dir='ltr'><strong>hoc</strong></span> <span class='ocrx_word' id='word_1_137' title='bbox 2072 660 2181 716; x_wconf 90' lang='lat' dir='ltr'><strong>Deo</strong></span> <span class='ocrx_word' id='word_1_138' title='bbox 2213 662 2323 732; x_wconf 89' lang='lat' dir='ltr'><strong>pati</strong></span> <span class='ocrx_word' id='word_1_139' title='bbox 2355 678 2454 717; x_wconf 86' lang='lat' dir='ltr'><strong>vos</strong></span> <span class='ocrx_word' id='word_1_140' title='bbox 2480 662 2551 717; x_wconf 91' lang='lat' dir='ltr'><strong>ab</strong></span> <span class='ocrx_word' id='word_1_141' title='bbox 2573 663 2653 717; x_wconf 92' lang='lat' dir='ltr'><strong>eis</strong></span> <span class='ocrx_word' id='word_1_142' title='bbox 2673 662 2827 730; x_wconf 83' lang='lat' dir='ltr'><strong>justo</strong></span> <span class='ocrx_word' id='word_1_143' title='bbox 2856 662 3093 731; x_wconf 90' lang='lat' dir='ltr'><strong>quodam</strong></span> <span class='ocrx_word' id='word_1_144' title='bbox 3111 661 3342 729; x_wconf 89' lang='lat' dir='ltr'><strong>judicio,</strong></span> <span class='ocrx_word' id='word_1_145' title='bbox 3370 668 3427 715; x_wconf 91' lang='lat' dir='ltr'><strong>ut</strong></span> <span class='ocrx_word' id='word_1_146' title='bbox 3449 675 3519 715; x_wconf 80' lang='lat' dir='ltr'><strong>ex</strong></span> 
     </span>
    </p>
   </div>
   <div class='ocr_carea' id='block_1_22' title="bbox 1934 752 3519 823">
    <p class='ocr_par' dir='ltr' id='par_1_22' title="bbox 1934 752 3519 823">
     <span class='ocr_line' id='line_1_22' title="bbox 1934 752 3519 823; baseline -0.001 -16"><span class='ocrx_word' id='word_1_147' title='bbox 1934 752 2054 823; x_wconf 88' lang='lat' dir='ltr'><strong>ipso</strong></span> <span class='ocrx_word' id='word_1_148' title='bbox 2084 753 2351 809; x_wconf 89' lang='lat' dir='ltr'><strong>dedecore</strong></span> <span class='ocrx_word' id='word_1_149' title='bbox 2374 762 2593 808; x_wconf 89' lang='lat' dir='ltr'><strong>actuum</strong></span> <span class='ocrx_word' id='word_1_150' title='bbox 2619 768 2991 822; x_wconf 88' lang='lat' dir='ltr'><strong>sensuumque</strong></span> <span class='ocrx_word' id='word_1_151' title='bbox 3022 760 3328 806; x_wconf 83' lang='lat' dir='ltr'><strong>vestrorum</strong></span> <span class='ocrx_word' id='word_1_152' title='bbox 3355 753 3519 807; x_wconf 36' lang='lat' dir='ltr'><strong>intels</strong></span> 
     </span>
    </p>
   </div>
   <div class='ocr_carea' id='block_1_23' title="bbox 1934 840 3518 913">
    <p class='ocr_par' dir='ltr' id='par_1_23' title="bbox 1934 840 3518 913">
     <span class='ocr_line' id='line_1_23' title="bbox 1934 840 3518 913; baseline 0 -17"><span class='ocrx_word' id='word_1_153' title='bbox 1934 843 2133 913; x_wconf 88' lang='lat' dir='ltr'><strong>ligatis,</strong></span> <span class='ocrx_word' id='word_1_154' title='bbox 2178 859 2342 913; x_wconf 90' lang='lat' dir='ltr'><strong>quam</strong></span> <span class='ocrx_word' id='word_1_155' title='bbox 2371 844 2659 913; x_wconf 89' lang='lat' dir='ltr'><strong>indignum</strong></span> <span class='ocrx_word' id='word_1_156' title='bbox 2698 843 2769 897; x_wconf 90' lang='lat' dir='ltr'><strong>sit</strong></span> <span class='ocrx_word' id='word_1_157' title='bbox 2810 842 3149 898; x_wconf 68' lang='lat' dir='ltr'><strong>daemonibus</strong></span> <span class='ocrx_word' id='word_1_158' title='bbox 3180 849 3233 897; x_wconf 93' lang='lat' dir='ltr'><strong>et</strong></span> <span class='ocrx_word' id='word_1_159' title='bbox 3264 858 3374 897; x_wconf 93' lang='lat' dir='ltr'><strong>non</strong></span> <span class='ocrx_word' id='word_1_160' title='bbox 3403 840 3518 896; x_wconf 88' lang='lat' dir='ltr'><strong>Deo</strong></span> 
     </span>
    </p>
   </div>
   <div class='ocr_carea' id='block_1_24' title="bbox 1932 934 3517 1005">
    <p class='ocr_par' dir='ltr' id='par_1_24' title="bbox 1932 934 3517 1005">
     <span class='ocr_line' id='line_1_24' title="bbox 1932 934 3517 1005; baseline -0.003 -15"><span class='ocrx_word' id='word_1_161' title='bbox 1932 951 2056 991; x_wconf 92' lang='lat' dir='ltr'><strong>esse</strong></span> <span class='ocrx_word' id='word_1_162' title='bbox 2084 935 2381 1005; x_wconf 83' lang='lat' dir='ltr'><strong>subjectos.</strong></span> <span class='ocrx_word' id='word_1_163' title='bbox 2414 934 2553 990; x_wconf 82' lang='lat' dir='ltr'><strong>Hinc</strong></span> <span class='ocrx_word' id='word_1_164' title='bbox 2584 942 2638 989; x_wconf 86' lang='lat' dir='ltr'><strong>et</strong></span> <span class='ocrx_word' id='word_1_165' title='bbox 2668 935 2735 989; x_wconf 92' lang='lat' dir='ltr'><strong>ad</strong></span> <span class='ocrx_word' id='word_1_166' title='bbox 2764 934 3059 990; x_wconf 88' lang='lat' dir='ltr'><strong>indecoros</strong></span> <span class='ocrx_word' id='word_1_167' title='bbox 3080 944 3135 989; x_wconf 89' lang='lat' dir='ltr'><strong>et</strong></span> <span class='ocrx_word' id='word_1_168' title='bbox 3161 935 3336 989; x_wconf 68' lang='lat' dir='ltr'><strong>foedos</strong></span> <span class='ocrx_word' id='word_1_169' title='bbox 3360 940 3517 988; x_wconf 83' lang='lat' dir='ltr'><strong>actus</strong></span> 
     </span>
    </p>
   </div>
   <div class='ocr_carea' id='block_1_25' title="bbox 1930 1026 3517 1097">
    <p class='ocr_par' dir='ltr' id='par_1_25' title="bbox 1930 1026 3517 1097">
     <span class='ocr_line' id='line_1_25' title="bbox 1930 1026 3517 1097; baseline 0 -16"><span class='ocrx_word' id='word_1_170' title='bbox 1930 1044 2029 1097; x_wconf 89' lang='lat' dir='ltr'><strong>per</strong></span> <span class='ocrx_word' id='word_1_171' title='bbox 2056 1028 2326 1081; x_wconf 88' lang='lat' dir='ltr'><strong>amicitias</strong></span> <span class='ocrx_word' id='word_1_172' title='bbox 2358 1027 2663 1081; x_wconf 61' lang='lat' dir='ltr'><strong>daemonum</strong></span> <span class='ocrx_word' id='word_1_173' title='bbox 2693 1027 3044 1095; x_wconf 89' lang='lat' dir='ltr'><strong>pervenitur;</strong></span> <span class='ocrx_word' id='word_1_174' title='bbox 3085 1027 3212 1080; x_wconf 91' lang='lat' dir='ltr'><strong>hinc</strong></span> <span class='ocrx_word' id='word_1_175' title='bbox 3241 1041 3415 1096; x_wconf 92' lang='lat' dir='ltr'><strong>usque</strong></span> <span class='ocrx_word' id='word_1_176' title='bbox 3447 1026 3517 1081; x_wconf 69' lang='lat'><strong>31&#39;.</strong></span> 
     </span>
    </p>
   </div>
   <div class='ocr_carea' id='block_1_26' title="bbox 1930 1117 3515 1191">
    <p class='ocr_par' dir='ltr' id='par_1_26' title="bbox 1930 1117 3515 1191">
     <span class='ocr_line' id='line_1_26' title="bbox 1930 1117 3515 1191; baseline -0.003 -16"><span class='ocrx_word' id='word_1_177' title='bbox 1930 1122 2102 1190; x_wconf 90' lang='lat' dir='ltr'><strong>ipsius</strong></span> <span class='ocrx_word' id='word_1_178' title='bbox 2131 1122 2255 1175; x_wconf 67' lang='lat' dir='ltr'><strong>vita:</strong></span> <span class='ocrx_word' id='word_1_179' title='bbox 2283 1120 2576 1191; x_wconf 88' lang='lat' dir='ltr'><strong>perniciem</strong></span> <span class='ocrx_word' id='word_1_180' title='bbox 2607 1120 2691 1173; x_wconf 88' lang='lat' dir='ltr'><strong>vel</strong></span> <span class='ocrx_word' id='word_1_181' title='bbox 2724 1135 2818 1189; x_wconf 90' lang='lat' dir='ltr'><strong>per</strong></span> <span class='ocrx_word' id='word_1_182' title='bbox 2850 1117 3122 1172; x_wconf 85' lang='lat' dir='ltr'><strong>ﬂammam</strong></span> <span class='ocrx_word' id='word_1_183' title='bbox 3152 1117 3389 1173; x_wconf 86' lang='lat' dir='ltr'><strong>libidinis</strong></span> <span class='ocrx_word' id='word_1_184' title='bbox 3420 1132 3515 1171; x_wconf 92' lang='lat' dir='ltr'><strong>ac-</strong></span> 
     </span>
    </p>
   </div>
   <div class='ocr_carea' id='block_1_27' title="bbox 1930 1210 3514 1281">
    <p class='ocr_par' dir='ltr' id='par_1_27' title="bbox 1930 1210 3514 1281">
     <span class='ocr_line' id='line_1_27' title="bbox 1930 1210 3514 1281; baseline -0.002 -15"><span class='ocrx_word' id='word_1_185' title='bbox 1930 1211 2164 1277; x_wconf 89' lang='lat' dir='ltr'><strong>ceditur,</strong></span> <span class='ocrx_word' id='word_1_186' title='bbox 2195 1213 2279 1266; x_wconf 86' lang='lat' dir='ltr'><strong>vel</strong></span> <span class='ocrx_word' id='word_1_187' title='bbox 2324 1227 2421 1281; x_wconf 92' lang='lat' dir='ltr'><strong>per</strong></span> <span class='ocrx_word' id='word_1_188' title='bbox 2460 1212 2759 1265; x_wconf 61' lang='lat' dir='ltr'><strong>iracundia;</strong></span> <span class='ocrx_word' id='word_1_189' title='bbox 2807 1210 3015 1265; x_wconf 86' lang='lat' dir='ltr'><strong>rabiem</strong></span> <span class='ocrx_word' id='word_1_190' title='bbox 3049 1217 3143 1262; x_wconf 91' lang='lat' dir='ltr'><strong>aut</strong></span> <span class='ocrx_word' id='word_1_191' title='bbox 3172 1211 3514 1263; x_wconf 89' lang='lat' dir='ltr'><strong>nimietatem</strong></span> 
     </span>
    </p>
   </div>
   <div class='ocr_carea' id='block_1_28' title="bbox 1929 1301 3515 1375">
    <p class='ocr_par' dir='ltr' id='par_1_28' title="bbox 1929 1301 3515 1375">
     <span class='ocr_line' id='line_1_28' title="bbox 1929 1301 3515 1375; baseline -0.001 -18"><span class='ocrx_word' id='word_1_192' title='bbox 1929 1304 2163 1359; x_wconf 78' lang='lat' dir='ltr'><strong>tristitiae</strong></span> <span class='ocrx_word' id='word_1_193' title='bbox 2187 1306 2518 1375; x_wconf 89' lang='lat' dir='ltr'><strong>pervenitur,</strong></span> <span class='ocrx_word' id='word_1_194' title='bbox 2538 1311 2597 1357; x_wconf 92' lang='lat' dir='ltr'><strong>ut</strong></span> <span class='ocrx_word' id='word_1_195' title='bbox 2619 1318 2761 1372; x_wconf 86' lang='lat' dir='ltr'><strong>saepe</strong></span> <span class='ocrx_word' id='word_1_196' title='bbox 2784 1310 2971 1356; x_wconf 88' lang='lat' dir='ltr'><strong>notum</strong></span> <span class='ocrx_word' id='word_1_197' title='bbox 2995 1308 3100 1365; x_wconf 85' lang='lat' dir='ltr'><strong>est,</strong></span> <span class='ocrx_word' id='word_1_198' title='bbox 3128 1301 3292 1354; x_wconf 91' lang='lat' dir='ltr'><strong>etiam</strong></span> <span class='ocrx_word' id='word_1_199' title='bbox 3315 1316 3515 1355; x_wconf 88' lang='lat' dir='ltr'><strong>manus</strong></span> 
     </span>
    </p>
   </div>
   <div class='ocr_carea' id='block_1_29' title="bbox 1929 1392 3510 1464">
    <p class='ocr_par' dir='ltr' id='par_1_29' title="bbox 1929 1392 3510 1464">
     <span class='ocr_line' id='line_1_29' title="bbox 1929 1392 3510 1464; baseline -0.003 -15"><span class='ocrx_word' id='word_1_200' title='bbox 1929 1394 2033 1449; x_wconf 89' lang='lat' dir='ltr'><strong>sibi</strong></span> <span class='ocrx_word' id='word_1_201' title='bbox 2064 1395 2313 1449; x_wconf 85' lang='lat' dir='ltr'><strong>intulisse</strong></span> <span class='ocrx_word' id='word_1_202' title='bbox 2351 1395 2678 1461; x_wconf 88' lang='lat' dir='ltr'><strong>nonnullos;</strong></span> <span class='ocrx_word' id='word_1_203' title='bbox 2730 1393 2896 1464; x_wconf 89' lang='lat' dir='ltr'><strong>quod,</strong></span> <span class='ocrx_word' id='word_1_204' title='bbox 2947 1400 3006 1446; x_wconf 88' lang='lat' dir='ltr'><strong>ut</strong></span> <span class='ocrx_word' id='word_1_205' title='bbox 3049 1392 3309 1458; x_wconf 83' lang='lat' dir='ltr'><strong>diximus,</strong></span> <span class='ocrx_word' id='word_1_206' title='bbox 3362 1392 3510 1461; x_wconf 81' lang='lat' dir='ltr'><strong>justa</strong></span> 
     </span>
    </p>
   </div>
   <div class='ocr_carea' id='block_1_30' title="bbox 1926 1485 3503 1559">
    <p class='ocr_par' dir='ltr' id='par_1_30' title="bbox 1926 1485 3503 1559">
     <span class='ocr_line' id='line_1_30' title="bbox 1926 1485 3503 1559; baseline -0.003 -18"><span class='ocrx_word' id='word_1_207' title='bbox 1926 1487 2161 1559; x_wconf 90' lang='lat' dir='ltr'><strong>quadam</strong></span> <span class='ocrx_word' id='word_1_208' title='bbox 2193 1488 2286 1543; x_wconf 84' lang='lat' dir='ltr'><strong>Dei</strong></span> <span class='ocrx_word' id='word_1_209' title='bbox 2318 1489 2589 1543; x_wconf 88' lang='lat' dir='ltr'><strong>sententia</strong></span> <span class='ocrx_word' id='word_1_210' title='bbox 2629 1488 2745 1543; x_wconf 84' lang='lat' dir='ltr'><strong>ﬁeri</strong></span> <span class='ocrx_word' id='word_1_211' title='bbox 2776 1488 2845 1541; x_wconf 90' lang='lat' dir='ltr'><strong>ab</strong></span> <span class='ocrx_word' id='word_1_212' title='bbox 2876 1487 2961 1540; x_wconf 89' lang='lat' dir='ltr'><strong>his</strong></span> <span class='ocrx_word' id='word_1_213' title='bbox 2994 1502 3105 1539; x_wconf 90' lang='lat' dir='ltr'><strong>non</strong></span> <span class='ocrx_word' id='word_1_214' title='bbox 3156 1485 3503 1555; x_wconf 50' lang='lat' dir='ltr'><strong>prohibetur,</strong></span> 
     </span>
    </p>
   </div>
   <div class='ocr_carea' id='block_1_31' title="bbox 1927 1577 3507 1650">
    <p class='ocr_par' dir='ltr' id='par_1_31' title="bbox 1927 1577 3507 1650">
     <span class='ocr_line' id='line_1_31' title="bbox 1927 1577 3507 1650; baseline -0.002 -17"><span class='ocrx_word' id='word_1_215' title='bbox 1927 1586 1986 1633; x_wconf 90' lang='lat' dir='ltr'><strong>ut</strong></span> <span class='ocrx_word' id='word_1_216' title='bbox 2008 1589 2061 1634; x_wconf 89' lang='lat' dir='ltr'><strong>et</strong></span> <span class='ocrx_word' id='word_1_217' title='bbox 2087 1580 2287 1650; x_wconf 89' lang='lat' dir='ltr'><strong>quibus</strong></span> <span class='ocrx_word' id='word_1_218' title='bbox 2313 1596 2372 1635; x_wconf 91' lang='lat' dir='ltr'><strong>se</strong></span> <span class='ocrx_word' id='word_1_219' title='bbox 2400 1579 2765 1645; x_wconf 89' lang='lat' dir='ltr'><strong>subdiderint,</strong></span> <span class='ocrx_word' id='word_1_220' title='bbox 2798 1578 3123 1649; x_wconf 85' lang='lat' dir='ltr'><strong>intelligant,</strong></span> <span class='ocrx_word' id='word_1_221' title='bbox 3147 1585 3203 1632; x_wconf 89' lang='lat' dir='ltr'><strong>et</strong></span> <span class='ocrx_word' id='word_1_222' title='bbox 3231 1593 3393 1648; x_wconf 89' lang='lat' dir='ltr'><strong>quem</strong></span> <span class='ocrx_word' id='word_1_223' title='bbox 3416 1577 3507 1631; x_wconf 63' lang='lat' dir='ltr'><strong>de;</strong></span> 
     </span>
    </p>
   </div>
   <div class='ocr_carea' id='block_1_32' title="bbox 1926 1673 2647 1742">
    <p class='ocr_par' dir='ltr' id='par_1_32' title="bbox 1926 1673 2647 1742">
     <span class='ocr_line' id='line_1_32' title="bbox 1926 1673 2647 1742; baseline -0.006 -15"><span class='ocrx_word' id='word_1_224' title='bbox 1926 1673 2197 1727; x_wconf 89' lang='lat' dir='ltr'><strong>seruerint</strong></span> <span class='ocrx_word' id='word_1_225' title='bbox 2227 1678 2647 1742; x_wconf 87' lang='lat' dir='ltr'><strong>recognoscant.</strong></span> 
     </span>
    </p>
   </div>
   <div class='ocr_carea' id='block_1_33' title="bbox 228 1732 3505 1833">
    <p class='ocr_par' dir='ltr' id='par_1_33' title="bbox 228 1732 3505 1833">
     <span class='ocr_line' id='line_1_33' title="bbox 228 1732 3505 1833; baseline 0.003 -29"><span class='ocrx_word' id='word_1_226' title='bbox 228 1766 358 1821; x_wconf 81' lang='lat' dir='ltr'><strong>quae</strong></span> <span class='ocrx_word' id='word_1_227' title='bbox 395 1751 541 1808; x_wconf 87' lang='lat' dir='ltr'><strong>Deus</strong></span> <span class='ocrx_word' id='word_1_228' title='bbox 570 1756 867 1822; x_wconf 90' lang='lat' dir='ltr'><strong>concessit,</strong></span> <span class='ocrx_word' id='word_1_229' title='bbox 902 1756 957 1810; x_wconf 90' lang='lat' dir='ltr'><strong>in</strong></span> <span class='ocrx_word' id='word_1_230' title='bbox 991 1732 1212 1828; x_wconf 71' lang='lat' dir='ltr'><strong>templis</strong></span> <span class='ocrx_word' id='word_1_231' title='bbox 1251 1767 1345 1813; x_wconf 86' lang='lat' dir='ltr'><strong>aut</strong></span> <span class='ocrx_word' id='word_1_232' title='bbox 1372 1762 1511 1816; x_wconf 93' lang='lat' dir='ltr'><strong>lucis</strong></span> <span class='ocrx_word' id='word_1_233' title='bbox 1543 1732 1668 1815; x_wconf 60' lang='lat' dir='ltr'><strong>vcta</strong></span> <span class='ocrx_word' id='word_1_234' title='bbox 1697 1779 1823 1832; x_wconf 87' lang='lat' dir='ltr'><strong>per-</strong></span> <span class='ocrx_word' id='word_1_235' title='bbox 1852 1732 1896 1786; x_wconf 78' lang='grc' dir='ltr'><strong>Β</strong></span> <span class='ocrx_word' id='word_1_236' title='bbox 1994 1762 2234 1819; x_wconf 84' lang='lat' dir='ltr'><strong>XXXIV.</strong></span> <span class='ocrx_word' id='word_1_237' title='bbox 2278 1732 2387 1819; x_wconf 82' lang='lat' dir='ltr'><strong>Sed</strong></span> <span class='ocrx_word' id='word_1_238' title='bbox 2421 1763 2566 1818; x_wconf 90' lang='lat' dir='ltr'><strong>dicet</strong></span> <span class='ocrx_word' id='word_1_239' title='bbox 2592 1762 2819 1833; x_wconf 87' lang='lat' dir='ltr'><strong>aliquis:</strong></span> <span class='ocrx_word' id='word_1_240' title='bbox 2850 1760 3149 1816; x_wconf 87' lang='lat' dir='ltr'><strong>Passiones</strong></span> <span class='ocrx_word' id='word_1_241' title='bbox 3182 1760 3301 1814; x_wconf 73' lang='lat' dir='ltr'><strong>istae</strong></span> <span class='ocrx_word' id='word_1_242' title='bbox 3345 1758 3505 1813; x_wconf 74' lang='lat' dir='ltr'><strong>inter-</strong></span> 
     </span>
    </p>
   </div>
   <div class='ocr_carea' id='block_1_34' title="bbox 227 1844 1822 1924">
    <p class='ocr_par' dir='ltr' id='par_1_34' title="bbox 227 1844 1822 1924">
     <span class='ocr_line' id='line_1_34' title="bbox 227 1844 1822 1924; baseline 0.007 -26"><span class='ocrx_word' id='word_1_243' title='bbox 227 1844 486 1909; x_wconf 88' lang='lat' dir='ltr'><strong>solvunt,</strong></span> <span class='ocrx_word' id='word_1_244' title='bbox 517 1858 573 1899; x_wconf 88' lang='lat' dir='ltr'><strong>et</strong></span> <span class='ocrx_word' id='word_1_245' title='bbox 624 1845 698 1901; x_wconf 89' lang='lat' dir='ltr'><strong>ibi</strong></span> <span class='ocrx_word' id='word_1_246' title='bbox 730 1848 999 1903; x_wconf 83' lang='lat' dir='ltr'><strong>sacriﬁcia</strong></span> <span class='ocrx_word' id='word_1_247' title='bbox 1033 1847 1318 1907; x_wconf 76' lang='lat' dir='ltr'><strong>daemoniis</strong></span> <span class='ocrx_word' id='word_1_248' title='bbox 1357 1852 1626 1917; x_wconf 79' lang='lat' dir='ltr'><strong>olIerunt,</strong></span> <span class='ocrx_word' id='word_1_249' title='bbox 1659 1864 1822 1924; x_wconf 90' lang='lat' dir='ltr'><strong>atque</strong></span> 
     </span>
    </p>
   </div>
   <div class='ocr_carea' id='block_1_35' title="bbox 223 1938 1590 2013">
    <p class='ocr_par' dir='ltr' id='par_1_35' title="bbox 223 1938 1590 2013">
     <span class='ocr_line' id='line_1_35' title="bbox 223 1938 1590 2013; baseline 0.007 -23"><span class='ocrx_word' id='word_1_250' title='bbox 223 1944 455 2005; x_wconf 88' lang='lat' dir='ltr'><strong>accepta</strong></span> <span class='ocrx_word' id='word_1_251' title='bbox 486 1938 665 2008; x_wconf 87' lang='lat' dir='ltr'><strong>gratia</strong></span> <span class='ocrx_word' id='word_1_252' title='bbox 693 1946 1005 2007; x_wconf 86' lang='lat' dir='ltr'><strong>permutant</strong></span> <span class='ocrx_word' id='word_1_253' title='bbox 1033 1942 1223 2010; x_wconf 62' lang='lat' dir='ltr'><strong>gratiae</strong></span> <span class='ocrx_word' id='word_1_254' title='bbox 1252 1943 1590 2013; x_wconf 90' lang='lat' dir='ltr'><strong>largitorem.</strong></span> 
     </span>
    </p>
   </div>
   <div class='ocr_carea' id='block_1_36' title="bbox 300 2026 1818 2108">
    <p class='ocr_par' dir='ltr' id='par_1_36' title="bbox 300 2026 1818 2108">
     <span class='ocr_line' id='line_1_36' title="bbox 300 2026 1818 2108; baseline 0.01 -29"><span class='ocrx_word' id='word_1_255' title='bbox 300 2026 488 2084; x_wconf 82' lang='lat' dir='ltr'><strong>XXXI.</strong></span> <span class='ocrx_word' id='word_1_256' title='bbox 530 2027 636 2084; x_wconf 90' lang='lat' dir='ltr'><strong>Sed</strong></span> <span class='ocrx_word' id='word_1_257' title='bbox 660 2031 883 2100; x_wconf 90' lang='lat' dir='ltr'><strong>quidam</strong></span> <span class='ocrx_word' id='word_1_258' title='bbox 908 2032 1096 2086; x_wconf 89' lang='lat' dir='ltr'><strong>dicunt</strong></span> <span class='ocrx_word' id='word_1_259' title='bbox 1129 2052 1142 2088; x_wconf 87' lang='lat'>:</span> <span class='ocrx_word' id='word_1_260' title='bbox 1177 2033 1304 2090; x_wconf 74' lang='lat' dir='ltr'><strong>Haec</strong></span> <span class='ocrx_word' id='word_1_261' title='bbox 1333 2036 1531 2092; x_wconf 73' lang='lat' dir='ltr'><strong>laetitia:</strong></span> <span class='ocrx_word' id='word_1_262' title='bbox 1559 2039 1733 2108; x_wconf 89' lang='lat' dir='ltr'><strong>gratia</strong></span> <span class='ocrx_word' id='word_1_263' title='bbox 1762 2047 1818 2094; x_wconf 89' lang='lat' dir='ltr'><strong>et</strong></span> 
     </span>
    </p>
   </div>
   <div class='ocr_carea' id='block_1_37' title="bbox 220 2121 1810 2197">
    <p class='ocr_par' dir='ltr' id='par_1_37' title="bbox 220 2121 1810 2197">
     <span class='ocr_line' id='line_1_37' title="bbox 220 2121 1810 2197; baseline 0.009 -25"><span class='ocrx_word' id='word_1_264' title='bbox 220 2121 292 2173; x_wconf 90' lang='lat' dir='ltr'><strong>ad</strong></span> <span class='ocrx_word' id='word_1_265' title='bbox 325 2122 646 2177; x_wconf 82' lang='lat' dir='ltr'><strong>relevandos</strong></span> <span class='ocrx_word' id='word_1_266' title='bbox 677 2125 892 2178; x_wconf 90' lang='lat' dir='ltr'><strong>animos</strong></span> <span class='ocrx_word' id='word_1_267' title='bbox 940 2125 1189 2180; x_wconf 85' lang='lat' dir='ltr'><strong>instituta</strong></span> <span class='ocrx_word' id='word_1_268' title='bbox 1211 2166 1225 2192; x_wconf 95' lang='lat'><strong>,</strong></span> <span class='ocrx_word' id='word_1_269' title='bbox 1254 2136 1307 2183; x_wconf 90' lang='lat' dir='ltr'><strong>et</strong></span> <span class='ocrx_word' id='word_1_270' title='bbox 1338 2129 1405 2183; x_wconf 89' lang='lat' dir='ltr'><strong>ad</strong></span> <span class='ocrx_word' id='word_1_271' title='bbox 1436 2129 1540 2183; x_wconf 90' lang='lat' dir='ltr'><strong>hoc</strong></span> <span class='ocrx_word' id='word_1_272' title='bbox 1569 2131 1810 2197; x_wconf 79' lang='lat' dir='ltr'><strong>inventa,</strong></span> 
     </span>
    </p>
   </div>
   <div class='ocr_carea' id='block_1_38' title="bbox 219 2213 1812 2288">
    <p class='ocr_par' dir='ltr' id='par_1_38' title="bbox 219 2213 1812 2288">
     <span class='ocr_line' id='line_1_38' title="bbox 219 2213 1812 2288; baseline 0.008 -21"><span class='ocrx_word' id='word_1_273' title='bbox 219 2221 283 2267; x_wconf 90' lang='lat' dir='ltr'><strong>ut</strong></span> <span class='ocrx_word' id='word_1_274' title='bbox 315 2213 557 2269; x_wconf 91' lang='lat' dir='ltr'><strong>humana</strong></span> <span class='ocrx_word' id='word_1_275' title='bbox 588 2231 743 2271; x_wconf 91' lang='lat' dir='ltr'><strong>mens</strong></span> <span class='ocrx_word' id='word_1_276' title='bbox 776 2217 1176 2288; x_wconf 87' lang='lat' dir='ltr'><strong>aliquantulum</strong></span> <span class='ocrx_word' id='word_1_277' title='bbox 1210 2220 1361 2274; x_wconf 86' lang='lat' dir='ltr'><strong>curis</strong></span> <span class='ocrx_word' id='word_1_278' title='bbox 1392 2229 1448 2275; x_wconf 90' lang='lat' dir='ltr'><strong>et</strong></span> <span class='ocrx_word' id='word_1_279' title='bbox 1482 2225 1812 2279; x_wconf 73' lang='lat' dir='ltr'><strong>mmrorihus</strong></span> 
     </span>
    </p>
   </div>
   <div class='ocr_carea' id='block_1_39' title="bbox 216 2308 1811 2382">
    <p class='ocr_par' dir='ltr' id='par_1_39' title="bbox 216 2308 1811 2382">
     <span class='ocr_line' id='line_1_39' title="bbox 216 2308 1811 2382; baseline 0.008 -22"><span class='ocrx_word' id='word_1_280' title='bbox 216 2308 522 2362; x_wconf 74' lang='lat' dir='ltr'><strong>relaxetur.</strong></span> <span class='ocrx_word' id='word_1_281' title='bbox 568 2308 755 2364; x_wconf 86' lang='lat' dir='ltr'><strong>Videte</strong></span> <span class='ocrx_word' id='word_1_282' title='bbox 799 2311 1075 2380; x_wconf 91' lang='lat' dir='ltr'><strong>quomodo</strong></span> <span class='ocrx_word' id='word_1_283' title='bbox 1129 2311 1232 2382; x_wconf 90' lang='lat' dir='ltr'><strong>ipsi</strong></span> <span class='ocrx_word' id='word_1_284' title='bbox 1284 2322 1635 2371; x_wconf 88' lang='lat' dir='ltr'><strong>accusatores</strong></span> <span class='ocrx_word' id='word_1_285' title='bbox 1676 2317 1811 2372; x_wconf 88' lang='lat' dir='ltr'><strong>estis</strong></span> 
     </span>
    </p>
   </div>
   <div class='ocr_carea' id='block_1_40' title="bbox 215 2401 1808 2471">
    <p class='ocr_par' dir='ltr' id='par_1_40' title="bbox 215 2401 1808 2471">
     <span class='ocr_line' id='line_1_40' title="bbox 215 2401 1808 2471; baseline 0.006 -18"><span class='ocrx_word' id='word_1_286' title='bbox 215 2413 417 2453; x_wconf 88' lang='lat' dir='ltr'><strong>eorum</strong></span> <span class='ocrx_word' id='word_1_287' title='bbox 450 2415 571 2469; x_wconf 75' lang='lat' dir='ltr'><strong>quae</strong></span> <span class='ocrx_word' id='word_1_288' title='bbox 601 2402 810 2471; x_wconf 91' lang='lat' dir='ltr'><strong>geritis.</strong></span> <span class='ocrx_word' id='word_1_289' title='bbox 850 2401 906 2456; x_wconf 91' lang='lat' dir='ltr'><strong>Si</strong></span> <span class='ocrx_word' id='word_1_290' title='bbox 938 2403 1055 2458; x_wconf 67' lang='lat' dir='ltr'><strong>haec</strong></span> <span class='ocrx_word' id='word_1_291' title='bbox 1097 2404 1314 2459; x_wconf 90' lang='lat' dir='ltr'><strong>levandi</strong></span> <span class='ocrx_word' id='word_1_292' title='bbox 1348 2407 1602 2461; x_wconf 76' lang='lat' dir='ltr'><strong>mmroris</strong></span> <span class='ocrx_word' id='word_1_293' title='bbox 1629 2413 1681 2459; x_wconf 88' lang='lat' dir='ltr'><strong>et</strong></span> <span class='ocrx_word' id='word_1_294' title='bbox 1714 2408 1808 2462; x_wconf 72' lang='lat' dir='ltr'><strong>lae-</strong></span> 
     </span>
    </p>
   </div>
   <div class='ocr_carea' id='block_1_41' title="bbox 214 2492 1809 2569">
    <p class='ocr_par' dir='ltr' id='par_1_41' title="bbox 214 2492 1809 2569">
     <span class='ocr_line' id='line_1_41' title="bbox 214 2492 1809 2569; baseline 0.008 -24"><span class='ocrx_word' id='word_1_295' title='bbox 214 2492 355 2546; x_wconf 85' lang='lat' dir='ltr'><strong>titiae</strong></span> <span class='ocrx_word' id='word_1_296' title='bbox 385 2495 664 2564; x_wconf 74' lang='lat' dir='ltr'><strong>capiendae</strong></span> <span class='ocrx_word' id='word_1_297' title='bbox 688 2510 853 2550; x_wconf 86' lang='lat' dir='ltr'><strong>causa</strong></span> <span class='ocrx_word' id='word_1_298' title='bbox 877 2504 1092 2567; x_wconf 87' lang='lat' dir='ltr'><strong>reperta</strong></span> <span class='ocrx_word' id='word_1_299' title='bbox 1119 2507 1268 2561; x_wconf 82' lang='lat' dir='ltr'><strong>sunt,</strong></span> <span class='ocrx_word' id='word_1_300' title='bbox 1291 2500 1566 2569; x_wconf 91' lang='lat' dir='ltr'><strong>quomodo</strong></span> <span class='ocrx_word' id='word_1_301' title='bbox 1589 2502 1644 2554; x_wconf 92' lang='lat' dir='ltr'><strong>in</strong></span> <span class='ocrx_word' id='word_1_302' title='bbox 1669 2501 1809 2558; x_wconf 88' lang='lat' dir='ltr'><strong>lucis</strong></span> 
     </span>
    </p>
   </div>
   <div class='ocr_carea' id='block_1_42' title="bbox 213 2585 1809 2663">
    <p class='ocr_par' dir='ltr' id='par_1_42' title="bbox 213 2585 1809 2663">
     <span class='ocr_line' id='line_1_42' title="bbox 213 2585 1809 2663; baseline 0.006 -24"><span class='ocrx_word' id='word_1_303' title='bbox 213 2593 273 2639; x_wconf 91' lang='lat' dir='ltr'><strong>et</strong></span> <span class='ocrx_word' id='word_1_304' title='bbox 308 2585 463 2641; x_wconf 89' lang='lat' dir='ltr'><strong>silvis</strong></span> <span class='ocrx_word' id='word_1_305' title='bbox 498 2587 875 2643; x_wconf 83' lang='lat' dir='ltr'><strong>invocationes</strong></span> <span class='ocrx_word' id='word_1_306' title='bbox 897 2590 1205 2644; x_wconf 77' lang='lat' dir='ltr'><strong>daemonum</strong></span> <span class='ocrx_word' id='word_1_307' title='bbox 1230 2591 1400 2647; x_wconf 76' lang='lat' dir='ltr'><strong>fiunt?</strong></span> <span class='ocrx_word' id='word_1_308' title='bbox 1425 2594 1700 2663; x_wconf 85' lang='lat' dir='ltr'><strong>quomodo</strong></span> <span class='ocrx_word' id='word_1_309' title='bbox 1724 2594 1809 2648; x_wconf 88' lang='lat' dir='ltr'><strong>in-</strong></span> 
     </span>
    </p>
   </div>
   <div class='ocr_carea' id='block_1_43' title="bbox 214 2679 1801 2754">
    <p class='ocr_par' dir='ltr' id='par_1_43' title="bbox 214 2679 1801 2754">
     <span class='ocr_line' id='line_1_43' title="bbox 214 2679 1801 2754; baseline 0.005 -21"><span class='ocrx_word' id='word_1_310' title='bbox 214 2679 342 2733; x_wconf 92' lang='lat' dir='ltr'><strong>sani</strong></span> <span class='ocrx_word' id='word_1_311' title='bbox 381 2688 595 2735; x_wconf 89' lang='lat' dir='ltr'><strong>rotatus</strong></span> <span class='ocrx_word' id='word_1_312' title='bbox 626 2681 935 2748; x_wconf 90' lang='lat' dir='ltr'><strong>hominum,</strong></span> <span class='ocrx_word' id='word_1_313' title='bbox 981 2684 1369 2754; x_wconf 88' lang='lat' dir='ltr'><strong>sectionesque</strong></span> <span class='ocrx_word' id='word_1_314' title='bbox 1410 2687 1801 2754; x_wconf 88' lang='lat' dir='ltr'><strong>membrorum,</strong></span> 
     </span>
    </p>
   </div>
   <div class='ocr_carea' id='block_1_44' title="bbox 212 2771 1806 2846">
    <p class='ocr_par' dir='ltr' id='par_1_44' title="bbox 212 2771 1806 2846">
     <span class='ocr_line' id='line_1_44' title="bbox 212 2771 1806 2846; baseline 0.006 -21"><span class='ocrx_word' id='word_1_315' title='bbox 212 2779 272 2825; x_wconf 87' lang='lat' dir='ltr'><strong>et</strong></span> <span class='ocrx_word' id='word_1_316' title='bbox 306 2771 651 2829; x_wconf 91' lang='lat' dir='ltr'><strong>abscisiones</strong></span> <span class='ocrx_word' id='word_1_317' title='bbox 692 2775 1097 2830; x_wconf 89' lang='lat' dir='ltr'><strong>verendorum?</strong></span> <span class='ocrx_word' id='word_1_318' title='bbox 1123 2779 1398 2846; x_wconf 91' lang='lat' dir='ltr'><strong>quomodo</strong></span> <span class='ocrx_word' id='word_1_319' title='bbox 1441 2780 1497 2833; x_wconf 93' lang='lat' dir='ltr'><strong>in</strong></span> <span class='ocrx_word' id='word_1_320' title='bbox 1537 2779 1621 2835; x_wconf 86' lang='lat' dir='ltr'><strong>his</strong></span> <span class='ocrx_word' id='word_1_321' title='bbox 1655 2780 1806 2837; x_wconf 83' lang='lat' dir='ltr'><strong>furor</strong></span> 
     </span>
    </p>
   </div>
   <div class='ocr_carea' id='block_1_45' title="bbox 211 2862 1807 2935">
    <p class='ocr_par' dir='ltr' id='par_1_45' title="bbox 211 2862 1807 2935">
     <span class='ocr_line' id='line_1_45' title="bbox 211 2862 1807 2935; baseline 0.006 -19"><span class='ocrx_word' id='word_1_322' title='bbox 211 2862 444 2917; x_wconf 89' lang='lat' dir='ltr'><strong>rabidus</strong></span> <span class='ocrx_word' id='word_1_323' title='bbox 493 2865 841 2935; x_wconf 83' lang='lat' dir='ltr'><strong>concipitur?</strong></span> <span class='ocrx_word' id='word_1_324' title='bbox 898 2866 1174 2935; x_wconf 89' lang='lat' dir='ltr'><strong>quomodo</strong></span> <span class='ocrx_word' id='word_1_325' title='bbox 1231 2869 1495 2923; x_wconf 87' lang='lat' dir='ltr'><strong>invitatur</strong></span> <span class='ocrx_word' id='word_1_326' title='bbox 1557 2871 1807 2925; x_wconf 76' lang='lat' dir='ltr'><strong>insania?</strong></span> 
     </span>
    </p>
   </div>
   <div class='ocr_carea' id='block_1_46' title="bbox 211 2955 1806 3031">
    <p class='ocr_par' dir='ltr' id='par_1_46' title="bbox 211 2955 1806 3031">
     <span class='ocr_line' id='line_1_46' title="bbox 211 2955 1806 3031; baseline 0.006 -23"><span class='ocrx_word' id='word_1_327' title='bbox 211 2955 496 3026; x_wconf 90' lang='lat' dir='ltr'><strong>quomodo</strong></span> <span class='ocrx_word' id='word_1_328' title='bbox 536 2958 798 3013; x_wconf 90' lang='lat' dir='ltr'><strong>mulieres</strong></span> <span class='ocrx_word' id='word_1_329' title='bbox 830 2960 1038 3029; x_wconf 89' lang='lat' dir='ltr'><strong>sparsis</strong></span> <span class='ocrx_word' id='word_1_330' title='bbox 1075 2959 1324 3015; x_wconf 89' lang='lat' dir='ltr'><strong>crinibus</strong></span> <span class='ocrx_word' id='word_1_331' title='bbox 1375 2960 1682 3016; x_wconf 79' lang='lat' dir='ltr'><strong>furibundae</strong></span> <span class='ocrx_word' id='word_1_332' title='bbox 1715 2962 1806 3031; x_wconf 88' lang='lat' dir='ltr'><strong>ja-</strong></span> 
     </span>
    </p>
   </div>
   <div class='ocr_carea' id='block_1_47' title="bbox 212 3049 1878 3142">
    <p class='ocr_par' dir='ltr' id='par_1_47' title="bbox 212 3049 1878 3142">
     <span class='ocr_line' id='line_1_47' title="bbox 212 3049 1878 3142; baseline 0.004 -39"><span class='ocrx_word' id='word_1_333' title='bbox 212 3049 480 3103; x_wconf 83' lang='lat' dir='ltr'><strong>ctantur?</strong></span> <span class='ocrx_word' id='word_1_334' title='bbox 509 3049 652 3105; x_wconf 89' lang='lat' dir='ltr'><strong>unde</strong></span> <span class='ocrx_word' id='word_1_335' title='bbox 698 3051 904 3105; x_wconf 89' lang='lat' dir='ltr'><strong>stridor</strong></span> <span class='ocrx_word' id='word_1_336' title='bbox 933 3061 987 3107; x_wconf 92' lang='lat' dir='ltr'><strong>et</strong></span> <span class='ocrx_word' id='word_1_337' title='bbox 1032 3051 1282 3107; x_wconf 84' lang='lat' dir='ltr'><strong>fremitus</strong></span> <span class='ocrx_word' id='word_1_338' title='bbox 1333 3053 1618 3107; x_wconf 88' lang='lat' dir='ltr'><strong>dentium?</strong></span> <span class='ocrx_word' id='word_1_339' title='bbox 1660 3053 1802 3109; x_wconf 88' lang='lat' dir='ltr'><strong>unde</strong></span> <span class='ocrx_word' id='word_1_340' title='bbox 1829 3078 1878 3142; x_wconf 68' lang='grc' dir='ltr'>ο</span> 
     </span>
    </p>
   </div>
   <div class='ocr_carea' id='block_1_48' title="bbox 212 3139 1806 3216">
    <p class='ocr_par' dir='ltr' id='par_1_48' title="bbox 212 3139 1806 3216">
     <span class='ocr_line' id='line_1_48' title="bbox 212 3139 1806 3216; baseline 0.005 -23"><span class='ocrx_word' id='word_1_341' title='bbox 212 3139 465 3210; x_wconf 83' lang='lat' dir='ltr'><strong>mugitus</strong></span> <span class='ocrx_word' id='word_1_342' title='bbox 496 3140 682 3196; x_wconf 73' lang='lat' dir='ltr'><strong>cordis</strong></span> <span class='ocrx_word' id='word_1_343' title='bbox 712 3149 768 3196; x_wconf 91' lang='lat' dir='ltr'><strong>et</strong></span> <span class='ocrx_word' id='word_1_344' title='bbox 795 3143 1095 3209; x_wconf 88' lang='lat' dir='ltr'><strong>viscerum,</strong></span> <span class='ocrx_word' id='word_1_345' title='bbox 1128 3152 1182 3199; x_wconf 89' lang='lat' dir='ltr'><strong>et</strong></span> <span class='ocrx_word' id='word_1_346' title='bbox 1221 3145 1406 3198; x_wconf 91' lang='lat' dir='ltr'><strong>omnia</strong></span> <span class='ocrx_word' id='word_1_347' title='bbox 1443 3145 1536 3198; x_wconf 91' lang='lat' dir='ltr'><strong>illa</strong></span> <span class='ocrx_word' id='word_1_348' title='bbox 1568 3162 1691 3216; x_wconf 82' lang='lat' dir='ltr'><strong>quae</strong></span> <span class='ocrx_word' id='word_1_349' title='bbox 1720 3146 1806 3201; x_wconf 88' lang='lat' dir='ltr'><strong>vel</strong></span> 
     </span>
    </p>
   </div>
   <div class='ocr_carea' id='block_1_49' title="bbox 210 3233 1805 3309">
    <p class='ocr_par' dir='ltr' id='par_1_49' title="bbox 210 3233 1805 3309">
     <span class='ocr_line' id='line_1_49' title="bbox 210 3233 1805 3309; baseline 0.003 -22"><span class='ocrx_word' id='word_1_350' title='bbox 210 3233 496 3297; x_wconf 88' lang='lat' dir='ltr'><strong>simulata,</strong></span> <span class='ocrx_word' id='word_1_351' title='bbox 530 3234 615 3288; x_wconf 91' lang='lat' dir='ltr'><strong>vel</strong></span> <span class='ocrx_word' id='word_1_352' title='bbox 652 3235 818 3289; x_wconf 90' lang='lat' dir='ltr'><strong>etiam</strong></span> <span class='ocrx_word' id='word_1_353' title='bbox 854 3235 1160 3291; x_wconf 88' lang='lat' dir='ltr'><strong>ministerio</strong></span> <span class='ocrx_word' id='word_1_354' title='bbox 1188 3236 1497 3291; x_wconf 65' lang='lat' dir='ltr'><strong>diemonum</strong></span> <span class='ocrx_word' id='word_1_355' title='bbox 1528 3238 1805 3309; x_wconf 86' lang='lat' dir='ltr'><strong>compagi-</strong></span> 
     </span>
    </p>
   </div>
   <div class='ocr_carea' id='block_1_50' title="bbox 207 3323 1804 3399">
    <p class='ocr_par' dir='ltr' id='par_1_50' title="bbox 207 3323 1804 3399">
     <span class='ocr_line' id='line_1_50' title="bbox 207 3323 1804 3399; baseline 0.005 -24"><span class='ocrx_word' id='word_1_356' title='bbox 207 3331 367 3386; x_wconf 92' lang='lat' dir='ltr'><strong>nata,</strong></span> <span class='ocrx_word' id='word_1_357' title='bbox 408 3323 477 3377; x_wconf 91' lang='lat' dir='ltr'><strong>ad</strong></span> <span class='ocrx_word' id='word_1_358' title='bbox 507 3332 772 3380; x_wconf 90' lang='lat' dir='ltr'><strong>terrorem</strong></span> <span class='ocrx_word' id='word_1_359' title='bbox 806 3327 1100 3382; x_wconf 91' lang='lat' dir='ltr'><strong>stultorum</strong></span> <span class='ocrx_word' id='word_1_360' title='bbox 1140 3335 1196 3382; x_wconf 91' lang='lat' dir='ltr'><strong>et</strong></span> <span class='ocrx_word' id='word_1_361' title='bbox 1226 3328 1594 3399; x_wconf 89' lang='lat' dir='ltr'><strong>ignorantium</strong></span> <span class='ocrx_word' id='word_1_362' title='bbox 1627 3330 1804 3385; x_wconf 85' lang='lat' dir='ltr'><strong>homi-</strong></span> 
     </span>
    </p>
   </div>
   <div class='ocr_carea' id='block_1_51' title="bbox 208 3414 1803 3492">
    <p class='ocr_par' dir='ltr' id='par_1_51' title="bbox 208 3414 1803 3492">
     <span class='ocr_line' id='line_1_51' title="bbox 208 3414 1803 3492; baseline 0.006 -25"><span class='ocrx_word' id='word_1_363' title='bbox 208 3429 348 3468; x_wconf 88' lang='lat' dir='ltr'><strong>num</strong></span> <span class='ocrx_word' id='word_1_364' title='bbox 373 3414 756 3484; x_wconf 83' lang='lat' dir='ltr'><strong>proferuntur?</strong></span> <span class='ocrx_word' id='word_1_365' title='bbox 774 3417 888 3471; x_wconf 70' lang='lat' dir='ltr'><strong>haec</strong></span> <span class='ocrx_word' id='word_1_366' title='bbox 911 3419 1123 3473; x_wconf 86' lang='lat' dir='ltr'><strong>levandi</strong></span> <span class='ocrx_word' id='word_1_367' title='bbox 1146 3420 1312 3475; x_wconf 91' lang='lat' dir='ltr'><strong>animi</strong></span> <span class='ocrx_word' id='word_1_368' title='bbox 1343 3422 1518 3492; x_wconf 90' lang='lat' dir='ltr'><strong>gratia</strong></span> <span class='ocrx_word' id='word_1_369' title='bbox 1545 3422 1703 3486; x_wconf 85' lang='lat' dir='ltr'><strong>ﬁunt,</strong></span> <span class='ocrx_word' id='word_1_370' title='bbox 1732 3438 1803 3478; x_wconf 88' lang='lat' dir='ltr'><strong>an</strong></span> 
     </span>
    </p>
   </div>
   <div class='ocr_carea' id='block_1_52' title="bbox 206 3508 1803 3585">
    <p class='ocr_par' dir='ltr' id='par_1_52' title="bbox 206 3508 1803 3585">
     <span class='ocr_line' id='line_1_52' title="bbox 206 3508 1803 3585; baseline 0.003 -23"><span class='ocrx_word' id='word_1_371' title='bbox 206 3508 400 3577; x_wconf 90' lang='lat' dir='ltr'><strong>potius</strong></span> <span class='ocrx_word' id='word_1_372' title='bbox 428 3510 803 3578; x_wconf 84' lang='lat' dir='ltr'><strong>opprimendi?</strong></span> <span class='ocrx_word' id='word_1_373' title='bbox 825 3509 1076 3567; x_wconf 87' lang='lat' dir='ltr'><strong>Nondum</strong></span> <span class='ocrx_word' id='word_1_374' title='bbox 1107 3514 1322 3568; x_wconf 90' lang='lat' dir='ltr'><strong>sentitis</strong></span> <span class='ocrx_word' id='word_1_375' title='bbox 1344 3530 1521 3585; x_wconf 91' lang='lat' dir='ltr'><strong>neque</strong></span> <span class='ocrx_word' id='word_1_376' title='bbox 1546 3514 1803 3585; x_wconf 86' lang='lat' dir='ltr'><strong>intelligi-</strong></span> 
     </span>
    </p>
   </div>
   <div class='ocr_carea' id='block_1_53' title="bbox 206 3600 1803 3673">
    <p class='ocr_par' dir='ltr' id='par_1_53' title="bbox 206 3600 1803 3673">
     <span class='ocr_line' id='line_1_53' title="bbox 206 3600 1803 3673; baseline 0.004 -20"><span class='ocrx_word' id='word_1_377' title='bbox 206 3600 286 3655; x_wconf 85' lang='lat' dir='ltr'><strong>tis</strong></span> <span class='ocrx_word' id='word_1_378' title='bbox 324 3600 547 3656; x_wconf 88' lang='lat' dir='ltr'><strong>latentis</strong></span> <span class='ocrx_word' id='word_1_379' title='bbox 580 3601 722 3654; x_wconf 89' lang='lat' dir='ltr'><strong>intra</strong></span> <span class='ocrx_word' id='word_1_380' title='bbox 769 3618 867 3657; x_wconf 93' lang='lat' dir='ltr'><strong>vos</strong></span> <span class='ocrx_word' id='word_1_381' title='bbox 922 3606 1193 3673; x_wconf 88' lang='lat' dir='ltr'><strong>serpentis</strong></span> <span class='ocrx_word' id='word_1_382' title='bbox 1227 3603 1343 3658; x_wconf 64' lang='lat' dir='ltr'><strong>haec</strong></span> <span class='ocrx_word' id='word_1_383' title='bbox 1387 3620 1509 3660; x_wconf 90' lang='lat' dir='ltr'><strong>esse</strong></span> <span class='ocrx_word' id='word_1_384' title='bbox 1538 3605 1803 3660; x_wconf 82' lang='lat' dir='ltr'><strong>consilia?</strong></span> 
     </span>
    </p>
   </div>
   <div class='ocr_carea' id='block_1_54' title="bbox 208 3694 1799 3768">
    <p class='ocr_par' dir='ltr' id='par_1_54' title="bbox 208 3694 1799 3768">
     <span class='ocr_line' id='line_1_54' title="bbox 208 3694 1799 3768; baseline 0.003 -21"><span class='ocrx_word' id='word_1_385' title='bbox 208 3694 308 3764; x_wconf 91' lang='lat' dir='ltr'><strong>qui</strong></span> <span class='ocrx_word' id='word_1_386' title='bbox 325 3709 423 3749; x_wconf 91' lang='lat' dir='ltr'><strong>vos</strong></span> <span class='ocrx_word' id='word_1_387' title='bbox 440 3709 537 3764; x_wconf 89' lang='lat' dir='ltr'><strong>per</strong></span> <span class='ocrx_word' id='word_1_388' title='bbox 558 3694 966 3753; x_wconf 78' lang='lat' dir='ltr'><strong>irrationabiles</strong></span> <span class='ocrx_word' id='word_1_389' title='bbox 986 3712 1233 3752; x_wconf 88' lang='lat' dir='ltr'><strong>errorum</strong></span> <span class='ocrx_word' id='word_1_390' title='bbox 1254 3699 1633 3768; x_wconf 88' lang='lat' dir='ltr'><strong>suggestiones</strong></span> <span class='ocrx_word' id='word_1_391' title='bbox 1650 3713 1679 3751; x_wconf 91' lang='lat' dir='ltr'><strong>a</strong></span> <span class='ocrx_word' id='word_1_392' title='bbox 1712 3714 1799 3751; x_wconf 88' lang='lat' dir='ltr'><strong>ra-</strong></span> 
     </span>
    </p>
   </div>
   <div class='ocr_carea' id='block_1_55' title="bbox 210 3787 1800 3861">
    <p class='ocr_par' dir='ltr' id='par_1_55' title="bbox 210 3787 1800 3861">
     <span class='ocr_line' id='line_1_55' title="bbox 210 3787 1800 3861; baseline 0.004 -22"><span class='ocrx_word' id='word_1_393' title='bbox 210 3787 365 3840; x_wconf 91' lang='lat' dir='ltr'><strong>tione</strong></span> <span class='ocrx_word' id='word_1_394' title='bbox 397 3787 644 3841; x_wconf 87' lang='lat' dir='ltr'><strong>veritatis</strong></span> <span class='ocrx_word' id='word_1_395' title='bbox 674 3787 917 3851; x_wconf 89' lang='lat' dir='ltr'><strong>abducit,</strong></span> <span class='ocrx_word' id='word_1_396' title='bbox 956 3797 1017 3843; x_wconf 91' lang='lat' dir='ltr'><strong>ut</strong></span> <span class='ocrx_word' id='word_1_397' title='bbox 1048 3805 1146 3844; x_wconf 91' lang='lat' dir='ltr'><strong>vos</strong></span> <span class='ocrx_word' id='word_1_398' title='bbox 1168 3789 1416 3844; x_wconf 91' lang='lat' dir='ltr'><strong>libidinis</strong></span> <span class='ocrx_word' id='word_1_399' title='bbox 1436 3798 1490 3844; x_wconf 90' lang='lat' dir='ltr'><strong>et</strong></span> <span class='ocrx_word' id='word_1_400' title='bbox 1507 3792 1800 3861; x_wconf 90' lang='lat' dir='ltr'><strong>concupis-</strong></span> 
     </span>
    </p>
   </div>
   <div class='ocr_carea' id='block_1_56' title="bbox 208 3878 1793 3939">
    <p class='ocr_par' dir='ltr' id='par_1_56' title="bbox 208 3878 1793 3939">
     <span class='ocr_line' id='line_1_56' title="bbox 208 3878 1793 3939; baseline 0.004 -7"><span class='ocrx_word' id='word_1_401' title='bbox 208 3878 411 3933; x_wconf 72' lang='lat' dir='ltr'><strong>centia:</strong></span> <span class='ocrx_word' id='word_1_402' title='bbox 429 3894 492 3932; x_wconf 91' lang='lat' dir='ltr'><strong>ac</strong></span> <span class='ocrx_word' id='word_1_403' title='bbox 509 3880 678 3933; x_wconf 90' lang='lat' dir='ltr'><strong>totius</strong></span> <span class='ocrx_word' id='word_1_404' title='bbox 694 3879 981 3934; x_wconf 91' lang='lat' dir='ltr'><strong>dedecoris</strong></span> <span class='ocrx_word' id='word_1_405' title='bbox 998 3896 1188 3938; x_wconf 88' lang='lat' dir='ltr'><strong>servos</strong></span> <span class='ocrx_word' id='word_1_406' title='bbox 1206 3890 1388 3936; x_wconf 91' lang='lat' dir='ltr'><strong>teneat</strong></span> <span class='ocrx_word' id='word_1_407' title='bbox 1406 3898 1470 3936; x_wconf 91' lang='lat' dir='ltr'><strong>ac</strong></span> <span class='ocrx_word' id='word_1_408' title='bbox 1488 3884 1793 3939; x_wconf 89' lang='lat' dir='ltr'><strong>ministros.</strong></span> 
     </span>
    </p>
   </div>
   <div class='ocr_carea' id='block_1_57' title="bbox 283 3968 1799 4043">
    <p class='ocr_par' dir='ltr' id='par_1_57' title="bbox 283 3968 1799 4043">
     <span class='ocr_line' id='line_1_57' title="bbox 283 3968 1799 4043; baseline 0.003 -20"><span class='ocrx_word' id='word_1_409' title='bbox 283 3968 502 4025; x_wconf 84' lang='lat' dir='ltr'><strong>XXXII.</strong></span> <span class='ocrx_word' id='word_1_410' title='bbox 544 3968 652 4025; x_wconf 89' lang='lat' dir='ltr'><strong>Sed</strong></span> <span class='ocrx_word' id='word_1_411' title='bbox 692 3985 795 4042; x_wconf 85' lang='lat' dir='ltr'><strong>ego</strong></span> <span class='ocrx_word' id='word_1_412' title='bbox 838 3971 990 4025; x_wconf 85' lang='lat' dir='ltr'><strong>clara</strong></span> <span class='ocrx_word' id='word_1_413' title='bbox 1038 3987 1137 4027; x_wconf 91' lang='lat' dir='ltr'><strong>vos</strong></span> <span class='ocrx_word' id='word_1_414' title='bbox 1170 3988 1363 4027; x_wconf 91' lang='lat' dir='ltr'><strong>omnes</strong></span> <span class='ocrx_word' id='word_1_415' title='bbox 1396 3973 1799 4043; x_wconf 66' lang='lat' dir='ltr'><strong>praedicationis</strong></span> 
     </span>
    </p>
   </div>
   <div class='ocr_carea' id='block_1_58' title="bbox 206 4064 1795 4143">
    <p class='ocr_par' dir='ltr' id='par_1_58' title="bbox 206 4064 1795 4143">
     <span class='ocr_line' id='line_1_58' title="bbox 206 4064 1795 4143; baseline 0.001 -26"><span class='ocrx_word' id='word_1_416' title='bbox 206 4076 344 4117; x_wconf 82' lang='lat' dir='ltr'><strong>voce</strong></span> <span class='ocrx_word' id='word_1_417' title='bbox 368 4071 669 4127; x_wconf 90' lang='lat' dir='ltr'><strong>contestor,</strong></span> <span class='ocrx_word' id='word_1_418' title='bbox 702 4064 848 4133; x_wconf 92' lang='lat' dir='ltr'><strong>quod</strong></span> <span class='ocrx_word' id='word_1_419' title='bbox 874 4079 906 4119; x_wconf 90' lang='lat' dir='ltr'><strong>e</strong></span> <span class='ocrx_word' id='word_1_420' title='bbox 935 4065 1214 4143; x_wconf 75' lang='lat' dir='ltr'><strong>contrario</strong></span> <span class='ocrx_word' id='word_1_421' title='bbox 1256 4066 1448 4136; x_wconf 88' lang='lat' dir='ltr'><strong>religio</strong></span> <span class='ocrx_word' id='word_1_422' title='bbox 1481 4066 1576 4120; x_wconf 90' lang='lat' dir='ltr'><strong>Dei</strong></span> <span class='ocrx_word' id='word_1_423' title='bbox 1604 4065 1671 4119; x_wconf 90' lang='lat' dir='ltr'><strong>ad</strong></span> <span class='ocrx_word' id='word_1_424' title='bbox 1701 4081 1795 4121; x_wconf 91' lang='lat' dir='ltr'><strong>so-</strong></span> 
     </span>
    </p>
   </div>
   <div class='ocr_carea' id='block_1_59' title="bbox 208 4153 1796 4226">
    <p class='ocr_par' dir='ltr' id='par_1_59' title="bbox 208 4153 1796 4226">
     <span class='ocr_line' id='line_1_59' title="bbox 208 4153 1796 4226; baseline 0.003 -18"><span class='ocrx_word' id='word_1_425' title='bbox 208 4153 497 4209; x_wconf 89' lang='lat' dir='ltr'><strong>brietatem</strong></span> <span class='ocrx_word' id='word_1_426' title='bbox 529 4170 627 4211; x_wconf 90' lang='lat' dir='ltr'><strong>vos</strong></span> <span class='ocrx_word' id='word_1_427' title='bbox 660 4162 881 4211; x_wconf 87' lang='lat' dir='ltr'><strong>revocat</strong></span> <span class='ocrx_word' id='word_1_428' title='bbox 909 4164 964 4213; x_wconf 92' lang='lat' dir='ltr'><strong>et</strong></span> <span class='ocrx_word' id='word_1_429' title='bbox 994 4155 1313 4226; x_wconf 83' lang='lat' dir='ltr'><strong>pudicitiam</strong></span> <span class='ocrx_word' id='word_1_430' title='bbox 1333 4196 1350 4223; x_wconf 92' lang='lat'><strong>,</strong></span> <span class='ocrx_word' id='word_1_431' title='bbox 1385 4173 1415 4211; x_wconf 91' lang='lat' dir='ltr'><strong>a</strong></span> <span class='ocrx_word' id='word_1_432' title='bbox 1465 4159 1682 4213; x_wconf 84' lang='lat' dir='ltr'><strong>luxuria</strong></span> <span class='ocrx_word' id='word_1_433' title='bbox 1731 4172 1796 4212; x_wconf 91' lang='lat' dir='ltr'><strong>ac</strong></span> 
     </span>
    </p>
   </div>
   <div class='ocr_carea' id='block_1_60' title="bbox 206 4247 1795 4322">
    <p class='ocr_par' dir='ltr' id='par_1_60' title="bbox 206 4247 1795 4322">
     <span class='ocr_line' id='line_1_60' title="bbox 206 4247 1795 4322; baseline 0.002 -19"><span class='ocrx_word' id='word_1_434' title='bbox 206 4247 401 4303; x_wconf 78' lang='lat' dir='ltr'><strong>furore</strong></span> <span class='ocrx_word' id='word_1_435' title='bbox 426 4248 584 4318; x_wconf 87' lang='lat' dir='ltr'><strong>jubet</strong></span> <span class='ocrx_word' id='word_1_436' title='bbox 615 4264 740 4305; x_wconf 91' lang='lat' dir='ltr'><strong>esse</strong></span> <span class='ocrx_word' id='word_1_437' title='bbox 768 4250 1138 4316; x_wconf 89' lang='lat' dir='ltr'><strong>continentes,</strong></span> <span class='ocrx_word' id='word_1_438' title='bbox 1169 4261 1222 4306; x_wconf 91' lang='lat' dir='ltr'><strong>et</strong></span> <span class='ocrx_word' id='word_1_439' title='bbox 1250 4267 1347 4319; x_wconf 88' lang='lat' dir='ltr'><strong>per</strong></span> <span class='ocrx_word' id='word_1_440' title='bbox 1380 4252 1699 4322; x_wconf 88' lang='lat' dir='ltr'><strong>patientiam</strong></span> <span class='ocrx_word' id='word_1_441' title='bbox 1730 4267 1795 4306; x_wconf 90' lang='lat' dir='ltr'><strong>ac</strong></span> 
     </span>
    </p>
   </div>
   <div class='ocr_carea' id='block_1_61' title="bbox 203 4341 1794 4415">
    <p class='ocr_par' dir='ltr' id='par_1_61' title="bbox 203 4341 1794 4415">
     <span class='ocr_line' id='line_1_61' title="bbox 203 4341 1794 4415; baseline 0.003 -20"><span class='ocrx_word' id='word_1_442' title='bbox 203 4341 687 4397; x_wconf 86' lang='lat' dir='ltr'><strong>mansuetudinem</strong></span> <span class='ocrx_word' id='word_1_443' title='bbox 714 4358 966 4399; x_wconf 75' lang='lat' dir='ltr'><strong>resecare</strong></span> <span class='ocrx_word' id='word_1_444' title='bbox 990 4344 1176 4413; x_wconf 91' lang='lat' dir='ltr'><strong>lapsus</strong></span> <span class='ocrx_word' id='word_1_445' title='bbox 1206 4344 1522 4408; x_wconf 69' lang='lat' dir='ltr'><strong>iracundize,</strong></span> <span class='ocrx_word' id='word_1_446' title='bbox 1556 4346 1794 4415; x_wconf 90' lang='lat' dir='ltr'><strong>propriis</strong></span> 
     </span>
    </p>
   </div>
   <div class='ocr_carea' id='block_1_62' title="bbox 1922 1848 3510 1923">
    <p class='ocr_par' dir='ltr' id='par_1_62' title="bbox 1922 1848 3510 1923">
     <span class='ocr_line' id='line_1_62' title="bbox 1922 1848 3510 1923; baseline -0.004 -13"><span class='ocrx_word' id='word_1_447' title='bbox 1922 1855 2052 1910; x_wconf 92' lang='lat' dir='ltr'><strong>dum</strong></span> <span class='ocrx_word' id='word_1_448' title='bbox 2078 1855 2336 1909; x_wconf 90' lang='lat' dir='ltr'><strong>accidunt</strong></span> <span class='ocrx_word' id='word_1_449' title='bbox 2357 1855 2522 1910; x_wconf 91' lang='lat' dir='ltr'><strong>etiam</strong></span> <span class='ocrx_word' id='word_1_450' title='bbox 2554 1854 2640 1908; x_wconf 87' lang='lat' dir='ltr'><strong>his</strong></span> <span class='ocrx_word' id='word_1_451' title='bbox 2673 1853 2765 1923; x_wconf 90' lang='lat' dir='ltr'><strong>qui</strong></span> <span class='ocrx_word' id='word_1_452' title='bbox 2801 1851 2969 1905; x_wconf 89' lang='lat' dir='ltr'><strong>Deum</strong></span> <span class='ocrx_word' id='word_1_453' title='bbox 3001 1853 3210 1907; x_wconf 90' lang='lat' dir='ltr'><strong>colunt.</strong></span> <span class='ocrx_word' id='word_1_454' title='bbox 3259 1848 3377 1904; x_wconf 80' lang='lat' dir='ltr'><strong>Non</strong></span> <span class='ocrx_word' id='word_1_455' title='bbox 3424 1858 3510 1904; x_wconf 92' lang='lat' dir='ltr'><strong>est</strong></span> 
     </span>
    </p>
   </div>
   <div class='ocr_carea' id='block_1_63' title="bbox 1923 1942 3511 2012">
    <p class='ocr_par' dir='ltr' id='par_1_63' title="bbox 1923 1942 3511 2012">
     <span class='ocr_line' id='line_1_63' title="bbox 1923 1942 3511 2012; baseline -0.003 -12"><span class='ocrx_word' id='word_1_456' title='bbox 1923 1961 2146 2012; x_wconf 87' lang='lat' dir='ltr'><strong>verum;</strong></span> <span class='ocrx_word' id='word_1_457' title='bbox 2178 1946 2381 2000; x_wconf 89' lang='lat' dir='ltr'><strong>etenim</strong></span> <span class='ocrx_word' id='word_1_458' title='bbox 2409 1960 2512 2000; x_wconf 91' lang='lat' dir='ltr'><strong>nos</strong></span> <span class='ocrx_word' id='word_1_459' title='bbox 2552 1944 2704 1998; x_wconf 91' lang='lat' dir='ltr'><strong>illum</strong></span> <span class='ocrx_word' id='word_1_460' title='bbox 2748 1942 2843 1997; x_wconf 91' lang='lat' dir='ltr'><strong>Dei</strong></span> <span class='ocrx_word' id='word_1_461' title='bbox 2889 1944 3129 1997; x_wconf 89' lang='lat' dir='ltr'><strong>dicimus</strong></span> <span class='ocrx_word' id='word_1_462' title='bbox 3160 1957 3284 1997; x_wconf 90' lang='lat' dir='ltr'><strong>esse</strong></span> <span class='ocrx_word' id='word_1_463' title='bbox 3330 1943 3511 1997; x_wconf 84' lang='lat' dir='ltr'><strong>culto-</strong></span> 
     </span>
    </p>
   </div>
   <div class='ocr_carea' id='block_1_64' title="bbox 1918 2034 3510 2110">
    <p class='ocr_par' dir='ltr' id='par_1_64' title="bbox 1918 2034 3510 2110">
     <span class='ocr_line' id='line_1_64' title="bbox 1918 2034 3510 2110; baseline -0.003 -17"><span class='ocrx_word' id='word_1_464' title='bbox 1918 2055 2055 2107; x_wconf 90' lang='lat' dir='ltr'><strong>rem,</strong></span> <span class='ocrx_word' id='word_1_465' title='bbox 2091 2039 2186 2110; x_wconf 91' lang='lat' dir='ltr'><strong>qui</strong></span> <span class='ocrx_word' id='word_1_466' title='bbox 2221 2039 2557 2092; x_wconf 86' lang='lat' dir='ltr'><strong>voluntatem</strong></span> <span class='ocrx_word' id='word_1_467' title='bbox 2587 2034 2683 2091; x_wconf 93' lang='lat' dir='ltr'><strong>Dei</strong></span> <span class='ocrx_word' id='word_1_468' title='bbox 2706 2035 2838 2090; x_wconf 80' lang='lat' dir='ltr'><strong>facit</strong></span> <span class='ocrx_word' id='word_1_469' title='bbox 2865 2044 2919 2090; x_wconf 92' lang='lat' dir='ltr'><strong>et</strong></span> <span class='ocrx_word' id='word_1_470' title='bbox 2953 2036 3086 2106; x_wconf 84' lang='lat' dir='ltr'><strong>legis</strong></span> <span class='ocrx_word' id='word_1_471' title='bbox 3120 2044 3387 2104; x_wconf 71' lang='lat' dir='ltr'><strong>praecepta</strong></span> <span class='ocrx_word' id='word_1_472' title='bbox 3409 2050 3510 2088; x_wconf 88' lang='lat' dir='ltr'><strong>cu-</strong></span> 
     </span>
    </p>
   </div>
   <div class='ocr_carea' id='block_1_65' title="bbox 1918 2127 3511 2200">
    <p class='ocr_par' dir='ltr' id='par_1_65' title="bbox 1918 2127 3511 2200">
     <span class='ocr_line' id='line_1_65' title="bbox 1918 2127 3511 2200; baseline -0.003 -14"><span class='ocrx_word' id='word_1_473' title='bbox 1918 2131 2110 2186; x_wconf 90' lang='lat' dir='ltr'><strong>stodit.</strong></span> <span class='ocrx_word' id='word_1_474' title='bbox 2142 2129 2298 2200; x_wconf 89' lang='lat' dir='ltr'><strong>Apud</strong></span> <span class='ocrx_word' id='word_1_475' title='bbox 2333 2128 2504 2184; x_wconf 88' lang='lat' dir='ltr'><strong>Deum</strong></span> <span class='ocrx_word' id='word_1_476' title='bbox 2535 2128 2682 2182; x_wconf 91' lang='lat' dir='ltr'><strong>enim</strong></span> <span class='ocrx_word' id='word_1_477' title='bbox 2704 2144 2814 2182; x_wconf 91' lang='lat' dir='ltr'><strong>non</strong></span> <span class='ocrx_word' id='word_1_478' title='bbox 2847 2128 2938 2182; x_wconf 89' lang='lat' dir='ltr'><strong>ille</strong></span> <span class='ocrx_word' id='word_1_479' title='bbox 2964 2129 3059 2198; x_wconf 89' lang='lat' dir='ltr'><strong>qui</strong></span> <span class='ocrx_word' id='word_1_480' title='bbox 3084 2127 3229 2197; x_wconf 90' lang='lat' dir='ltr'><strong>apud</strong></span> <span class='ocrx_word' id='word_1_481' title='bbox 3254 2127 3511 2183; x_wconf 82' lang='lat' dir='ltr'><strong>homines</strong></span> 
     </span>
    </p>
   </div>
   <div class='ocr_carea' id='block_1_66' title="bbox 1914 2219 3507 2290">
    <p class='ocr_par' dir='ltr' id='par_1_66' title="bbox 1914 2219 3507 2290">
     <span class='ocr_line' id='line_1_66' title="bbox 1914 2219 3507 2290; baseline -0.003 -12"><span class='ocrx_word' id='word_1_482' title='bbox 1914 2222 2137 2278; x_wconf 66' lang='lat' dir='ltr'><strong>Iudaeus</strong></span> <span class='ocrx_word' id='word_1_483' title='bbox 2165 2221 2384 2286; x_wconf 91' lang='lat' dir='ltr'><strong>dicitur,</strong></span> <span class='ocrx_word' id='word_1_484' title='bbox 2417 2219 2638 2275; x_wconf 66' lang='lat' dir='ltr'><strong>Iudaeus</strong></span> <span class='ocrx_word' id='word_1_485' title='bbox 2670 2228 2775 2286; x_wconf 92' lang='lat' dir='ltr'><strong>est,</strong></span> <span class='ocrx_word' id='word_1_486' title='bbox 2818 2236 2996 2289; x_wconf 91' lang='lat' dir='ltr'><strong>neque</strong></span> <span class='ocrx_word' id='word_1_487' title='bbox 3041 2220 3133 2290; x_wconf 92' lang='lat' dir='ltr'><strong>qui</strong></span> <span class='ocrx_word' id='word_1_488' title='bbox 3162 2220 3381 2289; x_wconf 87' lang='lat' dir='ltr'><strong>gentilis</strong></span> <span class='ocrx_word' id='word_1_489' title='bbox 3412 2235 3507 2273; x_wconf 89' lang='lat' dir='ltr'><strong>vo-</strong></span> 
     </span>
    </p>
   </div>
   <div class='ocr_carea' id='block_1_67' title="bbox 1914 2311 3508 2385">
    <p class='ocr_par' dir='ltr' id='par_1_67' title="bbox 1914 2311 3508 2385">
     <span class='ocr_line' id='line_1_67' title="bbox 1914 2311 3508 2385; baseline -0.004 -13"><span class='ocrx_word' id='word_1_490' title='bbox 1914 2323 2091 2383; x_wconf 88' lang='lat' dir='ltr'><strong>catur,</strong></span> <span class='ocrx_word' id='word_1_491' title='bbox 2126 2316 2214 2369; x_wconf 88' lang='lat' dir='ltr'><strong>ille</strong></span> <span class='ocrx_word' id='word_1_492' title='bbox 2239 2314 2457 2385; x_wconf 85' lang='lat' dir='ltr'><strong>gentilis</strong></span> <span class='ocrx_word' id='word_1_493' title='bbox 2478 2311 2642 2380; x_wconf 78' lang='lat' dir='ltr'><strong>est“,</strong></span> <span class='ocrx_word' id='word_1_494' title='bbox 2678 2312 2772 2367; x_wconf 90' lang='lat' dir='ltr'><strong>sed</strong></span> <span class='ocrx_word' id='word_1_495' title='bbox 2801 2314 2890 2382; x_wconf 92' lang='lat' dir='ltr'><strong>qui</strong></span> <span class='ocrx_word' id='word_1_496' title='bbox 2925 2311 3035 2366; x_wconf 91' lang='lat' dir='ltr'><strong>Deo</strong></span> <span class='ocrx_word' id='word_1_497' title='bbox 3065 2312 3299 2367; x_wconf 86' lang='lat' dir='ltr'><strong>credens</strong></span> <span class='ocrx_word' id='word_1_498' title='bbox 3333 2312 3508 2383; x_wconf 86' lang='lat' dir='ltr'><strong>legem</strong></span> 
     </span>
    </p>
   </div>
   <div class='ocr_carea' id='block_1_68' title="bbox 1914 2404 3505 2479">
    <p class='ocr_par' dir='ltr' id='par_1_68' title="bbox 1914 2404 3505 2479">
     <span class='ocr_line' id='line_1_68' title="bbox 1914 2404 3505 2479; baseline -0.004 -16"><span class='ocrx_word' id='word_1_499' title='bbox 1914 2408 2220 2479; x_wconf 87' lang='lat' dir='ltr'><strong>impleverit</strong></span> <span class='ocrx_word' id='word_1_500' title='bbox 2254 2422 2318 2460; x_wconf 90' lang='lat' dir='ltr'><strong>ac</strong></span> <span class='ocrx_word' id='word_1_501' title='bbox 2346 2406 2687 2459; x_wconf 88' lang='lat' dir='ltr'><strong>voluntatem</strong></span> <span class='ocrx_word' id='word_1_502' title='bbox 2727 2404 2848 2473; x_wconf 88' lang='lat' dir='ltr'><strong>ejus</strong></span> <span class='ocrx_word' id='word_1_503' title='bbox 2894 2404 3106 2470; x_wconf 78' lang='lat' dir='ltr'><strong>fecerit,</strong></span> <span class='ocrx_word' id='word_1_504' title='bbox 3139 2404 3359 2459; x_wconf 90' lang='lat' dir='ltr'><strong>etiamsi</strong></span> <span class='ocrx_word' id='word_1_505' title='bbox 3392 2419 3505 2458; x_wconf 91' lang='lat' dir='ltr'><strong>non</strong></span> 
     </span>
    </p>
   </div>
   <div class='ocr_carea' id='block_1_69' title="bbox 1912 2496 3511 2566">
    <p class='ocr_par' dir='ltr' id='par_1_69' title="bbox 1912 2496 3511 2566">
     <span class='ocr_line' id='line_1_69' title="bbox 1912 2496 3511 2566; baseline -0.003 -11"><span class='ocrx_word' id='word_1_506' title='bbox 1912 2502 1985 2556; x_wconf 89' lang='lat' dir='ltr'><strong>sit</strong></span> <span class='ocrx_word' id='word_1_507' title='bbox 2012 2496 2583 2554; x_wconf 81' lang='lat' dir='ltr'><strong>circumcisus.Verus</strong></span> <span class='ocrx_word' id='word_1_508' title='bbox 2615 2496 2710 2551; x_wconf 90' lang='lat' dir='ltr'><strong>Dei</strong></span> <span class='ocrx_word' id='word_1_509' title='bbox 2740 2497 2924 2551; x_wconf 88' lang='lat' dir='ltr'><strong>cultor</strong></span> <span class='ocrx_word' id='word_1_510' title='bbox 2950 2498 3127 2562; x_wconf 85' lang='lat' dir='ltr'><strong>estis,</strong></span> <span class='ocrx_word' id='word_1_511' title='bbox 3160 2497 3253 2566; x_wconf 89' lang='lat' dir='ltr'><strong>qui</strong></span> <span class='ocrx_word' id='word_1_512' title='bbox 3281 2512 3390 2550; x_wconf 91' lang='lat' dir='ltr'><strong>non</strong></span> <span class='ocrx_word' id='word_1_513' title='bbox 3421 2513 3511 2551; x_wconf 82' lang='lat' dir='ltr'><strong>so.</strong></span> 
     </span>
    </p>
   </div>
   <div class='ocr_carea' id='block_1_70' title="bbox 1911 2590 3502 2663">
    <p class='ocr_par' dir='ltr' id='par_1_70' title="bbox 1911 2590 3502 2663">
     <span class='ocr_line' id='line_1_70' title="bbox 1911 2590 3502 2663; baseline -0.002 -15"><span class='ocrx_word' id='word_1_514' title='bbox 1911 2594 2025 2648; x_wconf 89' lang='lat' dir='ltr'><strong>lum</strong></span> <span class='ocrx_word' id='word_1_515' title='bbox 2058 2593 2173 2663; x_wconf 90' lang='lat' dir='ltr'><strong>ipse</strong></span> <span class='ocrx_word' id='word_1_516' title='bbox 2199 2608 2228 2645; x_wconf 90' lang='lat' dir='ltr'><strong>a</strong></span> <span class='ocrx_word' id='word_1_517' title='bbox 2256 2590 2607 2661; x_wconf 88' lang='lat' dir='ltr'><strong>passionibus</strong></span> <span class='ocrx_word' id='word_1_518' title='bbox 2636 2591 2775 2645; x_wconf 91' lang='lat' dir='ltr'><strong>liber</strong></span> <span class='ocrx_word' id='word_1_519' title='bbox 2805 2598 2909 2655; x_wconf 88' lang='lat' dir='ltr'><strong>est,</strong></span> <span class='ocrx_word' id='word_1_520' title='bbox 2949 2605 3138 2644; x_wconf 90' lang='lat' dir='ltr'><strong>verum</strong></span> <span class='ocrx_word' id='word_1_521' title='bbox 3170 2598 3222 2644; x_wconf 89' lang='lat' dir='ltr'><strong>et</strong></span> <span class='ocrx_word' id='word_1_522' title='bbox 3249 2591 3389 2644; x_wconf 90' lang='lat' dir='ltr'><strong>alios</strong></span> <span class='ocrx_word' id='word_1_523' title='bbox 3434 2591 3502 2646; x_wconf 82' lang='lat' dir='ltr'><strong>aI:</strong></span> 
     </span>
    </p>
   </div>
   <div class='ocr_carea' id='block_1_71' title="bbox 1907 2682 3506 2750">
    <p class='ocr_par' dir='ltr' id='par_1_71' title="bbox 1907 2682 3506 2750">
     <span class='ocr_line' id='line_1_71' title="bbox 1907 2682 3506 2750; baseline -0.004 -10"><span class='ocrx_word' id='word_1_524' title='bbox 1907 2684 1990 2740; x_wconf 90' lang='lat' dir='ltr'><strong>eis</strong></span> <span class='ocrx_word' id='word_1_525' title='bbox 2032 2683 2234 2737; x_wconf 87' lang='lat' dir='ltr'><strong>liberos</strong></span> <span class='ocrx_word' id='word_1_526' title='bbox 2265 2682 2463 2748; x_wconf 87' lang='lat' dir='ltr'><strong>reddit,</strong></span> <span class='ocrx_word' id='word_1_527' title='bbox 2494 2682 2710 2736; x_wconf 91' lang='lat' dir='ltr'><strong>etiamsi</strong></span> <span class='ocrx_word' id='word_1_528' title='bbox 2739 2682 2849 2737; x_wconf 86' lang='lat' dir='ltr'><strong>sint</strong></span> <span class='ocrx_word' id='word_1_529' title='bbox 2889 2682 2963 2736; x_wconf 89' lang='lat' dir='ltr'><strong>ita</strong></span> <span class='ocrx_word' id='word_1_530' title='bbox 2996 2697 3191 2750; x_wconf 83' lang='lat' dir='ltr'><strong>graves</strong></span> <span class='ocrx_word' id='word_1_531' title='bbox 3219 2688 3277 2735; x_wconf 92' lang='lat' dir='ltr'><strong>ut</strong></span> <span class='ocrx_word' id='word_1_532' title='bbox 3308 2683 3506 2735; x_wconf 87' lang='lat' dir='ltr'><strong>monti-</strong></span> 
     </span>
    </p>
   </div>
   <div class='ocr_carea' id='block_1_72' title="bbox 1906 2772 3505 2845">
    <p class='ocr_par' dir='ltr' id='par_1_72' title="bbox 1906 2772 3505 2845">
     <span class='ocr_line' id='line_1_72' title="bbox 1906 2772 3505 2845; baseline 0 -16"><span class='ocrx_word' id='word_1_533' title='bbox 1906 2774 2010 2829; x_wconf 91' lang='lat' dir='ltr'><strong>bus</strong></span> <span class='ocrx_word' id='word_1_534' title='bbox 2058 2784 2445 2845; x_wconf 67' lang='lat' dir='ltr'><strong>cozequentur;</strong></span> <span class='ocrx_word' id='word_1_535' title='bbox 2493 2789 2590 2843; x_wconf 87' lang='lat' dir='ltr'><strong>per</strong></span> <span class='ocrx_word' id='word_1_536' title='bbox 2622 2774 2779 2827; x_wconf 87' lang='lat' dir='ltr'><strong>Iidem</strong></span> <span class='ocrx_word' id='word_1_537' title='bbox 2805 2788 2911 2843; x_wconf 90' lang='lat' dir='ltr'><strong>qua</strong></span> <span class='ocrx_word' id='word_1_538' title='bbox 2945 2772 3117 2827; x_wconf 91' lang='lat' dir='ltr'><strong>credit</strong></span> <span class='ocrx_word' id='word_1_539' title='bbox 3153 2774 3282 2841; x_wconf 85' lang='lat' dir='ltr'><strong>Deo,</strong></span> <span class='ocrx_word' id='word_1_540' title='bbox 3315 2780 3505 2829; x_wconf 87' lang='lat' dir='ltr'><strong>trans-</strong></span> 
     </span>
    </p>
   </div>
   <div class='ocr_carea' id='block_1_73' title="bbox 1909 2866 3500 2935">
    <p class='ocr_par' dir='ltr' id='par_1_73' title="bbox 1909 2866 3500 2935">
     <span class='ocr_line' id='line_1_73' title="bbox 1909 2866 3500 2935; baseline 0.001 -15"><span class='ocrx_word' id='word_1_541' title='bbox 1909 2869 2013 2921; x_wconf 85' lang='lat' dir='ltr'><strong>fert</strong></span> <span class='ocrx_word' id='word_1_542' title='bbox 2037 2883 2151 2935; x_wconf 89' lang='lat' dir='ltr'><strong>eas,</strong></span> <span class='ocrx_word' id='word_1_543' title='bbox 2184 2867 2280 2922; x_wconf 90' lang='lat' dir='ltr'><strong>sed</strong></span> <span class='ocrx_word' id='word_1_544' title='bbox 2304 2877 2358 2922; x_wconf 90' lang='lat' dir='ltr'><strong>et</strong></span> <span class='ocrx_word' id='word_1_545' title='bbox 2388 2875 2603 2921; x_wconf 90' lang='lat' dir='ltr'><strong>montes</strong></span> <span class='ocrx_word' id='word_1_546' title='bbox 2631 2882 2757 2920; x_wconf 90' lang='lat' dir='ltr'><strong>vere</strong></span> <span class='ocrx_word' id='word_1_547' title='bbox 2798 2880 2923 2919; x_wconf 90' lang='lat' dir='ltr'><strong>cum</strong></span> <span class='ocrx_word' id='word_1_548' title='bbox 2957 2866 3248 2921; x_wconf 88' lang='lat' dir='ltr'><strong>arboribus</strong></span> <span class='ocrx_word' id='word_1_549' title='bbox 3283 2867 3418 2931; x_wconf 85' lang='lat' dir='ltr'><strong>suis,</strong></span> <span class='ocrx_word' id='word_1_550' title='bbox 3452 2867 3500 2921; x_wconf 91' lang='lat' dir='ltr'><strong>si</strong></span> 
     </span>
    </p>
   </div>
   <div class='ocr_carea' id='block_1_74' title="bbox 1904 2957 3501 3029">
    <p class='ocr_par' dir='ltr' id='par_1_74' title="bbox 1904 2957 3501 3029">
     <span class='ocr_line' id='line_1_74' title="bbox 1904 2957 3501 3029; baseline -0.003 -14"><span class='ocrx_word' id='word_1_551' title='bbox 1904 2975 2133 3015; x_wconf 87' lang='lat' dir='ltr'><strong>necesse</strong></span> <span class='ocrx_word' id='word_1_552' title='bbox 2164 2960 2255 3027; x_wconf 90' lang='lat' dir='ltr'><strong>sit,</strong></span> <span class='ocrx_word' id='word_1_553' title='bbox 2292 2976 2388 3029; x_wconf 90' lang='lat' dir='ltr'><strong>per</strong></span> <span class='ocrx_word' id='word_1_554' title='bbox 2415 2959 2573 3013; x_wconf 73' lang='lat' dir='ltr'><strong>(idem</strong></span> <span class='ocrx_word' id='word_1_555' title='bbox 2611 2957 2949 3013; x_wconf 77' lang='lat' dir='ltr'><strong>transfert&quot;.</strong></span> <span class='ocrx_word' id='word_1_556' title='bbox 2984 2958 3087 3023; x_wconf 80' lang='lat' dir='ltr'><strong>Qui</strong></span> <span class='ocrx_word' id='word_1_557' title='bbox 3129 2966 3310 3013; x_wconf 90' lang='lat' dir='ltr'><strong>autem</strong></span> <span class='ocrx_word' id='word_1_558' title='bbox 3346 2960 3501 3012; x_wconf 88' lang='lat' dir='ltr'><strong>vide-</strong></span> 
     </span>
    </p>
   </div>
   <div class='ocr_carea' id='block_1_75' title="bbox 1908 3050 3500 3121">
    <p class='ocr_par' dir='ltr' id='par_1_75' title="bbox 1908 3050 3500 3121">
     <span class='ocr_line' id='line_1_75' title="bbox 1908 3050 3500 3121; baseline 0.001 -18"><span class='ocrx_word' id='word_1_559' title='bbox 1908 3060 1997 3106; x_wconf 91' lang='lat' dir='ltr'><strong>tur</strong></span> <span class='ocrx_word' id='word_1_560' title='bbox 2025 3052 2245 3121; x_wconf 90' lang='lat' dir='ltr'><strong>quidem</strong></span> <span class='ocrx_word' id='word_1_561' title='bbox 2272 3054 2453 3105; x_wconf 84' lang='lat' dir='ltr'><strong>colere</strong></span> <span class='ocrx_word' id='word_1_562' title='bbox 2479 3050 2670 3118; x_wconf 89' lang='lat' dir='ltr'><strong>Deum,</strong></span> <span class='ocrx_word' id='word_1_563' title='bbox 2700 3051 2797 3106; x_wconf 90' lang='lat' dir='ltr'><strong>sed</strong></span> <span class='ocrx_word' id='word_1_564' title='bbox 2823 3066 2996 3120; x_wconf 81' lang='lat' dir='ltr'><strong>neque</strong></span> <span class='ocrx_word' id='word_1_565' title='bbox 3022 3050 3124 3104; x_wconf 87' lang='lat' dir='ltr'><strong>lide</strong></span> <span class='ocrx_word' id='word_1_566' title='bbox 3141 3053 3297 3119; x_wconf 90' lang='lat' dir='ltr'><strong>plena</strong></span> <span class='ocrx_word' id='word_1_567' title='bbox 3320 3067 3500 3119; x_wconf 84' lang='lat' dir='ltr'><strong>neque</strong></span> 
     </span>
    </p>
   </div>
   <div class='ocr_carea' id='block_1_76' title="bbox 1908 3140 3495 3211">
    <p class='ocr_par' dir='ltr' id='par_1_76' title="bbox 1908 3140 3495 3211">
     <span class='ocr_line' id='line_1_76' title="bbox 1908 3140 3495 3211; baseline -0.001 -16"><span class='ocrx_word' id='word_1_568' title='bbox 1908 3143 2168 3211; x_wconf 88' lang='lat' dir='ltr'><strong>operibus</strong></span> <span class='ocrx_word' id='word_1_569' title='bbox 2220 3143 2603 3195; x_wconf 90' lang='lat' dir='ltr'><strong>mandatorum</strong></span> <span class='ocrx_word' id='word_1_570' title='bbox 2657 3143 2923 3207; x_wconf 89' lang='lat' dir='ltr'><strong>munitur,</strong></span> <span class='ocrx_word' id='word_1_571' title='bbox 2960 3140 3053 3195; x_wconf 86' lang='lat' dir='ltr'><strong>sed</strong></span> <span class='ocrx_word' id='word_1_572' title='bbox 3095 3150 3179 3195; x_wconf 90' lang='lat' dir='ltr'><strong>est</strong></span> <span class='ocrx_word' id='word_1_573' title='bbox 3218 3150 3495 3210; x_wconf 81' lang='lat' dir='ltr'><strong>peccator,</strong></span> 
     </span>
    </p>
   </div>
   <div class='ocr_carea' id='block_1_77' title="bbox 1910 3233 3494 3305">
    <p class='ocr_par' dir='ltr' id='par_1_77' title="bbox 1910 3233 3494 3305">
     <span class='ocr_line' id='line_1_77' title="bbox 1910 3233 3494 3305; baseline 0 -17"><span class='ocrx_word' id='word_1_574' title='bbox 1910 3249 2007 3305; x_wconf 89' lang='lat' dir='ltr'><strong>pro</strong></span> <span class='ocrx_word' id='word_1_575' title='bbox 2040 3234 2279 3304; x_wconf 87' lang='lat' dir='ltr'><strong>peccatis</strong></span> <span class='ocrx_word' id='word_1_576' title='bbox 2307 3235 2487 3288; x_wconf 91' lang='lat' dir='ltr'><strong>locum</strong></span> <span class='ocrx_word' id='word_1_577' title='bbox 2518 3233 2666 3288; x_wconf 92' lang='lat' dir='ltr'><strong>dedit</strong></span> <span class='ocrx_word' id='word_1_578' title='bbox 2699 3235 2755 3287; x_wconf 91' lang='lat' dir='ltr'><strong>in</strong></span> <span class='ocrx_word' id='word_1_579' title='bbox 2784 3233 3084 3302; x_wconf 88' lang='lat' dir='ltr'><strong>semetipso</strong></span> <span class='ocrx_word' id='word_1_580' title='bbox 3119 3233 3494 3302; x_wconf 81' lang='lat' dir='ltr'><strong>passionibus,</strong></span> 
     </span>
    </p>
   </div>
   <div class='ocr_carea' id='block_1_78' title="bbox 1907 3325 3492 3396">
    <p class='ocr_par' dir='ltr' id='par_1_78' title="bbox 1907 3325 3492 3396">
     <span class='ocr_line' id='line_1_78' title="bbox 1907 3325 3492 3396; baseline 0.001 -21"><span class='ocrx_word' id='word_1_581' title='bbox 1907 3343 2027 3396; x_wconf 73' lang='lat' dir='ltr'><strong>qua:</strong></span> <span class='ocrx_word' id='word_1_582' title='bbox 2054 3327 2121 3381; x_wconf 87' lang='lat' dir='ltr'><strong>ad</strong></span> <span class='ocrx_word' id='word_1_583' title='bbox 2160 3340 2374 3396; x_wconf 73' lang='lat' dir='ltr'><strong>pmnam</strong></span> <span class='ocrx_word' id='word_1_584' title='bbox 2408 3327 2751 3395; x_wconf 89' lang='lat' dir='ltr'><strong>peccantium</strong></span> <span class='ocrx_word' id='word_1_585' title='bbox 2787 3326 3105 3379; x_wconf 67' lang='lat' dir='ltr'><strong>constitutae</strong></span> <span class='ocrx_word' id='word_1_586' title='bbox 3137 3332 3266 3379; x_wconf 91' lang='lat' dir='ltr'><strong>sunt</strong></span> <span class='ocrx_word' id='word_1_587' title='bbox 3299 3341 3329 3378; x_wconf 92' lang='lat' dir='ltr'><strong>a</strong></span> <span class='ocrx_word' id='word_1_588' title='bbox 3359 3325 3492 3390; x_wconf 82' lang='lat' dir='ltr'><strong>Deo,</strong></span> 
     </span>
    </p>
   </div>
   <div class='ocr_carea' id='block_1_79' title="bbox 1905 3418 3495 3491">
    <p class='ocr_par' dir='ltr' id='par_1_79' title="bbox 1905 3418 3495 3491">
     <span class='ocr_line' id='line_1_79' title="bbox 1905 3418 3495 3491; baseline -0.004 -14"><span class='ocrx_word' id='word_1_589' title='bbox 1905 3430 1966 3477; x_wconf 91' lang='lat' dir='ltr'><strong>ut</strong></span> <span class='ocrx_word' id='word_1_590' title='bbox 2006 3422 2077 3477; x_wconf 90' lang='lat' dir='ltr'><strong>ab</strong></span> <span class='ocrx_word' id='word_1_591' title='bbox 2101 3422 2182 3475; x_wconf 81' lang='lat' dir='ltr'><strong>eis</strong></span> <span class='ocrx_word' id='word_1_592' title='bbox 2218 3436 2315 3491; x_wconf 91' lang='lat' dir='ltr'><strong>per</strong></span> <span class='ocrx_word' id='word_1_593' title='bbox 2342 3420 2494 3474; x_wconf 85' lang='lat' dir='ltr'><strong>illata</strong></span> <span class='ocrx_word' id='word_1_594' title='bbox 2530 3418 2799 3489; x_wconf 91' lang='lat' dir='ltr'><strong>supplicia</strong></span> <span class='ocrx_word' id='word_1_595' title='bbox 2829 3419 3052 3489; x_wconf 81' lang='lat' dir='ltr'><strong>exigant</strong></span> <span class='ocrx_word' id='word_1_596' title='bbox 3085 3419 3267 3473; x_wconf 87' lang='lat' dir='ltr'><strong>debita</strong></span> <span class='ocrx_word' id='word_1_597' title='bbox 3300 3434 3495 3487; x_wconf 73' lang='lat' dir='ltr'><strong>pecca-</strong></span> 
     </span>
    </p>
   </div>
   <div class='ocr_carea' id='block_1_80' title="bbox 1903 3510 3495 3583">
    <p class='ocr_par' dir='ltr' id='par_1_80' title="bbox 1903 3510 3495 3583">
     <span class='ocr_line' id='line_1_80' title="bbox 1903 3510 3495 3583; baseline -0.002 -17"><span class='ocrx_word' id='word_1_598' title='bbox 1903 3520 2107 3579; x_wconf 88' lang='lat' dir='ltr'><strong>torum,</strong></span> <span class='ocrx_word' id='word_1_599' title='bbox 2147 3520 2202 3566; x_wconf 91' lang='lat' dir='ltr'><strong>et</strong></span> <span class='ocrx_word' id='word_1_600' title='bbox 2255 3511 2597 3583; x_wconf 87' lang='lat' dir='ltr'><strong>purgatiores</strong></span> <span class='ocrx_word' id='word_1_601' title='bbox 2647 3526 2744 3566; x_wconf 90' lang='lat' dir='ltr'><strong>eos</strong></span> <span class='ocrx_word' id='word_1_602' title='bbox 2792 3511 2858 3564; x_wconf 92' lang='lat' dir='ltr'><strong>ad</strong></span> <span class='ocrx_word' id='word_1_603' title='bbox 2888 3511 3159 3579; x_wconf 89' lang='lat' dir='ltr'><strong>judicium</strong></span> <span class='ocrx_word' id='word_1_604' title='bbox 3194 3510 3325 3563; x_wconf 86' lang='lat' dir='ltr'><strong>illud</strong></span> <span class='ocrx_word' id='word_1_605' title='bbox 3373 3526 3495 3563; x_wconf 83' lang='lat' dir='ltr'><strong>om-</strong></span> 
     </span>
    </p>
   </div>
   <div class='ocr_carea' id='block_1_81' title="bbox 1904 3603 3497 3677">
    <p class='ocr_par' dir='ltr' id='par_1_81' title="bbox 1904 3603 3497 3677">
     <span class='ocr_line' id='line_1_81' title="bbox 1904 3603 3497 3677; baseline -0.003 -16"><span class='ocrx_word' id='word_1_606' title='bbox 1904 3607 2055 3662; x_wconf 89' lang='lat' dir='ltr'><strong>nium</strong></span> <span class='ocrx_word' id='word_1_607' title='bbox 2110 3606 2363 3677; x_wconf 89' lang='lat' dir='ltr'><strong>generale</strong></span> <span class='ocrx_word' id='word_1_608' title='bbox 2416 3604 2743 3674; x_wconf 88' lang='lat' dir='ltr'><strong>perducant,</strong></span> <span class='ocrx_word' id='word_1_609' title='bbox 2780 3604 2827 3657; x_wconf 92' lang='lat' dir='ltr'><strong>si</strong></span> <span class='ocrx_word' id='word_1_610' title='bbox 2858 3613 3040 3656; x_wconf 83' lang='lat' dir='ltr'><strong>tamen</strong></span> <span class='ocrx_word' id='word_1_611' title='bbox 3072 3603 3497 3673; x_wconf 82' lang='lat' dir='ltr'><strong>castigationem</strong></span> 
     </span>
    </p>
   </div>
   <div class='ocr_carea' id='block_1_82' title="bbox 1902 3695 3491 3764">
    <p class='ocr_par' dir='ltr' id='par_1_82' title="bbox 1902 3695 3491 3764">
     <span class='ocr_line' id='line_1_82' title="bbox 1902 3695 3491 3764; baseline -0.004 -11"><span class='ocrx_word' id='word_1_612' title='bbox 1902 3714 2092 3754; x_wconf 90' lang='lat' dir='ltr'><strong>eorum</strong></span> <span class='ocrx_word' id='word_1_613' title='bbox 2125 3714 2233 3752; x_wconf 92' lang='lat' dir='ltr'><strong>non</strong></span> <span class='ocrx_word' id='word_1_614' title='bbox 2262 3697 2482 3751; x_wconf 89' lang='lat' dir='ltr'><strong>deserat</strong></span> <span class='ocrx_word' id='word_1_615' title='bbox 2514 3696 2667 3750; x_wconf 85' lang='lat' dir='ltr'><strong>lldes.</strong></span> <span class='ocrx_word' id='word_1_616' title='bbox 2700 3695 2835 3748; x_wconf 84' lang='lat' dir='ltr'><strong>Nam</strong></span> <span class='ocrx_word' id='word_1_617' title='bbox 2864 3695 3163 3749; x_wconf 80' lang='lat' dir='ltr'><strong>inﬁdelium</strong></span> <span class='ocrx_word' id='word_1_618' title='bbox 3199 3696 3491 3764; x_wconf 87' lang='lat' dir='ltr'><strong>castigatio</strong></span> 
     </span>
    </p>
   </div>
   <div class='ocr_carea' id='block_1_83' title="bbox 1902 3789 3491 3863">
    <p class='ocr_par' dir='ltr' id='par_1_83' title="bbox 1902 3789 3491 3863">
     <span class='ocr_line' id='line_1_83' title="bbox 1902 3789 3491 3863; baseline -0.001 -16"><span class='ocrx_word' id='word_1_619' title='bbox 1902 3793 1957 3847; x_wconf 90' lang='lat' dir='ltr'><strong>in</strong></span> <span class='ocrx_word' id='word_1_620' title='bbox 1990 3792 2243 3863; x_wconf 76' lang='lat' dir='ltr'><strong>praesenti</strong></span> <span class='ocrx_word' id='word_1_621' title='bbox 2272 3792 2379 3845; x_wconf 89' lang='lat' dir='ltr'><strong>vita</strong></span> <span class='ocrx_word' id='word_1_622' title='bbox 2402 3789 2671 3859; x_wconf 90' lang='lat' dir='ltr'><strong>judicium</strong></span> <span class='ocrx_word' id='word_1_623' title='bbox 2702 3796 2807 3855; x_wconf 86' lang='lat' dir='ltr'><strong>est,</strong></span> <span class='ocrx_word' id='word_1_624' title='bbox 2858 3805 2967 3860; x_wconf 92' lang='lat' dir='ltr'><strong>quo</strong></span> <span class='ocrx_word' id='word_1_625' title='bbox 3015 3790 3180 3844; x_wconf 88' lang='lat' dir='ltr'><strong>alieni</strong></span> <span class='ocrx_word' id='word_1_626' title='bbox 3252 3789 3491 3846; x_wconf 75' lang='lat' dir='ltr'><strong>existere</strong></span> 
     </span>
    </p>
   </div>
   <div class='ocr_carea' id='block_1_84' title="bbox 1903 3882 3489 3957">
    <p class='ocr_par' dir='ltr' id='par_1_84' title="bbox 1903 3882 3489 3957">
     <span class='ocr_line' id='line_1_84' title="bbox 1903 3882 3489 3957; baseline -0.003 -15"><span class='ocrx_word' id='word_1_627' title='bbox 1903 3888 2174 3957; x_wconf 90' lang='lat' dir='ltr'><strong>incipiunt</strong></span> <span class='ocrx_word' id='word_1_628' title='bbox 2206 3901 2235 3939; x_wconf 93' lang='lat' dir='ltr'><strong>a</strong></span> <span class='ocrx_word' id='word_1_629' title='bbox 2261 3884 2461 3940; x_wconf 77' lang='lat' dir='ltr'><strong>futuris</strong></span> <span class='ocrx_word' id='word_1_630' title='bbox 2487 3885 2674 3949; x_wconf 88' lang='lat' dir='ltr'><strong>bonis;</strong></span> <span class='ocrx_word' id='word_1_631' title='bbox 2702 3882 2871 3937; x_wconf 92' lang='lat' dir='ltr'><strong>Deum</strong></span> <span class='ocrx_word' id='word_1_632' title='bbox 2904 3898 3032 3937; x_wconf 90' lang='lat' dir='ltr'><strong>vero</strong></span> <span class='ocrx_word' id='word_1_633' title='bbox 3068 3884 3363 3938; x_wconf 89' lang='lat' dir='ltr'><strong>colentium</strong></span> <span class='ocrx_word' id='word_1_634' title='bbox 3394 3899 3489 3937; x_wconf 86' lang='lat' dir='ltr'><strong>ca-</strong></span> 
     </span>
    </p>
   </div>
   <div class='ocr_carea' id='block_1_85' title="bbox 1901 3974 3489 4051">
    <p class='ocr_par' dir='ltr' id='par_1_85' title="bbox 1901 3974 3489 4051">
     <span class='ocr_line' id='line_1_85' title="bbox 1901 3974 3489 4051; baseline -0.005 -15"><span class='ocrx_word' id='word_1_635' title='bbox 1901 3980 2124 4051; x_wconf 90' lang='lat' dir='ltr'><strong>stigatio</strong></span> <span class='ocrx_word' id='word_1_636' title='bbox 2152 3992 2279 4033; x_wconf 91' lang='lat' dir='ltr'><strong>cum</strong></span> <span class='ocrx_word' id='word_1_637' title='bbox 2322 3992 2421 4048; x_wconf 90' lang='lat' dir='ltr'><strong>pro</strong></span> <span class='ocrx_word' id='word_1_638' title='bbox 2447 3978 2685 4047; x_wconf 90' lang='lat' dir='ltr'><strong>peccatis</strong></span> <span class='ocrx_word' id='word_1_639' title='bbox 2710 3994 2832 4047; x_wconf 67' lang='lat' dir='ltr'><strong>qua:</strong></span> <span class='ocrx_word' id='word_1_640' title='bbox 2858 3978 3163 4031; x_wconf 84' lang='lat' dir='ltr'><strong>acciderint</strong></span> <span class='ocrx_word' id='word_1_641' title='bbox 3191 3977 3272 4031; x_wconf 90' lang='lat' dir='ltr'><strong>eis</strong></span> <span class='ocrx_word' id='word_1_642' title='bbox 3315 3974 3489 4030; x_wconf 85' lang='lat' dir='ltr'><strong>infer-</strong></span> 
     </span>
    </p>
   </div>
   <div class='ocr_carea' id='block_1_86' title="bbox 1898 4068 3495 4139">
    <p class='ocr_par' dir='ltr' id='par_1_86' title="bbox 1898 4068 3495 4139">
     <span class='ocr_line' id='line_1_86' title="bbox 1898 4068 3495 4139; baseline -0.003 -15"><span class='ocrx_word' id='word_1_643' title='bbox 1898 4079 2009 4139; x_wconf 88' lang='lat' dir='ltr'><strong>tur,</strong></span> <span class='ocrx_word' id='word_1_644' title='bbox 2039 4071 2318 4125; x_wconf 88' lang='lat' dir='ltr'><strong>commissi</strong></span> <span class='ocrx_word' id='word_1_645' title='bbox 2350 4069 2419 4123; x_wconf 91' lang='lat' dir='ltr'><strong>ab</strong></span> <span class='ocrx_word' id='word_1_646' title='bbox 2445 4071 2525 4124; x_wconf 91' lang='lat' dir='ltr'><strong>eis</strong></span> <span class='ocrx_word' id='word_1_647' title='bbox 2552 4069 2720 4138; x_wconf 81' lang='lat' dir='ltr'><strong>exigit</strong></span> <span class='ocrx_word' id='word_1_648' title='bbox 2743 4070 3005 4135; x_wconf 89' lang='lat' dir='ltr'><strong>debitum,</strong></span> <span class='ocrx_word' id='word_1_649' title='bbox 3050 4076 3109 4122; x_wconf 93' lang='lat' dir='ltr'><strong>ut</strong></span> <span class='ocrx_word' id='word_1_650' title='bbox 3150 4068 3495 4137; x_wconf 66' lang='lat' dir='ltr'><strong>praevenien-</strong></span> 
     </span>
    </p>
   </div>
   <div class='ocr_carea' id='block_1_87' title="bbox 1897 4158 3485 4233">
    <p class='ocr_par' dir='ltr' id='par_1_87' title="bbox 1897 4158 3485 4233">
     <span class='ocr_line' id='line_1_87' title="bbox 1897 4158 3485 4233; baseline -0.004 -16"><span class='ocrx_word' id='word_1_651' title='bbox 1897 4171 1980 4220; x_wconf 92' lang='lat' dir='ltr'><strong>tes</strong></span> <span class='ocrx_word' id='word_1_652' title='bbox 2001 4162 2269 4233; x_wconf 90' lang='lat' dir='ltr'><strong>judicium</strong></span> <span class='ocrx_word' id='word_1_653' title='bbox 2295 4160 2348 4213; x_wconf 92' lang='lat' dir='ltr'><strong>in</strong></span> <span class='ocrx_word' id='word_1_654' title='bbox 2372 4161 2627 4230; x_wconf 69' lang='lat' dir='ltr'><strong>prmsenti</strong></span> <span class='ocrx_word' id='word_1_655' title='bbox 2651 4161 2852 4214; x_wconf 76' lang='lat' dir='ltr'><strong>saeculo</strong></span> <span class='ocrx_word' id='word_1_656' title='bbox 2872 4160 3084 4230; x_wconf 87' lang='lat' dir='ltr'><strong>peccati</strong></span> <span class='ocrx_word' id='word_1_657' title='bbox 3105 4159 3349 4213; x_wconf 87' lang='lat' dir='ltr'><strong>debitum</strong></span> <span class='ocrx_word' id='word_1_658' title='bbox 3374 4158 3485 4211; x_wconf 88' lang='lat' dir='ltr'><strong>sol-</strong></span> 
     </span>
    </p>
   </div>
   <div class='ocr_carea' id='block_1_88' title="bbox 1898 4250 3487 4321">
    <p class='ocr_par' dir='ltr' id='par_1_88' title="bbox 1898 4250 3487 4321">
     <span class='ocr_line' id='line_1_88' title="bbox 1898 4250 3487 4321; baseline -0.001 -15"><span class='ocrx_word' id='word_1_659' title='bbox 1898 4263 2048 4319; x_wconf 89' lang='lat' dir='ltr'><strong>vant,</strong></span> <span class='ocrx_word' id='word_1_660' title='bbox 2073 4262 2126 4308; x_wconf 93' lang='lat' dir='ltr'><strong>et</strong></span> <span class='ocrx_word' id='word_1_661' title='bbox 2162 4253 2462 4307; x_wconf 81' lang='lat' dir='ltr'><strong>liberentur</strong></span> <span class='ocrx_word' id='word_1_662' title='bbox 2497 4252 2580 4306; x_wconf 92' lang='lat' dir='ltr'><strong>vel</strong></span> <span class='ocrx_word' id='word_1_663' title='bbox 2603 4266 2667 4305; x_wconf 83' lang='lat' dir='ltr'><strong>ex</strong></span> <span class='ocrx_word' id='word_1_664' title='bbox 2704 4259 2861 4321; x_wconf 88' lang='lat' dir='ltr'><strong>parte</strong></span> <span class='ocrx_word' id='word_1_665' title='bbox 2902 4250 3083 4305; x_wconf 89' lang='lat' dir='ltr'><strong>media</strong></span> <span class='ocrx_word' id='word_1_666' title='bbox 3125 4250 3203 4305; x_wconf 89' lang='lat' dir='ltr'><strong>ab</strong></span> <span class='ocrx_word' id='word_1_667' title='bbox 3237 4250 3487 4316; x_wconf 64' lang='lat' dir='ltr'><strong>mternis,</strong></span> 
     </span>
    </p>
   </div>
   <div class='ocr_carea' id='block_1_89' title="bbox 1898 4343 2894 4417">
    <p class='ocr_par' dir='ltr' id='par_1_89' title="bbox 1898 4343 2894 4417">
     <span class='ocr_line' id='line_1_89' title="bbox 1898 4343 2894 4417; baseline -0.007 -16"><span class='ocrx_word' id='word_1_668' title='bbox 1898 4361 2020 4417; x_wconf 69' lang='lat' dir='ltr'><strong>quae</strong></span> <span class='ocrx_word' id='word_1_669' title='bbox 2045 4345 2155 4399; x_wconf 92' lang='lat' dir='ltr'><strong>illic</strong></span> <span class='ocrx_word' id='word_1_670' title='bbox 2178 4352 2496 4414; x_wconf 64' lang='lat' dir='ltr'><strong>praeparata:</strong></span> <span class='ocrx_word' id='word_1_671' title='bbox 2520 4352 2670 4408; x_wconf 88' lang='lat' dir='ltr'><strong>sunt,</strong></span> <span class='ocrx_word' id='word_1_672' title='bbox 2696 4343 2894 4412; x_wconf 64' lang='lat' dir='ltr'><strong>poenis.</strong></span> 
     </span>
    </p>
   </div>
   <div class='ocr_carea' id='block_1_90' title="bbox 202 4432 3487 4510">
    <p class='ocr_par' dir='ltr' id='par_1_90' title="bbox 202 4432 3487 4510">
     <span class='ocr_line' id='line_1_90' title="bbox 202 4432 3487 4510; baseline -0.001 -21"><span class='ocrx_word' id='word_1_673' title='bbox 202 4448 332 4489; x_wconf 82' lang='lat' dir='ltr'><strong>esse</strong></span> <span class='ocrx_word' id='word_1_674' title='bbox 368 4442 681 4500; x_wconf 91' lang='lat' dir='ltr'><strong>contentos,</strong></span> <span class='ocrx_word' id='word_1_675' title='bbox 716 4442 771 4490; x_wconf 89' lang='lat' dir='ltr'><strong>ct</strong></span> <span class='ocrx_word' id='word_1_676' title='bbox 800 4435 1003 4491; x_wconf 83' lang='lat' dir='ltr'><strong>virtute</strong></span> <span class='ocrx_word' id='word_1_677' title='bbox 1033 4437 1407 4506; x_wconf 71' lang='lat' dir='ltr'><strong>parcimoniae,</strong></span> <span class='ocrx_word' id='word_1_678' title='bbox 1442 4452 1511 4491; x_wconf 92' lang='lat' dir='ltr'><strong>ne</strong></span> <span class='ocrx_word' id='word_1_679' title='bbox 1553 4444 1793 4507; x_wconf 90' lang='lat' dir='ltr'><strong>egestate</strong></span> <span class='ocrx_word' id='word_1_680' title='bbox 1828 4435 1870 4490; x_wconf 95' lang='lat' dir='ltr'><strong>D</strong></span> <span class='ocrx_word' id='word_1_681' title='bbox 1968 4434 2185 4491; x_wconf 83' lang='lat' dir='ltr'><strong>XXXV.</strong></span> <span class='ocrx_word' id='word_1_682' title='bbox 2230 4434 2334 4510; x_wconf 81' lang='lat' dir='ltr'><strong>Sed</strong></span> <span class='ocrx_word' id='word_1_683' title='bbox 2357 4435 2470 4488; x_wconf 64' lang='lat' dir='ltr'><strong>haec</strong></span> <span class='ocrx_word' id='word_1_684' title='bbox 2496 4435 2567 4487; x_wconf 87' lang='lat' dir='ltr'><strong>ita</strong></span> <span class='ocrx_word' id='word_1_685' title='bbox 2593 4449 2715 4510; x_wconf 80' lang='lat' dir='ltr'><strong>esse</strong></span> <span class='ocrx_word' id='word_1_686' title='bbox 2736 4449 2846 4487; x_wconf 92' lang='lat' dir='ltr'><strong>non</strong></span> <span class='ocrx_word' id='word_1_687' title='bbox 2868 4432 3085 4502; x_wconf 85' lang='lat' dir='ltr'><strong>recipit,</strong></span> <span class='ocrx_word' id='word_1_688' title='bbox 3111 4432 3203 4502; x_wconf 85' lang='lat' dir='ltr'><strong>qui</strong></span> <span class='ocrx_word' id='word_1_689' title='bbox 3227 4446 3337 4485; x_wconf 92' lang='lat' dir='ltr'><strong>non</strong></span> <span class='ocrx_word' id='word_1_690' title='bbox 3358 4446 3487 4487; x_wconf 85' lang='lat' dir='ltr'><strong>cre-</strong></span> 
     </span>
    </p>
   </div>
   <div class='ocr_carea' id='block_1_91' title="bbox 202 4526 1793 4600">
    <p class='ocr_par' dir='ltr' id='par_1_91' title="bbox 202 4526 1793 4600">
     <span class='ocr_line' id='line_1_91' title="bbox 202 4526 1793 4600; baseline 0.004 -21"><span class='ocrx_word' id='word_1_691' title='bbox 202 4526 428 4598; x_wconf 87' lang='lat' dir='ltr'><strong>quidem</strong></span> <span class='ocrx_word' id='word_1_692' title='bbox 459 4528 777 4597; x_wconf 86' lang='lat' dir='ltr'><strong>compulsos</strong></span> <span class='ocrx_word' id='word_1_693' title='bbox 806 4529 983 4583; x_wconf 84' lang='lat' dir='ltr'><strong>aliena</strong></span> <span class='ocrx_word' id='word_1_694' title='bbox 1031 4528 1287 4600; x_wconf 89' lang='lat' dir='ltr'><strong>diripere,</strong></span> <span class='ocrx_word' id='word_1_695' title='bbox 1323 4529 1417 4585; x_wconf 91' lang='lat' dir='ltr'><strong>sed</strong></span> <span class='ocrx_word' id='word_1_696' title='bbox 1449 4530 1504 4583; x_wconf 91' lang='lat' dir='ltr'><strong>in</strong></span> <span class='ocrx_word' id='word_1_697' title='bbox 1537 4530 1793 4586; x_wconf 90' lang='lat' dir='ltr'><strong>omnibus</strong></span> 
     </span>
    </p>
   </div>
   <div class='ocr_carea' id='block_1_92' title="bbox 202 4617 1795 4692">
    <p class='ocr_par' dir='ltr' id='par_1_92' title="bbox 202 4617 1795 4692">
     <span class='ocr_line' id='line_1_92' title="bbox 202 4617 1795 4692; baseline 0.003 -19"><span class='ocrx_word' id='word_1_698' title='bbox 202 4633 428 4673; x_wconf 81' lang='lat' dir='ltr'><strong>servare</strong></span> <span class='ocrx_word' id='word_1_699' title='bbox 453 4617 745 4687; x_wconf 90' lang='lat' dir='ltr'><strong>justitiam,</strong></span> <span class='ocrx_word' id='word_1_700' title='bbox 769 4620 839 4673; x_wconf 91' lang='lat' dir='ltr'><strong>ab</strong></span> <span class='ocrx_word' id='word_1_701' title='bbox 868 4620 1137 4674; x_wconf 86' lang='lat' dir='ltr'><strong>idolorum</strong></span> <span class='ocrx_word' id='word_1_702' title='bbox 1168 4636 1265 4677; x_wconf 91' lang='lat' dir='ltr'><strong>vos</strong></span> <span class='ocrx_word' id='word_1_703' title='bbox 1296 4621 1670 4676; x_wconf 81' lang='lat' dir='ltr'><strong>immolatione</strong></span> <span class='ocrx_word' id='word_1_704' title='bbox 1700 4637 1795 4692; x_wconf 85' lang='lat' dir='ltr'><strong>pe-</strong></span> 
     </span>
    </p>
   </div>
   <div class='ocr_carea' id='block_1_93' title="bbox 200 4707 1791 4779">
    <p class='ocr_par' dir='ltr' id='par_1_93' title="bbox 200 4707 1791 4779">
     <span class='ocr_line' id='line_1_93' title="bbox 200 4707 1791 4779; baseline 0.005 -20"><span class='ocrx_word' id='word_1_705' title='bbox 200 4707 355 4761; x_wconf 89' lang='lat' dir='ltr'><strong>nitus</strong></span> <span class='ocrx_word' id='word_1_706' title='bbox 384 4721 700 4774; x_wconf 86' lang='lat' dir='ltr'><strong>removere;</strong></span> <span class='ocrx_word' id='word_1_707' title='bbox 748 4727 848 4779; x_wconf 75' lang='lat' dir='ltr'><strong>per</strong></span> <span class='ocrx_word' id='word_1_708' title='bbox 896 4712 1013 4765; x_wconf 72' lang='lat' dir='ltr'><strong>naac</strong></span> <span class='ocrx_word' id='word_1_709' title='bbox 1058 4711 1205 4765; x_wconf 88' lang='lat' dir='ltr'><strong>enim</strong></span> <span class='ocrx_word' id='word_1_710' title='bbox 1240 4711 1487 4767; x_wconf 89' lang='lat' dir='ltr'><strong>invitatis</strong></span> <span class='ocrx_word' id='word_1_711' title='bbox 1514 4713 1791 4767; x_wconf 65' lang='lat' dir='ltr'><strong>daemones</strong></span> 
     </span>
    </p>
   </div>
   <div class='ocr_carea' id='block_1_94' title="bbox 201 4799 1792 4876">
    <p class='ocr_par' dir='ltr' id='par_1_94' title="bbox 201 4799 1792 4876">
     <span class='ocr_line' id='line_1_94' title="bbox 201 4799 1792 4876; baseline 0.005 -23"><span class='ocrx_word' id='word_1_712' title='bbox 201 4799 272 4854; x_wconf 92' lang='lat' dir='ltr'><strong>ad</strong></span> <span class='ocrx_word' id='word_1_713' title='bbox 318 4803 702 4871; x_wconf 88' lang='lat' dir='ltr'><strong>vosmetipsos,</strong></span> <span class='ocrx_word' id='word_1_714' title='bbox 733 4812 788 4857; x_wconf 88' lang='lat' dir='ltr'><strong>et</strong></span> <span class='ocrx_word' id='word_1_715' title='bbox 838 4804 1151 4858; x_wconf 90' lang='lat' dir='ltr'><strong>introeundi</strong></span> <span class='ocrx_word' id='word_1_716' title='bbox 1199 4806 1281 4859; x_wconf 90' lang='lat' dir='ltr'><strong>eis</strong></span> <span class='ocrx_word' id='word_1_717' title='bbox 1330 4806 1539 4861; x_wconf 83' lang='lat' dir='ltr'><strong>aditum</strong></span> <span class='ocrx_word' id='word_1_718' title='bbox 1597 4815 1792 4876; x_wconf 89' lang='lat' dir='ltr'><strong>sponte</strong></span> 
     </span>
    </p>
   </div>
   <div class='ocr_carea' id='block_1_95' title="bbox 200 4892 1793 4964">
    <p class='ocr_par' dir='ltr' id='par_1_95' title="bbox 200 4892 1793 4964">
     <span class='ocr_line' id='line_1_95' title="bbox 200 4892 1793 4964; baseline 0.009 -20"><span class='ocrx_word' id='word_1_719' title='bbox 200 4892 482 4962; x_wconf 70' lang='lat' dir='ltr'><strong>praebetis,</strong></span> <span class='ocrx_word' id='word_1_720' title='bbox 517 4901 573 4947; x_wconf 92' lang='lat' dir='ltr'><strong>et</strong></span> <span class='ocrx_word' id='word_1_721' title='bbox 603 4908 667 4947; x_wconf 88' lang='lat' dir='ltr'><strong>ex</strong></span> <span class='ocrx_word' id='word_1_722' title='bbox 701 4894 802 4949; x_wconf 93' lang='lat' dir='ltr'><strong>hoc</strong></span> <span class='ocrx_word' id='word_1_723' title='bbox 828 4895 943 4964; x_wconf 89' lang='lat' dir='ltr'><strong>jam</strong></span> <span class='ocrx_word' id='word_1_724' title='bbox 970 4896 1055 4951; x_wconf 91' lang='lat' dir='ltr'><strong>vel</strong></span> <span class='ocrx_word' id='word_1_725' title='bbox 1085 4894 1290 4952; x_wconf 75' lang='lat' dir='ltr'><strong>luroris</strong></span> <span class='ocrx_word' id='word_1_726' title='bbox 1332 4913 1531 4954; x_wconf 90' lang='lat' dir='ltr'><strong>causas</strong></span> <span class='ocrx_word' id='word_1_727' title='bbox 1570 4899 1651 4954; x_wconf 89' lang='lat' dir='ltr'><strong>vel</strong></span> <span class='ocrx_word' id='word_1_728' title='bbox 1693 4900 1793 4958; x_wconf 85' lang='lat' dir='ltr'><strong>illi-</strong></span> 
     </span>
    </p>
   </div>
   <div class='ocr_carea' id='block_1_96' title="bbox 196 4986 826 5058">
    <p class='ocr_par' dir='ltr' id='par_1_96' title="bbox 196 4986 826 5058">
     <span class='ocr_line' id='line_1_96' title="bbox 196 4986 826 5058; baseline 0.006 -19"><span class='ocrx_word' id='word_1_729' title='bbox 196 4986 295 5039; x_wconf 79' lang='lat' dir='ltr'><strong>citi</strong></span> <span class='ocrx_word' id='word_1_730' title='bbox 324 4986 529 5041; x_wconf 84' lang='lat' dir='ltr'><strong>amoris</strong></span> <span class='ocrx_word' id='word_1_731' title='bbox 557 4988 826 5058; x_wconf 87' lang='lat' dir='ltr'><strong>accipitis.</strong></span> 
     </span>
    </p>
   </div>
   <div class='ocr_carea' id='block_1_97' title="bbox 270 5076 1782 5156">
    <p class='ocr_par' dir='ltr' id='par_1_97' title="bbox 270 5076 1782 5156">
     <span class='ocr_line' id='line_1_97' title="bbox 270 5076 1782 5156; baseline 0.009 -26"><span class='ocrx_word' id='word_1_732' title='bbox 270 5076 511 5134; x_wconf 79' lang='lat' dir='ltr'><strong>XXXIII.</strong></span> <span class='ocrx_word' id='word_1_733' title='bbox 558 5077 695 5134; x_wconf 89' lang='lat' dir='ltr'><strong>Hinc</strong></span> <span class='ocrx_word' id='word_1_734' title='bbox 742 5081 921 5136; x_wconf 92' lang='lat' dir='ltr'><strong>omnis</strong></span> <span class='ocrx_word' id='word_1_735' title='bbox 962 5080 1259 5153; x_wconf 89' lang='lat' dir='ltr'><strong>impietatis</strong></span> <span class='ocrx_word' id='word_1_736' title='bbox 1292 5085 1447 5156; x_wconf 87' lang='lat' dir='ltr'><strong>origo</strong></span> <span class='ocrx_word' id='word_1_737' title='bbox 1480 5086 1782 5154; x_wconf 85' lang='lat' dir='ltr'><strong>descendit,</strong></span> 
     </span>
    </p>
   </div>
   <div class='ocr_carea' id='block_1_98' title="bbox 198 5170 1787 5238">
    <p class='ocr_par' dir='ltr' id='par_1_98' title="bbox 198 5170 1787 5238">
     <span class='ocr_line' id='line_1_98' title="bbox 198 5170 1787 5238; baseline 0.007 -16"><span class='ocrx_word' id='word_1_738' title='bbox 198 5171 329 5223; x_wconf 79' lang='lat' dir='ltr'><strong>hinc</strong></span> <span class='ocrx_word' id='word_1_739' title='bbox 358 5170 673 5233; x_wconf 89' lang='lat' dir='ltr'><strong>homicidia,</strong></span> <span class='ocrx_word' id='word_1_740' title='bbox 702 5173 993 5238; x_wconf 90' lang='lat' dir='ltr'><strong>adulteria,</strong></span> <span class='ocrx_word' id='word_1_741' title='bbox 1022 5173 1188 5237; x_wconf 80' lang='lat' dir='ltr'><strong>furta,</strong></span> <span class='ocrx_word' id='word_1_742' title='bbox 1215 5182 1270 5230; x_wconf 90' lang='lat' dir='ltr'><strong>et</strong></span> <span class='ocrx_word' id='word_1_743' title='bbox 1296 5178 1651 5232; x_wconf 89' lang='lat' dir='ltr'><strong>seminarium</strong></span> <span class='ocrx_word' id='word_1_744' title='bbox 1674 5195 1787 5233; x_wconf 88' lang='lat' dir='ltr'><strong>ma-</strong></span> 
     </span>
    </p>
   </div>
   <div class='ocr_carea' id='block_1_99' title="bbox 195 5262 1787 5339">
    <p class='ocr_par' dir='ltr' id='par_1_99' title="bbox 195 5262 1787 5339">
     <span class='ocr_line' id='line_1_99' title="bbox 195 5262 1787 5339; baseline 0.007 -25"><span class='ocrx_word' id='word_1_745' title='bbox 195 5262 377 5314; x_wconf 90' lang='lat' dir='ltr'><strong>lorum</strong></span> <span class='ocrx_word' id='word_1_746' title='bbox 406 5262 650 5316; x_wconf 90' lang='lat' dir='ltr'><strong>omnium</strong></span> <span class='ocrx_word' id='word_1_747' title='bbox 682 5262 1121 5335; x_wconf 82' lang='lat' dir='ltr'><strong>ﬂagitiorumque</strong></span> <span class='ocrx_word' id='word_1_748' title='bbox 1149 5267 1473 5335; x_wconf 90' lang='lat' dir='ltr'><strong>concipitur,</strong></span> <span class='ocrx_word' id='word_1_749' title='bbox 1509 5269 1639 5322; x_wconf 93' lang='lat' dir='ltr'><strong>dum</strong></span> <span class='ocrx_word' id='word_1_750' title='bbox 1665 5286 1787 5339; x_wconf 49' lang='lat' dir='ltr'><strong>pro-</strong></span> 
     </span>
    </p>
   </div>
   <div class='ocr_carea' id='block_1_100' title="bbox 198 5354 1783 5431">
    <p class='ocr_par' dir='ltr' id='par_1_100' title="bbox 198 5354 1783 5431">
     <span class='ocr_line' id='line_1_100' title="bbox 198 5354 1783 5431; baseline 0.008 -24"><span class='ocrx_word' id='word_1_751' title='bbox 198 5357 344 5408; x_wconf 84' lang='lat' dir='ltr'><strong>lanis</strong></span> <span class='ocrx_word' id='word_1_752' title='bbox 390 5354 746 5413; x_wconf 89' lang='lat' dir='ltr'><strong>libaminibus</strong></span> <span class='ocrx_word' id='word_1_753' title='bbox 783 5373 838 5411; x_wconf 78' lang='lat' dir='ltr'><strong>et</strong></span> <span class='ocrx_word' id='word_1_754' title='bbox 866 5362 1130 5414; x_wconf 85' lang='lat' dir='ltr'><strong>odoribus</strong></span> <span class='ocrx_word' id='word_1_755' title='bbox 1164 5361 1479 5431; x_wconf 86' lang='lat' dir='ltr'><strong>indulgetis,</strong></span> <span class='ocrx_word' id='word_1_756' title='bbox 1507 5378 1572 5417; x_wconf 92' lang='lat' dir='ltr'><strong>ac</strong></span> <span class='ocrx_word' id='word_1_757' title='bbox 1602 5364 1783 5418; x_wconf 89' lang='lat' dir='ltr'><strong>locum</strong></span> 
     </span>
    </p>
   </div>
   <div class='ocr_carea' id='block_1_101' title="bbox 196 5444 1783 5522">
    <p class='ocr_par' dir='ltr' id='par_1_101' title="bbox 196 5444 1783 5522">
     <span class='ocr_line' id='line_1_101' title="bbox 196 5444 1783 5522; baseline 0.007 -22"><span class='ocrx_word' id='word_1_758' title='bbox 196 5444 519 5501; x_wconf 85' lang='lat' dir='ltr'><strong>dominandi</strong></span> <span class='ocrx_word' id='word_1_759' title='bbox 540 5448 598 5502; x_wconf 93' lang='lat' dir='ltr'><strong>in</strong></span> <span class='ocrx_word' id='word_1_760' title='bbox 626 5466 724 5506; x_wconf 80' lang='lat' dir='ltr'><strong>vos</strong></span> <span class='ocrx_word' id='word_1_761' title='bbox 749 5460 802 5505; x_wconf 89' lang='lat' dir='ltr'><strong>et</strong></span> <span class='ocrx_word' id='word_1_762' title='bbox 821 5452 915 5520; x_wconf 90' lang='lat' dir='ltr'><strong>jus</strong></span> <span class='ocrx_word' id='word_1_763' title='bbox 935 5453 1339 5522; x_wconf 86' lang='lat' dir='ltr'><strong>quodammodo</strong></span> <span class='ocrx_word' id='word_1_764' title='bbox 1363 5454 1644 5511; x_wconf 86' lang='lat' dir='ltr'><strong>obtinendi</strong></span> <span class='ocrx_word' id='word_1_765' title='bbox 1666 5473 1783 5511; x_wconf 79' lang='lat' dir='ltr'><strong>ma-</strong></span> 
     </span>
    </p>
   </div>
   <div class='ocr_carea' id='block_1_102' title="bbox 194 5538 1781 5614">
    <p class='ocr_par' dir='ltr' id='par_1_102' title="bbox 194 5538 1781 5614">
     <span class='ocr_line' id='line_1_102' title="bbox 194 5538 1781 5614; baseline 0.005 -21"><span class='ocrx_word' id='word_1_766' title='bbox 194 5538 363 5608; x_wconf 78' lang='lat' dir='ltr'><strong>lignis</strong></span> <span class='ocrx_word' id='word_1_767' title='bbox 380 5540 670 5610; x_wconf 86' lang='lat' dir='ltr'><strong>spiritibus</strong></span> <span class='ocrx_word' id='word_1_768' title='bbox 699 5552 867 5597; x_wconf 85' lang='lat' dir='ltr'><strong>uatis.</strong></span> <span class='ocrx_word' id='word_1_769' title='bbox 895 5541 1132 5614; x_wconf 86' lang='lat' dir='ltr'><strong>lngressi</strong></span> <span class='ocrx_word' id='word_1_770' title='bbox 1153 5545 1298 5600; x_wconf 92' lang='lat' dir='ltr'><strong>enim</strong></span> <span class='ocrx_word' id='word_1_771' title='bbox 1321 5560 1518 5603; x_wconf 81' lang='lat' dir='ltr'><strong>sensus</strong></span> <span class='ocrx_word' id='word_1_772' title='bbox 1547 5558 1781 5610; x_wconf 85' lang='lat' dir='ltr'><strong>vestros,</strong></span> 
     </span>
    </p>
   </div>
   <div class='ocr_carea' id='block_1_103' title="bbox 1896 4504 3487 4596">
    <p class='ocr_par' dir='ltr' id='par_1_103' title="bbox 1896 4504 3487 4596">
     <span class='ocr_line' id='line_1_103' title="bbox 1896 4504 3487 4596; baseline -0.004 -12"><span class='ocrx_word' id='word_1_773' title='bbox 1896 4528 1977 4584; x_wconf 92' lang='lat' dir='ltr'><strong>dit</strong></span> <span class='ocrx_word' id='word_1_774' title='bbox 2000 4530 2243 4583; x_wconf 81' lang='lat' dir='ltr'><strong>futurum</strong></span> <span class='ocrx_word' id='word_1_775' title='bbox 2266 4504 2387 4581; x_wconf 82' lang='lat' dir='ltr'><strong>esse</strong></span> <span class='ocrx_word' id='word_1_776' title='bbox 2406 4526 2675 4596; x_wconf 86' lang='lat' dir='ltr'><strong>judicium</strong></span> <span class='ocrx_word' id='word_1_777' title='bbox 2692 4504 2816 4588; x_wconf 33' lang='lat' dir='ltr'><strong>&#39;Dei,</strong></span> <span class='ocrx_word' id='word_1_778' title='bbox 2852 4532 2907 4578; x_wconf 89' lang='lat' dir='ltr'><strong>et</strong></span> <span class='ocrx_word' id='word_1_779' title='bbox 2943 4524 3015 4578; x_wconf 92' lang='lat' dir='ltr'><strong>ob</strong></span> <span class='ocrx_word' id='word_1_780' title='bbox 3054 4524 3157 4577; x_wconf 92' lang='lat' dir='ltr'><strong>hoc</strong></span> <span class='ocrx_word' id='word_1_781' title='bbox 3193 4530 3487 4593; x_wconf 64' lang='lat' dir='ltr'><strong>prasentls</strong></span> 
     </span>
    </p>
   </div>
   <div class='ocr_carea' id='block_1_104' title="bbox 1895 4615 3485 4688">
    <p class='ocr_par' dir='ltr' id='par_1_104' title="bbox 1895 4615 3485 4688">
     <span class='ocr_line' id='line_1_104' title="bbox 1895 4615 3485 4688; baseline -0.004 -12"><span class='ocrx_word' id='word_1_782' title='bbox 1895 4620 2081 4677; x_wconf 67' lang='lat' dir='ltr'><strong>saeculi</strong></span> <span class='ocrx_word' id='word_1_783' title='bbox 2100 4619 2475 4688; x_wconf 87' lang='lat' dir='ltr'><strong>voluptatibus</strong></span> <span class='ocrx_word' id='word_1_784' title='bbox 2496 4618 2789 4687; x_wconf 86' lang='lat' dir='ltr'><strong>obligatus,</strong></span> <span class='ocrx_word' id='word_1_785' title='bbox 2818 4615 2888 4670; x_wconf 88' lang='lat' dir='ltr'><strong>ab</strong></span> <span class='ocrx_word' id='word_1_786' title='bbox 2924 4616 3149 4670; x_wconf 63' lang='lat' dir='ltr'><strong>aeternis</strong></span> <span class='ocrx_word' id='word_1_787' title='bbox 3166 4615 3485 4670; x_wconf 81' lang='lat' dir='ltr'><strong>excluditur</strong></span> 
     </span>
    </p>
   </div>
   <div class='ocr_carea' id='block_1_105' title="bbox 1893 4706 3481 4780">
    <p class='ocr_par' dir='ltr' id='par_1_105' title="bbox 1893 4706 3481 4780">
     <span class='ocr_line' id='line_1_105' title="bbox 1893 4706 3481 4780; baseline -0.007 -10"><span class='ocrx_word' id='word_1_788' title='bbox 1893 4713 2076 4770; x_wconf 88' lang='lat' dir='ltr'><strong>bonis.</strong></span> <span class='ocrx_word' id='word_1_789' title='bbox 2101 4710 2167 4766; x_wconf 91' lang='lat' dir='ltr'><strong>Et</strong></span> <span class='ocrx_word' id='word_1_790' title='bbox 2194 4713 2317 4766; x_wconf 91' lang='lat' dir='ltr'><strong>ideo</strong></span> <span class='ocrx_word' id='word_1_791' title='bbox 2340 4726 2441 4764; x_wconf 89' lang='lat' dir='ltr'><strong>nos</strong></span> <span class='ocrx_word' id='word_1_792' title='bbox 2468 4724 2575 4763; x_wconf 93' lang='lat' dir='ltr'><strong>non</strong></span> <span class='ocrx_word' id='word_1_793' title='bbox 2599 4708 2927 4780; x_wconf 88' lang='lat' dir='ltr'><strong>negligimus</strong></span> <span class='ocrx_word' id='word_1_794' title='bbox 2960 4707 3260 4777; x_wconf 75' lang='lat' dir='ltr'><strong>praedicare</strong></span> <span class='ocrx_word' id='word_1_795' title='bbox 3292 4706 3481 4772; x_wconf 68' lang='lat' dir='ltr'><strong>vobis,</strong></span> 
     </span>
    </p>
   </div>
   <div class='ocr_carea' id='block_1_106' title="bbox 1894 4797 3477 4875">
    <p class='ocr_par' dir='ltr' id='par_1_106' title="bbox 1894 4797 3477 4875">
     <span class='ocr_line' id='line_1_106' title="bbox 1894 4797 3477 4875; baseline -0.003 -17"><span class='ocrx_word' id='word_1_796' title='bbox 1894 4819 2015 4875; x_wconf 68' lang='lat' dir='ltr'><strong>quae</strong></span> <span class='ocrx_word' id='word_1_797' title='bbox 2041 4804 2202 4858; x_wconf 91' lang='lat' dir='ltr'><strong>saluti</strong></span> <span class='ocrx_word' id='word_1_798' title='bbox 2222 4808 2420 4857; x_wconf 64' lang='lat' dir='ltr'><strong>vestrae</strong></span> <span class='ocrx_word' id='word_1_799' title='bbox 2441 4800 2648 4854; x_wconf 89' lang='lat' dir='ltr'><strong>scimus</strong></span> <span class='ocrx_word' id='word_1_800' title='bbox 2672 4814 2796 4853; x_wconf 91' lang='lat' dir='ltr'><strong>esse</strong></span> <span class='ocrx_word' id='word_1_801' title='bbox 2818 4799 3151 4865; x_wconf 83' lang='lat' dir='ltr'><strong>necessaria,</strong></span> <span class='ocrx_word' id='word_1_802' title='bbox 3176 4805 3231 4853; x_wconf 89' lang='lat' dir='ltr'><strong>et</strong></span> <span class='ocrx_word' id='word_1_803' title='bbox 3268 4797 3365 4868; x_wconf 89' lang='lat' dir='ltr'><strong>qui</strong></span> <span class='ocrx_word' id='word_1_804' title='bbox 3401 4800 3477 4853; x_wconf 88' lang='lat' dir='ltr'><strong>sit</strong></span> 
     </span>
    </p>
   </div>
   <div class='ocr_carea' id='block_1_107' title="bbox 1892 4890 3483 4961">
    <p class='ocr_par' dir='ltr' id='par_1_107' title="bbox 1892 4890 3483 4961">
     <span class='ocr_line' id='line_1_107' title="bbox 1892 4890 3483 4961; baseline -0.004 -10"><span class='ocrx_word' id='word_1_805' title='bbox 1892 4912 2057 4951; x_wconf 88' lang='lat' dir='ltr'><strong>verus</strong></span> <span class='ocrx_word' id='word_1_806' title='bbox 2097 4893 2193 4950; x_wconf 91' lang='lat' dir='ltr'><strong>Dei</strong></span> <span class='ocrx_word' id='word_1_807' title='bbox 2232 4894 2415 4949; x_wconf 91' lang='lat' dir='ltr'><strong>cultus</strong></span> <span class='ocrx_word' id='word_1_808' title='bbox 2451 4893 2758 4958; x_wconf 90' lang='lat' dir='ltr'><strong>ostendere,</strong></span> <span class='ocrx_word' id='word_1_809' title='bbox 2799 4900 2858 4945; x_wconf 93' lang='lat' dir='ltr'><strong>ut</strong></span> <span class='ocrx_word' id='word_1_810' title='bbox 2895 4891 3182 4946; x_wconf 85' lang='lat' dir='ltr'><strong>credentes</strong></span> <span class='ocrx_word' id='word_1_811' title='bbox 3218 4890 3329 4946; x_wconf 91' lang='lat' dir='ltr'><strong>Deo</strong></span> <span class='ocrx_word' id='word_1_812' title='bbox 3375 4906 3483 4961; x_wconf 78' lang='lat' dir='ltr'><strong>per</strong></span> 
     </span>
    </p>
   </div>
   <div class='ocr_carea' id='block_1_108' title="bbox 1890 4983 3451 5057">
    <p class='ocr_par' dir='ltr' id='par_1_108' title="bbox 1890 4983 3451 5057">
     <span class='ocr_line' id='line_1_108' title="bbox 1890 4983 3451 5057; baseline -0.003 -17"><span class='ocrx_word' id='word_1_813' title='bbox 1890 5003 2055 5057; x_wconf 88' lang='lat' dir='ltr'><strong>opera</strong></span> <span class='ocrx_word' id='word_1_814' title='bbox 2079 4987 2221 5042; x_wconf 90' lang='lat' dir='ltr'><strong>bona</strong></span> <span class='ocrx_word' id='word_1_815' title='bbox 2249 4986 2474 5056; x_wconf 91' lang='lat' dir='ltr'><strong>possitis</strong></span> <span class='ocrx_word' id='word_1_816' title='bbox 2503 5000 2613 5039; x_wconf 89' lang='lat' dir='ltr'><strong>una.</strong></span> <span class='ocrx_word' id='word_1_817' title='bbox 2633 4986 2917 5039; x_wconf 89' lang='lat' dir='ltr'><strong>nobiscum</strong></span> <span class='ocrx_word' id='word_1_818' title='bbox 2945 4983 3113 5037; x_wconf 79' lang='lat' dir='ltr'><strong>futuri</strong></span> <span class='ocrx_word' id='word_1_819' title='bbox 3138 4983 3325 5039; x_wconf 59' lang='lat' dir='ltr'><strong>saeculi</strong></span> <span class='ocrx_word' id='word_1_820' title='bbox 3368 4983 3451 5037; x_wconf 67' lang='lat' dir='ltr'><strong>hae</strong></span> 
     </span>
    </p>
   </div>
   <div class='ocr_carea' id='block_1_109' title="bbox 1888 5077 3477 5148">
    <p class='ocr_par' dir='ltr' id='par_1_109' title="bbox 1888 5077 3477 5148">
     <span class='ocr_line' id='line_1_109' title="bbox 1888 5077 3477 5148; baseline -0.003 -14"><span class='ocrx_word' id='word_1_821' title='bbox 1888 5081 2048 5135; x_wconf 89' lang='lat' dir='ltr'><strong>redes</strong></span> <span class='ocrx_word' id='word_1_822' title='bbox 2066 5080 2317 5135; x_wconf 81' lang='lat' dir='ltr'><strong>existere.</strong></span> <span class='ocrx_word' id='word_1_823' title='bbox 2334 5078 2489 5145; x_wconf 85' lang='lat' dir='ltr'><strong>Quod</strong></span> <span class='ocrx_word' id='word_1_824' title='bbox 2512 5078 2557 5132; x_wconf 92' lang='lat' dir='ltr'><strong>si</strong></span> <span class='ocrx_word' id='word_1_825' title='bbox 2581 5078 2821 5132; x_wconf 89' lang='lat' dir='ltr'><strong>nondum</strong></span> <span class='ocrx_word' id='word_1_826' title='bbox 2844 5077 2988 5148; x_wconf 89' lang='lat' dir='ltr'><strong>apud</strong></span> <span class='ocrx_word' id='word_1_827' title='bbox 3011 5092 3110 5131; x_wconf 92' lang='lat' dir='ltr'><strong>vos</strong></span> <span class='ocrx_word' id='word_1_828' title='bbox 3130 5084 3340 5133; x_wconf 88' lang='lat' dir='ltr'><strong>certum</strong></span> <span class='ocrx_word' id='word_1_829' title='bbox 3362 5086 3477 5143; x_wconf 79' lang='lat' dir='ltr'><strong>est,</strong></span> 
     </span>
    </p>
   </div>
   <div class='ocr_carea' id='block_1_110' title="bbox 1886 5170 3472 5242">
    <p class='ocr_par' dir='ltr' id='par_1_110' title="bbox 1886 5170 3472 5242">
     <span class='ocr_line' id='line_1_110' title="bbox 1886 5170 3472 5242; baseline 0 -17"><span class='ocrx_word' id='word_1_830' title='bbox 1886 5187 2013 5227; x_wconf 90' lang='lat' dir='ltr'><strong>vera</strong></span> <span class='ocrx_word' id='word_1_831' title='bbox 2036 5188 2159 5227; x_wconf 88' lang='lat' dir='ltr'><strong>esse</strong></span> <span class='ocrx_word' id='word_1_832' title='bbox 2183 5187 2304 5242; x_wconf 70' lang='lat' dir='ltr'><strong>qua:</strong></span> <span class='ocrx_word' id='word_1_833' title='bbox 2325 5172 2579 5237; x_wconf 85' lang='lat' dir='ltr'><strong>dicimus,</strong></span> <span class='ocrx_word' id='word_1_834' title='bbox 2608 5171 2823 5225; x_wconf 89' lang='lat' dir='ltr'><strong>interim</strong></span> <span class='ocrx_word' id='word_1_835' title='bbox 2860 5186 2960 5240; x_wconf 88' lang='lat' dir='ltr'><strong>pro</strong></span> <span class='ocrx_word' id='word_1_836' title='bbox 3004 5170 3107 5224; x_wconf 91' lang='lat' dir='ltr'><strong>hoc</strong></span> <span class='ocrx_word' id='word_1_837' title='bbox 3141 5170 3319 5240; x_wconf 90' lang='lat' dir='ltr'><strong>primo</strong></span> <span class='ocrx_word' id='word_1_838' title='bbox 3358 5184 3472 5225; x_wconf 81' lang='lat' dir='ltr'><strong>non</strong></span> 
     </span>
    </p>
   </div>
   <div class='ocr_carea' id='block_1_111' title="bbox 1886 5262 3467 5336">
    <p class='ocr_par' dir='ltr' id='par_1_111' title="bbox 1886 5262 3467 5336">
     <span class='ocr_line' id='line_1_111' title="bbox 1886 5262 3467 5336; baseline -0.003 -16"><span class='ocrx_word' id='word_1_839' title='bbox 1886 5266 2096 5322; x_wconf 88' lang='lat' dir='ltr'><strong>debetis</strong></span> <span class='ocrx_word' id='word_1_840' title='bbox 2122 5281 2265 5336; x_wconf 59' lang='lat' dir='ltr'><strong>agre</strong></span> <span class='ocrx_word' id='word_1_841' title='bbox 2284 5265 2532 5335; x_wconf 90' lang='lat' dir='ltr'><strong>accipere</strong></span> <span class='ocrx_word' id='word_1_842' title='bbox 2551 5271 2604 5319; x_wconf 92' lang='lat' dir='ltr'><strong>et</strong></span> <span class='ocrx_word' id='word_1_843' title='bbox 2629 5262 2811 5318; x_wconf 80' lang='lat' dir='ltr'><strong>infesti</strong></span> <span class='ocrx_word' id='word_1_844' title='bbox 2835 5280 2976 5331; x_wconf 91' lang='lat' dir='ltr'><strong>esse,</strong></span> <span class='ocrx_word' id='word_1_845' title='bbox 2999 5264 3126 5334; x_wconf 89' lang='lat' dir='ltr'><strong>quia</strong></span> <span class='ocrx_word' id='word_1_846' title='bbox 3162 5278 3282 5333; x_wconf 67' lang='lat' dir='ltr'><strong>quae</strong></span> <span class='ocrx_word' id='word_1_847' title='bbox 3307 5272 3467 5334; x_wconf 76' lang='lat' dir='ltr'><strong>puta-</strong></span> 
     </span>
    </p>
   </div>
   <div class='ocr_carea' id='block_1_112' title="bbox 1886 5356 3467 5426">
    <p class='ocr_par' dir='ltr' id='par_1_112' title="bbox 1886 5356 3467 5426">
     <span class='ocr_line' id='line_1_112' title="bbox 1886 5356 3467 5426; baseline -0.001 -14"><span class='ocrx_word' id='word_1_848' title='bbox 1886 5375 2009 5414; x_wconf 91' lang='lat' dir='ltr'><strong>mus</strong></span> <span class='ocrx_word' id='word_1_849' title='bbox 2043 5360 2208 5426; x_wconf 89' lang='lat' dir='ltr'><strong>bona,</strong></span> <span class='ocrx_word' id='word_1_850' title='bbox 2249 5358 2364 5413; x_wconf 58' lang='lat' dir='ltr'><strong>haec</strong></span> <span class='ocrx_word' id='word_1_851' title='bbox 2402 5358 2558 5413; x_wconf 90' lang='lat' dir='ltr'><strong>vobis</strong></span> <span class='ocrx_word' id='word_1_852' title='bbox 2594 5358 3000 5422; x_wconf 90' lang='lat' dir='ltr'><strong>annuntiamus,</strong></span> <span class='ocrx_word' id='word_1_853' title='bbox 3027 5365 3082 5411; x_wconf 91' lang='lat' dir='ltr'><strong>et</strong></span> <span class='ocrx_word' id='word_1_854' title='bbox 3118 5357 3263 5425; x_wconf 79' lang='lat' dir='ltr'><strong>quod</strong></span> <span class='ocrx_word' id='word_1_855' title='bbox 3306 5356 3467 5411; x_wconf 78' lang='lat' dir='ltr'><strong>nobis</strong></span> 
     </span>
    </p>
   </div>
   <div class='ocr_carea' id='block_1_113' title="bbox 1886 5447 3464 5517">
    <p class='ocr_par' dir='ltr' id='par_1_113' title="bbox 1886 5447 3464 5517">
     <span class='ocr_line' id='line_1_113' title="bbox 1886 5447 3464 5517; baseline -0.002 -11"><span class='ocrx_word' id='word_1_856' title='bbox 1886 5453 2130 5507; x_wconf 88' lang='lat' dir='ltr'><strong>salutare</strong></span> <span class='ocrx_word' id='word_1_857' title='bbox 2174 5467 2297 5508; x_wconf 90' lang='lat' dir='ltr'><strong>esse</strong></span> <span class='ocrx_word' id='word_1_858' title='bbox 2345 5450 2640 5517; x_wconf 89' lang='lat' dir='ltr'><strong>credimus,</strong></span> <span class='ocrx_word' id='word_1_859' title='bbox 2678 5449 2782 5504; x_wconf 86' lang='lat' dir='ltr'><strong>hoc</strong></span> <span class='ocrx_word' id='word_1_860' title='bbox 2824 5455 2989 5503; x_wconf 79' lang='lat' dir='ltr'><strong>ctiam</strong></span> <span class='ocrx_word' id='word_1_861' title='bbox 3016 5447 3169 5502; x_wconf 85' lang='lat' dir='ltr'><strong>vobis</strong></span> <span class='ocrx_word' id='word_1_862' title='bbox 3207 5447 3464 5503; x_wconf 76' lang='lat' dir='ltr'><strong>conferre</strong></span> 
     </span>
    </p>
   </div>
   <div class='ocr_carea' id='block_1_114' title="bbox 1885 5540 3460 5614">
    <p class='ocr_par' dir='ltr' id='par_1_114' title="bbox 1885 5540 3460 5614">
     <span class='ocr_line' id='line_1_114' title="bbox 1885 5540 3460 5614; baseline -0.003 -15"><span class='ocrx_word' id='word_1_863' title='bbox 1885 5561 1993 5600; x_wconf 92' lang='lat' dir='ltr'><strong>non</strong></span> <span class='ocrx_word' id='word_1_864' title='bbox 2016 5545 2343 5614; x_wconf 83' lang='lat' dir='ltr'><strong>invidemus,</strong></span> <span class='ocrx_word' id='word_1_865' title='bbox 2369 5547 2537 5612; x_wconf 89' lang='lat' dir='ltr'><strong>omni,</strong></span> <span class='ocrx_word' id='word_1_866' title='bbox 2563 5549 2625 5598; x_wconf 86' lang='lat' dir='ltr'><strong>ut</strong></span> <span class='ocrx_word' id='word_1_867' title='bbox 2645 5541 2783 5606; x_wconf 89' lang='lat' dir='ltr'><strong>dixi,</strong></span> <span class='ocrx_word' id='word_1_868' title='bbox 2805 5541 2985 5597; x_wconf 92' lang='lat' dir='ltr'><strong>studio</strong></span> <span class='ocrx_word' id='word_1_869' title='bbox 3006 5540 3460 5612; x_wconf 87' lang='lat' dir='ltr'><strong>laborantes,quo</strong></span> 
     </span>
    </p>
   </div>
   <div class='ocr_carea' id='block_1_115' title="bbox 273 5738 2215 5815">
    <p class='ocr_par' dir='ltr' id='par_1_115' title="bbox 273 5738 2215 5815">
     <span class='ocr_line' id='line_1_115' title="bbox 273 5738 2215 5815; baseline 0.002 -19"><span class='ocrx_word' id='word_1_870' title='bbox 273 5741 317 5772; x_wconf 74' lang='lat'><strong><em>“</em></strong></span> <span class='ocrx_word' id='word_1_871' title='bbox 355 5738 515 5799; x_wconf 76' lang='lat' dir='ltr'><strong>Rom.</strong></span> <span class='ocrx_word' id='word_1_872' title='bbox 553 5757 612 5809; x_wconf 85' lang='lat' dir='ltr'><strong>II,</strong></span> <span class='ocrx_word' id='word_1_873' title='bbox 646 5742 750 5811; x_wconf 35' lang='lat'><strong>28&gt;;</strong></span> <span class='ocrx_word' id='word_1_874' title='bbox 787 5742 954 5815; x_wconf 74' lang='lat' dir='ltr'><strong>Apoc.</strong></span> <span class='ocrx_word' id='word_1_875' title='bbox 982 5758 1040 5811; x_wconf 82' lang='lat' dir='ltr'><strong>It,</strong></span> <span class='ocrx_word' id='word_1_876' title='bbox 1073 5743 1126 5799; x_wconf 87' lang='lat'><strong>9.</strong></span> <span class='ocrx_word' id='word_1_877' title='bbox 1205 5743 1246 5775; x_wconf 83' lang='grc'><strong>³⁷</strong></span> <span class='ocrx_word' id='word_1_878' title='bbox 1290 5742 1481 5799; x_wconf 79' lang='lat' dir='ltr'><strong>Matth.</strong></span> <span class='ocrx_word' id='word_1_879' title='bbox 1516 5760 1649 5812; x_wconf 67' lang='lat' dir='ltr'><strong>xvii,</strong></span> <span class='ocrx_word' id='word_1_880' title='bbox 1678 5745 1783 5815; x_wconf 72' lang='lat'><strong>19;</strong></span> <span class='ocrx_word' id='word_1_881' title='bbox 1820 5744 1951 5800; x_wconf 84' lang='lat' dir='ltr'><strong>Luc.</strong></span> <span class='ocrx_word' id='word_1_882' title='bbox 1987 5761 2120 5811; x_wconf 82' lang='lat' dir='ltr'><strong>xvu,</strong></span> <span class='ocrx_word' id='word_1_883' title='bbox 2160 5745 2215 5801; x_wconf 78' lang='grc' dir='ltr'><strong>ϐ.</strong></span> 
     </span>
    </p>
   </div>
  </div>
