3888 6192
477 335 613 391 4347
689 396 699 406 ,

1345 338 1402 392 S.
1442 335 1839 393 CLEMENTIS
1876 335 1893 390 Ι
1936 336 2101 391 ROM.
2140 335 2343 392 PONT.
2383 333 2614 391 OPERA
2652 332 2879 390 DUBIA.

3599 332 3719 387 1348

472 470 790 526 eohaeredes
831 487 931 527 vos
974 473 1268 540 bonorum,
1294 488 1417 545 quae
1458 475 1561 544 ipsi
1604 474 1761 529 nobis
1797 481 2061 528 eventura
2090 466 2134 518 Α
2164 454 2335 518 ῑῖοιιεο
2366 461 2530 523 atque
2560 453 2632 545 ita
2664 454 2854 545 ίυφεξε
2881 450 3111 545 dimisit.
3142 448 3445 545 admonens
3467 455 3529 503 ut
3552 448 3617 500 ad
3639 464 3721 501 au-

474 562 777 629 credimus,
803 563 1123 620 habeamus.
1152 563 1346 619 Utrum
1390 574 1571 622 autem
1610 581 1711 635 pro
1746 572 1896 619 certo
1935 580 2061 619 vera

474 652 585 708 sint
610 669 733 723 quae
754 656 1147 711 annuntiamus
1174 658 1348 723 vobis,
1378 672 1486 711 non
1510 658 1672 711 aliter
1695 658 1836 711 scire
1858 656 2063 725 poteri-

472 744 567 811 tis,
595 745 701 800 nisi
725 754 783 799 ut
823 747 1144 803 obedientes
1168 749 1255 803 his
1279 764 1401 819 quae
1426 749 1780 813 mandantur,
1814 751 1933 817 ipso
1976 763 2063 802 re-

474 850 597 889 rum
628 837 777 890 exitu
802 846 856 891 et
885 838 1240 896 beatitudinis
1266 840 1577 895 certissimo
1602 838 1706 892 fine
1728 838 2057 893 doceamini.

548 925 787 983 XXXVI.
831 928 897 983 Et
928 929 1050 984 ideo
1087 931 1303 986 etiamsi
1354 933 1527 986 latens
1582 931 1917 984 intrinsecus
1946 945 2062 984 ser-

472 1034 610 1091 pens
642 1034 839 1075 sensus
866 1030 1081 1076 vestros
1125 1023 1273 1075 mille
1300 1022 1630 1092 depravandi
1662 1021 1874 1075 artibus
1898 1036 2063 1074 oecu-

474 1116 587 1179 pet,
615 1122 668 1165 et
699 1112 1087 1181 impedimenta
1119 1116 1267 1169 mille
1294 1114 1583 1184 subjiciat,
1617 1114 1816 1184 quibus
1847 1127 1877 1165 a
1914 1112 2064 1167 salu-

472 1201 578 1253 tari
629 1201 876 1256 doctrina
928 1212 1170 1258 vestrum
1219 1204 1454 1259 declinet
1485 1205 1752 1266 auditum,
1782 1220 1849 1258 eo
1889 1203 2064 1273 magis

472 1292 745 1347 obsistere
792 1296 842 1348 ei
890 1295 1120 1356 debetis,
1150 1302 1203 1351 et
1242 1297 1442 1366 spretis
1469 1295 1589 1365 ejus
1618 1295 2061 1364 suggestionibus

473 1385 542 1437 ad
584 1386 916 1439 audiendum
966 1402 997 1439 a
1048 1388 1207 1442 nobis
1260 1388 1485 1441 verbum
1541 1387 2055 1456 suseipiendamque

472 1472 779 1528 doctrinam
809 1476 1149 1547 frequentius
1179 1480 1492 1545 convenire,
1518 1480 1645 1549 quia
1680 1494 1837 1533 nemo
1876 1488 2056 1548 potest

472 1565 687 1621 discere
718 1570 919 1639 aliquid
939 1572 1030 1640 qui
1064 1586 1175 1625 non
1207 1572 1453 1626 docetur.
1477 1570 1726 1641 Cumque
1754 1570 1870 1624 haec
1894 1571 2060 1624 dixis-

474 1666 578 1719 set,
607 1659 774 1727 jussit
806 1662 910 1716 sibi
936 1678 1030 1717 eos
1058 1664 1150 1733 qui
1188 1664 1542 1734 languoribus
1592 1664 1677 1718 vel
1718 1663 2059 1717 daemonibus

2164 545 2425 600 diendum
2464 544 2690 601 verbum
2718 542 2912 600 diebus
2959 542 3163 612 quibus
3194 541 3331 595 inibi
3362 541 3725 595 demoraturus

2163 647 2329 699 esset,
2367 637 2796 707 frequentarent.
2831 636 2999 705 Igitur
3041 634 3132 688 ubi
3181 634 3355 688 turba
3404 633 3723 691 abscessere,

2164 726 2360 782 Petrus
2389 726 2545 797 aquis
2571 742 2692 795 qua:
2734 727 2788 779 in
2821 725 2981 777 horto
3016 723 3254 778 fluebant
3286 738 3491 792 corpus
3534 722 3728 775 dilueus

2166 834 2274 872 una
2307 834 2433 872 cum
2460 818 2674 872 caeteris
2701 816 3034 877 volentibus,
3067 814 3218 867 humi
3244 814 3416 868 sterni
3440 813 3607 881 jussit
3642 811 3730 865 sub

2165 909 2361 963 arbore
2399 908 2634 978 quadam
2666 908 2827 977 cujus
2863 907 3056 961 umbra
3108 912 3226 961 erat
3272 904 3534 975 plurima,
3579 910 3629 956 et
3656 917 3730 955 re-

2158 1000 2419 1056 cumbere
2468 1016 2569 1055 nos
2623 999 2924 1055 secundum
2972 998 3219 1052 ordinem
3272 994 3417 1066 apud
3442 995 3732 1049 Ctesaream

2160 1100 2425 1147 statutum
2450 1093 2727 1163 praecepit.
2764 1093 2939 1161 Atque
2970 1091 3041 1143 ita
3073 1091 3199 1143 cibo
3225 1095 3469 1157 sumpto,
3494 1085 3731 1139 Hebraeo-

2162 1199 2281 1237 rum
2313 1184 2422 1237 ritu
2452 1185 2657 1253 gratias
2699 1198 2868 1253 agens
2898 1182 3031 1245 Deo,
3055 1182 3183 1251 quia
3214 1179 3395 1233 adhuc
3429 1178 3731 1246 aliquantu-

2162 1277 2273 1331 lum
2309 1276 2417 1332 diei
2455 1284 2764 1347 supererat,
2792 1276 2947 1345 jubet
3001 1288 3102 1327 nos
3152 1272 3220 1326 de
3266 1271 3471 1341 quibus
3522 1269 3733 1323 velimus

2164 1371 2497 1441 percontari.
2534 1370 2783 1440 Cumque
2812 1382 3063 1422 essemus
3097 1381 3288 1420 omnes
3318 1378 3444 1417 eum
3477 1378 3544 1416 eo
3580 1362 3735 1430 vigin-

2163 1464 2227 1524 ti.
2260 1464 2557 1533 unicuique
2581 1464 2649 1518 de
2671 1478 2781 1529 quo
2802 1475 3048 1530 qmerere
3068 1458 3240 1512 voluit
3260 1454 3603 1526 explanavit,
3621 1468 3734 1522 quo‘

2164 1571 2286 1612 rum
2316 1556 2527 1626 singula
2558 1568 2788 1625 qumque
2824 1551 3022 1607 libellis
3062 1549 3465 1618 comprehensa
3499 1546 3597 1599 tibi
3627 1551 3735 1597 ante

2161 1652 2276 1721 jam
2307 1652 2454 1706 misi.
2488 1648 2727 1719 Vespere
2767 1656 2946 1701 autem
2974 1645 3086 1714 jam
3119 1642 3264 1697 facto
3293 1639 3531 1711 ingressi
3567 1636 3735 1706 hospi-

475 1751 815 1819 urgebantur
842 1754 1048 1820 olierri,
1080 1765 1137 1809 et
1166 1756 1429 1826 imposuit
1456 1757 1537 1811 eis
1567 1770 1764 1810 manus
1787 1770 1910 1809 cum
1939 1769 2064 1810 ora-
2096 1742 2138 1795 Β
2169 1750 2304 1803 tium
2335 1761 2461 1800 eum
2490 1746 2631 1815 ipso,
2666 1744 2781 1797 suis
2819 1742 3023 1812 quique
3053 1738 3189 1792 locis
3213 1735 3610 1806 requievimus.

481 1894 3723 1923 ____________________________________________

1628 2030 1991 2119 LIBER
2064 2024 2569 2115 SEXTUS.

545 2327 588 2382 1.
632 2326 735 2383 Ubi
785 2343 915 2383 vero
959 2328 1369 2384 rarescentibus
1398 2327 1641 2384 tenebris
1674 2328 1909 2398 primum
1951 2326 2069 2380 dies

475 2417 646 2488 erepit
680 2418 924 2489 proferre
954 2420 1363 2487 crepusculum,
1399 2418 1597 2474 Petrus
1636 2419 1901 2473 orationis
1944 2433 2069 2489 gra-

477 2507 554 2561 tia
580 2508 799 2562 hortum
833 2510 1136 2578 ingressus,
1170 2518 1224 2565 et
1249 2511 1375 2564 inde
1399 2511 1685 2580 egrediens
1704 2518 1865 2581 atque
1885 2512 2064 2579 ingre-

476 2600 634 2654 diens
667 2601 814 2655 velut
841 2617 1103 2657 excusare
1139 2602 1297 2656 nobis
1330 2602 1635 2667 videbatur,
1667 2603 1813 2671 quod
1852 2602 2063 2657 tardius

477 2692 641 2747 solito
670 2694 933 2763 evigilans
973 2695 1214 2750 venisset
1257 2694 1324 2749 ad
1356 2712 1476 2750 nos.
1525 2694 1717 2749 Aiebat
1748 2711 1876 2765 ergo
1908 2715 1920 2749 :
1960 2694 2061 2749 Ubi

477 2785 625 2839 veris
656 2792 871 2855 tempus
902 2787 1202 2857 longiorem
1228 2787 1417 2841 fecerit
1447 2787 1613 2851 diem,
1641 2804 1868 2843 necesse
1898 2797 1977 2843 est
2005 2799 2065 2842 ut

478 2892 583 2931 nox
622 2878 839 2933 brevior
867 2878 997 2946 fiat;
1029 2880 1075 2935 si
1108 2883 1231 2951 quis
1267 2896 1397 2949 ergo
1424 2879 1733 2934 studiorum
1766 2896 1931 2936 causa
1974 2898 2067 2936 no-

476 2971 582 3025 ctis
610 2971 815 3041 aliquid
848 2988 1119 3042 occupare
1148 2973 1444 3035 desiderat,
1492 2989 1601 3027 non
1646 2973 1699 3027 in
1731 2974 1878 3027 omni
1926 2982 2063 3030 tem-

478 3072 610 3127 pore
636 3062 854 3115 easdem
888 3061 1051 3117 horas
1079 3063 1373 3117 observare
1404 3063 1562 3118 debet
1595 3064 1662 3117 ad
1692 3065 2051 3136 vigilandum,

2171 2334 2225 2381 et
2258 2326 2378 2381 ideo
2408 2324 2778 2381 festinandum
2809 2333 2894 2379 est
2923 2322 2992 2377 ad
3029 2322 3283 2384 salutem,
3330 2334 3405 2374 ne
3448 2317 3592 2374 forte
3619 2334 3739 2373 cun-

2169 2426 2409 2474 ctantem
2443 2433 2595 2471 mors
2618 2416 2901 2486 repentina
2928 2415 3241 2485 praeveniat.

2240 2506 2329 2564 Ill.
2352 2507 2418 2563 Et
2439 2508 2510 2562 ob
2532 2508 2634 2561 hoe
2661 2508 2843 2561 acrius
2869 2504 3263 2561 intendendum
3280 2509 3390 2566 est,
3441 2512 3504 2557 ut
3526 2503 3651 2557 dum
3668 2507 3739 2555 est

2165 2600 2432 2671 temporis
2457 2598 2715 2670 spatium,
2742 2599 2972 2652 collecta
3003 2597 3155 2650 mala:
3173 2595 3596 2650 consuetudinis
3620 2593 3736 2646 vitia

2164 2701 2505 2749 resecentur.
2540 2691 2699 2757 Quod
2728 2707 2837 2745 non
2870 2692 3029 2744 aliter
3060 2689 3239 2743 facere
3263 2689 3543 2757 poteritis,
3568 2687 3668 2740 nisi
3690 2694 3737 2737 ut

2167 2783 2485 2841 irascamini
2513 2781 2917 2853 quodammodo
2946 2780 3235 2835 adversum
3260 2779 3628 2847 vosmetipsos
3652 2789 3737 2843 pro

2168 2879 2254 2934 bis
2311 2892 2432 2947 quae
2464 2874 2731 2929 inutiliter
2759 2872 3011 2943 gessistis
3039 2885 3103 2924 ac
3133 2870 3387 2940 turpiter.
3423 2868 3553 2924 Haec
3596 2866 3725 2920 enim

2164 2978 2251 3027 est
2280 2970 2430 3039 justa
2459 2975 2512 3021 et
2546 2965 2853 3020 necessaria
2881 2962 3185 3023 iracundia,
3223 2974 3329 3030 qua
3371 2956 3737 3027 unusquisque

2162 3062 2220 3118 In
2251 3061 2338 3115 his
2363 3059 2563 3131 quibus
2592 3056 2794 3112 erravit
2818 3062 2874 3108 et
2901 3068 3184 3123 perperam
3218 3052 3415 3121 gessit,
3442 3050 3737 3120 indignatur

477 3152 572 3207 sed
606 3152 793 3208 eadem
828 3156 1091 3225 temporis
1115 3157 1312 3226 spatia,
1338 3157 1453 3211 sive
1480 3156 1695 3211 brevior
1716 3159 1830 3212 sive
1848 3158 2059 3228 longior
2087 3146 2130 3203 C
2162 3165 2217 3210 et
2250 3154 2604 3221 semetipsum
2636 3150 2873 3212 incusat,
2905 3160 2971 3200 ex
3000 3160 3109 3215 qua
3142 3142 3523 3212 indignatione
3552 3154 3730 3228 aceen:

478 3244 551 3299 sit
572 3245 1029 3309 nox,dormiendo
1052 3262 1397 3314 consumere,
1413 3258 1468 3304 et
1491 3264 1684 3304 curare
1708 3264 2059 3319 magnopere,

478 3352 549 3393 ne
579 3353 915 3407 praesumens
944 3356 1009 3393 ex
1040 3340 1125 3395 liis
1148 3342 1343 3411 spatiis
1371 3356 1490 3411 quae
1513 3341 1714 3397 habere
1740 3341 1807 3395 ad
1836 3342 2063 3396 studen-

479 3428 610 3482 dum
644 3429 801 3496 solet,
830 3429 993 3484 addat
1024 3446 1220 3486 somno
1254 3439 1308 3486 et
1342 3432 1597 3503 vigilandi
1637 3440 1850 3501 tempus
1884 3431 2063 3485 immi-

480 3525 637 3574 nuat.
670 3516 1081 3575 Observandum
1113 3537 1351 3592 namque
1395 3530 1450 3577 et
1502 3522 1636 3576 illud
1680 3534 1789 3587 est,
1824 3537 1892 3577 nc
1924 3521 2065 3576 forte

481 3609 530 3665 si
556 3611 797 3665 nondum
820 3612 1063 3669 decoctis
1090 3615 1231 3669 cibis
1254 3616 1686 3685 interrumpatur
1706 3631 1955 3678 somnus,
1982 3616 2066 3668 in—

481 3698 758 3769 digestum
786 3716 987 3770 corpus
1018 3713 1273 3773 aggravet
1298 3714 1557 3771 mentem,
1586 3713 1640 3761 et
1655 3704 1855 3760 crudos
1887 3706 2065 3760 adhuc

480 3790 749 3846 exhalans
773 3794 999 3861 spiritus
1027 3796 1341 3851 interiorem
1371 3813 1593 3852 sensum
1626 3795 1917 3851 confusum
1949 3797 2067 3851 red-

484 3880 579 3933 dat
628 3896 693 3935 ac
738 3882 1039 3939 turbidum.
1073 3885 1300 3941 [lectum
1344 3904 1476 3959 ergo
1512 3895 1596 3943 est
1636 3899 1695 3941 ut
1738 3889 2065 3958 competenti

484 3972 650 4025 etiam
682 3988 809 4043 pars
838 3974 939 4029 ista
963 3978 1148 4047 quiete
1170 3978 1436 4046 foveatur,
1464 3996 1574 4049 quo
1603 3979 2069 4049 possitsuflicien-

486 4069 570 4117 ter
600 4064 686 4120 his
721 4082 841 4136 qua:
869 4067 976 4123 sibi
1008 4068 1278 4125 debentur
1318 4087 1521 4143 corpus
1557 4072 1812 4142 expletis,
1855 4071 2068 4142 justum

480 4154 545 4211 in
581 4156 806 4227 reliquis
839 4160 1007 4214 menti
1042 4160 1301 4217 exhibere
1324 4164 1713 4220 ministerium.

559 4246 625 4302 ll.
666 4246 733 4301 Et
762 4265 887 4303 cum
914 4249 1028 4305 haec
1064 4250 1321 4318 dixisset,
1375 4254 1626 4325 plurimis
1649 4255 1762 4324 jam
1804 4262 2071 4311 consueto

486 4337 545 4392 in
584 4337 727 4418 horti
772 4339 893 4394 loco
924 4342 994 4396 ad
1036 4342 1369 4399 audiendum
1409 4346 1777 4416 congregatis,
1804 4346 2073 4415 processit

487 4426 706 4496 Petrus,
739 4438 794 4485 et
825 4433 1076 4489 salutatis
1095 4450 1160 4489 ex
1185 4452 1334 4491 more
1364 4436 1541 4491 turbis
1568 4437 1749 4492 dicere
1776 4438 1880 4493 hoc
1907 4439 2070 4492 modo

488 4524 657 4595 erepit
690 4544 704 4580 :
745 4524 1013 4591 Quoniam
1047 4530 1288 4597 quidem,
1318 4529 1460 4585 sicut
1492 4537 1636 4584 terra
1674 4544 1705 4584 a
1734 4530 1946 4585 cultore
1976 4547 2071 4586 ne-

490 4619 666 4689 glecta
698 4619 887 4689 spinas
934 4631 989 4676 et
1034 4623 1271 4679 tribulos
1312 4625 1628 4679 necessario
1676 4625 1950 4695 producit,
1996 4626 2073 4679 ita

493 4728 693 4770 sensus
740 4723 917 4770 vester
972 4716 1120 4785 longi
1173 4716 1435 4786 temporis
1482 4718 1718 4781 incuria,
1768 4720 1969 4773 multas
2019 4724 2074 4773 et

492 4806 690 4861 noxias
716 4805 1005 4875 Opiniones
1029 4823 1211 4862 rerum
1230 4815 1284 4863 et
1308 4808 1697 4881 intelligentias
1730 4808 1879 4863 falsae
1902 4810 2077 4865 scien-

492 4896 583 4951 tia:
609 4897 969 4967 germinavit;
999 4914 1138 4968 Opus
1186 4906 1272 4955 est
1316 4914 1463 4954 nunc
1493 4901 1661 4953 multa
1692 4899 1972 4971 diligentia
2004 4899 2070 4954 ad

493 4986 853 5043 excolendum
902 5005 997 5045 rus
1054 4992 1250 5046 mentis
1276 5001 1493 5055 vestrae,
1526 4999 1586 5045 ut
1616 4991 1670 5045 id
1708 5008 1889 5047 sermo
1931 4992 2073 5046 veri-

494 5078 646 5143 tatis,
675 5079 880 5149 quiest
905 5095 1069 5136 verus
1095 5089 1147 5136 et
1169 5080 1402 5152 diligens
1430 5083 1612 5139 cordis
1642 5085 1893 5149 colonus,
1935 5083 2076 5139 assi-

494 5166 621 5224 duis
650 5170 863 5225 excolat
889 5170 1217 5241 disciplinis.
1248 5171 1505 5228 Vestrum
1539 5188 1671 5243 ergo
1703 5182 1789 5229 est
1831 5173 2075 5244 praebere

493 5258 545 5313 ei
575 5257 967 5325 obedientiam,
989 5268 1043 5315 et
1064 5262 1453 5332 occupationes
1478 5278 1542 5317 ae
1563 5263 1964 5319 sollicitudines
1987 5280 2077 5320 su-

494 5347 733 5420 perﬂuas
780 5358 1085 5419 amputare,
1118 5368 1185 5406 ne
1214 5353 1416 5406 bonum
1462 5354 1613 5407 verbi
1657 5368 1841 5409 semen
1885 5361 2076 5409 enecet

493 5443 723 5498 noxium
760 5460 1003 5515 germen.
1030 5443 1219 5500 Potest
1241 5444 1388 5500 enim
1422 5444 1557 5510 fieri,
1592 5454 1652 5501 ut
1678 5447 1831 5501 multi
1865 5455 2077 5519 tempo—

492 5535 572 5591 ris
596 5536 983 5607 negligentiam
1008 5538 1191 5612 brevis
1214 5545 1268 5593 et
1290 5538 1512 5594 assidua
1535 5550 1750 5609 reparet
1768 5540 2072 5612 diligentia;

496 5625 772 5684 incertum
825 5610 1066 5700 namque
1093 5637 1178 5686 est
1214 5630 1656 5702 uniuscujusque
1681 5634 1805 5688 vita:
1830 5610 2073 5703 tempus,

2163 3247 2313 3301 ditur
2343 3245 2399 3299 in
2428 3242 2586 3297 nobis
2618 3240 2759 3309 ignis
2787 3236 3033 3307 quidam,
3067 3235 3161 3304 qui
3208 3234 3359 3287 velut
3392 3248 3530 3303 agro
3577 3224 3731 3286 sterili

2166 3338 2470 3399 immissus,
2504 3332 2849 3402 consumptis
2889 3339 2944 3385 et
2990 3330 3232 3385 excoctis
3262 3327 3552 3381 radicibus
3576 3324 3732 3395 pessi-

2166 3448 2268 3486 ma:
2306 3430 2622 3498 voluptatis,
2666 3426 2812 3481 bono
2842 3423 3036 3478 semini
3065 3422 3215 3477 verbi
3245 3420 3341 3475 Dei
3376 3420 3734 3475 fecundiorem

2165 3522 2351 3578 cordis
2399 3524 2669 3591 praeparat
2715 3518 2947 3587 glebam.
2997 3512 3138 3567 Puto
3189 3520 3373 3567 autem
3423 3511 3572 3583 quod
3619 3509 3734 3564 satis

2167 3611 2362 3681 dignas
2388 3607 2634 3663 habeatis
2664 3621 2860 3659 causas
2888 3603 3207 3667 iracundiae,
3235 3619 3301 3657 ex
3330 3605 3543 3672 quibus
3563 3598 3734 3670 justis-

2170 3703 2344 3757 simus
2375 3701 2515 3771 ignis
2550 3699 2653 3752 iste
2684 3696 2976 3759 coalescat,
3013 3694 3059 3749 si
3091 3693 3463 3747 consideretis
3495 3694 3547 3745 in
3578 3703 3733 3760 quan-

2168 3801 2257 3849 tos
2278 3807 2376 3848 vos
2403 3805 2619 3847 errores
2644 3789 2868 3845 deduxit
2898 3786 3218 3857 ignorantiae
3235 3786 3468 3848 malum,
3496 3788 3732 3854 quantos-

2169 3901 2276 3958 que
2300 3885 2486 3955 lapsus
2514 3891 2567 3937 et
2597 3890 2802 3952 quanta
2834 3879 3131 3951 praecipitia
3169 3878 3234 3931 ad
3269 3876 3608 3946 peccandum
3648 3872 3733 3926 de-

2172 3977 2273 4040 dit,
2308 3991 2336 4029 a
2372 3974 2593 4045 quantis
2623 3988 2718 4028 vos
2750 3972 2911 4027 bonis
2951 3970 3217 4025 abstraxit
3246 3976 3299 4023 et
3330 3968 3386 4022 in
3420 3983 3542 4039 qua
3567 3964 3734 4038 prxdv

2173 4066 2365 4137 pitavit
2393 4066 2555 4128 mala,
2575 4072 2629 4119 et
2656 4063 2802 4134 quod
2832 4071 2917 4117 est
2947 4077 3113 4131 super
3135 4060 3319 4115 omnia
3341 4061 3588 4131 gravius.
3608 4053 3734 4129 quod

2172 4172 2271 4219 vos
2302 4158 2356 4210 in
2388 4155 2573 4209 futuro
2608 4156 2809 4209 saeculo
2838 4154 3057 4207 :eternis
3088 4153 3266 4222 poenis
3295 4153 3573 4207 obnoxios
3605 4148 3734 4204 fecit.

2167 4244 2363 4301 Nonne
2407 4262 2506 4318 pro
2544 4246 2631 4305 his
2656 4248 2935 4313 omnibus,
2964 4248 3056 4303 ubi
3099 4246 3258 4302 vobis
3285 4247 3537 4301 veritatis
3565 4246 3729 4299 lumen

2167 4338 2411 4402 obfulsit,
2436 4338 2576 4411 ignis
2588 4339 2909 4410 justissima
2929 4338 3317 4411 indignationis
3337 4337 3669 4402 accenditur,
3685 4345 3732 4389 et

2176 4434 2475 4488 iracundiae
2507 4432 2614 4487 Deo
2652 4433 2864 4503 placita:
2912 4432 3056 4486 intra
3102 4446 3201 4485 vos
3240 4430 3535 4500 consurgit
3577 4428 3736 4481 incen-

2174 4524 2323 4578 dium
2345 4562 2362 4589 ,
2407 4538 2515 4594 quo
2558 4533 2917 4578 consumatur
2948 4529 3002 4577 et
3032 4521 3298 4575 radicitus
3335 4521 3572 4575 intereat
3598 4530 3737 4572 omne

2174 4630 2417 4685 germen,
2453 4615 2499 4669 si
2528 4614 2677 4684 quod
2704 4614 2845 4669 forte
2874 4615 3016 4669 intra
3046 4627 3144 4669 vos
3176 4613 3331 4666 malae
3356 4612 3737 4684 concupiscen-

2176 4709 2266 4761 tia:
2292 4704 2628 4776 pullulavit?

2249 4797 2336 4853 IV.
2379 4798 2424 4831 ³⁸
2444 4796 2599 4852 Unde
2638 4805 2693 4852 et
2735 4798 2853 4868 ipse
2881 4798 2973 4867 qui
3004 4798 3154 4853 misit
3181 4813 3303 4861 nos,
3350 4812 3480 4852 cum
3522 4795 3738 4851 venisset

2176 4899 2231 4947 et
2260 4907 2479 4947 onmem
2510 4891 2773 4945 mundum
2791 4890 3017 4945 vidisset
3042 4890 3110 4944 ad
3138 4890 3403 4944 malitiam
3432 4888 3733 4944 declinasse.

2175 5000 2289 5039 non
2313 4985 2578 5039 continuo
2606 4999 2795 5054 pacem
2822 4984 2873 5039 ei
2902 4984 2956 5036 in
2984 4983 3266 5038 erroribus
3296 4983 3483 5052 posito
3508 4974 3732 5041 dediLnt

2177 5096 2303 5135 eum
2332 5078 2681 5134 conﬁrmaret
2715 5079 2771 5132 in
2801 5078 2981 5138 malis,
3008 5077 3102 5132 sed
3133 5077 3463 5147 ignorantiae
3490 5076 3607 5144 ejus
3633 5070 3731 5124 ruis

2177 5173 2267 5227 nis
2294 5172 2581 5227 scientiam
2612 5170 2859 5225 veritatis
2880 5170 3155 5239 opposuit,
3181 5178 3262 5233 ut,
3303 5169 3351 5224 si
3388 5168 3526 5223 forte
3566 5164 3730 5233 resipi'

2179 5272 2399 5320 seerent
2422 5272 2478 5318 et
2507 5263 2692 5318 lumen
2723 5261 2972 5318 veritatis
2995 5262 3321 5332 aspicerent,
3337 5261 3593 5329 deceptos
3616 5271 3669 5309 se
3688 5259 3733 5305 et

2178 5355 2236 5410 in
2268 5356 2565 5427 praecipitia
2593 5356 2800 5411 erroris
2832 5356 3140 5410 abstractos
3169 5355 3367 5408 merito
3404 5351 3663 5409 dolerent,
3688 5352 3732 5397 et

2182 5448 2490 5504 iracundiae
2514 5448 2774 5504 salutaris
2829 5449 3009 5518 ignem
3057 5446 3346 5501 adversum
3394 5440 3731 5512 decepti-irem

2179 5540 2266 5595 sui
2289 5540 2642 5611 conciperent
2664 5540 3048 5610 ignorantiam.
3079 5536 3161 5595 0b
3179 5538 3285 5593 hoc
3305 5541 3491 5607 itaque
3504 5531 3726 5589 dicebat:

2180 5632 2366 5705 Ignem
2395 5633 2510 5687 veni
2539 5633 2747 5689 mittere
2774 5632 2830 5687 in
2854 5639 3071 5699 terram,
3094 5639 3146 5686 et
3164 5645 3325 5702 quam
3352 5628 3474 5686 volo
3503 5635 3561 5681 ut
3578 5635 3726 5678 acut

578 5800 624 5833 ⁸·
662 5799 795 5867 Quae
817 5817 934 5872 cap.
976 5802 1108 5860 4-H
1141 5805 1195 5859 in
1224 5801 1348 5859 cdd.
1373 5803 1650 5876 leguntur,
1676 5806 1875 5864 desunt
1899 5807 1953 5863 in
1978 5806 2138 5864 codd.
2167 5822 2302 5864 mss.
2329 5805 2513 5880 Lipss.
