3888 6192
481 347 603 405 1551

1344 345 1401 402 S.
1440 346 1835 403 CLEMENTIS
1873 348 1892 401 l
1931 347 2096 404 ROM.
2139 349 2342 406 ΡΟΝΤ.
2383 351 2614 407 OPERA
2650 351 2880 410 DUBIA.

3588 351 3701 407 Γὦέ

549 463 658 520 \‘ll.
700 463 921 519 Certum
947 471 1031 517 est
1055 463 1199 518 enim
1228 463 1355 534 quia
1386 480 1482 534 per
1511 463 1713 519 ferrum
1756 464 1897 519 facta
1920 474 2051 522 sunt
2080 476 2126 531 Α
2154 470 2312 540 pletis
2337 470 2511 525 haeres
2539 468 2769 525 eliicitur
2805 468 2928 537 ejus
2954 480 2986 521 a
3005 481 3119 538 quo
3144 467 3198 521 in
3221 465 3623 536 incorruptione
3642 482 3705 519 l'l.‘

477 560 797 622 simulacra,
833 558 1035 611 ferrum
1072 571 1202 611 vero
1253 572 1348 627 per
1394 558 1576 627 ignem
1608 557 1919 612 confectum
1949 567 2055 623 est,

477 656 572 725 qui
604 653 746 725 ignis
776 666 917 722 aqua
947 649 1337 720 exstinguitur,
1371 665 1510 719 aqua
1552 658 1733 703 autem
1769 666 1867 720 per
1897 651 2062 721 spiri-

479 752 594 799 tum
631 752 898 804 ntovetur,
929 742 1157 812 spiritus
1192 748 1371 797 autem
1418 757 1448 795 a
1496 741 1604 795 Deo
1633 741 1847 796 initium
1877 744 2057 797 habet.

482 836 574 892 Sic
602 838 745 891 enim
789 835 924 889 dicit
964 833 1177 904 Moyses
1208 833 1469 904 propheta
1504 853 1517 887 :
1557 831 1624 887 In
1655 834 1912 903 principio
1936 833 2063 903 fecit

480 927 622 982 Deus
651 929 836 982 cmlum
880 936 928 981 et
966 936 1185 988 terram,
1229 936 1371 979 terra
1407 935 1582 979 autem
1627 934 1742 978 erat
1780 923 2061 978 invisibilis

479 1030 530 1073 et
562 1020 929 1088 incomposita,
956 1028 1005 1072 et
1057 1017 1281 1071 tenebrw
1328 1027 1479 1071 erant
1524 1031 1680 1084 super
1710 1015 1979 1085 abyssum,
2011 1022 2063 1068 ct

483 1112 714 1180 Spiritus
762 1110 860 1164 Dei
903 1119 1015 1164 erat
1044 1126 1198 1179 super
1228 1126 1394 1179 aquas
1415 1108 1480 1163 “.
1514 1108 1617 1174 Qui
1648 1108 1874 1177 spiritus
1900 1107 2061 1175 jussu

482 1201 610 1267 ltei,
643 1200 799 1270 quasi
852 1200 969 1269 ipsa
998 1198 1314 1253 Conditoris
1355 1214 1550 1251 manus
1579 1197 1755 1251 lucem
1788 1196 2062 1265 separavit

484 1308 513 1346 a
539 1293 779 1345 tenebris
811 1292 947 1361 (50),
976 1297 1029 1346 et
1057 1299 1179 1359 post
1210 1288 1343 1343 illud
1376 1289 1649 1343 invisibile
1683 1289 1882 1342 C(Blllllt
1915 1286 2061 1341 istud

480 1385 695 1439 visibile
726 1384 1003 1453 produxit,
1035 1391 1094 1437 ut
1124 1383 1409 1453 superiora
1439 1382 1659 1451 quidem
1689 1379 2062 1433 habitaculum

484 1476 687 1529 faceret
716 1476 944 1545 angelis,
978 1475 1235 1529 inferiora
1287 1489 1416 1528 vero
1464 1473 1799 1527 hominibus.
1834 1470 2065 1541 Propter

484 1575 535 1621 te
570 1583 700 1636 ergo
730 1567 822 1620 Dei
852 1568 1033 1635 jussu,
1055 1581 1193 1635 aqua
1217 1581 1337 1635 quae
1359 1573 1477 1620 erat
1500 1580 1666 1635 super
1692 1565 1883 1618 laciem
1907 1572 2064 1617 terra:

484 1660 733 1721 secessit,
767 1667 826 1712 ut
856 1667 998 1713 terra
1023 1658 1119 1711 tibi
1156 1658 1477 1728 produceret
1504 1656 1738 1719 fruetus,
1770 1657 1859 1710 cui
1900 1656 2062 1709 etiam

484 1745 774 1804 humorum
809 1765 975 1805 venas
1003 1751 1236 1805 latenter
1267 1750 1518 1813 inseruit,
1548 1757 1610 1803 ut
1632 1749 1727 1802 tibi
1758 1766 1825 1803 ex
1856 1764 1917 1802 ea
1946 1764 2066 1817 pro-

484 1840 713 1895 lluerent
744 1840 921 1894 fontes
939 1848 994 1894 et
1016 1838 1495 1910 llumiha.Propter
1514 1848 1565 1894 te
1591 1840 1890 1909 producere
1908 1839 2064 1907 jussa

483 1945 567 1987 est
598 1935 916 1997 animantia,
952 1941 1005 1987 et
1029 1934 1211 1986 omnia
1240 1948 1361 2001 quae
1386 1941 1480 1986 tuo
1520 1934 1644 1985 usui
1689 1932 2066 2000 voluntatique

484 2027 773 2081 servirent.
801 2024 907 2079 Aut
941 2040 1047 2078 non
1086 2033 1307 2093 propter
1353 2032 1407 2078 te
1446 2025 1595 2077 venti
1644 2024 1875 2091 spirant,
1914 2032 1971 2076 ut
1999 2038 2065 2076 ex

485 2119 621 2189 ipsis
668 2119 985 2186 concipiens
1033 2117 1244 2172 fructus
1289 2118 1386 2171 tibi
1435 2125 1580 2172 terra
1613 2116 1917 2187 parturiat?
1948 2114 2064 2167 Non

485 2218 704 2280 propter
734 2218 787 2262 te
816 2209 1019 2263 imbres
1072 2208 1350 2278 profluunt
1378 2216 1431 2262 et
1461 2217 1705 2276 tempora
1739 2207 2067 2261 vicissitudi‘

484 2318 582 2356 nes
616 2302 865 2355 mutant?
894 2300 1010 2355 Non
1044 2312 1263 2371 propter
1292 2308 1346 2355 te
1376 2302 1455 2355 sol
1498 2302 1673 2353 oritur
1703 2307 1756 2354 et
1790 2301 1989 2353 cecidit
2012 2307 2065 2354 et

484 2392 818 2446 mutationes
850 2392 978 2445 luna
1010 2390 1349 2461 perpetitur?
1396 2389 1626 2461 Propter
1655 2402 1707 2445 te
1743 2406 1892 2445 mare
1919 2390 2067 2444 exhi-

486 2483 575 2535 bet
622 2483 941 2536 famulatum
975 2499 1158 2546 suum,
1189 2492 1249 2537 ut
1283 2484 1380 2536 tibi
1420 2484 1634 2553 ingrato
1661 2494 1857 2537 cuncta
1887 2482 2066 2550 subja-

485 2584 666 2630 ccaut.
700 2576 890 2631 Nonne
941 2592 1041 2647 pro
1093 2577 1177 2631 his
1226 2576 1483 2630 omnibus
1528 2576 1677 2644 justa
1706 2578 1811 2630 erit
1842 2575 2063 2629 ultionis

486 2684 668 2740 penna,
701 2668 827 2738 quia
862 2669 1054 2722 horum
1103 2668 1343 2721 omnium
1390 2667 1720 2735 largitorem.
1748 2681 1909 2735 quem
1940 2675 2064 2719 ante

487 2762 670 2815 omnia
694 2771 746 2815 et
762 2776 1057 2830 agnoscere
1085 2768 1139 2814 et
1166 2760 1410 2815 venerari
1437 2758 1725 2822 debuistis,
1752 2759 1927 2811 solum
1953 2773 2065 2828 prae

484 2852 699 2907 caeteris
724 2850 1058 2921 ignorastis?

562 2941 695 2997 γιιι.
738 2940 845 2997 Sed
894 2949 947 2996 et
990 2957 1135 2996 nunc
1184 2942 1387 2996 eisdem
1419 2958 1517 2997 vos
1562 2944 1628 2996 ad
1653 2943 2061 3013 intelligentiam

488 3034 591 3089 viis
619 3034 788 3099 duco;
822 3034 1017 3087 videtis
1046 3034 1246 3087 etenim
1275 3034 1419 3103 quod
1456 3034 1637 3087 omnia
1670 3035 1967 3103 gignuntur
1994 3050 2062 3089 ex

2160 572 2451 633 generatus
2480 571 2583 617 est.
2617 560 2849 631 Propter
2868 560 3013 631 quod
3033 562 3240 630 paratis
3270 560 3468 615 animis
3488 558 3705 613 accedite

2160 656 2317 725 quasi
2352 655 2444 709 lilii
2474 654 2540 709 ad
2573 664 2806 725 patrem,
2837 663 2896 708 ιιι
2918 663 3138 724 peccata
3168 660 3348 709 vestra
3379 653 3645 708 diluantur
3664 657 3708 704 et

2159 763 2328 803 causa
2374 764 2563 803 eorum
2613 736 2729 804 sola
2774 748 3078 819 ignorantia
3108 747 3279 802 fuisse
3304 746 3560 817 probetur
3586 744 3708 814 apud

2163 838 2355 897 Deum.
2407 839 2539 895 Nam
2572 842 2617 897 si
2646 847 2768 911 post
2799 841 3129 911 agnitionem
3168 841 3363 894 horum
3406 837 3710 909 permanetis

2160 928 2217 984 in
2249 930 2649 994 incredulitate,
2676 932 2829 986 vobis
2855 932 2967 1000 jam
3002 931 3325 1002 peaditionis
3352 942 3549 985 vestra:
3567 940 3713 983 causa

2161 1030 2215 1075 et
2246 1038 2354 1075 non
2386 1024 2702 1093 ignorantiae
2720 1022 3191 1092 reputabitur.Nec
3215 1038 3287 1093 pu
3312 1021 3531 1093 esquod
3550 1022 3713 1075 ctiam-

2163 1115 2208 1169 si
2241 1129 2455 1170 omnem
2487 1116 2741 1186 pietatem
2774 1115 2925 1172 colas
2966 1116 3599 1184 omnemquejustitiam,
3629 1116 3715 1169 ba-

2163 1207 2423 1275 ptismum
2441 1222 2571 1260 vero
2593 1222 2703 1259 non
2728 1206 2989 1276 accipias,
3005 1221 3155 1275 spem
3170 1206 3350 1276 possis
3368 1205 3569 1259 habere
3590 1204 3714 1273 apud

2164 1296 2373 1363 Deum;
2415 1300 2525 1353 imo
2563 1299 2743 1369 potius
2793 1299 3001 1368 majore
3048 1312 3207 1367 poma
3244 1298 3444 1368 dignus
3493 1300 3595 1353 erit
3636 1296 3717 1367 qui

2163 1392 2306 1447 bona
2337 1406 2502 1459 Opera
2532 1406 2641 1444 non
2672 1391 2809 1446 bene
2838 1398 3119 1461 operatur,
3150 1389 3432 1445 confertur
3460 1390 3602 1441 enim
3628 1401 3720 1440 nte-

2162 1484 2327 1537 ritum
2344 1483 2545 1537 homini
2562 1500 2630 1538 ex
2662 1484 2819 1537 bonis
2840 1484 3025 1553 gestis,
3051 1483 3145 1537 sed
3179 1482 3224 1537 si
3257 1484 3327 1535 ita
3350 1488 3608 1551 gerantur
3627 1479 3720 1533 sic-

2164 1583 2225 1629 ut
2256 1573 2398 1629 Deus
2427 1574 2603 1643 jubet.
2657 1574 2799 1629 Deus
2832 1583 3012 1629 autem
3035 1575 3201 1643 jussit
3227 1588 3445 1628 omnem
3474 1572 3719 1626 colentem

2165 1683 2223 1722 se
2248 1667 2516 1737 baptismo
2538 1668 2874 1737 consignari,
2906 1666 3050 1737 quod
3083 1668 3127 1721 si
3160 1674 3217 1719 tu
3250 1665 3511 1720 reniteris
3539 1671 3591 1718 et
3632 1673 3721 1715 tute

2164 1760 2427 1811 voluntati
2482 1758 2654 1829 magis
2700 1774 2862 1829 quam
2912 1756 3007 1813 Dei
3039 1759 3406 1828 obtemperas,
3435 1753 3721 1811 contrarius

2097 1823 2139 1878 Β
2167 1848 2287 1903 sine
2318 1849 2486 1903 dubio
2516 1855 2570 1903 et
2598 1848 2857 1903 inimicus
2884 1864 2944 1904 es
2980 1849 3246 1902 voluntati
3280 1848 3429 1917 ejus.

2242 1939 2331 1995 1X.
2377 1941 2483 1995 Sed
2508 1943 2658 1996 dices
2690 1940 2923 1996 fortasse
2955 1960 2967 1995 :
3005 1940 3147 2006 Quid
3192 1940 3405 1994 confert
3455 1952 3603 2009 aquae
3642 1937 3724 1990 ba-

2168 2034 2401 2105 ptismus
2428 2033 2493 2086 ad
2526 2032 2617 2087 Dei
2647 2032 2893 2086 cultum?
2936 2031 3117 2086 Primo
3148 2032 3391 2102 quideut,
3424 2033 3551 2100 quia
3596 2027 3724 2099 quod

2168 2124 2278 2179 Deo
2308 2125 2509 2193 placuit
2536 2125 2824 2193 impletur;
2857 2124 3121 2185 secundo,
3158 2124 3284 2193 quia
3327 2131 3642 2193 regenerato
3670 2135 3726 2174 ex

2168 2216 2325 2285 aquis
2353 2225 2406 2269 et
2438 2212 2547 2270 Deo
2583 2221 2810 2277 renato,
2851 2213 3120 2283 fragilitas
3172 2212 3375 2283 prioris
3423 2211 3722 2271 nativitatis,

2166 2323 2288 2378 qua
2317 2308 2415 2361 tibi
2446 2322 2542 2376 per
2573 2308 2846 2361 hominem
2879 2305 3021 2361 facta
3066 2317 3172 2370 est,
3218 2312 3559 2373 amputatur,
3587 2315 3637 2359 et
3665 2304 3726 2356 ita

2166 2399 2385 2454 demum
2436 2400 2720 2469 pervenire
2767 2402 2973 2469 poteris
3019 2401 3086 2453 ad
3130 2400 3386 2461 salutem,
3419 2398 3579 2452 aliter
3616 2408 3725 2448 vero

2166 2492 2503 2561 impossibile
2551 2499 2654 2547 est.
2691 2490 2783 2547 Sic
2830 2494 2976 2546 enim
3027 2492 3186 2546 nobis
3232 2507 3357 2546 cum
3410 2497 3727 2546 sacramento

2166 2600 2328 2639 verus
2352 2582 2623 2653 Pmpheta
2657 2591 2889 2639 testatus
2919 2591 3025 2647 est,
3056 2584 3249 2640 dicens
3278 2602 3291 2637 :
3322 2584 3494 2637 Amen
3521 2582 3633 2635 dico
3653 2596 3727 2633 ro-

2166 2672 2267 2737 bis,
2290 2674 2392 2727 nisi
2408 2674 2523 2743 quis
2540 2672 2709 2726 denuo
2735 2682 2947 2726 renatus
2971 2671 3131 2740 fuerit
3150 2687 3215 2725 ea:
3239 2688 3403 2739 aqua,
3441 2687 3545 2723 non
3580 2668 3727 2720 intro-

2166 2764 2261 2818 ibit
2286 2766 2339 2817 in
2363 2782 2521 2832 regna
2542 2764 2795 2817 calorum
2812 2762 2876 2818 “.
2895 2762 2961 2815 Et
2988 2762 3111 2817 ideo
3135 2764 3464 2824 aCcelerate,
3493 2768 3575 2816 est
3601 2758 3725 2813 enim

2165 2856 2220 2911 in
2248 2857 2403 2926 aquis
2432 2858 2550 2912 istis
2581 2855 2971 2910 misericordiae
2991 2856 3075 2908 vis
3103 2856 3375 2924 quaedam,
3398 2868 3521 2922 qua:
3548 2867 3606 2905 ex
3634 2848 3725 2901 iui-

2163 2946 2242 3002 tio
2290 2946 2565 3002 ferebatur
2608 2964 2774 3017 super
2813 2962 2929 3009 eas,
2962 2956 3016 3001 et
3054 2945 3298 3016 agnoscit
3329 2961 3432 2999 eos
3461 2944 3552 3012 qui
3579 2938 3726 2999 baeti-

2165 3048 2362 3094 zantur
2385 3042 2487 3095 sub
2514 3040 2877 3110 appellatione
2917 3038 3149 3109 triplicis
3180 3037 3536 3099 sacramenti,
3560 3045 3610 3089 et
3634 3030 3725 3087 e.i-

488 3128 665 3197 aquis,
699 3142 839 3197 aqua
863 3140 991 3181 vero
1020 3141 1116 3196 per
1137 3124 1484 3197 Unigenitum
1514 3143 1580 3181 ex
1613 3129 1769 3181 initio
1797 3127 1939 3181 facta
1954 3136 2057 3191 est,
2091 3158 2136 3215 ε
2169 3134 2247 3202 pit
2275 3148 2369 3186 eos
2400 3133 2467 3186 de
2496 3133 2782 3203 suppliciis
2811 3132 3033 3193 futuris,
3052 3130 3211 3201 quasi
3241 3129 3450 3183 donum
3480 3124 3724 3197 quoddam

492 3218 765 3290 Unigeniti
799 3236 926 3275 vero
956 3221 1303 3289 omnipotens
1337 3220 1477 3276 Deus
1513 3228 1676 3290 caput
1706 3229 1789 3276 est
1817 3221 1949 3292 (3|),
1975 3234 2072 3290 per

489 3329 650 3383 quem
679 3314 771 3367 tali
804 3316 1016 3375 ordine,
1048 3331 1156 3383 quo
1185 3329 1351 3384 supra
1375 3314 1635 3379 diximus,
1661 3316 1973 3384 pervenitur
2002 3312 2070 3367 ad

491 3402 741 3471 Patrem;
781 3422 904 3459 eum
956 3415 1133 3460 autem
1185 3405 1498 3475 perveneris
1534 3406 1596 3459 ad
1624 3404 1860 3468 Patrem,
1898 3420 2071 3476 agno-

490 3510 613 3549 sces
647 3496 787 3549 hanc
833 3512 955 3551 esse
984 3498 1322 3551 voluntatem
1353 3497 1493 3565 ejus,
1530 3504 1591 3549 ut
1621 3511 1718 3566 per
1747 3511 1918 3567 aquas
1948 3510 2069 3565 quae

489 3587 677 3656 primae
705 3596 902 3641 creata:
932 3596 1060 3641 sunt
1086 3587 1220 3657 (52),
1258 3588 1440 3642 denuo
1469 3588 2066 3654 renascaris.Quienim

491 3688 841 3749 regeneratus
865 3680 1028 3733 fuerit
1054 3696 1147 3749 per
1178 3696 1397 3751 aquam,
1430 3681 1591 3735 bonis
1620 3680 1877 3749 operibus
1903 3680 2071 3734 adim-

558 3794 603 3827 "
639 3792 775 3850 Gen.
808 3808 847 3856 ι,
872 3795 925 3858 l,
951 3793 1005 3847 2.
1084 3793 1132 3826 “
1160 3793 1317 3850 Joan.
1345 3810 1427 3858 tu,
1456 3794 1510 3849 5.

1760 3929 2129 3985 COTELERII

489 4078 615 4139 Τοῖς
642 4075 868 4134 πιστοῖς,
902 4072 935 4141 ὴ
970 4072 1068 4141 τῆς
1104 4072 1355 4134 ἀσεϐείας
1396 4072 1755 4138 κατάγνωσις,
1794 4072 2073 4143 αὐτάρκης

490 4146 645 4219 πρὸς
674 4141 951 4219 ερσέᾷειάν
972 4144 1098 4219 ’ἐστι
1125 4141 1344 4219 γιὲῗισις.
1376 4142 1498 4219 diu}
1524 4141 1632 4219 ζὰρ
1661 4142 1717 4219 ι-ῖῑ⁸
1747 4141 2073 4219 μὴ-δυῖατὺπί

489 4211 893 4306 κίὶτςξλαόἐσθαι
931 4213 985 4265 τι
1025 4214 1139 4264 ἐστι
1167 4211 1321 4275 Θεὸς,
1364 4211 1501 4265 ἀλλὰ
1539 4211 1762 4264 δυνατὸν
1792 4211 1989 4275 εἰπεῖν,
2019 4211 2073 4265 τι

488 4286 825 4432 ουῗῦῗῆτὲιιὶ
848 4354 1071 4432 spiritus
1085 4351 1409 4432 .jussujlei,
1443 4352 1595 4432 quasi
1623 4352 1739 4432 ipsa
1767 4349 2072 4432 Conditoris

490 4422 679 4479 manus
713 4426 819 4495 (ita
850 4422 993 4495 recte
1026 4423 1188 4476 etiam
1223 4422 1566 4495 libriscripti
1625 4422 2071 4495 Clemeutiuorum

970 4071 1068 4141 τῆς
1104 4069 1355 4143 ἀσερείας
1392 4071 1755 4143 κατάγνωσις,
1794 4071 2075 4143 ᾳὺτάρκης

2164 3224 2403 3280 olferens
2454 3223 2563 3277 Deo
2613 3225 2825 3278 animas
2869 3240 2965 3293 per
3008 3223 3340 3293 baptismum
3374 3228 3720 3277 consecratas.

2164 3315 2457 3386 Confugite
2487 3330 2617 3386 ergo
2647 3317 2712 3369 ad
2742 3330 2911 3385 aquas
2948 3316 3103 3378 istas,
3135 3316 3264 3371 sola:
3292 3323 3427 3369 sunt
3464 3313 3603 3369 enim
3624 3321 3725 3379 quae

2164 3409 2378 3476 possint
2407 3407 2517 3461 vim
2575 3407 2743 3460 futuri
2790 3406 2932 3476 ignis
2981 3406 3361 3475 exstinguere;
3388 3405 3455 3458 ad
3490 3415 3621 3472 quas
3645 3394 3721 3466 qui

2166 3509 2412 3554 moratur
2441 3496 2723 3563 accedere,
2764 3507 2983 3553 constat
3013 3501 3065 3552 in
3098 3513 3164 3553 eo
3189 3496 3531 3553 infidelitatis
3572 3492 3722 3547 adhuc

2165 3590 2371 3644 idolum
2399 3603 2737 3658 permanere,
2765 3596 2820 3643 et
2868 3588 2938 3640 ab
2986 3588 3103 3656 ipso
3155 3584 3436 3655 prohiberi
3482 3581 3550 3635 ad
3577 3589 3722 3647 aquas

2165 3695 2287 3751 qua:
2316 3680 2545 3736 salutem
2576 3678 2889 3743 conferunt,
2919 3675 3367 3748 properare.Sive
3394 3674 3540 3730 enim
3566 3672 3722 3741 justus

2201 3929 2437 3988 ΝΟΤιΕ.

2175 4070 2395 4136 aqualis
2425 4070 2615 4133 habet;
2646 4079 2696 4124 et
2726 4085 2841 4122 cum
2869 4068 2978 4135 ipse
3011 4069 3081 4122 sit
3108 4066 3342 4120 omnium
3370 4076 3548 4136 caput,
3582 4065 3723 4136 ipsius

2176 4135 2352 4195 tamen
2378 4152 2535 4210 caput
2561 4150 2639 4195 est
2671 4140 2855 4210 Pater.
2886 4138 2976 4192 Sic
2996 4140 3138 4210 enim
3166 4139 3423 4210 scriptum
3440 4135 3527 4191 est
3551 4136 3597 4205 (ι
3617 4135 3723 4190 Cor.

2177 4228 2253 4271 sl.
2303 4213 2380 4281 '5),
2414 4206 2569 4281 Quia
2600 4221 2756 4278 caput
2792 4208 3015 4281 Christi
3040 4208 3202 4281 Deus:
3239 4206 3550 4281 Prudenter
3569 4216 3725 4281 tamen

2175 4277 2460 4336 monentur
2488 4298 2517 4334 «ι
2548 4279 2604 4336 S.
2630 4277 2940 4342 Ambrosio,
2966 4278 3061 4333 lib.
3088 4295 3138 4331 tv
3171 4277 3244 4331 De
3266 4278 3392 4346 ﬁde,
3417 4294 3538 4347 cap.
3567 4278 3724 4334 2.nou

2174 4350 2380 4406 dixisse
2409 4352 2751 4420 Apostolum,
2786 4359 2942 4416 caput
2971 4347 3187 4408 Christi,
3216 4347 3414 4413 Pater;
3452 4348 3726 4420 sed,capat

2173 4420 2406 4483 Christi,
2460 4419 2631 4476 Deus.
2671 4420 3045 4475 Consulautur
3086 4422 3412 4485 interpretes
3450 4420 3515 4473 ad
3569 4419 3725 4471 locum

490 4513 570 4577 Ini:
600 4496 693 4557 22,
720 4486 878 4577 ’χε-ἐρ)
918 4495 1083 4577 lucem
1131 4492 1411 4577 κεραῖαςίςῖ
1442 4486 1776 4577 (tenebris.-
1800 4491 1984 4577 Militis
2015 4493 2070 4545 in
2103 4493 2699 4577 “Apostolikitemque
2723 4489 2780 4544 S.
2812 4490 3048 4570 Basilius
3074 4492 3127 4543 in
3168 4489 3359 4577 psalm.
3392 4505 3584 4577 ιιινῐιιι,
3611 4486 3659 4541 6.

492 4558 970 4624 ϐιεηιειιτίἱιὲδ’,’καὶ
990 4558 1236 4631 λέγοντος
1256 4562 1349 4614 τοῦ
1372 4562 1528 4624 Θεοῦ,
1555 4563 1649 4631 sed
1677 4562 1815 4615 forte
1839 4560 2071 4616 Ruﬁnus
2103 4558 2146 4613 D

492 4636 704 4697 legebat
734 4634 1043 4695 κελεύοντος
1066 4630 1165 4684 τοῦ
1195 4631 1349 4684 Θεοῦ.
1385 4631 1539 4701 Apud
1562 4630 1823 4686 Irenaeum
1847 4632 1941 4685 lib.
1988 4647 2072 4694 ιιι,

493 4706 742 4760 adversus
769 4705 1015 4762 Itwreses.
1039 4718 1161 4771 cap.
1196 4701 1228 4755 8
1254 4720 1265 4754 :
1303 4702 1566 4767 Quoniam
1606 4704 1715 4764 ipse
1730 4702 1997 4769 prwcepit,
2028 4712 2077 4755 et

492 4786 671 4830 creata
704 4784 827 4829 sunt
857 4789 875 4826 :
908 4776 1017 4842 ipse
1044 4772 1203 4832 dixit,
1235 4782 1283 4825 et
1316 4774 1461 4837 facta
1489 4782 1631 4827 sunt.
1666 4771 1766 4827 Cui
1796 4788 1916 4841 ergo
1941 4788 2080 4840 prte-

492 4847 670 4910 cepit?
706 4844 889 4906 Verbo,
922 4844 1161 4897 scilicet:
1188 4857 1279 4909 per
1306 4842 1465 4910 quod,
1499 4844 1693 4910 inquit.
1726 4841 1841 4896 εωιί
1876 4842 2079 4910 firmati

492 4847 670 4911 cepit?
706 4844 889 4906 Verbo,
922 4841 1118 4897 scilicet
1144 4857 1161 4913 ξ
1188 4857 1279 4909 per
1306 4842 1465 4913 quod,
1499 4844 1693 4912 inquit.
1726 4841 1841 4896 casli

491 4926 635 4977 sunt,
668 4924 716 4968 et
749 4914 953 4982 Spiritu
974 4914 1081 4967 oris
1111 4912 1224 4981 ejus
1267 4911 1436 4966 omnis
1474 4911 1637 4966 virtus
1665 4929 1864 4982 eorum.
1899 4911 2073 4982 (Psul.

492 5002 665 5049 xxx",
689 4984 743 5045 9,
763 4981 841 5053 6.)
875 4984 1016 5038 Idem
1049 4982 1307 5053 legendus
1337 4983 1431 5036 lib.
1455 4999 1527 5046 tv,
1552 4998 1671 5053 cap.
1694 4983 1778 5037 75.
1799 4981 2079 5053 Libroau-

493 5065 600 5110 tem
626 5072 676 5115 ν,
702 5051 831 5125 cap.
848 5054 903 5114 6,
926 5054 1057 5125 dicit
1090 5051 1117 5106 ί
1133 5052 1236 5106 Per
1252 5069 1455 5125 manus
1479 5051 1630 5107 enim
1647 5052 1850 5125 Patris,
1886 5051 1943 5125 id
1962 5064 2073 5125 est,

491 5142 584 5196 per
616 5123 813 5179 Filium
834 5135 891 5196 _et
918 5123 1197 5196 Spiritum,
1229 5124 1265 5192 ﬁ

492 5192 662 5249 dinem
687 5195 799 5250 Dei.
827 5194 934 5249 Sed
962 5195 1235 5247 memoriae
1258 5193 1563 5247 mandanda
1585 5203 1668 5247 est
1699 5192 2072 5262 Chrysostomi

494 5281 658 5319 aurea
683 5265 997 5319 observatio
1024 5264 1091 5317 de
1114 5264 1318 5332 Spiritu
1362 5270 1572 5328 sancto,
1592 5262 2023 5332 adlCor.xtt,H
2051 5286 2063 5321 :

492 5335 692 5404 Καθὼς
724 5334 989 5404 βούλεται,
1020 5334 1081 5386 οὐ
1104 5332 1285 5404 καθὼς
1309 5333 1586 5387 κελεύεται
1613 5344 1665 5387 et
1705 5334 2069 5404 ἐπιτάττεται,

483 5398 646 5458 Prout
662 5398 773 5459 vult
812 5422 911 5458 non
926 5413 1077 5472 prout
1085 5403 1298 5472 jubetur
1315 5419 1379 5457 ac
1392 5404 1713 5473 prwcipitur.
1730 5402 1867 5457 Vide
1882 5398 2067 5473 supra.

566 5476 679 5545 (51)
744 5474 1007 5545 Uuigeniti
1045 5491 1169 5545 gero
1212 5475 1536 5545 omnipotens
1581 5473 1717 5545 Deus
1760 5484 1914 5541 caput
1966 5484 2066 5529 est.

493 5542 582 5599 En
607 5542 767 5599 verba
798 5542 1002 5606 Rufini,
1038 5542 1374 5612 Expositione
1390 5544 1445 5598 in
1470 5544 1780 5614 Symbolum
1801 5547 2070 5613 apostolo-

493 5632 613 5668 rum
656 5631 673 5666 :
737 5614 932 5669 Unicus
977 5631 1098 5683 ergo
1141 5614 1318 5669 Filius
1366 5623 1443 5669 est
1474 5631 1492 5669 :
1528 5624 1578 5668 et
1609 5631 1729 5667 cum
1759 5617 1831 5670 sit
1872 5615 2064 5684 gloria.

494 5687 925 5755 sempiternitate.
964 5694 1173 5749 virtute,
1223 5701 1400 5753 regno,
1447 5695 1731 5755 potestate,
1782 5685 1877 5739 hoc
1929 5686 2067 5754 quod

502 5752 660 5817 Pqter
682 5766 794 5816 est;
818 5757 995 5808 omnia
1023 5764 1195 5808 tamen
1227 5752 1337 5808 hinc
1379 5752 1482 5810 non
1526 5757 1637 5809 sine
1666 5765 1899 5817 auctore,
1929 5752 2067 5809 sicut

500 5820 682 5890 Pater,
736 5825 829 5879 sed
878 5842 941 5879 ea:
993 5824 1153 5878 Patre
1185 5835 1435 5895 tanquam
1469 5825 1642 5881 Filius
1686 5827 1797 5882 sine
1834 5827 1985 5880 initio
2014 5836 2062 5880 et

1271 5132 1289 5175 t
1319 5123 1473 5177 homo
1503 5122 1788 5177 secundum
1825 5124 2077 5178 similitu-

2247 4561 2360 4632 (52)
2380 4561 2504 4632 iPer
2533 4555 2697 4626 aquas
2715 4577 2829 4630 qua:
2865 4561 3050 4627 prima
3078 4567 3273 4632 creata:
3301 4570 3447 4613 sunt.
3491 4558 3566 4632 Et
3587 4555 3725 4632 paulo

2183 4626 2552 4701 ante,'0mnia
2580 4626 2943 4701 gignunturex
2964 4630 3134 4698 aquis.
3155 4626 3411 4701 Clement.
3439 4646 3528 4701 si,
3541 4626 3611 4701 247
3630 4626 3724 4701 ίτὰ

2181 4700 2360 4773 fama
2384 4702 2445 4754 τὸ
2469 4697 2618 4773 ρδωρ
2635 4697 2801 4754 ’ποιεῖ’
2833 4708 2888 4753 et
2919 4697 3245 4770 πρὼτογὸνῳ
3274 4697 3459 4773 ἱέιᾷςιιςι.Δ
3490 4697 3725 4773 Equidem

2180 4768 2446 4841 Ebiouitte
2459 4768 2886 4841 Recoguitiortum
2902 4768 3720 4841 co'rruptores,abEpiphanio,p.

2183 4786 2446 4825 notoutue
2459 4786 2886 4841 uecogmttonum
2902 4786 3350 4893 corrujptoresmo
3368 4786 3720 4894 Lptgnantom.

2180 4840 2269 4902 53,
2302 4855 2497 4911 aquam
2522 4858 2619 4911 pro
2650 4841 2760 4896 Deo
2788 4840 3027 4895 coluisse
3088 4844 3325 4893 icuntur.
3354 4840 3431 4893 De
3502 4838 3723 4911 ampsasis

2179 4925 2309 4980 vero
2333 4907 2427 4966 seu
2451 4907 2727 4973 Elcesmis,
2782 4925 2903 4980 quat
2948 4911 3138 4980 eadem
3194 4911 3419 4966 haeresis
3462 4920 3564 4973 est,
3601 4907 3723 4980 ideo}

2177 4978 2341 5051 Pater
2369 4983 2583 5046 scribit,
2608 4998 2662 5051 p.
2694 4974 3147 5051 461’;Τετίμηται
3175 4980 3233 5034 δὲ
3248 4983 3342 5033 καὶ
3373 4981 3435 5034 τὸ
3463 4979 3616 5051 ὖᾷωρ·
3645 4974 3723 5051 κρῖ

2176 5049 2334 5123 ἐοὗτο
2360 5052 2435 5115 ὠς
2464 5052 2593 5106 Θεὸν
2611 5046 2903 5123 ἡγοῦνται,-
2930 5046 3112 5123 σχεδὸν
3143 5051 3441 5123 φάσκοντες
3472 5046 3601 5123 εἶνάέ
3634 5047 3722 5123 ,τὴν

2178 5118 2323 5191 ςωην
2345 5124 2409 5174 ὲκ
2435 5116 2647 5175 eooeoo."
2663 5116 2820 5176 'Hine
2862 5116 3250 5191 Hydrotheitte,
3282 5137 3476 5191 aquam
3526 5116 3721 5191 ηιὶηὲιηο

2178 5186 2377 5261 factam
2409 5200 2664 5261 putantes
2699 5213 2711 5247 :
2742 5186 3147 5263 quam'ereavit
3186 5186 3349 5263 Deus‘
3380 5192 3434 5245 in
3478 5186 3719 5263 principio

2178 5258 2285 5330 una
2327 5258 2450 5314 cum
2496 5264 2636 5317 cmlo
2678 5272 2732 5318 et
2759 5258 3044 5323 'terra,et.
3083 5270 3145 5315 ut
3180 5258 3496 5330 loquuntur
3517 5258 3717 5328 Optabis

2177 5328 2269 5382 lib.
2295 5346 2370 5392 vr,
2401 5340 2565 5401 atque
2604 5334 2928 5388 Ambrosius
2955 5333 3009 5386 in
3031 5332 3191 5387 Lucae
3236 5328 3401 5401 caput
3441 5332 3719 5401 nutante

2174 5401 2359 5479 mundi
2380 5399 2769 5479 natalemLhoc
2793 5412 2898 5479 est,
2919 5410 3045 5457 ante
3067 5399 3329 5459 mundum
3346 5401 3538 5479 ordine
3560 5399 3717 5479 dispo-

2173 5473 2371 5540 situm:
2409 5473 2592 5540 phrasi
2623 5473 3013 5535 Tertullianea,
3046 5481 3173 5529 ante
3197 5473 3381 5527 mundi
3411 5476 3712 5540 suggestum-

2170 5537 2973 5614 C_yrillusHierosolymitanus,
3007 5544 3277 5614 catecbesi
3308 5545 3343 5597 3
3376 5563 3389 5596 :
3429 5537 3715 5614 ξΕἷὺδάτξΝ

2168 5611 2407 5685 ορρανοί’
2427 5614 2488 5678 ἐξ
2518 5611 2726 5668 ὑδάτυιν
2754 5617 2786 5685 ἡ
2808 5614 2899 5684 γῆ.
2917 5614 3028 5685 Καὶ
3048 5613 3357 5685 πρὸνπάσης
3376 5612 3491 5685 ςῶγ
3507 5611 3714 5685 γενητῶν

2168 5680 2267 5755 τῆς
2301 5684 2607 5755 ἑξαημέρου
2646 5680 3013 5755 κίοιτᾉάσοιὲυῆς,
3056 5680 3269 5755 ιιτὶθεῦμσἸ
3309 5680 3403 5736 “toﬁ
3443 5680 3715 5755 Θεοβ-ἐπιο

2169 5698 2267 5805 τές
2301 5698 2607 5755 εςαημερου
2646 5700 3013 5752 κατασκευης,
3056 5701 3269 5754 πνευμα
3309 5701 3403 5736 του
3443 5698 3571 5735 uaco
3612 5698 3709 5727 επι-

2169 5767 2206 5835 δυ
2242 5772 2364 5835 per?
2394 5754 2578 5835 ὲπὰνῳ
2607 5754 2702 5808 τοῦ
2726 5753 2943 5835 ρᾷατοξ.
2974 5754 3151 5835 ὲΑρχὴ
3178 5753 3491 5835 τοῖιικόσμου
3505 5750 3561 5805 τὸ
3574 5747 3709 5835 obtig-

2167 5816 2308 5899 Lege
2326 5824 2708 5897 Augustinum,
2726 5825 2823 5881 lib.
2845 5840 2856 5881 ι
2874 5823 2951 5879 De
2967 5816 3151 5880 Gehcsi
3168 5830 3235 5879 ml
3255 5816 3612 5891 litteramcap.
3642 5816 3708 5869 15-
