3888 6192
265 273 411 330 1553

1448 274 2023 333 ΒΕΟΟΟΝΓΙῚΟΝἨΜ
2060 274 2191 330 LIB.
2230 273 2319 327 Vl.

3378 276 3399 333 l
3411 272 3517 329 33$

257 391 340 447 sis
374 391 490 445 sive
532 390 797 460 injustas,
834 391 1141 461 baptismns
1185 391 1284 446 tibi
1316 405 1412 461 per
1441 392 1623 447 omnia
1653 407 1839 448 neces-
1866 405 1911 462 Α
1940 400 1993 444 et
2013 386 2181 446 Deum
2204 392 2513 447 colentibus
2534 392 2950 449 observeturJn
2992 400 3203 448 tantum
3224 400 3403 447 autem
3428 410 3522 449 ca-

254 483 436 537 sarius
462 489 568 538 est.
595 480 754 538 Justo
781 482 1024 553 quidem,
1058 489 1114 536 ut
1136 483 1495 552 adimpleatur
1516 484 1572 537 in
1614 498 1679 539 eo
1708 499 1832 554 per-

253 575 422 630 fectio
450 580 508 630 et
537 580 891 644 regeneretur
928 572 1075 639 Deo;
1111 573 1320 643 injuste
1352 589 1500 637 vero,
1544 584 1605 628 ut
1638 588 1832 642 pecca—

247 676 435 722 torum
457 682 581 736 quae
607 666 779 736 gessit
799 667 855 720 in
878 666 1184 736 ignorantia
1206 666 1457 723 remissio
1477 667 1828 725 concedatur.

238 761 519 816 Omnibus
550 774 683 829 ergo
704 758 1081 814 festinandum
1125 770 1209 813 est
1252 759 1371 815 sine
1418 774 1570 815 mora
1616 760 1832 814 renasci

242 853 383 913 Deo,
405 852 531 921 quia
561 850 805 906 incertus
833 857 917 905 est
939 851 1374 920 uniuscujusque
1397 851 1579 906 exitus
1602 851 1749 905 vitae.

320 942 388 997 Χ.
428 943 567 998 Cum
599 950 785 998 autem
814 952 1169 1013 regeneratus
1198 941 1368 998 fueris
1393 958 1489 1011 per
1517 955 1736 1012 aquam,
1763 956 1832 997 ex

235 1037 511 1107 operibus
544 1037 705 1092 bonis
736 1034 967 1091 ostende
1017 1034 1075 1090 in
1124 1044 1176 1090 te
1222 1034 1633 1090 similitudinem
1682 1034 1826 1104 ejus,

242 1129 425 1200 quite
458 1129 645 1199 genuit
670 1128 872 1183 Patris.
902 1127 1182 1199 Agnovisti
1215 1128 1361 1182 enim
1393 1126 1584 1189 Deum,
1617 1125 1829 1180 honora

243 1229 500 1291 patrem;
530 1220 709 1274 honor
747 1228 930 1273 autem
971 1218 1093 1287 ejus
1122 1226 1225 1283 est,
1260 1224 1321 1271 ut
1365 1216 1439 1271 ita
1488 1217 1637 1271 vivas
1686 1216 1831 1271 sicut

242 1314 368 1383 ipse
389 1314 528 1368 vult.
560 1311 689 1368 Vult
710 1319 893 1367 autem
913 1321 967 1366 te
991 1311 1067 1365 ita
1112 1311 1317 1373 vivere,
1370 1319 1427 1364 ut
1452 1308 1826 1370 homicidium,

240 1404 570 1459 adulterium
586 1401 1328 1468 nescias,odium,avaritiam
1352 1398 1549 1469 fugias,
1570 1400 1830 1461 iram,su-

236 1498 845 1569 perbiam,jactantiam
873 1509 1126 1565 respuas,
1141 1501 1195 1549 et
1210 1491 1516 1549 exsecreris
1542 1491 1825 1555 invidiam,

242 1598 557 1661 oaateraque
588 1590 674 1645 bis
699 1589 900 1645 similia
922 1586 1141 1659 penitus
1165 1601 1197 1641 a
1226 1595 1281 1641 te
1308 1585 1478 1640 ducas
1502 1583 1699 1637 aliena.
1732 1582 1828 1637 Est

234 1698 377 1738 sane
404 1681 622 1751 propria
644 1679 890 1750 quaedam
925 1687 1126 1733 nostra:
1155 1675 1434 1747 religionis
1455 1672 1824 1737 observantia,

1939 484 2199 538 stimonia
2223 499 2411 537 verum
2441 481 2536 538 Dei
2557 485 2764 538 cultum
2788 484 3225 554 tenentibus,pcr
3252 484 3353 541 has
3380 502 3521 554 quas

1936 589 2102 644 supra
2120 574 2361 629 diximus
2376 575 2617 644 aliasque
2636 576 2830 630 borum
2852 577 3282 647 similesspecies
3295 591 3521 631 conser-

1937 667 2112 720 vanda
2136 674 2239 730 est,
2273 673 2332 721 ut
2358 668 2522 722 etiam
2546 667 2691 738 apud
2712 683 2808 723 eos
2836 670 2929 738 qui
2954 685 2984 722 a
3007 669 3225 723 diabolo
3256 668 3434 722 adhuc
3462 670 3520 723 in

1933 760 2215 815 erroribus
2241 759 2575 821 detinentur,
2600 762 2862 817 attentius
2882 762 3236 828 observetur;
3268 769 3352 817 est
3370 761 3519 816 enim

1934 850 2078 919 apud
2126 851 2250 906 illos
2291 853 2555 906 nonnulla
2585 853 2933 931 observantia
2966 855 3323 909 castimoniae.
3374 853 3517 919 Quid

1932 957 2084 1011 ergo,
2114 943 2263 1011 quod
2292 951 2544 999 errantes
2575 945 2992 1009 custodiebatis,
3027 946 3130 1000 hoc
3173 962 3282 1001 non
3322 946 3515 1001 obser-

1931 1034 2129 1088 vabitis
2163 1036 2434 1089 emendati
2452 1034 2477 1088 3

2005 1123 2144 1180 XIII.
2188 1125 2295 1180 Sed
2326 1127 2562 1183 fortasse
2586 1127 2731 1182 dicet
2760 1129 2960 1199 aliquis
2983 1138 3225 1185 vestrum
3252 1150 3265 1185 :
3292 1130 3518 1201 Oportet

1929 1232 2060 1287 ergo
2087 1234 2187 1275 nos
2217 1221 2399 1274 omnia
2448 1236 2570 1290 qua:
2599 1222 2828 1277 fecimus
2858 1223 2986 1277 dum
3011 1225 3317 1280 coleremus
3345 1224 3514 1289 idola,

1929 1311 2247 1366 custodire?
2272 1310 2391 1365 Non
2412 1314 2624 1377 omnia;
2653 1313 2747 1368 sed
2772 1330 3113 1385 quacunque
3130 1316 3268 1371 bene
3290 1316 3512 1382 ﬁebant,

1929 1402 2045 1456 haec
2071 1404 2234 1457 etiam
2281 1419 2427 1458 nunc
2456 1406 2713 1460 convenit
2740 1406 3038 1461 observare
3062 1448 3077 1473 ,
3125 1408 3256 1477 quia
3300 1407 3345 1463 si
3379 1407 3513 1478 quid

1928 1501 2075 1548 recte
2108 1494 2163 1547 tit
2202 1495 2270 1547 ab
2304 1495 2389 1550 his
2417 1496 2512 1565 qui
2553 1496 2607 1550 in
2636 1512 2825 1553 errore
2857 1507 3015 1561 sunt,
3046 1507 3256 1553 certum
3284 1506 3369 1558 est
3396 1499 3448 1553 id
3479 1514 3514 1554 a

1928 1585 2155 1639 veritate
2184 1596 2487 1656 sumptum.
2518 1585 2657 1653 Quia
2687 1597 2741 1643 et
2772 1589 2821 1644 si
2853 1591 2982 1659 quid
3010 1591 3066 1644 in
3094 1606 3221 1646 vera
3250 1592 3513 1662 religione

1928 1692 2039 1730 non
2072 1686 2221 1733 recte
2255 1678 2343 1743 lit,
2387 1695 2499 1734 non
2527 1688 2611 1736 est
2641 1682 2866 1736 dubium
2901 1683 3035 1753 quin
3072 1683 3140 1738 ab
3169 1699 3359 1738 errore
3389 1699 3512 1737 tnu-

233 1788 361 1843 quag
392 1749 673 1826 nontam,
701 1771 997 1839 imponitur
1045 1767 1381 1830 hominibus,
1409 1780 1571 1835 quam
1602 1765 1819 1832 proprie
1850 1749 1892 1803 Β
1922 1776 2133 1824 tuatum
2170 1772 2281 1830 sit:
2332 1772 2535 1826 bonum
2574 1789 2811 1845 namque
2848 1749 3065 1830 etiamsi
3098 1776 3168 1831 ab
3196 1776 3509 1831 errantibus

232 1865 309 1918 ab
333 1879 667 1934 unoquoque
698 1861 869 1918 Deum
894 1861 1107 1916 colente
1134 1873 1301 1914 causa
1330 1856 1584 1928 puritatis
1613 1855 1822 1925 expeti-

226 1966 347 2014 tur.
380 1957 732 2019 Castimoniie
771 1956 897 2017 dico
946 1971 1134 2022 causa,
1185 1954 1344 2029 cujus
1383 1951 1592 2025 species
1635 1950 1817 2004 multae

230 2064 401 2123 sunt;
431 2057 526 2111 sed
555 2056 730 2126 primo
758 2062 818 2109 ut
846 2054 1099 2109 observet
1126 2048 1525 2120 unusquisque,
1556 2062 1626 2101 ne
1665 2057 1817 2099 men-

227 2158 464 2205 struatte
504 2149 721 2203 mulieri
765 2148 1081 2207 misceatur,
1128 2148 1235 2199 hoc
1283 2142 1429 2197 enim
1479 2138 1817 2196 exsecrabile

224 2244 393 2298 duxit
420 2244 503 2298 lex
527 2241 644 2296 Dei.
660 2239 817 2306 Quod
840 2241 945 2294 etsi
975 2241 1061 2294 lex
1082 2238 1149 2292 de
1174 2237 1258 2292 bis
1282 2250 1391 2290 non
1416 2232 1811 2293 admonuisset,

225 2350 334 2390 nos
361 2340 422 2387 ut
444 2332 693 2388 canthari
716 2332 947 2387 libenter
968 2329 1309 2384 volveremur
1332 2327 1387 2380 in
1414 2322 1697 2380 stercore?
1721 2321 1818 2375 De-

220 2426 429 2480 bemus
466 2424 700 2494 amplius
739 2421 947 2493 aliquid
994 2420 1194 2476 habere
1233 2417 1581 2483 animalibus,
1626 2423 1815 2484 utpote

223 2518 585 2573 rationabiles
611 2516 861 2571 homines
875 2525 929 2570 et
948 2515 1254 2570 caelestium
1279 2525 1541 2568 sensuum
1560 2523 1817 2579 capaces,

216 2611 433 2682 quibus
461 2611 661 2666 summi
706 2609 874 2664 studii
915 2623 1038 2663 esse
1080 2608 1260 2669 debet,
1292 2605 1361 2660 ab
1387 2603 1536 2659 omni
1557 2603 1815 2674 inquina-

220 2711 419 2758 mento
449 2702 634 2757 cordis
660 2701 1055 2757 conscientiam
1083 2697 1382 2753 custodire.

301 2794 393 2849 il.
435 2794 644 2848 Bonum
694 2801 779 2849 est
822 2800 1001 2846 autem
1059 2798 1115 2846 et
1162 2790 1388 2861 puritati
1433 2787 1807 2850 conveniens,

221 2888 395 2943 etiam
444 2900 645 2955 corpus
692 2899 832 2954 aqua
873 2883 1100 2938 diluere.
1131 2881 1340 2936 Bonum
1370 2896 1499 2935 vero
1524 2880 1669 2941 dico,
1698 2892 1809 2932 non

222 2980 386 3050 quasi
416 2979 712 3049 principale
739 2978 875 3032 illud
908 2978 961 3030 in
1006 2991 1115 3046 quo
1144 2990 1297 3031 mens
1339 2974 1677 3044 purificatur,
1714 2970 1809 3026 sed

221 3074 374 3143 quod
408 3072 627 3142 sequela
658 3071 730 3126 sit
762 3070 911 3125 illius
947 3070 1076 3124 boni
1104 3068 1212 3122 hoc
1245 3068 1301 3121 in
1330 3082 1440 3137 quo
1473 3079 1604 3120 caro
1645 3063 1811 3118 dilui-

1922 1868 2133 1930 gestum
2162 1862 2349 1929 fuerit,
2382 1864 2589 1918 bonum
2615 1873 2731 1929 est,
2766 1874 2819 1921 et
2846 1868 3053 1920 malum
3071 1868 3293 1922 etiamsi
3325 1867 3394 1921 ab
3423 1867 3510 1923 bis

1920 1955 2012 2023 qui
2040 1956 2326 2011 veritatem
2356 1965 2666 2028 sequuntur
2697 1966 2910 2028 gestum
2946 1959 3130 2022 fuerit,
3164 1961 3368 2013 malum
3398 1969 3505 2014 est.

1918 2046 2026 2100 Aut
2056 2048 2302 2118 nunquid
2333 2050 2407 2102 ita
2443 2049 2814 2119 desipiemus,
2860 2062 2918 2104 ut
2961 2051 3007 2106 si
3051 2051 3335 2106 videamus
3382 2068 3508 2106 eum

1910 2139 2011 2213 qui
2042 2139 2186 2197 idola
2210 2141 2341 2197 colit
2364 2157 2489 2199 esse
2513 2142 2784 2210 sobrium,
2812 2159 2913 2199 nos
2935 2143 3028 2214 qui
3056 2142 3222 2198 Deum
3249 2144 3504 2207 colimus,

1919 2234 2093 2290 sobrii
2122 2250 2247 2290 esse
2278 2250 2599 2291 recusemus
2620 2274 2634 2300 ,
2678 2252 2747 2291 ne
2774 2235 2965 2292 eadem
3000 2235 3214 2297 facere,
3248 2252 3370 2305 quas
3414 2236 3506 2292 ille

1915 2326 2009 2395 qui
2037 2327 2170 2381 colit
2192 2326 2361 2395 idola,
2383 2328 2706 2383 videamur?
2739 2327 2859 2383 Non
2886 2329 2963 2382 ita
2984 2336 3091 2391 est,
3117 2327 3214 2383 sed
3244 2329 3316 2382 sit
3346 2329 3504 2385 nobis

1917 2418 2156 2473 studium
2177 2459 2194 2483 ,
2227 2428 2288 2474 ut
2327 2420 2374 2475 si
2410 2419 2493 2474 illi
2522 2420 2617 2492 qui
2647 2432 2856 2485 errant,
2888 2419 3243 2475 homicidium
3276 2435 3383 2474 non
3424 2420 3505 2475 fa-

1924 2518 2090 2581 ciunt,
2130 2530 2232 2569 nos
2263 2530 2330 2568 ne
2365 2514 2668 2569 irascamur
2706 2512 2960 2581 quidem;
3007 2520 3061 2567 et
3098 2513 3146 2567 si
3178 2512 3253 2566 illi
3287 2513 3498 2569 adulte-

1923 2609 2063 2663 rium
2085 2624 2194 2663 non
2221 2606 2532 2669 admittunt,
2565 2621 2667 2661 nos
2696 2621 2765 2659 ne
2792 2605 3247 2675 concupiscamus
3274 2606 3494 2676 quidem

1920 2699 2151 2753 alienam
2179 2699 2495 2762 mulierem;
2526 2696 2570 2751 si
2598 2696 2671 2749 illi
2698 2705 2883 2751 amant
2908 2697 3187 2764 proximos
3211 2713 3361 2757 suos.
3398 2712 3499 2752 nos

1920 2793 2211 2860 diligamus
2241 2791 2403 2844 etiam
2436 2788 2688 2843 inimicos
2722 2798 2977 2854 nostros;
3010 2788 3095 2855 ‘5;
3134 2788 3179 2843 si
3207 2789 3279 2843 illi
3307 2798 3499 2845 mutuo

1911 2880 2045 2934 dant
2078 2880 2166 2936 his
2196 2881 2288 2950 qui
2321 2881 2522 2935 habent
2556 2881 2699 2936 unde
2744 2881 3010 2944 reddant,
3063 2896 3166 2934 nos
3213 2880 3375 2933 etiam
3412 2879 3503 2933 bis

1911 2970 2107 3027 demus
2126 2987 2159 3025 a
2183 2972 2385 3042 quibus
2414 2973 2657 3042 recipere
2686 2988 2794 3026 non
2822 2987 3128 3042 speramus.
3157 2970 3227 3025 Et
3254 2985 3352 3040 per
3380 2985 3503 3023 om-

1911 3066 2004 3119 nia
2032 3080 2135 3121 nos
2165 3065 2256 3134 qui
2287 3066 2474 3119 aeterni
2523 3066 2708 3121 saeculi
2749 3064 3124 3121 bceredilatem
3173 3078 3499 3134 speramus,

218 3174 336 3219 tur.
373 3163 465 3218 Sic
504 3164 648 3219 enim
676 3171 732 3219 et
762 3162 1021 3234 Magister
1064 3169 1251 3216 noster
1297 3158 1565 3230 quosdam
1608 3155 1808 3211 Pbari-
1838 3178 1878 3230 ο
1912 3158 2174 3214 debemus
2202 3159 2515 3228 praecellere
2544 3172 2638 3213 eos
2667 3158 2759 3225 qui
2792 3172 3037 3227 praisens
3076 3163 3287 3209 tantum
3325 3169 3502 3209 saccu-

221 3272 467 3313 szeorum
494 3266 548 3311 et
572 3256 913 3318 Scribarum,
941 3254 1035 3324 qui
1084 3252 1411 3307 videbantur
1433 3266 1556 3305 esse
1595 3248 1808 3304 caeteris

220 3347 485 3402 meliores
513 3354 567 3401 et
591 3362 621 3400 a
650 3346 811 3416 vulgo
834 3344 1095 3415 separati,
1129 3343 1469 3413 increpabat,
1494 3341 1686 3397 dicens
1712 3354 1808 3395 eos

220 3438 565 3509 liypoeritas,
593 3438 723 3507 quia
746 3454 808 3492 ea
838 3437 1015 3491 solum
1042 3451 1163 3505 quae
1198 3435 1515 3489 hominibus
1544 3433 1807 3488 videban—

218 3540 337 3593 tur,
370 3529 754 3599 purificabant,
793 3528 959 3582 corda
990 3543 1120 3583 vero
1150 3542 1270 3597 qua:
1308 3528 1462 3581 solus
1493 3524 1638 3580 Deus
1660 3525 1807 3593 aspi-

214 3621 321 3684 cit,
357 3622 637 3690 inquinata
666 3620 1048 3691 relinquebant
1068 3628 1123 3675 et
1153 3618 1396 3675 sordida.
1434 3618 1513 3673 Ad
1540 3616 1803 3688 quosdam

216 3727 354 3783 ergo
370 3728 438 3767 ex
464 3713 621 3783 ipsis,
638 3729 746 3768 non
778 3713 845 3767 ad
867 3729 1059 3767 omnes
1086 3713 1306 3767 dicebat
1332 3731 1344 3766 :
1374 3711 1460 3767 Va:
1483 3710 1648 3773 vobis,
1664 3708 1808 3762 Scri-

212 3805 302 3859 ba:
330 3814 380 3859 et
415 3804 676 3858 Phariswi
731 3804 1052 3875 ltgpocritw,
1109 3806 1233 3873 quia
1292 3803 1562 3857 mundatis
1613 3801 1803 3854 calicis

216 3908 270 3951 et
314 3898 615 3966 paropsidis
671 3898 809 3968 quod
842 3897 1040 3967 deforis
1097 3907 1197 3961 est,
1231 3898 1373 3950 intus
1424 3907 1600 3950 autent
1647 3895 1803 3965 plena

214 3998 345 4044 sunt
395 3989 661 4044 sordibus.
696 3989 969 4046 Phariswe
989 4006 1145 4053 cwce,
1181 3989 1413 4044 emunda
1464 3991 1611 4059 prius
1663 3987 1802 4058 quod

215 4082 366 4135 intus
399 4090 500 4145 est,
552 4091 602 4134 et
633 4080 771 4151 quod
806 4080 1005 4150 deforis
1033 4090 1111 4136 est
1158 4083 1258 4135 erit
1289 4082 1545 4135 mundum
1564 4082 1631 4136 ‘5.
1665 4080 1803 4136 Vere

214 4173 367 4228 enim
400 4173 446 4227 si
477 4189 631 4229 mens
658 4174 951 4229 mundetur
974 4176 1094 4229 luce
1119 4174 1382 4239 scientiae,
1402 4190 1525 4229 cum
1551 4174 1666 4243 ipsa
1692 4172 1804 4228 fue—

212 4266 293 4319 rit
317 4265 519 4319 munda
560 4280 625 4319 ac
666 4266 968 4334 splendida,
1007 4275 1138 4321 tunc
1172 4267 1335 4321 etiam
1365 4266 1487 4336 ejus
1527 4267 1619 4335 qui
1649 4265 1801 4321 defo-

211 4361 298 4417 ris
331 4369 416 4416 est
441 4361 682 4416 hominis
704 4362 821 4431 ipsa
846 4362 1160 4415 necessario
1190 4377 1379 4416 curam
1411 4361 1571 4432 gerit,
1617 4360 1671 4415 id
1714 4368 1800 4415 est

212 4454 405 4509 carnis
449 4469 582 4517 suae,
626 4460 685 4508 ut
722 4460 776 4507 et
807 4454 922 4521 ipsa
953 4453 1292 4522 puriﬂcetur.
1328 4451 1434 4507 Ubi
1467 4465 1649 4507 autem
1691 4452 1796 4507 ista

1913 3251 2026 3305 lum
2050 3258 2275 3314 norunt,
2310 3252 2546 3306 scientes
2577 3252 2727 3321 quia,
2762 3250 2808 3305 si
2843 3264 3007 3318 opera
3039 3248 3256 3301 illorum
3291 3246 3501 3301 nostris

1908 3344 2171 3413 operibus
2196 3344 2428 3407 collata,
2479 3344 2531 3397 in
2563 3344 2651 3397 die
2680 3343 2877 3412 judicii
2908 3341 3110 3396 similia
3146 3340 3500 3395 inveniantur

1909 3450 1973 3489 ac
2002 3437 2178 3505 paria,
2212 3435 2465 3489 confusio
2496 3435 2658 3490 nobis
2682 3435 2808 3497 erit,
2841 3433 2987 3503 quod
3019 3436 3257 3502 mquales
3287 3434 3497 3487 inveni-

1910 3541 2032 3580 mur
2060 3528 2115 3581 in
2146 3528 2406 3596 operibus
2436 3528 2524 3581 bis
2555 3528 2648 3597 qui
2691 3536 2916 3597 propter
2961 3528 3327 3596 ignorantiam
3357 3544 3494 3581 con-

1907 3617 2259 3684 demnantur,
2274 3626 2328 3673 et
2344 3619 2549 3673 nullam
2580 3636 2731 3689 spem
2755 3618 2922 3673 futuri
2954 3622 3137 3675 saeculi
3166 3621 3492 3679 habuerunt.

1978 3709 2116 3764 XIV.
2144 3710 2208 3763 Et
2230 3726 2356 3765 vere
2378 3709 2542 3781 digna
2566 3711 2818 3765 confusio
2846 3720 2952 3779 est,
2982 3713 3074 3767 ubi
3096 3713 3234 3768 nihil
3260 3716 3494 3784 amplius

1906 3804 2178 3873 gessimus
2204 3803 2273 3857 ab
2299 3803 2386 3858 bis
2411 3804 2612 3873 quibus
2641 3806 2877 3874 amplius
2905 3806 3296 3861 intelleximus.
3336 3808 3494 3873 Quod

1905 3896 1951 3951 si
1981 3896 2235 3951 confusio
2263 3897 2426 3952 nobis
2454 3897 2557 3952 erit
2586 3898 2825 3967 aequales
2851 3899 2932 3954 eis
2958 3899 3193 3955 inveniri
3226 3901 3282 3953 in
3312 3902 3494 3970 operi-

1904 3989 2009 4045 bus
2037 3990 2218 4055 bonis,
2252 3990 2385 4061 quid
2413 3993 2518 4045 erit
2548 3992 2729 4058 nobis,
2762 3993 2809 4046 si
2841 3992 3132 4048 inferiores
3161 4010 3263 4049 nos
3298 4009 3362 4048 ac
3392 3995 3494 4049 de-

1904 4084 2135 4139 teriores
2179 4085 2511 4139 examinatio
2559 4085 2746 4139 futura
2786 4087 3072 4155 reperiat?
3115 4088 3313 4142 Audite
3360 4103 3492 4157 ergo

1902 4177 2176 4247 quomodo
2198 4177 2266 4231 de
2306 4176 2391 4231 his
2420 4192 2522 4231 nos
2551 4178 2667 4246 ipse
2693 4193 2859 4232 verus
2884 4177 3158 4247 Propheta
3203 4179 3487 4245 docuerit;

1904 4269 1971 4323 ad
2002 4283 2097 4325 eos
2124 4270 2270 4323 enim
2301 4270 2396 4339 qui
2429 4271 2713 4340 negligunt
2752 4271 2943 4324 audire
2971 4272 3137 4326 verba
3171 4274 3485 4341 sapientiae,

1905 4360 1977 4415 ita
2008 4361 2084 4415 ait
2111 4380 2122 4414 :
2161 4360 2358 4432 Regina
2390 4363 2563 4415 austri
2595 4373 2773 4433 surget
2805 4364 2859 4416 in
2882 4364 3090 4433 judicio
3120 4381 3238 4416 cum
3267 4380 3487 4434 genera-

1904 4455 2042 4507 tione
2067 4453 2166 4507 liac
2196 4466 2242 4507 et.
2273 4454 2638 4509 condemnabit
2677 4472 2798 4509 eam
2821 4496 2836 4520 ,
2878 4458 3003 4526 quia
3038 4457 3175 4511 venit
3218 4474 3249 4510 a
3290 4457 3484 4527 ﬁnibus

210 4561 338 4615 quae
358 4544 563 4598 deforis
595 4554 679 4598 est
699 4543 1004 4612 puriﬁcatio
1036 4543 1219 4597 carnis
1241 4543 1553 4613 negligitur,
1581 4544 1791 4599 certum
1830 4533 1871 4588 D
1897 4555 2051 4600 term
2078 4545 2262 4601 audire
2289 4548 2601 4616 sapientiam
2628 4546 2953 4611 Salomonis,
2975 4557 3027 4603 et
3047 4566 3164 4603 ecce
3190 4549 3310 4619 plus
3325 4566 3484 4619 quam

208 4645 301 4693 est
329 4638 402 4691 ibi
424 4652 602 4706 neque
624 4636 691 4690 de
716 4638 957 4705 puritate
979 4636 1197 4699 mentis,
1223 4650 1288 4689 ac
1315 4635 1579 4689 munditia
1613 4634 1798 4690 cordis

210 4746 405 4786 curam
438 4731 574 4801 geri.
597 4728 675 4783 lla
703 4745 835 4801 ergo
857 4730 934 4792 fit,
976 4737 1035 4783 ut
1064 4729 1111 4783 is
1152 4729 1371 4799 quidem
1408 4730 1501 4798 qui
1530 4727 1795 4782 intrinse—

206 4839 317 4879 cus
356 4823 595 4879 mundus
637 4828 743 4885 est,
766 4822 1063 4877 mundetur
1093 4822 1211 4877 sine
1236 4820 1406 4875 dubio
1444 4826 1498 4875 et
1526 4819 1798 4875 extrinse-

205 4931 334 4979 cus,
357 4932 469 4970 non
492 4930 707 4985 semper
727 4923 909 4970 autem
932 4916 979 4970 is
997 4915 1089 4985 qui
1109 4914 1407 4969 mundatur
1426 4913 1794 4978 extrinsecus,

208 5008 376 5064 etiam
428 5008 765 5062 intrinsecus
805 5008 1042 5064 mundus
1082 5016 1189 5073 est,
1222 5007 1477 5061 videlicet
1527 5022 1652 5060 cum
1679 5007 1791 5077 agit

208 5098 329 5152 haec
363 5104 420 5150 ut
451 5097 707 5152 omnibus
736 5097 969 5167 placeat.

282 5186 396 5242 XII.
442 5187 549 5243 Sed
597 5197 653 5243 et
691 5189 784 5243 illa
828 5189 1041 5259 species
1078 5187 1415 5243 castimoniae
1450 5186 1789 5243 observanda

200 5287 316 5342 est,
374 5289 429 5332 ut
460 5297 530 5335 ne
561 5282 766 5350 passim
809 5289 862 5335 et
898 5281 1141 5335 libidinis
1171 5282 1343 5335 solius
1373 5296 1539 5335 causa
1569 5278 1789 5335 feminis

202 5380 454 5437 coeatur,
484 5373 579 5427 sed
606 5373 942 5443 posteritatis
970 5372 1289 5443 reparanda:
1317 5373 1511 5444 gratia.
1535 5371 1667 5438 Quae
1688 5372 1788 5427 ob-

201 5466 487 5522 servantia
504 5482 628 5521 cum
648 5468 704 5523 in
724 5469 1005 5523 nonnullis
1035 5469 1199 5523 etiam
1213 5469 1513 5539 pecudibus
1541 5468 1788 5523 invenia-

202 5567 321 5621 tur,
336 5558 567 5628 pudoris
585 5567 673 5616 est
716 5560 761 5615 si
786 5576 897 5616 non
928 5563 997 5617 ab
1019 5562 1339 5619 hominibus
1359 5563 1787 5621 rationabilibus

276 5716 548 5795 ”_}lat_t_h.
573 5735 728 5795 3x111,
765 5719 856 5795 ἓξ,
895 5719 989 5776 26.
1064 5721 1109 5753 ⁸⁸
1133 5720 1321 5781 Matth.
1351 5742 1402 5792 ν,
1429 5723 1517 5791 21,
1540 5723 1626 5792 '22,
1658 5722 1759 5790 28;
1788 5721 1809 5777 I

1916 5771 1919 5785 .
1950 5743 2023 5795 vi,
2051 5725 2145 5783 27.
2219 5727 2261 5761 ’θ’
2293 5724 2482 5780 Matth.
2512 5720 2705 5789 xmt‘i;
2736 5719 2867 5776 Luc.
2904 5738 2979 5788 χι,
3011 5723 3098 5775 5L

203 5805 287 5877 κς,
310 5789 415 5859 3‘2;
451 5789 640 5845 Matth.
664 5805 762 5856 xu,
784 5790 877 5845 41.

532 5887 807 5971 Ρλςηιοι..
843 5888 961 5949 Gn.
1010 5888 1056 5949 Ι.

1899 4638 2158 4694 Salomon
2188 4640 2271 4693 hic
2291 4680 2307 4703 ,
2340 4650 2515 4694 etnon
2546 4639 2854 4697 audiunt".
2891 4640 2973 4694 Ad
3005 4657 3101 4696 eos
3132 4657 3264 4696 vero
3291 4642 3385 4712 qui
3416 4643 3485 4697 de

1898 4732 2057 4785 malis
2085 4733 2303 4787 actibus
2333 4748 2525 4803 gerere
2552 4734 2935 4802 paenitentiam
2969 4734 3369 4798 detrectabant,
3408 4735 3481 4789 ita

1896 4825 1972 4877 ait
2006 4843 2018 4877 :
2064 4824 2175 4878 Viri
2211 4825 2467 4880 Ninivita:
2507 4837 2721 4897 surgent
2763 4828 2819 4881 in
2853 4826 3060 4896 judicio
3101 4844 3220 4881 cum
3262 4844 3483 4898 genera-

1894 4918 2034 4971 tione
2069 4917 2168 4972 hac
2211 4928 2260 4972 et
2290 4919 2715 4973 condemnabam
2756 4935 2897 4985 eam,
2948 4921 3074 4989 quia
3121 4921 3483 4988 ptenitentiam

1894 5020 2111 5080 egerunt
2163 5013 2219 5064 in
2260 5011 2640 5079 prwdicatione
2679 5010 2871 5076 Jonw,
2922 5022 2973 5066 et
3014 5029 3131 5066 ecce
3172 5012 3290 5082 plus
3320 5028 3481 5081 quant

1894 5105 2066 5159 Jonas
2096 5105 2179 5158 hic
2219 5104 2538 5160 ‘3-".Vides
2558 5120 2688 5175 ergo
2717 5103 2992 5174 quomodo
3023 5120 3118 5159 eos
3143 5105 3236 5174 qui
3264 5104 3484 5158 erudie-

1896 5200 2098 5257 bantur
2112 5197 2583 5269 exlege,addnctis
2609 5196 2677 5250 ad
2689 5196 2995 5265 exemplum
3025 5196 3133 5251 illis
3146 5196 3239 5266 qui
3264 5212 3329 5251 es
3348 5212 3481 5267 gen-

1894 5293 1975 5345 tili
2007 5292 2315 5362 ignorantia
2356 5290 2669 5352 veniebant,
2700 5294 2752 5343 et
2782 5289 3081 5345 ostendens
3112 5304 3207 5343 eos
3241 5304 3343 5344 nec
3369 5290 3479 5343 illis

1895 5383 2131 5453 azquales
2155 5399 2278 5437 esse
2301 5383 2392 5452 qui
2419 5382 2473 5435 in
2492 5395 2679 5436 errore
2705 5380 2870 5450 positi
2895 5380 3242 5443 videbantur,
3267 5396 3333 5435 ex
3359 5381 3477 5451 ipsa

1896 5481 2104 5529 tantum
2138 5476 2549 5547 comparatione
2580 5472 2928 5528 condemnat.
2960 5470 3038 5526 Ex
3071 5473 3270 5542 quibus
3299 5475 3477 5527 omni-

1893 5566 1999 5622 bus
2027 5583 2210 5625 sermo
2231 5584 2392 5639 quem
2417 5565 2804 5637 proposuimus
2836 5564 3189 5634 approbatur,
3221 5571 3282 5619 ut
3306 5565 3476 5621 casti-

3196 5722 3310 5765 ‘U’
3338 5721 3468 5775 Luc.

2991 5894 3069 5954 1&3
