3888 6192
414 313 550 367 1355

1211 309 1268 363 S.
1310 305 1706 360 CLEMENTIS
1745 305 1763 358 l
1805 305 1973 362 ROM.
2016 305 2217 363 ΡΟΝΤ.
2259 305 2488 360 OPERA
2529 303 2760 359 DUBIA.

3536 301 3678 355 {$56

414 429 620 488 monia,
654 441 776 496 qua:
804 425 1151 494 aliquatenus
1181 423 1344 478 etiam
1379 424 1446 476 ab
1477 423 1562 477 his
1598 423 1690 491 qui
1721 423 1774 476 in
1804 438 1993 478 errore
2024 431 2065 486 Α
2093 422 2507 492 praecedendum
2533 417 3306 489 fuerantordinati,prolicisci
3323 414 3676 470 Antiochiam

415 530 545 577 sunt
569 520 730 590 positi
755 518 1087 580 custoditur,
1119 517 1290 570 multo
1318 517 1508 585 purius
1532 524 1585 570 et
1611 519 1868 571 attentius
1897 532 1993 586 per

415 614 662 684 singulas
691 627 971 683 quasque,
1013 611 1156 667 sicut
1187 623 1352 679 supra
1388 609 1748 670 ostendimus.
1783 611 1991 679 species

416 722 446 759 a
475 705 636 760 nobis
666 706 760 774 qui
793 704 1077 759 veritatem
1113 702 1396 772 sequimur
1424 709 1694 763 teneatur,
1724 717 1789 754 eo
1820 701 1992 768 magis

414 814 524 867 quo
591 797 733 868 apud
763 797 863 852 nos
889 797 1250 851 observantia:
1271 795 1391 863 eius
1413 793 1634 862 praemia
1666 802 1867 847 a-terna
1895 810 1991 862 po-

422 892 518 944 tita
545 897 692 945 sunt.

487 982 606 1040 XV.
639 983 762 1038 Haec
785 991 840 1040 et
861 983 947 1038 his
970 981 1168 1038 similia
1194 995 1317 1035 cum
1342 981 1592 1046 dixisset,
1620 978 1810 1032 turbas
1832 977 1992 1032 dimi-

425 1077 487 1130 sit
513 1117 526 1140 ,
559 1085 614 1130 et
639 1091 706 1131 ex
741 1091 890 1130 more
921 1089 1046 1129 cum
1080 1073 1443 1127 familiaribus
1473 1073 1590 1126 suis
1619 1071 1745 1124 cibo
1775 1079 1992 1138 sumpto

416 1171 645 1241 quievit.
669 1169 782 1224 Hoc
815 1177 995 1224 autem
1021 1167 1182 1225 modo
1205 1183 1300 1238 per
1322 1175 1434 1221 tres
1457 1168 1749 1220 continuos
1775 1180 1992 1220 menses

417 1277 540 1314 eum
561 1263 789 1316 verbum
812 1260 905 1316 Dei
933 1260 1154 1314 doceret
1179 1269 1232 1314 et
1263 1261 1529 1329 plurimos
1557 1263 1900 1312 converteret
1925 1255 1991 1309 ad

416 1352 602 1419 ﬁdem,
647 1351 714 1406 ad
751 1352 1004 1406 ultimum
1034 1353 1283 1422 jejunare
1314 1368 1398 1406 me
1425 1352 1627 1421 jussit,
1667 1359 1721 1405 et
1759 1358 1881 1420 post
1912 1350 1993 1420 je-

411 1446 628 1513 junium
679 1447 735 1499 in
783 1446 1025 1500 fontibus
1067 1445 1158 1515 qui
1207 1445 1450 1515 contigui
1491 1446 1762 1498 habentur
1810 1444 1988 1507 mari,

417 1537 675 1605 perennis
700 1552 854 1608 aqua:
882 1537 1012 1591 mihi
1051 1538 1382 1608 baptismum
1412 1536 1582 1591 dedit.
1618 1536 1862 1606 Cumque
1893 1550 1992 1604 pro

419 1630 846 1700 regenerationis
877 1631 1050 1700 gratia
1079 1628 1342 1684 divinitus
1375 1629 1508 1682 mihi
1537 1629 1733 1682 collata
1759 1669 1773 1692 ,
1811 1625 1990 1682 feriati

418 1736 540 1776 cum
589 1722 851 1778 fratribus
897 1723 1002 1777 lazti
1047 1722 1386 1792 egissemus,
1434 1719 1628 1776 Petrus
1666 1735 1762 1774 eos
1796 1719 1889 1788 qui
1923 1720 1989 1774 ad

2090 516 2243 584 jubet
2267 522 2428 584 atque
2452 513 2522 568 ibi
2547 522 2659 567 tres
2685 513 2821 567 alios
2846 519 3164 583 exspectare
3186 523 3429 564 menses.
3456 505 3678 572 Quibus

2095 605 2357 676 profectis
2377 644 2392 668 ,
2424 606 2540 674 ipse
2566 620 2662 659 eos
2691 604 2784 674 qui
2818 603 2976 659 fidem
3007 603 3220 658 Domini
3249 603 3409 672 plene
3443 616 3679 670 recepe-

2095 710 2238 760 rant,
2272 698 2549 752 deducens
2579 697 2646 750 ad
2669 696 2847 751 fontes
2870 711 3009 766 quos
3032 697 3166 750 mari
3190 695 3481 764 contiguos
3507 709 3680 762 supra

2094 793 2338 846 diximus
2370 791 2705 860 baptizavit,
2743 783 2797 844 et
2837 789 3226 844 eucharistiam
3259 788 3516 854 frangens
3545 802 3680 839 cum

2094 885 2198 950 eis,
2217 883 2490 938 Maronem
2513 885 2607 952 qui
2636 898 2759 938 eum
2791 883 3028 950 hospitio
3058 890 3335 953 receperat
3365 880 3679 950 perfectum

2091 977 2203 1046 jam
2236 977 2290 1030 in
2323 976 2580 1031 omnibus
2600 1014 2615 1040 ,
2647 976 2932 1029 constituit
2961 975 3041 1030 eis
3072 976 3418 1044 episcopum,
3452 980 3508 1027 et
3535 973 3681 1025 duo-

2094 1070 2269 1123 decim
2302 1085 2426 1124 cum
2459 1084 2524 1124 eo
2559 1069 2911 1139 presbyteros
2932 1107 2947 1130 ,
2989 1069 3258 1135 simulque
3285 1065 3553 1119 diaconos
3586 1080 3682 1118 or-

2094 1162 2268 1217 dinat.
2330 1161 2573 1216 Instituit
2627 1161 2793 1216 etiam
2850 1161 3096 1215 ordinem
3156 1159 3446 1212 viduarum
3509 1169 3682 1226 atque

2094 1257 2276 1310 omnia
2310 1254 2569 1310 Ecclesia;
2613 1253 2918 1308 ministeria
2948 1253 3220 1323 disponit,
3271 1253 3684 1318 universosque

2095 1348 2353 1402 admonet
2398 1346 2608 1402 Maroni
2655 1347 2914 1417 episcopo
2959 1347 3014 1400 in
3045 1346 3297 1399 omnibus
3327 1359 3450 1414 quae
3481 1343 3684 1414 praci-

2095 1447 2245 1509 peret
2274 1440 2516 1495 obedire.
2549 1438 2613 1492 Et
2635 1439 2709 1492 ita
2731 1440 2946 1494 cunctis
2968 1446 3337 1507 competenter
3363 1436 3681 1505 dispositis,

2093 1546 2218 1584 cum
2250 1532 2416 1584 trium
2448 1531 2717 1586 mensium
2748 1538 2964 1600 tempus
3000 1530 3192 1585 fuisset
3234 1530 3533 1598 expletum,
3583 1541 3685 1578 va-

2095 1625 2394 1680 ledicentes
2426 1625 2511 1691 his
2541 1624 2634 1695 qui
2661 1633 2818 1679 erant
2841 1622 2983 1694 apud
3011 1620 3295 1692 Tripolim,
3327 1619 3684 1674 Antiochiam

2096 1718 2512 1788 proficiscimur.

1476 1992 1833 2081 LIBER
1910 1991 2546 2081 SEPTIMUS.

495 2275 534 2328 I.
579 2273 797 2344 Egressi
827 2271 1046 2327 tandem
1077 2271 1241 2326 etiam
1286 2271 1550 2342 Tripolim
1591 2272 1868 2328 Phoenicis
1909 2290 2001 2328 ur-
2032 2284 2074 2338 Β
2105 2274 2347 2329 triduum
2404 2281 2669 2344 quantum
2717 2274 2783 2328 ad
2819 2274 3154 2344 propositum
3200 2288 3378 2328 meum
3422 2284 3681 2344 spectat,

419 2371 540 2424 bem
565 2411 578 2433 ,
626 2368 858 2438 primam
907 2365 962 2420 in
1007 2365 1293 2421 Ortosiade
1328 2365 1473 2420 haud
1505 2367 1697 2436 procul
1729 2381 1759 2420 a
1789 2365 1997 2436 Tripoli

420 2459 650 2515 fecimus
692 2458 1068 2522 mansionem,
1118 2459 1212 2512 ubi
1259 2460 1509 2529 sequenti
1541 2473 1762 2530 quoque
1791 2460 1880 2514 die
1915 2475 2000 2514 re-

419 2553 639 2616 morati,
672 2552 802 2621 quia
829 2566 1022 2606 omnes
1053 2565 1188 2621 pene
1218 2552 1311 2621 qui
1349 2550 1583 2606 Domino
1614 2551 1996 2618 crediderant,

419 2644 549 2698 dum
575 2645 757 2700 divelli
781 2659 810 2696 a
834 2642 997 2698 Petro
1017 2650 1315 2716 nequeunt,
1341 2644 1435 2699 illo
1456 2661 1634 2716 usque
1655 2646 1826 2700 secuti
1849 2654 1998 2713 sunt;

420 2738 546 2790 inde
593 2735 969 2790 Antharadum
1015 2736 1288 2792 venimus.
1346 2734 1454 2791 Sed
1502 2737 1648 2807 quod
1693 2739 1850 2792 multi
1899 2753 2001 2794 nos

419 2828 839 2892 comitarentur,
870 2827 948 2881 ait
987 2825 1186 2884 Petrus
1227 2826 1296 2882 ad
1341 2826 1588 2883 Nieetam
1627 2829 1793 2884 simul
1840 2839 2002 2900 atque

421 2921 672 2990 Aquilam
699 2940 712 2975 :
747 2920 1016 2987 Quoniam
1039 2920 1260 2991 quidem
1291 2920 1539 2991 plurimae
1565 2921 1799 2976 fratrum
1828 2924 2003 2980 turba

423 3015 708 3068 nobiscum
745 3022 909 3079 sunt,
953 3023 1008 3068 et
1051 3014 1422 3082 ingredientes
1465 3015 1712 3084 singulas
1758 3031 2004 3087 quasque

423 3106 587 3161 urbes
611 3120 722 3160 non
749 3121 942 3176 parum
965 3105 1186 3161 invidia:
1205 3107 1609 3173 contrahimus,
1630 3107 1848 3164 videtur
1869 3109 2002 3163 mihi

422 3199 842 3267 providendum,
875 3206 935 3254 ut
965 3214 1142 3268 neque
1171 3199 1308 3269 ipsis
1340 3200 1612 3271 ingratum
1641 3201 1714 3256 sit
1747 3202 1792 3257 si
1817 3203 2005 3272 prohi-

422 3292 657 3345 beantur
688 3292 867 3362 sequi,
901 3308 1078 3362 neque
1105 3293 1265 3347 nobis
1294 3308 1507 3363 pompa:
1538 3294 1772 3364 alicujus
1801 3295 2004 3350 excitet

424 3384 697 3452 malignus
724 3383 1005 3438 invidiam.
1039 3384 1248 3439 Censeo
1278 3385 1464 3455 itaque
1494 3392 1548 3440 te
1571 3385 1816 3441 Nieetam
1842 3397 2006 3457 atque

421 3473 673 3543 Aquilam
702 3476 1009 3545 praecedere
1037 3491 1138 3531 nos
1168 3492 1293 3531 cum
1325 3477 1482 3546 ipsis,
1516 3481 1590 3533 ita
1624 3486 1683 3532 ut
1714 3481 1876 3533 etiam
1910 3494 2006 3536 vos

426 3567 481 3620 iu
526 3567 662 3621 duas
697 3558 879 3637 partes
922 3567 1154 3622 divisam
1197 3570 1600 3625 multitudinem
1643 3571 1858 3626 ducatis
1884 3612 1898 3635 ,
1947 3581 2006 3626 ut

425 3659 658 3728 sparsim
707 3661 880 3729 magis
930 3677 1094 3732 quam
1142 3663 1245 3716 sub
1279 3678 1389 3715 una
1431 3663 1854 3733 congregatione
1902 3666 2007 3719 iter

424 3758 668 3819 agentes,
694 3753 939 3822 singulas
962 3768 1209 3823 quasque
1235 3755 1575 3810 introeamus
1597 3756 1839 3827 gentium
1867 3757 2005 3813 civi-

426 3849 585 3896 tates.

499 3932 562 3988 ll.
601 3933 729 3990 Scio
757 3943 938 3992 autem
987 3938 1117 4008 quia
1167 3939 1322 3993 triste
1375 3938 1529 3994 vobis
1581 3937 1820 4004 videtur,
1861 3940 2007 4010 quod

426 4024 684 4081 videmini
716 4042 745 4080 a
778 4044 864 4084 me
890 4030 1126 4084 duorum
1171 4031 1364 4086 saltem
1390 4030 1602 4086 dierum
1635 4034 1814 4103 spatio
1850 4050 2009 4106 sepa-

429 4118 573 4184 rari;
605 4119 810 4175 credite
842 4121 975 4175 mihi
1001 4161 1014 4184 ,
1053 4123 1182 4192 quia
1211 4139 1318 4194 qua
1351 4140 1608 4180 mensura
1639 4127 1867 4199 diligitis
1898 4147 2005 4194 me,

425 4210 659 4281 decuplo
685 4214 917 4284 amplior
945 4214 1078 4268 mihi
1109 4232 1328 4286 quoque
1359 4233 1488 4288 erga
1513 4235 1612 4274 vos
1644 4219 1873 4278 affectus
1901 4231 2006 4286 est,

425 4303 521 4357 sed
552 4306 598 4357 si
626 4320 726 4374 pro
755 4305 951 4361 allectu
975 4347 990 4370 ,
1040 4324 1200 4378 quem
1233 4309 1539 4366 adinvicem
1569 4313 1813 4382 gerimus
1835 4355 1849 4379 ,
1899 4331 2008 4370 non

427 4393 694 4452 faciamus
724 4413 845 4467 quae
873 4401 1256 4456 convenientia
1285 4410 1339 4456 et
1371 4402 1601 4458 honesta
1644 4415 1809 4472 sunt,
1871 4407 2010 4461 irra-

423 4486 705 4543 tionabilis
748 4490 1064 4558 hujusmodi
1109 4508 1265 4548 amor
1302 4495 1598 4550 videbitur.
1651 4495 1719 4550 Et
1762 4497 1885 4552 ideo
1915 4515 2012 4555 ne-

424 4593 702 4648 quaquam
753 4583 911 4637 titulo
956 4584 1245 4639 eharitatis
1292 4587 1586 4642 imminuto
1614 4628 1627 4651 ,
1688 4604 1810 4658 qum
1857 4591 2012 4645 utilia

433 4669 682 4724 videntur
710 4688 774 4726 ac
807 4676 1120 4730 necessaria
1150 4693 1543 4747 procuremus,
1599 4683 1836 4736 maxime
1886 4698 2011 4736 cum

427 4763 612 4819 nullus
641 4765 760 4820 dies
790 4769 964 4836 possit
995 4769 1353 4835 intercedere,
1387 4788 1498 4842 quo
1537 4789 1648 4827 non
1677 4774 2012 4846 disputatio-

424 4856 591 4911 nibus
639 4861 776 4914 meis
827 4862 1094 4918 interesse
1141 4866 1389 4934 possitis.
1422 4865 1526 4921 Per
1572 4868 1818 4937 singulas
1863 4869 2010 4922 enim

2105 2368 2362 2437 insequar
2385 2383 2503 2422 vos.
2543 2364 2909 2436 Opperiemini
2945 2375 3122 2420 autem
3147 2380 3232 2419 me
3261 2365 3327 2419 ad
3364 2369 3681 2435 proximum

2104 2467 2274 2530 portae
2308 2459 2546 2514 civitatis
2576 2457 2849 2513 stabulum
2870 2499 2885 2523 ,
2935 2467 2988 2513 et
3022 2457 3144 2511 inde
3173 2458 3370 2512 iterum
3399 2460 3680 2526 similiter,

2104 2568 2227 2607 cum
2254 2551 2372 2607 dies
2407 2552 2478 2606 ibi
2509 2553 2716 2622 aliquot
2745 2552 3193 2621 transegerimus,
3235 2553 3556 2621 praecedetis
3597 2570 3685 2608 me

2104 2646 2170 2701 ad
2193 2647 2480 2701 ulteriores
2497 2645 2767 2710 civitates;
2787 2653 2841 2698 et
2869 2644 2972 2697 hoc
2991 2659 3087 2698 vos
3113 2643 3285 2698 facere
3307 2659 3404 2713 per
3429 2644 3684 2711 singulas

2105 2741 2287 2810 cupio,
2312 2737 2650 2794 declinanda:
2670 2747 2934 2808 quantum
2959 2737 3012 2790 in
3036 2737 3194 2792 nobis
3216 2749 3298 2792 est
3317 2738 3535 2791 invidia:
3555 2754 3684 2808 gra-

2103 2833 2201 2898 tia,
2217 2841 2270 2890 et
2284 2843 2344 2887 ut
2360 2834 2556 2888 fratres
2577 2834 2668 2902 qui
2682 2831 2967 2886 nobiscum
2987 2838 3135 2893 sunt,
3153 2831 3318 2884 vestri
3339 2832 3684 2899 providentia

2106 2942 2202 2997 per
2233 2925 2481 2997 singulas
2509 2925 2756 2980 civitates
2790 2934 2974 2994 parata
3023 2923 3361 2978 invenientes
3401 2923 3645 2993 hospitia
3666 2965 3680 2983 ,

2107 3018 2290 3073 minus
2311 3019 2497 3090 vagari
2527 3017 2835 3072 videantur.

2179 3108 2266 3164 lll.
2310 3109 2437 3165 Haec
2469 3110 2682 3165 dicente
2714 3108 2896 3172 Petro,
2939 3105 3249 3162 necessario
3295 3107 3680 3175 acquiescunt,

2107 3203 2353 3259 dicentes
2385 3223 2399 3258 :
2431 3202 2551 3257 Non
2585 3203 2741 3257 valde
2773 3216 2874 3256 nos
2915 3202 3203 3255 contristat
3231 3201 3336 3255 hoc
3365 3217 3527 3271 agere
3557 3204 3685 3271 quia

2108 3309 2138 3347 a
2169 3305 2220 3351 te
2244 3296 2520 3365 jubemur,
2554 3296 2644 3365 qui
2678 3295 2859 3347 omnia
2887 3304 2940 3348 et
2964 3295 3102 3348 bene
3128 3308 3286 3363 agere
3310 3302 3362 3348 et
3385 3293 3525 3347 bene
3554 3308 3689 3345 con-

2109 3389 2289 3444 sulere
2325 3403 2420 3458 per
2449 3387 2651 3442 Christi
2687 3386 3082 3457 providentiam
3120 3388 3329 3440 electus
3357 3401 3417 3439 es
3441 3427 3456 3450 ,
3504 3385 3601 3437 sed
3637 3397 3688 3438 et

2109 3497 2217 3534 una
2254 3481 2342 3535 die
2369 3490 2462 3534 aut
2492 3481 2538 3535 si
2566 3480 2797 3534 multum
2826 3478 3026 3544 biduo,
3064 3478 3314 3548 quamvis
3348 3477 3560 3548 grande
3593 3479 3686 3542 sit,

2111 3573 2166 3626 in
2202 3574 2305 3628 hoc
2333 3573 2480 3628 omni
2513 3573 2692 3643 spatio
2735 3587 2844 3626 non
2879 3571 3065 3626 videre
3110 3571 3390 3625 dominum
3438 3578 3686 3624 nostrum

2109 3664 2328 3719 Petrum
2351 3705 2368 3730 ,
2401 3674 2578 3720 tamen
2608 3664 2890 3719 tolerabile
2919 3673 3022 3718 est.
3067 3663 3498 3717 Consideramus
3542 3664 3684 3717 enim

2109 3758 2241 3828 quid
2291 3758 2571 3828 patiantur
2621 3757 2699 3810 illi
2743 3755 3037 3810 duodecim
3091 3754 3290 3810 fratres
3331 3755 3547 3818 nostri,
3597 3755 3688 3823 qui

2109 3850 2425 3921 prmcedunt
2447 3864 2569 3913 nos,
2603 3856 2657 3902 et
2689 3863 2930 3903 mensem
2956 3862 3093 3917 pene
3119 3847 3391 3916 integrum
3417 3863 3485 3900 ex
3515 3849 3688 3901 tribus

2110 3942 2411 4005 mensibus,
2438 3941 2636 4011 quibus
2658 3956 2753 4009 per
2777 3954 3216 4008 unamquamque
3238 3939 3431 3992 urbem
3458 3940 3685 3996 resides.

2109 4042 2265 4089 tanto
2310 4035 2454 4088 bono
2491 4034 2713 4086 auditus
2739 4033 2816 4085 tui
2847 4031 3188 4099 visionisque
3237 4030 3585 4087 fraudantur.
3621 4032 3689 4086 Et

2112 4141 2242 4196 ergo
2267 4126 2450 4196 jubes,
2483 4126 2610 4195 quia
2639 4132 2783 4179 recte
2808 4123 2990 4178 omnia
3021 4123 3210 4193 jubes,
3244 4138 3405 4194 agere
3437 4141 3546 4178 non
3578 4141 3689 4178 me-

2112 4221 2381 4274 rabimur.
2423 4217 2489 4270 Et
2518 4218 2604 4272 his
2642 4218 2807 4273 dictis
2851 4233 3203 4288 praecessere,
3250 4218 3495 4286 acceptis
3537 4234 3687 4271 man-

2112 4312 2296 4379 datis,
2351 4322 2410 4366 ut
2459 4319 2610 4366 extra
2661 4311 2850 4364 urbem
2897 4311 3306 4379 alloquerentur
3360 4308 3558 4364 fratres
3601 4311 3689 4379 qui

2114 4419 2300 4459 secum
2344 4405 2448 4459 iter
2495 4403 2747 4473 agebant,
2794 4417 2864 4456 ne
2909 4402 3202 4470 constipati
3250 4411 3304 4455 et
3352 4403 3515 4470 quasi
3570 4417 3688 4455 cum

2113 4497 2374 4560 tumultu,
2403 4495 2500 4550 sed
2522 4494 2757 4564 sparsim
2778 4502 2832 4548 et
2859 4495 2913 4548 in
2941 4494 3101 4549 binos
3124 4494 3286 4548 divisi
3314 4494 3694 4564 ingrediantur

2115 4590 2394 4643 civitates.

2183 4680 2272 4738 ιγ.
2305 4680 2506 4735 Verum
2532 4681 2643 4751 (33)
2670 4679 2760 4734 ubi
2782 4680 2858 4734 illi
2882 4680 3111 4750 profecti
3141 4687 3288 4739 sunt,
3317 4692 3419 4748 ego
3441 4677 3691 4732 Clemens

2115 4774 2270 4829 valde
2300 4774 2520 4844 gavisus
2564 4788 2686 4828 sum
2759 4774 2904 4843 quod
2948 4788 3033 4826 me
3081 4787 3265 4826 secum
3297 4787 3423 4826 esse
3463 4771 3610 4835 fecit,
3640 4780 3692 4824 et

2115 4867 2202 4920 aio
2233 4866 2300 4920 ad
2330 4882 2454 4920 eum
2486 4885 2499 4919 :
2532 4865 2643 4920 Deo
2665 4867 2870 4935 gratias
2902 4880 3024 4935 ago,
3051 4863 3198 4933 quod
3225 4878 3447 4917 menon
3481 4865 3692 4932 praemi-

426 4967 675 5022 quasque
698 4955 993 5011 nobiliores
1015 4958 1422 5026 provinciarum
1444 4959 1693 5012 civitates
1716 4959 1999 5029 pr0posui,
2039 4978 2080 5032 D
2114 4959 2237 5014 sisti
2259 4974 2381 5012 cum
2401 4959 2543 5021 aliis,
2562 4972 2688 5011 nam
2711 4958 2936 5012 tristitia
2963 4957 3294 5012 interissem.
3311 4955 3451 5010 Tum
3466 4955 3688 5009 Petrus:

429 5044 573 5098 sicut
601 5044 764 5099 etiam
784 5063 883 5102 vos
907 5048 1084 5110 scitis,
1111 5051 1284 5105 ternis
1309 5050 1538 5104 docendi
1565 5051 1741 5120 gratia
1767 5053 2008 5107 residere

430 5137 734 5193 mensibus.
788 5138 943 5193 Nunc
997 5156 1128 5212 ergo
1177 5140 1526 5206 Laodiciam,
1594 5159 1715 5212 qua:
1751 5152 1837 5200 est
1876 5146 2007 5200 urbs

430 5230 700 5298 proxima,
731 5233 1016 5300 praecedite
1067 5248 1181 5299 me,
1236 5241 1290 5288 et
1334 5249 1434 5304 ego
1466 5242 1589 5305 post
1633 5236 1861 5290 biduum
1913 5245 2007 5290 aut

2115 5052 2180 5105 Et
2213 5052 2343 5121 quid
2381 5050 2491 5115 ﬁet,
2529 5051 2737 5120 inquit,
2783 5051 2832 5105 si
2860 5050 3165 5105 necessitas
3201 5051 3446 5119 exegerit
3476 5049 3616 5102 mitti
3647 5059 3693 5100 te

2114 5146 2297 5215 aliquo
2321 5145 2584 5199 doctrina:
2613 5144 2816 5215 gratia?
2848 5153 3134 5214 separatus
3164 5157 3195 5195 a
3226 5157 3312 5196 me
3339 5140 3439 5212 pro
3467 5142 3692 5196 utilitate

2114 5237 2402 5293 morieris?
2438 5253 2539 5293 nec
2565 5237 2886 5306 tibimetipsi
2919 5234 3216 5306 imperabis
3261 5233 3403 5289 ferre
3429 5234 3692 5304 patienter

1733 5457 2105 5516 COTELERII
2140 5459 2375 5518 ΝΟΤΕ.

507 5595 621 5666 ('53)
671 5595 886 5660 Verum,
915 5602 1022 5650 etc.
1042 5592 1448 5666 .Prmpoinuntur
1473 5597 1524 5666 in
1549 5594 1739 5650 codice
1757 5594 1860 5649 PP.
1890 5594 2018 5649 Car-

436 5665 745 5737 tgelitarum
780 5669 894 5720 haec
943 5667 1187 5737 intrusa:
1216 5665 1286 5737 In
1328 5675 1429 5719 oct.
1472 5665 1591 5736 [pro
1629 5667 1786 5737 sept.]
1842 5668 2016 5719 sancti

441 5732 742 5790 Clementis.
777 5737 888 5806 Ego
923 5735 1159 5792 Clemens
1189 5736 1314 5790 dum
1357 5732 1519 5792 essein
1560 5732 2014 5792 cum’beittt'ssimo

2123 5595 2283 5649 Petro
2329 5594 2589 5662 apostolo,
2641 5591 2869 5663 quodam
2916 5591 3000 5645 die
3031 5592 3146 5647 dixi
3174 5591 3245 5646 ad
3282 5606 3407 5644 eum
3431 5607 3449 5644 :
3483 5590 3686 5645 Gratias

2121 5684 2218 5748 ago
2251 5666 2384 5749 Rea,
2418 5663 2554 5748 quod
2589 5680 2669 5716 me
2696 5681 2799 5719 non
2819 5665 3096 5732 permittas
3126 5664 3368 5733 separari
3399 5688 3432 5717 «ι
3468 5673 3550 5730 te;
3579 5676 3687 5715 nam

2121 5746 2342 5792 tristitia
2363 5746 2676 5794 interissent.
