3888 6192
254 313 396 370 1537

1403 311 1968 369 RELOGNITIONUM
2006 310 2132 367 LIB.
2172 310 2261 364 V'll

3354 309 3379 361 1
3389 306 3491 361 5ὔ8

254 441 378 499 quae
406 427 711 481 necessitas
736 424 1095 496 imposuerit?
1120 435 1212 481 aut
1238 428 1488 498 ignoras,
1514 428 1640 497 quia
1666 426 1825 480 amici
1855 433 1902 487 Α
1928 440 2052 479 cum
2076 425 2315 479 oleribus
2336 426 2388 478 in
2414 440 2514 480 usu
2539 424 2766 495 est('55),
2792 423 3165 477 indumentum
3186 431 3365 477 autem
3389 422 3493 477 hoc

255 534 472 590 semper
491 518 654 573 simul
697 524 826 572 sunt
849 558 862 580 ,
895 527 947 573 et
978 519 1102 573 licet
1128 519 1451 588 corporibus
1480 524 1822 587 separentur,

256 610 522 665 memoria
548 618 732 662 tamen
755 608 1102 679 junguntur?
1149 611 1291 664 sicut
1336 610 1644 664 econtrario
1690 624 1826 662 non-

257 702 392 757 nulli
424 702 756 771 corporibus
784 717 891 755 una
920 702 1103 771 positi,
1134 702 1331 755 animis
1363 701 1702 756 dividuntur.

331 794 396 852 ν.
438 794 505 847 Et
528 809 628 865 ego
655 794 912 862 respondi
942 813 955 848 :
982 793 1099 847 Non
1126 804 1307 863 putes,
1341 793 1412 846 mi
1444 793 1681 857 domine,
1711 794 1825 848 haec

254 902 343 941 me
372 886 821 940 irrationabiliter
859 885 991 954 pati,
1026 886 1119 939 scd
1146 894 1292 939 certa
1320 893 1374 939 et
1403 900 1570 939 causa
1602 892 1656 938 et
1684 885 1825 938 ratio

254 989 339 1034 est
380 981 545 1048 hujus
571 994 698 1048 erga
739 986 791 1032 te
819 978 1044 1031 affectus
1088 979 1214 1031 mei.
1244 975 1322 1030 Te
1346 977 1489 1030 enim
1520 977 1693 1030 solum
1725 960 1825 1045 pro

254 1071 513 1125 omnibus
532 1073 669 1127 meis
689 1070 969 1125 aii‘ectibus
993 1071 1297 1138 habeo,pro
1315 1076 1487 1138 patre,
1505 1082 1605 1137 pro
1628 1075 1820 1132 matre,

256 1176 356 1230 pro
379 1161 659 1228 fratribus;
681 1178 844 1231 super
867 1162 979 1215 hzec
1001 1169 1180 1214 autem
1200 1162 1381 1214 omnia
1403 1167 1506 1222 est,
1530 1160 1672 1229 quod
1690 1159 1822 1213 mihi

255 1255 451 1309 salutis
462 1269 625 1309 causa
638 1262 691 1308 et
704 1254 1059 1323 agnoscendae
1074 1253 1319 1308 veritatis
1337 1260 1396 1305 tu
1416 1252 1565 1307 solus
1606 1250 1819 1307 existis.

257 1346 366 1401 Sed
406 1358 461 1402 et
504 1346 635 1400 illud
676 1363 785 1400 non
833 1347 964 1399 mihi
1007 1345 1061 1397 in
1103 1353 1378 1413 postremo
1418 1344 1649 1397 habetur
1678 1343 1818 1406 loco,

252 1439 398 1509 quod
422 1439 682 1508 juvenilis
704 1448 836 1492 tetas
863 1452 986 1507 qua:
1019 1438 1073 1490 in
1103 1453 1187 1491 me
1217 1444 1319 1501 est,
1352 1435 1822 1504 concupiscentia-

250 1547 375 1585 rum
407 1531 621 1585 insidiis
650 1530 896 1599 subjacet
915 1568 929 1593 ,
961 1538 1015 1583 et
1040 1544 1231 1582 vereor
1265 1542 1387 1582 esse
1417 1527 1536 1581 sine
1561 1534 1634 1587 te.
1663 1526 1821 1595 cujus

250 1624 370 1677 sola
392 1621 683 1693 prazsentia
723 1621 902 1676 omnis
943 1621 1156 1674 luxuria
1197 1619 1448 1688 quamvis
1494 1618 1705 1672 ratione
1733 1632 1853 1670 car

250 1722 389 1777 reat,
422 1713 727 1779 erubescit;
765 1712 891 1766 licet
913 1712 1183 1767 confidam
1210 1711 1276 1765 de
1300 1711 1676 1766 misericordia
1701 1710 1816 1772 Dei,

248 1806 399 1875 quod
430 1806 592 1860 etiam
620 1820 815 1859 sensus
846 1819 997 1860 meus
1027 1818 1092 1858 ex
1124 1803 1212 1857 liis
1246 1818 1367 1872 quae
1390 1818 1485 1872 per
1515 1802 1819 1855 doctrinam

249 1908 401 1951 tuam
432 1899 722 1965 concepit,
772 1897 917 1955 aliud
947 1897 1059 1965 jam
1090 1896 1293 1965 aliquid
1327 1895 1392 1949 ad
1435 1896 1819 1966 cogitationem

247 1989 492 2058 recipere
521 2005 629 2042 non
660 1989 853 2057 possit.
888 1987 1153 2042 Praeterea
1184 1988 1401 2042 memini
1440 1996 1492 2041 te
1521 1988 1663 2056 apud
1704 1986 1821 2042 Ca2—

249 2095 462 2135 saream
493 2082 717 2144 dixisse,
749 2088 807 2135 ut
833 2081 879 2135 si
905 2081 1028 2151 quis
1065 2081 1177 2134 vult
1206 2095 1292 2135 me
1318 2081 1467 2135 salva
1502 2081 1701 2149 pietate
1722 2096 1818 2135 co-

247 2174 458 2237 mitari,
484 2174 795 2227 comitetur.
840 2172 1003 2226 Salva
1048 2180 1226 2226 autem
1262 2172 1463 2241 pietate
1493 2171 1734 2236 dicebas,
1762 2180 1822 2226 ut

248 2267 523 2322 neminem
551 2266 904 2320 contristaret
932 2266 1021 2319 cui
1064 2264 1364 2321 secundum
1396 2263 1562 2319 Deum
1599 2262 1823 2319 deberet

247 2358 564 2422 Miserere,
593 2357 746 2412 verbi
779 2357 955 2427 gratia
980 2397 994 2421 ,
1031 2372 1101 2412 ne
1130 2371 1354 2411 uxorem
1394 2355 1606 2410 fidelem
1650 2355 1821 2410 relin-

244 2457 444 2520 queret
464 2451 547 2504 vel
576 2457 827 2519 parentes
853 2450 937 2503 vei
964 2449 1100 2503 alias
1125 2446 1501 2517 hujuscemodi
1534 2462 1819 2516 personas,

244 2558 279 2595 a
309 2543 512 2613 qu'mus
543 2558 642 2612 ego
670 2542 827 2597 valde
866 2541 1005 2596 liber
1032 2557 1151 2595 sum
1191 2548 1246 2596 et
1287 2540 1408 2594 ideo
1437 2548 1595 2609 aptus
1627 2539 1696 2592 ad
1732 2557 1820 2596 sc-

244 2637 526 2706 quendum
557 2644 648 2702 te;
694 2643 858 2704 atque
899 2636 1106 2688 utinam
1151 2633 1287 2687 mihi
1321 2633 1593 2688 concedas
1636 2643 1696 2688 ut
1723 2634 1821 2688 tibi

244 2730 414 2784 etiam
441 2728 583 2783 servi
616 2729 978 2784 ministerium
1008 2727 1317 2783 exhibeam.

320 2818 412 2875 Vl.
454 2818 592 2874 Tum
613 2818 808 2875 Petrus
836 2820 904 2873 ad
925 2820 1041 2874 haec
1064 2820 1251 2875 ridens
1275 2821 1378 2876 ait:
1398 2818 1461 2875 Et
1485 2820 1615 2891 quid
1636 2829 1820 2891 putas,

245 2910 502 2967 Clemens
522 2951 536 2975 ,
570 2911 716 2980 quod
760 2927 871 2966 non
918 2920 972 2967 te
1010 2914 1129 2983 ipsa
1160 2913 1462 2969 necessitas
1492 2913 1627 2967 mihi
1659 2914 1822 2967 faciat

246 3004 512 3058 servum?
553 3003 688 3058 Nam
713 3007 838 3074 quis
873 3005 1005 3058 mihi
1039 3006 1238 3075 poterit
1267 3005 1409 3060 alius
1435 3012 1680 3061 sternere
1708 3006 1822 3059 sin-

1929 526 2013 571 est
2049 518 2178 571 mihi
2210 518 2351 586 quod
2382 518 2554 582 vides,
2587 518 2769 571 tunica
2795 532 2919 570 cum
2945 515 3138 586 pallio,
3169 525 3222 569 et
3256 515 3369 569 haec
3396 514 3495 568 ha-

1927 610 2083 673 bens,
2122 611 2268 664 aliud
2297 611 2431 664 nihil
2476 611 2715 681 requiro.
2762 607 2877 663 Hoc
2917 608 3047 662 mihi
3093 606 3316 669 sufﬁcit,
3362 608 3491 677 quia

1927 716 2081 756 mens
2132 717 2250 756 mea
2291 718 2398 756 non
2446 703 2513 756 ad
2557 703 2670 755 haec
2718 700 3152 772 praesentia,sed
3175 697 3242 753 ad
3263 699 3352 752 illa
3373 715 3493 770 qua:

1925 801 2129 847 aaterna
2161 803 2289 848 sunt
2318 796 2532 864 aspicit,
2559 802 2613 848 et
2638 794 2759 848 ideo
2780 793 2913 847 nihil
2938 809 3023 846 me
3044 806 3227 847 rerum
3254 806 3492 862 praesen-

1924 886 2061 940 tium
2106 887 2513 957 visibiliumque
2564 887 2820 941 delectat.
2880 884 3033 939 Unde
3071 892 3228 937 tuum
3274 882 3489 954 quidem

1924 992 2053 1049 erga
2082 994 2170 1032 me
2197 979 2397 1032 bonum
2429 979 2668 1032 animum
2700 978 2999 1047 amplector
3027 985 3083 1030 et
3113 976 3304 1038 miror,
3346 988 3410 1028 ac
3440 984 3493 1028 te

1924 1071 2099 1140 magis
2128 1071 2309 1134 laudo,
2355 1072 2626 1141 quomodo
2652 1086 2774 1125 cum
2807 1070 2883 1123 sis
2905 1070 2988 1123 vir
3010 1085 3074 1123 ex
3096 1066 3493 1123 consuetudine

1923 1163 2106 1216 multae
2146 1162 2491 1217 abundantiae
2520 1164 2744 1218 veniens
2765 1202 2779 1224 ,
2820 1170 2931 1215 tam
2962 1161 3071 1216 cito
3106 1158 3406 1214 transferre
3440 1169 3494 1211 et

1923 1262 2111 1323 aptare
2131 1263 2188 1308 te
2214 1258 2456 1324 potueris
2482 1259 2547 1310 ad
2572 1257 2713 1311 hanc
2737 1258 2902 1310 vitam
2926 1260 3195 1315 nostram,
3220 1266 3341 1321 qua:
3362 1250 3496 1305 solis

1924 1348 2252 1401 necessariis
2281 1349 2471 1403 utitur.
2500 1347 2610 1403 Nos
2639 1349 2782 1403 enim
2815 1363 2844 1400 a
2872 1360 3066 1418 puero,
3096 1345 3151 1399 id
3177 1352 3282 1402 est.
3314 1356 3415 1411 ego
3443 1349 3497 1393 et

1923 1437 2091 1494 frater
2120 1455 2412 1509 germanus
2444 1456 2597 1495 meus
2620 1441 3014 1503 Andreas,non
3046 1437 3220 1491 solum
3240 1433 3492 1501 orphani,

1924 1530 2020 1585 sed
2046 1539 2101 1585 et
2131 1532 2288 1585 valde
2318 1548 2589 1602 pauperes
2617 1531 2892 1587 crevimus
2922 1538 2976 1586 et
3005 1528 3336 1585 necessitate
3366 1540 3495 1593 ope-

1922 1623 2055 1677 rarii
2084 1638 2208 1678 esse
2237 1626 2646 1687 consuevimus,
2680 1623 2825 1679 unde
2864 1630 2919 1677 et
2958 1638 3106 1677 nunc
3140 1621 3300 1675 facile
3328 1632 3495 1673 vexa-

1923 1716 2102 1771 tiones
2126 1715 2378 1771 itinerum
2408 1715 2652 1772 ferimus.
2678 1715 2782 1771 Sed
2813 1717 2994 1787 potius
3019 1716 3066 1770 si
3116 1714 3247 1769 mihi
3275 1712 3497 1781 acquie-

1926 1822 2111 1863 sceres
2156 1816 2213 1862 et
2257 1809 2637 1877 permitteres,
2662 1824 2761 1880 ego
2794 1810 2966 1879 magis
2998 1809 3159 1862 homo
3188 1804 3493 1876 operarius,

1923 1896 2141 1954 facilius
2165 1899 2260 1953 tibi
2295 1915 2511 1970 possem
2540 1900 2685 1955 servi
2713 1900 2940 1970 implere
2963 1899 3353 1954 ministerium.

1993 1988 2107 2045 VII.
2148 1990 2215 2043 At
2243 2005 2344 2060 ego
2372 1992 2487 2046 haec
2525 1992 2753 2046 audiens
2782 1992 3112 2055 contremui,
3146 2000 3197 2045 et
3239 1990 3497 2059 lacrymae

1923 2082 2054 2136 mihi
2087 2084 2350 2137 continuo
2381 2092 2791 2154 proruperunt,
2838 2085 2980 2154 quod
3011 2084 3173 2137 talem
3219 2081 3353 2136 mihi
3381 2096 3497 2135 ser-

1923 2184 2137 2233 monem
2163 2177 2365 2232 dixerit
2393 2179 2477 2230 vir
2506 2185 2690 2232 tantus
2710 2217 2725 2240 ,
2755 2190 2866 2247 quo
2895 2175 3077 2229 omnis
3115 2171 3352 2227 mundus
3398 2173 3498 2225 ha-

1922 2270 2083 2325 betur
2112 2270 2359 2325 inferior.
2402 2268 2540 2323 Tum
2585 2270 2676 2324 ille
2720 2269 3112 2340 lacrymantem
3151 2280 3239 2320 me
3267 2265 3492 2329 videns,

1923 2376 2142 2417 causam
2162 2368 2531 2432 percontatur.
2555 2360 2657 2415 Cui
2680 2375 2782 2430 ego
2802 2358 3061 2428 respondi
3086 2376 3101 2412 :
3120 2356 3260 2423 Quid
3282 2362 3493 2409 tantum

1924 2453 1979 2506 in
2020 2460 2074 2509 te
2113 2455 2334 2523 peccavi
2363 2460 2422 2507 ut
2452 2468 2540 2507 me
2570 2452 2661 2505 tali
2699 2466 2950 2507 sermone
2980 2449 3280 2505 onerares?
3307 2456 3361 2503 et
3390 2446 3494 2501 Pe-

1922 2552 2044 2599 trus
2078 2564 2091 2599 :
2124 2544 2182 2599 Si
2213 2545 2413 2598 malum
2448 2553 2565 2608 est,
2612 2544 2809 2614 inquit,
2842 2544 2987 2613 quod
3019 2544 3132 2598 dixi
3168 2551 3227 2598 ut
3254 2544 3495 2611 serviam

1924 2638 2021 2691 tibi
2045 2676 2060 2699 ,
2112 2646 2169 2690 tu
2215 2637 2364 2706 prior
2392 2637 2632 2706 peccasti
2678 2636 2783 2690 hoc
2813 2637 2944 2691 mihi
2976 2635 3230 2689 dicendo.
3261 2633 3327 2688 Et
3357 2650 3492 2705 ego:

1922 2728 2041 2784 Non
2073 2737 2190 2792 est,
2237 2729 2493 2798 inquam,
2540 2729 2754 2794 simile;
2792 2743 2879 2783 me
2908 2729 3052 2782 enim
3082 2727 3234 2783 decet
3266 2728 3370 2782 hoc
3400 2728 3498 2781 tibi

1923 2819 2125 2884 facere,
2160 2829 2218 2875 tu
2238 2828 2417 2875 autem
2445 2820 2537 2891 qui
2572 2820 2661 2875 Dei
2687 2820 2887 2875 summi
2911 2835 3089 2890 praeco
3110 2820 3177 2874 ad
3205 2822 3498 2878 salvandas

1924 2914 2137 2969 animas
2165 2914 2446 2968 hominum
2484 2914 2687 2969 missus
2717 2928 2777 2969 es
2796 2953 2813 2979 ,
2837 2929 3003 2984 grave
3032 2925 3116 2968 est
3146 2922 3207 2967 ut
3235 2914 3341 2969 hoc
3365 2916 3496 2970 mihi

1924 3005 2098 3060 dicas.
2130 3005 2197 3060 Et
2223 3005 2419 3060 Petrus
2449 3025 2461 3060 :
2498 3006 2915 3075 Acquiescerem
2958 3005 3090 3070 tibi,
3138 3008 3348 3075 inquit,
3390 3007 3499 3061 nisi

246 3096 422 3151 dones
452 3104 503 3151 et
532 3097 771 3167 stragula
797 3098 1023 3166 pulchra
1046 3097 1415 3166 componere?
1442 3096 1577 3163 Quis
1606 3111 1824 3152 servare
1848 3103 1893 3160 (Ξ
1926 3100 2190 3155 Dominus
2216 3108 2401 3153 noster
2430 3099 2521 3167 qui
2550 3098 2617 3152 ad
2647 3098 2877 3152 salutem
2906 3098 3075 3152 totius
3104 3097 3296 3151 mundi
3322 3099 3494 3162 venit,

247 3191 487 3246 annulos
539 3198 594 3245 et
644 3190 964 3245 indumenta
1010 3207 1131 3261 qua:
1180 3190 1405 3246 assidue
1454 3198 1668 3244 mutare
1727 3189 1823 3245 de-

246 3284 407 3338 beam
439 3284 573 3355 (54),
611 3285 979 3355 praeparabit?
1005 3284 1142 3350 Quis
1170 3284 1333 3339 etiam
1359 3285 1507 3338 cocis
1534 3282 1823 3351 imperabit

244 3385 303 3431 et
334 3376 551 3432 diversa
590 3384 752 3448 atque
795 3378 966 3432 electa
1012 3378 1289 3447 pulmenta
1321 3374 1631 3446 providebit
1653 3415 1668 3438 ,
1700 3388 1822 3444 quae

247 3476 370 3523 arte
394 3469 687 3524 scitissima
720 3476 775 3524 et
810 3470 959 3525 varia
989 3477 1381 3539 praeparentur,
1425 3477 1478 3523 et
1517 3468 1697 3521 omnia
1730 3467 1820 3519 illa

247 3576 372 3629 quae
401 3562 717 3617 hominibus
740 3563 976 3617 molliter
1006 3562 1296 3624 institutis,
1326 3560 1434 3615 imo
1462 3561 1644 3631 potius
1674 3561 1823 3629 cupi-

248 3652 408 3706 ditati
443 3669 631 3709 eorum
659 3656 803 3710 velut
841 3655 1249 3710 immanissimas
1274 3654 1487 3708 cuidam
1523 3654 1708 3708 bestia:
1740 3654 1823 3707 in-

245 3743 415 3815 iustis
432 3747 661 3815 quaesita
684 3747 990 3816 sumptibus
1012 3747 1438 3801 convectantur?
1462 3744 1566 3800 Sed
1591 3745 1823 3800 fortasse

249 3840 502 3909 quamvis
534 3854 741 3894 mecum
769 3842 982 3911 positus
1013 3840 1271 3904 videaris,
1299 3854 1408 3893 non
1433 3840 1718 3909 agnoveris
1745 3837 1822 3890 vi~

250 3942 364 3989 tam
387 3948 591 4000 meam;
614 3935 774 4005 panis
794 3934 922 3988 mihi
947 3934 1098 3989 solus
1117 3948 1241 3987 cum
1256 3933 1415 3988 olivis
1436 3942 1490 3989 et
1515 3948 1638 3986 raro
1656 3932 1819 3986 etiam

1927 3197 1980 3246 et
2011 3192 2104 3261 qui
2132 3200 2251 3247 erat
2277 3191 2421 3245 omni
2455 3198 2711 3243 creatura
2741 3189 3006 3252 nobilior,
3056 3188 3262 3243 servire
3302 3203 3498 3257 passus

1926 3292 2091 3347 esset,
2161 3290 2219 3336 ut
2265 3297 2364 3336 nos
2406 3282 2659 3336 suaderet
2704 3295 2816 3334 non
2862 3281 3186 3335 erubescere
3234 3281 3496 3336 fratribus

1926 3374 2132 3429 nostris
2168 3388 2446 3430 servorum
2477 3373 2735 3427 exhibere
2766 3372 3153 3428 ministerium.
3192 3370 3329 3427 Tum
3358 3388 3493 3442 ego:

1930 3463 1984 3519 Si
2018 3474 2148 3535 puto
2175 3465 2319 3535 quod
2352 3464 2558 3534 possim
2590 3471 2644 3519 te
2666 3465 2909 3528 vincere,
2936 3464 3093 3519 valde
3117 3464 3318 3520 stultus
3340 3481 3493 3532 sum;

1926 3566 2298 3612 verumtamen
2330 3573 2432 3627 age
2455 3557 2661 3627 gratias
2687 3556 3041 3626 providentia
3069 3554 3197 3620 Dei,
3226 3557 3372 3626 quod
3400 3572 3497 3626 pa-

1926 3657 2141 3705 rentum
2176 3650 2297 3703 Ioco
2335 3650 2533 3704 habere
2559 3656 2612 3704 te
2646 3648 2840 3704 merui.

1997 3740 2131 3796 Vill.
2176 3740 2312 3794 Tum
2351 3740 2545 3796 Petrus
2579 3758 2593 3795 :
2624 3739 2796 3795 Nemo
2824 3741 2968 3795 enim
2988 3779 3004 3804 ,
3033 3739 3246 3811 inquit,
3274 3756 3401 3797 vere
3428 3757 3497 3796 ex

1924 3851 2122 3906 genere
2142 3835 2243 3889 tibi
2267 3834 2554 3904 superest?
2583 3831 2864 3902 Respondi
2895 3851 2907 3886 :
2936 3830 3076 3886 Sunt
3095 3832 3313 3902 quidem
3340 3834 3497 3887 multi

1924 3936 2176 3999 potentes
2219 3928 2319 3984 viri
2367 3943 2432 3982 ex
2474 3926 2705 3981 Cmsaris
2740 3925 2993 3996 prosapia
3022 3924 3134 3997 ('56)
3172 3927 3493 3993 venientes;

1549 4083 1917 4141 COTELERII
1948 4082 2181 4139 NOTAE.

324 4222 457 4299 (ὅθί
506 4227 841 4291 Indumenta,
898 4244 1013 4297 qua:
1068 4228 1277 4282 assidue
1328 4240 1530 4299 mutare
1582 4225 1816 4299 debeam.

261 4296 805 4369 'Ynoadparaiforte
846 4296 939 4352 aut
995 4298 1285 4369 ἐνδύματα,
1323 4314 1428 4369 non
1477 4296 1815 4366 ὑποδήματα,

250 4371 556 4439 ὐποδήσεξς.
590 4368 897 4439 Clementia.
920 4384 1021 4439 xu,
1056 4369 1110 4429 6,
1128 4368 1299 4439 epist.
1335 4368 1421 4421 74.

324 4434 437 4563 S35)
480 4438 646 4492 Panis
677 4438 805 4491 mihi
847 4438 989 4491 solus
1020 4454 1135 4491 cum
1172 4434 1345 4501 olivis,
1378 4445 1484 4491 etc.
1516 4434 1598 4489 0b
1633 4434 1815 4489 consi-

324 4552 325 4559 η
351 4525 437 4563 em
468 4510 778 4563 pariterque
802 4508 1169 4563 auocrvnhum
1206 4508 1383 4561 locum
1416 4508 1603 4559 nescio
1632 4521 1813 4563 mrem,

1926 4238 1977 4277 c.
2008 4224 2108 4291 48;
2157 4223 2248 4276 lib.
2282 4238 2355 4285 ιχ,
2401 4237 2448 4274 c.
2479 4222 2512 4276 6
2542 4232 2595 4275 et
2624 4221 2713 4276 20.
2742 4219 2925 4276 Potuit
2963 4221 3323 4275 nihilominus
3368 4233 3497 4288 apo-

1926 4296 2191 4349 stolorum
2223 4293 2476 4361 princeps
2507 4294 2764 4346 carnibus
2792 4293 3150 4346 animantium
3184 4306 3292 4361 non
3322 4291 3494 4361 vesci.

1923 4364 2099 4417 instar
2125 4360 2360 4415 Matthrei
2395 4362 2744 4416 inClemente
2781 4361 3148 4416 Alexandrino
3198 4360 3419 4428 Pwdug.
3455 4371 3495 4411 ιι

1920 4450 1969 4488 c.
1990 4435 2038 4497 1,
2058 4441 2111 4487 et
2141 4431 2511 4486 instarJacobi
2536 4431 2678 4486 Justi
2699 4434 2840 4500 apud
2867 4432 3183 4493 Eusebium,
3210 4428 3411 4483 Histor.
3436 4445 3495 4493 ιι,

248 4498 437 4564 miiem
468 4510 778 4578 pariterque
802 4508 1169 4578 apocryphum
1206 4498 1397 4578 locum
1416 4508 1603 4559 nescio
1632 4521 1813 4578 quem,
1848 4498 1895 4555 D
1918 4505 1989 4578 25
2008 4503 2646 4578 ;_Epiphanium_,_h:eres.
2668 4498 3076 4578 '78—,_num._45;
3108 4499 3497 4578 Hieronynimn

248 4578 416 4634 Petro
446 4573 624 4633 victus
654 4573 917 4648 e'lupinis
948 4573 1208 4631 tribuitur
1237 4593 1333 4647 per
1360 4573 1681 4648 Gregorium
1711 4573 1817 4627 Na-

250 4652 591 4730 zianzeuutn,
622 4646 865 4730 carmine
890 4648 955 4730 i8
984 4667 996 4702 :
1028 4648 1129 4730 Τρχ
1158 4650 1227 4730 e33
1240 4646 1468 4730 ’Ieépjm'w
1497 4646 1670 4729 μόνων
1695 4661 1822 4730 ’ξρν-

249 4719 436 4788 φῶντα
456 4719 679 4789 Πέτρον,
706 4718 1127 4789 ειμριέοιίοηο-Ιϐ
1147 4737 1159 4771 :
1182 4714 1392 4789 Πέτρος.
1406 4714 1661 4786 ἀσσαρίου
1694 4714 1818 4784 θέρ-

294 4806 376 4851 οις
400 4786 748 4860 τρεφόμενος.
761 4786 858 4860 Ubi
874 4804 988 4860 cur
1004 4787 1231 4860 Hicetas
1246 4786 1541 4860 Aaocdptov,
1566 4800 1821 4860 nummum

294 4808 376 4851 οις
400 4808 858 4860 τρεφομενος.υυι
888 4808 988 4842 Clll'
1017 4808 1231 4841 mcews
1259 4808 1541 4855 ασσαριον,
1566 4808 1821 4838 Humum--

249 4808 387 4919 iittn.
421 4859 668 4913 emendis
715 4858 918 4926 lupinis
961 4858 1087 4912 vilis
1124 4858 1278 4926 pretii
1314 4855 1673 4926 mercimonio
1702 4853 1821 4926 ido-

247 4944 437 4989 neum,
470 4929 725 4981 metiatur
752 4923 935 4982 decem
968 4923 1236 4990 nummis,
1274 4933 1405 4995 quot
1452 4923 1696 4995 ἀργυρίῳ
1746 4925 1822 4978 le-

248 5009 453 5068 guntur
486 4997 765 5068 assignata
807 4997 1141 5068 νομίσματα,
1171 4998 1226 5068 id
1259 5012 1387 5049 vero
1428 4996 1580 5068 cl__am_
1602 5008 1687 5046 me
1715 5001 1818 5068 est.

248 5015 453 5068 guntur
486 5015 765 5068 assngnata
807 5015 1141 5119 νοὸιισματα,
1176 5015 1226 5051 ιιι
1259 5015 1387 5049 vero
1428 5015 1568 5048 Clam
1603 5015 1687 5046 me
1715 5015 1818 5047 CSt.

247 5069 475 5140 Πέτρος,
511 5068 709 5140 inquit,
729 5069 838 5140 ὁὲκ
901 5067 1081 5140 ἐρμων
1109 5065 1534 5140 ’μόνῳνήτρυφᾶιν
1560 5064 1819 5140 ἀσσαρίου

246 5134 601 5262 ὲωνήἑιένων⁷
632 5136 737 5208 [aL
768 5137 884 5211 ἐνὸς
910 5134 1275 5210 ὠνουμέ⁷νων],
1294 5134 1456 5206 ἤγουν
1488 5134 1820 5215 δεκανούμου

246 5208 361 5262 ivcl
419 5206 813 5262 εκανούμμουί.
845 5207 1014 5259 Τοῦτο
1045 5206 1102 5259 δὲ
1135 5205 1199 5259 ἐκ
1224 5223 1368 5262 τινος
1399 5204 1504 5257 τῶν
1531 5203 1603 5262 μὴ
1626 5208 1820 5262 ἐκκλη-

245 5203 813 5283 [νοιξδεᾈανούξὶιξουμ
845 5207 1014 5283 Τοῦ.Ῥο
1045 5203 1102 5259 δὲ
1135 5205 1199 5259 ἐκ
1216 5203 1368 5283 ῥινὸς
1399 5204 1504 5257 τῶν
1530 5203 1604 5275 μὴ
1626 5203 1824 5283 ἐλκκλη-

248 5226 361 5283 μοι
388 5226 613 5262 οεκανου
666 5226 766 5277 μου
774 5226 813 5278 J.
846 5226 1014 5259 '10U‘t0
1045 5226 1102 5259 οε
1135 5226 1199 5259 εκ
1224 5226 1368 5267 τινος
1399 5226 1504 5257 των
1530 5226 1604 5275 μη
1626 5226 1821 5274 Ξκκιιη-

248 5276 585 5348 σιαζομένων
617 5226 811 5348 ξίϐλων
843 5276 1178 5348 avellar-crat.
1214 5274 1384 5348 Habet
1431 5284 1614 5348 tamen
1631 5273 1821 5348 forsan

247 5343 637 5416 astipulatores
659 5348 970 5409 nonnullos,
986 5343 1039 5399 in
1058 5345 1280 5407 Catena,
1300 5346 1489 5399 Matth.
1510 5361 1564 5406 Χ,
1586 5343 1678 5406 29,
1693 5344 1821 5416 dum

247 5415 513 5489 ῥσσᾶριον
563 5417 919 5489 Decalogum_
945 5418 1236 5489 allegogce
1263 5416 1760 5489 _interpretantur._
1779 5415 1822 5489 Α

249 5483 515 5557 Gregorio
559 5483 850 5542 dissentire
872 5483 1085 5557 videtur
1123 5483 1477 5557 Epiphanius,
1509 5484 1701 5557 hmresi
1730 5483 1817 5557 5f),

250 5573 303 5610 c.
339 5553 427 5620 f5,
462 5571 527 5611 ac
557 5558 871 5612 existimare
897 5553 1279 5623 abstinentiam
1309 5554 1452 5610 Petri
1476 5555 1541 5607 ab
1565 5553 1821 5608 animatis

250 5635 304 5679 et
333 5642 519 5689 carne,
537 5627 849 5697 figmentum
879 5642 1000 5681 esse
1029 5624 1531 5697 Ebionitarum,qui
1570 5624 1819 5697 Pgriodis

250 5693 802 5765 Petridepravarint.
828 5696 1007 5765 Atque
1045 5697 1189 5750 hanc
1217 5693 1539 5751 sententiam
1576 5693 1823 5765 aliquan-

249 5774 365 5820 tum
399 5764 650 5825 fortassis
679 5766 938 5865 adjuvant
984 5783 1103 5837 quae
1150 5766 1237 5821 hic
1280 5766 1550 5821 habentur
1576 5764 1667 5819 lib.
1702 5777 1818 5825 vin,

1922 4574 1976 4627 in
2016 4568 2382 4642 Caiaiogo,ex
2410 4572 2734 4641 Hegesippo.
2753 4570 2849 4625 Est
2876 4572 3075 4641 quippe
3108 4568 3498 4642 prater'Ebio—

1920 4644 2146 4714 niticam
2171 4638 2518 4714 raiiorumqué
2549 4638 2951 4714 haEreticorum,
2973 4638 3193 4714 necnon
3225 4638 3498 4714 Pythago-

1921 4730 1995 4767 ra:
2044 4709 2451 4776 abstinentiam",
2506 4712 2816 4781 superbam,
2869 4710 3329 4781 superstitiosam,
3386 4709 3495 4761 Deo

1922 4784 2078 4854 quasi
2106 4783 2374 4835 malorum
2405 4780 2615 4854 auctori
2632 4780 3203 4854 _injuriosam,_animae
3233 4780 3371 4854 utin

1923 4849 2151 4908 stiarum
2171 4867 2409 4922 corpora
2434 4851 2725 4906 devolubili
2745 4851 3191 4922 contumeliosam
3209 4849 3347 4922 ;_alia
3370 4850 3496 4902 abs-

1924 4922 2181 4985 tinentia,
2229 4918 2353 4991 pia,
2383 4921 2727 4985 Christiana,
2780 4920 3022 4983 humilis,
3071 4935 3178 4973 non
3212 4918 3361 4986 _Deo,
3401 4925 3495 4970 aut

1924 4994 2208 5053 creaturis,
2240 4992 2334 5046 sed
2360 4991 2815 5060 concupiscentia:
2844 4991 3086 5060 inimica.

1997 5061 2111 5133 (56)
2157 5061 2234 5115 Ea:
2256 5058 2784 5133 Caesarisprosapia,
2808 5058 3148 5133 etc_.'l‘iberii,
3179 5058 3492 5113 Clementin.

1925 5129 2098 5204 ιν,’7;⁷
2136 5133 2299 5204 epist.
2334 5131 2555 5204 cap.746
2576 5138 2641 5204 et
2684 5130 2807 5184 145.
2844 5129 3002 5204 liinc,
3036 5131 3139 5204 hoc
3164 5136 3498 5204 est_ex_apo-

1924 5197 2144 5272 cryphis
2168 5197 2244 5258 ὀι
2290 5197 2533 5265 incertis,
2565 5200 2818 5255 Clemens
2858 5198 3127 5272 Eucherio
3153 5198 3221 5251 ad
3251 5197 3493 5251 Valeria-

1924 5270 2053 5325 num
2086 5274 2346 5327 scribenti
2377 5272 2611 5332 dicitur,
2638 5279 2839 5323 vetusta
2868 5270 3115 5336 prosapia
3162 5277 3490 5329 senatorum,

1925 5353 2077 5412 atque
2104 5344 2262 5396 etiam
2291 5359 2354 5396 ea:
2380 5344 2537 5409 stirpe
2560 5340 3161 5412 Cwsarum.tlon_sen_sit
3189 5353 3493 5412 anonymus

1923 5407 2016 5482 qui
2074 5414 2140 5467 de
2196 5407 2608 5471 certaminibus,
2666 5410 3215 5482 peregrinationibus,
3262 5407 3494 5482 _vi_ta_et

1923 5473 2101 5537 morte
2133 5483 2277 5537 Petri
2304 5490 2357 5537 et
2388 5482 2537 5536 Pauli
2566 5473 2820 5549 scripsit,
2839 5480 3098 5549 citatusa
3128 5476 3367 5549 Patricio
3395 5473 3493 5527 Ju-

1924 5554 2038 5617 nio,
2068 5555 2122 5606 in
2153 5554 2544 5607 Clementinam
2583 5546 2877 5619 Epistulam
2923 5548 3013 5619 ad,
3037 5546 3357 5607 Corinthios,
3390 5559 3493 5619 nec

1924 5614 2032 5694 non
2060 5623 2418 5692 Nicephorus,
2447 5624 2537 5676 lib.
2573 5614 3211 5694 ll,‘C:lp.A55._.Ctlib-nili,
3244 5631 3365 5694 cap.

1926 5691 2029 5747 Sed
2090 5685 2324 5747 fabulam
2372 5695 2609 5762 produnt
2648 5685 2866 5744 nomina
2900 5686 3241 5762 Matthidize,_
3279 5685 3487 5749 Fausti,

1928 5762 2190 5829 Faustini,
2224 5757 2579 5828 Faustiniaui,
2620 5777 2739 5832 qua:
2787 5759 2945 5814 otiosi
2996 5757 3277 5828 nugatoris
3330 5770 3484 5808 som-
