3888 6192
376 302 396 352 1
409 301 513 354 ῗὸκξ)

1184 298 1241 355 S.
1276 294 1672 354 CLEMENTIS
1710 295 1726 348 I
1769 292 1936 351 ROM.
1964 289 2167 348 PONT.
2211 289 2440 351 OPERA
2476 290 2705 348 DUBIA.

3502 294 3645 352 1360

375 425 501 463 nam
534 416 675 479 patri
712 417 897 479 utpote
937 408 1245 481 propinquo
1289 425 1392 465 suo
1432 417 1487 463 et
1534 425 1640 463 una
1684 408 1954 469 educato,
1990 413 2035 471 Α
2063 404 2269 473 cmpit,
2310 402 2488 459 sicubi
2520 402 2718 473 aliquis
2750 417 2944 459 eorum
2981 403 3211 461 vidisset
3251 412 3347 460 aut
3394 406 3650 463 audisset

376 503 576 557 nobilis
607 502 833 573 adaaque
867 503 1087 557 familia:
1121 502 1308 557 Caesar
1339 504 1455 573 ipse
1483 502 1667 572 junxit
1706 516 1955 565 uxorem,

372 611 440 648 ex
475 610 583 665 qua
621 595 760 651 duos
788 596 1037 667 geminos
1080 594 1206 650 ante
1236 610 1324 650 me
1358 594 1499 649 filios
1537 595 1813 663 suscepit,
1846 608 1955 646 non

374 686 555 755 valde,
576 696 635 741 ut
664 687 847 742 aiebat
865 694 1041 758 pater,
1072 687 1179 742 sibi
1202 686 1437 741 invicem
1460 687 1668 742 similes
1694 686 1829 755 (57).
1855 700 1957 754 ego

373 778 521 833 enim
550 794 647 834 eos
675 794 784 833 non
816 778 952 833 adeo
982 779 1246 836 sciebam.
1280 777 1386 834 Sed
1419 794 1488 833 ne
1516 779 1708 833 matris
1737 777 1956 847 quidem

374 870 531 925 valde
558 886 767 926 memor
800 886 922 926 sum
943 912 959 937 ,
1009 871 1108 927 sed
1141 871 1300 942 quasi
1333 886 1429 941 per
1462 870 1738 925 somnium
1771 869 1847 923 ita
1874 878 1957 923 te-

374 963 555 1017 nuitet‘
588 964 772 1019 vultus
799 964 921 1033 ejus
954 964 1193 1035 speciem
1235 964 1440 1019 recolo.
1471 961 1643 1017 Mater
1670 975 1801 1032 ergo
1836 976 1955 1017 mea

374 1054 679 1118 Matthidia,
707 1064 860 1126 pater
881 1054 1274 1111 Faustinianus
1300 1056 1569 1111 vocitatus
1590 1062 1696 1116 est,
1724 1054 1954 1108 fratrum

372 1155 556 1202 autem
583 1164 828 1202 meorum
864 1148 1004 1204 alter
1027 1148 1347 1212 Faustinus,
1382 1148 1520 1202 alter
1549 1146 1786 1202 Faustus
1812 1146 1957 1201 dice-

372 1239 532 1293 batur
564 1241 697 1311 (38).
731 1238 942 1296 Interea
971 1257 1096 1295 cum
1125 1258 1225 1311 ego
1255 1241 1497 1312 quinque
1530 1240 1751 1295 vixdum
1775 1254 1953 1295 essem

372 1341 867 1400 annorum,mater,
896 1334 1041 1389 sicut
1063 1350 1092 1388 a
1118 1343 1269 1407 patre
1294 1334 1772 1398 didici,somnium
1799 1334 1951 1399 vidit,

369 1439 480 1493 quo
511 1435 845 1489 moueretur,
879 1427 986 1482 nisi
1018 1444 1144 1481 cum
1172 1428 1389 1482 duobus
1422 1427 1548 1482 filiis
1579 1429 1695 1482 suis
1720 1427 1954 1498 geminis

368 1517 662 1572 confestim
697 1518 899 1574 Urbem
930 1520 1125 1575 fuisset
1154 1536 1378 1592 egressa
1409 1528 1463 1575 et
1491 1520 1761 1575 abfuisset
1791 1521 1954 1577 annis

366 1609 579 1675 decem,
614 1610 787 1680 ipsam
819 1613 1023 1684 pariter
1051 1628 1174 1668 cum
1210 1614 1399 1669 liberis
1430 1614 1656 1668 interitu
1686 1614 1951 1668 exitiabili

366 1703 690 1772 perituram.

438 1793 530 1851 IX.
574 1795 713 1850 Tum
745 1806 921 1867 pater,
966 1801 1059 1870 qui
1100 1810 1287 1855 tenere
1318 1799 1574 1870 diligeret
1625 1800 1802 1866 filios,
1853 1798 1953 1853 ad-

359 1889 570 1959 junctis
609 1890 785 1946 servis
828 1899 883 1947 et
928 1894 1145 1948 ancillis
1176 1910 1239 1948 ac
1270 1894 1582 1964 sumptibus
1614 1893 1951 1950 sullieienter

364 1984 610 2053 prmbitis
629 2025 644 2051 ,
688 1986 813 2039 navi
858 1986 1145 2057 impositos
1174 2003 1299 2040 cum
1334 1999 1509 2041 matre
1537 1986 1675 2043 filios
1704 1986 1949 2043 Athenas

363 2076 532 2131 mittit
559 2078 911 2144 erudiendos,
945 2095 1033 2136 me
1060 2080 1164 2135 sibi
1190 2081 1365 2135 solum
1399 2080 1568 2135 filium
1600 2082 1666 2136 ad
1694 2082 1948 2137 solatium

364 2170 607 2225 retinens
634 2178 689 2225 et
718 2172 771 2226 in
810 2172 914 2226 hoc
942 2173 1164 2244 quidem
1204 2174 1410 2245 gratias
1441 2189 1611 2245 agens
1638 2174 1774 2245 (39),
1818 2176 1946 2246 quia

362 2276 472 2316 non
493 2264 657 2317 etiam
682 2279 768 2320 me
787 2264 1073 2335 imperavit
1096 2267 1368 2322 somnium
1394 2267 1601 2338 pariter
1624 2282 1748 2322 cum
1772 2278 1947 2325 matre

360 2354 665 2412 discedere.
702 2356 861 2413 Anno
890 2368 1071 2413 autem
1100 2359 1373 2430 completo
1396 2368 1551 2430 pater
1573 2360 1722 2415 misit
1752 2360 1820 2415 ad
1848 2377 1945 2419 eos

359 2447 603 2504 Athenas
631 2449 883 2507 homines
910 2459 965 2506 et
1005 2460 1291 2522 sumptus.
1348 2454 1491 2509 scire
1521 2454 1686 2508 simul
1715 2457 1943 2525 cupiens

360 2540 491 2610 quid
540 2549 732 2611 agant,
776 2557 878 2597 nec
920 2553 1102 2599 tamen
1154 2545 1387 2600 redeunt
1435 2546 1528 2616 qui
1583 2547 1739 2602 missi
1790 2558 1939 2604 sunt.

360 2632 548 2689 Tertio
576 2650 769 2689 rursus
814 2651 959 2691 anno
1001 2638 1392 2693 mmstissimus
1423 2647 1577 2708 pater
1604 2641 1770 2695 mittit
1804 2644 1943 2699 alios

360 2740 485 2779 cum
517 2727 767 2798 pecuniis
793 2767 807 2791 ,
853 2728 945 2798 qui
988 2736 1188 2799 quarto
1230 2745 1375 2786 anno
1414 2733 1650 2801 regressi
1684 2734 1942 2789 nuntiant

358 2833 535 2887 neque
556 2825 786 2873 matrem
809 2836 868 2875 se
898 2836 1077 2891 neque
1108 2820 1307 2879 Iratres
1342 2822 1577 2890 vidisse,
1622 2826 1719 2881 sed
1759 2841 1941 2898 neque

357 2910 601 2967 Athenas
617 2926 712 2966 eos
732 2914 957 2967 omnino
975 2915 1310 2983 pervenisse,
1329 2931 1505 2987 neque
1524 2932 1755 2988 usquam
1776 2919 1941 2975 alicu-

357 3004 445 3073 jus
467 3006 659 3059 saltem
673 3006 905 3076 quicum
927 3007 1061 3076 Ipsis
1084 3006 1299 3062 fuerant
1321 3010 1613 3080 vestigium
1630 3023 1934 3082 repertum.

2060 494 2355 565 aliquando
2379 503 2505 550 ante
2536 504 2776 565 quatuor
2798 512 2972 552 annos
2999 512 3205 569 corpus
3235 500 3490 555 mulieris
3518 516 3649 556 cum

2059 587 2275 642 duobus
2302 588 2543 657 parvulis
2562 588 2971 658 cjeclum.Cum
2998 592 3155 644 multi
3178 593 3349 646 multa
3374 593 3651 659 dicerent,

2058 696 2161 736 nec
2206 680 2413 751 aliquid
2454 680 2623 736 nobis
2664 682 2770 734 rati
2804 682 3139 737 elucesceret
3168 692 3279 737 tam
3314 686 3654 743 immensum

2057 772 2283 843 pelagus
2327 773 2842 843 perscrutantibus,
2885 790 2985 845 pro
3019 775 3194 829 multo
3227 784 3409 832 tamen
3444 778 3654 833 affectu

2058 874 2213 935 pater
2256 882 2420 936 quem
2468 882 2599 938 erga
2646 883 2779 923 suos
2810 868 3069 939 gerebat,
3116 871 3446 940 pascebatur
3488 873 3654 928 vanis

2058 959 2284 1029 spebus.
2318 959 2493 1015 donec
2527 960 2709 1015 visum
2740 971 2824 1016 est
2866 961 2937 1026 ei,
2971 970 3032 1016 ut
3060 978 3148 1019 me
3179 966 3283 1019 sub
3311 973 3649 1034 procurato-

2058 1052 2211 1107 ribus
2241 1053 2555 1107 ordinatum
2585 1052 2773 1109 Romae
2806 1055 3178 1126 relinqueret,
3212 1072 3482 1112 annorum
3514 1074 3651 1115 cum

2055 1160 2235 1201 essem
2267 1145 2587 1211 duodecim,
2622 1156 2677 1202 et
2707 1147 2823 1216 ipse
2851 1156 3099 1217 pergeret
3123 1147 3192 1202 ad
3223 1151 3647 1220 requirendum.

2058 1237 2096 1292 F
2103 1238 2220 1294 lens
2251 1239 2439 1311 itaque
2469 1239 2754 1295 descendit
2784 1239 2852 1294 ad
2882 1248 3099 1309 portum
3126 1280 3144 1305 ,
3176 1250 3230 1296 et
3268 1257 3464 1298 navem
3501 1259 3649 1299 con-

2056 1332 2327 1389 scendens
2357 1332 2639 1404 profectus
2672 1342 2776 1388 est.
2818 1331 2897 1386 Ex
2926 1348 2990 1388 eo
3025 1348 3199 1404 usque
3224 1334 3278 1387 in
3312 1333 3649 1391 hodiernum

2055 1442 2235 1498 neque
2282 1428 2493 1482 litteras
2538 1426 2660 1497 ejus
2692 1427 2907 1496 accepi,
2950 1442 3126 1497 neque
3156 1428 3201 1483 si
3232 1428 3377 1481 vivat
3408 1437 3506 1482 aut
3543 1428 3651 1485 de-

2056 1518 2279 1576 functus
2311 1520 2382 1575 sit
2414 1519 2560 1574 novi.
2613 1517 2719 1574 Sed
2750 1520 2924 1589 magis
2958 1520 3230 1589 suspicor.
3274 1520 3403 1590 quia
3428 1528 3488 1576 et
3520 1521 3649 1591 ipse

2053 1614 2253 1669 obierit
2298 1622 2393 1667 aut
2458 1613 2684 1669 tristitia
2735 1612 2915 1667 victus
2967 1621 3063 1666 aut
3111 1613 3437 1684 naufragio;
3505 1616 3644 1668 anui

2053 1708 2255 1762 ctenim
2292 1705 2485 1777 viginti
2518 1705 2688 1775 elapsi
2720 1716 2851 1760 sunt
2881 1705 3085 1776 quibus
3118 1706 3235 1761 haec
3261 1719 3550 1778 geruntur,
3584 1716 3647 1762 et

2053 1814 2122 1855 ne
2147 1799 2374 1854 nuntius
2401 1797 2622 1869 quidem
2648 1797 2718 1853 de
2748 1812 2814 1853 eo
2845 1798 2910 1852 ad
2943 1813 3029 1854 me
3058 1799 3257 1870 aliquis
3297 1800 3468 1855 venit.

2121 1890 2212 1948 XI.
2252 1890 2450 1948 Petrus
2474 1891 2590 1946 haec
2611 1889 2839 1945 audiens
2861 1908 2928 1946 ex
2948 1892 3143 1947 aflectu
3174 1894 3446 1964 lacrymas
3472 1892 3641 1959 fudit,

2048 1994 2103 2040 et
2133 1984 2202 2039 ad
2242 1999 2340 2040 eos
2388 1984 2483 2055 qui
2528 1983 2757 2038 aderant
2791 1984 3090 2040 familiares
3118 1985 3193 2039 ait
3223 2004 3237 2040 :
3267 1983 3395 2040 Haec
3425 1985 3478 2041 si
3506 1988 3644 2056 quis

2048 2078 2105 2133 in
2140 2076 2234 2133 Dei
2278 2077 2430 2132 cultu
2458 2077 2673 2149 positus
2708 2077 3028 2147 pertulisset
3058 2092 3180 2148 quae
3208 2077 3374 2148 hujus
3405 2080 3642 2150 pertulit

2046 2181 2219 2242 pater,
2264 2170 2457 2227 statim
2488 2170 2740 2225 homines
2770 2170 3023 2240 religioni
3067 2170 3406 2226 ascriberent
3430 2186 3643 2226 erum-

2046 2280 2243 2319 narum
2279 2278 2540 2332 causam;
2572 2278 2695 2334 qua:
2721 2278 2848 2317 cum
2874 2262 3132 2318 accidunt
3158 2264 3373 2319 miseris
3407 2265 3626 2335 gentili-

2046 2358 2173 2423 bus,
2196 2356 2468 2411 malorum
2490 2370 2717 2411 causam
2738 2353 2852 2410 fato
2872 2354 3179 2412 ascribunt.
3204 2355 3433 2412 Miseros
3448 2364 3638 2413 autem

2044 2450 2169 2505 dico
2194 2465 2311 2514 eos,
2342 2450 2471 2521 quia
2512 2456 2568 2503 et
2611 2448 2700 2504 hic
2737 2457 3003 2503 vexantur
3036 2448 3320 2505 erroribus
3344 2457 3399 2504 et
3433 2450 3504 2505 ab
3533 2466 3639 2522 spe

2045 2542 2227 2598 futura
2253 2542 2617 2610 fraudantur;
2646 2540 2743 2596 Dei
2766 2542 3009 2596 cultores
3031 2556 3158 2596 cum
3178 2542 3293 2597 haec
3320 2544 3633 2612 patiuntur,

2042 2637 2110 2693 ad
2144 2637 2524 2707 purgationem
2553 2643 2904 2707 peccatorum
2938 2634 3087 2690 cedit
3114 2636 3227 2702 eis,
3264 2636 3413 2706 quod
3443 2638 3637 2706 perfe-

2042 2737 2172 2784 runt
2202 2730 2493 2801 patienter.

2112 2821 2225 2879 XII.
2265 2820 2397 2876 Post
2437 2821 2550 2875 haec
2587 2818 2734 2874 dicta
2768 2836 2912 2876 unus
2939 2835 3007 2876 ex
3052 2822 3361 2878 astantibus
3401 2821 3631 2879 Petrum

2039 2933 2231 2991 rogare
2266 2917 2433 2986 coepit
2456 2954 2471 2981 ,
2507 2922 2564 2968 ut
2592 2913 2681 2969 die
2711 2914 2953 2969 crastina
2984 2915 3254 2971 maturius
3281 2915 3350 2970 ad
3385 2916 3630 2973 insulam

2038 3013 2341 3083 proximam
2393 3023 2515 3079 quae
2566 3023 2663 3063 sex
2713 3022 2824 3061 non
2870 3008 3104 3078 amplius
3149 3008 3345 3065 stadiis
3386 3010 3628 3076 aberat,

432 3098 497 3154 X.
540 3098 699 3154 Pater
726 3100 839 3153 haec
869 3100 1097 3155 audiens
1126 3107 1180 3154 et
1211 3100 1379 3153 multa
1412 3102 1635 3157 tristitia
1673 3105 1937 3176 obstupe-
1965 3122 2007 3181 ο
2038 3106 2279 3161 Aradum
2303 3102 2524 3160 nomine
2565 3100 2701 3170 (40),
2754 3115 3143 3171 pergeremus,
3190 3102 3413 3158 videndi
3457 3104 3515 3159 iu
3559 3120 3630 3159 ea

360 3193 557 3257 factus,
584 3193 837 3259 nesciens
868 3208 977 3262 quo
1006 3193 1253 3247 tenderet
1276 3204 1370 3248 aut
1394 3195 1486 3251 ubi
1510 3204 1801 3267 quaereret,
1828 3216 1937 3257 una

357 3301 568 3342 mecum
611 3287 892 3343 descendit
912 3287 978 3340 ad
1022 3294 1263 3357 portum,
1292 3295 1347 3341 et
1376 3290 1659 3359 requirere
1689 3307 1721 3347 a
1753 3296 1937 3352 nautis

2045 3201 2219 3271 gratia
2250 3197 2447 3252 mirum
2471 3192 2689 3263 aliquod
2721 3207 2879 3261 opus,
2911 3194 3197 3251 columnas
3216 3194 3391 3251 viteas
3421 3198 3635 3269 magni-

2042 3292 2252 3349 tudinis
2282 3290 2561 3344 immensae
2595 3284 2727 3356 (ll).
2758 3284 2857 3339 Cui
2890 3283 3107 3350 Petrus,
3146 3295 3208 3341 ut
3235 3296 3355 3342 erat
3382 3288 3632 3346 clemen-

1668 3408 2040 3469 COTELEBII
2076 3406 2307 3466 NOTAE.

358 3537 509 3589 nium
545 3537 719 3607 magis
750 3538 1039 3609 resipiunt,
1069 3554 1231 3609 quam
1264 3539 1569 3597 Caesaream
1600 3542 1934 3601 Romanam-

358 3623 465 3676 que
507 3609 867 3675 nobilitatem,
919 3610 1024 3663 nisi
1070 3625 1170 3678 ego
1212 3610 1391 3667 fallor.
1439 3612 1664 3670 Fundus
1711 3616 1929 3679 fabulaa,

360 3678 577 3732 Flavius
609 3680 860 3733 Clemens
890 3680 1082 3734 consul
1110 3683 1369 3749 patruelis
1397 3682 1937 3749 Domitiani,nemini

359 3764 469 3823 non
501 3756 686 3803 notus.
720 3750 819 3803 Cui
851 3749 897 3802 si
925 3750 1177 3823 Clemens
1207 3761 1395 3807 noster
1418 3770 1615 3823 genere
1659 3756 1762 3811 fuit
1804 3774 1940 3812 con-

362 3818 603 3887 iunctus,
640 3827 903 3887 cognatus
951 3828 1067 3874 erat
1116 3818 1443 3885 Domitiani:
1461 3839 1571 3879 non
1620 3826 1844 3883 Tiberii.
1880 3829 1939 3884 In

436 3890 639 3964 rnardo
673 3889 844 3943 Serm.
877 3890 941 3964 de
963 3890 1225 3945 Clemente
1248 3909 1267 3945 :
1294 3894 1580 3964 Acceperat
1610 3897 1676 3953 Β.
1696 3896 1939 3954 Clemens

358 3958 534 4030 nobile
556 3976 739 4030 genus,
776 3961 981 4028 amplas
1007 3965 1384 4030 possessiones,
1408 3958 1516 4021 etc.

432 4027 715 4107 (37)'Non_
739 4027 889 4107 ualde
919 4027 1020 4084 sibi
1061 4034 1277 4087 invicem
1307 4027 1549 4107 similes.
1572 4036 1732 4107 Nulla
1758 4038 1938 4094 varie-

360 4110 445 4155 tas
495 4100 549 4176 i‘n
595 4100 875 4176 codicibus
915 4115 1079 4176 manu
1114 4105 1376 4165 exaratis,
1411 4106 1554 4176 quod
1597 4106 1795 4161 mirum
1827 4119 1933 4175 est,

357 4169 685 4245 cumGraeca
720 4167 1163 4245 Clementinorum
1202 4189 1266 4228 ac
1293 4167 1566 4245 Epitbmes
1597 4167 1934 4233 contrarium

357 4242 519 4310 plane
554 4239 822 4317 habeant;
865 4247 925 4317 et
970 4242 1187 4317 quidem
1226 4258 1292 4297 eo
1323 4239 1679 4317 probabilius,
1707 4264 1816 4317 quo
1848 4265 1938 4304 res

355 4319 443 4364 est
494 4316 796 4363 memoratu
841 4310 1081 4387 dignior,
1122 4310 1651 4383 magna—similitudo
1678 4310 1939 4387 gemello-

354 4396 500 4441 rum,
536 4395 697 4448 quam
730 4380 967 4449 paulula.

427 4452 541 4519 (58)
580 4449 741 4501 Pater
789 4449 1173 4527 Faustinianus
1223 4462 1480 4527 eomtatus
1518 4464 1596 4509 est
1638 4471 1656 4509 :
1703 4457 1934 4527 fratrum

356 4531 533 4573 autem
564 4537 819 4579 meorum,
853 4530 958 4573 etc.
1004 4521 1081 4575 Bx
1112 4523 1468 4579 similitudine
1494 4521 1774 4581 nominum
1821 4532 1933 4583 ori-

356 4594 550 4669 ginem"
588 4593 823 4659 sumpsit
860 4593 1265 4669 dissimilitudo
1292 4600 1713 4669 scripturarum.
1749 4598 1935 4669 Siqui-

355 4663 478 4735 dem
511 4660 717 4735 Grzeee,
746 4670 803 4713 ut
832 4670 885 4715 et
915 4663 1055 4735 apud
1082 4660 1468 4734 Nicephorum,
1498 4666 1755 4735 Φαῦστος,
1787 4660 1932 4723 (bau-

356 4734 533 4805 στίηίρς
560 4742 614 4785 et
641 4732 1022 4805 Φαυᾳτινιανὸέ
1058 4744 1183 4787 sunt
1216 4732 1369 4805 pater
1400 4752 1525 4789 cum
1554 4732 1768 4792 duobus
1798 4741 1935 4794 libe-

356 4804 433 4876 ris
460 4800 648 4876 Niceta
678 4808 732 4855 et
760 4800 1675 4876 Aiiuila.Tantum'Clementinorum
1705 4811 1929 4876 xtn,II,

358 4870 611 4949 Faustini
652 4887 850 4949 nomen
888 4875 1096 4949 Aquilae
1122 4876 1312 4949 datur;
1343 4878 1579 4949 itemque
1608 4878 1662 4932 in
1696 4870 1935 4949 pseudo-'-

354 4940 552 5018 .Abdia.
585 4940 672 5018 At_
700 4941 931 5018 Iluflnus
955 4940 1230 5013 interpres
1272 4940 1520 5018 tictitiam
1554 4940 1931 5018 gradationem

356 5012 693 5085 invertit,_ab
723 5013 1058 5068 incremento
1070 5012 1280 5085 lietnpe
1308 5018 1375 5071 ad
1404 5012 1827 5085 decreiuentum,
1852 5021 1932 5073 fa-

357 5085 553 5139 ciendo
594 5083 1033 5143 Faustinianum.
1068 5083 1411 5148 Faustinum.
1463 5097 1517 5140 et
1570 5083 1829 5144 Faustum
1864 5106 1931 5145 ex

357 5153 582 5229 Fausto,
612 5152 875 5209 Faustino
901 5166 954 5209 et
980 5154 1359 5229 Faustiniano.
1390 5158 1633 5229 Denique
1658 5168 1811 5229 pater
1834 5162 1933 5215 Ce-

356 5226 530 5297 (πεηο
556 5264 593 5297 ,_
631 5233 795 5294 atque
845 5226 1112 5297 monacho
1168 5226 1618 5283 Altissiodorensi
1658 5226 1929 5297 scriptori

354 5294 1141 5371 Chr_onologia2__est_Faustus.
1180 5300 1389 5371 auctori
1432 5297 1581 5352 Libri
1604 5294 1928 5371 pontiﬁcalis

355 5375 410 5421 et
455 5367 594 5421 falso
639 5366 825 5421 Abdlzt:
855 5365 1183 5433 Faustinus;
1214 5367 1457 5423 Nicetam
1489 5365 1616 5423 vero
1655 5365 1798 5424 idem
1830 5386 1934 5423 IIII-

359 5446 547 5507 postor
572 5434 835 5507 Faustum
867 5438 1120 5507 appellat.

432 5509 541 5579 (39)
565 5506 796 5589 .Gratias
830 5524 1006 5577 agens.
1034 5506 1291 5577 Legebat,
1328 5509 1683 5581 εὐχαριστῶν,
1710 5524 1810 5580 pro
1840 5508 1933 5564 εὐ-

395 5596 618 5631 αοιστω.

357 5595 827 5716 ᾉὛιὶίῗαῖηδηιαιη
856 5650 1173 5716 proximam.
1206 5692 1218 5703 .
1254 5692 1268 5705 .
1305 5691 1319 5703 .
1356 5650 1591 5703 Aradum
1616 5653 1841 5707 nomine.
1872 5650 1929 5704 In

361 5713 704 5769 Clementinis
757 5737 820 5773 ac
856 5713 1111 5789 'Epitomc
1144 5722 1335 5775 abesse
1362 5722 1560 5775 dicitur
1590 5723 1781 5777 stadiis
1828 5723 1929 5774 tri-

362 5789 509 5853 ginta
560 5805 667 5841 non
719 5791 848 5843 totis
882 5809 895 5844 :
935 5791 1077 5859 quod
1112 5793 1337 5861 propius
1374 5794 1580 5847 accedit
1615 5794 1678 5847 ad
1720 5794 1931 5849 distan-

1970 4506 2010 4559 D

2038 3547 2171 3600 tiam
2200 3558 2229 3596 a
2264 3540 2534 3595 Strabone
2557 3547 2824 3603 notatam,
2843 3539 3033 3609 viginti
3063 3541 3547 3610 stadiorum.Quid
3576 3546 3626 3601 si

2043 3615 2273 3669 Rufinus
2306 3612 2408 3664 loci
2444 3610 3026 3684 ambitum,qui_juxta
3057 3612 3209 3665 illum
3249 3616 3627 3684 geographi-ni

2039 3699 2094 3741 et
2120 3685 2355 3751 Plinium
2390 3689 2594 3751 septem
2627 3688 2711 3751 est
2746 3678 3068 3751 stadiorum,
3098 3698 3197 3751 pro
3223 3678 3487 3737 distantia
3526 3703 3625 3739 ac-

2040 3753 2287 3826 ceperit?
2319 3749 2467 3826 _Jam’
2490 3749 2668 3826 _Aradi
2698 3759 2752 3804 et
2778 3750 3042 3826 Antaradi
3073 3749 3240 3826 voces
3272 3754 3626 3826 librariorum

2040 3821 2175 3881 vitio
2203 3822 2461 3877 confusas
2490 3822 2659 3876 habes
2687 3836 2795 3874 non
2825 3824 3000 3876 solum
3026 3822 3080 3875 in
3104 3821 3250 3877 hisO

2041 3896 2209 3952 menti
2244 3892 2567 3963 suppositis,
2602 3892 2693 3945 sed
2729 3901 2781 3963 et
2810 3892 2962 3963 alibi,
2994 3895 3225 3963 utapud

2041 3984 2093 4029 ν,
2126 3981 2245 4037 cap.
2278 3962 2375 4037 20;
2408 3971 2461 4017 et
2492 3963 2547 4015 in
2571 3962 3291 4037 concilioﬁhalcedonensi,
3328 3965 3420 4037 ubi
3468 3982 3626 4037 repe-

2041 3984 2093 4029 v,
2126 3983 2188 4020 ca
2233 4006 2245 4018 .
2278 3981 2375 4029 zu;
2408 3981 2461 4017 et
2492 3981 2547 4015 in
2571 3981 2806 4015 concute
2836 3981 3291 4029 unuceuonensr,
3328 3981 3420 4019 um
3468 3982 3625 4037 repe-

2039 4038 2150 4092 ries
2192 3981 2421 4089 Baulum
2448 4033 2638 4105 modo
2662 4031 2866 4105 AAradi,
2905 4034 3067 4105 modo
3112 4035 3373 4105 Antaradi
3404 4038 3625 4105 episco—

2039 4123 2203 4177 pum;
2235 4102 2586 4177 cum_ibidem
2614 4101 2921 4157 Alexander
2960 4102 3224 4177 Antaradi
3253 4101 3487 4161 antistes
3514 4123 3626 4162 me-

2041 4173 2303 4233 moretur.
2342 4173 2494 4227 Tolle
2539 4188 2686 4236 vero,
2720 4187 2948 4229 suasore
2981 4190 3087 4236 me,
3116 4175 3226 4228 duo
3255 4177 3454 4229 menda
3496 4179 3621 4231 :al—

2040 4256 2213 4302 terum
2261 4261 2328 4301 ex
2380 4244 2639 4319 Auselmo
2664 4243 3048 4319 monachoin
3071 4243 3432 4319 Descriptione
3462 4256 3621 4303 terra:

2042 4328 2263 4377 sancta,
2297 4324 2429 4369 tom.
2464 4312 2532 4367 VI
2565 4311 2810 4379 Antiqua:
2840 4312 3074 4367 lectionis
3123 4311 3345 4369 Henrici
3370 4315 3618 4374 Canisii:

2038 4386 2118 4441 De
2146 4386 2392 4457 Arathas
2409 4381 3242 4457 (imodfarathosﬁeographias
3268 4387 3440 4455 vide),
3457 4405 3623 4457 usque

2039 4458 2093 4510 in
2124 4454 2484 4510 Antheradum
2538 4454 2641 4524 (in.
2671 4468 2847 4522 marg.
2878 4454 3207 4524 Anteradnm
3247 4458 3354 4509 sive
3381 4454 3623 4511 Antara-

2038 4528 2187 4599 dum)
2224 4535 2346 4581 sunt
2370 4535 2489 4599 octo
2520 4523 2712 4599 leuem.
2727 4524 2817 4575 ubi
2840 4523 3117 4599 Petrus
3136 4528 3471 4599 pra'dicavit,
3490 4529 3622 4583 dum

2036 4598 2135 4651 iret
2170 4594 2533 4660 Antiochiam;
2567 4594 2715 4647 aliud
2742 4611 2807 4647 ex
2831 4596 3132 4667 Athanasio
3162 4596 3405 4667 Epistola
3430 4599 3496 4653 ad
3527 4616 3611 4654 so-

2036 4668 2276 4721 litariam
2319 4667 2487 4737 vitam
2507 4672 2750 4737 agentes,
2794 4680 2852 4737 rp.
2873 4664 3021 4737 78I2.
3048 4664 3329 4737 Κυμᾶτιος
3360 4671 3389 4721 ὁ
3423 4671 3480 4721 ἐν
3507 4671 3619 4723 Ta-

2037 4738 2202 4809 ράδῳ,
2238 4737 2328 4791 tibi
2350 4736 2550 4809 corrigi
2573 4736 3099 4809 *ιιιεξιοηὲνῇΛρὰδιμ
3128 4752 3294 4807 quam
3330 4740 3388 4791 ὲν
3435 4740 3623 4794 Ἀντία-

2223 4808 2350 4877 quia
2374 4805 2721 4890 in‘Apolpgi‘a
2743 4806 2832 4890 de‘
2850 4805 2977 4890 fuga
3008 4805 3264 4890 sua,n.on
3294 4809 3472 4863 multo
3492 4820 3623 4890 post

2033 4876 2252 5003 iéiiti'um
2301 4882 2528 4931 sanctus
2572 4876 2766 4929 ductor
2801 4876 3063 4932 Antaradi
3108 4877 3434 4949 episcopum
3487 4876 3623 4937 facit

2083 4964 2142 5002 ar
2168 4962 2366 5002 erium.

2083 4948 2366 5002 arterium.

2107 5018 2223 5090 (41)
2264 5016 2554 5090 Columnas
2586 5015 2751 5090 piteas
2783 5019 3166 5090 magnitudinis
3195 5018 3487 5075 immense.
3523 5018 3621 5076 Sic

2035 5087 2323 5158 legendum
2368 5089 2535 5142 etiam
2585 5087 2887 5158 inuAbdia,’
2920 5105 2986 5144 ex
3017 5090 3223 5145 Graecis
3274 5098 3330 5145 et
3361 5106 3430 5146 ex
3457 5090 3624 5147 Nice-

2034 5156 2218 5230 ph'oro
2241 5159 2336 5213 lib.
2366 5173 2427 5222 ll,
2458 5170 2581 5230 cap.
2610 5156 2680 5211 55
2714 5175 2729 5211 :
2775 5157 2917 5213 Vites
2939 5159 3065 5229 jure
3097 5161 3239 5230 apud
3271 5163 3624 5230 priscosrma-

2032 5226 2308 5298 gnitudine
2334 5243 2534 5299 quoque
2564 5226 2705 5299 inter
2745 5226 2959 5284 arbores
2998 5226 3437 5286 numerabantur.
3470 5229 3621 5286 lovis

2034 5296 2381 5372 simulacrum
2410 5296 2464 5351 in
2504 5296 2630 5349 urbe
2669 5296 2971 5372 Populonia
3000 5317 3067 5354 ea:
3098 5318 3207 5355 una
3240 5302 3619 5372 conspicimus.

2035 5379 2112 5423 tot
2141 5371 2267 5424 wois
2298 5370 2699 5440 incorruptum;
2724 5370 2857 5422 item
2904 5371 3169 5426 Massilia
3206 5370 3473 5440 pateram.
3504 5371 3622 5427 He-

2035 5441 2239 5510 taponti
2272 5435 2531 5510 templum,
2564 5435 2795 5493 lunonis
2834 5442 3099 5510 vitigineis
3142 5435 3406 5497 columnis
3452 5447 3619 5501 stetit.

2035 5509 2217 5563 Etiam
2247 5527 2384 5564 nunc
2421 5509 2581 5564 scalis
2614 5518 2804 5581 tectum
2847 5509 3088 5581 Ephesiae
3118 5513 3312 5569 Dianae
3340 5515 3623 5569 scanditur

2032 5582 2133 5634 vite
2159 5598 2265 5634 una
2287 5581 2508 5654 Cypria,
2529 5588 2585 5630 ut
2612 5580 2809 5654 ferunt,
2827 5580 3078 5654 quoniam
3102 5584 3177 5636 ibi
3202 5584 3271 5637 ad
3293 5587 3619 5654 pracipes":

2034 5650 2437 5726 amplitudinem
2466 5660 2675 5703 exeunt.
2712 5650 3080 5726 VerbaPlinii
3108 5654 3205 5708 lib.
3236 5650 3348 5726 xiv,
3374 5671 3427 5710 c.
3459 5650 3619 5726 Lqui

2033 5732 2087 5776 et
2105 5727 2329 5847 [legatur
2358 5725 2450 5778 lib.
2484 5737 2598 5785 xvn,
2630 5735 2757 5792 cap.
2790 5723 2880 5779 40.
2901 5722 3033 5780 Vide
3060 5740 3186 5781 mox
3217 5725 3364 5781 infra
3394 5742 3519 5801 cap.
3544 5722 3621 5782 ΞΒ

2035 5810 2098 5847 su
2185 5810 2259 5847 tn.

2035 5796 2134 5847 sub
2168 5796 2259 5849 lin.

3326 3825 3477 3880 ribus
3499 3827 3625 3881 (Σιε-

3301 3896 3494 3949 linium
3522 3897 3619 3951 lib.
