3888 6192
228 318 358 375 1361

1407 310 1975 369 RECOGNI'I‘IONUM
2012 310 2139 368 LIB.
2176 310 2287 367 VII.

3328 315 3477 372 rasa

226 430 501 495 tissimus,
545 428 864 499 acquiescit,
898 426 995 483 sed
1038 427 1250 483 monuit
1293 441 1416 493 nos,
1448 442 1572 484 cum
1602 442 1794 482 navem
1824 433 1871 489 Α
1898 427 2039 483 alius
2072 442 2203 483 sane
2260 425 2403 481 ﬁlius
2435 432 2702 497 quatenus
2752 424 2893 496 patri
2949 431 3191 482 maneret
3222 427 3291 482 ad
3320 428 3465 483 sola-

225 522 736 585 descendissemus,
764 534 875 575 non
902 534 1009 575 una
1039 533 1231 575 omnes
1261 533 1593 575 concurrere
1621 518 1689 573 ad
1720 518 1803 573 vi-

226 614 508 681 dendum;
559 613 689 666 nolo
735 613 904 676 enim,
957 611 1157 682 inquit,
1190 612 1367 666 notari
1400 626 1499 666 vos
1540 625 1571 664 a
1619 610 1798 667 turba.

226 706 368 764 Cum
398 721 530 776 ergo
557 705 648 760 die
676 712 896 775 postera
934 703 1060 758 navi
1090 705 1193 759 sub
1221 712 1497 759 momento
1535 703 1682 757 horae
1710 718 1803 758 ve-

224 800 501 855 nissemus
546 797 614 851 ad
662 797 925 859 insulam,
971 796 1234 851 continuo
1266 795 1335 850 ad
1378 796 1556 849 locum
1598 795 1653 848 in
1691 808 1801 865 quo

224 899 383 947 erant
404 890 670 946 columnae.
694 889 993 952 mirabiles,
1026 903 1406 958 properamus.
1428 886 1597 941 Erant
1617 896 1801 941 autem

227 983 286 1038 in
313 982 427 1039 aede
454 982 691 1054 quadam
730 981 941 1051 positae,
992 980 1047 1034 in
1095 995 1203 1050 qua
1248 978 1455 1033 Phidiae
1483 993 1648 1048 opera
1678 994 1802 1047 per—

225 1074 517 1146 magnilica
548 1075 911 1138 habebantur,
950 1073 1151 1143 quibus
1180 1073 1390 1128 intento
1422 1071 1801 1142 unusquisque

224 1175 477 1225 nostrum
508 1166 851 1222 detinebatur
881 1173 1125 1235 aspectu.

297 1280 437 1335 XIII.
479 1279 673 1336 Petrus
695 1293 827 1335 vero
856 1279 948 1334 ubi
976 1279 1123 1335 solas
1149 1279 1433 1335 columnas
1460 1279 1692 1333 miratus
1715 1286 1799 1333 est

225 1375 431 1437 viteas,
465 1389 804 1445 nequaquam
835 1380 1024 1444 raptus
1056 1373 1282 1443 picturae
1310 1374 1506 1443 gratia,
1545 1387 1798 1442 egressus

224 1465 362 1521 vidit
392 1482 490 1536 pro
531 1466 736 1521 foribus
772 1465 1146 1519 mulierculam
1177 1464 1470 1535 quamdam
1509 1464 1701 1533 stipem
1732 1464 1801 1516 ab

226 1558 632 1613 introeuntibus
663 1559 1047 1628 deposcentem
1072 1573 1086 1622 ;
1133 1572 1296 1626 quam
1328 1559 1587 1612 attentius
1618 1557 1801 1611 consi-

224 1650 429 1706 derans
456 1650 532 1704 ait
564 1670 577 1705 :
608 1649 1122 1720 Dic,mulier,quod
1154 1650 1247 1703 tibi
1274 1649 1574 1704 membrum
1607 1663 1800 1719 corpo-

223 1744 304 1800 ris
334 1743 505 1807 deest,
534 1745 679 1815 quod
712 1745 841 1799 huic
873 1752 925 1799 te
955 1744 1170 1813 injuriae
1201 1742 1482 1811 subjecisti
1509 1751 1567 1797 ut
1602 1742 1795 1812 stipem

222 1843 402 1905 petas,
433 1843 489 1891 et
516 1851 627 1891 non
658 1836 839 1906 potius
869 1836 1121 1892 manibus
1144 1836 1254 1891 tuis
1277 1851 1415 1906 quas
1441 1852 1470 1889 a
1500 1836 1611 1892 Deo
1639 1851 1798 1891 acce-

223 1927 355 1995 pisti
385 1942 624 1998 operans
654 1927 835 1983 cibum
866 1929 1122 1999 quaeras?
1150 1929 1221 1984 At
1247 1929 1338 1983 illa
1369 1930 1655 2001 suspirans
1685 1933 1793 1986 ait:

223 2017 450 2074 Utinam
497 2020 630 2075 mihi
679 2020 900 2092 quidem
948 2028 1133 2077 essent
1183 2036 1379 2076 manus
1427 2039 1548 2092 quae
1594 2026 1797 2080 moveri

221 2117 491 2181 possent,
531 2126 682 2167 nunc
726 2119 905 2167 autem
948 2114 1160 2183 species
1206 2120 1421 2168 tantum
1468 2124 1684 2170 servata
1714 2124 1799 2171 est

220 2218 509 2267 manuum,
535 2220 662 2259 nam
679 2204 811 2275 ipsae
831 2213 960 2261 sunt
980 2212 1264 2270 emortum,
1288 2212 1344 2261 et
1367 2207 1503 2262 meis
1523 2208 1797 2263 morsibus

218 2294 429 2351 debiles
457 2302 512 2351 et
539 2297 661 2352 sine
692 2312 859 2353 sensu
889 2297 1135 2353 redditae.
1170 2296 1235 2351 Et
1267 2297 1458 2353 Petrus
1486 2317 1499 2352 :
1527 2298 1678 2364 Quae,
1713 2299 1801 2353 in-

218 2386 359 2456 quit,
398 2386 502 2442 fuit
530 2402 718 2453 causa,
744 2396 803 2443 ut
832 2388 936 2443 hoc
986 2388 1083 2443 tibi
1112 2395 1325 2443 tantum
1355 2388 1481 2442 mali
1519 2390 1636 2460 ipsa
1667 2406 1799 2446 con-

219 2477 439 2533 ferres?
487 2477 745 2550 Ignavia,
795 2481 1006 2551 inquit,
1050 2495 1152 2536 nec
1179 2481 1326 2536 aliud
1364 2482 1699 2552 quidquam;
1750 2487 1795 2540 si

215 2569 367 2624 enim
400 2570 593 2626 fuisset
621 2572 678 2626 in
703 2587 790 2626 me
818 2572 1023 2642 aliquid
1048 2573 1292 2637 virtutis,
1319 2574 1470 2643 potui
1493 2574 1579 2628 vel
1606 2577 1798 2645 praeci-

218 2662 359 2731 pitio
388 2663 468 2717 uti
509 2664 594 2719 vel
632 2663 905 2734 profundo
943 2666 1113 2720 maris
1144 2664 1369 2734 injicere
1396 2665 1795 2736 memetipsam,

217 2761 275 2808 et
313 2754 472 2809 linem
504 2754 635 2811 dare
665 2755 949 2812 doloribus
976 2756 1133 2812 meis.

289 2876 431 2934 XIV.
459 2877 597 2933 Tum
619 2878 1066 2952 Petrus:Ecquid
1090 2890 1272 2953 putas,
1296 2883 1392 2948 ait,
1417 2883 1634 2950 mulier,
1654 2884 1798 2955 quod

216 2971 313 3041 qui
348 2972 674 3041 semetipsos
718 2972 1031 3042 perimunt,
1074 2991 1103 3028 a
1135 2976 1418 3044 suppliciis
1451 2977 1801 3033 liberantur?

216 3064 331 3118 nisi
356 3064 485 3134 quia
517 3065 816 3133 majoribus
846 3066 1130 3135 subjacent
1172 3068 1350 3136 poenis
1386 3069 1581 3124 animae
1608 3086 1796 3126 eorum

1902 520 2063 584 tium,
2089 518 2343 589 cogitavi.

1974 611 2109 666 XVI.
2149 610 2254 666 Sed
2316 618 2377 665 ut
2435 609 2550 665 Ilch
2583 609 2658 665 ita
2719 609 2834 666 ﬁeri
2890 620 3135 682 possent,
3190 613 3461 668 somnium

1902 702 2056 767 tinxi,
2092 702 2253 772 quasi
2279 702 2574 757 assistente
2600 700 2733 757 mihi
2768 717 2865 771 per
2910 703 3085 756 visqu
3110 704 3344 773 quodam
3370 719 3466 756 nu-

1901 795 2047 849 mine
2092 801 2147 847 et
2198 793 2432 854 dicente,
2463 799 2523 847 ut
2566 790 2852 847 confestim
2885 806 3010 847 cum
3067 794 3298 864 geminis
3329 796 3467 851 nivis

1894 889 2038 950 Urbe
2068 889 2405 944 discederem
2459 898 2511 945 et
2557 889 2748 943 tandiu
2795 891 3062 956 abessem,
3093 890 3266 946 donec
3290 891 3466 946 redire

1901 996 1988 1036 me
2026 980 2144 1050 ipse
2175 981 2523 1051 praeciperet;
2558 980 2705 1050 quod
2740 980 2788 1036 si
2853 996 2965 1035 non
3027 979 3284 1045 facerem,
3341 996 3466 1036 cum

1902 1073 2091 1129 liberis
2121 1073 2377 1129 omnibus
2427 1088 2513 1127 me
2556 1072 2762 1143 pariter
2809 1074 3127 1143 perituram.
3183 1072 3248 1130 Et
3281 1074 3355 1128 ita
3388 1074 3469 1128 fa-

1901 1174 2049 1218 ctum
2078 1171 2181 1220 est.
2220 1164 2415 1218 Statim
2445 1165 2591 1218 enim
2628 1171 2687 1219 ut
2745 1165 3017 1219 somnium
3049 1165 3169 1219 viro
3194 1169 3464 1230 enarravi,

1902 1257 2171 1320 extimuit,
2207 1265 2260 1311 et
2289 1258 2511 1312 sociatis
2544 1257 2677 1311 mihi
2706 1257 2918 1312 duobus
2951 1256 3097 1320 filiis,
3133 1258 3307 1313 servis
3334 1273 3468 1329 quo-

1902 1364 2008 1418 que
2029 1358 2082 1405 et
2110 1349 2348 1414 ancillis,
2385 1350 2615 1420 pecunia
2646 1350 2807 1405 etiam
2852 1349 3152 1405 abundanti
3188 1350 3333 1411 data,
3369 1366 3469 1405 na-

1903 1439 2084 1509 vigare
2115 1440 2529 1512 Athenasjubet
2553 1441 2646 1496 ubi
2674 1442 2839 1497 simul
2899 1449 2954 1497 et
2999 1442 3220 1497 erudire
3267 1443 3468 1499 liberos

1904 1546 2137 1601 possem,
2172 1548 2456 1599 mansura,
2492 1533 2690 1604 inquit,
2727 1534 2802 1589 ibi
2827 1547 3114 1604 usquequo
3152 1534 3326 1589 visum
3352 1533 3469 1589 fue-

1901 1624 1972 1677 rit
2004 1624 2055 1678 ei
2089 1624 2184 1694 qui
2213 1626 2469 1694 praecepit
2493 1626 2664 1691 exire,
2700 1633 2760 1680 ut
2787 1625 2983 1681 redeas
3005 1626 3071 1681 ad
3107 1640 3228 1682 nos.
3257 1624 3469 1681 Interea

1901 1716 2162 1786 navigans
2193 1731 2301 1771 una
2334 1732 2456 1772 cum
2492 1718 2633 1773 meis
2691 1720 2833 1774 natis
2882 1726 3167 1773 ventorum
3215 1718 3468 1774 violentia

1828 1787 1872 1841 Β
1901 1808 1965 1861 ad
1999 1804 2102 1864 hos
2129 1806 2316 1863 infelix
2347 1816 2617 1863 nocturno
2659 1808 2945 1880 naufragio
2973 1809 3196 1879 depulsa
3226 1824 3345 1866 sum
3386 1809 3470 1863 lo—

1899 1912 2015 1962 cos,
2043 1905 2097 1954 et
2129 1912 2255 1953 cum
2288 1913 2479 1955 omnes
2513 1899 2847 1965 interissent,
2890 1906 3160 1971 arreptam
3201 1915 3286 1955 me
3340 1914 3470 1955 cru-

1898 1986 2072 2043 delem
2104 2002 2273 2058 supra
2299 2002 2491 2043 saxum
2533 1988 2808 2059 quoddam
2860 1989 3230 2045 vehementior
3269 1988 3469 2044 fluctus

1898 2079 2080 2149 ejecit,
2138 2079 2232 2135 ubi
2286 2094 2411 2134 cum
2464 2081 2710 2136 sederem
2747 2095 2811 2136 ea
2863 2082 2981 2137 sola
3035 2096 3131 2152 spe
3162 2095 3269 2152 qua
3317 2096 3469 2136 meos

1898 2183 2114 2238 possem
2152 2168 2292 2225 forte
2320 2177 2480 2225 natos
2505 2169 2771 2233 invenire,
2794 2169 2848 2224 in
2877 2169 3206 2241 profundum
3241 2185 3327 2225 me
3358 2186 3467 2225 non

1899 2258 2255 2329 praecipitavi,
2326 2269 2456 2315 tunc
2509 2275 2635 2316 cum
2698 2260 2876 2315 adhuc
2926 2261 3243 2331 perturbata
3286 2261 3467 2315 anima

1901 2355 1955 2403 et
1988 2347 2270 2405 doloribus
2315 2348 2468 2405 ebria
2522 2348 2703 2405 facere
2759 2349 2866 2406 hoc
2914 2356 2971 2405 et
3025 2349 3258 2405 audebat
3287 2356 3342 2403 et
3372 2364 3471 2421 po-

1900 2449 2061 2496 terat.

1969 2532 2133 2590 XVII.
2165 2532 2370 2591 Verum
2402 2536 2496 2591 ubi
2546 2535 2666 2591 dies
2704 2543 2929 2591 exortus
2975 2544 3081 2601 est,
3116 2543 3171 2591 et
3201 2550 3303 2606 ego
3340 2551 3467 2590 cum

1900 2627 2139 2683 clamore
2170 2634 2226 2684 et
2273 2628 2485 2686 ululatu
2530 2626 2829 2683 infelicium
2866 2634 3117 2682 natorum
3150 2628 3471 2698 circumspi-

1900 2737 2077 2778 cerem
2122 2721 2300 2777 sicubi
2351 2722 2435 2778 vel
2466 2720 2640 2791 ejecta
2678 2721 2885 2792 possim
2938 2720 3122 2776 videre
3180 2720 3469 2786 cadavera,

1902 2814 2253 2871 miseratione
2283 2815 2542 2870 commoti
2573 2813 2794 2884 quidam
2829 2829 2897 2869 ex
2931 2812 3016 2869 his
3060 2813 3154 2885 qui
3192 2828 3279 2867 me
3322 2811 3472 2866 vide-

1903 2912 2045 2969 rant,
2071 2905 2248 2975 primo
2302 2920 2402 2975 per
2446 2904 2691 2975 pelagus,
2727 2911 2842 2958 tum
2896 2904 3060 2959 etiam
3100 2904 3251 2959 circa
3285 2904 3470 2958 littora

1900 2996 2209 3065 requirunt,
2244 2995 2290 3050 si
2332 3011 2492 3067 quem
2549 2991 2688 3050 foi'te
2732 2994 2800 3049 de
2847 2996 2984 3049 meis
3047 2993 3351 3049 infantibus
3382 2995 3469 3048 in-

1903 3089 2169 3143 venirent.
2208 3086 2316 3143 Sed
2350 3088 2443 3142 ubi
2468 3101 2737 3157 nusquam
2772 3086 2917 3141 ullus
2949 3086 3205 3141 inventus
3238 3093 3343 3150 est,
3368 3088 3473 3141 mi-

215 3157 314 3226 qui
349 3156 453 3211 sibi
498 3155 634 3227 ipsis
678 3158 964 3213 intulerint
1008 3174 1222 3214 manus.
1271 3159 1341 3214 At
1375 3162 1505 3216 illa:
1539 3160 1756 3217 Utinam
1781 3202 1796 3227 ,

1914 3136 2168 3143 ..____-_--
2210 3136 2316 3143 η-
2356 3136 2737 3157 ---π-,πω
2778 3136 2914 3141 -----
2949 3136 3202 3141 ---,-----
3244 3136 3439 3150 ---,

1903 3187 2149 3235 serantes
2177 3194 2263 3234 me
2296 3180 2553 3234 mulieres
2568 3179 2673 3233 locl
2699 3177 2972 3233 consolari
2991 3187 3473 3248 coeperunt,enar-

214 3247 417 3317 inquit,
451 3247 600 3303 istud
632 3249 765 3302 mihi
791 3257 1002 3305 certum
1035 3250 1205 3315 fieret,
1238 3252 1366 3321 quia
1395 3254 1588 3307 vivunt
1609 3254 1802 3308 animai

216 3337 277 3391 in
306 3337 556 3402 inferno,
589 3339 824 3396 libenter
854 3342 1213 3412 amplecterer
1245 3344 1408 3398 etiam
1440 3358 1631 3413 poenas
1658 3344 1802 3400 ferre

215 3433 417 3488 mortis
448 3433 612 3488 illatae
632 3474 647 3499 ,
694 3440 906 3487 tantum
953 3440 1012 3487 ut
1041 3433 1231 3490 dulces
1260 3434 1395 3488 mihi
1427 3442 1584 3491 natos
1610 3435 1800 3490 horam

214 3526 417 3581 saltem
442 3541 605 3580 unam
638 3526 896 3581 viderem.
930 3525 996 3579 Et
1025 3524 1221 3581 Petrus
1261 3525 1443 3593 :Quid
1479 3534 1693 3581 tantum
1722 3527 1799 3583 is-

214 3617 318 3671 tud
352 3624 458 3681 est,
492 3617 637 3688 quod
669 3626 718 3673 te
754 3626 861 3671 tam
891 3618 1043 3688 gravi
1071 3617 1234 3672 allicit
1263 3619 1506 3682 tristitia,
1538 3619 1684 3674 scire
1704 3635 1795 3673 ve-

212 3709 335 3763 lim.
390 3708 446 3762 Si
485 3709 631 3764 enim
675 3709 903 3765 doceres
948 3724 1035 3764 me
1071 3724 1318 3775 causam,
1369 3724 1588 3780 possem
1619 3710 1716 3763 tibi
1747 3718 1798 3765 et

210 3816 321 3872 ego
350 3801 632 3857 evidenter
661 3800 972 3864 ostendere,
1005 3817 1037 3855 ο
1065 3801 1285 3867 mulier,
1316 3800 1463 3871 quod
1496 3802 1552 3856 in
1584 3801 1798 3856 inferno

211 3894 406 3948 vivant
447 3892 661 3957 animae,
695 3902 749 3947 ct
782 3907 881 3962 pro
918 3891 1219 3962 praecipitio
1251 3892 1336 3947 vel
1368 3891 1641 3962 profundo
1670 3908 1797 3963 pos-

212 3999 335 4038 sem
371 3984 472 4038 tibi
506 3984 638 4038 dare
666 3984 1123 4038 medicamentum
1162 3983 1406 4054 aliquod,
1441 3992 1500 4039 ut
1529 3984 1647 4039 sine
1677 4001 1789 4039 cru.

211 4077 369 4131 ciatu
399 4077 586 4131 valcas
615 4076 781 4131 vitam
813 4075 988 4131 ﬁnire.

290 4200 410 4255 XV.
440 4198 593 4255 Tunc
625 4199 818 4254 mulier
843 4199 1208 4270 promissione
1252 4199 1357 4254 hac
1388 4206 1667 4271 gratanter
1696 4216 1793 4254 ac.-

209 4300 376 4363 cepta
404 4293 570 4362 erepit
623 4292 839 4346 dicere:
881 4290 1063 4347 Genus
1093 4291 1311 4362 quidem
1348 4291 1481 4344 mihi
1529 4299 1582 4346 et
1620 4294 1791 4361 patria

209 4398 339 4454 quae
374 4382 466 4445 sit,
493 4397 593 4437 nec
616 4382 763 4436 credi
790 4381 968 4446 facile,
988 4399 1089 4437 nec
1115 4383 1224 4438 dici
1253 4383 1621 4438 necessarium
1640 4393 1790 4454 puto,

1902 3278 2085 3326 rantes
2120 3271 2348 3343 singulae
2370 3287 2501 3327 suas
2535 3285 2764 3341 quaeque
2796 3268 3068 3330 miserias,
3101 3277 3160 3323 ut
3213 3285 3280 3326 ex
3315 3270 3471 3327 simi-

1900 3361 2131 3416 litudine
2161 3360 2535 3417 calamitatum
2570 3359 2825 3415 solatium
2869 3373 3153 3427 caperem;
3187 3357 3332 3427 quod
3385 3374 3471 3413 me

1900 3451 2074 3522 magis
2102 3449 2485 3513 contristabat,
2520 3464 2632 3503 non
2664 3448 2809 3503 enim
2847 3447 2956 3502 tale
2984 3446 3117 3501 mihi
3147 3454 3267 3501 erat
3314 3447 3469 3518 inge-

1898 3545 2072 3608 nium,
2104 3551 2164 3598 ut
2196 3542 2426 3597 aliorum
2460 3543 2600 3595 mala
2650 3556 2768 3595 mea
2800 3554 2923 3595 esse
2966 3539 3160 3594 solatia
3189 3538 3467 3593 ducerem.

1901 3636 1964 3689 Ft
1995 3649 2121 3689 cum
2173 3650 2261 3690 me
2293 3634 2478 3688 multae
2506 3632 2744 3703 hospitio
2774 3640 3034 3702 cuperent
3067 3631 3325 3701 recipere,
3363 3646 3470 3684 una

1897 3724 2144 3794 quaedam
2178 3722 2509 3793 paupercula
2552 3723 2639 3776 hic
2669 3721 2920 3775 habitans
2952 3721 3185 3776 extorsit
3214 3720 3348 3774 mihi
3384 3729 3471 3775 tu-

1898 3819 2056 3887 gurio
2109 3816 2229 3887 ejus
2277 3815 2608 3878 succedere,
2668 3814 2859 3869 dicens
2901 3814 3087 3875 ,luisse
3138 3813 3240 3867 sibi
3293 3813 3469 3868 virum

1898 3912 2120 3958 nautam
2153 3919 2386 3973 eumque
2419 3903 2473 3957 in
2505 3902 2643 3956 mari
2692 3902 3087 3957 adolescentem
3125 3900 3468 3967 defunctum,

1899 3997 2113 4067 sibique
2138 4009 2207 4049 ex
2240 4010 2308 4049 eo
2331 3994 2421 4049 die
2450 4008 2573 4048 cum
2615 3994 2770 4047 multi
2797 4009 2915 4049 eam
2949 3994 3196 4063 accipere
3235 3995 3292 4049 in
3337 4009 3471 4049 con-

1894 4087 2106 4157 jugium
2137 4092 2419 4155 cuperent,
2453 4098 2639 4138 amore
2665 4084 2768 4137 viri
2785 4084 3102 4138 viduitatem
3152 4083 3323 4139 fuisse
3346 4084 3471 4139 cha-

1899 4179 2123 4232 riorem.
2157 4175 2328 4229 Erunt
2359 4188 2509 4246 ergo,
2544 4174 2743 4244 inquit,
2772 4174 2930 4227 nobis
2958 4174 3288 4239 communia,
3317 4189 3469 4244 quae-

1897 4284 2114 4339 cunque
2161 4267 2414 4322 manibus
2462 4254 2669 4321 nostris
2697 4272 2986 4336 operantes
3025 4280 3267 4335 qumrere
3316 4277 3469 4336 pote—

1897 4362 2089 4416 rimus.

210 4477 315 4532 sed
350 4490 575 4531 causam
602 4482 812 4527 tantum
867 4474 1064 4529 sufficit
1114 4474 1321 4529 doloris
1355 4489 1645 4544 exponere,
1700 4490 1796 4530 cur

1971 4452 2156 4509 XVIII.
2207 4452 2274 4505 Et
2320 4468 2390 4507 ne
2440 4458 2600 4521 longa
2642 4464 2705 4503 ac
2753 4449 2935 4504 minus
2986 4448 3104 4504 utili
3154 4448 3468 4505 narratione

208 4566 498 4622 morsibus
517 4566 651 4619 meis
675 4580 824 4618 meas
850 4564 968 4634 ipsa
988 4563 1195 4620 debiles
1227 4564 1555 4620 reddiderim
1580 4581 1794 4622 manus.

209 4660 329 4728 Ego
366 4659 647 4730 generosis
679 4667 796 4711 orta
832 4658 1150 4728 parentibus
1201 4668 1251 4713 ct
1285 4659 1523 4727 potentis
1574 4661 1798 4730 adaeque

210 4753 320 4809 viri
353 4752 544 4807 sortita
605 4750 1038 4813 matrimonium,
1076 4750 1216 4805 duos
1272 4751 1489 4820 suscepi
1549 4753 1796 4821 geminos

210 4845 421 4899 liberos
453 4849 507 4897 et
558 4848 679 4911 post
724 4841 824 4896 hos
872 4854 1041 4894 unum
1096 4840 1285 4894 alium.
1323 4838 1428 4895 Sed
1489 4840 1660 4895 frater
1691 4842 1793 4895 viri

209 4935 321 4990 mei
358 4933 552 4987 illicito
587 4933 644 4987 in
692 4947 777 4986 me
807 4945 992 4985 amore
1023 4930 1371 4985 vehementer
1402 4931 1631 4993 exarsit,
1661 4931 1793 4984 mihi

209 5035 400 5081 autem
435 5039 559 5079 cum
595 5039 759 5094 super
791 5023 975 5077 omnia
1009 5037 1143 5076 cura
1197 5030 1344 5079 esset
1403 5023 1707 5093 pudicitiae,
1741 5033 1795 5077 et

207 5133 395 5188 neque
422 5124 575 5171 tanto
610 5115 804 5170 sceleri
856 5114 1206 5185 acquiescere
1237 5130 1414 5184 neque
1448 5114 1567 5169 viro
1597 5115 1790 5169 vellem

206 5208 484 5282 flagitium
520 5206 708 5261 fratris
743 5206 977 5275 aperire,
1040 5205 1274 5275 cogitavi
1311 5213 1582 5275 quatenus
1615 5214 1668 5259 et
1693 5220 1792 5273 ego

206 5299 501 5370 impolluta
534 5298 845 5361 evaderem,
879 5304 932 5351 et
964 5294 1190 5350 fratrem
1251 5295 1536 5351 inimicum
1591 5303 1644 5350 et
1696 5296 1792 5349 ho-

205 5399 354 5445 stem
389 5404 498 5444 non
524 5386 758 5442 facerem
791 5384 972 5448 fratri,
1006 5399 1075 5439 ne
1107 5399 1278 5453 genus
1309 5399 1473 5439 omne
1497 5383 1643 5453 quod
1675 5393 1793 5438 erat

204 5478 417 5535 nobilis
452 5478 670 5532 familiae
713 5477 768 5531 in
796 5474 1148 5545 opprobrium
1195 5474 1402 5532 darem.
1430 5474 1612 5529 Patria
1660 5489 1793 5545 ergo

205 5581 265 5630 et
295 5571 435 5627 urbe
466 5587 591 5626 cum
627 5569 842 5625 duobus
864 5567 1001 5622 meis
1020 5566 1252 5638 geminis
1288 5566 1570 5622 discedere
1602 5567 1788 5627 statui,

204 5666 391 5719 donec
434 5664 676 5717 incestus
734 5674 891 5714 amor
938 5657 1376 5728 conquiesceret,
1441 5672 1601 5726 quem
1651 5656 1791 5710 forte

210 5753 522 5824 presentius
553 5767 684 5808 mea:
743 5750 989 5821 palparet
1023 5756 1076 5802 et
1111 5746 1467 5802 inflammaret
1500 5754 1786 5815 aspectus:

1901 4554 2042 4609 utar,
2075 4545 2306 4599 libenter
2336 4542 2579 4597 habitavi
2609 4557 2731 4595 cum
2762 4555 2827 4595 ea
2870 4548 3092 4610 propter
3118 4537 3369 4594 affectum
3405 4540 3469 4593 fi-

1898 4638 1982 4694 dei
2013 4652 2176 4707 quam
2202 4640 2514 4690 servaverat
2543 4633 2678 4687 viro.
2708 4631 2815 4687 Sed
2844 4648 2952 4686 non
2989 4631 3161 4684 multo
3188 4636 3313 4700 post
3332 4631 3465 4685 mihi

1898 4729 2125 4794 infelici,
2163 4729 2414 4783 laceratae
2441 4727 2647 4782 dudum
2707 4725 3002 4790 morsibus,
3035 4723 3288 4780 resolutae
3337 4731 3467 4778 sunt

1896 4837 2115 4887 manus,
2146 4830 2199 4876 et
2240 4822 2331 4874 illa
2355 4835 2477 4891 quae
2527 4834 2615 4873 me
2669 4824 3007 4887 susceperat,
3042 4815 3276 4869 incurrit
3307 4829 3465 4884 para-

1895 4916 2036 4987 lysin
2061 4923 2115 4971 et
2143 4914 2287 4969 domi
2316 4913 2369 4965 in
2389 4913 2527 4966 lecto
2549 4911 2714 4978 jacet.
2734 4908 2950 4962 Illarum
2973 4913 3152 4961 autem
3177 4905 3463 4960 mulierum

1893 5024 2015 5079 quae
2072 5007 2226 5077 prius
2276 5004 2706 5064 miserabantur,
2767 4999 2981 5054 refrixit
3049 4996 3312 5061 allectus;
3364 5012 3465 5050 nos

1895 5099 2064 5153 ambae
2089 5098 2319 5160 debiles,
2364 5110 2463 5166 ego
2497 5101 2557 5148 ut
2605 5093 2754 5147 vides
2793 5092 2957 5145 sedeo
3002 5090 3195 5160 stipem
3240 5096 3460 5159 petens.

1892 5203 1946 5248 et
1985 5193 2028 5248 si
2058 5191 2188 5262 quid
2223 5191 2362 5243 forte
2392 5186 2660 5257 quaesiero
2713 5184 2769 5236 fit
2816 5198 2956 5236 unus
3006 5181 3238 5235 duarum
3283 5179 3457 5235 infeli-

1893 5287 2038 5339 cium
2071 5284 2247 5338 cibus.
2288 5280 2428 5335 Ecce
2463 5279 2574 5348 jam
2606 5292 2727 5349 quae
2771 5289 2887 5329 mea
2952 5280 3079 5328 sunt
3136 5270 3464 5328 sulﬁcientcr

1894 5376 2117 5439 ntulisti,
2150 5383 2207 5428 tu
2239 5387 2383 5427 nunc
2398 5370 2528 5441 quid
2575 5369 2807 5422 moraris
2837 5366 3061 5435 implere
3091 5362 3237 5434 quod
3258 5362 3463 5433 promi-

1894 5482 2066 5529 seras,
2104 5474 2158 5519 et
2188 5464 2318 5518 dare
2374 5460 2827 5516 medicamentum
2870 5468 2979 5525 quo
3033 5454 3209 5525 possit
3255 5452 3464 5521 absque

1893 5559 2163 5619 cruciatu,
2198 5565 2259 5610 ut
2288 5555 2390 5617 ais,
2424 5560 2655 5622 utraque
2687 5558 2933 5604 nostrum
2963 5543 3294 5605 miserabilis
3334 5543 3461 5597 vita:

1894 5658 2094 5706 sortem
2127 5648 2323 5702 finire?

1962 5740 2103 5796 XIX.
2141 5739 2263 5795 llaec
2291 5739 2504 5794 dicente
2534 5736 2779 5799 muliere,
2817 5734 2985 5789 multa
3034 5730 3227 5786 Petrus
3252 5726 3459 5795 cogita-
