3888 6192
474 324 613 379 1565

1306 318 1363 376 S.
1405 317 1793 373 CLEMEN'HS
1828 317 1847 371 Ι
1884 316 2053 377 ΒΟΜ.
2093 317 2293 375 ΡΟΝΤ.
2334 316 2560 373 OPERA
2598 317 2825 373 DUBIA.

3585 315 3713 371 ηερ.

476 440 624 494 tione
646 438 940 494 distractus
974 437 1122 493 velut
1168 438 1434 491 attonitus
1491 437 1691 499 stabat,
1724 445 1779 491 et
1809 453 1908 507 ego
1932 435 2056 491 Cle-
2088 441 2131 496 Α
2229 434 2391 490 XXII.
2431 434 2496 488 Et
2528 444 2718 491 tenens
2765 448 2984 487 manum
3015 431 3141 501 ejus
3182 429 3378 485 Petrus
3416 429 3711 485 adducebat

475 548 632 588 mens
660 532 1078 602 superveniens,
1140 529 1380 594 Dudum,
1428 531 1673 600 inquam,
1730 546 1828 599 per
1871 531 2053 584 omnia

476 625 796 678 discurrens
828 623 1139 693 quaerebam
1170 632 1244 685 te,
1303 632 1357 676 et
1407 637 1555 676 nunc
1602 622 1733 693 quid
1791 621 2057 675 facimus?

476 714 545 767 At
575 714 664 767 ille
692 714 948 783 praecepit
978 712 1114 767 mihi
1140 720 1199 765 ut
1229 709 1296 764 ad
1323 711 1631 764 naviculam
1662 709 2047 780 praecederem,

477 803 555 856 ibi
598 820 708 867 me,
742 804 940 873 inquit,
973 804 1247 873 opperire,
1272 810 1325 858 et
1380 803 1510 872 quia
1546 803 1845 858 contradici
1868 805 1917 857 ei
1946 818 2055 857 non

476 901 709 962 poterat,
761 895 905 964 quod
956 894 1124 963 jussit
1181 896 1420 965 implevi.
1481 894 1600 965 Ipse
1625 910 1775 957 vero,
1808 902 1869 948 ut
1923 895 2056 949 mihi

478 995 675 1040 cuncta
709 987 983 1057 posterius
1013 988 1312 1051 enarravit,
1338 986 1650 1057 suspicione
1671 986 1905 1057 quadam
1936 989 2058 1057 pul-

480 1088 632 1132 satus
660 1078 974 1147 requirebat
1002 1094 1033 1131 a
1065 1079 1291 1134 muliere
1327 1094 1500 1149 genus
1529 1089 1584 1135 et
1610 1122 1613 1125 .
1636 1080 1867 1149 patriam
1894 1080 2058 1134 simul

478 1177 535 1222 et
567 1171 789 1223 nomina
818 1169 1076 1233 filiorum,
1112 1186 1231 1240 quae
1275 1171 1321 1226 si
1387 1170 1543 1234 mihi,
1579 1170 1778 1240 inquit,
1829 1172 2057 1235 dixeris,

481 1262 623 1315 dabo
650 1263 915 1318 continuo
962 1262 1444 1317 medicamentum.
1492 1262 1562 1315 At
1595 1263 1686 1315 illa
1739 1264 1895 1333 quasi
1950 1262 2057 1317 vim

480 1354 785 1418 sustinens,
820 1353 948 1424 quia
1002 1368 1179 1424 neque
1211 1352 1367 1409 fateri
1411 1353 1527 1409 haec
1556 1355 1775 1409 volebat
1812 1362 1865 1408 et
1888 1354 2054 1408 medi-

480 1447 716 1499 camenti
746 1446 945 1516 cupida
974 1453 1113 1512 erat,
1158 1446 1314 1501 ﬁnxit
1353 1447 1457 1501 alia
1489 1462 1557 1501 ex
1586 1448 1731 1511 aliis,
1784 1454 1837 1503 et
1870 1448 1945 1501 ait
2001 1463 2060 1502 se

480 1538 701 1607 quidem
732 1554 855 1594 esse
888 1538 1204 1609 Ephesiam,
1241 1542 1417 1594 virum
1455 1547 1633 1594 autem
1670 1538 1935 1605 Siculum,
1965 1541 2060 1595 sed

480 1637 535 1682 et
563 1630 796 1683 filiorum
822 1633 1039 1685 nomina
1072 1632 1325 1688 similiter
1349 1632 1672 1686 immutavit.
1696 1630 1833 1685 Tum
1864 1630 2059 1688 Petrus

481 1728 681 1789 putans
709 1737 829 1777 eam
876 1739 1062 1777 verum
1096 1724 1450 1794 respondisse
1500 1725 1613 1778 ait:
1646 1721 1800 1778 lleu!
1838 1724 2053 1787 mulier,

482 1812 762 1880 putabam,
794 1814 992 1884 inquit,
1022 1815 1230 1885 grande
1256 1816 1475 1886 aliquod
1506 1815 1765 1886 gaudium
1796 1815 2057 1871 hodierna

483 1904 644 1960 nobis
673 1904 760 1959 die
790 1908 1084 1973 oriturum,
1115 1910 1436 1979 suSpicabar
1463 1910 1605 1965 enim
1630 1916 1683 1964 te
1710 1924 1833 1964 esse
1866 1926 2059 1980 quam-

482 1994 609 2049 dam
638 1998 1035 2063 mulierem,de
1090 2017 1197 2071 qua
1242 2001 1443 2056 similia
1498 2000 1747 2071 quaedam
1790 2018 1965 2073 nuper
1990 2002 2057 2056 ad

488 2086 645 2139 ﬁdem
680 2086 869 2144 didici.
913 2090 981 2144 At
1020 2091 1111 2144 illa
1144 2092 1575 2161 adjurabateum
1614 2093 1846 2149 dicens:
1907 2094 2059 2165 ROgo

486 2186 619 2232 teut
652 2179 861 2235 indices
890 2181 1021 2234 mihi
1047 2197 1167 2251 qua:
1193 2183 1296 2238 ista
1326 2184 1418 2250 sit,
1446 2194 1505 2238 ut
1528 2185 1719 2251 sciam,
1761 2187 1807 2242 si
1836 2197 1920 2242 est
1950 2191 2058 2243 ulla

485 2270 626 2325 inter
661 2272 918 2330 mulieres
948 2288 1034 2328 me
1065 2273 1354 2331 infelicior.

557 2359 671 2416 XX.
715 2361 851 2417 Tum
896 2361 1091 2420 Petrus
1124 2366 1309 2421 fallere
1341 2369 1593 2425 nesciens
1622 2378 1676 2425 et
1708 2372 2057 2431 miseratione

483 2463 790 2509 commotus
821 2456 987 2525 ccepit
1012 2456 1234 2513 dicere:
1265 2458 1360 2515 Est
1384 2461 1603 2530 quidam
1629 2464 1952 2522 adolescens
1974 2468 2058 2522 in-

485 2551 573 2598 ter
611 2560 713 2600 eos
752 2546 847 2616 qui
901 2562 986 2601 me
1020 2560 1323 2618 sequuntur
1354 2553 1630 2622 religionis
1660 2564 1713 2609 et
1740 2566 1904 2613 sectae
1932 2575 2058 2629 grao

482 2634 583 2700 tia,
616 2634 892 2693 Romanus
915 2638 1073 2704 civis,
1093 2641 1184 2710 qui
1219 2643 1348 2695 mihi
1373 2647 1648 2699 enarravit
1675 2648 1818 2717 quod
1849 2658 2055 2719 patrem

482 2727 740 2782 habuerit
765 2737 818 2784 et
847 2730 985 2785 duos
1013 2732 1259 2801 geminos
1294 2735 1513 2799 fratres,
1547 2754 1613 2793 ex
1644 2740 1845 2809 quibus
1864 2745 2049 2801 nullus

482 2818 535 2873 ei
568 2827 839 2888 superest.
869 2820 1060 2887 Mater,
1088 2824 1285 2893 inquit,
1306 2841 1424 2880 mea
1452 2828 1593 2881 sicut
1622 2844 1651 2881 a
1682 2837 1836 2899 patre
1866 2832 2055 2899 didici,

480 2912 755 2966 somnium
789 2914 958 2980 vidit,
1007 2922 1066 2968 ut
1125 2913 1369 2971 Romana
1402 2918 1534 2973 urbe
1559 2920 1626 2974 ad
1652 2930 1864 2993 tempus
1898 2940 2058 2979 exce-

480 3002 633 3058 deret
664 3018 788 3057 cum
820 3005 1036 3061 duobus
1066 3008 1297 3077 geminis
1342 3010 1484 3064 natis
1504 3050 1518 3072 ,
1572 3027 1640 3065 ne
1681 3011 1820 3068 forte
1848 3015 2054 3069 exitiali

2154 548 2275 587 eam
2321 532 2388 584 ad
2435 544 2644 583 navem.
2680 528 2848 593 Quem
2877 541 2977 596 ego
3006 526 3195 581 videns
3248 539 3465 579 manum
3504 524 3709 579 dantem

2155 623 2370 677 mulieri
2400 622 2579 675 ridere
2612 620 2752 691 ccepi
2779 660 2793 682 ,
2846 619 3108 673 accedens
3133 628 3313 672 tamen
3346 616 3569 671 honoris
3603 616 3709 683 eius

2158 714 2351 784 gratia,
2382 730 2480 784 pro
2513 713 2630 782 ipso
2664 711 2803 781 ccepi
2834 710 2971 765 velle
3001 709 3271 779 subjicere
3302 722 3518 761 manum
3547 721 3705 761 meam

2156 814 2213 862 et
2253 813 2565 860 sustentare
2611 803 2923 867 mulierem;
2960 801 3121 855 simul
3174 808 3351 854 autem
3404 808 3465 853 ut
3503 813 3708 851 manum

2156 899 2277 968 ejus
2302 898 2539 967 conligi.
2571 895 2784 948 ululatu
2832 893 3034 964 ingenti
3075 892 3288 948 reddito
3334 891 3389 945 in
3440 890 3707 960 amplexus

2158 1008 2308 1047 meos
2335 990 2523 1054 irruit,
2547 996 2601 1043 et
2637 987 2899 1042 maternis
2930 1000 3017 1041 me
3045 986 3348 1041 consectari
3375 985 3579 1038 osculis
3606 998 3705 1037 cu:-

2159 1084 2261 1153 pit.
2310 1083 2379 1135 At
2422 1098 2523 1153 ego
2567 1081 2827 1152 ignorans
2866 1095 3026 1133 omne
3064 1078 3337 1148 negotium
3370 1080 3527 1146 quasi
3576 1075 3707 1129 insa-

2159 1178 2397 1231 nientem
2431 1176 2711 1231 mulierem
2744 1173 3089 1243 repellebam,
3125 1170 3285 1225 simul
3314 1177 3389 1233 et,
3424 1184 3546 1223 cum
3575 1183 3707 1221 vere-

2160 1268 2359 1323 cundia
2402 1268 2565 1331 licet,
2617 1266 2939 1336 indignabar
2970 1271 3152 1316 tamen
3195 1259 3594 1331 quodammodo
3626 1258 3707 1312 ad—

2161 1374 2377 1415 versum
2406 1357 2647 1413 Petrum.
3157 1392 3175 1407 .

2231 1449 2419 1506 XXIII.
2462 1451 2530 1504 At
2563 1451 2691 1505 ille:
2726 1447 2921 1504 Desine
2944 1489 2959 1514 ,
3004 1446 3210 1517 inquit,
3246 1445 3376 1516 quid
3404 1444 3552 1515 agis,
3578 1459 3608 1498 ο
3642 1440 3704 1494 fili

2160 1543 2454 1599 Clemens?
2485 1543 2595 1597 noli
2649 1542 2914 1613 repellere
2952 1547 3101 1595 tuam
3148 1546 3398 1593 matrem.
3445 1536 3553 1606 Ego
3595 1548 3705 1587 vero

2164 1640 2255 1694 ubi
2292 1638 2405 1691 haec
2433 1636 2612 1690 audivi
2635 1675 2649 1695 ,
2678 1635 2938 1689 continuo
2965 1632 3219 1704 lacrymis
3240 1630 3486 1685 suffusus
3514 1625 3704 1682 concidi

2164 1744 2329 1800 supra
2356 1728 2629 1798 jacentem
2679 1735 2905 1781 matrem
2940 1732 2995 1780 et
3043 1722 3276 1781 osculari
3307 1737 3429 1777 eam
3454 1720 3607 1789 carpi.
3633 1716 3701 1771 Si.

2162 1821 2274 1874 mul
2305 1820 2448 1874 enim
2482 1827 2541 1872 ut
2569 1817 2779 1883 audivi,
2828 1818 3087 1888 paulatim
3113 1816 3321 1870 vultum
3355 1815 3478 1884 ejus
3508 1825 3705 1867 revoca-

2162 1914 2286 1967 bam
2324 1914 2391 1967 ad
2446 1912 2763 1968 memoriam
2805 1921 2858 1965 et
2905 1911 3085 1965 notior
3126 1909 3258 1964 mihi
3301 1906 3536 1965 intuenti
3570 1914 3703 1958 tanto

2161 2005 2335 2074 magis
2381 2004 2564 2060 fiebat.
2614 2003 2907 2058 Multitudo
2952 2002 3169 2057 interim
3214 1998 3568 2055 conveniebat
3600 1996 3702 2065 plu-

2160 2098 2320 2160 rima,
2342 2096 2569 2152 audiens
2590 2096 2733 2167 quod
2764 2095 2959 2149 mulier
2982 2110 3103 2165 quae
3132 2092 3197 2147 ad
3225 2092 3423 2161 stipem
3444 2089 3699 2161 petendam

2162 2190 2425 2251 sedebat,
2474 2189 2753 2259 recognita
2800 2195 2947 2242 esset
2982 2202 3013 2240 a
3045 2185 3155 2239 filio
3190 2200 3288 2240 suo
3320 2183 3443 2236 viro
3494 2180 3699 2250 quodam

2161 2280 2324 2336 bona.
2367 2279 2433 2334 Et
2470 2296 2593 2335 cum
2627 2280 2855 2335 velimus
2886 2276 3174 2333 confestim
3221 2277 3513 2346 enavigare
3544 2288 3603 2329 ex
3634 2272 3703 2324 in-

2161 2375 2316 2437 sula,
2348 2382 2522 2427 mater
2542 2374 2615 2426 ait
2643 2373 2711 2427 ad
2746 2388 2831 2427 me
2858 2391 2870 2425 :
2907 2369 3008 2424 Fili
3034 2368 3372 2429 dulcissime,
3410 2374 3608 2422 rectum
3632 2372 3701 2416 est

2161 2474 2221 2520 ut
2245 2466 2542 2520 valedicam
2574 2463 2906 2519 mulierculae
2928 2477 3048 2532 quae
3073 2475 3159 2514 me
3191 2458 3454 2528 suscepit,
3476 2465 3554 2511 est
3579 2454 3697 2509 enim

2161 2574 2326 2629 egens
2354 2569 2407 2613 et
2439 2558 2755 2628 paralytica,
2786 2556 2975 2626 jacens
3004 2554 3058 2607 in
3090 2552 3307 2608 lectulo.
3342 2549 3547 2617 Quibus
3569 2543 3696 2599 audi-

2160 2654 2231 2708 tis
2263 2650 2457 2706 Petrus
2486 2659 2539 2705 et
2567 2665 2758 2704 omnes
2787 2650 2879 2719 qui
2911 2648 3166 2710 aderant,
3191 2642 3445 2700 admirati
3476 2650 3594 2698 sunt
3618 2638 3697 2691 bo-

2160 2742 2386 2796 nitatem
2414 2755 2478 2795 ac
2508 2739 2852 2811 prudentiam
2880 2737 3112 2799 feminae,
3147 2743 3200 2790 et
3248 2735 3514 2790 continuo
3556 2730 3696 2800 jussit

2160 2833 2354 2889 Petrus
2401 2834 2551 2887 abire
2600 2832 2865 2902 quosdam
2898 2839 2952 2884 et
2985 2828 3197 2884 deferre
3238 2827 3520 2882 mulierem
3562 2824 3611 2877 in
3633 2822 3694 2875 le—

2159 2925 2307 2981 ctulo
2337 2926 2427 2979 ubi
2456 2925 2695 2995 jacebat.
2734 2924 2981 2992 Cumque
3027 2921 3219 2976 fuisset
3248 2919 3415 2972 allata
3446 2926 3496 2973 et
3527 2917 3575 2969 in
3601 2928 3693 2967 me-

2159 3021 2250 3075 dio
2292 3020 2465 3074 turbae
2509 3018 2740 3074 astantis
2770 3018 2946 3087 posita
2972 3056 2985 3079 ,
3034 3016 3089 3069 in
3137 3023 3435 3084 conspectu
3481 3011 3689 3066 omnium

482 3093 705 3148 interitu
733 3096 1083 3166 deperirent;
1111 3115 1231 3168 quae
1261 3115 1382 3153 cum
1408 3102 1754 3160 discessisset
1784 3122 2053 3177 nusquam
2085 3131 2127 3188 ε
2160 3112 2356 3167 Petrus
2389 3112 2463 3165 ait
2490 3129 2502 3163 :
2542 3109 2599 3164 Si
2629 3110 2875 3164 veritatis
2903 3124 3002 3178 ego
3028 3122 3147 3162 sum
3177 3121 3386 3176 praeco,
3420 3104 3483 3157 ad
3522 3101 3691 3155 contir-

481 3193 748 3238 terrarum
801 3186 945 3240 ultra
995 3190 1321 3257 comparuit.
1369 3187 1529 3244 Pater
1570 3207 1698 3246 vero
1746 3209 1883 3250 suus
1934 3206 2057 3265 post

484 3276 601 3332 haec
632 3279 699 3332 ad
737 3279 1146 3350 inquisitionem
1180 3283 1370 3337 uxoris
1404 3298 1466 3336 ac
1497 3284 1730 3339 ﬁliorum
1778 3288 2057 3357 profectus

483 3384 585 3423 nec
620 3369 735 3439 ipse
767 3371 1064 3427 invenitur.

552 3483 691 3539 XXI.
734 3485 859 3541 llzec
890 3502 1015 3541 eum
1062 3488 1293 3545 dixisset
1322 3489 1551 3555 Petrus,
1604 3494 1799 3549 mulier
1835 3505 2056 3565 stupore

477 3591 743 3645 percussa
791 3579 1020 3631 corruit.
1074 3578 1212 3633 Tum
1256 3580 1452 3636 Petrus
1497 3586 1777 3641 continere
1827 3602 1951 3641 eam
1999 3595 2055 3642 et

478 3668 753 3721 consolari
784 3671 982 3737 cmpit,
1019 3685 1081 3724 ac
1119 3674 1399 3741 requirere
1427 3676 1559 3744 quid
1582 3686 1726 3732 esset
1757 3694 1937 3736 causae
1959 3688 2055 3734 aut

478 3757 611 3828 quid
654 3765 953 3827 pateretur.
991 3761 1060 3814 At
1105 3762 1197 3816 illa
1239 3765 1328 3819 vix
1360 3766 1652 3836 aliquando
1682 3771 1935 3839 spiritum
1966 3788 2053 3827 re-

478 3864 707 3913 vocans,
755 3865 819 3903 ae
860 3853 1209 3922 semetipsum
1259 3856 1324 3910 ad
1380 3858 1563 3927 gaudii
1607 3861 1752 3929 quod
1800 3866 2053 3932 sperabat

478 3940 916 4010 magnitudinem
938 3959 1197 4014 reparans
1228 3949 1500 4019 simulque
1527 3952 1787 4009 all'ricans
1816 3957 2049 4023 vultum,

480 4031 603 4096 llic,
637 4033 814 4103 inquit
846 4074 861 4098 ,
894 4046 977 4090 est
1007 4053 1170 4107 quem
1200 4039 1339 4097 dicis
1376 4043 1734 4101 adolescens?
1755 4047 1823 4100 At
1852 4047 2051 4106 Petrus

476 4126 568 4177 ubi
600 4140 711 4179 rem
746 4126 1028 4191 intellexit,
1069 4128 1185 4193 Dic,
1220 4131 1418 4201 inquit,
1453 4136 1585 4189 mihi
1609 4143 1667 4190 tu
1702 4140 1883 4206 prior,
1918 4156 2043 4195 nam

474 4214 661 4269 videre
683 4231 806 4269 eum
838 4232 946 4271 non
968 4221 1191 4288 poteris.
1220 4220 1355 4275 Tum
1385 4224 1478 4277 illa
1508 4242 1520 4276 ε
1548 4225 1679 4297 Ego,
1705 4228 1903 4299 inquit,
1926 4247 2046 4286 sum

476 4305 842 4361 adolescentis
871 4316 1067 4364 mater.
1094 4308 1159 4363 Et
1188 4309 1384 4369 Petrus
1410 4334 1422 4368 :
1450 4315 1607 4381 Quod
1635 4319 1683 4371 ei
1714 4333 1912 4373 nomen
1933 4320 2051 4375 est?

474 4397 545 4449 At
566 4396 656 4449 illa
679 4412 691 4447 :
717 4397 994 4463 Clemens,
1027 4401 1123 4456 ait.
1156 4401 1353 4459 Petrus
1381 4424 1392 4458 :
1426 4404 1546 4475 ipse
1569 4416 1674 4471 est,
1696 4420 1749 4463 et
1772 4412 1885 4479 ipse
1906 4422 2043 4474 erat,

2160 3204 2412 3257 mandam
2458 3200 2617 3255 fidem
2666 3200 2863 3254 horum
2895 3199 3137 3253 omnium
3182 3197 3278 3267 qui
3318 3196 3597 3255 assistunt,
3641 3197 3689 3241 ut

2160 3297 2336 3350 sciant
2365 3302 2418 3349 et
2447 3294 2673 3348 credant
2702 3293 2831 3362 quia
2860 3305 3004 3345 unus
3033 3299 3116 3344 est
3140 3287 3283 3343 Deus
3302 3288 3394 3358 qui
3424 3286 3604 3340 caelum
3628 3279 3691 3333 fe-

2157 3388 2233 3441 cit
2281 3401 2345 3441 ac
2387 3394 2587 3440 terram
2614 3427 2629 3452 ,
2677 3387 2733 3438 in
2770 3383 2988 3436 nomine
3008 3380 3135 3435 Jesu
3179 3380 3389 3434 Christi
3424 3376 3538 3431 Filii
3564 3373 3683 3442 ejus,
3742 3404 3745 3405 ν

2156 3488 2343 3547 surgat
2371 3479 2486 3533 haec
2519 3478 2734 3532 mulier.
2768 3475 2829 3529 Et
2863 3475 3044 3530 statim
3076 3483 3136 3527 ut
3168 3474 3283 3527 haec
3306 3470 3555 3531 dixisset,
3586 3478 3686 3519 sur-

2155 3574 2296 3628 rexit
2326 3586 2458 3626 sana
2488 3577 2541 3625 et
2563 3568 2797 3639 procidit
2818 3568 2885 3621 ad
2917 3566 3083 3636 pedes
3098 3564 3269 3631 Petri,
3300 3571 3460 3633 atque
3486 3559 3683 3613 amicam

2155 3684 2311 3724 suam
2360 3683 2424 3722 ac
2458 3667 2776 3721 familiarem
2829 3664 3033 3719 osculis
3062 3670 3274 3731 petens.
3304 3654 3682 3731 percontabatur

2152 3759 2221 3812 ab
2261 3774 2325 3813 ea
2371 3757 2502 3827 quid
2554 3755 2701 3811 istud
2748 3763 2897 3809 esset
2945 3752 3169 3823 negotii.
3227 3751 3298 3805 At
3342 3751 3429 3803 illa
3483 3744 3681 3801 breviter

2152 3865 2368 3904 omnem
2396 3850 2447 3903 ei
2482 3848 2728 3902 ordinem
2759 3846 3052 3916 agnitionis
3074 3844 3348 3912 exposuit,
3374 3843 3446 3895 ita
3467 3847 3521 3894 ut
3542 3838 3676 3892 etiam

2151 3941 2324 3995 turba:
2355 3946 2599 3995 astantes
2626 3939 2979 3992 mirarentur.
3639 4015 3649 4025 θ

2226 4027 2410 4084 XXIV.
2453 4028 2592 4082 Tum
2624 4026 2818 4081 Petrus
2846 4024 2957 4095 (42)
2999 4024 3066 4079 de
3098 4024 3200 4078 fide
3230 4022 3329 4078 Dei
3350 4039 3411 4077 ac
3437 4019 3674 4089 religionis

2151 4122 2438 4183 institutis,
2458 4121 2603 4190 quod
2626 4120 2695 4173 ad
2713 4135 2771 4173 se
2788 4118 3113 4189 pertinebat,
3130 4117 3184 4169 in
3206 4126 3467 4187 quantum
3495 4122 3673 4178 tempus

2150 4215 2459 4287 patiebatur
2491 4215 2707 4267 locutus
2731 4212 2799 4265 ad
2829 4212 3040 4276 turbas,
3067 4211 3216 4264 addit
3243 4211 3403 4265 etiam
3430 4209 3539 4267 hoc,
3569 4200 3671 4256 ulSi

2148 4308 2270 4375 quis
2299 4306 2460 4360 vellet
2502 4305 2568 4359 de
2598 4305 2681 4359 his
2710 4304 3024 4373 diligentius
3054 4318 3284 4358 noscere
3304 4343 3318 4365 ,
3366 4296 3669 4354 Antiochiam

2147 4398 2380 4463 veniret,
2418 4398 2509 4451 ubi
2538 4397 2735 4459 tribus,
2770 4397 2977 4465 inquit,
3009 4395 3292 4450 mensibus
3316 4395 3578 4449 statuimus
3600 4399 3671 4438 re—

474 4484 567 4554 qui
596 4486 759 4553 paulo
789 4494 913 4541 ante
941 4504 1153 4543 mecum
1188 4492 1514 4562 loquebatur
1541 4506 1594 4550 et
1625 4476 1955 4567 quem—jussi
1978 4502 2043 4555 ad
2078 4476 2122 4530 Ι)
2151 4488 2329 4544 sidere
2344 4497 2530 4559 etquae
2551 4487 2616 4541 ad
2643 4489 2876 4543 salutem
2902 4488 3175 4558 pertinent
3198 4487 3437 4541 edocere.
3461 4481 3509 4534 Si
3530 4478 3667 4533 enim.

474 4590 666 4629 navem
723 4577 1049 4645 praecedere.
1095 4578 1232 4635 Tum
1276 4583 1367 4635 illa
1414 4585 1705 4655 procidens
1765 4589 1833 4641 ad
1881 4589 2047 4658 pedes

473 4667 618 4721 Petri
669 4684 861 4738 rogare
910 4673 1108 4742 cmpit,
1157 4682 1217 4728 ut
1273 4674 1556 4732 festinaret
1609 4678 1675 4732 ad
1717 4694 1930 4735 navem.
1983 4681 2047 4736 Et

473 4758 796 4814 Petrus:Si
845 4764 1014 4827 mihi,
1067 4764 1284 4835 inquit,
1336 4784 1524 4823 servas
1581 4769 1739 4824 ﬁdem
1788 4780 1842 4824 ut
1878 4771 2046 4827 facias

473 4852 617 4920 quod
655 4852 797 4906 dico.
843 4853 912 4906 At
944 4855 1073 4907 illa:
1103 4856 1297 4911 Omnia
1321 4898 1336 4919 ,
1382 4858 1595 4929 inquit,
1626 4861 1798 4929 facio;
1831 4872 2041 4919 tantum

474 4942 606 4995 mihi
636 4944 862 4999 ostende
898 4947 1118 5000 unicum
1150 4964 1326 5002 meum
1367 4959 1552 5004 natum
1579 4992 1592 5014 ,
1624 4962 1753 5021 puto
1780 4955 1923 5009 enim
1954 4971 2042 5011 me

472 5049 569 5103 per
598 5034 774 5105 ipsum
799 5042 850 5090 et
878 5038 1125 5105 geminos
1154 5055 1305 5093 meos
1338 5040 1539 5096 videre.
1572 5042 1636 5096 Et
1659 5041 1853 5098 Petrus
1874 5045 2036 5099 :Cum

467 5124 694 5193 videris,
725 5126 921 5196 inquit,
953 5144 1101 5190 eum,
1157 5130 1320 5182 modo
1351 5130 1566 5184 interim
1593 5132 1878 5187 dissimula
1906 5150 2041 5204 pau-

470 5218 669 5281 lulum,
695 5235 982 5291 usquequo
1011 5221 1356 5291 egrediantur
1391 5224 1459 5277 ab
1488 5224 1685 5279 insula.
1722 5222 1819 5288 lta,
1842 5226 2039 5296 inquit,

468 5309 683 5365 faciant.

2147 4578 2356 4647 inquit,
2390 4578 2699 4646 negotiandi
2731 4592 2897 4631 causa
2930 4584 3022 4629 aut
3054 4575 3324 4629 militandi
3371 4571 3576 4643 patriam
3604 4578 3669 4616 re-

2147 4672 2403 4740 linquunt
2434 4670 2684 4724 homines
2712 4685 2777 4724 ac
2799 4678 3075 4740 parentes,
3104 4678 3159 4724 et
3182 4669 3370 4739 longas
3393 4660 3666 4735 peregrini"

2144 4763 2324 4817 tiones
2369 4763 2555 4818 subire
2583 4778 2692 4817 non
2721 4770 3000 4823 metuunt,
3032 4776 3131 4830 pro
3160 4762 3273 4814 vita
3301 4766 3490 4814 aeterna
3519 4749 3663 4804 tribus

2147 4856 2338 4910 saltem
2370 4855 2651 4909 mensibus
2683 4853 3050 4923 peregrinari,
3082 4867 3182 4905 cur
3204 4861 3483 4904 onerosum
3510 4838 3659 4893 videa-

2141 4959 2230 5002 tur
2258 4964 2322 5002 ac
2366 4947 2614 5001 difficile?
2660 4946 2905 5016 Cumque
2957 4945 3070 4999 haec
3117 4955 3172 4999 et
3218 4944 3323 4996 alia
3367 4940 3445 4993 his
3493 4927 3652 4988 similia

2143 5040 2400 5101 dixisset,
2443 5056 2544 5110 ego
2589 5040 2803 5093 mulieri
2851 5054 2972 5108 quze
3021 5042 3335 5105 susceperat
3376 5034 3572 5084 matrem
3612 5023 3655 5069 ei

2144 5133 2435 5187 sanitatem
2486 5138 2765 5201 receperat
2794 5146 2893 5200 per
2936 5129 3155 5183 Petrum
3181 5167 3195 5190 ,
3242 5124 3384 5180 mille
3414 5114 3655 5173 drachmas

2142 5226 2379 5290 donavi,
2420 5233 2478 5278 et
2528 5224 2894 5294 praesentibus
2940 5222 3155 5277 cunctis
3184 5206 3651 5298 commendavi

2144 5317 2362 5371 cuidam
2390 5318 2510 5371 vlro
2529 5291 2705 5381 bono,
2740 5316 3005 5386 primario
3031 5314 3177 5369 illius
3201 5308 3407 5381 oppidi,
3435 5300 3514 5372 qui
3534 5301 3578 5351 ei
3600 5291 3650 5343 Π·

1742 5451 2109 5508 COTELElitl
2178 5454 2405 5509 NOTAE.

536 5606 649 5676 (£2)
693 5606 824 5659 Tum
861 5606 1073 5661 Petrus.
1117 5606 1253 5660 Ante
1309 5607 1421 5661 haec
1465 5608 1783 5660 miraculum
1828 5616 2031 5662 sanata:

467 5676 761 5747 Matthitliz‘e
795 5677 1004 5730 videtur
1031 5678 1302 5731 exeidisse
1340 5694 1369 5730 e
1399 5678 1680 5730 codicibus
1715 5697 1725 5730 :
1761 5681 1905 5747 quod
1938 5681 2033 5731 lia-

468 5748 565 5801 hes
596 5745 902 5800 Clcmettlin.
945 5763 1041 5807 xu,
1088 5748 1177 5807 ‘23,
1221 5751 1358 5818 Epit.
1410 5749 1497 5806 1H,
1543 5745 1791 5816 quodque
1838 5752 2032 5803 lectum

2135 5610 2364 5667 forsitan
2398 5610 2553 5683 fuit_a
2586 5608 3028 5683 pseudo-Abdia._
3072 5605 3317 5683 Aitenim
3348 5601 3435 5656 lib.
3462 5616 3479 5654 ι
3504 5614 3517 5652 :
3545 5593 3645 5649 Tum

2137 5685 2467 5751 apprehensis
2498 5679 2685 5737 Petrus
2714 5681 2954 5735 manibus
2979 5679 3091 5748 ejus
3122 5679 3317 5733 sanauit
3341 5689 3443 5728 eos.
