3888 6192
173 223 202 276 l
215 221 347 280 365

1427 223 1995 283 RECOGNITIONUM
2034 225 2163 280 LIB.
2206 226 2313 282 VII.

3334 236 3358 290 I
3373 240 3475 297 366

167 336 397 394 benter
425 353 486 394 se
512 338 784 397 facturum
826 344 973 415 quod
1020 344 1425 415 imperabamus
1457 342 1769 415 Spopondit.
1801 347 1852 406 Α
1877 342 2031 396 mirae
2074 342 2505 412 magnitudinis;
2549 344 2839 416 acquievi,
2879 356 3105 406 ventum
3149 360 3235 408 est
3280 353 3347 409 ad
3390 356 3474 410 lo-

171 428 308 483 Sed
359 439 415 487 et
442 432 565 489 aliis
596 434 923 505 quibusdam
962 436 1361 508 aliquantulum
1394 437 1639 508 pecuniae
1671 438 1786 492 dis—

180 523 422 588 tribui,
471 530 525 579 et
563 525 673 581 illis
732 526 1053 583 mulieribus
1096 544 1217 596 qua:
1260 529 1552 599 aliquando
1600 529 1786 584 solatae

170 614 530 669 dicebantur
574 615 633 671 in
682 617 923 674 miseriis
970 629 1198 676 matrem
1240 636 1446 685 meam,
1482 622 1683 691 quibus
1730 629 1785 676 et

172 710 410 779 gratias
435 709 619 766 retuli.
651 709 718 764 Et
738 719 862 781 post
890 711 1003 768 haec
1035 728 1142 768 una
1172 729 1297 769 cum
1330 720 1503 769 matre
1525 714 1782 786 enaviga-

174 801 386 858 vimus
404 800 763 860 Antaradum.
1595 786 1605 794 ’

265 892 443 949 XXV.
484 892 730 965 Cumque
767 897 1110 954 venissemus
1152 898 1221 953 ad
1246 898 1570 969 bOSpitium,
1608 908 1784 956 mater

172 986 488 1054 requirere
521 989 687 1058 cmpit
734 1003 766 1043 a
798 1005 917 1054 me,
970 1005 1210 1061 quonam
1258 990 1566 1048 devenisset
1604 1001 1778 1063 pater.

173 1076 300 1132 Cui
354 1094 457 1151 ego
485 1098 497 1135 :
530 1079 611 1134 Ad
645 1088 728 1145 te,
778 1081 1002 1152 inquam
1030 1121 1046 1145 ,
1080 1082 1467 1152 requirendam
1501 1083 1781 1154 profectus

176 1171 348 1224 ultra
377 1187 488 1227 non
512 1172 695 1227 rediit.
727 1170 798 1227 At
830 1174 921 1227 illa
951 1173 1183 1229 audiens
1214 1174 1511 1245 suspiravit
1540 1182 1777 1240 tantum,

177 1264 411 1334 grande
438 1264 583 1320 enim
613 1280 713 1335 pro
744 1281 831 1321 me
863 1265 1123 1336 gaudium
1155 1266 1363 1325 habens
1412 1266 1654 1338 reliquos
1691 1284 1781 1323 so-

176 1355 420 1410 labatur
468 1372 755 1415 mmrores.
805 1356 903 1413 Die
931 1365 1111 1413 autem
1153 1366 1372 1429 postera
1423 1358 1620 1414 sedens
1671 1375 1780 1414 una

176 1463 324 1502 cum
346 1464 517 1505 uxore
528 1448 673 1505 Petri
691 1451 802 1523 (45)
820 1452 922 1505 iter
933 1450 1445 1521 agebatnobiseum,
1462 1461 1514 1507 et
1530 1451 1779 1507 venimus

176 1539 466 1598 Balaneas
486 1542 621 1614 (44),
648 1544 737 1599 ubi
764 1542 948 1598 triduo
980 1544 1260 1609 remorati,
1285 1544 1412 1600 inde
1443 1546 1778 1601 accessimus

177 1635 375 1691 Patho
400 1635 514 1707 (45)
529 1644 583 1691 et
605 1644 730 1707 post
762 1636 865 1692 hoc
887 1635 1094 1692 Gabala
1110 1637 1246 1711 (46),
1274 1644 1330 1693 et
1354 1637 1436 1693 sic
1461 1637 1777 1694 Laodiciam

1887 450 2053 502 cum,
2100 436 2286 491 caeteri
2316 453 2509 493 omnes
2539 439 2807 497 interiora
2842 441 2977 499 tedis
3027 443 3297 516 ingressi,
3334 450 3472 505 mihi

1888 526 2104 583 animus
2149 528 2338 584 nescio
2373 529 2443 584 ob
2473 545 2637 601 quam
2682 546 2905 588 causam
2954 534 3295 605 ingrediendi
3328 541 3471 597 ultra

1888 632 1999 671 non
2037 615 2159 671 fuit.

1955 706 2169 767 XXVII.
2210 707 2317 766 Sed
2353 711 2483 766 dum
2540 713 2665 770 illos
2703 713 2838 771 foris
2866 719 3143 788 opperior,
3183 721 3469 779 mulierem

1886 798 2028 855 hanc
2056 801 2409 859 considerare
2438 805 2578 874 ρωρί
2612 821 2719 875 qua
2749 817 2905 877 parte
2930 810 3298 866 membrorum
3323 822 3471 873 esset

1885 891 2116 961 debilis,
2168 901 2228 948 ut
2258 910 2367 951 non
2400 896 2585 951 labore
2632 913 2891 954 manuum
2926 899 3134 956 victum
3166 914 3467 973 quaereret,

1886 986 1981 1040 sed
2014 985 2384 1042 mendicitatis
2417 988 2679 1059 pudorem
2712 992 2954 1062 subiret;
2984 995 3205 1065 requiro
3238 1013 3371 1070 ergo
3401 994 3477 1055 ab

1882 1092 1946 1133 ca
1977 1092 2195 1134 causas.
2245 1078 2339 1133 Illa
2386 1081 2556 1135 nobili
2603 1099 2662 1138 se
2700 1092 2874 1138 ortam
2917 1102 3148 1157 genere,
3194 1097 3248 1145 et
3294 1091 3463 1147 nobili

1885 1168 2243 1226 nihilominus
2276 1171 2394 1224 viro
2426 1172 2479 1226 in
2513 1174 2867 1229 matrimonio
2894 1175 3066 1233 fuisse
3094 1178 3349 1249 junctam
3382 1180 3469 1237 fa-

1885 1267 2052 1323 tetur,
2084 1262 2245 1331 cujus
2280 1261 2471 1328 frater,
2507 1264 2706 1335 inquit,
2746 1266 2801 1321 in
2833 1282 2919 1323 me
2948 1267 3143 1325 illicito
3165 1286 3352 1329 amore
3382 1274 3469 1329 in-

1881 1350 2193 1409 ﬂammatus
2218 1353 2520 1411 fraternum
2541 1363 2721 1412 torum
2750 1359 2994 1429 polluere
3011 1361 3286 1433 cupiebat.
3308 1364 3468 1431 Quod

1880 1460 1982 1517 ego
2006 1447 2341 1515 abhorrens,
2386 1458 2439 1507 et
2467 1467 2688 1507 rursum
2725 1452 2792 1509 de
2818 1461 2969 1510 tanto
2997 1458 3204 1514 scelere
3230 1459 3350 1517 viro
3382 1460 3468 1517 in—
3502 1520 3504 1522 ,

1881 1538 2067 1597 dieare
2098 1559 2207 1599 non
2248 1546 2458 1602 audens
2478 1586 2493 1610 ,
2528 1563 2598 1602 ne
2652 1547 2853 1603 bellum
2886 1550 3149 1607 fratribus
3179 1561 3233 1608 et
3262 1569 3464 1626 oppro-

1880 1631 2061 1688 brium
2092 1638 2277 1707 generi
2303 1638 2635 1705 indicerem,
2670 1642 2843 1712 magis
2873 1658 2939 1697 ex
2970 1645 3147 1714 patria
3176 1647 3463 1707 discedere

179 1728 686 1800 pervenimus,ubi
712 1737 841 1785 ante
870 1738 1060 1800 portas
1087 1738 1387 1786 occurrunt
1415 1731 1575 1787 nobis
1590 1731 1779 1787 Niceta
1810 1711 1853 1767 Β
1877 1725 2121 1796 judicavi
2170 1745 2292 1784 cum
2341 1730 2559 1789 duobus
2605 1711 2838 1803 geminis
2870 1711 2997 1792 filiis
3027 1739 3197 1803 meis,
3244 1742 3465 1812 juniore

175 1829 242 1876 et
274 1820 475 1892 Aquila
507 1831 562 1877 et
591 1822 908 1878 osculantes
940 1839 1041 1880 nos
1063 1824 1343 1879 abducunt
1366 1824 1421 1879 in
1450 1824 1775 1896 hospitium.

176 1914 394 1972 Petrus
422 1922 605 1970 autem
639 1916 835 1972 videns
867 1917 1101 1987 amplam
1137 1917 1418 1973 civitatem
1449 1927 1505 1973 et
1532 1917 1777 1988 splendi-

177 2011 347 2075 dam,
381 2008 617 2081 Dignum
647 2016 753 2075 est,
789 2010 1000 2080 inquit,
1027 2009 1293 2066 remorari
1324 2026 1426 2066 nos
1458 2011 1514 2065 in
1546 2010 1649 2065 hac
1674 2010 1783 2065 die-

175 2102 298 2158 bus
348 2101 538 2157 decem
584 2108 677 2155 aut
722 2102 890 2157 etiam
943 2102 1200 2173 amplius.
1249 2101 1389 2156 Tum
1432 2101 1621 2157 Nieeta
1653 2116 1780 2156 cum

175 2180 393 2265 Aquila
428 2192 784 2264 requirebant
830 2208 861 2246 a
903 2208 1026 2258 me,
1074 2209 1198 2264 quae
1242 2202 1392 2250 esset
1440 2194 1637 2248 mulier
1664 2192 1781 2247 hmc

174 2287 402 2358 ignota.
433 2285 501 2340 Et
537 2301 638 2357 ego
663 2285 920 2357 respondi
947 2303 961 2338 :
991 2285 1160 2341 Mater
1194 2301 1314 2342 mea
1341 2293 1426 2342 est
1453 2300 1616 2356 quam
1642 2283 1777 2338 mibi

175 2375 481 2431 redonavit
506 2374 647 2430 Deus
671 2389 768 2444 per
797 2373 1082 2431 dominum
1100 2392 1292 2448 meum
1320 2374 1565 2433 Petrum.

260 2467 455 2525 XXVI.
495 2467 622 2524 Haec
653 2484 778 2525 cum
807 2484 908 2540 ego
936 2468 1221 2535 dixissem,
1243 2476 1440 2524 cuncta
1471 2468 1551 2524 eis
1580 2467 1776 2525 Petrus

178 2578 293 2634 per
323 2562 575 2618 ordinem
613 2564 782 2633 erepit
812 2576 1086 2632 exponere
1115 2571 1168 2616 et
1198 2561 1277 2615 ait
1311 2580 1324 2616 :
1363 2559 1499 2616 Cum
1532 2561 1777 2616 venisse-

180 2672 318 2711 mus
345 2653 587 2710 Aradum
620 2663 674 2711 et
695 2672 796 2726 ego
826 2670 924 2710 vos
953 2653 1261 2724 praecedere
1285 2653 1573 2723 iussissem
1596 2693 1611 2718 ,
1645 2669 1773 2722 pro-

185 2748 357 2804 fectis
395 2748 583 2813 vobis,
631 2746 821 2803 eadem
867 2747 957 2803 die
1008 2746 1262 2802 Clemens
1313 2760 1437 2800 cum
1486 2744 1776 2802 incidisset

181 2841 468 2897 sermonis
501 2840 750 2903 occasio,
801 2852 972 2908 genus
1016 2851 1175 2891 suum
1227 2836 1358 2890 mihi
1406 2835 1660 2905 exposuit
1708 2849 1774 2889 ac

182 2936 479 3001 familiam,
507 2942 562 2989 et
582 2932 729 3004 quod
752 2930 1069 3002 parentibus
1096 2936 1243 2985 esset
1266 2929 1494 2984 orbatus
1524 2927 1773 2997 duosque

180 3028 476 3084 habuisset
500 3026 712 3097 priores
737 3040 797 3080 se
820 3024 1069 3094 geminos
1102 3020 1329 3086 fratres;
1364 3026 1419 3075 et
1442 3019 1586 3074 sicut
1611 3017 1768 3082 mihi,
1796 3058 1839 3116 ο

179 3123 403 3193 inquit,
438 3127 594 3191 pater
634 3117 948 3183 enarravit,
980 3114 1257 3173 somnium
1290 3112 1423 3167 vidit
1472 3109 1769 3181 aliquando

178 3222 385 3279 mater,
424 3228 535 3285 quo
580 3212 738 3281 jussa
779 3216 864 3266 est
915 3223 1038 3264 cum
1082 3205 1313 3278 geminis
1359 3204 1476 3259 suis
1521 3219 1589 3259 ex
1634 3203 1768 3285 urbe

178 3308 364 3363 Roma
408 3305 727 3378 proﬁcisci,
765 3319 835 3358 ne
882 3301 1068 3359 subito
1101 3307 1155 3356 et
1202 3298 1408 3368 pariter
1455 3297 1761 3351 interirent.

180 3401 436 3469 Cumque
464 3398 738 3454 somnium
771 3395 912 3467 patri
956 3392 1271 3455 indicasset,
1318 3389 1409 3445 ille
1439 3388 1533 3460 qui
1573 3395 1765 3444 tenero

180 3494 331 3549 filios
360 3491 612 3562 diligeret
641 3489 839 3544 aﬂ'ectu
866 3528 881 3553 ,
910 3503 977 3542 ne
1005 3484 1135 3556 quid
1171 3484 1310 3539 forte
1336 3482 1463 3537 mali
1510 3489 1765 3553 pateren-

178 3594 299 3650 tur,
327 3599 558 3639 uxorem
590 3583 799 3653 pariter
825 3595 890 3635 ac
922 3579 1061 3635 filios
1087 3577 1213 3633 navi
1239 3590 1366 3630 cum
1388 3575 1646 3631 omnibus
1673 3588 1766 3629 ne-

180 3678 450 3734 cessariis
495 3674 820 3745 impositos,
867 3670 1068 3727 emittit
1116 3668 1356 3723 Athenas
1407 3664 1759 3723 erudiendos.

177 3771 318 3828 Post
350 3771 466 3826 haec
503 3768 653 3823 misit
682 3766 849 3822 semel
877 3772 930 3819 et
956 3766 1155 3818 iterum
1188 3760 1283 3833 qui
1314 3760 1680 3831 requirerent,
1708 3766 1763 3813 et

181 3876 459 3932 nusquam
512 3859 659 3912 illius
689 3872 761 3912 ne
792 3855 1084 3925 vestigium
1116 3852 1336 3923 quidem
1382 3849 1607 3919 reperit.
1642 3847 1763 3921 Ipse

179 3956 252 4012 ad
286 3955 538 4009 ultimum
581 3958 736 4022 pater
758 3947 826 4003 ad
868 3943 1254 4017 inquirendum
1289 3941 1679 4014 proﬁciscitur,
1708 3949 1763 3997 et

178 4062 358 4117 usque
400 4044 470 4099 ad
514 4056 758 4114 praesens
802 4054 903 4093 nec
949 4038 1067 4108 ipse
1113 4034 1332 4106 quidem
1372 4048 1604 4103 usquam
1652 4038 1760 4087 est.

180 4140 309 4194 Ilaec
330 4152 456 4193 eum
487 4133 621 4190 mihi
642 4134 895 4188 Clemens
924 4135 1260 4191 enarrasset,
1294 4125 1529 4181 accessit
1561 4124 1628 4179 ad
1660 4140 1761 4179 nos

178 4231 406 4304 quidam
441 4242 665 4299 rogans,
702 4232 762 4279 ut
790 4224 857 4278 ad
887 4221 1123 4277 insulam
1155 4217 1394 4272 Aradum
1426 4232 1548 4287 qua:
1576 4216 1759 4272 vicina

177 4330 301 4379 erat
349 4319 761 4381 accederemus,
795 4312 1014 4371 videndi
1052 4312 1223 4383 gratia
1268 4310 1553 4368 columnas
1585 4309 1757 4363 viteas

1884 1832 2055 1887 puero
2086 1820 2150 1873 ad
2186 1821 2439 1877 solatium
2473 1824 2615 1893 patri
2648 1826 2864 1882 relicto.
2894 1826 2961 1882 Et
2992 1837 3053 1883 ut
3081 1831 3217 1896 haec,
3262 1834 3463 1905 inquit,

1882 1909 2111 1965 honesta
2138 1912 2318 1981 specie
2348 1912 2555 1979 fierent,
2586 1917 2819 1987 cogitavi
2869 1921 3145 1977 somnium
3179 1922 3383 1998 ﬁngere
3406 1939 3461 1984 et

1882 1999 2064 2056 dicere
2110 2005 2248 2070 viro,
2282 2005 2527 2061 astitisse
2558 2007 2690 2061 mihi
2721 2024 2922 2066 numen
2953 2013 3227 2083 quoddam
3258 2034 3355 2088 per
3378 2022 3461 2078 vi-

1882 2108 2003 2148 sum
2029 2102 2083 2150 et
2118 2095 2357 2161 dixisse,
2396 2108 2452 2152 ut
2483 2114 2607 2154 cum
2648 2100 2864 2159 duobus
2890 2107 3121 2174 geminis
3149 2111 3288 2166 meis
3325 2127 3459 2169 con-

1883 2183 2065 2241 festim
2100 2203 2166 2244 ex
2204 2187 2350 2245 Urbe
2384 2192 2785 2261 proficiscerer,
2813 2212 3100 2268 usquequo
3126 2201 3196 2256 ab
3220 2204 3339 2273 ipso
3361 2222 3459 2261 au-

1881 2275 2089 2341 direm,
2128 2281 2350 2349 quando
2406 2284 2585 2342 redire
2636 2284 2915 2342 deberem.
2952 2288 3169 2355 Quibus
3226 2295 3453 2361 auditis,

1881 2367 2182 2426 credidisse
2207 2371 2385 2427 aiebat
2406 2375 2606 2438 virum,
2628 2386 2682 2433 et
2708 2378 2951 2436 Athenas
2985 2397 3044 2437 se
3070 2386 3301 2453 geminis
3332 2405 3456 2445 cum

1880 2458 2067 2517 liberis
2112 2463 2366 2520 emisisse
2411 2466 2547 2521 inibi
2597 2469 2949 2535 erudiendis,
2997 2474 3091 2528 sed
3137 2480 3459 2548 tempestate

1879 2552 2031 2622 gravi
2063 2553 2132 2608 ad
2173 2554 2315 2611 hanc
2361 2556 2597 2613 insulam
2632 2559 2802 2616 fuisse
2847 2561 3129 2633 depulsos,
3175 2568 3290 2635 ubi,
3325 2587 3458 2626 con-

1878 2642 2050 2700 fracta
2082 2646 2230 2712 navi,
2262 2664 2320 2703 se
2351 2647 2520 2705 ﬂuctu
2551 2666 2838 2708 excussam
2871 2669 3037 2723 supra
3065 2672 3257 2713 saxum
3284 2661 3457 2731 quod-

1878 2736 2036 2801 dam,
2068 2738 2138 2793 ob
2165 2739 2270 2796 hoc
2302 2742 2482 2796 solum
2517 2749 2747 2799 mortem
2780 2745 3099 2813 distulisse,
3131 2750 3305 2808 donec
3326 2797 3341 2821 ,
3375 2754 3456 2809 in-

1878 2830 2035 2897 quit,
2071 2830 2373 2887 infelicium
2405 2841 2658 2889 natorum
2697 2852 2941 2893 meorum
2990 2842 3179 2897 saltem
3209 2854 3459 2902 emortua

1877 2923 2122 2978 membra
2148 2927 2561 2996 complecterer,
2585 2944 2649 2982 ac
2676 2931 2969 2999 sepulturae
2990 2936 3326 2993 mandarem.
3350 2938 3457 2994 Sed

1876 3028 2001 3067 cum
2036 3014 2153 3071 dies
2203 3014 2398 3071 fuisset
2437 3025 2662 3074 exortus
2707 3027 2761 3074 et
2812 3023 2985 3077 turbae
3034 3029 3453 3094 convenissent,

1873 3106 2228 3163 miseratione
2246 3110 2378 3163 moti
2408 3110 2762 3179 projecerunt
2793 3115 2924 3168 mihi
2955 3117 3356 3175 indumentum.
3386 3124 3457 3177 At

1871 3214 1973 3269 ego
2001 3198 2193 3253 infelix
2227 3198 2447 3256 fletibus
2478 3202 2667 3259 multis
2699 3204 2958 3275 rogabam
2994 3215 3051 3261 ut
3085 3212 3452 3280 requirerent,

1871 3290 2048 3347 sicubi
2098 3289 2401 3347 infelicium
2454 3303 2706 3349 natorum
2759 3298 2974 3365 possint
3035 3302 3281 3359 invenire
3327 3320 3454 3361 cor-

1869 3383 2120 3454 puscula.
2168 3382 2281 3454 Ego
2321 3391 2501 3438 autem
2544 3399 2704 3440 omne
2734 3400 2938 3457 corpus
2983 3405 3163 3445 meum
3192 3393 3454 3453 dentibus

1871 3475 2106 3539 lanians,
2138 3474 2450 3544 planctibus
2476 3482 2531 3529 et
2559 3475 2860 3532 ululatibus
2905 3480 3039 3533 nihil
3070 3482 3218 3537 aliud
3251 3485 3456 3540 clama-

1868 3566 1993 3620 bam
2028 3566 2178 3632 nisi,
2211 3563 2317 3621 Ubi
2345 3566 2475 3620 mihi
2508 3567 2716 3623 infelici
2754 3569 2992 3626 Faustus
3022 3582 3139 3639 est,
3177 3575 3268 3631 ubi
3310 3576 3454 3632 Fau-

1868 3660 2092 3715 sﬁnus?

1939 3751 2175 3809 XXVIII.
2217 3753 2283 3807 Et
2326 3770 2450 3812 cum
2494 3755 2610 3811 haec
2659 3756 2865 3813 diceret
2923 3757 3142 3824 Petrus,
3178 3760 3367 3817 Niceta
3398 3772 3452 3819 et

1866 3845 2061 3915 Aquila
2112 3846 2295 3902 subito
2340 3854 2638 3918 assurgunt
2691 3860 2745 3903 et
2802 3850 3093 3920 stupefacti
3139 3855 3449 3923 perturbari

1865 3954 2155 4013 creperum
2200 3942 2447 3999 dicentes
2492 3963 2504 3997 :
2552 3942 2873 4000 Dominator
2925 3943 3153 4001 Domine
3199 3955 3254 4003 et
3306 3947 3450 4005 Deus

1865 4034 2112 4089 omnium
2135 4074 2150 4097 ,
2183 4048 2384 4088 verane
2415 4033 2531 4087 haec
2565 4041 2728 4100 sunt,
2757 4048 2824 4087 an
2857 4034 3131 4089 somnium
3178 4047 3261 4093 est
3300 4041 3448 4109 quod

1868 4126 2081 4197 agitur?
2108 4123 2247 4178 Tum
2284 4123 2513 4180 Petrus:
2545 4124 2703 4192 Nisi,
2734 4126 2947 4195 inquit,
3000 4142 3102 4182 nos
3131 4128 3311 4185 insani
3352 4147 3448 4187 su-

1865 4231 2019 4280 mus,
2066 4215 2181 4268 haec
2210 4229 2337 4268 vera
2369 4222 2515 4269 sunt.
2568 4214 2636 4267 At
2670 4214 2742 4266 illi
2781 4214 3062 4282 paululum
3102 4220 3359 4273 remorati
3392 4230 3447 4275 et

1864 4306 2234 4362 confricantes
2280 4307 2472 4361 faciem
2501 4347 2515 4371 ,
2549 4308 2742 4360 aiunt:
2775 4304 2887 4361 Nos
2917 4323 3109 4362 sumus
3145 4308 3441 4367 Faustinus

1475 4462 1855 4520 COTELERII
1888 4461 2120 4517 NOTAE.

254 4646 364 4716 (ΑΞ)
404 4639 539 4697 Cum
570 4650 731 4691 uxore
754 4633 922 4689 Petri.
958 4630 1212 4716 Testatur
1239 4628 1601 4716 Hieronymus
1622 4640 1755 4679 con-
1788 4634 1833 4688 ι)
1863 4621 2215 4716 ιιοῑὶεςὶιιιὲιιιι
2247 4620 2616 4716 oppiedurnlest
2644 4638 2657 4672 :
2690 4619 2847 4716 cuju‘s
2877 4617 3445 4716 episcopus’Euphra-

182 4698 269 4773 tra
290 4698 654 4769 Iovinianum
700 4705 976 4778 scribens,
1022 4702 1131 4778 legi
1174 4702 1230 4778 in
1267 4698 1508 4778 Periodis
1536 4705 1590 4752 et
1616 4712 1755 4778 uxo-

182 4772 293 4845 rem
346 4782 492 4839 Petri
539 4788 593 4833 et
640 4777 823 4830 filiam.
858 4772 933 4825 Ea
965 4772 1131 4845 igitur
1158 4773 1491 4845 Circuitﬁuum
1518 4781 1665 4837 pars,
1700 4772 1754 4820 in

182 4843 286 4931 qua
315 4860 381 4911 de
410 4852 556 4907 Petri
588 4849 693 4902 lilia
719 4843 1110 4931 ('I’etronillam
1138 4844 1373 4907 vocant)
1399 4853 1582 4931 sermo
1609 4845 1751 4931 erat,

184 4915 325 4984 nunc
351 4923 710 4979 desideratur.
732 4916 968 4988 Uxorem
997 4920 1177 4988 agitem
1207 4915 1757 4988 memorant_pi;a:ter:

183 4978 969 5055 caVCVleiue-nsAlexandrinus,
1004 4982 1206 5055 Strom.
1234 4997 1329 5055 vti,
1359 4995 1482 5048 pag.
1513 4978 1750 5055 756,11bi

184 5049 500 5137 martyrium
546 5060 694 5115 illius
724 5056 915 5137 refert“
918 5053 1097 5135 verbis
1125 5069 1252 5137 quae
1272 5052 1511 5137 citantur
1545 5052 1612 5105 ab
1639 5049 1750 5137 Eii"

184 5120 351 5200 sobrio”,
387 5134 595 5188 Hister.
633 5147 711 5192 Ill,
739 5128 847 5203 .39,
875 5120 1160 5203 Origenes,
1273 5120 1459 5175 Matth.
1488 5137 1601 5183 XIX,
1641 5120 1745 5202 27;

187 5191 547 5279 Epiphanius,
564 5200 756 5256 haeresi
785 5191 1744 5279 50.nnui‘i1222;.Hj‘erpn‘xmus,_cpist.

184 5261 455 5349 ἶνίν-κοιίλη
486 5261 1191 5349 Ηίιιςιιιξιιιιετιῌρίοςιριαιίιά
1215 5261 1507 5349 findit/my,
1534 5274 1584 5349 et!
1608 5261 1748 5327 pro-

186 5331 394 5410 iuriam:
418 5353 554 5401 sect.
586 5343 639 5397 8.
667 5331 985 5410 Appellatur
1014 5332 1524 5410 irrhiartvrologiis
1544 5331 1745 5410 Perpe:

186 5402 273 5472 tua
326 5402 391 5473 in,
428 5402 1021 5473 Chroriico'Sinteonis
1071 5403 1470 5473 Metaphrastze,
1512 5402 1745 5457 locoad

185 5486 468 5543 Constitui.
499 5500 579 5545 Ill,
604 5482 658 5545 6,
685 5481 874 5553 allato,
904 5476 1148 5553 Joanna;
1176 5473 1321 5553 quod
1350 5473 1515 5553 etiam
1548 5489 1743 5553 nomen

186 5540 335 5612 matri
371 5540 513 5612 Petri
545 5540 735 5609 tribuit
768 5540 1042 5619 lndjculus
1075 5540 1288 5617 pesitus
1329 5544 1394 5598 ad
1424 5540 1651 5596 Conslit.
1683 5559 1741 5608 ιι,

186 5630 357 5771 (ωδε-ί)
411 5698 650 5753 Venimus
690 5692 976 5747 Balaneas.
1028 5690 1273 5744 Balanca:
1320 5694 1411 5742 aut
1461 5687 1740 5753 Balantcac,

1864 4690 1986 4762 tionj
2014 4689 2335 4762 laudaturi—tri
2362 4689 2421 4747 S.
2447 4692 2768 4762 Athanasio,
2800 4693 3052 4762 Apongia
3074 4692 3137 4743 de
3160 4692 3287 4762 fuga
3321 4710 3441 4757 sua,

1866 4760 2028 4829 paulo
2057 4770 2180 4828 post
2203 4761 2440 4821 initium,
2467 4769 2523 4831 et
2548 4759 2787 4828 Epistola
2816 4760 2884 4812 ad
2905 4758 3285 4831 solitariosfp.
3312 4762 3441 4827 812,

1862 4846 2175 4897 quanquam
2200 4840 2479 4898 postremo
2515 4830 2568 4883 in
2609 4831 2729 4883 loco
2764 4846 3046 4899 perperam
3074 4830 3384 4895 ediderunt,
3415 4836 3445 4886 ὁ

1864 4904 1920 4955 ἐν
1951 4901 2244 4965 Καλαναῖς.
2280 4900 2420 4969 Lege
2452 4903 2480 4954 ὁ
2504 4904 2560 4953 ἐν
2587 4900 2898 4962 Βαλανέαις.

1936 4970 2047 5039 (45)
2091 4969 2222 5045 Inde
2262 4972 2583 5045 accessimus
2623 4970 2791 5022 Pal/io
2833 4969 3057 5045 [Pallori
3093 4970 3443 5045 _Cot.]._?al_ti

1863 5056 2081 5110 quoque
2103 5041 2417 5112 episcopum
2455 5040 2959 5112 celebratmagnus
2987 5040 3244 5112 Ecclesiae
3274 5041 3445 5112 Magi-

1863 5120 1974 5164 ster
2008 5112 2139 5165 locis
2170 5110 2369 5174 citatis,
2412 5125 2623 5163 necnon
2674 5110 2911 5173 Ep'stala
2946 5110 3440 5166 ad‘Antiocheméx.

1864 5180 1967 5234 Sed
2000 5180 2143 5250 apud
2188 5180 2599 5244 Thendoritum,
2638 5179 2844 5233 Hister.
2885 5180 2976 5234 lib.
3009 5197 3080 5242 ll,
3106 5196 3226 5250 cap.
3262 5181 3349 5241 12,
3387 5183 3439 5234 in

1862 5251 2042 5305 verbis
2093 5251 2400 5313 Athanasii,
2446 5258 2500 5303 et
2529 5252 2819 5320 episcopus
2859 5260 2912 5303 et
2957 5251 3149 5305 civitas
3181 5267 3286 5305 non
3339 5268 3442 5305 suo

1862 5321 2085 5390 nomine
2108 5322 2478 5390 appellantur.

1933 5388 2044 5459 (46)
2076 5388 2300 5444 Gabala.
2328 5390 2484 5453 Ilinc,
2507 5398 2561 5443 et
2588 5405 2684 5459 per
2712 5389 3016 5459 superiora,
3042 5389 3189 5443 nullo
3220 5391 3439 5459 negotio

1862 5458 2165 5528 corrigetur
2214 5461 2521 5529 Sophonius
2570 5458 2636 5513 do
2678 5459 2837 5514 Petro
2868 5470 2921 5513 et
2952 5458 3141 5522 Paulo,
3172 5458 3311 5513 tom.
3346 5458 3438 5512 VII

1862 5529 2203 5599 Bibliotheca:
2234 5530 2453 5584 Patrum
2486 5529 2833 5597 Parisiensis,
2861 5539 2914 5585 et
2947 5529 3087 5599 apud
3119 5529 3341 5584 Surium
3368 5529 3451 5587 ad-

1862 5599 1930 5656 29
1951 5598 2119 5667 Junii,
2151 5618 2298 5657 utun.
2335 5601 2385 5654 5.
