3888 6192
447 291 589 348 1567

1268 290 1329 351 8.
1367 278 1809 348 CLEMENTISI
1843 288 2012 346 R051.
2053 289 2258 346 ΡΟΝΤ.
2284 287 2513 347 OPERA
2551 291 2798 350 DUBIA.‘

3580 291 3697 347 [568

444 414 500 462 st
526 403 783 463 Faustus.
815 403 922 461 Sed
950 412 1006 461 et
1037 404 1106 461 ab
1139 405 1298 462 initio
1342 420 1468 461 cum
1517 421 1743 462 narrare
1770 404 2024 475 coepisti,
2060 424 2103 481 Α
2131 416 2389 477 poterunt
2432 416 2487 464 et
2529 423 2638 463 una
2688 418 2865 465 tecum
2899 410 3063 465 etiam
3111 426 3213 467 nos
3253 408 3566 465 audiemus.
3610 407 3697 463 Ubi

446 500 632 553 statim
666 502 719 553 in
765 498 1135 569 suspicionem
1167 498 1486 563 incidimus,
1518 514 1588 554 ne
1633 498 1773 553 forte
1818 498 1886 552 ad
1930 512 2033 553 nos

446 594 784 661 pertinerent
831 606 955 661 quae
1001 591 1357 656 dicebantur;
1403 607 1601 647 rursus
1634 597 1815 645 tamen
1850 591 2033 645 consi-

445 683 701 737 derantes
730 683 899 735 multa
947 683 1147 737 similia
1194 682 1448 738 accidere
1495 684 1548 736 in
1578 682 1689 735 vita
1722 683 2029 745 hominum,

443 774 790 835 reticuimus,
811 774 939 829 licet
965 788 1063 827 cor
1083 781 1333 829 nostrum
1364 789 1461 844 spe
1483 774 1670 844 aliqua
1697 775 2028 843 pulsaretur.

442 866 863 937 Aspiciebamus
892 881 1024 937 ergo
1056 865 1121 919 ad
1154 866 1314 920 linem
1350 866 1645 928 sermonis,
1669 873 1751 930 ut,
1772 866 1818 921 si
1850 866 1917 920 ad
1949 867 2033 921 in-

443 966 659 1029 tegrum
696 957 764 1013 de
788 958 949 1012 nobis
979 973 1101 1013 esse
1125 965 1433 1021 constaret,
1464 965 1580 1012 tum
1612 957 1930 1014 lateremur.
1966 958 2033 1012 Et

443 1067 569 1105 cum
599 1051 715 1105 haec
746 1050 1052 1119 dixissent,
1083 1051 1453 1122 lacrymantes
1488 1052 1933 1123 ingrediebantur
1963 1052 2031 1106 ad

444 1152 695 1197 matrem.
752 1142 927 1207 Quam
980 1158 1105 1197 cum
1163 1145 1499 1213 reperissent
1546 1145 1923 1213 quiescentem
1977 1152 2033 1198 et

442 1236 734 1305 complecti
767 1236 988 1299 vellent,
1044 1236 1325 1305 prohibuit
1358 1234 1557 1291 Petrus
1588 1237 1778 1290 dicens
1807 1252 1818 1285 :
1858 1235 2033 1291 Sinite

442 1343 529 1382 me
559 1328 713 1397 prius
744 1343 1054 1397 praeparare
1082 1328 1299 1383 animos
1322 1330 1520 1383 matris
1535 1337 1590 1383 et
1621 1329 1695 1383 ita
1715 1345 1813 1385 vos
1836 1329 2033 1385 ollerre

442 1419 513 1483 ei,
547 1435 617 1473 ne
655 1418 794 1473 forte
826 1421 1002 1473 multo
1030 1428 1083 1475 et
1115 1420 1302 1475 subito
1330 1420 1533 1491 gaudio
1583 1429 1767 1478 mente
1810 1422 2031 1477 excidat

438 1519 495 1564 et
524 1527 721 1565 sensus
749 1512 870 1579 ejus
908 1512 1161 1566 turbetur
1184 1552 1201 1579 ,
1232 1514 1471 1569 maxime
1509 1514 1639 1585 quia
1684 1530 1833 1569 nunc
1866 1516 2029 1570 etiam

440 1618 636 1657 somno
666 1611 931 1672 occupata
958 1611 1161 1672 stupet.

510 1692 703 1749 XXIX.
763 1694 933 1764 Igitur
992 1695 1085 1749 ubi
1131 1703 1308 1750 mater
1353 1696 1665 1750 exsurrexit
1719 1711 1751 1751 e
1807 1712 2025 1762 somno,

2136 501 2251 555 haec
2293 500 2488 557 Petrus
2536 501 2706 565 dixit,
2758 509 2933 558 mater
2970 504 3145 558 nimio
3181 502 3380 575 gaudio
3413 503 3698 571 intercepta

2135 592 2373 653 corruit,
2402 601 2457 648 et
2495 594 2717 648 tandem
2753 594 3051 663 aliquando
3082 603 3332 666 reparata
3358 604 3525 665 atque
3555 594 3606 647 in
3629 610 3700 648 se

2135 685 2422 754 metipsam
2472 699 2720 753 regressa
2742 724 2757 748 ,
2809 684 2885 738 ait
2919 702 2933 739 :
2969 682 3211 740 Obsecro
3267 701 3389 749 vos,
3411 683 3701 738 dulcissimi

2136 776 2261 840 ﬁlii,
2303 776 2474 831 dicite
2508 776 2638 830 mihi
2660 816 2675 840 ,
2710 793 2832 847 quae
2877 777 3179 833 acciderint
3208 778 3367 833 vobis
3414 783 3545 847 post
3573 776 3702 829 illam

2136 868 2357 925 feralem
2387 876 2442 923 et
2470 868 2905 924 crudelissimam
2936 879 3175 924 noctem.

2202 958 2418 1013 XXXII.
2461 957 2599 1012 Tum
2625 957 2814 1013 Niceta
2839 960 3007 1028 erepit
3049 960 3273 1014 dicere:
3306 959 3365 1013 In
3393 958 3494 1011 illa
3536 966 3701 1019 nocte,

2133 1067 2167 1106 ο
2194 1059 2389 1117 mater,
2421 1067 2546 1107 cum
2576 1052 2735 1107 navis
2768 1050 2964 1107 luisset
2994 1054 3236 1108 resoluta
3263 1062 3318 1107 et
3346 1067 3450 1106 nos
3479 1049 3705 1105 inniten-

2134 1155 2218 1200 tes
2240 1144 2549 1216 l'ragmento
2576 1144 2796 1199 cuidam
2828 1146 3140 1199 tabularum
3172 1160 3271 1212 per
3298 1144 3530 1215 pelagus
3547 1142 3705 1211 jacta—

2133 1252 2321 1292 remur
2342 1277 2356 1302 ,
2389 1236 2493 1291 viri
2527 1236 2751 1307 quidam
2776 1237 2979 1307 quibus
3011 1252 3107 1306 per
3138 1236 3471 1306 profundum
3499 1232 3707 1287 latroci-

2134 1326 2254 1379 nari
2316 1326 2609 1380 artiﬁcium
2667 1334 2788 1391 est,
2851 1335 3101 1397 repertos
3163 1327 3551 1396 imposuerunt
3618 1338 3707 1377 nos

2134 1418 2402 1473 naviculae
2433 1434 2566 1483 suae,
2599 1428 2654 1475 et
2682 1420 2852 1475 remis
2879 1419 3151 1473 undarum
3184 1419 3426 1474 vortices
3458 1431 3707 1487 superan-

2133 1518 2246 1572 tes.
2302 1512 2535 1567 diversis
2583 1511 2875 1566 itineribus
2918 1510 3226 1566 Ctesarcam
3280 1509 3561 1564 Stratonis
3597 1523 3706 1578 per-

2133 1598 2448 1663 duxerunt,
2484 1598 2669 1669 ibique
2702 1600 3003 1670 allligentes
3033 1616 3133 1655 nos
3183 1600 3347 1666 fame,
3376 1600 3703 1659 verberibus,

2134 1699 2285 1745 metu
2309 1732 2323 1756 ,
2362 1692 2440 1745 uti
2486 1707 2553 1745 ne
2581 1692 2728 1762 quod
2769 1700 2917 1748 esset
2950 1694 3004 1746 in
3046 1707 3173 1747 vero
3201 1691 3588 1760 proderemus,
3617 1692 3704 1744 im-

438 1787 645 1857 alloqui
699 1803 819 1841 eam
864 1785 1061 1843 Petrus
1091 1789 1259 1857 ρωρὶι
1308 1789 1541 1844 dicens;
1578 1788 1734 1844 Scire
1779 1798 1833 1845 te
1881 1791 2028 1855 γοιο,
2062 1781 2105 1835 Β
2135 1784 2361 1837 mutatis
2392 1783 2557 1837 etiam
2602 1783 2923 1839 nominibus
2966 1784 3172 1839 nostris
3224 1784 3593 1839 vendiderunt
3619 1796 3707 1836 nos

438 1878 657 1945 mulier,
704 1880 985 1949 religionis
1015 1888 1219 1935 nostra:
1248 1881 1685 1936 observantiam.
1712 1882 1826 1938 Nos
1862 1900 2031 1939 unum

438 1971 675 2027 colimus
709 1971 877 2026 Deum
908 1974 1004 2043 qui
1056 1973 1188 2027 fecit
1234 1974 1531 2038 mundum,
1578 1974 1745 2043 hujus
1775 1983 1829 2030 et
1858 1976 2033 2044 legem

438 2080 761 2128 servamus,
793 2082 902 2135 qua
938 2066 1161 2119 mandat
1192 2067 1245 2119 in
1292 2068 1485 2137 primis
1532 2070 1711 2137 ipsum
1743 2069 2033 2123 colendum

437 2165 492 2211 et
526 2173 725 2211 nomen
757 2158 879 2227 ejus
912 2158 1310 2221 venerandum,
1366 2167 1624 2228 parentes
1656 2160 2031 2223 honorandos,

438 2249 764 2319 pudicitiam
806 2250 1188 2321 justitiamque
1235 2250 1585 2306 servandam.
1639 2250 1746 2306 Sed
1796 2258 1851 2306 et
1896 2250 2034 2304 illud

438 2341 825 2410 observamus,
852 2358 1101 2397 mensam
1132 2358 1257 2396 cum
1309 2344 1605 2413 gentilibus
1651 2360 1763 2398 non
1828 2343 2034 2399 habere

438 2449 787 2487 communem
812 2474 825 2497 ,
860 2434 968 2489 nisi
1000 2450 1125 2489 cum
1177 2437 1515 2491 crediderint
1556 2445 1611 2490 et
1644 2444 1861 2506 recepta
1891 2437 2036 2491 veri-

435 2534 550 2580 tate
581 2526 841 2595 baptizati
873 2527 1077 2581 fuerint
1097 2570 1111 2594 ,
1144 2543 1208 2581 ac
1240 2528 1385 2582 trina
1412 2529 1651 2599 quadam
1682 2529 1831 2583 beati
1858 2528 2036 2582 nomi-

438 2620 529 2673 nis
563 2619 913 2673 invocatione
943 2622 1287 2684 consecrati,
1336 2630 1389 2675 et
1420 2631 1549 2675 tunc
1579 2637 1703 2675 cum
1737 2622 1818 2676 eis
1849 2621 2033 2675 cibum

440 2712 735 2767 sumimus.
779 2712 1036 2781 Alioquin
1069 2714 1239 2768 etiam
1279 2716 1324 2770 si
1369 2723 1525 2785 pater
1554 2723 1648 2767 aut
1679 2722 1854 2769 mater
1899 2714 2031 2777 sint,

442 2810 538 2856 aut
570 2818 710 2857 uxor
758 2811 852 2855 aut
901 2803 996 2856 ﬁlii
1032 2811 1126 2858 aut
1169 2804 1396 2864 fratres,
1429 2820 1538 2858 non
1573 2819 1869 2874 possumus
1908 2818 2034 2857 cum

440 2895 523 2949 eis
562 2909 804 2949 mensam
840 2896 1041 2950 habere
1071 2911 1441 2951 communem.
1475 2895 1616 2962 Quia
1646 2911 1778 2965 ergo
1807 2894 2031 2964 religio-

440 2988 531 3042 nis
560 3002 727 3043 causa
764 2989 1042 3058 przecipua
1076 2988 1181 3043 hoc
1228 2988 1488 3049 facimus,
1522 3004 1632 3043 non
1673 2988 1771 3042 tibi
1803 2986 2035 3055 injurio—

442 3095 565 3135 sum
596 3080 871 3143 videatur,
903 3080 1052 3150 quod
1083 3096 1193 3135 non
1226 3088 1408 3149 potest
1438 3080 1586 3135 ﬁlius
1632 3087 1764 3133 tuus
1810 3093 1920 3133 una
1950 3084 2033 3133 te-

442 3188 569 3225 cum
622 3188 840 3226 sumere
870 3174 1055 3225 cibum
1078 3214 1092 3236 ,
1134 3187 1421 3242 usquequo
1450 3172 1643 3226 eadem
1676 3171 1775 3225 tihi
1807 3170 1879 3226 sit
1912 3184 2033 3240 quae

441 3262 522 3316 illi
550 3264 823 3318 sententia
855 3264 1003 3317 ﬁdei.

516 3351 683 3408 XXX.
726 3353 938 3420 Quibus
969 3355 1060 3408 illa
1089 3354 1328 3419 auditis,
1360 3354 1427 3408 Et
1458 3352 1615 3424 quid,
1646 3353 1858 3424 inquit,
1886 3362 2035 3409 vetat

443 3444 608 3500 hodie
647 3460 735 3500 me
767 3446 1075 3517 baptizari?
1097 3462 1219 3517 quae
1248 3445 1414 3501 etiam
1452 3446 1776 3516 priusquam
1806 3454 1861 3500 te
1885 3447 2037 3502 vide-

444 3553 559 3593 rem
580 3578 595 3603 ,
628 3538 752 3593 illos
777 3555 919 3609 quos
948 3539 1141 3593 dicunt
1171 3539 1304 3594 deos
1350 3541 1572 3609 penitus
1602 3548 1857 3595 aversata
1888 3555 2033 3603 sum,

444 3629 595 3699 quod
624 3630 759 3683 mihi
804 3630 1120 3700 frequenter
1155 3639 1209 3684 et
1257 3646 1394 3699 pene
1426 3630 1675 3700 quotidie
1705 3631 2036 3686 sacrificanti

446 3724 554 3777 sibi
604 3731 866 3793 praestare
918 3730 1219 3794 potuerunt
1264 3724 1424 3778 nihil.
1474 3723 1609 3777 Nam
1656 3724 1723 3780 de
1766 3724 2035 3795 pudicitia

446 3815 577 3884 quid
602 3815 818 3870 dicam?
845 3830 969 3869 cum
1001 3832 1087 3870 me
1109 3832 1287 3885 neque
1313 3825 1444 3871 tunc
1468 3816 1677 3872 delicias
1697 3817 2034 3887 deceperint,

446 3925 626 3979 neque
654 3925 802 3962 nunc
833 3918 1050 3980 egestas
1097 3926 1326 3978 peccare
1358 3912 1710 3982 compulerit.
1746 3911 1897 3967 Satis
1938 3928 2036 3966 au-

447 4011 559 4057 tem
586 4009 720 4072 puto
754 4002 1064 4057 innotuisse
1094 4003 1217 4067 tibi,
1249 4011 1489 4073 quantus
1519 4005 1652 4057 mihi
1679 4004 1877 4059 exinde
1920 4003 2040 4059 fue-

446 4095 520 4149 rit
548 4108 704 4147 amor
731 4094 1025 4163 pudicitiae,
1060 4110 1181 4164 qum
1216 4104 1271 4148 ut
1306 4096 1595 4151 evaderem
1624 4097 1801 4151 illiciti
1832 4099 2038 4153 amoris

448 4187 683 4242 insidias
714 4188 987 4241 somnium
1022 4188 1175 4249 tinxi,
1212 4198 1271 4242 ut
1300 4204 1425 4244 cum
1451 4190 1670 4245 duobus
1698 4191 1836 4245 meis
1866 4192 2040 4261 gemi-

448 4280 538 4335 nis
568 4280 976 4349 peregrinarer,
1003 4287 1057 4335 et
1085 4279 1235 4336 hunc
1288 4282 1463 4335 solum
1499 4282 1669 4336 ﬁlium
1702 4298 1882 4337 meum
1912 4282 2039 4339 Cle-

450 4380 692 4427 mentem
743 4373 811 4427 ad
862 4374 1119 4429 solatium
1155 4374 1298 4444 patri
1334 4375 1551 4445 reliqui.
1602 4374 1659 4428 Si
1712 4376 1859 4429 enim
1902 4376 2035 4430 mihi

2135 1873 2352 1929 cuidam
2401 1875 2611 1937 viduae,
2652 1876 2897 1931 honesta:
2935 1876 3225 1931 admodum
3273 1876 3515 1938 feminae.
3556 1875 3706 1930 Just:

2135 1968 2386 2034 nomine;
2419 1983 2540 2039 qua:
2587 1983 2712 2022 eum
2753 1971 3014 2033 emisset,
3056 1970 3246 2025 habuit
3277 1971 3403 2026 loco
3452 1970 3703 2027 ﬁliorum.

2135 2058 2211 2111 ita
2244 2067 2303 2113 ut
2329 2060 2494 2113 etiam
2526 2058 2733 2115 Graecis
2765 2075 2866 2115 nos
2897 2062 3097 2117 litteris
3116 2068 3169 2116 et
3199 2062 3526 2117 liberalibus
3554 2070 3707 2115 atten-

2137 2151 2346 2207 tissime
2374 2152 2641 2208 erudiret.
2670 2151 2775 2208 Ubi
2801 2169 2931 2208 vero
2961 2154 3321 2217 adolevimus,
3347 2156 3518 2209 etiam
3552 2154 3707 2224 philo.

2137 2245 2434 2313 50phorum
2484 2246 2683 2301 studiis
2716 2261 2937 2316 operam
2970 2246 3223 2301 dedimus
3245 2288 3259 2315 ,
3291 2262 3403 2317 quo
3439 2262 3705 2317 possemus

2136 2339 2419 2410 religionis
2447 2340 2648 2395 divina:
2674 2340 2931 2409 dogmata
2970 2340 3370 2410 philosophicis
3398 2340 3705 2409 disputatio-

2136 2430 2301 2484 nibus
2334 2439 2649 2486 asserentes
2671 2430 2958 2485 conl'utare
2985 2431 3239 2502 gentiles.

2208 2520 2445 2577 XXXIII.
2487 2521 2700 2577 Simoni
2744 2532 2923 2577 autem
2960 2522 3179 2576 cuidam
3214 2536 3376 2591 mago
3420 2521 3514 2591 qui
3540 2518 3704 2574 nobis-

2136 2632 2261 2672 cum
2292 2630 2400 2670 una
2423 2616 2689 2671 educatus
2710 2622 2826 2679 est,
2862 2629 2964 2684 pro
2992 2614 3253 2668 amicitiis
3276 2621 3331 2667 et
3365 2613 3561 2682 puerili
3586 2627 3704 2665 con-

2137 2708 2431 2764 suetudine
2478 2707 2853 2771 adliaesimus,
2904 2708 2978 2760 ita
3027 2715 3087 2761 ut
3138 2721 3277 2777 pene
3325 2707 3398 2761 ab
3445 2721 3511 2761 eo
3549 2704 3700 2771 decipi

2137 2811 2445 2865 possemus.
2469 2794 2665 2851 Fertur
2684 2795 2831 2851 enim
2865 2795 2922 2849 in
2946 2795 3212 2865 religione
3235 2805 3431 2851 nostra
3458 2808 3626 2850 sema
3645 2793 3701 2845 de

2138 2889 2405 2959 propheta
2432 2889 2669 2958 quodam
2697 2929 2712 2953 ,
2740 2887 2900 2957 cujus
2934 2887 3002 2940 ab
3027 2886 3285 2942 omnibus
3324 2889 3425 2958 qui
3478 2883 3701 2956 religioni

2138 2982 2265 3036 huic
2293 2982 2611 3036 deserviunt
2641 2987 2958 3050 speraretur
2986 2979 3276 3043 adventus,
3306 2995 3410 3050 per
3436 2994 3589 3051 quem
3614 2978 3700 3031 im-

2139 3076 2386 3130 mortalis
2427 3083 2481 3130 et
2515 3076 2671 3130 beata
2699 3076 2811 3129 vita
2846 3073 3203 3129 credentibus
3233 3073 3420 3128 danda
3464 3068 3699 3142 promitti-

2139 3173 2249 3220 tur.
2283 3164 2441 3219 Hunc
2469 3180 2600 3235 ergo
2631 3179 2733 3219 nos
2762 3165 3089 3234 putabamus
3116 3179 3240 3219 esse
3283 3161 3581 3219 Simonem.
3610 3158 3697 3214 Sed

2139 3260 2255 3313 haec
2279 3258 2399 3323 tibi,
2426 3265 2621 3321 mater,
2657 3258 3024 3327 opportunius
3047 3264 3417 3327 exponentur.
3453 3255 3560 3311 Nos
3579 3256 3697 3309 inte-

2137 3353 2245 3404 rim
2276 3365 2402 3405 cum
2432 3366 2570 3420 pene
2592 3350 2705 3418 jam
2735 3350 3117 3420 deciperemur
3144 3365 3173 3402 a
3214 3348 3473 3415 Simone,
3503 3347 3695 3420 quidam

2138 3444 2347 3515 collega
2377 3442 2587 3497 domini
2611 3442 2718 3497 mei
2745 3441 3217 3507 Petri,Zacehaaus
3240 3444 3489 3508 nomine,
3516 3438 3695 3495 monuit

2138 3553 2213 3593 ne
2240 3536 2558 3591 falleremur
2589 3550 2619 3588 a
2651 3550 2810 3605 mago
2836 3575 2853 3600 ,
2887 3535 2983 3590 sed
3031 3535 3232 3589 obtulit
3282 3550 3389 3590 nos
3419 3529 3695 3588 advenienti

2140 3629 2307 3684 Petro
2332 3636 2391 3682 ut
2419 3629 2490 3683 ab
2521 3629 2641 3698 ipso
2674 3643 2795 3697 quae
2829 3635 2988 3683 erant
3021 3642 3154 3682 sana
3184 3634 3238 3682 et
3272 3627 3517 3696 perlecta
3559 3623 3695 3677 doce-

2139 3737 2361 3788 remur;
2386 3720 2534 3790 quod
2566 3727 2621 3775 et
2649 3720 2749 3773 tibi
2772 3727 3028 3789 Optamus
3051 3718 3292 3782 evenire,
3321 3719 3466 3773 sicut
3490 3722 3541 3771 et
3563 3709 3694 3768 nobis

2140 3820 2416 3873 concessit
2437 3816 2602 3881 Deus,
2618 3826 2678 3870 ut
2703 3817 2981 3886 possimus
3002 3820 3167 3872 etiam
3194 3815 3383 3870 cibum
3408 3825 3460 3870 et
3481 3822 3689 3868 mensam

2141 3913 2343 3969 habere
2393 3926 2764 3966 communem.
2816 3908 2958 3964 Hinc
2988 3922 3119 3980 ergo
3164 3908 3296 3969 fuit,
3356 3917 3545 3972 mater,
3572 3900 3692 3975 quod

2140 4021 2242 4060 nos
2275 4019 2306 4057 a
2336 4002 2531 4073 piratis
2559 4011 2769 4073 raptos,
2792 4009 2851 4057 tu
2882 4003 2938 4057 in
2968 4002 3110 4056 mari
3139 4000 3435 4059 defunctos
3462 4014 3578 4057 esse
3598 4011 3691 4051 cre-

2139 4099 2352 4155 didisti.

2211 4190 2451 4247 XXXIV.
2494 4191 2631 4248 Cum
2664 4191 2780 4245 h:ec
2810 4189 3047 4245 dixisset
3067 4186 3256 4243 Niceta
3279 4227 3294 4249 ,
3340 4194 3510 4243 mater
3532 4190 3689 4237 nostra

2140 4284 2377 4356 procidit
2404 4284 2471 4338 ad
2504 4283 2670 4355 pedes
2703 4282 2889 4345 Petri,
2922 4296 3124 4352 rogans
3147 4288 3200 4335 et
3234 4280 3551 4339 obsecrans,
3577 4279 3691 4328 utet

2142 4379 2378 4449 seipsam
2428 4385 2482 4431 et
2522 4377 2795 4446 hospitam
2840 4389 2995 4430 suam
3034 4382 3286 4428 evocaret
3330 4374 3449 4427 sine
3479 4382 3611 4424 mora
3640 4378 3690 4417 ac

450 4466 562 4518 duo
613 4466 702 4518 vix
748 4465 1125 4530 sulliciebant,
1173 4476 1384 4536 quanto
1437 4467 1612 4537 magis
1654 4469 2040 4523 contristasset
2072 4471 2115 4526 D
2144 4471 2469 4540 baptizaret,
2497 4469 2577 4522 uti
2607 4483 2677 4521 ne
2708 4482 2816 4520 una
2846 4509 2860 4532 ,
2886 4466 3106 4536 inquit,
3138 4465 3227 4521 die
3256 4464 3510 4519 damnum
3543 4458 3691 4530 patiar

450 4566 699 4627 patrem,
742 4559 788 4612 si
833 4559 1044 4612 nullum
1089 4561 1309 4629 penitus
1341 4559 1663 4615 habuisset?
1714 4560 1843 4613 Erat
1888 4562 2033 4615 cnim

448 4648 620 4703 miser
651 4648 845 4716 grandi
878 4648 1076 4703 aﬁ‘ectu
1108 4665 1237 4718 erga
1264 4652 1425 4712 lilios,
1463 4650 1537 4703 ita
1565 4659 1625 4703 ut
1649 4650 1734 4703 vix
1762 4651 1811 4703 ei
1838 4651 2037 4705 somnii

452 4741 754 4795 auctoritas
781 4752 1152 4812 extorqueret,
1184 4742 1508 4797 Faustinum
1543 4751 1597 4797 et
1627 4742 1889 4798 Faustum
1914 4742 2038 4799 Cle-

452 4835 654 4889 mentis
683 4835 848 4903 hujus
878 4835 1076 4891 fratres
1125 4838 1256 4891 mihi
1293 4836 1630 4900 concedere,
1680 4844 1734 4891 et
1768 4835 1887 4908 ipse
1918 4837 2037 4892 solo

453 4934 745 4981 contentus
774 4936 922 4984 esset
953 4929 1257 4985 Clemente.

526 5017 717 5074 XXXI.
761 5019 887 5075 llmc
918 5021 1008 5075 illa
1057 5038 1182 5076 cum
1209 5023 1452 5087 diceret,
1487 5024 1631 5077 ultra
1664 5036 1773 5075 non
1802 5020 2040 5076 ferentes

454 5110 655 5166 fratres
685 5112 791 5165 mei
816 5112 1037 5166 irruunt
1063 5114 1118 5167 in
1138 5116 1462 5185 complexus
1489 5117 1681 5170 matris
1697 5129 1822 5169 cum
1850 5113 2041 5168 multis

454 5204 735 5275 Iacrymis,
769 5212 823 5258 et
853 5208 1179 5261 osculantur
1203 5223 1343 5261 eam.
1367 5208 1436 5261 At
1464 5208 1588 5261 illa:
1613 5207 1756 5272 Quid
1792 5207 1930 5269 vult,
1963 5206 2042 5258 in-

454 5297 595 5365 quit,
629 5297 733 5351 hoc
762 5299 921 5353 esse?
940 5296 1077 5353 Tum
1110 5298 1304 5355 Petrus
1331 5316 1344 5349 :
1376 5299 1793 5363 Noloturberis,
1820 5297 2039 5359 mulier,

454 5398 718 5445 constans
749 5398 905 5459 esto;
948 5390 1038 5446 isti
1086 5400 1215 5448 sunt
1264 5392 1563 5447 Faustinus
1588 5399 1643 5447 et
1672 5389 1911 5446 Faustus
1946 5388 2040 5443 ﬁlii

456 5481 537 5535 tui
561 5498 702 5551 quos
727 5484 781 5536 in
814 5482 1087 5553 profundo
1120 5485 1329 5554 perisse
1355 5486 1616 5551 dicebas;
1642 5484 1920 5554 quomodo
1950 5498 2042 5537 au-

456 5583 569 5629 tem
606 5577 793 5630 vivant
832 5584 885 5630 et
926 5577 1202 5648 quomodo
1246 5579 1302 5632 in
1348 5578 1440 5631 illa
1473 5578 1727 5632 horribili
1773 5583 1936 5632 nocte
1974 5577 2043 5631 de

454 5665 733 5735 profundo
757 5670 1053 5735 evaserint,
1072 5678 1127 5725 et
1146 5672 1605 5740 quemadmodum
1630 5672 1772 5725 alius
1797 5672 2041 5740 ipsorum

456 5753 647 5811 Niceta
696 5767 749 5812 et
784 5759 923 5813 alius
976 5760 1166 5829 Aquila
1214 5760 1447 5825 dicatur,
1485 5760 1587 5829 ipsi
1627 5761 1724 5814 tibi
1765 5772 2041 5827 exponere

2140 4561 2409 4617 consortii
2441 4568 2497 4615 et
2527 4560 2810 4614 societatis
2851 4566 3123 4624 natorum,
3150 4571 3419 4613 meorum.
3462 4552 3688 4609 Similiter

2140 4664 2320 4708 autem
2348 4661 2404 4709 et
2434 4668 2536 4707 nos
2570 4651 2664 4705 ﬁlii
2692 4651 2814 4719 ejus
2843 4650 3175 4720 rogabamus
3210 4648 3452 4704 Petrum.
3485 4648 3547 4700 At
3573 4646 3684 4698 ille:

2140 4746 2279 4812 Quid
2327 4745 2577 4815 putatis,
2621 4745 2834 4814 inquit,
2866 4744 2992 4814 quia
3036 4758 3139 4812 ego
3183 4742 3563 4797 immisericors
3584 4751 3683 4791 sum

2142 4841 2315 4906 solus,
2348 4846 2402 4893 et
2426 4838 2552 4892 nolo
2577 4852 2676 4892 vos
2707 4837 2901 4891 matris
2934 4834 3191 4889 convivio
3221 4834 3460 4890 sociari?
3486 4830 3579 4885 Sed
3601 4841 3683 4881 ne-

2139 4947 2295 4987 cesse
2325 4940 2408 4987 est
2436 4946 2555 4985 eam
2594 4930 2677 4984 vel
2712 4945 2820 4983 una
2849 4929 2938 4984 die
2976 4929 3229 4999 jejunare
3263 4929 3418 4998 prius
3448 4932 3497 4979 et
3518 4924 3583 4976 ita
3604 4920 3682 4973 ba»-

2143 5025 2360 5094 ptizari,
2395 5032 2449 5078 et
2480 5025 2583 5077 hoc
2611 5024 2742 5092 quia
2772 5038 3082 5078 sermonem
3114 5022 3184 5075 ab
3210 5035 3274 5076 ea
3306 5018 3574 5091 quemdam
3603 5028 3658 5065 au

2142 5116 2289 5180 divi,
2335 5131 2434 5185 per
2489 5129 2650 5185 quem
2704 5114 2837 5169 mihi
2900 5112 3035 5168 ﬁdes
3090 5111 3212 5183 ejus
3266 5111 3461 5166 claruit
3514 5115 3562 5161 et
3605 5100 3679 5171 qui

2143 5208 2405 5262 indicium
2434 5208 2584 5263 dedit
2615 5207 2960 5263 credulitatis
2989 5206 3129 5275 ejus,
3155 5206 3359 5275 alioqui
3394 5200 3565 5257 multis
3582 5208 3677 5251 eam

2144 5299 2337 5355 diebus
2360 5300 2650 5371 oportebat
2677 5308 2804 5353 ante
2835 5299 3031 5353 instrui
3063 5306 3118 5352 et
3147 5297 3353 5353 doceri.

2214 5390 2432 5446 XXXV.
2478 5390 2545 5445 Et
2592 5406 2725 5462 ego:
2764 5390 2965 5456 Qutcso
2989 5398 3063 5452 te,
3105 5389 3350 5459 inquam,
3382 5382 3583 5441 domine
3616 5371 3675 5427 mi

2144 5483 2326 5547 Petre,
2366 5484 2455 5538 dic
2497 5479 2622 5554 quis
2672 5492 2757 5538 cst
2794 5484 2900 5539 iste
2937 5496 3121 5537 sermo
3157 5497 3319 5553 quem
3347 5478 3478 5534 dicis
3497 5469 3676 5529 dedisse

2144 5577 2246 5631 tibi
2278 5575 2539 5631 indicium
2572 5574 2696 5631 ﬁdei
2730 5574 2887 5646 ejus?
2926 5574 2992 5628 Et
3024 5573 3223 5629 Petrus
3257 5594 3269 5626 :
3304 5572 3391 5626 Ille
3422 5579 3582 5624 sermo
3606 5566 3671 5613 est

2145 5683 2256 5739 quo
2293 5668 2530 5739 rogavit,
2560 5675 2620 5722 ut
2660 5674 2715 5722 ct
2760 5666 2977 5737 hospita
3011 5681 3112 5721 sua
3136 5665 3296 5735 cujus
3328 5656 3585 5717 beneﬁciis
3608 5664 3673 5701 n-

2148 5775 2264 5813 ccm
2292 5757 2517 5814 reddere
2542 5754 2837 5827 desiderat,
2873 5756 3037 5811 simul
3078 5756 3379 5826 baptizetur
3413 5763 3523 5806 cum
3554 5746 3663 5814 ipsa
