3888 6192
274 303 416 362 i309

1440 291 2008 353 RECOGNITIONUM
2071 290 2201 349 LIB.
2244 292 2360 351 VII.

3400 291 3539 348 I370

270 415 394 474 Non
424 422 606 472 autem
628 419 870 485 rogaret,
896 419 958 468 ut
984 413 1062 468 illi
1093 425 1259 484 quam
1285 408 1463 484 diligit
1496 417 1856 481 praestaretur
1881 415 1930 473 Α
1948 408 2068 478 jam
2089 408 2379 463 minitatus
2409 416 2488 463 est
2514 423 2633 462 eam
2663 408 2719 462 in
2746 406 2903 463 corde
2932 424 3049 463 suo.
3077 406 3144 462 Et
3169 408 3258 464 his
3288 409 3535 468 addidit:

274 509 395 565 haec
425 508 622 580 gratia,
649 506 757 562 nisi
787 505 1114 561 credidisset
1146 504 1294 575 quod
1341 518 1600 574 magnum
1636 502 1856 573 aliquod

274 602 334 656 in
366 600 697 670 baptismate
732 613 935 653 munus
976 604 1146 653 esset.
1183 594 1339 651 Unde
1372 602 1428 651 et
1459 609 1561 665 ego
1585 594 1631 625 '°
1661 609 1855 664 repre~

275 693 459 749 bendo
508 692 776 761 plurimos
815 691 912 761 qui
959 705 1082 745 cum
1129 689 1235 759 ipsi
1273 688 1622 758 baptizentur
1650 694 1706 742 et
1736 701 1856 742 cne-

274 784 433 847 dant,
465 784 606 840 nihil
636 793 816 839 tamen
848 782 1072 853 dignum
1102 781 1207 837 [ide
1248 787 1416 851 agunt
1448 795 1571 834 cum
1603 780 1689 835 his
1718 794 1856 849 quos

274 875 533 947 diligunt,
569 876 623 930 id
654 881 739 931 est
770 875 1038 929 uxoribus
1077 874 1164 930 vel
1194 873 1323 928 ﬁliis
1352 872 1437 928 vel
1468 872 1682 936 amicis,
1716 887 1855 941 quos

274 983 386 1022 non
433 966 502 1021 ad
542 968 644 1021 hoc
686 967 978 1021 hortantur
1013 965 1160 1037 quod
1201 965 1306 1035 ipsi
1352 963 1590 1020 assecuti
1625 972 1776 1023 sunt,
1810 966 1855 1018 si

274 1059 497 1129 quidem
530 1074 657 1114 vere
695 1058 1031 1113 crediderint
1057 1057 1204 1128 quod
1238 1067 1444 1112 aeterna
1480 1057 1591 1112 vita
1630 1073 1726 1128 per
1753 1058 1857 1112 hoc

274 1150 531 1207 donatur.
565 1151 809 1221 Denique
833 1150 880 1205 si
910 1166 1005 1206 eos
1040 1158 1309 1220 aegrotare
1329 1149 1552 1205 videant
1587 1160 1681 1203 aut
1714 1149 1860 1219 peri-

276 1244 404 1297 culo
439 1244 603 1297 alicui
649 1244 945 1299 carnaliter
987 1243 1293 1312 subjacere,
1330 1243 1517 1297 dolent
1565 1250 1620 1297 et
1648 1243 1855 1312 lugent,

277 1336 407 1407 quia
446 1336 502 1390 in
546 1336 650 1391 hoc
694 1336 830 1391 certi
858 1342 987 1390 sunt
1011 1335 1092 1390 eis
1117 1336 1402 1390 imminere
1429 1334 1747 1405 perniciem.
1780 1334 1857 1389 Ita

274 1444 431 1499 ergo,
462 1429 508 1483 si
531 1437 585 1484 et
612 1428 680 1483 de
703 1429 810 1482 hoc
840 1427 975 1482 certi
1002 1434 1189 1482 essent
1222 1427 1369 1496 quod
1402 1428 1495 1497 qui
1535 1426 1707 1481 Deum
1748 1442 1858 1481 non

274 1523 489 1586 colunt,
522 1530 707 1576 manet
729 1538 824 1577 eos
860 1535 1023 1592 poena
1054 1520 1199 1592 ignis
1227 1522 1443 1584 :eterni,
1483 1522 1704 1592 quando
1732 1537 1851 1577 ces-

276 1622 466 1670 sarent
510 1623 797 1670 monentes
850 1622 905 1669 et
946 1614 1338 1668 cohortantes?
1380 1614 1489 1666 Aut
1543 1613 1588 1668 si
1622 1613 1858 1667 obsiste-

274 1714 420 1771 rent,
453 1706 731 1778 quomodo
788 1722 898 1761 non
946 1705 1197 1775 lugerent
1251 1720 1347 1760 eos
1405 1714 1461 1760 et
1514 1706 1856 1774 plangerent,

1958 499 2021 555 Si
2049 501 2232 556 oculus
2284 510 2405 555 tuus
2456 499 2641 554 dexter
2687 501 3023 555 scandalizat
3055 513 3122 565 te,
3155 518 3279 557 erue
3321 520 3440 558 eum
3486 516 3540 560 et

1957 592 2129 663 abjicc
2159 593 2254 647 abs
2283 602 2367 658 te;
2390 593 2601 663 expedit
2624 594 2762 647 enim
2792 593 2886 647 tibi
2906 605 2962 646 ut
2986 610 3149 647 unum
3186 594 3538 651 membrorum

1959 693 2170 739 tuorum
2199 695 2399 754 pereat,
2424 702 2584 756 quam
2615 695 2783 739 totum
2813 701 3003 754 corpus
3027 696 3175 739 tuum
3202 688 3449 742 mittatur
3483 690 3540 743 in

1957 776 2247 849 gehennam
2288 778 2426 848 ignis
2450 778 2517 832 ⁸³.
2567 776 2690 831 Non
2739 777 2875 832 dixit
2909 796 2923 833 :
2955 778 3348 834 scandalizavit
3375 789 3448 845 te,
3480 790 3542 837 ut

1958 876 2315 939 posteaquam
2330 872 2644 939 peccaveris
2661 878 2792 924 tunc
2807 870 3036 940 abjicias
3055 886 3279 926 causam
3300 875 3531 943 peccati,

1959 961 2054 1015 sed
2080 978 2096 1014 :
2132 962 2181 1015 si
2208 961 2543 1016 scandalizat
2573 971 2640 1027 te,
2662 963 2765 1017 hoc
2787 972 2892 1027 est,
2910 973 2969 1018 ut
2998 972 3289 1034 antequam
3323 981 3537 1035 pecces,

1959 1068 2182 1108 causam
2209 1054 2419 1125 peccati
2448 1057 2797 1125 provocantis
2822 1065 2873 1109 te
2895 1064 2950 1110 et
2970 1057 3239 1111 irritantis
3262 1057 3537 1114 abscidas.

1958 1145 2174 1216 Nequis
2196 1154 2375 1201 autem
2391 1154 2631 1202 vestrum
2658 1156 2828 1217 putet,
2847 1146 3068 1212 fratres,
3093 1150 3239 1219 quod
3269 1152 3542 1207 membro-

1960 1255 2081 1293 rum
2097 1239 2523 1309 amputationem
2538 1240 3153 1313 mandaveritpominus
3169 1262 3182 1296 :
3199 1245 3541 1313 propositum

1962 1347 2017 1386 tn
2042 1331 2147 1386 hoc
2173 1333 2288 1386 vult
2317 1332 2579 1397 resecari,
2613 1348 2725 1387 non
2748 1334 2993 1388 membra
3018 1343 3071 1389 et
3102 1350 3301 1391 causas
3323 1352 3447 1406 quae
3472 1338 3541 1391 ad

1962 1424 2301 1493 peccandum
2334 1424 2589 1488 illiciunt,
2615 1441 2725 1494 quo
2759 1426 3017 1496 cogitatio
3056 1437 3243 1482 nostra
3282 1437 3541 1490 aspectus

1959 1514 2217 1569 vehiculo
2248 1515 2530 1578 subvecta,
2565 1516 2631 1570 ad
2658 1531 2900 1572 amorem
2935 1516 3029 1572 Dei
3070 1519 3326 1575 sensibus
3352 1536 3544 1592 corpo-

1961 1606 2072 1662 reis
2110 1607 2288 1661 invisa
2329 1607 2645 1669 contendat.
2672 1624 2773 1663 nec
2803 1611 3122 1666 carnalibus
3154 1612 3352 1675 oculis,
3390 1618 3541 1668 velut

1962 1700 2383 1755 lascivientibus
2417 1699 2576 1770 equis
2626 1707 2680 1754 et
2739 1708 2894 1755 extra
2944 1702 3330 1756 mandatorum
3398 1704 3540 1758 viam

274 1799 414 1853 certi
458 1810 663 1853 meum
706 1799 787 1853 eis
833 1798 1121 1853 imminere
1168 1797 1477 1867 supplicia?
1517 1795 1674 1851 Nunc
1730 1812 1861 1866 ergo
1892 1784 1931 1836 Β
1962 1806 2186 1846 currum
2219 1791 2497 1846 declinare
2527 1792 2900 1861 cupientibus,
2936 1793 3143 1847 relaxet
3182 1793 3336 1847 frena
3367 1803 3420 1849 et
3445 1794 3544 1847 ha-

276 1891 425 1945 illam
456 1890 676 1961 quidem
699 1891 985 1945 mulierem
1009 1891 1365 1945 evocabimus
1396 1890 1773 1959 postmodum,
1807 1894 1860 1942 et

274 1980 588 2035 videbimus
617 1982 662 2035 si
706 1988 853 2034 amat
880 1978 1039 2035 ﬁdem
1064 1977 1346 2049 religionis
1378 1986 1602 2040 nostrae,
1629 1984 1683 2032 et
1703 1984 1864 2047 prout

274 2087 623 2142 consequens
649 2072 814 2126 fuerit
833 2087 1076 2141 agemus.
1102 2071 1227 2126 Haec
1245 2077 1426 2125 autem
1456 2069 1717 2139 quoniam
1735 2068 1866 2123 lide~

275 2164 405 2219 liter
440 2163 613 2220 sensit
657 2166 725 2220 de
756 2165 1051 2236 baptismo,
1086 2165 1298 2234 jejunct
1343 2163 1427 2218 vel
1472 2177 1583 2216 una
1613 2161 1702 2217 die
1738 2167 1865 2216 ante

276 2252 637 2324 hptismnm.

348 2345 595 2401 XXXVI.
637 2347 706 2400 At
729 2347 818 2401 illa
845 2361 969 2402 cum
988 2348 1307 2417 juramento
1329 2345 1705 2401 satisfaciebat
1730 2361 1865 2415 pra:-

274 2448 435 2496 Iente
458 2454 631 2493 uxore
657 2438 865 2493 domini
887 2439 991 2493 mei
1022 2436 1190 2500 Petri,
1215 2437 1341 2507 quia
1372 2452 1438 2491 ex
1461 2451 1570 2506 quo
1596 2451 1862 2507 recogno-

275 2530 418 2584 verit
447 2529 640 2594 lilium,
668 2544 783 2599 pra:
826 2529 997 2583 multo
1029 2528 1230 2598 gaudio
1273 2527 1457 2583 cibum
1498 2542 1695 2596 capere
1743 2542 1864 2580 om-

275 2622 414 2677 nino
459 2622 792 2692 nequiverit,
833 2622 941 2679 nisi
984 2622 1246 2678 hesterna
1302 2621 1392 2676 die
1437 2622 1665 2675 calicem
1709 2636 1864 2691 aqua:

278 2717 461 2771 solum
490 2716 714 2772 biberit.
753 2714 1085 2771 Testabatur
1109 2721 1290 2769 autem
1321 2722 1376 2770 et
1401 2730 1539 2769 uxor
1571 2713 1741 2779 Petri,
1780 2715 1865 2771 di-

277 2821 415 2862 cens
448 2806 524 2861 ita
553 2820 699 2863 esse.
734 2806 799 2861 Et
829 2807 1024 2877 Aquila
1053 2806 1166 2861 ait:
1196 2806 1337 2872 Quid
1389 2820 1522 2876 ergo
1553 2806 1736 2859 obstat
1765 2820 1865 2859 cur

279 2917 391 2957 non
429 2901 771 2972 baptizetur?
801 2900 939 2954 Tum
984 2900 1181 2956 Petrus
1227 2900 1561 2955 subridens:
1601 2898 1707 2954 Sed
1751 2914 1860 2954 non

277 3000 386 3059 est,
411 2993 609 3062 inquit.
639 2993 744 3046 hoc
783 2992 1059 3061 jejunium
1102 2990 1383 3061 baptismi,
1416 2991 1561 3061 quod
1595 3007 1702 3045 non
1734 3006 1864 3061 pro-

279 3089 403 3152 pter
429 3082 1081 3152 baptismumjejunatum
1118 3088 1223 3136 est.
1248 3080 1312 3133 Et
1333 3079 1518 3136 Niceta
1538 3099 1551 3135 :
1574 3079 1681 3135 Sed
1698 3080 1857 3141 forte,

279 3176 483 3247 inquit,
515 3177 704 3231 volens
738 3174 882 3230 Deus
910 3182 1144 3230 matrem
1195 3183 1442 3229 nostram
1474 3189 1578 3229 nec
1621 3189 1737 3228 una
1770 3174 1859 3229 die

280 3270 482 3341 agnitis
512 3268 673 3324 nobis
721 3268 967 3338 separari
999 3283 1031 3321 a
1060 3267 1340 3322 consortio
1388 3281 1595 3321 mensa:
1635 3274 1859 3331 nostrae,

277 3364 673 3436 pmordinavit
698 3363 803 3417 hoc
830 3370 889 3417 ut
915 3368 1043 3416 ante
1067 3360 1366 3431 jejunaret.
1400 3359 1557 3414 Sicut
1588 3358 1734 3415 enim
1759 3375 1865 3429 pu-

280 3458 527 3513 dicitiam
562 3458 801 3512 servavit
842 3456 899 3510 in
949 3454 1280 3526 ignorantia,
1308 3461 1367 3506 ut
1396 3453 1689 3522 proliceret
1714 3453 1763 3506 ei
1794 3451 1861 3505 ad

280 3549 543 3621 baptismi
576 3549 831 3619 gratiam,
860 3548 937 3602 ita
957 3546 1226 3618 jejunavit
1258 3552 1552 3615 antequam
1585 3544 1753 3599 sciret
1781 3543 1866 3613 je-

276 3640 420 3706 junii
467 3640 764 3705 rationem,
797 3646 858 3692 ut
888 3638 1183 3709 proliceret
1217 3638 1269 3692 ei
1318 3635 1387 3691 ad
1429 3636 1785 3706 baptismum,
1812 3642 1866 3690 et

282 3731 472 3785 statim
501 3731 571 3785 ab
599 3731 757 3785 initio
785 3730 1080 3801 agnitionis
1103 3735 1308 3785 nostra:
1335 3728 1629 3784 nobiscum
1657 3730 1866 3799 pariter

280 3837 488 3879 mensa:
509 3825 787 3879 consortio
813 3822 1104 3878 frueretur.

357 3914 619 3970 XXXVII.
664 3914 802 3969 Tum
846 3914 1040 3970 Petrus
1072 3933 1085 3969 :
1113 3912 1235 3969 Non
1277 3930 1402 3979 nos,
1448 3914 1653 3986 inquit,
1680 3914 1866 3970 vincat

282 4012 560 4083 malignus
607 4011 901 4068 occasione
948 4017 1172 4081 accepta
1210 4027 1309 4082 per
1349 4009 1605 4065 aﬂ‘ectum
1646 4007 1863 4073 matris,

282 4106 385 4162 sed
430 4106 608 4177 magis
644 4122 744 4162 vos
785 4112 842 4161 et
885 4119 986 4175 ego
1031 4104 1313 4159 vobiscum
1356 4103 1519 4158 hodie
1550 4102 1865 4172 jejunemus

282 4214 413 4254 cum
460 4200 601 4270 ipsa,
640 4206 695 4254 et
754 4198 1003 4252 crastino
1062 4197 1433 4267 baptizabitur
1482 4193 1634 4266 (47);
1687 4208 1865 4263 neque

280 4294 431 4347 enim
460 4291 671 4361 justum
725 4298 810 4347 est
860 4291 929 4345 ad
961 4290 1193 4360 gratiam
1228 4303 1478 4359 persona:
1529 4285 1767 4355 alicujus
1810 4292 1864 4340 et

284 4383 560 4446 amicitiae,
594 4384 792 4439 resolvi
850 4392 904 4438 et
938 4381 1225 4437 extenuari
1279 4389 1549 4450 praecepta
1590 4378 1860 4434 veritatis.

1966 1884 2136 1939 benas
2160 1884 2474 1954 indulgeat;
2507 1885 2602 1939 sed
2636 1892 2853 1938 revocet
2883 1892 3164 1953 aspectum
3194 1887 3442 1956 corporis
3475 1887 3541 1941 ad

1965 1976 2254 2030 arbitrium
2270 1977 2557 2043 mentis,et
2569 1978 2760 2033 oculos
2785 1985 3006 2033 nostros
3029 1994 3167 2047 quos
3188 1976 3330 2033 Deus
3358 1980 3543 2050 operis

1967 2068 2051 2123 sui
2070 2069 2409 2137 inspectores
2422 2084 2547 2124 esse
2572 2070 2809 2124 voluitet
2823 2077 3011 2133 testes,
3040 2086 3149 2125 non
3174 2073 3413 2141 patiatur
3428 2074 3543 2128 fieri

1966 2159 2194 2214 lenones
2225 2160 2353 2215 mali
2383 2160 2665 2217 desiderii.
2694 2161 2761 2215 Et
2792 2162 2913 2217 ideo
2954 2162 3150 2218 cedant
3176 2165 3278 2235 legi
3304 2164 3399 2220 Dei
3433 2174 3541 2221 tam

1971 2252 2223 2321 corporei
2277 2267 2476 2309 sensus
2522 2269 2686 2324 quam
2728 2254 2943 2309 interna
2974 2257 3265 2328 cogitatio,
3308 2266 3361 2314 et
3395 2260 3542 2315 illius

1963 2344 2234 2398 voluntati
2259 2345 2576 2400 ministrent
2596 2346 2755 2415 cujus
2781 2363 2840 2402 se
2868 2363 3031 2417 opera
3056 2365 3179 2405 esse
3207 2351 3541 2421 intelligunt.

2038 2434 2328 2490 XXXVIII.
2373 2436 2545 2508 Igitur
2576 2446 2634 2492 ut
2657 2438 2794 2493 ordo
2824 2441 3068 2511 mysterii
3100 2443 3362 2511 poscebat
3385 2451 3439 2498 et
3463 2459 3547 2497 ra-

1965 2526 2063 2592 tio,
2100 2527 2189 2583 die
2228 2536 2448 2598 postera
2501 2530 2818 2601 baptizatur
2844 2532 2900 2586 in
2925 2534 3084 2598 mari,
3117 2542 3171 2589 et
3196 2551 3447 2606 regressa
3477 2537 3543 2591 ad

1968 2619 2271 2690 hospitium
2304 2620 2562 2675 omnibus
2590 2633 2994 2693 consequenter
3021 2626 3299 2697 mysteriis
3329 2628 3547 2698 religio-

1967 2712 2055 2767 nis
2088 2711 2371 2767 imbuitur.
2406 2712 2715 2768 Aderamus
2760 2722 2943 2770 autem
2987 2724 3043 2771 et
3063 2732 3166 2772 nos
3200 2718 3293 2772 lilii
3321 2721 3427 2783 sui,
3454 2719 3550 2774 ΝΞ·-

1965 2813 2086 2861 ceta
2131 2812 2187 2861 et
2229 2805 2425 2875 Aquila
2457 2813 2511 2861 et
2557 2822 2657 2877 ego
2680 2805 2955 2864 Clemens.
2991 2807 3057 2863 Et
3083 2818 3206 2880 post
3234 2813 3349 2866 haec
3381 2812 3549 2868 simul

1967 2913 2092 2953 cum
2123 2913 2187 2953 ea
2219 2899 2565 2969 prandimus,
2598 2907 2652 2954 et
2697 2900 2861 2955 simul
2890 2902 3318 2971 gloriﬁcavimus
3349 2902 3546 2971 Deum,

1968 2990 2269 3047 referentes
2300 2993 2506 3063 gratias
2533 2992 2733 3048 studiis
2765 3000 2819 3049 et
2844 2994 3110 3049 doctrinae
3140 2994 3304 3061 Petri,
3327 2998 3419 3067 qui
3448 3014 3549 3051 no-

1966 3083 2053 3138 bis
2070 3083 2314 3139 ostendit
2343 3101 2441 3155 per
2469 3086 2816 3140 occasionem
2844 3087 3059 3149 matris,
3090 3090 3364 3157 quomodo
3390 3090 3549 3159 pudi-

1965 3175 2111 3233 citia:
2139 3176 2343 3230 bonum
2373 3191 2484 3231 non
2509 3184 2690 3248 pereat
2714 3180 2855 3248 apud
2883 3177 3073 3243 Deum,
3106 3181 3250 3235 sicut
3280 3193 3549 3237 econtra-

1966 3269 2052 3324 rio
2094 3270 2460 3339 impudicitia,
2504 3271 2704 3341 inquit,
2736 3272 2951 3327 etiamsi
2982 3288 3093 3327 non
3123 3274 3330 3341 statim,
3366 3283 3548 3331 tamen

1966 3362 2096 3417 licet
2149 3363 2306 3418 tarde
2354 3378 2466 3419 non
2518 3363 2706 3435 eITugit
2737 3379 2978 3434 pmnam.
3008 3362 3069 3418 In
3122 3372 3334 3420 tantum
3364 3376 3547 3422 autem

1968 3454 2253 3523 pudicitia,
2284 3453 2484 3525 inquit,
2514 3454 2626 3510 Deo
2667 3456 2868 3525 placita
2899 3463 3006 3522 est,
3040 3465 3100 3510 ut
3133 3458 3298 3512 etiam
3334 3458 3420 3514 his
3451 3461 3548 3530 qui

1968 3549 2025 3602 in
2051 3563 2239 3603 errore
2297 3558 2428 3603 sunt
2471 3548 2661 3619 positi,
2693 3549 2946 3603 nonnihil
2982 3551 3171 3621 gratiae
3201 3552 3256 3606 in
3289 3554 3547 3623 praesenti

1968 3640 2219 3695 conferat
2245 3641 2378 3696 vita.
2412 3638 2549 3694 Nam
2585 3637 2767 3692 futura
2797 3640 3081 3695 beatitudo
3112 3642 3223 3697 illis
3249 3645 3426 3697 solum
3462 3660 3551 3699 re-

1968 3733 2148 3802 posita
2202 3740 2307 3797 est,
2338 3732 2429 3805 qui
2486 3747 2582 3801 per
2628 3731 2861 3802 gratiam
2912 3731 3173 3801 baptismi
3229 3734 3548 3803 pudicitiam

1965 3825 2348 3896 justitiamque
2375 3826 2739 3880 servaverint.
2773 3823 3020 3895 Denique
3041 3828 3290 3897 exemplo
3317 3836 3403 3882 est
3421 3828 3550 3882 huic

1969 3919 2051 3973 rei
2086 3920 2254 3973 etiam
2287 3919 2412 3982 hoc,
2446 3918 2591 3988 quod
2631 3934 2759 3989 erga
2800 3926 3030 3974 matrem
3070 3928 3307 3975 vestram
3337 3930 3550 3992 gestum

1968 4018 2076 4076 cst,
2110 4011 2199 4065 cui
2250 4012 2402 4067 salus
2445 4011 2561 4066 haec
2609 4012 2790 4066 omnis
2832 4027 2932 4083 pro
2978 4013 3229 4068 mercede
3274 4014 3553 4083 pudicitiae

1969 4106 2223 4171 reparata
2252 4107 2358 4162 est,
2392 4100 2458 4153 ad
2489 4114 2653 4171 quam
2687 4101 3103 4155 custodiendam
3137 4109 3190 4156 et
3220 4117 3552 4159 conservan—

1968 4189 2095 4245 dam
2140 4206 2248 4245 non
2291 4190 2498 4246 sufﬁcit
2525 4192 2642 4245 sola
2672 4192 3031 4254 continentia,
3062 4191 3157 4245 sed
3191 4192 3283 4245 ubi
3316 4194 3551 4249 senserit

1970 4284 2095 4352 quis
2126 4281 2358 4336 insidias
2387 4289 2442 4336 et
2482 4280 2858 4352 deceptionem
2876 4283 3079 4352 parari,
3112 4285 3375 4339 continuo
3405 4284 3552 4341 sicut

1971 4376 2042 4430 ab
2074 4376 2215 4446 ignis
2266 4376 2470 4445 impetu
2510 4386 2606 4430 aut
2637 4377 2862 4432 incursu
2893 4378 3050 4433 canis
3085 4378 3259 4432 rabidi
3291 4377 3548 4449 refugiat,

283 4473 406 4529 Non
430 4490 560 4546 ergo
589 4477 770 4547 pigeat
799 4490 903 4531 nos
934 4478 1108 4546 magis
1138 4475 1389 4531 laborare
1432 4488 1557 4527 eum
1585 4471 1700 4535 illa,
1733 4470 1863 4540 quia
1896 4492 1941 4546 ι)
1969 4484 2071 4523 nec
2096 4467 2336 4523 conlidat
2366 4469 2511 4538 quod
2554 4468 2872 4537 hujusmodi
2914 4470 3146 4525 insidias
3188 4474 3359 4541 possit
3391 4471 3552 4527 facile

284 4583 449 4624 omne
470 4569 785 4622 mandatum
820 4568 1100 4638 praeterire
1124 4572 1412 4636 peccatum
1435 4574 1538 4619 est.
1558 4564 1864 4617 Doceamus

283 4662 469 4711 autem
521 4672 718 4711 sensus
756 4665 978 4711 nostros
1023 4654 1339 4726 corporales
1392 4654 1484 4723 qui
1514 4652 1862 4708 extrinsecus

282 4756 435 4815 sunt,
463 4749 671 4803 servire
687 4748 1042 4803 interioribus
1056 4748 1331 4812 sensibus,
1361 4756 1538 4801 etnon
1567 4744 1861 4800 interiores

282 4855 507 4903 sensus,
539 4838 639 4910 qui
677 4854 799 4909 quae
830 4838 925 4893 Dei
971 4844 1101 4894 sunt
1136 4837 1380 4907 sapiunt,
1412 4850 1677 4905 cogamus
1704 4832 1862 4903 sequi

281 4931 607 4995 exteriores,
641 4932 732 5001 qui
781 4946 905 5002 quae
953 4930 1139 4985 carnis
1171 4940 1300 4985 sunt
1339 4928 1581 4998 sapiunt.
1635 4927 1863 4998 Propter

283 5021 450 5076 hoc“
482 5023 624 5077 enim
656 5031 710 5077 et
743 5021 1005 5077 Dominus
1045 5020 1366 5075 mandatum
1408 5020 1581 5085 dedit,
1615 5021 1811 5075 dicens
1844 5040 1856 5075 :

284 5113 597 5185 Quicunque
622 5114 808 5170 viderit
833 5115 1106 5169 mulierem
1128 5113 1199 5168 ad
1214 5113 1682 5184 concupiscendam
1715 5130 1857 5178 eam,

1978 4560 2178 4631 aliquis
2208 4561 2647 4631 philosophando
2680 4568 2775 4615 aut
2806 4561 3079 4632 palpando
3110 4562 3399 4629 cohibere;
3426 4563 3548 4629 sed,

1972 4657 2033 4705 ut
2081 4651 2217 4715 dixi,
2264 4650 2632 4722 ellugicndum
2688 4660 2773 4707 est
2818 4662 2872 4707 et
2908 4654 3065 4724 longe
3120 4654 3548 4719 abscedendum,

1972 4744 2117 4800 sicut
2148 4743 2277 4800 fecit
2318 4753 2372 4799 et
2407 4753 2591 4800 vestra
2639 4753 2815 4799 mater
2847 4762 2972 4801 vere
3012 4754 3067 4801 et
3097 4747 3310 4817 integre
3344 4749 3552 4803 bonum

1971 4838 2207 4909 diligens
2226 4837 2527 4909 pudicitiae.
2579 4837 2815 4910 Pr0pter
2835 4839 2981 4908 quod
3009 4846 3065 4893 et
3096 4849 3423 4895 conservata
3456 4857 3553 4896 vo-.

1972 4930 2058 4986 bis
2088 4937 2173 4987 est
2207 4947 2271 4986 ac
2311 4946 2409 4986 vos
2450 4932 2547 4996 illi,
2584 4931 2811 5001 insuper
2841 4939 3021 4986 autem
3066 4939 3121 4987 et
3162 4940 3381 4987 arterna:
3429 4935 3554 4988 vitae

1969 5023 2249 5094 agnitione
2278 5022 2503 5079 donata.
2528 5022 2664 5078 Cum
2694 5023 2810 5078 hazc
2841 5030 2895 5078 et
2925 5024 3095 5078 multa
3132 5025 3239 5078 alia
3271 5025 3359 5079 his
3394 5025 3551 5080 simi-

1970 5115 2045 5169 lia
2072 5115 2328 5180 dixisset,
2363 5131 2591 5186 vespere
2620 5115 2765 5171 facto
2798 5117 3190 5186 requievimus.

356 5314 402 5346 ⁸ο
432 5315 578 5397 Unde
600 5325 648 5370 et
671 5317 1110 5399 ego—imminere
1129 5318 1387 5386 supplicia
1412 5334 1519 5373 non
1551 5319 1810 5445 leguntur
1831 5317 1887 5374 in
1921 5319 2085 5375 codd.
2120 5317 2302 5392 Lipss.
2393 5318 2437 5353 ⁸¹
2473 5317 2700 5387 Propter
2729 5317 3108 5373 hoc—lenones
3138 5317 3269 5370 mali
3298 5314 3552 5370 desiderii

357 5397 487 5442 sunt
517 5404 572 5441 in
599 5390 761 5444 codd.
796 5387 977 5445 Lmss.
1058 5389 1105 5419 ⁸²
1136 5387 1328 5444 Matth.
1356 5407 1409 5445 v.
1432 5390 1525 5445 28.
1558 5390 1592 5444 2
1635 5432 1651 5445 .

280 5383 487 5442 desunt
517 5388 572 5441 in
599 5383 761 5444 codd.
796 5387 977 5460 Lipss.
1058 5389 1105 5419 ⁸²
1136 5383 1328 5444 Matth.
1356 5407 1409 5455 v,
1432 5390 1525 5454 28,
1558 5390 1592 5444 2

1585 5540 1953 5599 COTELERII
1987 5539 2223 5597 NOTE.

352 5682 473 5755 (47)
523 5683 725 5755 Voset
768 5698 867 5755 ego
922 5681 1189 5737 vobiscum
1222 5680 1373 5755 hodie
1398 5679 1700 5750 jejunemus
1737 5695 1857 5755 cum

283 5751 425 5824 ipsa,
455 5751 564 5813 etc.
596 5754 689 5811 Sic
722 5751 821 5811 lib;
845 5771 900 5822 x,
945 5766 1065 5826 cap.
1112 5754 1208 5813 ult.
1259 5751 1457 5810 Petrus
1500 5760 1706 5823 patrem
1735 5751 1855 5809 (ile-

1962 5677 2165 5733 mentis
2192 5676 2594 5748 baptizaturus.
2624 5676 2819 5748 indicit
2861 5674 3133 5748 jejunium
3178 5674 3327 5748 omni
3374 5673 3549 5748 plebi,

1963 5764 2075 5823 quo
2105 5748 2173 5806 de
2199 5744 2308 5805 ritu
2336 5747 2392 5806 in
2426 5744 2682 5818 Apologia
2708 5747 2744 5803 2
2770 5744 2971 5806 Justini
3001 5745 3254 5817 Martyris
3271 5786 3285 5811 ,
3318 5744 3387 5817 p.’
3408 5744 3505 5803 93.
