3888 6192
316 226 450 285 1371

1202 221 1260 277 s.
1296 219 1689 278 CLEuEsrts
1726 220 1748 275 ι
1785 218 1955 281 non.
1991 220 2195 279 rem.
2234 219 2467 277 OPERA
2506 204 2755 277 DUBIA.‘

3428 218 3578 273 ιδῃ

321 378 3578 404 W

1418 543 1774 632 LIBER
1848 541 2431 635 OCTAVUS.

393 898 433 953 l.
475 895 705 952 Postera
734 906 916 950 autem
943 894 1029 949 die
1061 892 1258 949 Petrus
1282 908 1441 949 mane
1470 895 1768 967 assumptis
1790 893 1902 949 l'ra-
1928 898 1977 956 Α
2004 903 2127 944 mus
2180 888 2297 960 ipse
2358 888 2567 959 incipit,
2595 904 2697 944 nec
2733 897 3103 959 contemptum
3150 888 3305 943 senis
3354 887 3585 951 habuit,

321 990 500 1043 tribus
532 987 667 1041 meis
699 993 754 1039 et
786 1000 893 1047 me,
926 984 1291 1039 descenditad
1323 992 1562 1054 portum,
1606 992 1665 1039 ut
1685 985 1897 1040 inmarl

327 1081 660 1142 lavaremus,
694 1085 747 1132 et
793 1085 913 1148 post
960 1076 1060 1129 boc
1084 1076 1149 1129 ad
1181 1076 1361 1129 locum
1392 1075 1681 1145 quemdam
1713 1092 1899 1132 secre-

320 1173 518 1227 tiorem
552 1169 889 1225 secessimus
940 1168 1205 1223 orationis
1250 1167 1443 1237 gratia.
1493 1165 1671 1222 Senex
1714 1175 1897 1222 autem

320 1264 543 1336 quidam
578 1277 802 1332 pauper,
840 1269 893 1315 et
945 1271 1003 1315 ut
1045 1260 1343 1331 apparebat
1380 1276 1445 1314 ex
1479 1259 1666 1314 habitu
1700 1274 1898 1329 opera-

321 1358 461 1417 rius.
506 1354 725 1407 curiose
755 1368 822 1405 ex
853 1351 1074 1405 occulto
1123 1350 1423 1405 observare
1465 1367 1565 1405 nos
1615 1351 1804 1419 cmpit,
1840 1358 1898 1404 ut

318 1449 527 1504 videret
566 1445 696 1517 quid
747 1460 1033 1515 ageremus
1081 1443 1137 1499 in
1188 1451 1403 1498 secreto
1434 1445 1619 1513 positi.
1651 1444 1899 1513 Cumque

321 1558 421 1597 nos
451 1549 673 1595 orantes
702 1539 952 1600 vidisset,
984 1538 1332 1606 exspectavit
1376 1536 1551 1590 donec
1596 1538 1894 1599 exiremus,

321 1641 374 1687 et
406 1632 654 1686 salutans
685 1644 786 1684 nos
814 1629 886 1682 ait
922 1644 933 1679 :
966 1626 1023 1681 Si
1053 1644 1163 1681 non
1194 1643 1335 1698 regre
1363 1627 1633 1698 accipitis,
1660 1637 1713 1683 et
1738 1627 1898 1698 quasi

319 1726 599 1779 curiosum
640 1739 724 1777 me
768 1731 864 1774 aut
918 1720 1295 1791 importunum
1339 1722 1567 1785 notatis,
1610 1722 1770 1775 velim
1800 1736 1897 1775 vo-

320 1818 536 1872 biscum
570 1814 823 1869 conferre
871 1828 1205 1876 sermonem,
1240 1812 1369 1882 quia
1415 1812 1627 1867 habens
1664 1813 1899 1868 misera-

318 1908 523 1961 tionem
555 1905 747 1969 vestri,
781 1904 883 1960 sub
920 1905 1103 1973 specie
1147 1906 1399 1961 veritatis
1432 1921 1623 1961 errare
1654 1922 1749 1959 vos
1771 1904 1895 1958 nol-

320 2000 425 2054 lem
460 2007 515 2054 et
545 1999 748 2053 habere
779 2003 983 2051 metum
1014 1995 1081 2051 de
1113 1998 1199 2053 bis
1230 2014 1351 2069 qua:
1379 2014 1488 2051 non
1534 2008 1695 2064 sunt;
1728 2006 1821 2051 aut
1850 1998 1897 2051 si

320 2092 526 2164 putatis
569 2107 692 2146 esse
742 2089 951 2161 aliquid
1001 2090 1138 2153 veri,
1192 2090 1389 2144 tradite
1437 2092 1600 2144 etiam
1648 2089 1803 2144 mihi.
1839 2089 1897 2144 Si

320 2202 452 2256 ergo
484 2185 755 2255 patienter
781 2183 1053 2253 accipitis,
1082 2196 1303 2251 possum
1337 2196 1431 2233 vos
1457 2180 1647 2249 paucis
1669 2180 1897 2233 edoecre

318 2293 441 2349 qua:
473 2286 621 2332 recta
646 2286 795 2342 sunt;
822 2277 868 2330 si
905 2290 1034 2329 vero
1064 2273 1373 2335 molestum,
1410 2288 1628 2342 pergam
1660 2281 1711 2326 et
1748 2288 1900 2326 tncos

321 2381 477 2427 actus
521 2385 698 2441 agam.
756 2369 859 2423 Cui
905 2366 1104 2423 Petrus
1136 2366 1419 2436 respondit
1451 2386 1465 2419 :
1492 2364 1587 2418 Dic
1617 2380 1716 2435 age
1754 2365 1898 2433 quod

319 2462 419 2518 tibi
453 2460 669 2515 videtur
703 2459 930 2522 bonum,
968 2465 1023 2511 et
1074 2457 1306 2510 libenter
1348 2454 1650 2523 accipimus
1694 2457 1809 2511 sive
1847 2455 1899 2509 id

320 2565 513 2607 verum
554 2549 670 2603 sive
712 2548 879 2603 etiam
919 2547 1118 2600 falsum
1159 2547 1263 2610 sit;
1302 2544 1715 2615 amplectendus
1753 2548 1899 2600 enim

320 2658 404 2706 es,
438 2641 567 2711 quia
607 2639 753 2710 quod
785 2639 886 2692 tibi
926 2638 1129 2692 bonum
1183 2637 1418 2699 videtur,
1454 2644 1711 2707 tanquam
1746 2648 1901 2708 pater

322 2748 423 2805 pro
454 2732 582 2786 [iliis
618 2731 887 2786 sollicitus
922 2743 1272 2782 connnonere
1305 2729 1545 2784 voluisti.

395 2824 457 2879 ll.
506 2825 649 2879 Tum
679 2824 862 2879 senior
884 2822 1051 2892 cwpit
1071 2820 1253 2877 dicere
1282 2842 1293 2877 :
1320 2821 1376 2875 In
1411 2823 1547 2876 mari
1581 2838 1678 2878 vos
1702 2823 1903 2879 lavisse

322 2916 455 2980 vidi,
489 2924 544 2971 et
586 2922 709 2987 post
746 2915 849 2969 hoc
906 2914 973 2969 ad
1032 2926 1304 2971 secretum
1351 2916 1648 2971 secessisse
1690 2916 1901 2981 locum;

322 3007 626 3063 observans
658 3022 790 3077 ergo
812 3006 879 3061 de
912 3008 1128 3061 occulto
1153 3006 1283 3077 quid
1318 3008 1371 3059 in
1403 3013 1615 3061 secreto
1647 3007 1900 3075 ageretis,

322 3108 544 3154 orantes
572 3100 820 3170 inspexi;
848 3100 1143 3155 miseratus
1170 3101 1336 3170 igitur
1367 3116 1611 3155 errorem
1634 3107 1899 3161 vestrum,

323 3190 567 3262 opperiri
614 3192 779 3261 cmpi,
840 3208 1127 3262 usquequo
1184 3208 1440 3262 egressos
1486 3193 1796 3261 alloquerer
1852 3199 1906 3245 et

326 3286 604 3347 docerem,
642 3300 709 3339 ne
731 3286 928 3339 erretis
954 3285 1006 3339 in
1037 3283 1352 3353 bujusmodi
1390 3284 1756 3348 observantia,
1778 3285 1904 3352 quia

326 3392 503 3445 neque
533 3374 675 3430 Deus
693 3383 775 3431 est
808 3392 985 3445 neque
1016 3377 1198 3430 cultus
1232 3376 1319 3429 hic
1347 3378 1548 3447 aliquis
1588 3385 1695 3439 est,
1731 3393 1906 3447 neque

328 3464 669 3535 providentia
696 3465 749 3518 in
778 3466 1003 3529 mundo,
1037 3465 1132 3519 sed
1166 3465 1425 3519 fortuitus
1464 3483 1626 3521 casus
1670 3477 1724 3521 et
1750 3484 1907 3536 gene-

326 3561 405 3613 sis
441 3564 609 3629 agunt
656 3558 864 3621 omnia,
907 3559 1052 3613 sicut
1099 3574 1200 3628 ego
1236 3574 1303 3612 ex
1336 3559 1543 3627 meipso
1571 3559 1905 3614 Inanil'estis-

331 3648 469 3701 sime
502 3646 744 3716 comperi
779 3647 831 3700 in
865 3647 1155 3718 disciplina
1193 3648 1504 3702 matheseos
1538 3665 1647 3719 pra:
1689 3652 1901 3705 caeteris

330 3737 601 3792 eruditus.
626 3736 803 3792 Nolite
829 3755 961 3809 ergo
988 3756 1209 3804 errare;
1245 3740 1359 3794 sive
1386 3741 1531 3793 enim
1556 3743 1747 3806 oretis,
1784 3743 1901 3798 sive

332 3846 442 3884 non
484 3830 673 3897 oretis,
704 3830 851 3899 quod
896 3834 1112 3902 genesis
1143 3840 1329 3887 vestra
1361 3834 1627 3896 continet,
1659 3836 1761 3889 hoc
1795 3837 1902 3890 erit

332 3920 512 3977 vobis.
537 3920 601 3975 Et
626 3937 726 3991 ego
750 3921 1002 3976 Clemens
1035 3924 1224 3977 nescio
1266 3924 1394 3993 quid
1426 3927 1591 3979 corde
1624 3927 1903 3995 pulsabar,

331 4013 502 4066 multa
527 4012 684 4081 quasi
718 4021 845 4065 nota
893 4012 1026 4066 mihi
1083 4014 1330 4069 recolens
1356 4014 1406 4067 in
1432 4032 1532 4081 eo;
1580 4016 1718 4070 bene
1762 4019 1906 4072 enim

334 4103 411 4157 ait
440 4102 684 4172 quidam.
720 4102 848 4168 quia
873 4102 1016 4172 quod
1042 4120 1104 4156 ex
1139 4104 1322 4173 aliquo
1347 4114 1533 4158 natum
1564 4115 1667 4169 est,
1693 4108 1908 4161 etiamsi

333 4196 507 4249 multo
538 4206 778 4264 tempore
820 4194 1079 4257 abfuerit,
1117 4211 1393 4265 nunquam
1448 4205 1627 4251 tamen
1673 4201 1910 4255 scintilla

337 4288 763 4358 propinquitatis
795 4288 1188 4359 exstinguitur.
1220 4288 1371 4357 (Σαξρί
1404 4304 1534 4360 ergo
1570 4291 1911 4364 interrogare

334 4382 402 4433 ab
442 4396 527 4441 eo,
556 4380 680 4448 quis
708 4388 761 4432 et
803 4380 946 4432 unde
982 4391 1147 4443 esset,
1182 4380 1267 4434 vel
1314 4382 1589 4450 quomodo
1638 4393 1813 4440 ortus.
1844 4388 1913 4440 At

338 4474 427 4526 ille
463 4473 528 4525 ad
552 4472 666 4525 haec
691 4472 1023 4541 respondere
1049 4473 1243 4527 nolens
1275 4493 1286 4528 :
1324 4473 1489 4540 Quid,
1526 4475 1622 4539 ait,
1658 4476 1761 4531 hoc
1785 4495 1914 4547 per-

339 4566 477 4619 tinet
503 4564 570 4618 ad
626 4579 689 4619 ea
729 4580 849 4635 qua:
877 4564 991 4618 dixi
1018 4565 1212 4619 vobis?
1235 4564 1342 4621 Sed
1368 4568 1564 4636 primo,
1597 4569 1643 4622 si
1678 4570 1910 4636 videtur,

341 4670 523 4710 sermo
567 4653 635 4708 de
677 4654 765 4709 his
817 4669 939 4725 quae
968 4658 1358 4725 proposuimus
1388 4658 1673 4725 habeatur,
1709 4669 1763 4715 et
1790 4671 1915 4732 post

342 4747 457 4800 bmc
480 4746 525 4800 si
549 4746 621 4800 ita
647 4761 734 4801 res
758 4746 1085 4816 poposcerit,
1110 4764 1309 4803 nomen
1331 4760 1383 4804 et
1404 4766 1576 4821 genus
1596 4767 1658 4806 ac
1682 4755 1914 4822 patriam

340 4847 392 4894 et
419 4847 615 4892 caetera
664 4854 785 4909 qua:
837 4839 953 4893 haec
1010 4850 1338 4909 sequuntur,
1373 4843 1607 4896 invicem
1653 4846 1809 4899 nobis
1861 4856 1918 4899 ut

2001 998 2178 1053 neque
2208 983 2457 1053 despexit
2486 983 2633 1053 quod
2662 984 2787 1038 vilis
2809 984 2857 1038 ei
2885 984 3120 1038 amictus
3143 991 3291 1037 esset
3310 990 3362 1036 et
3391 982 3591 1035 sordi-

2000 1074 2124 1130 dus.
2156 1073 2246 1129 Ait
2295 1089 2427 1144 ergo
2453 1092 2466 1128 :
2498 1074 2766 1140 Quoniam
2816 1074 3035 1144 quidem
3082 1073 3284 1128 videris
3316 1073 3456 1127 mihi
3488 1075 3585 1128 vir

2000 1166 2250 1222 eruditus
2285 1182 2409 1221 esse
2437 1174 2491 1221 et
2521 1166 2838 1221 misericors
2880 1182 2948 1220 ex
2975 1181 3040 1221 eo
3068 1165 3215 1236 quod
3248 1166 3413 1220 adisti
3446 1181 3581 1229 nos.

2000 1267 2055 1315 et
2089 1258 2238 1330 quod
2285 1258 2385 1313 tibi
2424 1258 2627 1312 bonum
2673 1258 2961 1313 videbatur
2989 1259 3223 1313 celatum
3262 1259 3423 1314 nobis
3450 1274 3585 1313 esse

2000 1354 2251 1423 noluisti,
2280 1353 2532 1408 volumus
2581 1362 2635 1408 et
2681 1367 2784 1408 nos
2819 1352 2919 1407 tibi
2949 1368 3069 1423 quae
3116 1352 3272 1407 nobis
3329 1351 3471 1407 bona
3522 1361 3587 1406 et

2000 1456 2153 1501 recta
2183 1447 2483 1501 creduntur
2516 1461 2811 1515 exponere,
2841 1460 2963 1514 qua:
3006 1445 3055 1498 si
3091 1443 3191 1498 tibi
3220 1445 3403 1499 minus
3446 1460 3587 1498 vera

1998 1528 2351 1602 videbuntur,
2384 1539 2552 1594 etiam
2588 1546 2645 1593 tu
2680 1545 2932 1592 nostrum
2963 1552 3092 1607 erga
3128 1544 3180 1590 te
3202 1536 3405 1591 bonum
3448 1551 3586 1605 pro-

1999 1631 2237 1701 positum
2269 1631 2501 1685 libenter
2525 1629 2768 1698 suscipe,
2796 1628 2937 1684 sicut
2952 1635 3006 1680 et
3028 1642 3129 1681 nos
3161 1637 3337 1680 tuum.
3368 1625 3433 1679 Et
3450 1643 3585 1679 cum

2000 1726 2115 1780 haec
2144 1725 2351 1779 diceret
2409 1722 2643 1785 Petrus,
2696 1724 2930 1792 plurima
2967 1720 3258 1775 multitudo
3299 1721 3583 1776 convenit.

2002 1815 2143 1872 Tum
2166 1833 2333 1872 senex
2366 1837 2378 1871 :
2414 1816 2712 1881 Fortassis,
2746 1816 2949 1885 inquit,
2980 1812 3273 1868 contristat
3300 1828 3399 1866 vos
3428 1827 3576 1882 pra:-

1999 1910 2175 1964 sentia
2206 1908 2594 1963 multitudinis.
2616 1906 2679 1961 Et
2714 1905 2907 1961 Petrus
2934 1921 2947 1957 :
2973 1904 3349 1975 Nequaquam,
3375 1905 3603 1973 inquit,

1999 2002 2107 2055 nisi
2143 2001 2241 2055 hoc
2271 2001 2448 2055 solum
2482 2014 2697 2061 vereor.
2726 2014 2794 2052 ne
2816 1997 2954 2051 torte
2978 1996 3387 2067 disputantibus
3416 1995 3587 2048 nobis

1999 2107 2124 2145 cum
2159 2092 2343 2161 palam
2378 2090 2519 2145 facta
2551 2090 2719 2145 fuerit
2750 2090 2954 2145 veritas
2975 2096 3036 2143 tu
3062 2088 3447 2143 verecundiam
3482 2103 3590 2156 pa.

2001 2183 2157 2236 tiaris
2194 2198 2292 2251 pro
2324 2183 2611 2252 prazsentia
2655 2182 3025 2235 multitudinis
3046 2180 3239 2234 cedere
3268 2190 3321 2233 et
3350 2181 3583 2248 acquiee

1932 2260 1973 2314 Β
2003 2289 2161 2327 scere
2192 2274 2278 2327 his
2308 2289 2429 2343 quae
2465 2289 2589 2327 vera
2625 2271 2732 2325 dici
2766 2272 3126 2326 intellexeris.
3159 2269 3237 2322 Ad
3273 2269 3385 2324 haec
3412 2285 3587 2323 senex

2005 2363 2082 2415 ait
2118 2382 2130 2415 :
2165 2361 2277 2433 Ego
2320 2379 2430 2416 non
2476 2362 2551 2414 ita
2600 2362 2802 2417 stultus
2839 2360 3128 2424 consenui,
3172 2367 3229 2413 ut
3269 2360 3594 2429 intelligens

2000 2458 2147 2528 quod
2175 2474 2363 2512 verum
2392 2466 2501 2525 est,
2524 2458 2757 2512 abnuam
2784 2457 2840 2511 id
2872 2457 2939 2512 ad
2966 2456 3113 2526 vulgi
3145 2456 3399 2527 gratiam.

2074 2550 2163 2606 ιγ.
2190 2550 2367 2621 Coepit
2398 2568 2528 2621 ergo
2550 2549 2746 2605 Petrus
2775 2550 2960 2605 dicere
2993 2565 3007 2600 :
3038 2548 3305 2603 Videntur
3334 2547 3469 2601 mihi
3498 2548 3586 2612 hi,

2001 2648 2093 2715 qui
2135 2644 2437 2713 loquuntur
2469 2643 2699 2697 verbum
2746 2642 2998 2698 veritatis
3044 2649 3099 2697 et
3134 2642 3226 2712 qui
3268 2640 3593 2694 illuminant

2004 2738 2217 2790 animas
2260 2735 2569 2798 hominum,
2613 2733 2822 2789 similes
2856 2749 2980 2789 esse
3010 2733 3179 2787 radiis
3210 2733 3365 2795 solis,
3399 2733 3493 2802 qui
3525 2740 3589 2785 ut

2004 2828 2374 2898 processerint
2394 2834 2448 2881 et
2477 2826 2834 2895 apparuerint
2862 2826 3088 2888 mundo,
3123 2826 3290 2879 celari
3320 2826 3465 2879 ultra
3486 2832 3589 2879 aut

2003 2921 2270 2976 occultari
2298 2921 2615 2975 nullatenus
2650 2927 2902 2989 possunt,
2942 2917 3073 2972 dum
3106 2934 3215 2972 non
3247 2926 3356 2971 tam
3389 2919 3590 2973 viden-

2006 3022 2095 3066 tur
2115 3014 2184 3067 ab
2208 3012 2544 3076 hominibus,
2576 3025 2742 3079 qnam
2783 3009 2969 3063 videre
3002 3010 3258 3063 omnibus
3298 3017 3585 3078 praestant.

2007 3104 2163 3159 Unde
2212 3111 2267 3158 et
2323 3103 2462 3157 bene
2511 3117 2540 3154 a
2589 3101 2829 3171 quodam
2868 3101 3077 3155 dictum
3127 3110 3212 3155 est
3242 3101 3307 3154 ad
3336 3101 3589 3157 veritatis

2006 3212 2285 3267 przecones
2320 3211 2331 3245 :
2382 3194 2478 3248 Vos
2509 3195 2633 3247 estis
2667 3194 2759 3245 lux
2802 3193 3004 3254 mundi,
3040 3202 3087 3246 et
3130 3210 3232 3247 non
3261 3202 3428 3261 potest
3456 3194 3592 3246 cici-

2006 3298 2088 3341 tas
2128 3286 2381 3340 abscondi
2412 3303 2575 3355 supra
2607 3295 2831 3337 montem
2871 3285 3066 3351 posita,
3101 3299 3262 3353 neque
3293 3282 3589 3334 accendunt

2008 3381 2280 3434 lucernam
2320 3388 2368 3432 et
2401 3387 2602 3446 ponunt
2633 3394 2751 3429 eam
2781 3377 2877 3429 sub
2909 3376 3109 3441 modio,
3145 3374 3235 3429 sed
3268 3390 3424 3441 super
3453 3391 3590 3427 can-

2006 3472 2283 3527 delabrum
2316 3482 2373 3525 ut
2407 3470 2649 3525 omnibus
2694 3472 2863 3524 luceat
2898 3471 2987 3539 qui
3020 3471 3072 3521 in
3103 3468 3257 3521 domo
3282 3466 3491 3520 sunt“.
3524 3466 3595 3519 Et

2010 3582 2174 3621 senex
2210 3582 2223 3616 :
2250 3564 2394 3619 Bene
2432 3563 2588 3618 valde
2623 3564 2783 3626 dixit,
2809 3563 3062 3633 quisquis
3093 3562 3185 3615 ille
3208 3569 3313 3615 est.
3354 3557 3461 3613 Sed
3493 3574 3593 3613 ex—

2010 3665 2177 3727 ponat
2233 3657 2435 3726 aliquis
2465 3667 2731 3717 vestrnm,
2762 3657 2907 3724 quod
2941 3653 3041 3707 sibi
3074 3651 3407 3721 sequendum
3437 3649 3594 3703 vide-

2008 3763 2119 3811 tur.
2148 3758 2205 3804 ut
2228 3748 2296 3802 ad
2333 3756 2543 3803 certum
2574 3754 2924 3816 prospectum
2949 3745 3267 3799 emittamus
3303 3757 3592 3797 sermones

2009 3852 2253 3896 nostros.
2292 3840 2411 3894 Non
2446 3842 2592 3892 enim
2625 3837 2821 3891 sulIicit
2852 3838 2917 3890 ad
2950 3835 3335 3889 inveniendam
3370 3836 3583 3889 verita-

2010 3946 2118 3991 tem
2144 3934 2427 3987 destruere
2472 3946 2557 3994 ea,
2592 3946 2714 3999 qua:
2747 3945 2776 3984 e
2806 3928 3022 3983 diverso
3067 3926 3353 3988 dicuntur,
3386 3925 3485 3979 sed
3534 3931 3591 3978 et

2012 4029 2191 4098 ipsum
2231 4023 2478 4096 proferre
2532 4024 2587 4075 in
2626 4022 2886 4083 medium,
2920 4020 3062 4089 quod
3110 4019 3283 4089 possit
3322 4020 3417 4088 qui
3445 4034 3476 4072 e
3504 4019 3593 4072 di-

2012 4133 2176 4173 verso
2222 4124 2307 4171 est
2361 4116 2703 4184 impugnare.
2764 4112 2833 4166 Ut
2875 4127 3007 4182 ergo
3066 4114 3301 4181 partium
3329 4111 3401 4165 sit
3434 4126 3588 4179 aequa

2013 4206 2355 4276 congressio,
2402 4213 2610 4258 rectum
2655 4203 2787 4255 mihi
2853 4203 3068 4255 videtur
3122 4208 3180 4254 ut
3228 4202 3414 4271 prius,
3460 4201 3591 4269 quid

2015 4308 2247 4367 uterque
2296 4304 2549 4352 nostrum
2590 4294 2870 4357 defendat,
2905 4294 3183 4359 enuntiet;
3211 4302 3265 4348 et
3305 4295 3349 4347 si
3391 4294 3590 4362 placet,

2007 4392 2123 4462 ipse
2148 4393 2356 4461 primus
2381 4392 2657 4459 incipiam.
2692 4388 2802 4456 Ego
2829 4389 2972 4451 dico,
3015 4402 3120 4440 non
3150 4387 3451 4441 secundum
3494 4385 3591 4439 Dei

2006 4484 2401 4552 providentiam
2439 4484 2727 4553 gubernari
2765 4480 3049 4545 mundum,
3080 4484 3206 4547 quia
3234 4478 3403 4531 multa
3438 4478 3491 4529 in
3525 4494 3593 4531 eo

2008 4570 2208 4637 injuste
2258 4579 2313 4624 et
2363 4570 2668 4625 inordinate
2721 4568 2832 4635 geri
2873 4568 3147 4632 videmus,
3187 4567 3280 4622 sed
3346 4568 3590 4636 genesim

2005 4662 2128 4716 dico
2161 4677 2303 4726 esse,
2339 4677 2461 4732 qua:
2490 4661 2672 4716 omnia
2706 4660 2815 4730 agit
2845 4668 2899 4715 et
2932 4660 3199 4714 continet.

2090 4755 2155 4812 V.
2198 4756 2279 4811 Ad
2303 4756 2419 4811 haec
2440 4771 2563 4810 cum
2590 4753 2788 4809 Petrus
2822 4753 3157 4823 rcSpondere
3183 4752 3362 4813 vellet,
3407 4750 3597 4806 Niceta

2020 4847 2359 4917 praeveniens
2385 4847 2460 4900 ait
2491 4867 2503 4901 :
2544 4846 2826 4915 lndulgeat
2855 4845 2989 4898 mihi
3029 4845 3284 4898 dominus
3319 4860 3473 4898 mens
3496 4843 3599 4898 Pe—

343 4930 502 4983 amiei
527 4930 719 4985 amicis
752 4933 1053 5001 poterimus
1087 4935 1321 5002 aperire.
1360 4933 1696 4988 Mirabamur
1725 4942 1910 4990 tamen
1947 4957 1988 5010 ι)
2020 4948 2137 5003 trus
2169 4940 2234 4993 ad
2267 4939 2380 4993 haec
2410 4939 2758 5009 respondere,
2784 4946 2837 4991 et
2864 4953 2976 4990 non
3020 4936 3263 4990 videatur
3283 4943 3597 5004 protervum

343 5035 535 5074 omnes
591 5020 961 5089 eloquentiam
1024 5022 1160 5087 viri,
1215 5031 1269 5079 et
1321 5025 1641 5095 gravitatem
1700 5042 1914 5081 morum

344 5110 906 5182 tranquillitatemque
936 5114 1231 5170 sermonis.

418 5201 506 5256 Ill.
548 5202 744 5258 Petrus
791 5211 973 5258 autem
1044 5205 1247 5259 sensim
1297 5209 1716 5265 sermocinando
1769 5211 1918 5267 ince-

345 5292 505 5355 dens,
537 5300 906 5364 opportunum
953 5294 1019 5349 ad
1070 5296 1491 5366 colloquendum
1543 5299 1807 5370 prospicit
1837 5301 1920 5353 lo-

345 5400 493 5438 cum.
529 5385 598 5439 Et
637 5400 761 5440 cum
801 5386 1131 5457 pervidisset
1168 5388 1325 5458 juxta
1366 5399 1583 5461 portum
1632 5408 1915 5449 recessum

347 5476 639 5545 quemdam
676 5486 971 5545 secretum,
1013 5480 1252 5538 residere
1304 5498 1404 5539 nos
1448 5485 1595 5552 fecit,
1626 5492 1681 5541 et
1706 5486 1778 5541 ita
1810 5486 1924 5557 pri-

1889 5624 1919 5643 δι

427 5660 468 5687 ⁵)
504 5658 693 5712 Matth.
735 5677 786 5727 ν,
822 5660 1021 5728 M,

1832 5720 1859 5736 Α
1916 5739 1919 5743 ν
1928 5728 1937 5738 ο

2018 5031 2163 5102 quod
2188 5031 2408 5100 juvenis
2440 5047 2562 5086 eum
2608 5046 2737 5085 sene
2779 5028 3089 5084 conﬂictum
3124 5028 3374 5090 habeam,
3413 5026 3508 5080 sed
3545 5036 3601 5079 ut

2022 5124 2167 5177 ﬁlius
2209 5138 2335 5177 cum
2381 5130 2535 5192 patre
2562 5123 2866 5191 colloquar.
2906 5118 2969 5174 Et
3006 5136 3175 5174 senex
3212 5138 3226 5173 :
3260 5118 3378 5171 Non
3420 5119 3600 5173 solum

2022 5221 2104 5274 tu,
2157 5214 2357 5283 inquit,
2400 5214 2499 5275 lili,
2553 5213 2695 5283 quod
2750 5213 2845 5266 tibi
2898 5212 3111 5266 videtur
3144 5220 3201 5264 ut
3247 5210 3599 5280 prosequaris

2022 5307 2167 5370 volo,
2201 5305 2300 5360 sed
2339 5316 2391 5360 et
2418 5307 2463 5360 si
2497 5306 2591 5375 qui
2632 5321 2696 5359 ex
2732 5304 3017 5357 sodalibus
3056 5303 3188 5366 tuis,
3224 5302 3271 5358 si
3305 5300 3398 5371 qui
3435 5303 3599 5355 etiam

2026 5396 2093 5451 de
2127 5396 2434 5452 astantibus
2481 5395 2697 5451 videtur
2736 5394 2880 5449 scire
2935 5392 3165 5462 aliquid,
3218 5393 3597 5446 incunctanter

2032 5488 2292 5559 proferat,
2333 5489 2568 5545 libenter
2605 5487 2939 5556 accipimus;
2988 5485 3207 5540 collatio
3244 5483 3392 5539 enim
3433 5484 3597 5557 pluri~
