3888 6192
296 259 436 316 1373

1482 251 2048 313 RECOGNITIONUM
2089 254 2220 306 LIB.
2264 251 2393 307 VIII.

3396 253 3536 310 1374

294 388 505 429 morum
542 371 755 429 facilius
780 387 844 430 ea
882 388 1002 444 qua:
1031 372 1350 443 ignorantur
1375 370 1613 425 inveniet
1637 369 1702 424 “.
1724 368 1863 421 Tum
1892 372 1939 428 Α
1970 366 2123 435 prius
2162 367 2364 428 dicere.
2411 366 2526 422 sive
2553 366 2657 421 hoc
2700 367 2877 438 magis
2907 367 3083 437 placet
3111 378 3168 425 ut
3195 383 3297 441 ego
3327 369 3533 434 dicam,

290 466 422 535 ergo
455 463 645 519 Niceta
692 466 976 535 respondit
1003 484 1017 520 :
1048 463 1168 518 Non
1224 479 1311 518 me
1356 462 1629 526 aestimes,
1673 459 1860 526 Pater,

288 565 497 614 temere
536 557 755 626 fecisse,
802 558 951 629 quod
1005 557 1215 613 inserui
1261 572 1348 612 me
1390 554 1737 613 sermonibus
1764 552 1864 607 do-

287 651 427 704 mini
473 650 580 706 mei
628 649 795 711 Petri.
826 650 925 705 sed
971 650 1145 721 magis
1185 665 1286 720 pro
1340 650 1550 703 honore
1596 648 1717 716 ejus
1758 647 1863 701 hoc

291 741 421 794 mihi
454 739 633 796 facere
659 742 814 796 visus
844 756 988 797 sum.
1025 740 1200 796 Homo
1231 740 1379 795 enim
1408 738 1505 796 Dei
1531 748 1636 802 est,
1668 739 1862 810 plenus

289 833 458 888 totius
490 832 754 897 scientiae,
792 848 954 902 quem
976 847 1045 887 ne
1067 831 1254 886 (ἕνεκα
1275 830 1494 901 quidem
1522 831 1651 885 latet
1679 830 1860 885 erudi-

288 928 387 989 tio,
418 926 547 995 quia
582 923 790 995 Spiritu
821 923 916 980 Dei
944 925 1183 995 repletus
1213 933 1297 980 est
1333 939 1495 995 quem
1526 924 1664 978 nihil
1706 924 1858 978 latet.

289 1018 398 1075 Sed
433 1021 561 1090 quia
588 1021 690 1089 ipsi
732 1019 798 1075 de
826 1019 1142 1075 coelestibus
1172 1019 1322 1089 loqui
1348 1018 1628 1083 convenit,
1662 1033 1764 1088 ego
1793 1017 1862 1072 de

286 1114 375 1169 his
402 1129 524 1184 quae
557 1113 623 1167 ad
655 1111 969 1167 Graecorum
1014 1110 1403 1182 loquacitatem
1440 1110 1736 1181 pertinent,
1773 1124 1861 1164 re-

287 1205 589 1275 spondebo.
645 1202 842 1258 Postea
897 1217 1026 1257 vero
1068 1216 1234 1272 quam
1277 1215 1309 1254 a
1340 1200 1500 1254 nobis
1545 1197 1859 1254 Graecorum

285 1309 438 1348 more
483 1292 648 1347 fuerit
693 1292 1053 1361 disputatum,
1090 1298 1253 1361 atque
1291 1290 1359 1343 ad
1400 1288 1453 1343 id
1494 1281 1739 1353 ventum,
1770 1290 1861 1343 ubi

283 1385 466 1439 exitus
505 1384 692 1439 nullus
737 1388 1016 1453 appareat,
1068 1388 1201 1435 tunc
1251 1381 1367 1451 ipse
1422 1381 1581 1451 quasi
1631 1380 1861 1436 scientia

281 1475 383 1530 Dei
415 1476 677 1544 repletus,
727 1482 915 1545 aperte
960 1483 1016 1529 et
1062 1474 1304 1529 dilucide
1334 1487 1517 1528 rerum
1548 1474 1707 1529 nobis
1742 1489 1861 1528 om-

282 1571 436 1623 nium
474 1566 765 1637 patefaciet
804 1567 1114 1632 veritatem,
1149 1575 1208 1621 ut
1236 1582 1346 1620 non
1377 1567 1557 1621 solum
1604 1581 1726 1630 nos,
1762 1566 1859 1621 sed

282 1671 336 1718 et
368 1674 560 1716 omnes
594 1661 688 1731 qui
723 1669 923 1731 przesto
975 1668 1104 1715 sunt
1146 1659 1449 1723 auditores,
1482 1659 1625 1713 viam
1657 1659 1858 1713 verita-

282 1753 355 1807 tis
387 1758 711 1823 agnoscant.
744 1751 811 1804 Et
848 1750 970 1807 ideo
1009 1765 1156 1806 nunc
1187 1750 1303 1821 ipse
1341 1750 1500 1821 quasi
1528 1750 1735 1804 arbiter
1764 1766 1853 1805 se-
1889 1733 1929 1787 Β

280 1844 430 1907 deat,
466 1851 527 1897 ut
566 1857 692 1897 cum
740 1858 884 1896 unus
916 1841 1113 1911 aliquis
1144 1857 1212 1897 ex
1244 1842 1405 1895 nobis
1436 1843 1689 1907 cesserit,
1722 1848 1856 1896 tunc

278 1935 400 2006 ipse
423 1935 730 2005 suscipiens
762 1932 1122 2011 indubitatam
1156 1934 1483 1989 sententiam
1516 1932 1676 1988 ferat.

352 2026 441 2082 Vl.
487 2025 610 2081 Haec
645 2041 770 2080 cum
820 2026 1051 2081 dixisset
1087 2024 1298 2087 Niceta,
1347 2024 1404 2077 hi
1451 2025 1544 2094 qui
1593 2038 1858 2079 convene-

274 2125 406 2174 rant
455 2119 598 2173 inter
639 2118 963 2188 semetipsos
1000 2116 1510 2188 colloquebantur:
1555 2115 1728 2170 Hicne
1773 2123 1857 2170 est

274 2209 371 2264 ille
414 2224 575 2279 quem
617 2206 972 2263 audiebamus
1021 2204 1238 2271 Petrus,
1272 2206 1419 2262 illius
1451 2205 1544 2277 qui
1583 2206 1637 2260 in
1668 2204 1853 2260 Iudaea

274 2303 530 2370 apparuit
560 2308 615 2356 ct
651 2300 808 2370 signa
850 2313 915 2353 ac
954 2298 1182 2352 virtutes
1212 2297 1476 2367 plurimas
1505 2296 1656 2362 fecit,
1688 2296 1856 2351 disci-

275 2393 442 2463 pulus
472 2389 927 2462 probatissimus?
954 2387 1020 2443 Et
1059 2389 1405 2444 intendentes
1446 2389 1503 2443 in
1546 2404 1693 2453 eum,
1727 2402 1854 2442 cum

275 2486 475 2540 timore
528 2499 593 2539 ac
639 2483 988 2539 veneratione
1038 2482 1247 2552 ingenti
1305 2475 1558 2547 stabant,
1590 2489 1853 2551 tanquam

274 2579 405 2633 boni
437 2577 579 2632 servi
610 2576 876 2632 honorem
926 2578 1149 2633 domino
1180 2575 1511 2632 deferentes.
1553 2575 1712 2643 Quod
1760 2576 1855 2631 ubi

274 2666 477 2722 Petrus
509 2667 705 2731 sensit,
744 2667 820 2719 ait
851 2667 918 2721 ad
950 2683 1046 2723 eos
1072 2684 1084 2719 :
1114 2668 1391 2722 Attentius
1420 2665 1728 2732 audiamus,
1765 2682 1857 2722 re--

275 2768 426 2815 ctum
448 2766 695 2819 tenentes
719 2759 985 2828 judicium
1003 2759 1071 2814 de
1094 2760 1178 2813 his
1199 2775 1319 2830 quae
1340 2760 1593 2815 dicentur
1613 2761 1680 2815 ab
1705 2769 1856 2815 utro-

275 2866 403 2922 que,
434 2859 487 2906 et
511 2858 634 2921 post
669 2852 914 2921 ipsorum
945 2850 1280 2917 conflictum,
1303 2853 1448 2923 quod
1479 2852 1854 2907 necessarium

275 2945 456 3001 visum
480 2944 663 3009 fuerit,
696 2945 962 3001 addemus
994 2953 1047 3001 et
1078 2960 1199 3000 nos.
1234 2945 1297 2999 Et
1328 2961 1451 3001 cum
1491 2946 1606 3001 haec
1627 2945 1855 3002 dixisset

275 3036 495 3100 Petrus,
532 3037 732 3108 gavisae
773 3045 903 3092 sunt
938 3037 1128 3093 turba}.
1166 3037 1353 3093 Niceta
1387 3052 1517 3092 vero
1548 3036 1728 3094 dicere
1751 3037 1855 3092 hoc

276 3130 442 3184 modo
489 3145 787 3201 aggressus
844 3140 928 3186 est
962 3150 976 3187 :
1006 3129 1273 3195 Deﬁnisti,
1327 3128 1511 3194 Pater,
1553 3130 1700 3200 quod
1743 3144 1853 3183 non

278 3238 375 3293 per
404 3221 499 3276 Dei
534 3222 931 3292 providentiam
964 3223 1202 3277 mundus
1251 3231 1493 3292 regatur,
1529 3222 1625 3277 sed
1671 3222 1853 3276 omnia

276 3310 865 3379 genesisubjaceant,
941 3312 1025 3366 vel
1076 3326 1199 3382 quae
1254 3311 1324 3365 ad
1377 3326 1556 3366 mores
1593 3312 1855 3366 uniuscu-

272 3403 477 3474 jusque
501 3405 585 3458 vel
625 3420 747 3474 qnae
776 3406 844 3459 ad
886 3416 1039 3474 gesta
1070 3405 1363 3475 pertinent.
1396 3403 1478 3457 Ad
1512 3420 1633 3474 quae
1664 3405 1851 3461 statim

277 3495 497 3564 quidem
532 3498 683 3563 potui
715 3496 1066 3565 respondere,
1098 3496 1193 3550 sed
1227 3496 1355 3565 quia
1384 3495 1597 3566 justum
1618 3504 1703 3551 est
1733 3513 1852 3553 ser-

276 3601 409 3641 va-re
460 3587 735 3653 ordinem,
783 3587 1074 3643 deﬁnimus
1122 3596 1176 3643 et
1224 3604 1324 3644 nos
1370 3589 1502 3660 quid
1542 3597 1850 3655 teneamus,

278 3680 423 3733 sicut
470 3680 588 3748 ipse
622 3678 739 3734 ﬁeri
772 3680 1001 3749 rogasti.
1040 3680 1151 3750 Ego
1198 3680 1322 3735 dico
1368 3681 1711 3751 providentia
1755 3683 1853 3739 Dei

277 3772 575 3842 gubernari
606 3772 893 3835 mundum,
931 3773 985 3825 in
1024 3772 1110 3827 his
1140 3772 1405 3827 duntaxat
1430 3789 1550 3843 quae
1578 3776 1853 3844 guberna-

277 3867 428 3920 tione
469 3864 591 3934 ejus
624 3864 889 3934 indigent.
941 3863 1097 3919 Unus
1129 3873 1213 3920 est
1249 3865 1397 3919 enim
1431 3867 1616 3920 omnia
1656 3875 1853 3923 tenens

275 3958 372 4026 qui
428 3966 483 4012 et
526 3957 794 4012 mundum
829 3956 978 4024 fecit,
1008 3959 1193 4027 justus
1225 3956 1393 4023 Deus,
1438 3960 1737 4030 unicuique
1765 3976 1853 4015 se-

275 4048 520 4103 cundum
545 4054 697 4117 gesta
731 4063 829 4103 sua
858 4048 1189 4118 quandoque
1214 4049 1552 4104 redditurus.
1580 4048 1720 4103 Ecce
1748 4049 1847 4102 ha-

276 4137 377 4192 bes
409 4144 464 4191 et
485 4146 731 4193 nostram
765 4138 1168 4205 deﬁnitionem;
1203 4154 1351 4194 nunc
1397 4139 1542 4209 quod
1566 4140 1647 4195 vis
1669 4156 1856 4211 prose-

274 4244 469 4299 quere,
492 4230 579 4284 vel
615 4244 736 4285 mea
759 4228 1071 4293 destruens,
1106 4230 1192 4285 vel
1223 4237 1317 4285 tua
1349 4246 1628 4294 asserens,
1664 4238 1723 4285 ut
1750 4246 1853 4301 ego

275 4324 365 4377 bis
396 4338 518 4392 quae
553 4337 583 4375 a
624 4330 676 4378 te
723 4328 1144 4392 prosequentur,
1187 4337 1500 4378 occurram.
1538 4322 1646 4378 Aut
1683 4325 1731 4378 si
1764 4340 1851 4381 me

272 4416 362 4470 vis
402 4415 637 4484 priorem
660 4415 863 4475 dicere,
891 4429 1003 4467 non
1036 4415 1311 4470 morabor.

350 4506 464 4563 νει.
505 4507 573 4562 Et
620 4523 787 4563 senex
835 4508 1155 4578 respondit:
1189 4508 1316 4563 Sive
1357 4509 1459 4563 tibi
1508 4510 1707 4581 placet,
1745 4511 1843 4577 ﬁli,

1965 457 2101 511 nihil
2142 456 2389 521 interest,
2422 459 2568 528 apud
2612 474 2707 515 eos
2738 460 3032 529 praecipue,
3064 461 3157 530 qui
3194 460 3339 516 bona
3375 461 3537 518 venia

1962 546 2266 617 disputant.
2315 548 2413 602 Die
2462 557 2646 605 tamen
2687 558 2747 603 tu
2789 551 2963 619 prior,
3013 553 3248 608 libenter
3299 555 3534 627 accipio,

1962 646 2126 710 atque
2157 642 2364 695 utinam
2395 642 2576 710 possis
2605 642 2767 696 etiam
2796 658 2917 712 qua?
2950 658 2980 695 a
3014 659 3101 699 me
3146 645 3376 700 dicenda
3410 657 3539 702 sunt

1962 735 2242 803 prosequi,
2276 743 2440 805 atque
2470 735 2556 790 his
2584 751 2706 804 qua:
2729 736 3009 789 contraria
3034 746 3163 791 sunt
3192 737 3454 807 objicere,
3481 746 3538 794 et

1962 840 2030 880 ex
2071 834 2429 897 utrorumque
2462 828 2759 882 collatione
2786 827 3075 885 ostendere
3106 831 3410 885 veritatem.
3441 829 3539 883 Ni-

1961 929 2080 976 ceta
2120 921 2438 991 respondit:
2470 920 2528 975 Si
2573 922 2679 983 vis,
2726 921 2924 991 inquit,
2956 937 3181 991 possum
3223 924 3388 978 etiam
3415 931 3539 977 tuas

1962 1020 2145 1082 partes
2185 1012 2388 1076 dicere,
2427 1020 2480 1068 et
2528 1014 2596 1067 ad
2648 1013 2763 1067 haec
2815 1013 3164 1083 respondere.
3210 1014 3277 1069 Et
3323 1031 3533 1069 senex:

1961 1103 2199 1160 Ostende
2239 1106 2372 1159 mihi
2414 1107 2587 1175 prius,
2631 1106 2907 1175 quomodo
2951 1115 3106 1176 potes
3149 1108 3293 1164 scire
3323 1125 3385 1163 ea
3412 1126 3534 1179 quae

1961 1200 2205 1277 nonduin
2234 1197 2452 1253 locutus
2480 1213 2622 1262 sum,
2657 1206 2710 1252 et
2742 1199 2814 1251 ita
2844 1198 2941 1252 tibi
2970 1198 3215 1265 credam,
3238 1199 3385 1270 quod
3410 1217 3536 1269 par-

1960 1298 2044 1345 tes
2069 1306 2218 1344 meas
2248 1291 2505 1360 prosequi
2537 1290 2738 1360 possis.
2768 1288 2834 1344 Et
2862 1290 3051 1346 Niceta
3079 1310 3092 1345 :
3121 1286 3302 1356 Secta,
3334 1293 3533 1361 inquit,

1960 1390 2053 1438 tua
2084 1390 2137 1437 et
2166 1383 2436 1438 sententia
2466 1398 2630 1452 quam
2663 1381 2922 1447 deﬁnisti,
2989 1381 3281 1438 manifesta
3329 1392 3413 1439 est
3449 1385 3535 1443 his

1960 1475 2055 1546 qui
2085 1472 2287 1529 eruditi
2319 1481 2450 1529 sunt
2488 1474 2543 1528 in
2572 1473 2888 1543 hujusmodi
2917 1473 3243 1545 disciplinis,
3274 1483 3536 1546 certaque

1960 1575 2045 1624 est
2065 1566 2186 1636 ejus
2211 1566 2624 1636 consequentia.
2653 1566 2719 1620 Et
2739 1565 2867 1637 quia
2896 1582 2997 1637 ego
3026 1583 3133 1621 non
3158 1583 3277 1623 sum
3308 1568 3534 1638 ignarus

1961 1678 2083 1732 qua}
2126 1662 2236 1715 sint
2285 1658 2631 1715 deﬁnitiones
2672 1660 3142 1730 philosophorum,
3176 1676 3243 1715 ex
3286 1660 3371 1715 his
3407 1676 3531 1730 quae

1958 1749 2316 1826 proposuisti,
2377 1752 2509 1820 quid
2566 1760 2936 1823 consequatur
2994 1766 3253 1821 agnosco,
3298 1751 3535 1806 maxime

1959 1847 2088 1917 quia
2124 1862 2234 1916 pra:
2276 1845 2487 1901 caeteris
2531 1843 2872 1913 philos0phis
2920 1842 3142 1914 Epicuri
3176 1844 3395 1898 scholas
3424 1843 3537 1898 fre-

1958 1939 2239 2010 quentavi.
2291 1936 2484 1992 Frater
2524 1946 2705 1991 autem
2750 1951 2905 1990 meus
2936 1934 3156 2004 Aquila,
3191 1935 3367 2005 magis
3396 1934 3536 2008 Pyr-

1957 2028 2183 2084 rhonios
2218 2034 2441 2083 secutus
2470 2034 2575 2085 est.
2605 2025 2744 2079 alius
2783 2031 2963 2079 autem
2998 2023 3167 2077 frater
3196 2033 3384 2080 noster
3409 2022 3538 2077 Pla-

1958 2120 2173 2175 tonicos
2202 2125 2257 2174 et
2292 2117 2671 2172 Aristotelicos
2703 2115 2850 2185 (48);
2895 2115 3081 2185 itaque
3123 2129 3248 2168 cum
3300 2114 3534 2169 eruditis

1959 2212 2056 2267 tibi
2073 2210 2413 2265 auditoribus
2427 2214 2723 2264 sermoest.
2742 2204 2882 2260 Tum
2905 2221 3073 2261 senex
3102 2226 3115 2260 :
3148 2205 3313 2269 Bene,
3331 2206 3531 2277 inquit,

1957 2310 2011 2359 et
2024 2308 2425 2373 consequenter
2436 2280 2696 2360 ddcuisti,
2712 2297 2987 2370 quomodo
3004 2314 3069 2353 ex
3093 2299 3177 2353 his
3198 2313 3318 2369 quae
3331 2313 3534 2369 propo-

1959 2395 2079 2451 sita:
2107 2402 2235 2450 sunt
2264 2391 2695 2454 deﬁnitionibus,
2714 2391 2876 2444 etiam
2898 2405 2960 2444 ea
2977 2406 3098 2460 quae
3121 2400 3537 2461 consequuntur

1958 2486 2290 2541 advertercs.
2315 2482 2421 2539 Sed
2446 2498 2546 2552 ego
2577 2480 2811 2553 amplius
2842 2481 3047 2551 aliquid
3072 2481 3353 2552 professus
3388 2500 3534 2548 sum,

1957 2593 2122 2649 quam
2182 2578 2349 2632 sentit
2402 2575 2703 2645 Epicurus,
2760 2574 2888 2643 quia
2943 2573 3223 2629 introduxi
3270 2576 3533 2645 genesim,

1956 2686 2184 2739 eamque
2201 2684 2421 2723 causam
2453 2669 2693 2722 omnium
2717 2678 2992 2740 gestorum
3018 2668 3330 2725 hominibus
3355 2671 3534 2740 posui.

2028 2759 2165 2817 Vlll.
2208 2760 2454 2830 Cumque
2492 2759 2607 2814 haec
2650 2776 2816 2815 senex
2857 2759 3108 2828 dixisset,
3153 2776 3253 2832 ego
3283 2762 3537 2817 Clemens

1958 2850 2047 2905 aio
2073 2850 2140 2905 ad
2173 2867 2296 2905 eum
2332 2866 2344 2902 :
2380 2851 2543 2915 Audi,
2576 2850 2757 2914 Pater,
2774 2848 2818 2902 si
2843 2861 2945 2906 ate
2969 2851 3136 2907 frater
3154 2868 3312 2908 meus
3344 2852 3535 2909 Niceta

1959 2943 2281 3007 obtinuerit,
2309 2944 2437 3013 quia
2479 2958 2587 2997 non
2631 2944 2750 2998 sine
2783 2943 2877 2998 Dei
2910 2944 3253 3014 providentia
3295 2946 3534 3002 mundus

1960 3035 2163 3105 agitur,
2210 3036 2266 3089 in
2303 3035 2406 3088 ista
2437 3043 2592 3105 parte
2627 3050 2751 3103 qua:
2795 3042 3048 3104 superest
3077 3035 3147 3089 de
3179 3037 3391 3104 genesi.
3428 3053 3532 3107 ego

1961 3126 2059 3181 tibi
2088 3132 2279 3195 potero
2310 3124 2673 3195 respondere;
2702 3133 2787 3179 est
2814 3125 2957 3179 enim
2990 3126 3121 3179 mihi
3149 3128 3341 3181 notitia
3366 3127 3533 3198 hujus

1959 3218 2221 3274 scientiaz.
2254 3217 2463 3271 Etcum
2488 3218 2602 3272 haec
2621 3218 2908 3282 dixissem,
2936 3217 3104 3274 frater
3130 3236 3283 3277 mens
3304 3221 3497 3293 Aquila
3517 3242 3532 3279 :

1958 3309 2099 3376 Quid
2134 3324 2359 3365 necesse
2404 3317 2509 3373 est,
2534 3310 2732 3379 inquit,
2762 3323 2821 3364 ut
2853 3326 2977 3366 eum
3008 3319 3217 3380 patrem
3250 3328 3532 3377 vocemus,

1957 3418 2081 3457 cum
2116 3404 2171 3458 in
2199 3400 2475 3456 mandatis
2504 3401 2803 3457 habeamus
2834 3403 3105 3458 neminem
3139 3420 3304 3474 super
3329 3414 3533 3460 terram

1957 3507 2169 3568 patrem
2198 3493 2436 3549 vocare?
2465 3492 2529 3545 Et
2558 3502 2682 3562 post
2722 3494 2836 3548 haec
2856 3495 3161 3564 respiciens
3193 3497 3261 3550 ad
3291 3512 3480 3552 senem
3509 3514 3524 3550 :

1956 3587 2078 3643 Non
2126 3588 2412 3658 injuriose,
2458 3587 2658 3655 inquit,
2715 3586 2979 3656 accipias,
3012 3585 3197 3652 Pater,
3243 3590 3391 3659 quod
3424 3589 3535 3644 fra-

1960 3688 2099 3737 trem
2145 3696 2325 3735 meum
2377 3678 2617 3750 culpavi,
2649 3678 2778 3749 quia
2825 3686 2880 3733 te
2909 3687 3118 3749 patrem
3152 3692 3403 3749 vocaret;
3435 3683 3534 3741 ha-

1958 3774 2151 3828 bemus
2180 3771 2325 3826 enim
2373 3771 2481 3825 tale
2538 3771 2880 3835 mandatum,
2912 3785 2981 3825 ne
3036 3771 3274 3841 aliquem
3304 3770 3532 3827 nomine

1956 3864 2065 3920 isto
2122 3863 2424 3918 vocitemus
2444 3863 2510 3916 ⁵⁸.
2552 3862 2799 3930 Cumque
2856 3863 2973 3917 haec
3026 3864 3256 3919 dixisset
3306 3865 3526 3935 Aquila,

1936 3958 2079 4030 ,risit
2132 3956 2375 4010 omnium
2427 3957 2721 4009 astantium
2776 3962 2953 4011 coetus
2991 3972 3097 4010 una
3143 3973 3268 4011 cum
3319 3974 3451 4013 sene
3478 3966 3535 4013 et

1941 4041 2137 4104 Petro.
2170 4048 2366 4117 Aquila
2398 4054 2578 4101 autem
2607 4044 2921 4115 requirente
2939 4061 3183 4111 causam,
3214 4065 3312 4103 cur
3340 4065 3534 4105 omnes

1955 4140 2202 4204 riserint,
2240 4140 2325 4193 aio
2349 4136 2417 4190 ad
2456 4152 2587 4197 eum,
2614 4156 2627 4191 :
2657 4136 2813 4202 Quod
2844 4146 2900 4190 tu
2935 4138 2989 4191 in
3015 4154 3126 4208 quo
3149 4140 3287 4194 alios
3319 4141 3531 4210 culpas,

1955 4233 2007 4288 id
2038 4234 2152 4302 ipse
2180 4232 2335 4294 facis,
2362 4229 2455 4299 qui
2476 4243 2660 4283 senem
2683 4229 3043 4298 appellaveris
3074 4239 3304 4300 patrem.
3335 4231 3405 4285 At
3441 4233 3534 4287 ille

1954 4325 2212 4395 negabat,
2242 4324 2433 4377 dicens
2452 4320 2613 4375 :Vere
2641 4320 2833 4375 nescio
2860 4322 2905 4375 si
2936 4338 3059 4376 eum
3086 4330 3295 4391 patrem
3317 4326 3545 4379 vocavi.

1792 4442 1793 4445 η
1878 4404 1925 4461 Ῐ)
1955 4417 2163 4472 Interea
2187 4415 2381 4469 Petrus
2410 4414 2729 4469 movebatur
2749 4415 3157 4484 suspicionibus
3177 4416 3527 4486 quibusdam,

1957 4512 2100 4566 sicut
2158 4509 2274 4579 ipse
2323 4508 2481 4562 nobis
2533 4506 2811 4562 enarravit
2852 4509 3224 4577 postmodum,
3249 4517 3304 4564 et
3351 4509 3531 4579 respi-

354 4693 401 4726 “
431 4692 564 4759 Quae
587 4700 894 4763 sequuntur
916 4692 1189 4763 usquead
1214 4692 1373 4763 ﬁnem
1400 4692 1564 4762 hujus
1596 4693 1741 4763 libri,
1771 4695 2010 4750 breviter
2039 4690 2418 4747 tantummodo
2451 4696 2506 4744 et
2539 4688 2592 4741 in
2621 4684 3003 4756 compendium
3036 4689 3251 4744 redacta
3281 4691 3337 4746 in
3365 4692 3530 4749 codd.

275 4778 413 4822 mss.
459 4764 640 4836 Lipss.
668 4762 1037 4819 continentur.
1063 4762 1185 4818 Vid.
1218 4762 1428 4834 praefat.
1504 4762 1754 4820 "Matth.
1787 4780 1941 4831 χχιιι,
1972 4766 2026 4820 9.
3053 4766 3062 4779 ’

1583 4901 1952 4958 COTELEREI
1990 4900 2222 4957 NOTAE.

351 5066 461 5140 (48)
503 5067 654 5140 Alitis
685 5064 1274 5140 auteinfraternqster,
1311 5061 1617 5140 Platonicos
1641 5069 1692 5140 et
1724 5060 1846 5140 ᾼνὶ-

270 5132 561 5194 stotellcos.
596 5136 779 5202 Elegia
809 5134 1106 5189 Clementis
1135 5135 1188 5186 in
1217 5134 1413 5186 litteris
1448 5133 1700 5187 humanis
1732 5132 1847 5185 haec

271 5218 407 5263 sunt
440 5229 452 5263 :
488 5206 725 5262 Clemens
753 5222 817 5260 ex
845 5204 1152 5274 philosopho
1192 5218 1397 5272 magni?
1420 5203 1847 5274 docti-integr;

268 5277 683 5346 Commentario
720 5270 888 5346 Epist.
910 5276 978 5328 ad
1015 5270 1470 5346 Philippensemjn
1489 5289 1632 5336 (λιν,
1659 5270 1822 5346 LVIII

271 5347 589 5420 Hieronymi
618 5366 629 5400 :
650 5343 888 5420 Clemens
911 5346 1055 5398 omni
1076 5345 1295 5420 scientia
1317 5343 1561 5420 refertus,
1594 5343 1851 5420 omniain-

268 5435 370 5490 que
400 5411 697 5473 liberalium
749 5419 944 5471 artium
975 5416 1358 5490 peritissimus;
1399 5412 1722 5490 Eucherius,
1752 5411 1854 5465 Pa-

270 5483 468 5545 raenesi
506 5490 581 5544 De
611 5497 904 5556 contemptu
928 5483 1111 5539 mundi
1146 5501 1164 5539 :
1199 5486 1483 5556 Acceperat
1514 5484 1579 5538 Β.
1602 5483 1841 5556 Clemens

266 5562 550 5615 scientiam
577 5553 1041 5630 quamplurimum,
1064 5561 1139 5630 ita
1168 5566 1239 5630 _ut
1277 5554 1505 5623 optimus
1534 5553 1745 5630 quidem
1775 5553 1845 5606 il-

267 5631 378 5684 lius
426 5624 675 5699 temporis
718 5624 1053 5699 philosophus
1088 5627 1388 5699 haberetur,
1432 5625 1575 5699 apqu
1606 5624 1843 5699 Bernar-

268 5704 403 5757 dum
438 5694 686 5759 Serviitone
718 5694 787 5755 'de
820 5700 877 5756 S.
923 5694 1228 5755 Clemente:
1265 5695 1491 5769 Κλήμης
1523 5698 1550 5749 ὁ
1585 5694 1747 5759 πολὺς
1789 5697 1845 5748 ἐν

1949 5062 2111 5133 σοφίᾳ
2138 5061 2231 5114 καὶ
2254 5058 3077 5133 γνώσειηΛηίιδζξιβίιιε,,Ηράερὶ
3108 5074 3226 5127 cap.
3252 5060 3302 5133 ᾖ.
3334 5060 3535 5119 Ιῗῑϐιθι

1950 5128 2188 5188 mentem
2224 5130 2617 5200 philosophum
2644 5128 2903 5200 Dionysio
2934 5128 3209 5200 laudtauni
3240 5130 3317 5184 De
3338 5134 3531 5189 divinis

1950 5197 2269 5265 nominibus,
2305 5217 2427 5270 cap.
2448 5197 2524 5265 ’5;
2571 5197 2920 5270 Maximuset
2954 5198 3331 5270 Pachymeres
3388 5204 3537 5258 hunc

1950 5272 2253 5327 Romanum
2287 5267 2916 5340 interpretantur.Verba
2947 5268 3003 5322 S.
3038 5267 3141 5340 Nili
3176 5280 3325 5336 sunt,
3346 5273 3439 5329 lib.
3467 5290 3528 5338 ii,

1949 5346 2112 5415 epist.
2137 5343 2228 5400 49,
2271 5359 2325 5412 p.
2356 5337 2462 5415 HO
2478 5361 2502 5415 _:
2536 5340 2650 5415 Ofe):
2678 5337 2949 5415 Ἀπρλλὼξ
2978 5342 3006 5393 ὁ
3033 5339 3418 5415 ξΑλεξᾳνδρεγὺς
3445 5344 3536 5396 λό-

1950 5408 2067 5491 γξος
2098 5417 2127 5467 ὁ
2156 5408 2415 5491 gron—cxi];
2435 5412 2541 5466 τῶν
2568 5408 2806 5480 Χριστοῦ
2843 5409 3120 5491 μαθητῷν,
3155 5411 3225 5491 ος).
3248 5408 3537 5491 Κλήιμηςῤ

1959 5481 2245 5555 Ῥωμαίων
2289 5481 2613 5555 eamme,
2646 5494 2769 5549 quae
2814 5481 2895 5536 sic
2925 5489 3103 5555 _verto
3129 5500 3142 5535 :
3172 5481 3300 5555 lVon
3340 5481 3534 5555 Apollo

1949 5549 2347 5609 Aleaiandrinns
2411 5552 2495 5607 vir
2544 5552 2787 5622 eloquens
2816 5592 2831 5616 ,
2888 5549 3093 5622 rigatur
3147 5549 3531 5622 discipulorum

1952 5625 2153 5682 Christi
2176 5642 2192 5686 .'
2219 5641 2319 5682 non
2353 5622 2612 5689 Clemens,
2639 5620 2905 5677 Romanus
2929 5620 3287 5690 philosophus.
