3888 6192
419 277 562 336 0573

1272 271 1331 328 S.
1368 267 1814 328 CLEMENTISI
1854 266 2024 324 ROM.
2054 263 2496 322 PONT.OPEM
2534 263 2762 321 DUBIA.

3528 265 3651 323 ηπ

416 394 572 448 ciens
600 392 667 446 ad
696 391 973 445 Nicetam:
1006 389 1448 462 Expedi,iuquit,
1468 388 1612 457 quod
1636 384 1987 457 proposuisti.
2023 392 2071 448 Α
2100 391 2349 447 vocatur,
2382 381 2587 437 frustra
2610 382 2826 451 justitia
2863 381 3191 449 custoditur,
3233 383 3429 453 quippe
3465 382 3514 438 si
3555 399 3653 437 non

478 482 572 537 IX.
616 482 754 537 Tum
808 481 996 536 Niceta
1044 483 1149 537 hoc
1202 480 1364 535 modo
1410 494 1642 534 exorsus
1672 475 1995 533 est:0mne

414 576 561 645 quod
601 582 709 638 est,
741 584 836 628 aut
885 575 1113 644 simplex
1162 583 1247 629 est
1297 581 1391 627 aut
1416 571 1801 641 compositum.
1834 568 1991 635 Quod

415 668 652 737 simplex
681 675 765 722 est
796 668 931 741 (49),
978 673 1131 721 caret
1181 679 1433 727 numero,
1464 662 1757 725 divisione,
1787 661 1991 725 colore,

415 761 752 824 diﬁerentia,
807 760 1125 829 asperitate,
1179 758 1424 819 lenitate,
1457 754 1718 826 pondere,
1753 753 1990 815 levitate,

416 854 702 921 qualitate,
747 853 1071 921 quantitate.
1114 858 1169 905 et
1208 851 1279 904 ob
1321 850 1423 902 hoc
1462 848 1627 901 etiam
1668 845 1795 900 ﬁne.
1835 844 1993 911 Quod

416 960 547 999 vero
574 945 937 1013 compositum
984 950 1089 1005 est,
1131 950 1222 995 aut
1260 958 1323 995 ex
1356 940 1575 994 duobus
1606 947 1699 992 aut
1726 937 1993 993 extribus

414 1045 509 1089 aut
535 1036 696 1089 etiam
736 1050 801 1089 ex
831 1042 1066 1105 quatuor
1092 1033 1454 1101 compositum
1487 1040 1591 1093 est,
1627 1037 1722 1084 aut
1751 1036 1899 1083 certe
1925 1044 1990 1082 ex

418 1129 690 1197 pluribus,
714 1134 767 1181 et
796 1142 916 1196 qua
947 1126 1250 1194 composita
1294 1130 1443 1186 sunt,
1480 1122 1792 1177 necessario
1828 1120 1990 1175 etiam

414 1218 585 1274 dividi
620 1225 871 1289 possunt.
916 1216 981 1270 Et
1008 1232 1173 1271 senex
1204 1215 1435 1269 audiens
1466 1214 1579 1268 haec
1604 1232 1616 1267 :
1640 1212 1874 1283 Optime,
1906 1213 1993 1265 in-

414 1312 555 1381 quit,
587 1320 642 1365 et
682 1310 1001 1365 doctissime
1043 1309 1200 1368 dicis,
1237 1309 1332 1361 ﬁli.
1362 1306 1429 1360 Et
1461 1306 1648 1361 Niceta
1682 1322 1694 1358 :
1724 1292 1993 1375 Igitur‘ilo

414 1401 507 1455 Iud
538 1400 682 1470 quod
714 1400 942 1469 simplex
976 1409 1059 1454 est
1086 1408 1140 1453 et
1173 1398 1260 1453 his
1291 1397 1553 1452 omnibus
1583 1404 1757 1461 caret,
1788 1396 1991 1467 quibus

414 1494 551 1548 solvi
582 1492 725 1561 quod
771 1491 1044 1553 subsistit,
1087 1497 1288 1559 potest,
1318 1489 1439 1542 sine
1469 1489 1635 1543 dubio
1682 1489 1992 1558 incompre-

413 1584 683 1639 Itensibile
713 1589 768 1637 et
811 1583 1139 1636 immensum
1176 1588 1280 1645 est,
1314 1595 1491 1650 neque
1537 1580 1753 1635 initium
1814 1581 1983 1633 ullum

412 1694 589 1747 neque
621 1677 783 1730 ﬁnem
826 1674 1031 1734 sciens,
1063 1680 1119 1727 et
1150 1673 1271 1727 ideo
1304 1688 1472 1726 unum
1503 1679 1557 1725 et
1588 1673 1763 1727 solum
1790 1680 1897 1733 est,
1933 1680 1987 1724 et

2097 482 2180 531 est
2225 475 2319 545 qui
2360 475 2515 545 justo
2565 490 2663 545 pro
2695 475 2910 529 meritis
2935 473 3227 544 aliquando
3245 477 3520 530 restituat.
3558 474 3653 530 Sed

2095 584 2165 623 ne
2189 568 2370 622 anima
2399 568 2615 638 quidem
2649 566 2765 637 ipsa
2790 566 3112 622 immortalis
3140 566 3429 632 videbitur,
3463 568 3512 623 si
3544 582 3654 621 eam

2096 672 2222 733 post
2284 662 2682 718 absolutionem
2751 660 2998 731 corporis
3052 660 3259 715 nullius
3312 660 3657 731 providentia:

2094 756 2331 825 excipiat
2368 753 2728 825 dispensatio.

2165 846 2254 901 XI.
2277 846 2394 901 1am
2414 847 2460 901 si
2490 846 2755 902 doceatur
2770 860 2893 901 esse
2910 845 3273 907 Providentia,
3294 852 3347 900 et
3370 860 3468 915 per
3490 845 3654 915 ipsam

2096 939 2273 996 factus
2305 957 2427 996 esse
2452 941 2691 996 mundus
2714 980 2730 1005 ,
2780 941 2884 994 alia
2924 955 3117 994 rursus
3150 954 3271 1009 qua:
3299 939 3663 993 discutiantur

2093 1043 2425 1100 occurrunt;
2455 1034 2768 1103 requiretur
2795 1033 2941 1087 enim
2967 1048 3077 1102 quo
3102 1032 3261 1086 modo
3289 1032 3360 1086 sit
3379 1029 3662 1087 Providen-

2094 1128 2195 1190 tia,
2230 1136 2410 1181 tttrum
2444 1126 2769 1197 generaliter
2813 1140 2941 1193 erga
2970 1124 3186 1188 omnia,
3237 1139 3309 1178 an
3359 1122 3659 1192 specialiter

2092 1232 2219 1289 erga
2251 1224 2457 1287 partes,
2490 1232 2560 1270 an
2590 1224 2644 1271 et
2665 1216 2991 1287 generaliter
3017 1230 3146 1285 erga
3174 1226 3375 1285 partes,
3401 1228 3471 1266 an
3492 1223 3545 1267 et
3573 1228 3656 1283 ge-

2092 1310 2351 1364 neraliter
2380 1323 2509 1379 erga
2540 1308 2721 1362 omnia
2743 1314 2795 1363 et
2819 1308 3127 1377 specialiter
3148 1321 3274 1377 erga
3312 1313 3523 1375 partes.
3563 1302 3659 1356 Ge—

2093 1403 2296 1457 neralis
2326 1412 2505 1456 autem
2535 1402 2861 1471 intelligitur
2887 1402 2988 1456 hoc
3014 1400 3192 1464 modo,
3222 1400 3382 1470 quasi
3414 1399 3483 1452 ab
3514 1398 3661 1452 initio

2093 1492 2234 1548 Deus
2273 1492 2479 1549 faciens
2517 1493 2779 1547 tnundum
2824 1493 3071 1547 ordinem
3140 1493 3352 1547 dederit
3400 1492 3565 1546 rebus
3611 1499 3663 1545 et

2091 1600 2314 1639 cursum
2349 1584 2622 1650 statuerit,
2652 1592 2706 1638 et
2734 1583 2873 1636 ultra
2897 1598 3083 1637 eorum
3114 1597 3300 1637 curam
3318 1598 3441 1653 qua:
3472 1597 3661 1652 gerun-

2092 1683 2203 1740 tur,
2235 1676 2435 1731 habere
2466 1677 2785 1732 cessaverit.
2830 1673 3098 1744 Specialis
3147 1690 3276 1742 vero
3305 1689 3437 1743 erga
3486 1680 3659 1743 partes

412 1770 532 1824 sine
579 1776 805 1822 auctore
849 1766 1183 1820 subsistens.
1215 1762 1372 1829 Quod
1408 1772 1591 1818 autem
1620 1765 1985 1834 compositum
2022 1737 2060 1786 Β
2092 1768 2195 1823 hoc
2219 1768 2379 1822 modo
2402 1775 2506 1832 est,
2535 1766 2974 1839 utquorumdam
3002 1766 3220 1837 quidem
3256 1766 3341 1819 vel
3386 1766 3659 1820 hominum

410 1872 517 1924 est,
551 1872 604 1917 et
634 1876 864 1916 numero
885 1875 949 1913 ac
982 1859 1287 1913 diversitati
1316 1858 1685 1927 divisionique
1716 1858 1983 1925 subjacct,

412 1952 731 2007 necessario
756 1958 979 2005 auctore
1009 1950 1195 2019 aliquo
1222 1950 1587 2019 compositum
1618 1960 1721 2012 est,
1742 1958 1905 2020 atque
1932 1950 1986 2004 in

410 2057 577 2095 unam
632 2041 867 2110 speciem
920 2039 1210 2095 diversitas
1257 2052 1605 2111 congregata.
1652 2040 1808 2108 Quod
1862 2059 1991 2115 ergo

411 2133 739 2187 immensum
766 2142 867 2195 est,
902 2132 1145 2184 bonitate
1188 2140 1339 2199 pater
1361 2140 1465 2193 est,
1491 2132 1689 2187 virtute
1719 2134 1988 2189 conditor.

410 2221 595 2291 Neque
643 2238 772 2291 ergo
824 2222 1089 2275 condendi
1135 2222 1309 2277 virtus
1356 2226 1408 2277 in
1455 2226 1723 2278 innuenso
1777 2240 1991 2281 cessare

410 2316 609 2386 potuit,
644 2332 820 2379 neque
853 2314 1069 2371 bonitas
1093 2318 1277 2381 otiari,
1304 2318 1396 2372 sed
1421 2316 1486 2371 ad
1512 2319 1891 2373 sulistituenda
1927 2331 1992 2373 ea

408 2423 531 2475 quae
562 2418 722 2472 sunt,
768 2407 1007 2461 bonitate
1036 2449 1052 2472 ,
1100 2408 1167 2462 arl
1216 2410 1589 2478 componenda
1622 2418 1677 2465 et
1706 2410 1990 2476 ﬁrmanda,

408 2499 613 2551 virtute
653 2505 1006 2565 provocatur.
1048 2494 1473 2549 Substituuntur
1500 2511 1629 2566 ergo
1661 2503 1714 2550 et
1760 2512 1986 2568 compo-

409 2600 616 2644 nuntur
646 2588 915 2658 quadam,
946 2597 1005 2640 ut
1034 2586 1291 2649 diximus,
1324 2604 1388 2642 ex
1429 2586 1645 2641 duobus
1674 2588 1755 2641 vel
1788 2604 1852 2641 ex
1884 2589 1985 2642 tri-

408 2682 534 2744 bus,
580 2681 827 2751 quaedam
871 2695 1001 2733 vero
1045 2695 1111 2732 ex
1155 2690 1412 2749 quatuor,
1454 2680 1559 2732 alia
1606 2694 1672 2733 ex
1711 2679 1979 2749 pluribus.

412 2771 519 2825 Sed
549 2771 811 2841 quoniam
845 2785 991 2823 nunc
1022 2769 1181 2823 nobis
1212 2770 1279 2824 de
1318 2770 1505 2824 mundi
1550 2772 1756 2825 ratione
1786 2769 1975 2840 qua-ri-

408 2874 496 2917 tur
520 2871 574 2918 et
607 2866 673 2917 de
705 2861 1011 2917 substantia
1072 2860 1215 2929 ejus,
1253 2877 1416 2932 quam
1470 2877 1536 2917 ex
1584 2872 1819 2932 quatuor
1868 2862 1983 2916 ele-

405 2956 605 3011 mentis
652 2970 777 3010 esse
828 2954 1189 3024 compositam
1237 2961 1477 3017 constat,
1521 2954 1608 3008 cui
1654 2969 1844 3009 omnes
1878 2954 1983 3009 illa:

2088 1864 2171 1918 vel
2228 1864 2470 1918 locorum
2502 1865 2899 1934 providentiam
2932 1869 3105 1933 gerat,
3130 1861 3498 1931 quorumdam
3541 1876 3658 1915 vero

2092 1972 2199 2010 non
2224 1966 2399 2027 gerat.
2445 1955 2730 2013 Generalis
2778 1964 2959 2011 autem
3011 1954 3254 2035 omnium
3303 1964 3361 2009 et
3418 1954 3661 2025 specialis

2090 2048 2323 2118 partium
2354 2048 2517 2102 simul
2574 2049 2677 2103 hoc
2719 2048 2883 2103 modo
2935 2054 3043 2114 est,
3074 2047 3235 2117 quasi
3284 2056 3339 2101 et
3397 2046 3471 2100 ab
3518 2045 3659 2098 initio

2087 2140 2273 2194 omnia
2308 2140 2501 2195 fecerit
2533 2139 2678 2194 Deus
2704 2179 2719 2201 ,
2758 2150 2812 2194 et
2842 2154 3016 2211 usque
3060 2138 3128 2193 ad
3158 2138 3317 2193 ﬁnem
3346 2154 3449 2208 per
3485 2138 3664 2207 singu-

2088 2230 2169 2285 los
2194 2246 2443 2300 quosque
2464 2231 2861 2299 providentiam
2913 2238 3090 2302 gerat,
3148 2236 3203 2285 et
3224 2229 3528 2300 unicuique
3548 2227 3659 2282 red-

2087 2321 2178 2373 dat
2211 2334 2308 2388 pro
2339 2320 2556 2375 actibus
2589 2320 2725 2374 suis.

2158 2408 2271 2465 XII.
2296 2410 2477 2465 Prima
2502 2426 2632 2481 ergo
2651 2411 2739 2465 illa
2767 2409 3091 2481 propositio,
3114 2425 3235 2482 qua:
3255 2408 3411 2473 dicit,
3445 2408 3571 2480 quia
3598 2408 3661 2463 ab

2087 2502 2243 2559 initio
2282 2501 2426 2558 Deus
2458 2503 2648 2558 fecerit
2702 2502 2912 2567 omnia,
2945 2510 2999 2558 et
3031 2518 3198 2558 cursu
3260 2511 3431 2573 atque
3482 2504 3661 2559 ordine

2086 2593 2251 2648 rebus
2282 2594 2537 2664 imposito
2573 2593 2639 2649 de
2667 2594 2879 2665 reliquo
2903 2593 3041 2648 nihil
3068 2594 3136 2649 ad
3183 2609 3243 2649 se
3289 2601 3535 2659 revocet,
3583 2610 3661 2649 se-

2085 2685 2325 2741 cundum
2366 2685 2610 2755 genesim
2666 2687 2779 2756 geri
2831 2693 3029 2740 cuncta
3065 2684 3376 2741 conﬁrmat.
3427 2685 3513 2740 Ad
3565 2685 3660 2739 hoc

2083 2788 2215 2844 ergo
2236 2773 2412 2843 primo
2438 2776 2918 2845 respondebimus,
2941 2784 2995 2831 et
3021 2776 3107 2831 bis
3130 2777 3406 2847 praecipue
3428 2778 3523 2848 qui
3539 2776 3657 2831 deos

2084 2866 2275 2922 colunt
2302 2872 2356 2919 et
2386 2867 2629 2936 genesim
2648 2865 2970 2931 defendunt,
2996 2868 3091 2938 qui
3111 2868 3298 2938 utique
3323 2884 3453 2923 cum
3477 2869 3657 2922 immo-

2086 2955 2203 3012 lant
2221 2956 2329 3012 diis
2351 2964 2405 3012 et
2436 2967 2665 3013 exorant
2693 2973 2811 3021 eos,
2846 2959 2965 3015 sine
2998 2959 3168 3014 dubio
3192 2968 3391 3015 contra
3423 2960 3654 3031 genesim

403 3046 590 3103 decem
621 3046 940 3101 diﬁ‘erentia:
963 3060 1102 3115 quas
1140 3060 1306 3115 supra
1341 3046 1859 3115 comprehendimus
1890 3061 1982 3100 ac-
2010 3075 2054 3134 ρ
2089 3064 2149 3103 se
2172 3048 2563 3118 impetraturos
2591 3051 2797 3121 aliquid
2827 3059 3071 3121 sperant,
3094 3059 3149 3106 et
3177 3068 3273 3121 per
3289 3052 3397 3106 hoc
3414 3054 3652 3124 genesim

402 3140 614 3203 cidunt,
645 3138 825 3193 abhis
859 3135 1215 3193 inferioribus
1240 3136 1566 3207 incipientes
1597 3138 1881 3208 gradibus,
1915 3138 1984 3194 ad

402 3234 689 3302 superiora
724 3228 1147 3284 veniemus.Via
1173 3229 1319 3284 enim
1354 3230 1513 3285 nobis
1544 3230 1612 3283 ad
1639 3231 1985 3285 intellectua-

402 3325 474 3378 lia
505 3330 560 3377 et
590 3322 887 3377 invisibilia
927 3321 994 3375 ab
1020 3321 1104 3377 bis
1134 3337 1255 3391 quae
1293 3320 1540 3376 videmus
1579 3330 1633 3376 et
1673 3330 1986 3377 contrecta-

402 3430 524 3470 mus
562 3414 743 3479 datur,
780 3413 927 3467 sicut
957 3414 1272 3467 continetur
1313 3414 1366 3467 in
1413 3413 1774 3470 aritlimeticis
1812 3415 1982 3472 disci-

401 3506 587 3575 plinis,
610 3505 703 3558 ubi
730 3519 855 3559 cum
888 3504 956 3558 de
985 3503 1186 3557 divinis
1209 3505 1493 3574 qureritur,
1529 3506 1597 3560 ab
1629 3505 1980 3563 inferioribus

402 3596 473 3651 ad
524 3597 839 3666 superiores
898 3612 1160 3651 numeros
1208 3597 1545 3661 ascenditur,
1580 3613 1703 3651 cum
1748 3614 1879 3654 vero
1915 3600 1983 3655 de

401 3689 769 3759 praesentibus
811 3696 865 3743 et
916 3688 1228 3744 visibilibus
1270 3691 1409 3743 ratio
1436 3690 1751 3759 exponitur,
1786 3689 1855 3745 de
1886 3706 1982 3749 su—

401 3783 711 3852 perioribus
762 3782 826 3836 ad
883 3781 1174 3838 inferiores
1220 3798 1479 3838 numeros
1526 3783 1660 3839 ordo
1707 3785 1978 3857 dirigitur.

400 3876 509 3929 Aut
542 3889 651 3927 non
680 3874 753 3928 ita
784 3872 904 3927 est?

472 3964 542 4021 X.
584 3964 649 4018 Et
686 3980 853 4019 senex
881 3964 956 4019 ait
990 3982 1001 4015 :
1031 3963 1201 4019 Valde
1224 3965 1361 4020 bene
1393 3966 1763 4036 prosequeris.
1789 3964 1857 4020 Et
1886 3965 1982 4022 Ni-

400 4064 521 4113 ceta
553 4076 566 4112 :
603 4057 678 4111 De
706 4057 896 4111 mundi
928 4072 1075 4112 nunc
1113 4072 1245 4128 ergo
1293 4058 1507 4114 ratione
1536 4059 1980 4130 prosequendum

399 4157 507 4214 est,
541 4150 701 4219 cujus
740 4151 915 4219 prima
951 4151 1184 4220 quaestio
1209 4150 1265 4204 in
1302 4150 1442 4205 duas
1470 4160 1656 4215 partes
1685 4152 1977 4209 dividitur.

398 4240 675 4308 Quaeritur
703 4241 848 4295 enim
882 4249 1068 4296 utrum
1100 4241 1280 4296 factus
1304 4241 1396 4305 sit,
1423 4257 1490 4295 an
1520 4258 1628 4296 non
1651 4261 1665 4311 ;
1692 4250 1747 4298 et
1782 4243 1828 4297 si
1855 4244 1979 4314 qui-

399 4334 523 4389 dc'm
556 4350 665 4389 non
704 4342 789 4388 est
840 4333 1040 4397 factus,
1067 4334 1186 4403 ipse
1216 4334 1322 4389 erit
1368 4333 1503 4389 illttd
1542 4334 1873 4406 ingenitum,
1906 4352 1971 4392 ex

399 4443 509 4497 quo
537 4429 741 4483 omnia.
776 4427 835 4481 Si
863 4444 994 4483 vero
1024 4426 1203 4481 factus
1233 4435 1341 4490 est,
1373 4426 1442 4481 de
1482 4428 1584 4482 hoc
1617 4444 1814 4484 rursus
1834 4443 1979 4498 qure-

399 4519 505 4571 stio
537 4518 592 4572 in
618 4519 755 4573 duas
792 4527 981 4588 partes
1009 4517 1300 4583 scinditur,
1328 4526 1643 4573 utrumnam
1664 4536 1729 4575 ex
1766 4536 1826 4575 se
1856 4520 1977 4590 ipso

400 4610 580 4666 factus
623 4617 729 4675 est,
773 4624 841 4663 an
886 4612 954 4664 ab
995 4610 1122 4664 alio.
1177 4609 1245 4664 Et
1287 4609 1334 4665 si
1373 4609 1593 4680 quidem
1622 4625 1654 4665 a
1684 4611 1978 4681 semetipso

398 4707 503 4761 est,
531 4702 839 4756 excluditur
873 4700 992 4754 sine
1021 4700 1188 4755 dubio
1205 4698 1571 4756 Providentia.
1591 4696 1649 4753 Si
1677 4698 1977 4757 Providen-

401 4791 474 4843 tia
501 4806 609 4846 non
637 4793 916 4862 recipitur,
946 4792 1149 4847 frustra
1199 4792 1417 4847 animus
1459 4791 1526 4845 ad
1570 4792 1827 4847 virtutem
1859 4809 1981 4863 pro-

2084 3140 2325 3195 solvunt.
2348 3138 2485 3195 Cum
2517 3156 2644 3196 vero
2670 3142 2850 3197 rident
2888 3143 2984 3213 qui
3046 3143 3114 3196 ad
3149 3144 3412 3198 virtutem
3468 3160 3655 3216 provo-

2084 3237 2212 3285 cant
2233 3237 2288 3285 et
2311 3229 2379 3284 ad
2402 3230 2797 3285 continentiam
2825 3232 3205 3297 cohortantur,
3221 3244 3274 3290 et
3296 3235 3512 3299 dicunt,
3538 3234 3654 3304 quia

2084 3338 2247 3379 nemo
2271 3330 2454 3392 potest
2481 3321 2669 3379 facere
2702 3324 2906 3394 aliquid
2929 3332 3023 3379 aut
3052 3327 3204 3396 pati,
3250 3328 3361 3383 nisi
3423 3328 3566 3398 quod
3611 3325 3653 3381 ei

2086 3413 2198 3469 l'ato
2227 3413 2508 3470 decretum
2540 3422 2647 3480 est,
2675 3431 2864 3472 omnes
2895 3417 3142 3487 profecto
3164 3420 3373 3473 cultum
3402 3420 3654 3474 Divinita-

2084 3507 2156 3562 tis
2179 3507 2534 3562 abscindunt.
2567 3508 2710 3574 Quid
2738 3511 2885 3564 enim
2909 3511 3060 3567 colas
3093 3526 3212 3579 eos,
3236 3527 3266 3566 a
3302 3514 3512 3583 quibus
3539 3529 3653 3585 pro-

2084 3596 2279 3653 mereri
2306 3597 2443 3651 nihil
2476 3599 2680 3668 possis,
2710 3598 2857 3668 quod
2879 3614 2990 3653 non
3013 3602 3254 3670 patiatur
3272 3602 3418 3656 ratio
3440 3602 3653 3657 decreti?

2084 3685 2208 3741 Haec
2260 3686 2480 3741 interim
2533 3687 2797 3743 adversus
2845 3688 2970 3745 illos
3016 3689 3164 3744 dicta
3194 3700 3346 3745 sunt.
3396 3690 3506 3761 Ego
3534 3705 3650 3745 vero

2083 3779 2348 3833 mundum
2370 3778 2495 3834 dico
2529 3779 2644 3851 (50)
2677 3795 2705 3833 a
2736 3779 2849 3835 Deo
2882 3781 3111 3847 factum,
3143 3792 3198 3837 et
3226 3784 3295 3838 ab
3329 3785 3453 3854 ipso
3488 3799 3648 3854 quan-

2082 3871 2262 3942 doque
2293 3887 2419 3928 esse
2449 3873 2801 3937 solvendum,
2839 3886 2897 3928 ut
2933 3875 3024 3929 ille
3077 3884 3337 3947 appareat
3380 3878 3474 3948 qui
3505 3885 3647 3931 arter-

2080 3979 2187 4019 nus
2228 3970 2315 4018 est
2345 3973 2399 4018 et
2428 3962 2495 4017 ad
2539 3964 2643 4018 hoc
2674 3963 2875 4029 factus,
2926 3976 2984 4019 ut
3011 3980 3225 4036 semper
3269 3967 3342 4022 sit
3391 3978 3444 4022 et
3470 3967 3649 4037 dignos

2081 4070 2141 4109 se
2169 4054 2399 4124 recipiat
2423 4054 2631 4124 judicio
2679 4054 2794 4112 Dei.
2820 4055 2978 4122 Quod
3030 4064 3213 4111 autem
3238 4059 3311 4112 sit
3346 4059 3490 4114 alius
3520 4057 3647 4111 invi-

2083 4147 2261 4201 sibilis
2296 4146 2557 4212 mundus,
2597 4147 2703 4217 qui
2744 4148 2894 4202 hunc
2947 4148 3218 4204 visibilem
3272 4150 3422 4203 intra
3470 4156 3650 4204 semet-

2081 4237 2263 4306 ipsum
2313 4239 2616 4305 contineat,
2666 4249 3024 4311 posteaquam
3070 4239 3139 4295 de
3194 4241 3403 4295 visibili
3461 4238 3646 4295 mundo

2079 4330 2531 4397 discusserimus,
2563 4340 2694 4387 tunc
2725 4341 2779 4388 et
2805 4332 2873 4387 ad
2899 4334 3050 4387 illum
3076 4334 3383 4390 veniemus.

2012 4416 2054 4470 Ι)
2148 4420 2289 4477 XIII.
2321 4421 2480 4478 Nunc
2512 4425 2755 4488 interim,
2784 4425 2911 4494 quia
2944 4425 3124 4480 factus
3179 4427 3252 4481 sit
3282 4427 3524 4481 mundus
3553 4424 3645 4476 iste

2076 4513 2332 4579 visibilis,
2388 4524 2664 4571 testantur
2712 4517 2879 4572 etiam
2935 4517 3388 4588 philosophorum
3440 4513 3647 4588 plurimi

2077 4607 2355 4678 sApientes
2386 4608 2511 4663 viri.
2546 4607 2653 4665 Sed
2681 4625 2751 4664 ne
2782 4609 3064 4665 videamur
3113 4612 3270 4680 quasi
3298 4620 3523 4681 egentes
3566 4624 3643 4662 as-

2076 4700 2414 4756 sertionibus
2444 4700 2522 4754 uti
2550 4702 2796 4757 voluisse
2823 4702 3076 4767 testibus,
3104 4704 3172 4757 de
3203 4704 3490 4774 principiis
3509 4703 3639 4770 ejus,

2079 4793 2126 4848 si
2152 4793 2393 4861 videtur,
2455 4809 2787 4864 quaeramus.
2843 4796 3182 4867 Corporeum
3220 4812 3347 4854 esse
3396 4796 3640 4850 mundum

1711 4983 2075 5041 COTELERII
2113 4986 2346 5044 NOTAE.

472 5160 585 5231 (49)
627 5159 783 5235 Quod
806 5161 1030 5230 simplex
1076 5168 1323 5235 estJetc.
1354 5162 1435 5215 Ad
1467 5162 1581 5217 haec
1608 5170 1664 5219 et
1693 5168 1978 5235 sequentia

403 5232 543 5286 forte
578 5232 1114 5302 respiciensauctor
1138 5231 1524 5302 Disputationis
1551 5244 1737 5288 contra
1763 5231 1974 5301 lirium,

396 5311 531 5354 tom.
576 5300 855 5372 IOperum
897 5300 965 5372 S.
992 5300 1299 5365 Athanasii,
1336 5304 1534 5372 p.155,
1559 5305 1782 5359 scribit:
1815 5308 1885 5359 Σὺ
1920 5307 1978 5359 δὲ

395 5373 449 5424 τί
483 5374 587 5442 φής
626 5389 689 5443 με
722 5371 801 5443 [1⁸.
838 5389 925 5442 μοι
949 5371 967 5442 ]
990 5372 1169 5443 γάἲδιον
1213 5373 1549 5443 συντίθεσθαι
1580 5374 1641 5426 τὸ
1674 5375 1843 5441 θεῖον;
1878 5378 1978 5430 οὐκ

397 5444 541 5517 Enn):
551 5442 733 5517 ροάςω
743 5512 754 5517 _
772 5443 900 5494 πστὲ
923 5442 1050 5517 Δξςλή
1060 5459 1248 5517 paveo;
1278 5442 1370 5496 τοῦ
1382 5516 1385 5517 ν
1405 5444 1979 5517 π-αρακολρυθήσαγτος

398 5512 588 5586 ρέτρῳ
622 5512 698 5581 τῷ
732 5512 1114 5586 ᾁξποᾳτόλῳέμὸς
1141 5512 1500 5586 καθαιρείγήεὴν
1517 5512 1972 5586 τοᾲιαύτηκίδόξανς

401 5580 480 5654 Tu
513 5580 629 5635 vero
658 5580 783 5654 quid
817 5584 897 5635 ais
928 5580 1076 5654 mihi,
1107 5580 1356 5654 (sternunt
1382 5580 1533 5654 illum
1559 5580 1818 5640 Deum'ea
1846 5580 1971 5654 par?

401 5650 542 5703 tibus
598 5650 891 5707 constitui?
931 5653 1119 5706 Annon
1167 5653 1416 5706 audivisti
1459 5652 1775 5709 Clementem
1823 5650 1971 5709 Petri

401 5721 623 5775 anastolt'
651 5724 1082 5792 sectatorcm,qui
1100 5721 1401 5786 huiusmodi
1418 5725 1711 5794 opinionem
1736 5726 1971 5783 subruit?

2081 5168 2473 5245 Lege_Co_nstit.
2508 5174 2715 5242 aperto!
2740 5214 2756 5239 ,
2784 5191 2857 5241 v1,
2892 5176 2977 5241 ll,
3004 5193 3066 5231 ac
3093 5176 3322 5245 Epirom.
3352 5177 3438 5231 I7.

2153 5241 2265 5312 (50)
2306 5241 2417 5318 Ego
2430 5241 2557 5318 gero
2581 5245 2984 5318 mundum,_etc.
3012 5248 3084 5303 De
3113 5241 3311 5318 duplici
3341 5244 3537 5299 mundo
3558 5258 3633 5296 re-

2078 5313 2234 5366 mitto
2263 5322 2316 5367 te
2339 5314 2406 5366 ad
2429 5312 2741 5370 Platonicos
2766 5324 2820 5371 et
2849 5316 3131 5373 Philonem
3162 5312 3272 5373 z'ex
3300 5318 3499 5371 nostris
3516 5328 3632 5367 vero

2077 5382 2513 5458 adCIementem
2536 5385 2837 5458 Alexandy.
2874 5386 3075 5443 Strom.
3116 5405 3171 5453 v,
3212 5404 3333 5458 pag.
3368 5386 3487 5445 595..
3517 5382 3631 5446 599ἱ

2075 5450 2382 5524 Origenen].
2401 5454 2589 5509 homil.
2624 5457 2658 5510 5
2686 5457 2740 5509 in
2763 5455 3042 5511 Canticum
3069 5450 3414 5519 canticorum,
3437 5464 3490 5509 et
3509 5461 3625 5524 tom.

2250 5523 2303 5576 in
2323 5521 2626 5600 Joannem;
2678 5526 3017 5600 ‘Eusehium.
3070 5527 3383 5600 Pfa’paral.
3416 5521 3625 5600 astringe].

2070 5593 2177 5665 lib._
2196 5608 2271 5665 χι.
2290 5608 2410 5663 cap.
2430 5595 2637 5661 25,24;
2662 5596 3047 5665 Augustinum,
3065 5615 3082 5654 ι
3100 5592 3563 5659 Retractationum,
3579 5592 3631 5655 3,

2073 5670 2125 5718 et
2156 5661 2723 5724 falsum—Ambrosium
2750 5661 2801 5722 in
2836 5666 2861 5721 Ι
2891 5668 3131 5725 Corinth.
3164 5685 3238 5737 vn,
3262 5668 3314 5724 2.
