3888 6192
235 320 371 378 1377

1404 319 1969 377 RECOGNITIONUM
2008 320 2137 376 LIB.
2179 318 2314 376 VIII.

3367 324 3506 380 1578

231 440 385 497 hunc
440 438 740 505 visibilem,
799 452 867 495 eo
892 437 1014 510 ipso
1042 438 1195 511 quod
1247 433 1335 494 est
1356 436 1596 494 visibilis
1623 478 1638 503 ,
1686 438 1821 493 satis
1850 446 1896 504 Α
1928 436 2052 506 plex
2090 450 2192 491 nec
2215 435 2445 490 haberet
2488 433 2631 489 intra
2658 446 2718 490 se
2740 432 2890 489 aliud
2942 449 2974 490 a
3031 449 3140 505 quo
3185 436 3389 492 resolvi
3438 453 3505 492 ae

210 536 471 607 constat.
506 530 679 586 Omne
707 532 889 586 autem
925 545 1129 602 corpus
1146 531 1285 587 duas
1314 532 1506 601 recipit
1558 530 1817 586 dill‘eren-

227 622 368 689 tias;
401 629 498 675 aut
527 622 673 677 enim
696 637 1006 678 connexum
1055 632 1138 679 est
1165 630 1219 679 et
1250 623 1509 689 solidum,
1543 630 1639 678 aut
1672 624 1815 678 divi-

227 729 354 770 sum
385 722 442 769 et
462 720 802 785 separatum.
836 714 904 770 Et
935 715 981 771 si
1004 715 1224 786 quidem
1277 731 1588 771 connexum
1621 716 1724 771 fuit
1762 724 1818 773 et

227 805 467 862 solidum
500 822 703 878 corpus
725 823 792 863 ex
822 823 933 878 quo
974 807 1215 864 mundus
1249 807 1427 865 lactus
1468 816 1575 876 est,
1624 818 1677 864 et
1722 825 1817 880 per

224 897 481 956 diversas
513 900 724 969 species
776 906 1071 971 partesque
1126 902 1427 956 secundum
1478 902 1815 959 differentias

224 988 313 1043 sui
345 1003 548 1059 corpus
591 988 725 1044 illud
758 990 1019 1060 partitum
1064 997 1149 1046 est
1182 998 1236 1046 et
1267 990 1528 1055 divisum,
1588 1006 1814 1046 necesse

221 1087 311 1136 est
361 1081 592 1153 intelligi
630 1081 805 1138 fuisse
857 1081 1096 1153 aliquem
1134 1083 1230 1154 qui
1262 1098 1463 1153 corpus
1498 1082 1645 1153 quod
1693 1089 1812 1138 erat

220 1190 534 1230 connexum
565 1182 619 1229 et
650 1175 887 1231 solidum
931 1175 1257 1241 dirimeret,
1291 1183 1457 1246 atque
1516 1177 1571 1229 in
1626 1184 1811 1246 partes

219 1266 430 1321 multas
460 1266 687 1320 duceret
717 1265 1034 1336 formasque
1064 1267 1334 1323 diversas.
1391 1267 1499 1322 Aut
1544 1267 1589 1322 si
1622 1284 1688 1323 ex
1721 1267 1809 1322 di-

218 1357 398 1414 versis
422 1358 800 1430 dispersisque
818 1375 1118 1431 corporum
1147 1360 1397 1430 partibus
1420 1360 1598 1415 omnis
1620 1360 1809 1415 mundi

217 1446 337 1502 haec
362 1449 534 1504 moles
553 1451 854 1519 composita
880 1456 961 1505 est
982 1458 1035 1505 et
1056 1452 1458 1522 compaginata,
1479 1466 1705 1507 necesse
1725 1458 1809 1506 est

217 1541 579 1597 nihilominus
630 1542 858 1611 intelligi
884 1542 1054 1598 fuisse
1075 1543 1311 1614 aliquem
1333 1543 1424 1613 qui
1452 1542 1505 1596 in
1534 1558 1700 1596 unum
1718 1541 1805 1596 di-

221 1649 447 1704 spersas
468 1634 749 1705 colligeret
786 1643 839 1690 et
857 1635 1103 1690 diversas
1124 1635 1287 1690 rebus
1307 1635 1518 1706 species
1534 1635 1802 1691 indueret.

1923 528 2092 583 dividi
2119 529 2337 599 posset?
2366 527 2524 594 Quod
2557 527 2604 583 si
2637 543 2703 583 cx
2734 529 2952 584 duobus
3002 539 3096 584 aut
3155 532 3362 597 tribus,
3417 534 3504 587 vel

1918 623 2086 677 etiam
2119 637 2186 677 ex
2214 628 2452 692 quatuor
2479 629 2736 677 constare
2788 636 3022 691 corpora
3074 623 3355 688 videntur,
3412 624 3502 678 cui

1922 730 2029 769 non
2047 714 2212 769 etiam
2246 714 2504 785 exiguum
2534 713 2759 768 habenti
2785 729 3008 770 sensum
3035 715 3382 771 manifestum
3407 716 3501 780 sit,

1918 806 2062 877 quod
2088 806 2251 861 fuerit
2274 806 2474 877 aliquis
2503 806 2595 876 qui
2632 806 2687 860 in
2720 822 2887 861 unum
2913 807 3070 877 plura
3111 808 3412 877 collegerit,
3445 814 3502 862 et

1916 900 2333 968 temperamenti
2359 899 2733 954 moderatione
2760 906 2998 963 servata,
3025 917 3089 956 ex
3116 899 3352 956 diversis
3373 914 3502 971 par-

1916 991 2061 1044 tibus
2084 990 2321 1045 solidum
2343 1005 2545 1060 corpus
2566 990 2845 1045 effecerit?
2871 990 3027 1047 Hunc
3053 992 3220 1062 igitur
3250 1008 3351 1048 nos
3373 1007 3501 1047 con—

1913 1084 2147 1138 ditorem
2195 1082 2384 1137 mundi
2429 1082 2665 1138 dicimus
2720 1081 2914 1149 Deum,
2950 1082 3099 1138 hunc
3146 1083 3499 1156 agnoscimus

1914 1176 2290 1233 universitatis
2317 1185 2621 1231 auctorem.

1980 1265 2099 1322 XV.
2150 1265 2287 1321 Nam
2346 1264 2662 1320 Graecorum
2717 1264 3032 1335 philosophi
3089 1264 3157 1319 de
3207 1265 3497 1336 principiis

1909 1360 2101 1415 mundi
2132 1366 2466 1431 quaerentes,
2499 1358 2642 1412 alius
2665 1358 2772 1411 alia
2815 1358 3043 1412 incessit
3087 1357 3197 1412 via.
3251 1357 3499 1428 Denique

1908 1451 2247 1524 Pythagoras
2278 1452 2549 1506 elementa
2596 1448 2999 1520 principiorum
3056 1465 3319 1505 numeros
3371 1467 3497 1507 esse

1907 1547 2063 1611 dicit,
2088 1545 2441 1601 Callistratus
2472 1544 2768 1616 qualitates
2794 1543 2929 1615 (52),
2961 1541 3236 1598 Alcmaeon
3273 1552 3495 1599 contra-

1906 1638 2129 1690 rietates
2158 1633 2295 1707 (55),
2323 1632 2770 1688 Anaximandrus
2806 1632 3253 1697 immensitatem,
3280 1632 3497 1686 Anaxa-

286 1723 433 1780 XIV.
467 1724 532 1779 Et
557 1726 777 1796 quidem
804 1728 988 1797 plures
1013 1727 1469 1798 philosophorum
1497 1726 1599 1781 hoc
1630 1727 1802 1796 magis
1836 1799 1851 1801 _
1907 1746 2067 1801 goras
2098 1730 2437 1800 aequalitates
2467 1728 2705 1798 partium
2740 1727 2853 1801 (54)
2876 1768 2891 1793 ,
2936 1726 3208 1797 Epicurus
3255 1733 3491 1788 atomos.

211 1818 457 1873 sensisse
485 1818 623 1879 scio,
654 1819 801 1889 quod
833 1836 901 1874 ex
933 1835 1043 1874 uno
1070 1835 1323 1891 corpore,
1358 1835 1520 1890 quam
1554 1819 1631 1873 illi
1675 1835 1795 1873 ma-
1833 1799 1877 1855 Β
1905 1799 2177 1880 Diodorus
2200 1835 2386 1876 amere
2404 1823 2540 1894 (55),
2570 1822 2675 1878 hoc
2692 1799 2777 1877 est
2801 1799 2867 1877 ex
2892 1821 2978 1876 his
2999 1821 3053 1874 in
3077 1818 3278 1890 quibus
3306 1828 3492 1889 partes

210 1912 408 1967 teriam
445 1917 666 1976 vocant,
700 1912 1003 1968 divisiones
1030 1927 1095 1967 ac
1139 1913 1502 1968 discretiones
1540 1910 1799 1966 conditor

208 2000 406 2057 fecerit
434 2000 775 2073 Deus;quod
801 2010 982 2058 tamen
1032 2019 1098 2059 ex
1149 2013 1390 2075 quatuor
1428 2003 1795 2074 simplicibus,

206 2096 349 2150 etin
378 2110 550 2150 unum
600 2103 1032 2166 temperamento
1078 2098 1314 2170 quodam
1368 2096 1566 2152 divinae
1612 2095 1799 2152 Provi-

206 2184 410 2240 dentiae
432 2184 690 2240 admistis
718 2192 1000 2240 constaret
1020 2186 1333 2242 elementis.
1367 2185 1503 2240 Nam
1542 2186 1674 2241 illud
1699 2203 1794 2241 su-

205 2273 418 2346 perfluo
467 2290 499 2329 a
541 2274 872 2345 quibusdam
904 2276 1111 2330 dictum
1140 2284 1275 2346 puto
1307 2275 1442 2348 (5i),
1478 2277 1623 2345 quod
1654 2277 1792 2332 sim-

204 2368 331 2438 plex
358 2382 583 2438 corpus,
639 2367 693 2422 id
733 2375 818 2423 est
865 2369 1075 2439 absque
1124 2368 1234 2421 ulla
1285 2367 1673 2437 conjunctione
1723 2366 1793 2421 sit

203 2459 422 2523 mundi,
456 2476 584 2514 cum
630 2468 847 2516 constet
870 2477 972 2515 nec
1023 2476 1226 2530 corpus
1255 2476 1419 2530 posse
1468 2475 1590 2515 esse
1643 2459 1789 2529 quod

202 2551 437 2620 simplex
477 2557 580 2616 est,
615 2566 793 2621 neque
824 2552 1042 2607 misceri
1076 2566 1239 2623 posse
1278 2559 1371 2606 aut
1394 2552 1683 2623 propagari
1704 2552 1789 2607 vel

202 2642 342 2697 solvi
366 2661 383 2711 ;
415 2659 537 2714 quae
563 2645 748 2698 omnia
773 2645 962 2717 utique
985 2645 1173 2700 mundi
1196 2645 1523 2716 corporibus
1540 2646 1791 2702 videmus

198 2735 471 2791 accidere.
507 2734 627 2802 Quo
658 2735 821 2792 modo
852 2738 999 2793 enim
1027 2739 1355 2803 solveretur,
1401 2737 1449 2792 si
1479 2744 1628 2792 esset
1658 2737 1793 2792 sim-

1900 1932 2010 1971 non
2037 1923 2187 1981 sunt,
2226 1914 2514 1985 Asclepias
2540 1914 2738 1983 ὅγκους
2768 1912 2900 1985 (56),
2932 1911 3079 1983 quod
3116 1927 3218 1967 nos
3244 1921 3492 1966 tumores

1900 2009 1985 2065 vel
2010 2008 2279 2064 elationes
2304 2022 2603 2077 possumus
2627 2006 2833 2069 dicere,
2857 2004 3162 2060 Geometras
3186 2004 3320 2060 lines
3352 2003 3488 2074 (5'7),

1900 2100 2248 2155 Democritus
2280 2099 2434 2154 ideas
2480 2097 2620 2171 (58),
2662 2097 2863 2153 Thales
2900 2111 3123 2167 aquam,
3176 2094 3489 2151 Heraclitus

1896 2192 2099 2264 ignem,
2118 2190 2391 2261 Diogenes
2403 2205 2586 2245 aerem
2604 2189 2739 2262 (59),
2754 2188 3109 2244 Parmenides
3121 2195 3327 2243 terram
3346 2186 3485 2257 (60),

1900 2282 2107 2345 Zenon,
2138 2280 2517 2351 Empedocles,
2542 2278 2701 2335 Plato
2741 2281 2945 2351 ignem,
2985 2295 3184 2350 aquam
3210 2320 3225 2344 ,
3279 2295 3484 2347 aerem,

1898 2380 2141 2438 terram;
2176 2370 2505 2427 Aristoteles
2553 2370 2717 2426 etiam
2751 2371 3009 2441 quintum
3044 2369 3343 2425 introducit
3370 2371 3487 2426 ele-

1896 2471 2166 2527 mentum,
2199 2463 2349 2533 quod
2381 2463 2823 2535 ἀκατονόμαστον
2845 2503 2859 2528 ,
2894 2463 2949 2517 id
2996 2473 3083 2518 cst
3130 2464 3487 2535 incompella-

1897 2553 2007 2608 bile
2035 2555 2342 2609 nominavit
2372 2552 2510 2626 (61),
2542 2554 2663 2609 sine
2681 2554 2850 2610 dubio
2893 2554 3045 2608 illum
3075 2554 3351 2618 indicans,
3389 2553 3483 2624 qui

1897 2644 1953 2698 in
1973 2660 2141 2698 unum
2173 2652 2411 2716 quatuor
2442 2645 2711 2701 elementa
2735 2646 3078 2716 conjungens
3106 2644 3370 2699 mundum
3399 2643 3483 2700 fc-

1899 2736 2060 2793 cerit.
2088 2736 2218 2792 Sive
2265 2736 2435 2808 igitur
2483 2737 2592 2792 duo
2638 2738 2757 2793 sive
2786 2738 2894 2792 tria
2939 2738 3056 2793 sive
3103 2748 3344 2808 quatuor
3390 2748 3485 2793 aut

1520 2932 1886 2991 COTELERII
1916 2933 2152 2992 NOTAE.

269 3117 382 3191 (51)
408 3114 569 3170 .Nam
600 3115 734 3171 illud
758 3117 1023 3187 superﬂuo
1054 3134 1087 3172 a
1115 3118 1429 3189 quibusdam
1459 3115 1659 3170 dictum
1686 3132 1786 3186 pu-
1813 3128 1857 3190 C
1894 3114 2171 3236 rbxptroc.
2194 3114 2466 3197 .Clemens
2496 3114 2898 3198 Alexandrinus
2941 3115 3262 3183 Protreptici

269 3232 273 3236 .
306 3188 352 3236 Α
383 3187 739 3236 Xenonhane.
776 3186 1099 3236 Parmenide
1125 3204 1188 3236 ac
1221 3188 1459 3236 Melisso-
1918 3185 1947 3236 tl
1980 3193 2084 3236 est.
2118 3201 2313 3236 omnor
2343 3207 2355 3236 :
2390 3186 2683 3236 Leucmnus
2733 3201 2906 3236 autem
2939 3186 3204 3236 Milesius.
3232 3206 3259 3236 ε

1918 3203 1929 3236 I

193 3186 289 3245 ιο.⁷
306 3186 739 3258 Α⁷Χεηορ1ηιηε,
776 3186 1099 3243 Parmenide
1125 3186 1188 3241 ac
1210 3188 1459 3258 Melissa.

270 3259 386 3330 (52)
427 3255 774 3330 Callistratus
832 3260 1140 3330 qualitates.
1197 3257 1256 3313 In
1318 3255 1786 3330 SextigEmpirici

196 3325 515 3410 Pyrrhoniis
548 3325 1000 3410 Hypotyposibus,
1032 3329 1126 3385 Iib.
1145 3346 1223 3395 ιιι,
1242 3344 1365 3399 cap.
1389 3329 1424 3383 4
1444 3367 1459 3392 ,
1491 3328 1546 3382 id
1576 3325 1789 3383 Strato-

191 3400 261 3456 ni
288 3400 520 3469 physico
548 3400 834 3455 tribuitur.

288 3416 361 3469 pn
387 3416 520 3454 'swo
548 3416 834 3455 tribuitur.

267 3416 391 3541 (55)
426 3468 693 3541 Alcmazon
715 3471 1134 3525 contrarietates.
1154 3467 1460 3541 Ἀλκμᾳξῳν
1481 3468 1664 3538 vulgo;
1678 3466 1785 3541 Aqui

190 3539 531 3611 Theodorito
572 3540 831 3611 Ἀλκμάν,
883 3542 1073 3596 eodem
1123 3540 1205 3595 vel
1237 3539 1515 3611 simillimo
1541 3539 1781 3611 nomine.

190 3610 511 3683 Philosophi
541 3609 717 3683 hujus
726 3612 1110 3683 ἐείᾳντιότητας
1132 3609 1624 3683 explicatasghabes
1639 3610 1785 3681 apud

187 3682 567 3762 Aristotelem,
598 3682 690 3736 lib.
721 3680 739 3736 ι
766 3680 1409 3762 Metapltgsicorum,cap.
1437 3680 1491 3735 5.

264 3747 379 3816 (54)
420 3749 770 3821 Anaxagoras
810 3747 1141 3821 {equalitates
1178 3747 1435 3818 partium.
1491 3749 1777 3821 Ὁμοιομέ-

191 3834 371 3889 petax},
403 3816 497 3889 vel
511 3816 908 3889 ὁμοιομερείας.

264 3887 380 3951 (55)
430 3884 698 3958 Diodorus
742 3884 959 3958 ausas.
1010 3887 1172 3943 Forte
1218 3888 1513 3958 scripserat
1543 3886 1772 3944 Rulinus

187 3957 381 4011 Graece
410 3974 422 4008 :
447 3956 649 4027 ἀμερῆ.
679 3956 735 4010 In
763 3957 975 4026 Eclogis
1008 3958 1238 4028 physicis
1267 3956 1486 4023 Stobazi,
1517 3974 1633 4027 cap.
1667 3960 1769 4013 li’i:

185 4031 455 4106 Διόξῳρος
483 4031 709 4106 ἐπίκλην
738 4033 966 4105 Κρόνος,
989 4034 1058 4088 τὰ
1079 4034 1257 4105 ἀμερῆ
1284 4031 1532 4106 σώματα,
1555 4034 1777 4106 ᾄπειρα,

184 4102 256 4175 τὰ
290 4101 521 4175 ᾷὲξαὺτᾲ
542 4101 938 4175 λεγόμενάίκαὶ
965 4101 1508 4175 clamasset“
1528 4105 1624 4174 μὲν
1657 4101 1779 4157 κάτ’

182 4172 444 4246 ᾴριθμὺν,
474 4172 759 4246 ᾡρισμένα
811 4174 869 4226 δὲ
911 4172 1162 4229 mana
1206 4172 1451 4246 μέγεθοζ.
1484 4172 1778 4246 Dionysius

183 4243 596 4314 Alexandrinus
623 4245 938 4313 episcopus,
974 4247 1025 4299 in
1065 4243 1229 4313 opere
1268 4243 1345 4297 De
1368 4244 1562 4298 natura
1582 4285 1597 4305 ,
1628 4243 1778 4314 apud

182 4312 487 4394 Eusebium
531 4312 834 4394 Praeparat.
878 4312 1153 4394 Evangqu
1187 4315 1280 4368 lib.
1312 4330 1422 4394 ξανἶ
1455 4332 1515 4394 cL
1539 4314 1610 4368 25
1634 4334 1645 4368 :
1666 4312 1777 4368 Καὶ

180 4383 396 4457 τούτων
429 4383 562 4457 φιζσὶ
592 4383 713 4457 ubi
730 4383 1658 4457 ὰμερῶνρὑματοποιὸνΑΔιόδωρον
1686 4402 1777 4453 γε-

181 4454 428 4531 ·ξρνέναι.
485 4452 906 4531 Ιιεεεωδειέιιίηι
949 4452 1295 4531 Empiricutn
1352 4452 1776 4531 Pannoniarum
1810 4478 1853 4531 ι)

185 4524 599 4594 Hypotyposeon
628 4524 722 4579 lib.
754 4542 834 4591 ιιι,
858 4542 909 4581 c.
935 4527 1002 4593 4;
1036 4524 1089 4580 in
1118 4525 1523 4579 Mathematicus
1554 4525 1774 4589 libanu,

184 4611 243 4666 ι).
275 4595 410 4666 367;
443 4604 497 4648 et
525 4595 867 4666 Chalcidium
902 4598 959 4651 in
995 4597 1254 4666 Timaeum
1276 4594 1540 4649 Platonis.

260 4665 378 4737 (56)
413 4664 750 4733 Asclepiades
779 4666 995 4736 ὄγκους.
1024 4666 1205 4735 Pergit
1233 4665 1523 4737 Dionysius
1551 4665 1781 4721 Alexan-

260 4683 378 4737 (δυ)
413 4683 750 4733 Αεσιεριααεδ
779 4683 995 4736 ογκους.
1024 4683 1205 4735 vergit
1233 4683 1523 4789 monzsms
1551 4683 1777 4721 Alexan-

180 4736 404 4797 drinus.
435 4743 560 4806 post
597 4737 761 4791 citata
786 4739 972 4803 verba,
1000 4739 1109 4793 sic:
1136 4738 1305 4806 ὃνομα
1341 4736 1369 4788 δ
1405 4778 1419 4801 ,
1448 4738 1611 4805 φασιν
1632 4778 1647 4803 ,
1679 4737 1777 4789 αὐ-

178 4811 301 4879 τρῖς
333 4807 463 4879 ἄλλο
480 4806 836 4879 Ἡρακλεζδης
855 4808 1099 4879 θέμενος,
1124 4806 1382 4879 ἐκάλεσεν
1402 4806 1620 4879 ὅγκοᾼυς,
1646 4808 1777 4878 παρ’

181 4871 248 4952 εξ)
281 4880 379 4933 κα)¹
412 4871 809 4952 Ἀσξᾎηπι-άδηξ
825 4880 855 4932 ὁ
876 4871 1478 4952 ιοίτρὸςὲκληρεγόμηᾷε
1496 4877 1559 4952 eo
1585 4871 1775 4952 ὄνομά.

184 4897 248 4932 ου
281 4897 379 4933 και
425 4897 855 4948 Λσκληπιαοηςο
876 4897 1057 4952 ιατρος
1078 4897 1378 4951 εκΛηρονομ
1419 4897 1478 4931 σε
1496 4897 1559 4931 το
1585 4897 1775 4948 ονομα.

184 4947 305 5027 [Ioc
354 4956 486 5027 est:
521 4945 977 5027 Nominenautem,
1006 4952 1181 5027 aiunt,
1216 4950 1338 5027 alio_
1373 4897 1482 5006 illis
1533 4948 1799 5027 imposito,

184 5018 505 5074 Heraclides
534 5021 734 5089 vocavit
754 5019 972 5089 ὄγκους,
998 5021 1093 5075 hoc
1122 5031 1200 5075 est
1230 5020 1392 5075 moles
1423 5034 1514 5074 seu
1537 5034 1776 5089 massas;

183 5107 219 5143 a
250 5107 353 5161 quo
383 5101 433 5145 et
448 5088 805 5161 Asclepiades
828 5092 1061 5147 medicus
1091 5109 1277 5145 nomen
1301 5093 1436 5146 velut
1470 5088 1778 5144 hwreditate

182 5158 405 5229 accepit.
432 5158 642 5232 Qaztera
673 5161 816 5230 apud
847 5162 1071 5218 Sextum
1106 5162 1463 5232 Empiricum.

258 5232 375 5302 (57)
415 5230 706 5305 Geometra:
750 5233 901 5302 fines.
954 5235 1017 5287 Ol
1055 5230 1428 5305 μαθηματικοὶ
1458 5230 1528 5286 τὰ
1558 5231 1776 5304 πέρατα

180 5300 310 5373 silui
332 5300 621 5373 εωμάτων.
659 5300 879 5359 Sextus.

259 5372 383 5443 (58)
420 5372 753 5443 Democritus
790 5374 956 5430 ideas.
983 5373 1200 5430 Primus
1232 5374 1376 5429 enim
1405 5372 1772 5435 Democritus,

183 5442 330 5516 teste
361 5442 421 5516 S.
454 5442 660 5516 Irenaeo
678 5445 785 5516 lib.
814 5461 872 5508 ιι,
901 5461 1024 5516 cap.
1059 5444 1149 5506 l9,
1193 5444 1350 5511 dixit,
1381 5447 1578 5516 multas
1608 5452 1657 5497 et
1683 5461 1777 5516 va-

182 5515 300 5586 rias
350 5513 415 5567 ab
458 5514 799 5586 universitate
827 5513 1026 5586 ﬁguras
1052 5532 1326 5584 expressas
1355 5515 1683 5570 descendisse
1721 5514 1777 5567 in

183 5585 327 5658 {tunc
355 5583 630 5658 mundum.
650 5583 708 5638 ὐ
724 5585 797 5658 ⁸δὲ
825 5583 1087 5658 Μιλήσιος
1108 5583 1423 5658 Λεύκιππος
1441 5629 1455 5653 ,
1475 5588 1575 5658 και
1597 5587 1626 5639 ὁ
1646 5586 1777 5658 Χῖος

184 5652 575 5728 Μητρόδωρος,
595 5654 797 5728 διττὰς,
817 5657 894 5720 ὡς
924 5652 1120 5724 ἔὸικεν,
1142 5658 1235 5712 καὶ
1267 5657 1417 5710 αὐτοὶ
1443 5652 1624 5728 ἀρχὰς
1639 5656 1777 5728 dict-:-

184 5724 476 5798 Aet’nécqv,
504 5725 565 5777 τὸ
599 5726 804 5796 πλῆρες
837 5731 937 5798 καίΔ
962 5728 1023 5781 τὸ
1056 5729 1229 5782 κενόν.
1264 5724 1577 5798 ΠροσέΘήᾆέε
1603 5725 1661 5778 δὲ
1682 5724 1776 5777 λα-

185 5794 302 5849 ϐὼν
335 5794 546 5849 τοῦτοιν
577 5794 857 5853 τοῖνίόυεῖν
887 5796 957 5852 τὰ
993 5799 1185 5854 εἴδωλα
1243 5802 1270 5853 ὁ
1316 5794 1635 5869 Ἀϐδηρίτης
1673 5798 1775 5867 Δη-

1934 3121 2171 3185 όκριτος.
2213 3121 2466 3170 Clemens
2496 3121 2898 3171 Alexandrinus
2941 3121 3262 3183 Protreptici
3298 3134 3350 3189 p.
3386 3121 3475 3177 i3.

1934 3185 1950 3256 l
1980 3187 2313 3256 est,opinor
2343 3207 2355 3240 :
2390 3186 2683 3256 Leucippus
2733 3201 2906 3241 autem
2939 3186 3205 3250 Milesius,
3232 3198 3281 3242 et
3312 3189 3477 3247 Chius

1891 3253 2252 3314 Metrodorus.
2281 3253 2637 3326 duplicia,'ut
2684 3258 2906 3323 videtur,
2940 3259 3042 3326 ipsi
3092 3275 3293 3327 quoque
3348 3263 3476 3316 reli-

1889 3342 2044 3396 quere
2074 3328 2356 3398 principia,
2382 3328 2593 3396 plenum
2622 3338 2671 3382 et
2698 3329 2874 3383 inane.
2905 3328 3115 3398 Adfecit
3138 3338 3334 3390 autent,
3358 3349 3478 3386 mu-
3572 3354 3581 3363 ·

1890 3405 2099 3467 gnatus,
2129 3396 2333 3451 duobus
2379 3399 2486 3451 illis
2536 3400 2791 3467 imagines
2831 3396 3164 3453 Democritus
3198 3400 3474 3460 Abderita.

1890 3465 2043 3520 Mitto
2074 3466 2414 3532 Ciceronem,
2451 3475 2505 3523 et
2537 3465 2822 3523 Minutium
2851 3468 3108 3531 Felicem,
3138 3486 3263 3523 cum
3293 3473 3436 3529 aliis.

1963 3537 2078 3608 (59)
2118 3537 2423 3592 Heraclitus
2446 3540 2640 3610 ignem,
2670 3539 2925 3610 Diogenes
2957 3556 3151 3594 aerem.
3170 3539 3243 3595 Ita
3269 3556 3365 3596 sex
3388 3559 3478 3599 c0-

1887 3606 2037 3663 dices
2053 3606 2202 3686 _'mss_.
2233 3609 2433 3686 quibus
2470 3606 2561 3665 usi
2603 3606 2814 3666 sumus.
2846 3613 3091 3681 Intellige
3118 3627 3247 3666 vero
3279 3611 3476 3686 Dioge-

1886 3693 2011 3733 nem
2037 3677 2457 3748 Apolloniatem.

1959 3748 2072 3821 (60)
2116 3749 2458 3822 Parmenides
2492 3762 2705 3805 terram.
2733 3750 2867 3806 Cum
2896 3752 3019 3822 igne
3054 3772 3067 3807 :
3101 3760 3159 3807 ut
3190 3754 3473 3811 materiam

1883 3833 2010 3892 cum
2047 3819 2263 3892 Opiﬁce.
2309 3819 2580 3892 Diogenes
2626 3822 2900 3888 Laertius,
2919 3819 3200 3880 Clemens
3236 3826 3475 3882 Alexan-

1883 3890 2099 3955 drinus,
2138 3889 2523 3954 Theodoritus,
2553 3892 2767 3947 Cicero.

1955 3960 2070 4033 (61)
2107 3961 2417 4016 Aristoteles
2448 3965 2608 4017 etiam
2647 3965 2886 4033 quintum
2920 3965 3206 4020 introducit
3244 3967 3472 4022 elemen-

1884 4032 2015 4095 tum,
2044 4032 2193 4105 quod,
2211 4032 3181 4105 ᾳεαιοηοηιαειωι(ἀκατονὸμειστον),
3211 4038 3265 4089 id
3287 4050 3366 4092 est
3394 4039 3474 4091 in-

1882 4102 2248 4176 compellabile
2273 4105 2582 4176 nominavit,
2618 4102 3255 4176 etc.Cicero'_Tusculan.
3281 4116 3472 4176 σαίνει.

1882 4173 1978 4230 lib.
2012 4190 2061 4228 ις
2091 4174 2403 4244 Aristoteles
2426 4176 2667 4243 quintum
2684 4190 2856 4244 genus
2897 4174 3128 4239 adhibet,
3156 4173 3345 4229 vacans
3372 4193 3470 4230 no-

1880 4244 2037 4313 mine.
2066 4245 2223 4313 Apud
2255 4243 2531 4298 Laertium
2581 4254 2633 4298 et
2680 4243 3002 4306 lllustriuni,
3038 4246 3091 4298 in
3125 4246 3417 4300 Aristotele
3446 4265 3464 4302 :

1880 4309 2032 4388 Εξνει
2064 4309 2131 4388 δὲ’
2155 4314 2306 4388 πᾳρὰ
2332 4313 2400 4367 τὰ
2420 4314 2659 4388 τέσσαρα
2683 4319 2919 4388 στειχξῖα
2939 4317 3030 4388 καὶ
3050 4316 3175 4370 ἄλλο
3195 4317 3463 4388 πέμίττον,

1878 4382 1939 4456 ἐξ
1960 4376 2021 4456 οὗ
2043 4383 2112 4437 τὰ
2134 4376 2349 4456 αἰθέρια
2366 4376 2724 4456 λσυνεστᾶναι.
2745 4376 2955 4450 Quibus
2985 4387 3182 4440 similia
3210 4376 3469 4441 in'TIteo;

1881 4453 2045 4508 doriti
2076 4453 2329 4509 sermone
2351 4453 2428 4508 De
2457 4457 2682 4508 materia
2703 4466 2751 4507 et
2773 4457 2991 4513 mundo.
3012 4457 3064 4510 in
3087 4457 3305 4511 Justino
3322 4456 3466 4512 Mar-

1884 4525 1989 4597 tyri
2018 4525 2442 4597 attributispag.
2466 4524 2583 4597 714?;
2616 4534 2670 4597 et
2702 4526 2840 4597 £97;
2874 4542 2936 4580 cx
2963 4524 3292 4597 Philosophe
3324 4528 3418 4582 lib.
3448 4544 3463 4582 ι

1880 4583 2265 4669 ρεραεμιορτιρ.
2297 4583 2363 4669 2',
2385 4583 2437 4669 5,
2465 4596 2518 4649 in
2553 4594 2750 4669 Stobzei
2784 4583 2991 4666 ltclogis
3020 4583 3324 4669 physicism.
3357 4598 3461 4663 l3;

1882 4665 1936 4738 in
1959 4664 2122 4738 Attici
2155 4664 2419 4738 Platonici
2452 4681 2617 4734 opere
2654 4664 3277 4738 aduersus-Aristotelem
3321 4671 3460 4738 apud

1880 4734 2177 4809 Eusebium
2197 4736 2392 4809 APra'p.
2421 4753 2603 4806 evang.
2638 4753 2728 4803 xv,
2754 4737 2806 4801 7,
2835 4737 2902 4809 _87;
2936 4738 2991 4791 in
3024 4736 3175 4793 Sexti
3222 4734 3463 4809 119ρόῳ-

1878 4807 2091 4873 posibus
2116 4807 2437 4878 ubi‘supra,
2471 4816 2727 4878 etioperei
2745 4809 2797 4861 in
2826 4807 3230 4863 Mathematicos
3261 4807 3459 4878 μάθε.

1878 4892 2095 4949 necnon
2123 4878 2178 4949 in
2207 4876 2502 4931 Plutarcho
2526 4876 2620 4930 lib.
2653 4894 2668 4931 ι
2698 4877 2772 4931 De
2791 4879 3005 4948 placitis
3036 4876 3486 4949 philosophorum,

1878 4961 2000 5017 cap.
2032 4948 2087 5004 '5.
2116 4948 2294 5019 Atque
2325 4949 2438 5003 haec
2469 4949 2646 5017 posui,
2672 4963 2795 5002 cum
2830 4958 2891 5003 ut
2921 4948 3247 5004 illustrarem
3279 4950 3459 5004 locum

1879 5025 2236 5086 praesentem,
2274 5033 2338 5073 ac
2383 5034 2708 5088 exponerem
2766 5022 3095 5075 sententiam
3147 5019 3461 5077 Aristotelis

1878 5089 1986 5142 alio
2014 5104 2112 5158 per
2140 5098 2388 5146 nostrum
2419 5088 2748 5155 traductam,
2781 5099 2894 5145 tum
2926 5097 2984 5145 ut
3009 5091 3078 5145 ab
3108 5092 3460 5147 accusatione

1879 5158 2027 5214 docti
2059 5159 2523 5215 animadversoris
2563 5158 2830 5214 Desiderii
2859 5159 3079 5215 Heraldi
3111 5160 3456 5215 defenderem

1878 5230 2045 5284 verba
2081 5231 2307 5285 Arnobii
2332 5230 2423 5286 lib.
2454 5245 2492 5283 ιι
2526 5246 2540 5285 :
2576 5228 2680 5296 Qui
2698 5231 2942 5299 quintum
2975 5232 3284 5285 elementum
3308 5231 3459 5298 priu-

1880 5299 2142 5368 cipalibus
2171 5302 2400 5371 applicat
2422 5300 2641 5371 causis,
2659 5317 2763 5371 non
2792 5301 3069 5355 Aristoteli
3096 5302 3458 5371 peripatetica-

1880 5386 1997 5423 rum
2029 5373 2173 5441 patri
2196 5372 2382 5426 credit.
2434 5375 2573 5440 Lege
2590 5370 3055 5432 Philostratum,tn
3074 5370 3150 5425 De
3173 5372 3277 5425 vita
3300 5371 3461 5441 Apol-

1882 5442 2011 5512 lonii
2041 5443 2131 5506 11,
2165 5441 2491 5497 Strabonem
2545 5441 2640 5512 lib.
2668 5457 2757 5503 xv,
2810 5442 2971 5512 paulo
3018 5449 3141 5510 post
3191 5441 3453 5512 medium,

1878 5511 1957 5566 De
1987 5512 2432 5578 Brachmanibus,
2481 5518 2535 5582 et
2580 5509 2853 5582 Julianuﬁ)
2897 5509 3177 5582 impérat.,
3225 5519 3364 5565 orat.
3397 5511 3451 5582 5,

1877 5598 2000 5653 pag.
2044 5584 2185 5652 503;
2234 5584 2363 5639 item
2395 5580 2764 5653 clarissimum
2795 5580 3070 5653 ﬂuetiurng
3101 5583 3156 5635 in
3202 5584 3340 5635 notis
3384 5580 3457 5634 ad

1880 5649 2155 5725 Qrigenem
2171 5649 2309 5725 pag.
2343 5653 2466 5708 111.
2515 5649 2750 5725 Ruﬁnus
2788 5651 3398 5725 contrarllieronymmn
3437 5670 3451 5705 :

1880 5722 2203 5779 Nesciebam'
2229 5722 2278 5781 te
2298 5722 2734 5793 ἀκατονόμαστον
2763 5722 2868 5779 dici
2900 5733 2950 5779 et
2984 5723 3455 5793 incompellabilem

1876 5812 2159 5851 nominari.
