3888 6192
492 320 634 377 ηπ
1368 314 1426 371 8.
1467 314 1858 374 ειεΜεΝτιδ
1892 315 1910 367 I
1948 312 2042 370 ΒΟ

2159 312 2359 369 ΡΟΝΤ.
2399 311 2623 369 OPERA
2666 311 2869 367 DUBIA
3583 313 3692 368 4380

489 436 654 491 etiam
684 436 841 506 plura
860 435 992 495 sint,
1020 434 1107 489 vel
1150 434 1441 488 innumera
1478 448 1546 488 ex
1578 431 1782 501 quibus
1831 430 2074 487 mundus
2100 441 2148 497 Α
2176 445 2393 499 semper
2417 429 2659 490 veniunt,
2694 438 2749 483 et
2772 430 2936 485 rebus
2964 442 3197 497 quarum
3222 427 3333 497 jam
3361 441 3601 481 mensura
3629 427 3693 478 in-

489 536 729 590 constat,
762 526 910 580 omni
943 541 1007 580 ex
1042 534 1219 595 parte,
1250 524 1345 595 qui
1379 526 1537 595 plura
1571 525 1625 577 in
1650 539 1818 578 unum
1841 524 2075 594 college-
2176 529 2328 590 tegra
2352 530 2591 584 constat,
2618 520 2912 584 adduntur,
2944 518 3212 589 quomodo
3242 530 3384 573 stare
3408 517 3695 571 universitas

489 625 565 674 rit
594 627 647 674 et
680 634 875 673 rursus
917 618 1147 672 collecta
1174 617 1227 672 in
1263 616 1515 672 diversas
1561 618 1775 687 species
1830 618 2069 681 duxerit,
2177 620 2377 683 potest,
2403 628 2526 668 cum
2551 620 2659 667 tam
2688 613 2965 668 immensis
2997 612 3326 683 ponderibus
3354 626 3486 665 nova
3518 626 3695 679 semper

489 710 805 766 ostenditur
828 710 992 771 Deus,
1018 717 1072 763 ct
1104 710 1369 779 probatur
1399 724 1501 779 per
1520 709 1635 763 haec
1664 725 1773 765 non
1821 713 2072 780 potuisse
2177 706 2415 775 pondera
2440 704 2823 759 cumulentur?
2850 704 2951 759 Sed
2985 712 3039 758 et
3070 702 3203 757 illud
3249 704 3485 772 requiro,
3518 702 3560 756 si
3590 717 3699 771 pau-

488 801 803 855 machinam
829 800 1015 853 mundi
1033 802 1153 855 sine
1181 799 1376 870 opifice
1404 807 1457 854 et
1483 802 1766 869 provisere
1789 810 2067 859 constare,
2175 797 2323 850 latim
2344 795 2669 849 coeuntibus
2691 794 3029 863 corpusculis
3050 794 3429 847 exstruebatur
3453 792 3533 845 hic
3567 807 3697 860 quem

564 890 703 946 XVI.
740 890 843 945 Sed
884 898 939 946 et
966 892 1068 945 hoc
1099 891 1218 961 ipso
1259 891 1405 961 quod
1437 892 1492 945 in
1525 893 1915 961 conjunctione
1954 894 2068 948 ele-
2175 886 2422 942 videmus
2446 885 2683 940 ambitus
2732 885 2883 949 cmli,
2908 885 3179 955 quomodo
3222 900 3331 938 non
3377 883 3431 936 in
3478 897 3539 935 eo
3581 880 3700 933 illico

490 989 821 1043 mentorum,
850 980 1135 1034 deficiente
1160 981 1330 1035 altero
1350 990 1445 1034 aut
1498 981 1833 1045 abundante,
1871 992 2067 1037 caetera
2169 996 2294 1035 cum
2328 989 2685 1049 consurgeret
2712 978 2955 1033 corruit?
2975 979 3019 1032 si
3044 978 3259 1047 quidem
3290 976 3449 1030 hians
3472 974 3701 1027 machina:

487 1072 843 1125 resolvuntur
885 1079 940 1125 et
974 1071 1299 1135 concidunt,
1329 1072 1642 1126 ostenditur
1673 1087 1738 1125 ex
1787 1072 1960 1127 nihilo
2005 1089 2068 1127 ea
2170 1070 2344 1140 ipsius
2379 1071 2689 1132 summitas,
2728 1070 2894 1124 nullis
2948 1070 3167 1124 suffulta
3198 1068 3468 1138 repagulis
3496 1067 3699 1135 stringe.-

488 1162 770 1229 accepisse
799 1161 1153 1231 principium.
1193 1158 1328 1213 Nam
1358 1159 1506 1215 verbi
1535 1161 1711 1230 gratia
1758 1162 1805 1216 si
1850 1162 2068 1216 deficiat
2169 1168 2341 1215 retur.
2370 1157 2525 1214 Sicut
2553 1161 2697 1215 enim
2728 1159 2820 1229 qui
2852 1160 3201 1213 aedificiorum
3243 1158 3421 1212 tholos
3473 1156 3702 1231 in‘circu-

487 1255 543 1305 in
569 1254 753 1321 alique
776 1252 996 1314 humor,
1026 1266 1132 1305 nec
1163 1250 1380 1306 aridum
1421 1252 1621 1318 stabit;
1658 1252 1887 1308 humore
1919 1254 2064 1309 enim
2169 1250 2279 1304 lum
2328 1250 2640 1317 instruunt,
2689 1249 2794 1304 nisi
2831 1248 3241 1303 conclusionem
3291 1246 3451 1300 medii
3508 1238 3701 1298 verticis

484 1346 736 1413 pascitur
764 1343 977 1397 aridum
1010 1344 1153 1398 sicut
1205 1352 1261 1398 ct
1298 1343 1472 1413 frigus
1505 1344 1705 1409 calido,
1734 1345 1789 1399 in
1838 1346 2060 1413 quibus,
2169 1343 2496 1397 strinxerint
2528 1383 2541 1403 ,
2593 1342 2915 1397 universum
2966 1342 3168 1410 pariter
3221 1340 3486 1406 solvitur;
3551 1338 3615 1389 ita
3659 1343 3703 1389 et

484 1443 548 1490 ut
579 1434 841 1496 diximus,
876 1435 920 1489 si
955 1435 1185 1489 alterum
1208 1434 1447 1498 deﬁciat,
1483 1437 1700 1505 penitus
1720 1445 1917 1489 cuncta
1952 1438 2062 1491 sol-
2166 1432 2354 1488 mundi
2385 1434 2645 1497 circulus,
2682 1448 2845 1503 quem
2877 1442 2984 1485 tam
3011 1432 3206 1485 decora
3237 1430 3417 1499 specie
3447 1429 3699 1483 collectum

484 1535 710 1588 vuntur,
736 1536 790 1581 et
822 1527 875 1580 in
909 1526 1013 1579 hoc
1046 1526 1275 1597 originis
1301 1543 1415 1582 sua:
1444 1543 1550 1596 qua
1586 1544 1650 1582 ex
1686 1528 1859 1583 nihilo
1917 1528 2059 1583 facta
2166 1525 2434 1590 videmus,
2462 1526 2504 1579 si
2539 1541 2648 1579 non
2680 1524 2862 1579 subito
2896 1531 2949 1577 et
2980 1524 3082 1578 sub
3133 1538 3241 1576 uno
3274 1521 3469 1575 divina:
3514 1520 3702 1573 virtutis

482 1627 634 1681 sunt,
666 1618 976 1689 produntur
1003 1619 1225 1673 indicia.
1250 1620 1406 1685 Quod
1450 1620 1494 1673 si
1522 1622 1747 1674 materia
1776 1622 1891 1689 ipsa
1934 1637 2059 1691 pro-
2166 1622 2347 1666 rotatu
2374 1615 2614 1682 potentia
2645 1614 2947 1668 conditoris
2976 1613 3201 1668 effectus
3227 1621 3329 1677 est,
3358 1613 3452 1668 sed
3475 1611 3700 1681 paulatim

484 1711 645 1765 batur
671 1726 796 1766 esse
827 1711 991 1774 facta,
1015 1710 1288 1781 quomodo
1317 1718 1499 1780 partes
1521 1712 1641 1779 ejus
1674 1719 1727 1765 et
1758 1713 1968 1781 species
1991 1728 2055 1766 ex
2164 1706 2623 1759 concurrentibus
2649 1708 2847 1760 atomis
2870 1714 2923 1760 et
2942 1706 3359 1766 instruentibus,
3389 1721 3493 1758 non
3519 1701 3703 1754 utratio

479 1804 684 1872 quibus
712 1802 949 1857 mundus
978 1811 1193 1858 constat
1220 1842 1235 1867 ,
1288 1802 1618 1857 videbuntur
1671 1804 1921 1858 infectae?
1954 1802 2046 1858 Sec

2164 1798 2402 1866 petebat,
2434 1797 2529 1851 sed
2565 1807 2621 1852 ut
2659 1798 2923 1853 fortuitus
2965 1798 3246 1852 incidisset
3292 1805 3539 1853 eventus,
3588 1807 3701 1861 quo-

478 1895 551 1948 de
574 1895 1231 1964 materiaetqualitatibus
1254 1910 1362 1950 non
1384 1904 1468 1951 est
1490 1910 1635 1950 nunc
1655 1894 1870 1950 dicendi
1890 1895 2061 1962 locus;
2166 1888 2326 1943 "mdo
2368 1904 2475 1942 non
2522 1891 2675 1959 prius
2713 1906 2877 1960 quam
2909 1889 3088 1959 colligi
3120 1897 3304 1959 posset
3356 1896 3412 1942 et
3453 1884 3697 1943 concludi.

481 1984 587 2038 hoc
611 1985 789 2039 solum
821 1985 1080 2041 docuisse
1108 1984 1362 2050 sufﬁciat,
1420 1986 1589 2041 Deum
1639 2002 1763 2042 esse
1818 1986 2062 2040 omnium
2164 1981 2408 2052 dilapsus
2437 1992 2523 2039 est
2552 1992 2607 2038 et
2632 1984 2969 2041 dissolutus?
2997 1983 3074 2036 Ad
3112 1984 3225 2037 [nec
3272 1984 3437 2037 etiam
3479 1980 3598 2035 illud
3632 1995 3703 2031 re.

474 2076 845 2141 conditorem,
871 2078 1001 2146 quia
1030 2093 1209 2147 neque
1260 2078 1307 2133 si
1362 2078 1597 2132 solidum
1652 2088 1706 2132 et
1754 2092 2062 2131 connexum
2162 2073 2344 2142 quiro,
2378 2075 2521 2143 quod
2547 2075 2617 2129 sit
2646 2075 2955 2136 munimen,
2981 2090 3145 2145 super
3163 2074 3305 2144 quod
3328 2082 3440 2126 tam
3462 2074 3704 2126 immense

480 2170 583 2224 fuit
604 2184 804 2240 corpus
817 2186 881 2224 ex
908 2186 1017 2240 quo
1033 2170 1270 2226 mundus
1293 2178 1529 2236 constat,
1544 2170 1726 2224 dirimi
1749 2178 1801 2223 et
1822 2170 2061 2225 discerni
2163 2166 2322 2221 molis
2348 2166 2495 2235 jacta
2532 2167 2642 2223 sint
2668 2167 3056 2222 fundamenta?
3082 2166 3147 2221 Et
3168 2182 3361 2221 rursus
3394 2164 3522 2219 illud
3553 2164 3699 2231 ipsnm

475 2263 599 2317 sine
626 2262 930 2325 conditore,
948 2278 1125 2334 neque
1140 2262 1268 2318 sies
1293 2264 1527 2320 diversis
1549 2263 1870 2320 etdiscretis
1893 2265 2061 2333 parti-
2162 2258 2308 2327 quod
2340 2258 2548 2314 dixeris
2578 2262 2877 2323 munimen,
2910 2275 3078 2329 super
3104 2257 3233 2329 quid
3261 2257 3481 2326 jaceat?
3507 2254 3567 2307 Et
3594 2255 3703 2306 item

480 2355 583 2409 bus
607 2356 665 2408 in
699 2372 867 2409 unum
882 2356 1169 2411 collectum
1182 2362 1289 2419 est.
1306 2356 1626 2427 congregari
1647 2367 1698 2412 et
1712 2358 1927 2411 misceri
1942 2357 2061 2411 sine
2162 2351 2295 2406 illud
2324 2351 2491 2415 aliud,
2508 2368 2674 2424 super
2692 2352 2859 2422 quid?
2878 2361 2931 2407 et
2953 2368 3193 2422 eousque
3208 2349 3584 2420 interrogando
3598 2362 3702 2416 pro-

479 2447 690 2501 artifice
732 2449 927 2516 potuit.
961 2448 1132 2519 Igitur
1161 2448 1207 2503 si
1257 2447 1444 2502 mundi
1475 2448 1731 2503 conditor
1763 2448 1905 2504 Deus
1936 2462 2059 2501 esse
2161 2442 2395 2512 grediar.
2420 2444 2593 2498 donec
2616 2444 2897 2513 responsio
2914 2441 2981 2496 ad
3007 2443 3139 2496 nihil
3157 2450 3211 2497 et
3236 2442 3399 2495 inane
3432 2436 3700 2511 perveniat.

477 2544 591 2590 tam
623 2538 904 2593 evidenter
933 2539 1261 2601 ostenditur,
1310 2539 1404 2609 qui
1454 2540 1559 2594 erit
1616 2539 1852 2609 Epicuro
1904 2540 2057 2594 locus
2234 2532 2377 2587 XIX.
2421 2534 2578 2600 Quod
2608 2534 2655 2589 si
2709 2534 2855 2589 dicat
2913 2534 3150 2603 aliquis,
3183 2532 3310 2602 quia
3340 2531 3507 2585 atomi
3554 2530 3700 2597 ignem

480 2627 861 2683 introducendi
896 2638 1129 2692 atomos,
1160 2638 1215 2685 et
1238 2630 1519 2685 asserendi
1545 2630 1691 2700 quod
1739 2646 1804 2685 ex
1858 2645 2058 2699 corpu-
2159 2627 2442 2697 qualitatis
2473 2628 2784 2697 conjunctae
2805 2627 2907 2681 sibi
2940 2640 3138 2695 corpus
3165 2640 3332 2677 unum
3380 2622 3631 2681 fecerunt,
3658 2626 3701 2669 et

478 2719 649 2773 scolis
680 2720 1098 2775 insensibilibus
1129 2736 1236 2775 non
1264 2721 1440 2776 solum
1467 2722 1749 2777 sensibilis
1799 2735 2051 2791 corpora,

479 2808 574 2864 sed
604 2816 657 2862 et
680 2818 889 2865 mentes
920 2810 1317 2866 intellectuales
1341 2826 1405 2865 ac
1438 2811 1737 2866 rationales
1768 2811 1936 2865 fiant?

547 2898 710 2955 XVII.
754 2900 859 2956 Sed
888 2901 1059 2964 dices,
1077 2909 1135 2955 ut
1166 2901 1398 2972 Epicuro
1416 2904 1592 2958 visum
1617 2911 1729 2958 est:
1754 2902 2055 2957 Continua-

476 2990 657 3047 tiones
686 3001 992 3047 atomorum
1017 2994 1343 3050 indesinenti
1377 3011 1544 3050 cursu
1566 2996 1923 3058 venientium,
1956 3010 2054 3064 per

2156 2716 2284 2785 quia
2314 2717 2456 2787 ignis
2478 2718 2716 2788 qualitas
2738 2732 2845 2771 non
2878 2714 3133 2771 deorsum
3163 2713 3255 2769 sed
3281 2729 3503 2767 sursum
3533 2707 3698 2767 tendit,

2157 2808 2468 2877 impositam
2489 2809 2676 2864 mundi
2702 2809 2897 2863 molem
2915 2807 2983 2862 ad
3004 2807 3288 2878 superiora
3309 2819 3526 2877 semper
3548 2801 3700 2854 nitens

2157 2901 2295 2973 ignis
2308 2909 2499 2955 natura
2518 2903 2830 2969 subvectat;
2856 2902 2921 2956 ad
2940 2902 3053 2957 [nec
3069 2899 3521 2970 respondebimus
3541 2916 3551 2949 :
3575 2894 3699 2959 Quo-

2154 2993 2317 3048 modo
2339 3002 2634 3063 potuerunt
2652 2994 2816 3049 atomi
2846 2994 3018 3065 igneae
3041 2992 3345 3064 qualitatis,
3372 3005 3493 3061 qua:
3515 2998 3697 3054 semper

478 3082 746 3138 immensa
775 3092 829 3139 et
859 3084 979 3140 sine
1002 3085 1106 3141 fine
1138 3096 1382 3157 tempora
1414 3087 1761 3142 miscentium
1795 3102 1853 3141 se
1890 3095 2053 3157 atque
2080 3126 2123 3185 ο
2157 3084 2222 3138 ad
2244 3085 2526 3153 superiora
2567 3084 2941 3148 contendunt,
2978 3084 3035 3137 in
3076 3081 3336 3137 inferiora
3378 3076 3697 3137 descendere,

478 3173 533 3226 in
558 3190 727 3228 unum
759 3178 1223 3245 conglobantium,
1256 3194 1488 3249 corpora
1519 3179 1691 3234 solida
1720 3178 2047 3233 efﬁciuntur.

478 3263 596 3318 Non
618 3266 778 3321 venio
800 3269 865 3322 ad
892 3268 1027 3332 hac,
1058 3278 1117 3323 ut
1141 3286 1252 3325 rem
1277 3270 1579 3326 fabulosam
1603 3279 1659 3327 et
1692 3272 1873 3340 inepte
1902 3285 2055 3325 com-

479 3360 711 3427 positam
743 3360 955 3427 dicam;
1009 3363 1291 3417 videamus
1340 3364 1513 3434 magis
1568 3364 1613 3419 si
1671 3363 2052 3433 qualecunque

479 3447 624 3503 istud
661 3457 774 3513 est,
809 3459 987 3520 potest
1010 3460 1157 3507 stare
1194 3452 1342 3523 quod
1403 3454 1624 3509 dicitur.
1687 3453 1853 3508 Aiunt
1904 3452 2049 3508 enim

476 3542 802 3609 corpuscula
831 3544 947 3612 ipsa
978 3560 1097 3614 quae
1122 3553 1334 3601 atomos
1358 3548 1631 3616 appellant
1656 3546 1791 3617 (62),
1817 3545 2051 3603 diversis

475 3646 599 3684 esse
627 3633 1007 3700 qualitatibus,
1040 3647 1093 3691 et
1122 3639 1227 3692 alia
1261 3638 1481 3707 quidem
1515 3638 1735 3691 humida
1766 3645 1821 3692 et
1850 3638 1921 3692 ob
1947 3639 2050 3691 hoc

476 3722 664 3789 gravia
686 3739 749 3779 ac
778 3726 1033 3782 deorsum
1062 3730 1360 3794 tendentia,
1384 3730 1490 3784 alia
1517 3742 1645 3785 vero
1670 3728 1822 3785 arida
1853 3739 1907 3785 et
1937 3738 2051 3785 ter-

480 3829 609 3867 rena
637 3824 799 3885 atque
827 3819 897 3872 ob
921 3819 1023 3875 hoc
1049 3822 1404 3878 nihilominus
1446 3824 1632 3893 gravia
1656 3864 1671 3888 ,
1725 3823 1832 3877 alia
1866 3830 2046 3877 autem

479 3905 638 3975 ignea
668 3916 721 3962 et
751 3910 824 3963 ob
853 3910 955 3964 hoc
980 3928 1198 3968 sursum
1229 3930 1446 3985 semper
1470 3914 1719 3975 nitentia,
1756 3916 1859 3969 alia
1917 3932 2047 3970 vero

476 3995 675 4065 frigida
705 4008 760 4053 et
787 4000 859 4054 ob
886 4002 986 4055 hoc
1013 4003 1163 4073 pigra
1195 4012 1249 4059 et
1279 4022 1493 4075 semper
1517 4006 1716 4061 media.
1761 4005 2047 4072 Quomodo

472 4103 605 4158 ergo
636 4105 759 4143 cum
786 4092 888 4145 alia
921 4109 1135 4162 semper
1156 4112 1374 4151 sursum
1402 4098 1625 4151 tendant
1654 4107 1839 4167 utpote
1866 4100 2043 4168 ignea,

472 4188 528 4235 et
553 4181 657 4235 alia
691 4198 905 4252 semper
961 4184 1218 4242 deorsum
1277 4197 1460 4257 utpote
1491 4188 1714 4243 humida
1765 4199 1819 4244 et
1870 4190 2044 4259 arida,

474 4271 581 4325 alia
606 4289 734 4328 vero
767 4274 943 4329 media
973 4282 1026 4328 et
1060 4291 1167 4330 non
1197 4278 1391 4347 aequali
1414 4292 1578 4332 cursu
1603 4278 1875 4342 incedant,
1897 4280 2047 4335 coire

474 4361 638 4415 simul
668 4370 964 4432 potuerunt
981 4373 1037 4420 et
1068 4382 1232 4420 unum
1269 4382 1468 4437 corpus
1504 4366 1754 4424 efﬁcere?
1812 4367 1868 4421 Si
1920 4369 2044 4438 quis

2155 3186 2210 3234 et
2233 3178 2287 3233 in
2320 3178 2593 3249 profundo
2617 3193 2681 3232 ac
2715 3178 2819 3233 sub
2848 3177 3030 3232 omnia
3052 3176 3299 3231 demerso
3324 3175 3551 3229 inveniri
3576 3170 3697 3225 loco?

2155 3268 2292 3324 Cum
2323 3269 2514 3338 utique
2554 3267 2837 3338 graviores
2877 3282 3104 3336 quaeque
3129 3306 3143 3330 ,
3187 3266 3237 3319 id
3265 3273 3352 3320 est
3394 3274 3609 3320 terrente
3630 3260 3696 3311 vel

2156 3358 2391 3415 humida:
2420 3360 2714 3430 qualitates
2737 3359 3089 3429 praeveniunt,
3110 3366 3168 3411 ut
3190 3357 3457 3420 diximus,
3478 3355 3694 3410 leviores.

2155 3453 2299 3509 unde
2327 3461 2380 3509 et
2402 3455 2601 3509 cmlum
2635 3455 2781 3508 velut
2835 3453 3175 3522 superiorum
3231 3451 3499 3505 fabricam
3550 3444 3696 3517 lgneis

2154 3549 2379 3613 atomis,
2411 3562 2535 3617 qua:
2559 3555 2613 3601 et
2642 3546 2878 3601 leviores
2906 3556 3035 3601 sunt
3055 3554 3109 3599 ct
3138 3560 3362 3598 sursum
3390 3556 3592 3611 semper
3621 3539 3690 3590 fu-

2152 3641 2329 3711 giunt,
2356 3650 2614 3695 asserunt
2643 3646 2930 3694 structam.
2964 3634 3153 3705 Neque
3195 3649 3329 3703 ergo
3377 3632 3694 3687 fundamenta

2151 3733 2296 3803 ignis
2324 3741 2420 3786 aut
2457 3732 2560 3785 alia
2613 3731 2719 3785 ulla
2751 3730 2953 3783 habere
3006 3725 3244 3780 mundus
3306 3732 3504 3794 potest,
3550 3732 3695 3787 neque

2152 3824 2349 3878 atomis
2380 3821 2728 3894 gravioribus
2759 3835 2883 3875 cum
2919 3819 3238 3880 levioribus,
3271 3817 3327 3870 id
3365 3826 3449 3872 est
3475 3816 3554 3869 his
3594 3824 3693 3880 qua:

2150 3914 2408 3970 deorsum
2450 3928 2668 3985 semper
2707 3912 3119 3983 praecipitantur
3160 3917 3211 3963 et
3245 3910 3335 3963 his
3360 3923 3480 3979 qua:
3506 3915 3691 3971 semper

2150 4018 2370 4061 sursum
2395 4004 2631 4075 fugiunt,
2656 4004 2890 4060 societas
2922 4011 3016 4056 aut
3038 4000 3440 4071 compaginatio
3464 3998 3563 4052 uha
3583 4010 3691 4048 con-

2148 4096 2349 4150 veniat.
2408 4094 2577 4165 Igitur
2628 4094 2773 4164 quod
2810 4093 3147 4163 impossibile
3195 4095 3265 4148 sit
3294 4107 3367 4146 ex
3413 4100 3686 4145 atomorum

2147 4185 2536 4253 conjunctione
2580 4198 2809 4253 corpora
2861 4183 3051 4237 mundi
3084 4182 3335 4247 solidari,
3397 4181 3687 4238 suflicimter

2147 4273 2376 4337 dictum,
2409 4281 2463 4329 et
2487 4273 2632 4343 quod
2652 4288 2763 4328 non
2792 4274 3069 4343 potuerint
3090 4272 3438 4328 insensibilia
3469 4281 3686 4338 corpora.

2146 4364 2359 4420 etiamsi
2388 4365 2499 4418 ulla
2546 4364 2761 4419 ratione
2803 4364 2952 4419 coire
2995 4373 3050 4418 et
3094 4366 3349 4418 connecti
3396 4363 3685 4435 potuissent.

472 4452 618 4505 enim
678 4452 747 4508 de
796 4457 1194 4525 superioribus,
1228 4459 1378 4512 verbi
1422 4460 1592 4528 gratia
1642 4459 2041 4515 minutissimas
2074 4460 2118 4515 D
2148 4455 2351 4510 formas
2381 4457 2513 4510 dare
2542 4456 2887 4526 corporibus,
2917 4463 2970 4511 et
2999 4471 3311 4521 mensuras,
3348 4454 3579 4509 membra
3607 4451 3690 4504 ﬁn-

473 4542 681 4611 paleas,
710 4551 764 4599 et
793 4545 858 4599 ad
896 4547 1141 4602 eamdem
1201 4548 1627 4619 magnitudinem
1686 4549 2043 4605 minutissimi

476 4632 679 4700 plumbi
706 4636 1003 4703 particulas
1025 4636 1278 4691 deorsum
1306 4638 1496 4706 jaciat,
1520 4638 1765 4707 nunquid
1789 4645 2045 4708 poterunt

470 4724 724 4791 quamvis
777 4729 1012 4796 mquales
1064 4730 1175 4783 sint
1228 4728 1623 4798 magnitudine,
1683 4731 1827 4785 leves
1877 4730 2046 4799 paleas

472 4824 656 4886 partes
694 4819 899 4887 plumbi
931 4820 1230 4889 particulas
1258 4821 1563 4891 consequi?
1594 4820 1754 4890 longe
1777 4822 1923 4875 cutim
1948 4836 2043 4876 ve-

471 4905 647 4961 locius
673 4907 741 4962 ad
788 4908 957 4963 imum
1010 4911 1259 4980 graviora
1300 4913 1643 4980 perveniunt.
1707 4913 1781 4965 Ita
1830 4928 1960 4982 ergo
1991 4921 2046 4967 et

470 4997 659 5062 atomi,
705 5000 920 5055 etiamsi
961 5002 1329 5071 magnitudine
1360 5004 1596 5073 aequales
1622 5003 1750 5068 sint,
1808 5004 2046 5073 pondere

470 5095 655 5144 tamen
678 5092 995 5161 lnaequales,
1023 5109 1301 5164 nunquam
1324 5103 1577 5164 poterunt
1599 5112 1719 5165 quae
1751 5096 1895 5150 leves
1919 5105 2047 5150 sunt

468 5181 733 5249 consequi
762 5182 1071 5251 graviores;
1098 5183 1245 5252 quod
1277 5186 1324 5238 si
1356 5186 1618 5253 consequi
1643 5201 1751 5240 non
1785 5195 2039 5255 possunt,

468 5269 592 5326 sine
621 5271 789 5327 dubio
810 5289 911 5329 nec
942 5274 1161 5329 misceri
1186 5290 1285 5328 nec
1316 5290 1518 5345 corpus
1538 5276 1774 5331 efficere.

544 5358 730 5417 XVIII.
763 5360 900 5418 Tum
947 5364 1146 5419 deinde
1175 5366 1221 5420 si
1278 5365 1649 5423 indesinenter
1694 5367 1950 5423 feruntur
1986 5377 2041 5423 et

2146 4562 2297 4619 gere,
2329 4547 2413 4601 vel
2442 4548 2734 4616 qualitates
2767 4546 3006 4612 efﬁcere,
3040 4548 3125 4602 vel
3162 4549 3471 4617 exprimere
3498 4542 3689 4616 quanti-

2146 4648 2325 4705 tates;
2356 4654 2479 4727 ί]υῆ
2504 4639 2693 4709 utique
2721 4642 2903 4693 omnia
2934 4639 3307 4694 modulatione
3352 4640 3465 4702 sui,
3498 4649 3685 4690 manuni

2148 4736 2417 4785 testantur
2445 4720 2670 4784 artificis
2699 4737 2752 4782 et
2782 4744 2920 4799 opus
2952 4731 3181 4786 rationis
3210 4732 3523 4791 ostendunt,
3547 4738 3686 4797 quam

2148 4821 2414 4874 rationem
2449 4834 2549 4890 ego
2572 4817 2807 4880 Veiaum
2836 4827 2889 4872 et
2923 4818 3086 4872 Deum
3122 4822 3360 4889 appello.

2220 4908 2337 4962 XX.
2373 4908 2479 4963 Sed
2508 4909 2655 4963 dicet
2682 4908 2882 4978 aliquis
2905 4908 3018 4961 hate
3041 4923 3069 4961 a
3098 4918 3293 4962 natura
3318 4909 3458 4965 fieri.
3506 4904 3611 4958 Jam
3640 4902 3683 4954 in

2146 5000 2253 5055 hoc
2277 5000 2345 5055 de
2366 5000 2586 5055 nomine
2616 5000 2989 5054 controversia
3018 5007 3123 5055 est.
3156 4998 3292 5054 Cum
3318 5002 3459 5055 enim
3502 5003 3683 5051 constet

2147 5093 2347 5147 mentis
2376 5107 2498 5149 esse
2520 5100 2574 5147 et
2596 5093 2827 5147 rationis
2854 5106 3014 5161 opus,
3066 5091 3169 5145 hoc
3199 5093 3344 5161 quod
3376 5101 3432 5145 tu
3463 5096 3679 5144 naturam

2145 5200 2332 5249 vocas,
2364 5200 2464 5255 ego
2486 5183 2658 5239 Deum
2689 5184 3028 5240 conditorem
3051 5201 3219 5252 voco;
3246 5192 3460 5241 constat
3490 5195 3581 5236 nec
3603 5192 3681 5246 po-

2146 5277 2319 5331 tuisse
2348 5293 2450 5331 nec
2483 5293 2645 5346 posse
2674 5278 2757 5331 vel
2786 5292 3078 5346 corporum
3115 5279 3327 5349 Species
3367 5287 3473 5330 tam
3513 5283 3674 5327 ncces-

2149 5370 2311 5424 sariis
2338 5368 2785 5423 distinctionibus
2816 5368 3118 5435 institutas,
3148 5370 3232 5423 vel
3259 5369 3555 5422 animorum
3575 5374 3676 5416 sen-

1768 5504 2134 5561 COTELERII
2173 5506 2404 5562 ΝΟΤιιΕ.

542 5633 657 5716 ςβὲ)
694 5634 1034 5716 Αξιιιιευεηίηι
1073 5644 1525 5716 εοτρηξευιαῌιρεα
1554 5660 1669 5713 qua
1697 5654 1899 5700 atomos
1943 5664 2039 5716 ap—

470 5704 692 5772 pellant,
714 5713 821 5765 etc.
846 5706 965 5765 Non
994 5710 1099 5768 hoc
1127 5704 1341 5769 dicebat
1372 5704 1670 5785 Epicurus;
1703 5716 1812 5773 imo
1841 5704 2037 5774 atomis

2141 5646 2420 5783 gbgﬁgat
2469 5624 2823 5706 solummodo
2850 5648 3079 5721 figuram
3108 5688 3122 5717 ,
3156 5643 3583 5724 magnitudinem
3627 5640 3671 5693 Ol

2218 5735 2249 5773 Π
2362 5757 2375 5772 .

2218 5735 2375 5773 nuus.
