3888 6192
276 311 412 371 1381

1475 308 2049 369 ΒΕΟΟΟΝΠΊΟΝῈΜ
2090 311 2219 367 LIB.
2248 310 2384 367 VIII.

3395 316 3536 374 1582

276 446 399 496 sus,
435 428 801 485 irrationabili
826 444 991 501 opere
1009 438 1064 487 et
1086 430 1234 502 quod
1269 445 1431 487 sensu
1462 438 1649 486 careat
1685 430 1849 487 eﬂici.
1880 439 1927 495 Α
2027 428 2193 485 XXII.
2253 428 2360 484 Sed
2408 444 2475 485 ne
2521 428 2590 484 de
2627 428 2714 485 his
2756 443 2877 500 qua!
2913 444 3024 485 non
3048 431 3306 489 omnibus
3353 435 3531 503 palam

273 521 432 588 Quod
461 523 505 576 si
529 521 709 577 idonei
738 522 837 579 tibi
871 530 1039 578 testes
1066 524 1320 579 videntur
1340 523 1671 593 philosophi,
1698 521 1853 576 Plato

271 616 341 673 de
369 618 456 673 his
483 627 718 674 testatur
741 619 795 674 in
820 616 1020 674 Timaeo
1051 619 1187 693 (63),
1218 620 1309 675 ubi
1341 621 1409 675 de
1435 622 1623 675 mundi
1642 621 1853 676 factura

272 707 579 765 discutiens
632 711 886 781 requirit,
926 718 1237 765 utrunmam
1282 726 1498 781 semper
1552 711 1746 775 fuerit,
1782 727 1851 766 an

270 800 486 855 initium
517 803 837 872 sumpserit,
867 810 921 858 et
960 804 1279 875 pronuntiat
1328 805 1457 874 quia
1511 803 1688 859 factus
1719 805 1794 859 sit
1830 819 1844 856 :

271 888 519 947 Visibilis
555 893 721 958 enim,
753 893 953 964 inquit,
986 902 1073 950 est
1098 902 1154 951 et
1200 896 1491 966 palpabilis
1525 904 1689 959 atque
1719 910 1848 950 cor-

265 996 494 1053 poreus,
527 983 710 1038 omnia
742 994 922 1041 autem
953 1002 1076 1057 qua:
1132 987 1446 1057 hujusmodi
1503 994 1652 1051 sunt,
1703 985 1847 1041 facta

263 1091 389 1129 esse
425 1084 677 1143 constat;
708 1078 856 1148 quod
888 1087 1069 1134 autem
1106 1078 1307 1133 factum
1337 1088 1443 1143 est,
1476 1081 1712 1151 aliquem
1741 1080 1845 1133 ha-

260 1165 355 1221 bet
398 1168 517 1221 sine
547 1168 713 1223 dubio
743 1178 1023 1225 auctorem
1046 1211 1061 1235 ,
1094 1186 1123 1225 a
1157 1186 1267 1242 quo
1299 1170 1503 1226 factum
1535 1183 1637 1229 est.
1688 1172 1846 1230 Hunc

258 1275 413 1329 ergo,
441 1262 641 1330 inquit,
682 1262 943 1318 factorem
966 1274 1353 1335 parentemque
1380 1265 1645 1328 omnium,
1673 1273 1729 1320 et
1756 1266 1844 1321 in-

260 1354 449 1408 venire
472 1353 690 1410 difﬁcile
727 1362 810 1410 est
832 1364 885 1409 et
933 1357 1215 1411 inventum
1250 1359 1412 1431 vulgo
1441 1374 1703 1414 enarrare
1739 1360 1846 1413 im-

259 1445 543 1512 possibile.
579 1444 705 1501 Ilaec
754 1447 974 1517 quidem
1014 1447 1173 1504 Plato
1203 1450 1376 1517 dicit;
1411 1451 1507 1506 sed
1553 1460 1607 1507 et
1651 1452 1697 1507 si
1728 1451 1844 1522 ipse

259 1537 465 1607 aliique
496 1536 811 1593 Graecorum
845 1541 1158 1612 philosophi
1190 1541 1258 1597 de
1291 1542 1499 1597 factura
1543 1544 1730 1598 mundi
1768 1545 1843 1599 si-

258 1629 371 1683 lere
400 1630 726 1695 voluissent,
765 1648 947 1687 nonne
978 1635 1238 1691 omnibus
1272 1635 1608 1691 intellectum
1632 1637 1841 1693 haben-

260 1720 408 1775 tibus
458 1722 635 1790 palam
697 1723 1045 1790 esset?Quis
1077 1727 1223 1781 enim
1279 1734 1366 1782 est
1423 1728 1606 1796 exigui
1644 1729 1838 1783 saltem

1956 529 2109 586 sunt,
2136 523 2344 577 incerta
2370 521 2620 575 videatur
2642 524 2897 586 assertio,
2924 520 2991 575 ad
3020 537 3083 577 ea
3105 524 3391 581 veniamus
3412 543 3534 597 quae

1955 615 2228 669 neminem
2261 614 2453 669 latent.
2481 612 2616 679 Quis
2634 622 2904 667 astrorum
2922 628 3120 669 cursus
3144 623 3292 670 tanta
3319 619 3535 675 ratione

1953 706 2249 776 disposuit,
2284 712 2551 777 ortusque
2572 721 2764 761 eorum
2794 713 2850 761 et
2867 721 3102 761 occasus
3121 706 3379 771 instituit,
3410 726 3533 765 cer-

1953 798 2134 868 tisque
2179 805 2236 852 et
2290 798 2568 853 demensis
2612 798 2952 866 temporibus
2999 798 3296 869 unicuique
3347 809 3532 855 tenere

1951 892 2079 946 cmli
2110 891 2376 946 ambitum
2409 889 2597 946 dedit?
2627 891 2764 957 Quis
2785 890 2851 945 ad
2879 907 3137 947 occasum
3167 892 3289 948 aliis
3318 908 3534 962 semper

1950 984 2197 1047 tendere,
2229 982 2355 1037 aliis
2385 984 2551 1037 etiam
2580 982 2759 1037 redire
2786 983 2841 1036 in
2873 991 3055 1037 ortum
3080 984 3366 1053 permisit?
3396 983 3531 1050 Quis

1950 1073 2215 1144 imposuit
2240 1073 2461 1126 modum
2494 1072 2753 1126 cursibus
2783 1073 2938 1135 solis,
2965 1080 3025 1126 ut
3055 1074 3221 1127 horas
3244 1079 3300 1128 et
3329 1072 3447 1133 dies
3476 1081 3533 1127 et

1947 1181 2168 1221 menses
2194 1173 2251 1219 et
2286 1171 2594 1233 temporum
2621 1164 3035 1219 vicissitudines
3079 1164 3318 1220 diversis
3364 1166 3531 1220 moti-

1948 1256 2052 1311 bus
2081 1257 2293 1327 signet,
2325 1264 2379 1309 et
2410 1268 2556 1308 nunc
2601 1254 2835 1308 hiemem
2860 1292 2874 1318 ,
2924 1254 3054 1309 inde
3094 1271 3212 1321 ver,
3248 1265 3490 1311 aestatem
3512 1296 3528 1322 ,

1948 1355 2071 1417 post
2095 1357 2149 1400 et
2173 1352 2495 1399 autumnum
2516 1351 2667 1399 certa
2690 1358 2892 1399 cursus
2922 1345 3008 1399 sui
3039 1344 3385 1401 dimensione
3415 1346 3535 1401 dis-

1946 1445 2173 1502 cernat,
2256 1445 2311 1492 et
2360 1452 2579 1507 semper
2630 1437 2838 1493 eisdem
2906 1438 3119 1492 vicibus
3166 1439 3297 1493 anni
3340 1439 3531 1495 orbem

1946 1530 2237 1586 ineonfusa
2283 1531 2551 1585 varietate
2598 1530 2991 1602 constringat?
3045 1530 3215 1597 Quis,
3272 1532 3527 1602 inquam,

1945 1624 2082 1677 tanti
2109 1622 2322 1678 ordinis
2366 1622 2827 1687 moderatricem,
2880 1638 2991 1693 non
3037 1622 3216 1692 ipsam
3260 1621 3355 1677 Dei
3401 1637 3530 1691 pro-

1944 1717 2159 1771 nuntiet
2188 1716 2560 1786 sapientiam?
2591 1714 2656 1768 Et
2685 1717 2799 1769 haec
2844 1715 3066 1785 quidem
3101 1716 3403 1770 secundum
3439 1717 3529 1770 illa

256 1828 455 1867 sensus
482 1813 673 1878 homo,
704 1815 796 1885 qui
845 1831 968 1869 cum
1000 1824 1190 1871 cernat
1220 1817 1442 1872 domum
1485 1820 1670 1874 omnia
1714 1837 1835 1890 qua:

1948 1809 2098 1863 nobis
2127 1808 2275 1862 dicta
2302 1808 2437 1870 sint,
2462 1822 2583 1878 qua:
2611 1808 2679 1863 de
2704 1808 3049 1863 excelsorum
3077 1807 3386 1878 disciplinis
3415 1816 3533 1863 tra-

255 1902 323 1957 ad
356 1918 490 1959 usus
512 1906 830 1959 necessaria
856 1914 987 1962 sunt
1017 1908 1331 1975 habentem,
1364 1909 1523 1978 cujus
1566 1924 1838 1965 cameram

253 1991 310 2045 in
340 1992 567 2062 sphaerae
586 2010 774 2065 gyrum
799 1998 986 2054 videat
1040 2000 1351 2067 collectam,
1410 2016 1641 2070 eamque
1687 2001 1842 2055 vario

252 2082 548 2151 splendore
578 2094 634 2140 et
663 2086 897 2145 diversis
924 2090 1254 2161 imaginibus
1271 2090 1568 2161 depictam,
1602 2092 1840 2145 lumina-

252 2173 409 2229 ribus
440 2177 734 2247 praecipuis
779 2188 834 2235 et
865 2182 1121 2237 maximis
1154 2183 1517 2250 adornatam;
1556 2182 1705 2253 quis,
1755 2183 1842 2237 Ῑιι·

248 2282 439 2337 quam,
494 2278 601 2334 est,
659 2275 755 2344 qui
807 2274 1124 2346 hujusmodi
1154 2274 1417 2330 fabricam
1469 2276 1679 2341 videns,
1728 2292 1837 2331 non

248 2360 433 2413 statim
473 2366 791 2435 pronuntiet
837 2382 867 2421 a
905 2368 1316 2438 sapientissimo
1347 2376 1402 2424 et
1451 2370 1840 2440 potentissimo

247 2450 460 2510 artifice
508 2459 924 2512 constructam?
954 2458 1018 2513 Et
1069 2461 1143 2515 ita
1171 2461 1298 2533 quis
1354 2462 1666 2517 invenietur
1701 2464 1839 2519 insi-

248 2546 430 2616 piens,
469 2556 529 2602 ut
559 2565 684 2603 cum
710 2552 836 2606 eteli
855 2567 996 2621 opus
1028 2552 1311 2623 inspiciat,
1333 2554 1681 2624 splendorem
1705 2558 1838 2613 solis

247 2646 441 2692 cernat
467 2652 531 2693 ac
560 2639 726 2704 lunae,
762 2648 1041 2695 astrorum
1073 2657 1273 2697 cursus
1305 2650 1359 2697 et
1381 2643 1591 2712 species
1622 2652 1678 2699 et
1721 2644 1839 2699 vias

245 2732 416 2786 certis
447 2732 760 2787 rationibus
777 2740 831 2788 et
849 2735 1193 2805 temporibus
1213 2736 1398 2789 videat
1417 2734 1695 2802 deﬁnitas,
1728 2752 1837 2791 non

247 2830 359 2878 tam
394 2838 425 2877 a
455 2826 701 2895 sapiente
729 2825 846 2880 haec
872 2827 1083 2883 artiﬁce
1114 2838 1168 2884 et
1192 2829 1544 2896 rationabili,
1580 2844 1742 2901 quam
1771 2830 1839 2884 ab

249 2916 368 2986 ipsa
392 2917 664 2988 sapientia
691 2926 745 2973 et
776 2923 991 2974 ratione
1026 2920 1226 2975 clamet
1256 2920 1487 2976 eﬂ‘ecta?

320 3006 461 3062 XXI.
489 3008 646 3076 Quod
676 3018 730 3065 et
752 3014 799 3066 si
828 3013 1130 3067 secundum
1158 3014 1295 3069 alios
1316 3014 1631 3069 Graecorum
1659 3015 1838 3086 philo-

246 3098 452 3168 sophos
488 3101 681 3155 audire
708 3102 814 3167 vis,
846 3110 901 3157 et
933 3104 1270 3160 mechanicis
1301 3105 1549 3160 imbutus
1579 3121 1639 3161 es
1667 3106 1836 3161 disci-

1945 1901 2155 1956 duntur
2181 1914 2211 1953 a
2242 1898 2470 1955 Graecis.

2016 1988 2209 2045 XXIII.
2253 1989 2397 2056 Quid
2426 1996 2609 2045 autem
2639 1997 2692 2044 et
2719 1989 2787 2044 de
2812 1989 2931 2053 his,
2978 2006 3101 2060 qua!
3139 1990 3223 2045 vel
3265 1990 3321 2045 in
3362 1992 3529 2048 terris

1942 2087 2028 2141 vel
2063 2088 2118 2140 in
2147 2086 2285 2139 mari
2320 2084 2619 2140 videmus?
2656 2100 2841 2140 nonne
2880 2084 3168 2140 evidenter
3208 2085 3526 2148 edocemur,

1942 2178 2039 2235 Dei
2078 2181 2131 2233 in
2159 2178 2246 2233 his
2275 2192 2387 2232 non
2427 2178 2605 2233 solum
2648 2192 2787 2246 opus
2824 2192 2979 2240 esse,
3012 2176 3107 2232 sed
3142 2184 3197 2232 et
3235 2177 3530 2247 providen-

1941 2271 2121 2324 tiam?
2145 2269 2283 2324 Nam
2308 2269 2455 2340 quod
2486 2270 2541 2323 in
2574 2279 2720 2324 terra
2750 2276 2964 2325 montes
2986 2270 3189 2325 excelsi
3216 2269 3328 2341 (65)
3359 2272 3529 2326 certis

1942 2363 2256 2434 quibusque
2286 2363 2561 2417 habentur
2590 2362 2647 2416 in
2679 2363 2817 2417 locis
2838 2402 2854 2427 ,
2886 2370 2947 2417 ut
2973 2380 3039 2418 ex
3068 2363 3154 2419 his
3183 2364 3332 2418 velut
3375 2378 3529 2418 com-

1943 2470 2169 2525 pressus
2193 2462 2249 2510 et
2279 2462 2678 2525 coangustatus
2708 2470 2801 2509 aer
2829 2455 3184 2509 ordinatione
3218 2454 3315 2519 Dei
3360 2468 3529 2524 coga-

1942 2556 2032 2602 tur
2060 2556 2116 2602 et
2143 2547 2488 2618 exprimatur
2516 2547 2572 2601 in
2601 2554 2832 2611 ventos,
2865 2562 2930 2601 ex
2960 2547 3164 2617 quibus
3208 2553 3263 2601 et
3308 2545 3525 2603 fructus

1942 2655 2164 2711 germen
2210 2639 2567 2710 concipiant,
2618 2646 2674 2693 et
2720 2639 2947 2694 aestivus
2995 2638 3161 2693 ardor
3210 2639 3528 2710 temperiem

1942 2742 2156 2798 sumat,
2202 2746 2330 2786 cum
2367 2730 2617 2786 Pleiades
2664 2730 2782 2803 (66)
2823 2732 3010 2802 ignita:
3051 2731 3203 2787 solis
3231 2732 3530 2786 ardoribus

1943 2826 2350 2881 incanduerint.
2400 2824 2507 2881 Sed
2554 2826 2747 2880 dices:
2795 2825 2909 2879 Cur
2954 2834 3010 2879 et
3047 2825 3215 2879 ardor
3254 2826 3421 2891 solis,
3470 2834 3530 2878 ut

1940 2920 2235 2991 temperies
2266 2918 2625 2989 requiratur?
2659 2917 2724 2970 Et
2753 2917 3028 2987 quomodo
3061 2916 3243 2987 fruges
3272 2916 3528 2971 humanis

1940 3013 2136 3069 usibus
2164 3010 2490 3067 necessariae
2523 3010 3006 3065 maturescerent?
3037 3007 3144 3063 Sed
3176 3015 3232 3063 et
3262 3007 3396 3062 illud
3429 3008 3525 3062 ad-

1940 3112 2127 3167 verte,
2184 3103 2329 3173 quod
2380 3101 2447 3157 ad
2479 3116 2637 3155 axem
2695 3100 3100 3165 meridianum,
3149 3099 3240 3154 ubi
3285 3099 3410 3169 plus
3443 3108 3529 3154 est

247 3166 436 3261 plinis,
468 3191 534 3247 de
558 3194 791 3249 excelsis
813 3211 934 3265 qua:
956 3196 1274 3259 traduntur,
1301 3213 1408 3251 non
1440 3206 1491 3252 te
1520 3199 1640 3253 sine
1668 3198 1836 3255 dubio
1864 3166 1906 3223 Ο
1941 3196 2179 3253 caloris.
2211 3211 2325 3250 non
2357 3196 2530 3249 multa
2559 3193 2725 3248 datur
2750 3194 2981 3247 nubium
3012 3192 3380 3262 constipatio,
3422 3207 3527 3246 nec

246 3282 442 3339 latent.
476 3282 696 3339 Ponunt
731 3287 876 3340 enim
931 3287 1204 3358 sphaeram
1232 3290 1519 3358 tequalitcr
1565 3304 1631 3344 ex
1684 3292 1834 3345 omni

249 3384 406 3447 parte
436 3376 743 3442 collectam,
764 3385 818 3434 et
848 3379 913 3433 ad
938 3380 1122 3433 omnia
1140 3381 1396 3435 similiter
1422 3382 1831 3453 respicientem,

246 3472 413 3536 atque
438 3480 469 3519 a
492 3475 683 3523 centro
703 3474 864 3523 terra:
890 3470 1064 3539 a’quis
1092 3470 1288 3540 spatiis
1316 3470 1657 3536 distinctam,
1686 3474 1837 3544 ipsa-

245 3573 355 3629 que
381 3558 467 3613 sui
496 3559 809 3628 aequalitate
849 3560 924 3613 ita
955 3561 1230 3627 stabilem,
1265 3572 1325 3617 ut
1352 3578 1475 3619 eam
1524 3564 1583 3618 in
1624 3567 1833 3620 nullam

244 3660 458 3724 partem
514 3651 791 3707 declinare
832 3653 1080 3727 undique
1114 3656 1400 3727 aequalitas
1446 3657 1679 3712 collecta
1708 3674 1835 3729 per-

244 3742 463 3810 mittat;
497 3750 551 3796 et.
582 3743 662 3799 ita
686 3758 717 3799 a
748 3745 903 3800 nullo
943 3746 1263 3803 fulcimento
1300 3747 1560 3803 subvecta
1611 3756 1835 3804 susten-

245 3841 401 3891 tatur
430 3836 664 3907 sphaera.
694 3838 849 3905 Quod
880 3838 927 3895 si
951 3855 1078 3894 vere
1111 3840 1253 3894 hanc
1283 3840 1487 3896 habeat
1520 3841 1838 3896 similitudi-

248 3944 375 3983 nem
401 3930 593 3984 mundi
633 3930 909 3997 machina,
942 3930 1168 3987 evidens
1196 3938 1283 3986 est
1333 3948 1473 4002 opus
1500 3933 1556 3986 in
1591 3948 1653 3988 ea
1695 3932 1838 3987 divi-

247 4036 383 4074 num
431 4020 487 4075 Si
522 4038 673 4085 vero,
693 4030 752 4075 ut
782 4022 905 4077 aliis
922 4023 1100 4077 visum
1125 4030 1230 4083 est,
1263 4038 1430 4092 super
1455 4038 1628 4094 aquas
1656 4026 1834 4093 posita

248 4112 467 4183 sphatra
506 4112 619 4183 (64)
650 4114 733 4168 vel
758 4129 926 4184 super
952 4114 1102 4183 ipsas
1132 4113 1325 4179 fertur,
1353 4114 1437 4169 vel
1468 4116 1522 4168 in
1548 4114 1684 4185 ipsis
1710 4116 1833 4168 vol-

246 4204 419 4269 vitur,
457 4207 622 4259 etiam
655 4206 736 4261 sic
786 4206 967 4279 magni
1002 4207 1058 4261 in
1091 4220 1154 4260 ea
1184 4205 1416 4263 artiﬁcis
1464 4221 1605 4276 opus
1649 4208 1835 4262 decla-

246 4304 370 4350 ratu
379 4312 425 4352 ι’.

1944 3286 2235 3342 abundans
2299 3285 2458 3355 copia
2517 3283 2774 3337 imbrium
2840 3282 3113 3345 Iuraditur,
3169 3298 3239 3337 ne
3297 3283 3527 3337 morbus

1940 3380 2316 3434 habitantibus
2356 3383 2696 3448 generetur;
2744 3376 2982 3429 humidae
3026 3377 3173 3430 enim
3224 3374 3432 3440 nubes,
3478 3375 3527 3430 si

1935 3475 2120 3527 calore
2162 3472 2355 3542 rapido
2385 3477 2717 3541 coquantur,
2747 3485 2929 3525 aerem
2974 3479 3295 3540 corruptum
3336 3478 3393 3523 et
3431 3485 3528 3539 pe-

1938 3566 2190 3623 stiferum
2238 3564 2494 3621 reddunt.
2550 3563 2658 3619 Sed
2705 3574 2761 3618 et
2811 3571 2958 3618 terra
3006 3562 3244 3618 calidum
3294 3563 3525 3618 imbrem

1937 3660 2249 3730 suscipiens
2271 3698 2285 3721 ,
2316 3672 2426 3711 non
2454 3657 2794 3711 nutrimenta
2839 3656 3149 3726 segetibus,
3202 3653 3298 3710 sed
3340 3655 3528 3725 perni-

1936 3751 2076 3805 ciem
2107 3749 2314 3820 praebet
2340 3766 2353 3811 ;
2385 3748 2440 3801 in
2470 3762 2583 3818 quo
2609 3748 2735 3817 quis
2765 3747 2982 3801 dubitat
3011 3761 3150 3817 opus
3178 3760 3302 3801 esse
3327 3744 3527 3799 divinae

1937 3841 2302 3896 Providentiae
2328 3840 2353 3894 ?
2383 3839 2629 3910 Denique
2664 3838 3103 3910 Egyptus,quia
3135 3836 3465 3908 Ethiopicis
3494 3853 3526 3893 e

1939 3936 2121 3989 vicino
2152 3932 2348 4004 ﬂagrat
2377 3931 2699 3994 ardoribus,
2744 3946 2814 3985 ne
2859 3930 3195 3986 insanabiles
3233 3935 3523 3998 corrupte-

1939 4027 2022 4081 las
2046 4026 2192 4082 aeris
2240 4025 2499 4080 imbrium
2549 4024 2885 4078 necessitate
2937 4023 3289 4092 susciperet,
3344 4019 3523 4088 campi

1940 4120 2063 4189 ejus
2107 4134 2215 4173 non
2256 4118 2497 4189 pluviam
2538 4116 2779 4172 nubibus
2819 4117 3221 4179 ministratam,
3268 4115 3365 4171 sed
3412 4123 3525 4169 ter-

1938 4227 2132 4265 renum
2165 4209 2571 4280 quodammodo
2602 4210 2830 4264 imbrem
2861 4207 2985 4264 Nilo
3016 4207 3317 4264 inundante
3345 4208 3524 4264 susci-

1941 4305 2099 4375 piunt
2134 4303 2271 4372 (67).

1560 4500 1935 4559 COTELEBII
1970 4501 2204 4559 ΝΟΤίΕ.

323 4696 438 4767 (65)
478 4693 544 4749 In
580 4694 797 4751 Timeo.
832 4695 1032 4767 Accipe
1053 4699 1167 4755 inte

326 4784 361 4822 n
383 4768 605 4826 quidem
636 4777 695 4821 ut
717 4770 917 4822 citatur
939 4774 1007 4825 ab
1027 4716 1205 4826 Euseﬁ

248 4784 361 4822 non
383 4768 605 4837 quidem
636 4777 695 4821 ut
717 4770 917 4822 citatur
939 4774 1007 4825 ab
1027 4768 1282 4836 Eusebio,
1307 4770 1661 4837 Theodorito,
1686 4768 1838 4828 aliis?

247 4854 378 4907 que,
427 4838 522 4912 sed
551 4853 662 4912 quo
687 4840 1088 4912 modolegitur
1118 4844 1262 4912 apud
1291 4842 1468 4912 ipsum
1503 4841 1783 4898 Platonem
1820 4862 1833 4898 :

244 4906 522 4985 Σκξπέον
554 4906 649 4961 οὖν
773 4910 903 4985 περὶ
930 4906 1094 4985 αὐτᾳῦ
1125 4906 1396 4985 (idoneo)
1430 4913 1664 4985 πρῶτον,
1700 4915 1839 4985 ὅπερ

248 4979 532 5055 ρπόκξιται
564 4981 693 5055 περὶ
724 4979 927 5055 παντὸς
954 4983 1012 5034 ὲν
1032 4979 1176 5055 ᾁρχῇ
1206 4979 1314 5055 δεῖν
1346 4979 1587 5055 dimidii,
1608 4979 1836 5055 adtepov

294 5050 457 5125 νῨὰ-εὶ,
482 5050 755 5125 gavisam;
788 5052 977 5125 Δἀρχὴν
1197 5053 1485 5125 Δοὐδεμίαν,
1521 5054 1553 5125 ἦ
1591 5050 1833 5125 γέγονέν,

294 5071 317 5102 ν
351 5071 457 5115 αει,
481 5071 755 5131 ἕενεσεως
802 5071 977 5122 αρχην
1027 5071 1165 5122 εχων
1210 5071 1485 5125 ουοεμιαν,
1521 5071 1553 5125 η
1591 5071 1832 5178 ⁴ἑεγθνεν,

290 5124 346 5172 π’
370 5122 560 5207 ςιρχης,
583 5137 729 5184 τινος
768 5121 1097 5207 ριρςάμενρς.
1140 5122 1397 5207 Γέγρνεν·
1424 5125 1594 5207 ἔρραιε
1630 5143 1657 5189 ς
1704 5126 1832 5207 χὰρ,

248 5190 420 5253 ἁπτός
453 5190 513 5243 τέ
545 5192 661 5243 ἐστι
695 5191 791 5244 καὶ
815 5190 978 5263 ’σῶμα
1009 5193 1147 5282 ἔχμων
1166 5210 1179 5224 ·
1208 5190 1389 5248 πάντα
1420 5195 1477 5248 δὲ
1499 5190 1571 5249 ῖεὰ
1588 5190 1834 5264 τοιαῦταζ

253 5281 260 5282 κ
290 5259 606 5282 n_n__L__.L
638 5261 688 5282 ΩΧ
728 5262 950 5282 -_2_n___1,
1002 5263 1052 5282 ΕΙ
1204 5281 1211 5282 κ
1281 5263 1299 5282 ‘
1440 5265 1450 5282 \
1602 5267 1616 5282 ς
1686 5269 1698 5282 1
1741 5267 1796 5282 Λ,

242 5259 1121 5354 sistriijéééststnieﬁt?!
1144 5263 1465 5354 ,περληπηῖέι
1500 5259 1839 5354 etlam;

248 5348 411 5407 cem,
444 5332 744 5407 ytyvdpsva
777 5332 878 5407 ηαξ
903 5332 1120 5407 γενηςσᾶ
1140 5332 1345 5407 ξφάνηζ
1377 5335 1466 5407 Τῷ
1497 5332 1540 5389 ’δ’
1571 5332 1639 5391 αὖ
1684 5332 1840 5407 γενό-

295 5388 623 5477 φάρξνξ
647 5402 736 5455 ὑπ’
756 5388 929 5477 αξξείοῦ
957 5388 1101 5477 eis;
1128 5388 1541 5477 ἀκξᾶγίήνςεῖναι

295 5419 401 5472 ενῳ
463 5419 623 5472 αμεν,
647 5419 735 5455 υπ’
756 5419 929 5456 αιτιου
957 5419 1101 5468 τινος
1128 5419 1374 5477 αναγκην
1401 5419 1541 5459 ειναι
1562 5419 1833 5476 γενέσθαι.

247 5419 355 5546 ’ἶρν
385 5419 489 5546 μῗν
520 5468 616 5546 05v
646 5472 877 5546 ποιητὴν
899 5475 1013 5546 -καὶ
1062 5476 1273 5546 πατέρα
1302 5475 1456 5530 τοῦδε
1486 5476 1583 5530 τοῦ
1611 5478 1833 5546 παντὸς,

247 5541 434 5663 ﬁget»)
480 5558 542 5595 τε
573 5541 785 5614 ,ἔργονζ
829 5541 923 5597 Scal.
947 5541 1310 5617 εὐρόντα,ἐῑς
1337 5546 1545 5612 πάντας
1577 5541 1836 5604 ἀδύνατόύ

313 5628 449 5663 γειν.

313 5628 449 5679 γειν.

325 5682 439 5761 (64)
480 5680 542 5737 Si
569 5699 711 5749 vero,
743 5693 802 5761 ut
835 5686 1161 5761 aliisgm'sum
1188 5697 1289 5755 est,
1315 5704 1472 5758 super
1499 5707 1665 5761 aquas
1688 5692 1833 5760 posi-

249 5761 309 5805 ta
339 5752 568 5821 splta'ra,
600 5762 707 5811 etc.
740 5754 929 5818 Aquas
949 5757 1212 5831 _intellige
1254 5752 1398 5816 inter
1426 5752 1829 5818 ﬁrmamentum

1209 4698 1606 4777 rum__Plat_oni_s
1634 4700 1835 4777 locum,
1872 4715 1915 4771 ι)
1940 4710 1995 4759 et
2020 4704 2227 4777 caelum
2246 4719 2599 4777 empyraaum.

2020 4775 2480 4855 (65)_‘N_am_q_aod
2592 4786 2731 4831 terra
2763 4785 2962 4832 montes
2985 4778 3337 4855 excelsitetc.
3357 4780 3521 4855 ACita-

1943 4845 2036 4921 tur
2066 4861 2097 4921 a
2116 4845 2297 4921 Beda,
2330 4845 2471 4921 libro
2502 4847 2798 4921 "enatura
2822 4865 3019 4915 rerum,
3043 4866 3164 4921 cap.
3192 4851 3286 4916 ‘26,
3319 4853 3409 4907 ubi
3442 4856 3523 4907 vi-

1946 4915 2137 4971 dendae
2162 4915 2372 4972 Glossae
2401 4919 2593 4972 incerti
2628 4920 2892 4975 auctoris.

2018 4988 2130 5058 (66)
2162 4988 2430 5044 Pleiades.
2460 4988 2638 5043 Editio
2667 4989 3017 5056 Basileensis,
3050 4999 3103 5046 et
3133 4992 3254 5047 libri
3280 4991 3344 5045 R.
3376 5003 3431 5050 et
3455 4994 3517 5050 P.

1945 5054 2190 5135 Pliades.
2204 5060 2322 5135 Qua
2351 5060 2419 5114 de
2449 5060 2681 5135 lectione
2704 5054 3161 5135 in_Etymologico
3191 5080 3292 5119 suo
3316 5065 3523 5120 doctis-

1944 5127 2117 5182 simus
2152 5127 2400 5191 Vossius,
2428 5146 2562 5184 voce
2595 5130 2850 5199 Virgitiw.

2008 5199 2123 5269 (67)
2164 5199 2451 5254 Terrenum
2491 5200 2880 5271 quodammodo
2931 5202 3150 5258 imbrem
3195 5203 3322 5260 Nilo
3361 5205 3522 5259 inun-

1937 5266 2434 5339 dante'suscipiunt.

2053 5380 2128 5412 ._.
2174 5381 2188 5395 .
2235 5383 2247 5397 .
2292 5381 2306 5396 .
2352 5380 2368 5396 .
2410 5382 2423 5396 .
2451 5381 2482 5412 ί.
2527 5381 2544 5398 .
2589 5382 2603 5395 .
2645 5339 2887 5412 Caeloque
2919 5352 3134 5398 vacante

2051 5408 2375 5485 [terrestrem
2402 5411 2637 5485 pluviam
2665 5408 2896 5485 diffusus
2924 5415 3148 5485 porrigit
3177 5417 3373 5480 amnis,

1939 5479 2009 5535 de
2037 5478 2161 5534 Nilo
2186 5478 2431 5556 Alcimus
2454 5484 2648 5556 A_vitus
2666 5478 2981 5556 Poematun:
3010 5478 3170 5553 lilii;
3202 5487 3344 5556 apud
3359 5478 3520 5540 Grae-

1938 5565 2037 5625 cos
2064 5567 2195 5625 vero
2215 5551 2372 5625 Philo
2396 5552 2618 5625 Judazus
2648 5552 2771 5625 title
2784 5554 2891 5608 vita
2911 5554 3103 5620 Hosis,
3126 5551 3179 5625 p'.
3210 5551 3315 5611 6'54
3335 5576 3349 5611 :
3368 5556 3520 5615 Ἐπεὶ

1936 5621 2033 5675 καὶ
2203 5623 2463 5699 emptam;
2495 5623 2650 5699 Oetov
2679 5624 2927 5699 ἧνεγκεν.
2947 5621 3144 5699 Ὀ-γὰῤ
3171 5628 3228 5680 ὲν
3259 5627 3521 5699 Αἰγύπτῳ

1936 5640 2033 5675 και
2080 5640 2152 5693 γη
2203 5640 2463 5687 ποΑΑακις
2495 5640 2650 5677 υετον
2679 5640 2927 5745 ηνεῖκεν.
2949 5640 3004 5678 'u
3034 5640 3144 5699 γαρ
3171 5640 3228 5680 εν
3259 5640 3518 5697 Atrea-tt;

1936 5690 2572 5769 ma_pbc_xa0’§xaajcov
2602 5695 2785 5769 ἐνιαυτ
2805 5712 2847 5769 -ν
2871 5698 2990 5760 ταῖς
3016 5696 3518 5769 ὲξπιϐάσεσιᾼπλημπ

1938 5767 2145 5833 μυρῶν,
2174 5765 2301 5821 ὅταν
2330 5763 2532 5837 ἀρδεύῃ
2558 5762 2657 5827 τὰς
2687 5764 2955 5839 ἀρούρας,
2992 5767 3042 5819 τί
3075 5769 3259 5840 ἕτερον
3292 5767 3327 5839 ἢ
3361 5762 3518 5828 ὑιιῖός
