3888 6192
242 330 376 388 1585

1420 325 1991 385 nscosnrnonun
2029 326 2156 382 ue.
2194 326 2333 384 vui.
2414 301 2420 307 ’

3350 329 3486 385 1336

239 452 320 503 vis
350 448 441 502 illa
473 445 731 518 spiritus,
765 461 887 517 quae
919 446 1100 501 inesse
1132 447 1289 516 aquis
1318 445 1445 499 data
1472 450 1589 511 est,
1622 450 1812 514 utpote
1837 443 1887 503 Α
1913 458 2078 515 opere
2101 451 2303 499 cuncta
2327 441 2466 499 eﬁici
2490 450 2547 498 et
2567 443 2823 499 universa
2850 454 3127 501 ctnstare.
3161 443 3267 500 Sed
3296 446 3481 500 venia-

236 539 559 608 incorporea
593 545 1019 599 transcurrens,
1056 536 1125 591 ad
1162 537 1558 591 incrementum
1601 534 1811 590 semina

235 630 474 684 suscitat
501 636 556 685 et
581 630 948 685 crescentium
980 632 1195 701 species
1229 630 1448 685 format.
1506 628 1812 683 Ministerio

233 722 406 792 igitur
460 721 671 777 humidi
723 723 1015 788 elementi,
1070 724 1159 779 cui
1208 724 1391 778 vitalis
1448 722 1539 778 ille
1583 723 1811 791 spiritus

232 813 437 869 insitus
488 828 705 883 semper
740 826 795 870 et
828 814 1109 885 ingenitus
1155 823 1272 879 est,
1318 814 1559 870 efﬁcitur
1601 822 1662 869 ut
1700 828 1810 869 non

232 906 414 961 solum
465 916 781 978 reparetur,
835 908 931 964 sed
978 916 1039 962 ut
1081 924 1177 979 per
1220 908 1404 964 omnia
1441 908 1640 964 similis
1681 924 1809 979 spe-

230 999 351 1054 cies
384 1007 440 1054 et
476 998 650 1055 forma
688 1002 775 1058 his
810 1020 932 1073 qua;
955 1004 1104 1074 jacta
1146 1003 1347 1059 fuerint
1375 1002 1673 1058 seminibus
1693 998 1819 1057 red-

225 1099 337 1145 eat.
422 1093 554 1159 Quae
595 1097 735 1151 ratio
776 1099 867 1153 cui
908 1098 993 1153 vel
1034 1098 1253 1154 brevem
1296 1112 1516 1152 sensum
1557 1100 1806 1163 babenti,

228 1198 329 1254 per
371 1184 805 1244 irrationabilem
847 1198 1132 1253 naturam,
1176 1197 1232 1245 et
1276 1205 1385 1244 non
1430 1205 1525 1259 per
1568 1189 1806 1245 divinam

229 1279 556 1350 sapientiam
590 1289 849 1338 constare
884 1283 1191 1339 videbitur?
1227 1282 1467 1352 Denique
1492 1282 1655 1336 etiam
1694 1282 1810 1337 haec

228 1369 299 1423 ad
324 1369 744 1426 similitudinem
771 1372 1023 1427 humanae
1045 1374 1349 1428 nativitatis
1384 1373 1614 1428 formata
1640 1382 1803 1440 sunt;

227 1459 451 1515 videtur
494 1461 639 1516 enim
687 1470 840 1517 terra
884 1464 1061 1517 vulvae
1102 1462 1282 1517 locum
1320 1470 1542 1528 tenere,
1590 1463 1679 1518 cui
1723 1479 1810 1519 se-

226 1569 355 1608 men
417 1552 683 1624 injectum
744 1570 841 1625 per
893 1570 1049 1625 aquae
1088 1563 1142 1611 et
1184 1556 1415 1626 spiritus
1463 1557 1609 1622 vim,
1667 1557 1808 1614 sicut

227 1656 399 1712 supra
441 1643 714 1707 diximus,
756 1649 812 1698 et
852 1641 1122 1697 formatur
1158 1651 1213 1698 et
1249 1644 1434 1698 alitur.

297 1732 513 1789 XXVII.
547 1732 653 1789 Sed
675 1742 726 1789 et
752 1734 805 1789 in
836 1734 939 1789 hoc
961 1737 1279 1791 admiranda
1309 1745 1393 1791 est
1414 1735 1595 1791 divina
1615 1735 1810 1791 Provi-

226 1824 445 1890 dentia,
477 1826 623 1896 quod
671 1827 857 1882 videre
881 1844 981 1882 nos
1014 1828 1232 1897 quidem
1261 1836 1314 1883 et
1353 1844 1650 1899 agnoscere
1680 1829 1808 1884 facit

222 1932 350 1987 quis
398 1916 571 1983 ﬁunt,
604 1933 714 1987 quo
758 1918 920 1973 modo
962 1928 1143 1975 autem
1181 1928 1235 1975 et
1275 1922 1509 1990 qualiter
1556 1919 1720 1985 ﬁant,
1754 1922 1807 1975 in

225 2018 444 2065 secreto
479 2010 661 2080 posuit
690 2019 744 2064 et
766 2012 983 2066 occulto
1003 2053 1017 2076 ,
1048 2021 1104 2066 ut
1130 2028 1236 2067 non
1282 2013 1519 2083 indignis
1552 2015 1619 2069 ad
1650 2016 1796 2085 agni-

224 2102 434 2157 tionem
465 2103 815 2172 subjaceant,
847 2105 942 2160 sed
968 2105 1150 2175 dignis
1172 2114 1226 2160 et
1257 2105 1506 2161 ﬁdelibus
1540 2122 1664 2160 cum
1697 2125 1810 2161 me-

224 2195 477 2262 ruerint,
509 2197 791 2268 pateﬁant.
816 2197 887 2252 Ut
911 2206 1092 2253 autem
1118 2200 1280 2255 rebus
1301 2201 1434 2269 ipsis
1464 2208 1518 2256 et
1546 2202 1809 2271 exemplis

222 2288 549 2359 probemus,
575 2290 711 2344 nihil
735 2291 959 2345 omnino
983 2307 1048 2345 ex
1073 2301 1288 2347 terrena
1319 2292 1619 2347 substantia
1641 2293 1809 2348 semi-

224 2382 393 2437 nibus
416 2381 556 2445 dari,
587 2382 681 2438 sed
708 2390 883 2436 totum
914 2398 977 2437 ex
1016 2384 1287 2438 elemento
1322 2399 1477 2452 aqua:
1504 2392 1557 2437 et
1583 2384 1809 2453 spiritus

222 2471 324 2541 qui
357 2472 500 2526 inest
523 2472 572 2527 ei
604 2472 807 2527 virtute
830 2480 1109 2533 constare,
1136 2488 1276 2542 pone
1301 2472 1432 2525 mihi
1457 2472 1605 2526 verbi
1635 2475 1809 2542 gratia

224 2564 286 2619 in
327 2572 542 2620 cratere
589 2564 776 2635 aliquo
826 2564 1182 2634 amplissimae
1225 2563 1616 2634 magnitudinis
1659 2564 1809 2633 injici

221 2669 388 2712 terra:
418 2658 623 2712 talenta
654 2665 872 2713 centum
895 2697 910 2722 ,
943 2667 996 2712 et
1022 2657 1365 2712 semincntur
1397 2660 1453 2712 in
1483 2673 1547 2712 eo
1579 2658 1810 2712 diversae

228 2753 446 2824 species
475 2754 747 2808 seminum
772 2752 858 2806 vel
883 2752 1091 2807 olerum
1124 2754 1205 2807 vel
1231 2751 1392 2806 etiam
1426 2751 1807 2822 virgultorum,

222 2846 315 2901 his
358 2846 665 2916 praebeatur
691 2845 758 2899 ad
787 2844 1074 2914 rigandum
1120 2860 1261 2914 aqua
1297 2844 1602 2909 sufﬁciens,
1635 2852 1689 2900 et
1713 2860 1811 2915 per

224 2953 404 2993 annos
437 2939 619 3008 plures
644 2937 907 2991 habeatur
936 2939 1039 2990 ista
1074 2936 1379 3006 diligentia,
1412 2946 1811 3008 congregemur

224 3035 415 3083 autem
468 3029 674 3084 semina
720 3044 842 3098 qua:
884 3029 1112 3082 collecta
1160 3028 1393 3091 fuerint,
1440 3029 1590 3083 verbi
1634 3028 1807 3099 gratia

1912 551 2037 592 mus
2085 536 2297 602 adhuc,
2334 538 2379 592 si
2421 537 2673 601 videtur,
2700 538 2866 593 etiam
2903 537 2971 591 ad
3017 545 3293 602 nostram,
3317 538 3370 592 id
3400 544 3485 593 est

1911 630 1978 683 ad
2023 629 2259 684 hominis
2308 629 2709 693 substantiam,
2755 631 2849 700 qui
2891 639 2977 685 est
3020 644 3226 700 parvus
3272 630 3326 685 in
3371 629 3483 684 alio

1909 719 2149 773 mundus
2193 718 2307 790 (74)
2329 758 2343 782 ,
2375 725 2431 773 et
2459 717 2870 775 consideremus
2917 726 3121 790 quanta
3156 722 3229 776 sit
3269 719 3483 779 ratione

1908 810 2281 879 compositus;
2323 818 2377 864 et
2406 823 2471 864 ex
2513 808 2619 864 hoc
2664 810 2936 880 praecipue
2974 810 3301 881 sapientiam
3333 811 3482 865 Con-

1908 899 2105 955 ditoris
2156 899 2459 968 intelliges,
2491 899 2584 969 qui
2616 914 2741 954 cum
2775 915 2838 955 ex
2877 899 3111 956 diversis
3159 899 3483 956 substantiis

1908 997 2147 1054 constet,
2176 991 2231 1045 id
2266 999 2352 1046 est
2383 990 2603 1045 mortali
2636 998 2691 1046 et
2720 992 3048 1056 immortali,
3081 1007 3178 1061 per
3215 991 3480 1047 artiﬁcem

1906 1082 2303 1152 providentiam
2341 1082 2652 1138 Conditoris
2697 1083 3018 1139 societatem
3050 1084 3344 1139 diversitas
3369 1098 3480 1138 non

1907 1175 2191 1246 refugit,et
2212 1175 2430 1245 quidem
2450 1175 2609 1247 longe
2638 1191 2669 1230 a
2694 1190 2754 1231 se
2774 1177 3094 1232 substantiis
3121 1177 3244 1219 “J7
3263 1175 3481 1249 [alienis

1907 1276 1963 1322 et
1990 1267 2269 1340 diversis].
2298 1268 2419 1322 Alia
2462 1283 2700 1339 namque
2734 1267 2803 1324 de
2842 1275 2991 1324 terra
3032 1269 3335 1324 assumitur
3369 1277 3423 1323 et
3450 1284 3481 1322 a

1897 1354 2193 1416 Conditore
2219 1360 2508 1425 formatur,
2541 1361 2648 1415 alia
2672 1375 2802 1416 vero
2824 1376 2889 1415 ex
2919 1361 3321 1417 immortalibus
3351 1362 3480 1417 sub«

1908 1454 2132 1509 stantiis
2170 1453 2334 1508 datur
2354 1493 2369 1519 ,
2402 1467 2505 1508 nec
2524 1460 2709 1508 tamen
2737 1454 2789 1509 ei
2819 1468 2915 1523 per
2940 1453 3321 1524 hujuscemodi
3349 1470 3483 1510 con-

1904 1544 2246 1616 iunctionem
2294 1545 2473 1600 honor
2508 1546 2940 1602 immortalitatis
2989 1545 3338 1617 infringitur,
3379 1561 3482 1601 nec

1910 1643 1969 1689 ut
1996 1635 2324 1707 quibusdam
2351 1635 2565 1691 videtur
2595 1633 2685 1708 [ex
2711 1635 3022 1692 rationabili
3050 1644 3107 1692 et
3133 1637 3475 1708 concupisci-

1912 1729 2005 1783 bili
2030 1736 2085 1784 et
2103 1728 2366 1786 irascibili
2386 1728 2659 1794 subsistit,
2684 1729 2783 1785 sed
2828 1724 3005 1798 magis
3040 1729 3224 1785 inesse
3256 1729 3306 1783 ei
3344 1729 3481 1785 tales

1914 1821 2135 1891 quidam
2153 1820 2427 1895 videntur]
2447 1821 2698 1886 allectus,
2713 1822 2912 1893 quibus
2930 1821 2998 1876 ad
3013 1822 3127 1877 hac
3148 1822 3359 1892 singula
3373 1837 3485 1877 mo-

1912 1912 2025 1966 veri
2060 1911 2253 1982 possit.
2276 1910 2411 1966 Nam
2433 1927 2635 1983 corpus
2655 1911 2801 1981 quod
2821 1927 2888 1966 ex
2909 1911 3128 1967 ossibus
3147 1918 3201 1965 et
3225 1910 3480 1965 carnibus

1911 2012 2158 2067 constat,
2191 2004 2408 2058 initium
2441 2004 2611 2059 sumit
2637 2018 2703 2058 ex
2734 2004 2944 2059 semine
2970 2003 3106 2070 viri,
3137 2001 3279 2073 quod
3309 2017 3341 2057 e
3367 2017 3482 2057 me-

1910 2096 2074 2151 dullis
2105 2096 2257 2151 calor
2297 2096 2525 2151 eliciens
2554 2095 2729 2150 vulvae
2767 2095 2925 2165 quasi
2968 2103 3128 2150 terra:
3166 2094 3479 2164 consignat,

1909 2189 1995 2243 cui
2019 2189 2292 2245 inhaerens
2321 2204 2389 2245 ex
2420 2188 2571 2244 fonte
2600 2189 2883 2259 sanguinis
2920 2187 3179 2258 paulatim
3209 2186 3440 2256 rigatum
3461 2223 3476 2249 ,

1912 2280 1965 2334 in
1995 2294 2215 2336 carnem
2251 2290 2305 2335 et
2326 2295 2452 2335 ossa
2476 2280 2826 2350 producitur,
2856 2290 3018 2351 atque
3047 2280 3103 2334 in
3127 2278 3364 2349 speciem
3390 2291 3481 2331 au-

1909 2374 2079 2427 ctoris
2104 2372 2237 2439 jacti
2271 2372 2499 2428 seminis
2528 2370 2882 2427 reformatur.

1979 2462 2170 2518 XXIX.
2210 2461 2274 2515 Et
2309 2462 2436 2517 vide
2465 2462 2522 2516 in
2565 2461 2669 2516 hoc
2697 2459 2938 2517 Artiﬁcis
2984 2475 3124 2531 opus
3165 2458 3315 2527 (75),
3344 2474 3483 2528 quo-

1909 2558 2071 2611 modo
2115 2572 2243 2613 ossa
2282 2555 2431 2610 velut
2470 2554 2756 2610 columnas
2791 2554 3088 2624 quasdam,
3115 2552 3317 2623 quibus
3353 2564 3481 2606 caro

1908 2658 2252 2707 sustentetur
2273 2664 2337 2705 ac
2359 2654 2629 2720 portetur,
2646 2645 2894 2702 inseruit.
2916 2644 3057 2698 Tum
3079 2642 3277 2699 deinde
3300 2656 3484 2713 aequa-

1910 2745 1976 2800 lis
2006 2760 2074 2798 ex
2105 2751 2340 2813 utraque
2360 2751 2514 2812 parte
2534 2780 2550 2804 ,
2586 2739 2642 2793 id
2669 2747 2756 2794 est
2794 2736 3018 2793 dextera
3046 2742 3102 2791 et
3137 2736 3269 2790 laeva
3288 2775 3304 2799 ,
3328 2750 3482 2791 mea-

1909 2851 2034 2891 sura
2063 2843 2329 2899 servetur,
2365 2843 2424 2888 ut
2451 2842 2720 2903 congruat
2748 2846 2845 2901 pes
2875 2829 3027 2901 pedi,
3053 2837 3107 2883 et
3135 2843 3333 2882 manus
3364 2840 3483 2881 ma-

1908 2928 2002 2981 nui
2026 2966 2040 2991 ,
2075 2926 2229 2995 digiti
2274 2937 2493 2994 quoque
2531 2923 2720 2993 digitis
2742 2961 2758 2983 ,
2787 2930 2849 2975 ut
2887 2919 3086 2991 singuli
3134 2918 3202 2972 ad
3237 2918 3482 2987 singulos

1908 3027 2019 3074 tota
2053 3019 2364 3089 aequalitate
2393 3015 2764 3081 concordent;
2791 3013 2885 3068 sed
2914 3020 2970 3068 et
2997 3011 3192 3067 oculus
3213 3011 3395 3074 oculo,
3426 3018 3477 3065 et

224 3121 489 3177 frumenti
522 3122 605 3177 vel
640 3121 833 3176 hordei
864 3121 1201 3191 aliarumque
1231 3121 1534 3189 specierum
1568 3136 1662 3190 per
1690 3122 1806 3175 sin-

1911 3112 2059 3166 auris
2087 3111 2236 3171 auri,
2275 3123 2397 3178 qua:
2418 3122 2529 3162 non
2557 3107 2733 3163 solum
2775 3119 3016 3160 consona
3046 3104 3149 3159 sibi
3179 3111 3231 3158 et
3254 3116 3482 3157 concor-

220 3213 385 3285 gulos
429 3229 601 3268 annos
635 3212 896 3276 seorsim,
938 3212 1112 3265 donec
1159 3211 1594 3281 uniuscujusque
1639 3211 1807 3265 semi-

220 3304 317 3357 nis
357 3318 585 3357 acervus
621 3302 687 3357 ad
722 3309 941 3357 centum
984 3302 1313 3356 talentorum
1356 3302 1569 3371 pondus
1611 3316 1808 3355 ascen-

219 3396 355 3459 dat,
381 3402 495 3449 tum
523 3394 688 3450 etiam
712 3396 936 3449 arbores
970 3394 1171 3449 avulsae
1201 3393 1464 3448 radicitus
1495 3394 1808 3464 appendan-

219 3495 360 3551 tur,
385 3495 439 3541 et
469 3486 556 3541 his
578 3486 836 3541 omnibus
861 3502 926 3540 ex
958 3495 1170 3541 cratere
1207 3486 1441 3555 sumptis
1470 3485 1808 3555 appendatur

220 3588 409 3643 terra,
445 3587 666 3635 centum
715 3594 814 3633 sua
858 3578 1216 3632 nihilominus
1264 3577 1467 3631 talenta
1523 3578 1673 3631 salva
1720 3593 1811 3633 re-

222 3672 444 3728 stituet.
480 3669 633 3726 Unde
682 3685 809 3740 ergo
862 3670 1109 3723 dicemus
1155 3683 1317 3723 omne
1370 3667 1504 3722 illud
1558 3669 1805 3738 pondus,

220 3777 559 3832 omnemque
591 3761 953 3830 quantitatem
977 3758 1248 3812 seminum
1275 3757 1614 3812 diversorum
1643 3766 1807 3828 atque

222 3855 489 3910 arborum
519 3852 866 3908 surrexisse?
892 3866 1073 3905 nonne
1103 3850 1385 3906 evidenter
1407 3860 1653 3921 apparet,
1676 3852 1807 3921 quia

217 3963 291 4002 ex
332 3945 531 4017 aquis?
566 3943 736 3999 Terra
780 3944 924 3998 enim
974 3942 1120 4013 quod
1171 3958 1331 3998 suum
1370 3950 1489 4006 est,
1533 3944 1805 4014 integrum

224 4045 417 4101 tenet,
452 4050 591 4108 aqua
616 4050 747 4090 vero
775 4049 897 4105 quae
924 4049 1021 4104 per
1052 4035 1261 4103 singula
1293 4035 1491 4105 injecta
1523 4046 1609 4093 est
1630 4078 1644 4102 ,
1669 4055 1808 4095 nus-

222 4144 394 4200 quam
439 4142 667 4198 prorsus
693 4132 812 4187 est,
841 4124 913 4177 ob
942 4132 1216 4193 potentem
1250 4125 1449 4180 divina:
1474 4128 1807 4185 conditionis

222 4223 519 4282 virtutem,
552 4234 676 4289 quae
706 4233 802 4287 per
838 4230 1007 4268 unam
1058 4230 1214 4285 aqum
1258 4219 1495 4288 speciem
1528 4226 1805 4275 tantorum

220 4312 501 4367 seminum
533 4309 1003 4381 virgultorumque
1030 4315 1083 4361 et
1107 4309 1443 4362 substantias
1476 4320 1729 4380 reparat,
1754 4320 1809 4367 et

220 4404 445 4474 species
498 4402 731 4467 format,
762 4409 817 4455 et
859 4416 1031 4471 genus
1076 4398 1264 4454 fenore
1313 4401 1675 4471 multiplicato
1708 4420 1805 4460 cu-

222 4498 418 4554 stodit.

300 4586 538 4642 XXVIII.
570 4585 647 4639 Ex
682 4584 881 4655 quibus
909 4582 1162 4637 omnibus
1189 4581 1323 4637 satis
1354 4582 1677 4657 abundeque
1706 4605 1804 4659 pa-

224 4688 349 4735 tere
379 4684 543 4745 puto,
569 4672 767 4727 artiﬁci
795 4686 959 4727 sensu
982 4676 1035 4724 et
1059 4686 1167 4724 non
1196 4670 1557 4730 irrationabili
1592 4687 1801 4737 natura:

1908 3202 2128 3267 dantia,
2162 3201 2257 3257 sed
2298 3210 2351 3256 et
2386 3200 2582 3255 usibus
2621 3196 2950 3254 necessariis
2987 3203 3115 3267 apta
3153 3194 3479 3249 formantur.

1911 3295 2103 3350 Manus
2136 3294 2358 3365 quidem
2403 3300 2463 3348 ut
2512 3292 2665 3363 operi
2706 3290 3004 3346 commodae
3049 3289 3193 3351 sint,
3222 3286 3388 3358 pedes
3422 3294 3483 3341 ut

1908 3386 2219 3456 gressibus,
2251 3384 2397 3439 oculi
2426 3390 2486 3437 ut
2516 3383 2724 3438 visibus
2774 3382 3013 3437 serviant
3061 3379 3480 3450 superciliorum

1909 3477 2159 3531 excubiis
2182 3474 2463 3538 custoditi,
2484 3489 2644 3529 aures
2672 3473 2737 3528 ad
2770 3472 3100 3527 audiendum
3133 3472 3207 3526 ita
3237 3474 3483 3527 formata!

1909 3578 1967 3623 ut
1999 3569 2250 3641 cymbalo
2293 3567 2501 3623 similes
2531 3566 2771 3636 suscepti
2802 3565 2952 3620 verbi
2977 3579 3361 3635 repercussum
3386 3580 3481 3620 so-

1909 3661 2082 3715 nitum
2119 3660 2283 3715 altius
2328 3658 2595 3723 reddant,
2633 3667 2689 3713 et
2724 3671 2897 3726 usque
2932 3656 2997 3711 ad
3028 3672 3249 3711 sensum
3299 3656 3483 3711 cordis

1906 3752 2190 3814 emittant,
2224 3750 2409 3821 lingua
2447 3757 2629 3805 autem
2666 3749 2735 3803 ad
2771 3748 3100 3819 loquendum
3131 3748 3271 3804 illisa
3299 3749 3481 3803 denti-

1908 3846 2013 3901 bus
2044 3843 2236 3916 plectri
2267 3843 2459 3898 reddat
2489 3841 2723 3896 oﬁicium
2744 3881 2760 3906 ,
2792 3841 2896 3912 ipsi
2926 3856 3056 3896 vero
3084 3841 3275 3896 dentes
3300 3840 3393 3895 alii
3423 3848 3482 3895 ut

1908 3939 2154 3993 incidant
2189 3945 2244 3993 et
2273 3936 2522 3991 dividant
2560 3935 2715 3990 cibos
2750 3941 2806 3990 et
2835 3934 3191 3989 interioribus
3229 3934 3479 3995 tradant,

1906 4031 2197 4087 interiores
2218 4045 2347 4085 vero
2369 4037 2428 4083 ut
2450 4031 2505 4084 in
2528 4028 2747 4083 modum
2770 4028 2926 4083 mola
2947 4028 3243 4082 conficiant
3259 4035 3312 4082 et
3332 4042 3484 4082 com-

1908 4123 2179 4186 minuant,
2200 4139 2310 4193 quo
2331 4122 2696 4193 Opportunius
2721 4120 3006 4175 stomacho
3026 4119 3211 4173 traditi
3239 4134 3483 4189 coquan-

1911 4227 2029 4281 tur,
2067 4218 2210 4271 unde
2234 4224 2283 4272 et
2317 4217 2554 4272 molares
2575 4214 2832 4285 appellati
2857 4219 3006 4267 sunt.

1981 4308 2149 4364 XXX.
2194 4308 2299 4363 Sed
2337 4316 2393 4363 et
2441 4322 2635 4367 nares.
2681 4304 3023 4361 commeandi
3075 4302 3238 4358 ﬂatus
3277 4308 3332 4356 et
3366 4300 3483 4357 red-

1910 4398 2077 4463 dendi
2108 4417 2172 4455 ac
2206 4399 2503 4471 recipiendi
2545 4398 2719 4469 gratia
2765 4396 2923 4451 factae
2966 4402 3123 4459 sunt,
3157 4402 3217 4448 ut
3262 4394 3484 4449 innova-

1832 4470 1883 4529 θ
1908 4503 2059 4555 tione
2087 4496 2315 4568 spiritus
2352 4492 2503 4546 calor
2540 4487 2807 4544 naturalis
2836 4487 2929 4556 qui
2962 4489 3018 4541 in
3047 4485 3212 4541 corde
3248 4492 3366 4549 est,
3399 4485 3481 4537 vel

1909 4592 2133 4647 accendi
2172 4587 2257 4643 vel
2304 4580 2639 4654 refrigerari,
2669 4594 2793 4634 cum
2824 4594 2911 4633 res
2942 4577 3275 4648 poposcerit,
3314 4582 3479 4645 queat

1908 4681 2182 4756 pulmonis
2226 4675 2433 4739 oﬁicio,
2491 4671 2582 4742 qui
2627 4669 2832 4739 pectori
2888 4668 3153 4723 inhaerere
3195 4666 3359 4721 datus
3398 4673 3482 4719 est

303 4814 424 4856 ⁵⁶-⁵⁷
453 4811 584 4879 Quae
612 4810 932 4867 auctoritate
961 4807 1086 4864 cod.
1108 4807 1485 4867 Parisinorum
1510 4817 2005 4876 vetustissimorum
2035 4819 2089 4873 in
2114 4822 2320 4873 textum
2352 4806 2748 4881 recepimus,in
2778 4808 2937 4861 uncis
2952 4805 3356 4863 eaincludenda
3386 4820 3481 4859 cu-

224 4885 499 4942 ravimus.

1533 5019 1896 5083 COTELERII
1936 5021 2171 5079 ΝΟΤᾹΣ.

309 5153 419 5224 (74)
460 5154 663 5209 Parvus
681 5154 733 5207 in
761 5155 873 5208 alio
899 5150 1327 5207 Mundusﬁodex
1352 5150 1804 5224 Candelerianus,

224 5225 376 5281 alius
425 5241 615 5295 parvus
662 5224 906 5278 mundus.
934 5224 1336 5295 Carmelitlcus,
1388 5223 1614 5295 aliuspt‘n
1648 5243 1808 5295 parvo

220 5291 484 5352 mundus.
541 5294 738 5349 Eodem
771 5310 936 5350 sensu
972 5313 983 5347 :
1023 5291 1256 5361 Physict‘,
1291 5294 1465 5361 inquit
1496 5291 1806 5353 Macrobius

223 5368 330 5422 lib.
368 5381 404 5418 ll
456 5367 508 5420 in
562 5365 840 5419 Somnium
884 5363 1142 5432 Scipionis
1184 5378 1303 5434 cap.
1356 5362 1424 5417 12
1467 5382 1479 5417 :
1526 5363 1806 5434 Mundam,

222 5451 482 5506 maguum
504 5436 784 5490 hominem.
810 5443 858 5488 el
884 5435 1162 5497 hominem,
1194 5433 1397 5506 brevem
1414 5434 1671 5506 mundum
1698 5454 1809 5492 esse

223 5502 503 5561 dixerunt.
532 5507 687 5572 Quod
730 5505 812 5559 sic
839 5518 1158 5575 expressum
1203 5513 1287 5557 est
1310 5517 1338 5555 a
1366 5502 1594 5560 Philone
1618 5505 1807 5563 Iudaeo

225 5578 379 5631 libro
440 5576 571 5643 Quis
602 5591 775 5630 rerum
805 5572 1105 5629 divinarum
1136 5572 1327 5633 heres,
1359 5588 1412 5643 ι).
1445 5575 1550 5630 502
1583 5595 1594 5630 :
1624 5576 1808 5631 Ἐναλ-

219 5642 537 5718 λάττοντὲς,
575 5646 778 5718 βραχὺν
817 5645 914 5716 μὲν
930 5644 1148 5718 -κόσρτον
1174 5642 1266 5696 τὸν
1300 5643 1602 5718 ᾀνθρωίπον,
1639 5647 1812 5718 μέγαν

222 5720 291 5773 δὲ
323 5709 841 5789 ᾶνθρώᾱτῷὲᾷασαςι
896 5713 986 5766 τὸν
1011 5709 1236 5789 -έόσμον
1282 5709 1439 5768 εἶναί.
1474 5714 1549 5789 _De
1591 5709 1813 5789 nomine

216 5783 604 5849 fuicroc'osmo,
635 5786 829 5840 minori
862 5784 1085 5849 mundo,
1109 5783 1297 5857 κόσμῳ
1331 5786 1578 5857 συντόμῳ
1606 5787 1810 5858 ubique

481 5883 750 5943 PATROL.
793 5881 909 5941 Gtt.
970 5879 1016 5938 Ι.

1909 5159 2093 5296 Ιθῆἒέ)
2134 5222 2202 5296 Et
2228 5222 2345 5277 vide
2382 5224 2439 5296 i_n
2467 5222 2563 5277 hoc
2591 5221 2833 5296 artiﬁcis
2854 5236 3004 5296 ρῃῃε,
3037 5218 3377 5296 etc._Totum
3403 5222 3487 5296 lo-

1911 5289 2035 5352 cum
2055 5289 2155 5350 con
2164 5295 2245 5349 fer
2248 5289 2836 5364 pumﬂesponsionead
2856 5290 3335 5364 interrogationem
3355 5293 3481 5364 μθ,

1908 5369 1964 5422 in
1997 5365 2217 5421 Caesarii
2246 5359 2528 5430 Dialogis':
2561 5377 2660 5416 nec
2694 5359 2972 5430 dubitabis
3013 5374 3260 5415 asserere
3300 5376 3328 5414 a
3367 5361 3485 5417 Car~

1912 5438 2059 5494 sario
2105 5436 2200 5490 illo
2249 5428 2551 5504 suppilatas
2613 5432 2782 5487 fuisse
2826 5428 3241 5504 ﬂecognitiones.
3286 5431 3482 5504 ‘Minus

1911 5506 2196 5564 commode
2235 5498 2511 5558 Arnobius
2556 5504 2646 5557 lib.
2680 5516 2743 5555 ιιι
2778 5519 2791 5555 :
2826 5498 2975 5554 Nam
3013 5500 3139 5564 quid
3178 5502 3233 5553 in
3277 5500 3483 5556 homine

1913 5577 2192 5648 pulchrum
2217 5585 2317 5641 est,
2340 5574 2489 5648 quid,
2520 5589 2720 5648 qnmso,
2747 5570 3081 5648 admirabile,
3101 5569 3180 5624 vel
3213 5569 3479 5648 (ﬂagrum,
3508 5621 3512 5624 .

1920 5640 2024 5701 nisi
2050 5646 2187 5717 quod
2219 5654 2266 5697 et
2299 5640 2575 5717 veterinol
2596 5644 2785 5717 legunt
2828 5641 3035 5717 ειμινὶηο
3061 5656 3092 5695 e
3120 5656 3255 5696 mss.
3289 5640 3479 5713 Regio,

1872 5718 1875 5721 ’
1918 5733 2040 5772 cum
2062 5712 2237 5771 etiam
2267 5715 2431 5770 scribi
2461 5712 2727 5783 potuisset
2753 5712 3000 5780 verrino)
3028 5727 3155 5783 cum
3184 5726 3365 5781 pecore
3384 5712 3484 5765 ua-

1918 5789 2027 5843 scio
2057 5788 2171 5857 quis
2200 5794 2387 5840 auctor
2411 5782 2575 5839 voluit
2600 5800 2710 5838 esse
2730 5782 3039 5838 commune’

3015 5876 3088 5935 ἰώ
