3888 6192
491 306 625 366 1387

1341 302 1396 359 S.
1432 299 1831 358 CLEMENTIS
1863 300 1884 355 ι
1922 298 2087 357 ROM.
2125 300 2327 358 PONT.
2369 302 2597 360 OPERA
2631 300 2857 357 DUBIA.

3569 300 3675 357 I388

488 431 546 478 ut
573 421 802 476 mollitie
849 421 934 478 sui
966 420 1145 491 palpet
1169 426 1223 475 et
1256 417 1436 474 foveat
1464 420 1649 474 cordis
1694 420 1967 490 vigorem,
1998 422 2053 474 in
2082 427 2129 484 Α
2157 428 2212 477 et
2240 437 2413 492 quare
2444 430 2555 476 tam
2582 421 2781 477 tarde?
2826 418 2940 475 Iloc
2980 420 3161 492 possis
3200 418 3486 475 obtendere
3506 420 3680 474 etiamsi

484 530 595 585 quo
622 513 839 569 videtur
869 514 976 567 vita
1004 511 1326 576 consistere,
1360 510 1471 566 vita
1510 509 1635 565 dico
1659 549 1675 574 ,
1702 524 1815 564 non
1849 510 2051 565 anima.

483 604 619 660 Nam
647 605 779 676 quid
800 606 979 661 dicam
1004 606 1072 662 de
1095 606 1406 662 substantia
1434 604 1719 677 sanguinis
1738 644 1753 670 ,
1786 605 1879 676 qui
1911 606 2058 660 velut

483 699 684 754 fluvius
704 715 774 755 ex
808 697 958 755 fonte
1002 699 1325 771 procedens,
1358 706 1413 754 et
1444 714 1555 754 uno
1598 698 1752 769 prius
1791 698 1944 753 alveo
1975 699 2058 753 in-

485 797 675 845 vectus
702 800 816 845 tum
843 790 1040 846 deinde
1068 806 1165 862 per
1193 791 1509 845 innumeras
1544 805 1711 845 venas
1730 829 1745 855 ,
1776 790 1933 860 quasi
1959 804 2058 859 per

484 894 643 935 areas
674 864 1008 943 'derivatus,
1063 887 1234 934 totam
1282 879 1505 934 humani
1556 879 1806 949 corporis
1854 887 2056 934 terram

486 971 744 1027 vitalibus
784 972 923 1042 rigat
962 970 1216 1037 fluentis,
1244 972 1450 1042 jecoris
1480 987 1645 1043 opere
1676 973 2053 1038 ministratus,

484 1062 630 1132 quod
662 1064 731 1118 ad
763 1062 1058 1119 efﬁcaciam
1106 1064 1427 1136 digestionis
1475 1067 1757 1133 ciborum,
1800 1076 1965 1140 atque
1999 1070 2057 1124 in

482 1154 803 1225 sanguinem
850 1155 1233 1210 mutandorum
1266 1155 1321 1209 in
1370 1156 1566 1212 dextro
1605 1158 1774 1214 latere
1794 1158 1963 1226 jacet.
1997 1160 2057 1214 In

486 1246 711 1301 sinistro
750 1261 877 1301 vero
919 1247 1127 1317 splenis
1145 1256 1230 1303 est
1262 1247 1437 1313 locus,
1470 1251 1563 1319 qui
1588 1249 1803 1305 trahere
1824 1249 1893 1303 ad
1917 1265 1977 1305 se
2003 1258 2057 1306 et

484 1352 718 1406 purgare
745 1338 1149 1408 quodammodo
1180 1338 1373 1395 sordes
1405 1341 1693 1411 sanguinis
1722 1342 1916 1410 possit.

555 1428 747 1487 XXXI.
791 1430 1180 1487 Intestinorum
1229 1447 1449 1503 quoque
1497 1434 1638 1489 ratio
1685 1442 1891 1505 quanta
1940 1437 2053 1491 est!

484 1538 607 1593 quas
632 1524 839 1579 idcirco
866 1524 1045 1594 longis
1092 1525 1324 1580 nexibus
1355 1526 1407 1579 in
1439 1526 1771 1581 circulorum
1804 1526 2057 1582 ordinata

483 1625 614 1671 sunt
665 1616 925 1680 modum,
975 1624 1033 1670 ut
1076 1625 1361 1687 susceptas
1422 1618 1758 1688 digestiones
1807 1620 2056 1675 ciborum

483 1708 745 1779 paulatim
791 1716 1047 1780 egerant,
1092 1724 1201 1779 quo
1247 1726 1422 1781 neque
1466 1711 1533 1765 ad
1576 1710 1817 1766 subitum
1864 1712 2055 1768 inanes

482 1801 719 1856 elliciant
765 1802 949 1866 locos,
982 1808 1035 1857 et
1061 1801 1148 1856 his
1187 1803 1282 1872 qui
1329 1802 1667 1874 superadditi
1711 1802 1915 1860 fuerint
1946 1821 2059 1860 non

483 1894 851 1964 impediantur
879 1894 1038 1950 cibis.
1071 1893 1401 1950 Membrana:
1424 1904 1603 1951 autem
1636 1900 1691 1951 in
1719 1896 1940 1952 modum
1971 1898 2058 1953 id-

482 1986 635 2042 circo
681 1984 826 2041 facta
870 1994 1037 2051 sunt,
1068 1994 1127 2039 ut
1156 2001 1221 2041 ex
1267 1986 1403 2056 ipsis
1449 2003 1515 2043 ea
1552 2002 1674 2059 quat
1716 1991 2058 2046 extrinsecus

483 2088 644 2142 sunt,
684 2076 969 2132 humorem
1017 2076 1220 2132 sensim
1252 2078 1589 2149 suscipiant,
1622 2080 1715 2149 qui
1762 2095 1938 2151 neque
1964 2097 2057 2137 su-

484 2172 599 2226 bito
622 2169 830 2227 effusus
855 2170 1167 2226 exinaniret
1194 2172 1430 2237 interna,
1458 2189 1636 2244 neque
1658 2174 1914 2231 densiore
1933 2184 2058 2231 cute

485 2264 831 2335 prohibitus,
881 2264 1035 2319 arida
1084 2280 1205 2333 qua:
1244 2266 1587 2321 extrinsecus
1629 2267 1899 2322 habentur
1941 2268 2056 2323 eiii-

483 2364 666 2421 ceret,
693 2365 748 2412 et
778 2364 945 2411 totam
968 2357 1208 2412 hominis
1257 2357 1518 2414 fabricam
1565 2359 1687 2417 sitis
1732 2362 2059 2417 necessitate

482 2450 753 2505 turbaret.

554 2541 766 2596 XXXII.
809 2540 980 2596 Porro
1008 2558 1139 2597 vero
1168 2540 1399 2598 feminea
1432 2545 1650 2614 positio,
1676 2554 1731 2601 et
1763 2548 1935 2604 vulvas
1983 2550 2060 2604 si-

484 2650 592 2689 nus
621 2634 689 2689 ad
718 2634 1090 2703 recipiendum
1121 2650 1343 2705 germen
1370 2644 1425 2691 et
1452 2637 1853 2693 confovendum
1882 2642 2058 2695 vivifi-

484 2727 827 2796 candumque
878 2725 1380 2792 commodissimus,
1433 2743 1595 2797 quem
1625 2743 1733 2783 non
1761 2732 1972 2786 ratione
2002 2741 2057 2787 et

484 2818 773 2889 prudentia
795 2816 982 2873 effecta
1010 2832 1133 2873 esse
1160 2833 1281 2888 qua:
1304 2816 1445 2873 facta
1471 2829 1620 2883 sunt,
1647 2821 1893 2884 suadeat,
1912 2824 2058 2893 quod

484 2912 541 2965 in
569 2925 634 2966 ea
666 2910 843 2965 solum
897 2916 1050 2979 parte
1099 2910 1469 2965 membrorum
1497 2925 1528 2964 a
1559 2912 1704 2965 virili
1762 2917 1943 2984 specie
1980 2916 2060 2971 fe-

484 3004 632 3059 mina
664 3004 957 3072 discrepat,
1007 3016 1115 3071 qua
1165 3004 1459 3072 posteritas
1506 3013 1624 3058 sata
1676 3006 1975 3077 suscipitur
2006 3017 2059 3063 et

486 3096 722 3159 fovetur,
753 3103 808 3149 et
838 3110 1031 3149 rursus
1085 3096 1258 3149 virilis
1308 3095 1529 3150 habitus
1559 3112 1622 3150 ea
1680 3100 2058 3154 tantummodo

485 3190 859 3244 membrorum
914 3196 1065 3257 parte
1097 3188 1437 3251 immutatur,
1492 3204 1599 3259 qua
1627 3189 1675 3243 ei
1725 3190 1810 3246 vis
1842 3191 2057 3245 serendi

485 3292 540 3339 et
574 3282 871 3354 generandi
926 3281 1163 3335 hominis
1192 3282 1366 3335 inest?
1404 3280 1469 3334 Et
1518 3284 1572 3335 in
1628 3282 1731 3337 hoc
1801 3298 2058 3352 magnum

485 3378 705 3445 quidem
736 3372 1111 3429 testimonium
1162 3372 1522 3429 Providentiae
1562 3373 1747 3436 datur,
1772 3390 1839 3429 ex
1868 3391 2059 3432 neces-

487 3468 633 3521 saria
662 3466 984 3523 diversitate
1012 3465 1406 3531 membrorum,
1436 3467 1531 3521 sed
1559 3466 1630 3521 ibi
1656 3468 1851 3534 majus,
1886 3469 1979 3524 ubi
2002 3470 2058 3524 in

486 3560 709 3614 habitus
762 3558 1140 3625 similitudine,
1194 3575 1331 3614 usus
1368 3559 1660 3615 diversitas
1691 3568 1745 3615 et
1770 3560 1931 3616 officii
1963 3578 2058 3619 va-

486 3652 656 3706 rietas
684 3651 978 3706 invenitur.
1040 3648 1175 3704 Nam
1209 3651 1463 3705 mamillae
1501 3652 1635 3706 viris
1655 3667 1809 3723 aeque
1833 3661 1962 3708 sunt
1993 3670 2057 3709 ac

487 3743 728 3807 feminis,
759 3742 853 3797 sed
885 3741 1209 3797 feminarum
1255 3742 1385 3797 solae
1425 3750 1554 3797 sunt
1589 3758 1710 3813 quae
1751 3745 1908 3801 lactis
1937 3762 2058 3800 mu-

485 3850 617 3891 nere
642 3835 940 3904 replentur,
997 3841 1055 3888 ut
1110 3834 1293 3890 statim
1322 3835 1412 3889 ubi
1460 3838 1768 3905 genuerint,
1801 3848 1925 3908 apta
1952 3840 2057 3895 sibi

487 3928 749 3997 parvulus
772 3926 1011 3981 inveniat
1036 3926 1395 3981 nutrimenta.
1419 3925 1573 3992 Quod
1601 3928 1819 3996 si.tanta
1845 3931 2058 3986 ratione

484 4020 737 4074 videmus
768 4018 824 4072 in
854 4018 1074 4072 homine
1109 4017 1354 4071 membra
1400 4017 1683 4087 disposita,
1720 4028 1778 4074 ut
1806 4021 1861 4074 in
1896 4030 2058 4078 caete-

486 4111 564 4166 ris
592 4108 848 4164 omnibus
898 4108 1094 4164 similis
1148 4107 1369 4164 habitus
1425 4109 1692 4175 videatur,
1725 4110 1781 4163 in
1810 4110 1896 4165 his
1931 4122 2055 4167 tan.

485 4201 768 4256 tummodo
794 4200 1129 4269 discrepent,
1186 4199 1242 4254 in
1288 4200 1488 4270 quibus
1525 4217 1656 4257 usus
1686 4203 2056 4259 diversitatem

487 4291 737 4361 requirit,
796 4298 850 4344 et
890 4305 1067 4359 neque
1118 4290 1174 4344 in
1196 4291 1315 4344 viro
1349 4291 1553 4362 aliquid
1596 4292 1929 4362 superfluum
1962 4302 2056 4350 aut

485 4398 671 4453 egens,
706 4397 880 4451 neque
909 4382 963 4435 in
1025 4381 1225 4435 femina
1276 4383 1423 4452 quod
1482 4385 1623 4438 desit
1664 4386 1946 4443 videamus
1973 4389 2057 4444 vel

2158 522 2285 571 ante
2314 514 2491 571 factus
2518 514 2751 582 fuisset;
2805 513 3018 569 diceres
3047 513 3217 577 enim,
3248 511 3360 566 Cur
3389 528 3489 566 non
3519 522 3567 567 et
3585 524 3683 569 ante

2156 607 2301 663 hoc?
2327 620 2381 664 et
2406 608 2479 662 ita
2510 608 2777 663 immensa
2824 607 3026 662 saacula
3068 606 3461 662 transcendens
3507 622 3683 677 semper

2158 699 2338 769 possis
2367 700 2669 771 requirere,
2728 714 2829 755 cur
2866 715 2977 753 non
3007 706 3061 755 et
3094 707 3221 754 ante
3248 698 3390 754 hoc?
3436 697 3535 754 Sed
3556 699 3685 754 nobis

2159 807 2306 846 nunc
2333 808 2515 848 sermo
2542 808 2649 847 non
2680 792 2747 847 de
2766 806 2831 847 eo
2856 798 2941 848 est
2996 789 3120 863 [cur
3156 807 3263 846 non
3296 792 3366 846 sit
3397 799 3517 847 ante
3542 790 3687 845 factus

2157 898 2320 953 quam
2359 883 2537 939 factus
2565 883 2698 956 est],
2731 883 2826 939 sed
2860 884 2905 939 si
2930 884 3153 938 omnino
3183 883 3360 939 factus
3375 890 3476 939 est.
3499 882 3551 936 Si
3569 883 3688 939 enim

2157 973 2361 1028 factum
2390 982 2628 1040 constat,
2662 975 2976 1030 necessario
3005 975 3241 1045 potentis
3270 982 3324 1030 et
3375 974 3563 1030 summi
3588 975 3690 1028 arti-

2157 1063 2275 1119 ficis
2297 1080 2436 1135 opus
2464 1074 2586 1134 est;
2619 1065 2765 1137 quod
2798 1067 2847 1122 si
2879 1074 3117 1129 constat,
3154 1066 3374 1137 quando
3398 1082 3516 1121 eum
3546 1066 3691 1120 facere

2157 1155 2414 1222 voluerit,
2477 1157 2741 1229 sapientis
2785 1158 3012 1215 artificis
3044 1158 3274 1213 arbitrio
3306 1159 3602 1229 judicioque
3625 1174 3693 1213 res

2157 1247 2514 1319 linquendum
2556 1260 2659 1306 est.
2722 1250 2843 1307 Nisi
2870 1252 3119 1307 videatur
3160 1251 3257 1305 tibi
3290 1252 3467 1306 omnis
3502 1251 3602 1305 bazc
3627 1266 3691 1304 sa-

2158 1340 2402 1410 pientia,
2478 1357 2601 1412 quae.
2671 1350 2781 1396 tam
2839 1342 3133 1397 immanem
3180 1342 3369 1397 mundi
3427 1343 3693 1397 machinam

2158 1432 2380 1497 struxit,
2403 1441 2457 1487 et
2492 1434 2727 1504 singulis
2756 1434 3071 1505 quibusque
3115 1434 3279 1490 rebus
3302 1434 3499 1490 formas
3524 1445 3573 1489 et
3594 1448 3695 1505 spe-

2158 1524 2271 1579 cies
2300 1524 2469 1588 dedit,
2496 1541 2729 1595 quarum
2762 1527 3011 1581 habitum
3045 1543 3155 1581 non
3185 1526 3373 1582 decori
3401 1528 3567 1582 solum
3593 1542 3695 1581 con-

2158 1616 2487 1682 venientem,
2522 1617 2617 1673 sed
2646 1627 2700 1673 et
2745 1617 2947 1673 futuris
2972 1619 3167 1675 usibus
3196 1620 3534 1690 aptissimum
3554 1627 3600 1674 et
3616 1634 3696 1673 ne-

2160 1709 2462 1763 cessarium
2493 1718 2739 1779 poneret,
2772 1710 2877 1766 hoc
2897 1727 3016 1766 eam
3047 1713 3223 1767 solum
3249 1712 3467 1784 fugerit,
3489 1729 3587 1783 quo
3606 1720 3696 1764 tam

2160 1800 2463 1872 magnifica:
2494 1802 2829 1863 conditionis
2860 1811 3227 1874 opportunum
3251 1813 3467 1875 tempus
3496 1818 3699 1859 assume-

2160 1904 2261 1951 ret.
2294 1895 2387 1951 Est
2409 1896 2553 1967 apud
2584 1896 2737 1950 illum
2792 1897 3039 1967 profecto
3069 1906 3220 1951 certa
3276 1899 3440 1964 ratio,
3468 1905 3583 1951 sunt
3605 1895 3700 1950 evi-

2159 1987 2352 2042 dentes
2376 2002 2582 2050 causa,
2598 2001 2697 2040 cur
2715 1993 2769 2041 et
2792 1986 3012 2056 quando
3039 1993 3092 2041 et
3114 1986 3350 2057 qualiter
3382 1986 3700 2041 feceritmun-

2158 2080 2310 2143 dum,
2343 2095 2481 2150 quas
2507 2078 2843 2146 hominibus,
2874 2080 3072 2150 quibus
3108 2079 3220 2134 haec
3244 2094 3367 2149 qua:
3398 2087 3519 2133 ante
3542 2077 3702 2132 oculos

2159 2172 2334 2242 posita
2365 2181 2495 2227 sunt
2526 2178 2667 2229 etde
2704 2174 2824 2243 ejus
2854 2171 3193 2242 providentia
3223 2178 3609 2233 contestantur,
3634 2168 3701 2221 in-

2158 2264 2377 2335 quirere
2434 2273 2488 2320 et
2533 2266 2838 2337 intelligere
2872 2266 3083 2335 pigrum
3136 2263 3263 2327 fuit,
3296 2265 3498 2334 aperiri
3546 2264 3702 2333 utique

2159 2373 2267 2411 non
2297 2357 2573 2426 oportuit;
2616 2374 2737 2428 quae
2788 2358 2933 2412 enim
2995 2357 3051 2410 in
3106 2356 3323 2411 occulto
3384 2357 3638 2410 habentur
3660 2365 3703 2408 et

2158 2450 2303 2503 intra
2337 2450 2619 2519 sapientia:
2649 2466 2863 2514 sensus,
2892 2450 3041 2504 velut
3070 2448 3211 2502 intra
3246 2447 3431 2517 regios
3453 2448 3705 2503 thesauros

2158 2540 2441 2595 recondita
2472 2550 2620 2605 sunt,
2648 2541 2853 2597 nemini
2910 2547 3117 2611 patent,
3154 2540 3258 2593 nisi
3292 2540 3381 2594 his
3420 2540 3512 2611 qui
3545 2539 3605 2592 ab
3631 2538 3704 2590 illo

2157 2634 2471 2700 didicerint,
2506 2634 2649 2705 apud
2681 2650 2845 2705 quem
2886 2636 3096 2705 signata
3130 2640 3258 2689 sunt
3306 2632 3427 2687 haec
3479 2641 3532 2687 et
3574 2646 3705 2701 repo-

2159 2726 2285 2781 sita.
2314 2724 2457 2782 Deus
2485 2741 2615 2796 ergo
2644 2738 2724 2781 est
2774 2726 2867 2797 qui
2928 2726 3055 2781 fecit
3083 2726 3288 2789 omnia,
3340 2734 3397 2780 et
3445 2726 3555 2796 ipse
3582 2740 3609 2777 a
3634 2740 3705 2778 ne-

2159 2818 2309 2872 mine
2335 2816 2515 2874 factus
2542 2827 2647 2874 est.
2680 2816 2783 2884 Qui
2810 2826 2988 2872 autem
3017 2825 3268 2871 naturam
3298 2832 3402 2887 pro
3423 2816 3530 2872 Deo
3558 2815 3704 2871 nomi-

2159 2919 2313 2972 nant,
2344 2921 2398 2964 et
2428 2926 2522 2980 per
2577 2918 2828 2964 naturam
2862 2908 3005 2963 facta
3054 2925 3177 2964 esse
3204 2918 3410 2965 cuncta
3447 2918 3701 2965 testantur.

2160 3002 2293 3057 latet
2312 3018 2408 3058 eos
2444 3003 2826 3073 appellationis
2856 3018 2969 3057 sua:
2990 3017 3167 3057 error.
3207 3000 3264 3055 Si
3301 3004 3452 3057 enim
3484 3009 3702 3057 naturam

2085 3133 2125 3190 ϐ
2162 3093 2591 3149 irrationabilem
2624 3100 2838 3164 putant,
2865 3092 3248 3149 stultissimum
3295 3102 3386 3148 est
3439 3090 3704 3147 rationabi‘

2162 3189 2265 3241 lem
2298 3186 2564 3242 facturam
2594 3187 2664 3242 ab
2714 3186 3075 3241 irrationabili
3121 3184 3334 3241 factore
3376 3184 3630 3257 progredi.
3658 3181 3702 3234 Si

2160 3295 2291 3333 vero
2320 3279 2460 3333 ratio
2482 3283 2588 3342 est,
2621 3277 2674 3332 id
2708 3284 2794 3333 est
2834 3278 3009 3349 logos,
3047 3293 3142 3349 per
3165 3292 3331 3347 quam
3363 3276 3503 3331 facta
3522 3280 3704 3329 constat

2160 3370 2437 3432 universa,
2463 3368 2737 3440 superﬂuo
2766 3384 2964 3424 nomen
2992 3370 3303 3434 immutant,
3333 3370 3427 3424 ubi
3458 3370 3522 3424 de
3539 3366 3705 3424 Condi-

2158 3462 2297 3516 toris
2323 3462 2532 3515 ratione
2561 3459 2901 3530 profitentur.
2934 3461 3013 3515 Ad
3042 3462 3159 3517 haec
3183 3461 3228 3517 si
3259 3463 3396 3531 quid
3421 3461 3597 3523 habes,
3621 3456 3707 3511 Pa-

2161 3562 2263 3615 ter,
2290 3568 2644 3624 prosequere.

2228 3644 2445 3700 XXXV.
2522 3644 2647 3700 Haec
2706 3661 2830 3700 cum
2880 3644 3068 3700 Niceta
3122 3645 3396 3709 dixisset,
3454 3659 3605 3699 senex
3648 3642 3706 3693 ita

2158 3735 2470 3806 respondit:
2505 3734 2589 3790 Tu
2648 3736 2891 3807 quidem,
2933 3737 3030 3800 fili,
3087 3737 3390 3806 prudenter
3440 3745 3490 3791 et
3528 3732 3637 3787 forti
3657 3745 3705 3784 er

2159 3835 2484 3898 prosecutus
2514 3844 2594 3892 es,
2659 3828 2715 3882 in
2763 3836 2975 3883 tantum
3009 3836 3067 3882 ut
3109 3829 3307 3883 melius
3340 3815 3451 3883 dici
3476 3842 3622 3898 posse
3653 3824 3707 3877 de

2159 3919 2507 3976 Providentia
2562 3936 2672 3974 non
2730 3929 2934 3990 putem.
2992 3918 3098 3975 Sed
3154 3922 3419 3991 quoniam
3476 3921 3596 3973 hora
3613 3916 3702 3985 jam

2158 4014 2327 4067 multa
2355 4020 2459 4075 est,
2518 4014 2764 4067 crastino
2823 4013 2891 4067 ad
2948 4013 3062 4067 haec
3101 4028 3220 4083 qua!
3272 4022 3590 4083 prosecutus
3638 4024 3702 4069 es.

2158 4107 2492 4176 respondere
2536 4107 2717 4175 aliqua
2754 4107 2898 4170 volo,
2953 4106 3020 4161 de
3048 4107 3248 4174 quibus
3272 4107 3323 4161 si
3351 4106 3483 4160 mihi
3521 4100 3706 4159 satisfeo

2159 4199 2302 4254 ceris
2324 4200 2510 4269 gratia:
2542 4214 2629 4254 me
2676 4198 2847 4254 fateor
2871 4198 3194 4254 debitorem.
3228 4198 3293 4252 Et
3329 4200 3417 4255 his
3444 4214 3474 4253 a
3502 4212 3620 4253 sene
3638 4193 3708 4248 di—

2158 4292 2283 4354 ctis,
2311 4292 2549 4346 surrexit
2597 4290 2813 4345 Petrus.
2874 4290 3109 4356 Quidam
3160 4306 3289 4346 vero
3320 4308 3389 4347 ex
3433 4287 3706 4345 astantibus

2158 4380 2578 4438 Laodicensium
2607 4384 2819 4453 primus
2841 4383 3067 4453 rogabat
3091 4381 3316 4438 Petrum
3340 4393 3397 4440 et
3418 4399 3539 4449 nos,
3559 4387 3615 4436 ut
3634 4392 3705 4433 se-

483 4473 632 4542 quod
665 4473 923 4539 abundet,
976 4473 1101 4543 quis
1154 4490 1218 4528 ex
1270 4473 1355 4528 his
1398 4477 1654 4531 omnibus
1700 4493 1808 4531 non
1838 4480 2059 4535 eviden-
2089 4492 2134 4547 ι)
2160 4473 2246 4529 nis
2275 4475 2590 4529 indumenta
2620 4490 2743 4545 qua:
2799 4474 3031 4529 habebat
3059 4476 3278 4530 sordida
3313 4486 3370 4533 et
3417 4478 3580 4534 scissa
3606 4484 3706 4525 ιιιῑι·

486 4574 567 4617 ter
612 4571 873 4634 agnoscat
921 4564 1151 4619 rationis
1209 4579 1349 4635 opus
1386 4574 1441 4621 et
1483 4569 1805 4638 sapientiam
1849 4571 2055 4627 Condi-

481 4656 658 4710 toris?

558 4746 794 4803 XXXIII.
855 4747 956 4807 llis
1006 4751 1332 4822 astipulatur
1384 4752 1549 4806 etiam
1599 4756 2059 4811 caeterorumani-

486 4837 710 4893 malium
739 4840 1086 4898 rationabilis
1109 4843 1420 4906 diversitas,
1456 4852 1510 4899 et
1530 4860 1631 4900 suo
1649 4846 1903 4917 quodque
1932 4849 2056 4903 usui

487 4932 901 5001 ministerioque
960 4936 1311 4993 conveniens.
1368 4933 1495 4993 Haec
1550 4946 1782 4993 testatur
1807 4946 1861 4993 et
1890 4940 2055 4994 arbo-

487 5036 607 5074 rum
645 5022 881 5076 varietas
929 5022 1335 5096 herbarumque
1386 5026 1699 5091 diversitas,
1733 5037 1843 5083 tam
1874 5030 2058 5100 specie

487 5113 695 5167 variata
742 5129 907 5184 quam
958 5117 1160 5173 succis.
1217 5117 1343 5174 Haec
1390 5121 1587 5176 asserit
1638 5132 1691 5177 et
1728 5124 2058 5193 permutatio

484 5215 793 5275 temporum
853 5208 909 5261 in
953 5219 1187 5277 quatuor
1234 5210 1493 5267 distincta
1542 5214 1971 5279 vicissitudines,
2005 5224 2059 5271 et

485 5298 655 5352 certis
683 5294 857 5361 boris,
911 5297 1126 5364 diebus,
1185 5302 1489 5379 mensibus,
1553 5318 1756 5358 annum
1816 5305 2056 5360 circulus

476 5388 767 5452 claudens,
787 5398 843 5446 et
864 5406 933 5445 ne
960 5406 1122 5445 unam
1136 5393 1354 5462 quidem
1375 5394 1564 5450 horam
1587 5404 1802 5453 statuta:
1828 5398 2056 5453 rationis

486 5483 788 5549 excedens;
830 5483 959 5538 hinc
1010 5484 1246 5554 denique
1296 5486 1460 5541 etiam
1483 5488 1671 5542 mundi
1707 5490 1878 5559 ipsius
1901 5498 2053 5553 aetas,

486 5584 636 5629 certa
666 5584 720 5631 et
749 5576 929 5633 stabili
961 5578 1192 5643 ratione,
1222 5590 1486 5650 concepto
1526 5596 1791 5637 annorum
1828 5597 2057 5639 numero

486 5675 758 5724 venantur.

562 5758 795 5815 XXXIV.
852 5761 956 5816 Sed
988 5763 1157 5827 dices,
1195 5764 1425 5832 Quando
1459 5768 1694 5823 mundus
1747 5769 1922 5823 faetus
1948 5776 2051 5835 est,

2161 4573 2337 4632 taret;
2361 4581 2520 4635 quem
2547 4564 2742 4620 Petrus
2765 4573 2819 4620 et
2847 4580 2950 4620 nos
2999 4566 3257 4636 amplexi,
3280 4574 3335 4621 et
3363 4563 3706 4622 collaudantes

2160 4671 2258 4727 pro
2284 4658 2515 4712 honesta
2560 4665 2615 4713 et
2644 4658 2850 4728 optima
2888 4659 3164 4713 voluntate
3220 4674 3343 4723 sua,
3375 4659 3700 4714 dicebamus:

2158 4748 2297 4815 Quia
2328 4765 2427 4804 nec
2457 4765 2557 4806 nos
2602 4750 2676 4803 ita
2709 4750 3031 4820 insipientes
3054 4766 3246 4807 sumus
3274 4762 3329 4806 et
3362 4751 3531 4822 impii,
3555 4744 3705 4809 ικουί

2156 4846 2268 4893 tam
2305 4843 2543 4911 pretiosa
2581 4830 2741 4895 verba
2779 4842 3180 4907 concredimus,
3211 4858 3321 4897 non
3364 4844 3531 4896 multo
3559 4837 3704 4906 magis

2157 4936 2320 4990 etiam
2354 4935 2472 4990 haec
2507 4951 2630 5005 quae
2652 4936 2719 4989 ad
2747 4952 2882 4991 usus
2908 4952 3206 5007 eorporeos
3258 4946 3391 4992 sunt
3427 4930 3704 4991 necessaria

2157 5027 2521 5099 praebeamus,
2549 5043 2670 5097 quae
2698 5044 2824 5082 eum
2857 5038 2913 5083 et
2942 5028 3179 5083 libenter
3208 5037 3583 5099 suscepturum
3604 5037 3703 5076 cre-

2157 5120 2363 5183 dimus,
2388 5130 2646 5190 tanquam
2678 5135 2708 5172 a
2732 5121 2858 5175 filiis
2883 5128 3115 5190 patrem,
3136 5121 3231 5176 sed
3259 5129 3315 5176 et
3345 5127 3543 5175 tectum
3568 5113 3703 5170 nobis

2155 5221 2211 5269 et
2236 5214 2402 5267 vitam
2443 5228 2786 5268 communem
2843 5212 2962 5268 fore
2989 5213 3284 5267 credimus.
3332 5211 3459 5266 Hac
3483 5225 3599 5263 cum
3620 5219 3702 5259 nos

2158 5304 2494 5371 diceremus,
2524 5313 2580 5361 et
2609 5306 2701 5360 ille
2730 5305 3031 5376 primarius
3060 5305 3301 5360 civitatis
3357 5317 3565 5360 summa
3589 5301 3636 5352 vi
3658 5304 3703 5351 et

2157 5397 2551 5453 blandimentis
2580 5397 2833 5468 plurimis
2888 5397 3121 5453 avellere
3148 5412 3179 5450 a
3203 5397 3367 5452 nobis
3395 5400 3607 5466 cuperet
3631 5403 3699 5444 se-

2157 5505 2306 5553 nem,
2338 5505 2442 5546 nos
2479 5505 2607 5545 vero
2637 5504 2709 5544 eo
2731 5488 3108 5545 vehementius
3140 5490 3522 5551 retineremus,
3550 5480 3699 5538 omnis

2158 5583 2393 5654 populus
2415 5584 2737 5637 acclamavit
2767 5590 2827 5635 ut
2876 5581 3010 5636 illud
3062 5582 3235 5651 magis
3264 5581 3382 5648 fiat,
3435 5580 3574 5651 quod
3614 5571 3697 5643 ἱρεί

2142 5677 2334 5745 placet
2363 5677 2513 5740 seni;
2548 5682 2602 5730 et
2631 5690 2755 5729 cum
2788 5674 3066 5729 silentium
3096 5674 3297 5728 factum
3323 5674 3537 5735 fuisset,
3560 5677 3694 5724 sane!

2153 5768 2467 5837 juramento
2495 5768 2787 5838 praevenit,
2817 5765 3047 5824 dicens:
3106 5766 3276 5824 Hodie
3324 5765 3470 5836 apud
3516 5761 3695 5831 nullum
