3888 6192
272 360 292 413 1
305 357 407 413 589

1442 350 2003 410 RECOGNITIONUM
2037 348 2165 407 LIB.
2207 346 2343 404 VIII.

3377 343 3400 395 4
3413 341 3516 396 59⁸)

265 470 502 527 manebo
517 484 696 541 neque
718 469 787 525 ab
804 470 989 541 aliquo
1010 470 1311 541 quidquam
1335 469 1653 540 suscipiam,
1680 470 1756 523 uti
1781 485 1850 526 ne
1879 475 1925 530 Α
1953 483 2095 523 mam
2123 464 2436 537 possidens,
2468 476 2567 517 cur
2588 463 2642 516 in
2674 462 2890 517 occulto
2919 461 3055 517 lates
3083 466 3138 515 et
3184 458 3514 515 verecundia

264 563 495 619 alterius
552 561 773 617 dilectio
820 562 1046 618 alterius
1096 562 1320 617 tristitia
1379 562 1499 628 fiat;
1550 563 1665 618 haec
1693 563 1838 619 enim

262 653 610 725 postmodum
643 655 688 710 si
709 657 889 710 visum
921 654 1105 718 fuerit,
1138 655 1251 709 ﬁeri
1281 667 1528 725 possunt.

334 745 576 801 XXXVI.
609 744 676 800 Et
708 761 833 801 cum
892 748 1006 802 haec
1033 748 1261 804 dixisset
1314 764 1500 813 senex,
1541 748 1734 805 Petrus
1767 751 1841 804 ait

261 839 330 893 ad
360 839 680 910 primarium
714 839 951 893 civitatis
981 860 992 894 :
1049 839 1317 906 Quoniam
1350 841 1520 895 nostri
1552 842 1839 911 praesentia

260 930 463 985 bonam
489 931 831 986 voluntatem
861 939 1010 985 tuam
1044 931 1353 995 ostendisti,
1387 933 1600 988 tristem
1648 939 1703 986 te
1729 949 1837 988 non

260 1030 477 1092 oportet
503 1022 816 1088 abscedere,
857 1024 950 1077 sed
999 1025 1332 1094 accipiemus
1386 1026 1484 1081 abs
1527 1034 1580 1080 te
1607 1028 1836 1097 gratiam

259 1128 363 1184 pro
384 1114 578 1183 gratia,
609 1115 828 1169 domum
859 1124 1007 1170 tuam
1040 1118 1198 1173 nobis
1245 1118 1489 1183 ostende,
1521 1128 1573 1174 et
1596 1136 1838 1191 praepara

260 1220 382 1260 eam
419 1211 480 1259 ut
508 1208 752 1262 crastino
784 1207 1083 1278 disputatio
1113 1225 1233 1279 quae
1263 1209 1443 1265 futura
1490 1220 1574 1266 est
1622 1212 1696 1266 ibi
1746 1212 1841 1266 ha—

260 1296 475 1361 beatur,
505 1304 559 1352 et
606 1297 651 1352 si
684 1298 777 1368 qui
800 1300 991 1354 volunt
1022 1300 1217 1356 adesse
1247 1302 1313 1355 ad
1346 1301 1680 1357 audiendum
1712 1319 1836 1374 per-

260 1388 571 1443 mittantur.
605 1388 736 1455 Qute
758 1405 881 1444 cum
914 1392 1160 1447 audisset
1187 1393 1398 1463 primus
1421 1394 1659 1449 civitatis
1682 1395 1838 1450 valde

261 1479 485 1548 gavisus
505 1490 609 1544 est,
638 1480 732 1537 sed
765 1489 818 1537 et
847 1483 1025 1538 omnis
1082 1485 1314 1554 populus
1347 1484 1579 1541 libenter
1606 1485 1833 1541 audivit.

257 1569 508 1640 Cumque
536 1570 924 1629 discessissent
954 1574 1146 1641 turbae,
1201 1577 1422 1631 domum
1473 1593 1628 1634 suam
1651 1589 1835 1634 osten-

257 1663 376 1729 dit;
401 1663 681 1719 discedere
701 1672 879 1719 autem
906 1674 959 1720 et
989 1682 1154 1721 senex
1178 1669 1363 1738 C(Bpit.
1391 1668 1504 1740 Ego
1531 1676 1712 1725 tamen
1741 1672 1835 1725 uni

256 1771 323 1811 ex
350 1755 694 1826 pedissequis
724 1758 861 1813 meis
892 1760 1155 1829 imperavi
1188 1762 1328 1815 clam
1382 1763 1639 1832 subsequi
1670 1763 1836 1819 vesti-

255 1850 406 1918 gium
460 1849 642 1912 senis,
696 1857 751 1904 et
801 1850 1013 1906 discere
1052 1852 1143 1907 ubi
1192 1863 1456 1910 maneret.
1508 1854 1619 1911 Nos
1653 1864 1832 1910 autem

256 1954 382 1991 cum
422 1939 757 1995 redissemus
785 1942 849 1995 ad
882 1943 1177 2013 hospitium
1205 1984 1219 2008 ,
1252 1947 1628 2002 enarravimus
1654 1947 1835 2001 omnia

258 2029 524 2087 fratribus
549 2048 670 2101 quae
694 2034 854 2089 nobis
882 2050 1006 2089 cum
1036 2052 1168 2092 sene
1195 2036 1381 2092 habita
1410 2047 1559 2105 sunt,
1584 2048 1639 2095 et
1665 2040 1740 2093 ita
1768 2055 1833 2095 ex

255 2138 409 2177 more
433 2124 555 2178 cibo
582 2133 800 2195 sumpto
830 2128 1215 2196 requievimus.

329 2213 592 2271 XXXVII.
625 2215 722 2272 Die
759 2227 938 2273 autem
961 2228 1187 2290 ‘postera
1232 2219 1426 2277 Petrus
1471 2230 1683 2278 mature
1710 2241 1833 2279 sur-

254 2321 393 2375 gens
417 2308 707 2362 suscitavit
730 2326 852 2374 nos,
882 2319 934 2365 et
956 2314 1294 2382 perreximus
1320 2315 1525 2384 pariter
1553 2316 1620 2369 ad
1654 2317 1831 2371 locum

254 2410 552 2461 secretum,
605 2400 662 2454 in
711 2417 820 2470 quo
854 2410 909 2456 et
951 2404 1126 2473 pridie
1154 2406 1418 2461 orationis
1457 2422 1623 2461 causa
1650 2407 1827 2461 fuera—

254 2504 413 2555 mus;
440 2499 603 2561 atque
625 2492 751 2547 inde
775 2502 899 2564 post
928 2497 1232 2551 orationem
1264 2497 1392 2551 dum
1424 2499 1735 2554 veniremus
1764 2500 1831 2553 ad

253 2582 608 2636 constitutam
630 2582 873 2650 domum,
896 2587 951 2640 in
978 2588 1170 2643 itinere
1197 2589 1451 2644 monebat
1474 2605 1596 2655 nos,
1620 2590 1827 2646 dicens:

255 2675 462 2731 Audite
511 2692 620 2742 me,
653 2679 905 2735 conservi
962 2680 1330 2745 dilectissimi,
1382 2681 1584 2735 bonum
1635 2691 1720 2737 est
1774 2692 1833 2736 ut

257 2767 642 2837 unusquisque
662 2776 907 2825 vestrum
937 2772 1237 2826 secundum
1264 2773 1407 2843 quod
1434 2780 1634 2843 potest,
1658 2775 1832 2844 prosit

256 2860 653 2915 accedentibus
705 2862 772 2915 ad
826 2862 986 2916 Iidem
1026 2864 1307 2934 religionis
1348 2871 1570 2934 nostrae,
1626 2874 1679 2920 et
1710 2866 1832 2921 ideo

253 2965 365 3004 non
392 2965 493 3006 vos
547 2952 727 3023 pigeat
764 2954 1064 3009 secundum
1114 2956 1467 3026 sapientiam,
1520 2973 1642 3027 quae
1678 2958 1831 3013 vobis

252 3060 353 3114 per
408 3044 502 3099 Dei
564 3046 963 3115 providentiam
1036 3048 1233 3101 collata
1298 3056 1383 3103 est
1452 3048 1827 3115 disserentes,

1945 556 2297 629 contegeris?
2321 554 2517 610 accede
2539 554 2648 608 huc
2678 555 2873 625 magis,
2905 558 2959 607 et
2987 565 3106 622 quae
3140 550 3236 606 tibi
3261 548 3518 606 videntur

1940 663 2252 720 exsequere.

2024 740 2267 798 XXXIX.
2294 739 2396 795 Ubi
2418 739 2532 794 haec
2562 737 2700 793 dixit
2748 736 2964 800 Petrus,
3004 735 3184 790 statim
3229 734 3404 788 turbat
3432 733 3516 786 lo»

1941 851 2068 890 cum
2106 834 2240 890 dare
2275 841 2562 904 creperum
2592 830 2733 886 seni.
2777 830 3022 899 Cumque
3066 828 3410 895 accessisset,
3437 827 3520 881 ita

1941 927 2141 998 coepit:
2186 925 2385 981 Eorum
2408 940 2527 995 qua:
2549 924 2635 978 die
2662 923 2921 977 hesterno
2970 926 3295 990 prosecutus
3317 925 3402 973 est
3424 918 3515 988 ju-

1942 1021 2121 1084 venis,
2148 1020 2365 1073 etiamsi
2390 1018 2556 1073 verba
2589 1030 2699 1070 non
2728 1013 2972 1076 memini,
3001 1026 3221 1067 sensum
3248 1017 3428 1065 tamen
3460 1019 3514 1064 et

1938 1112 2184 1166 ordinem
2211 1119 2391 1175 teneo,
2452 1116 2507 1164 et
2546 1108 2669 1163 ideo
2702 1105 3074 1161 necessarium
3110 1112 3242 1174 puto
3291 1110 3514 1174 propter

1938 1218 2033 1259 eos
2063 1204 2156 1273 qui
2186 1202 2442 1257 hesterno
2498 1216 2606 1253 non
2671 1197 2989 1263 adfuerunt,
3046 1192 3513 1264 anacephalaeosin

1940 1296 2121 1350 facere
2145 1310 2334 1349 eorum
2370 1308 2491 1363 quae
2546 1293 2694 1346 dicta
2753 1298 2903 1355 sunt,
2935 1297 2989 1344 et
3039 1289 3282 1343 breviter
3311 1293 3513 1341 cuncta

1938 1395 2204 1458 repetere,
2246 1396 2306 1441 ut
2331 1386 2545 1441 etiarnsi
2578 1400 2663 1439 me
2691 1383 2896 1454 aliquid
2928 1380 3198 1451 ell‘ugerit,
3230 1379 3298 1433 ab
3328 1393 3394 1433 eo
3417 1378 3511 1447 qui

1940 1489 2261 1551 prosecutus
2300 1487 2385 1533 est
2420 1485 2688 1549 praesente
2732 1488 3102 1530 commonear.
3134 1470 3234 1525 llic
3256 1484 3385 1541 ergo
3409 1469 3513 1524 fuit

1938 1574 2207 1629 hesternae
2236 1570 2624 1642 disputationis
2664 1583 2880 1631 sensus,
2902 1564 3045 1636 quod
3080 1563 3261 1618 omnia
3284 1576 3405 1632 quae
3428 1561 3513 1614 vi-

1936 1665 2155 1728 dentur,
2194 1664 2455 1735 quoniam
2486 1669 2639 1717 certa
2691 1673 2949 1714 mensura
2980 1665 3033 1712 et
3077 1662 3193 1710 arte
3229 1654 3511 1724 formaque

1939 1773 2003 1813 ac
2031 1756 2214 1828 specie
2246 1763 2523 1819 constant,
2579 1754 2696 1810 sine
2727 1752 2895 1807 dubio
2924 1766 2954 1805 a
3007 1750 3253 1820 sapiente
3306 1747 3511 1800 virtute

1939 1850 2082 1903 facta
2113 1863 2236 1904 esse
2265 1845 2561 1918 [credenda
2591 1850 2755 1911 sunt;
2795 1842 2941 1913 quod
2975 1842 3023 1895 si
3074 1854 3230 1894 mens
3286 1845 3339 1893 et
3369 1838 3511 1891 ratio

1936 1950 2021 1998 est
2058 1956 2178 2011 quae
2212 1941 2326 1994 haec
2358 1939 2620 2001 condidit,
2644 1948 2985 2004 consequens
3010 1930 3152 2003 esse]
3190 1937 3250 1984 ut
3278 1931 3511 1984 rationis

1937 2034 2111 2105 ipsius
2166 2032 2507 2103 providentia
2560 2029 2795 2083 mundus
2832 2031 3072 2097 regatur,
3108 2022 3324 2079 etiamsi
3351 2021 3509 2076 nobis

1936 2142 2001 2180 ea
2030 2140 2150 2196 quae
2174 2133 2437 2195 geruntur
2490 2124 2545 2177 in
2591 2120 2814 2185 mundo,
2869 2119 3051 2172 minus
3081 2123 3229 2170 recte
3284 2113 3398 2185 geri
3429 2113 3508 2167 vi-

1936 2217 2187 2271 deantur.
2226 2215 2596 2284 Consequitur
2628 2220 2829 2275 autem,
2861 2216 2920 2263 ut
2949 2208 2995 2265 si
3025 2214 3241 2262 creator
3265 2205 3508 2260 omnium

1937 2307 2079 2362 Deus
2112 2318 2197 2362 est
2226 2322 2290 2361 ac
2318 2322 2496 2369 mens,
2524 2305 2595 2361 sit
2618 2304 2782 2358 etiam
2807 2302 3027 2372 justus;
3074 2298 3221 2370 quod
3250 2297 3298 2351 si
3323 2297 3508 2367 justus

1935 2404 2040 2462 est,
2093 2397 2408 2453 necessario
2432 2396 2674 2465 judicat;
2701 2394 2747 2448 si
2789 2392 3024 2462 judicat,
3058 2404 3283 2445 necesse
3315 2398 3399 2443 est
3449 2396 3510 2441 ut

1936 2489 2182 2545 homines
2208 2490 2274 2545 de
2290 2490 2406 2544 suis
2437 2488 2652 2542 actibus
2677 2485 3023 2555 judicentur;
3048 2488 3102 2536 et
3130 2481 3176 2535 si
3200 2480 3267 2534 de
3296 2479 3510 2534 actibus

1935 2582 2051 2637 suis
2081 2581 2465 2650 unusquisque
2511 2578 2814 2649 judicatur,
2854 2576 2961 2630 erit
2993 2589 3121 2644 ergo
3165 2572 3308 2626 inter
3328 2571 3509 2640 justos

1934 2680 2333 2742 etpeccatores
2382 2670 2591 2738 justum
2627 2666 2956 2737 quandoque
3008 2662 3326 2718 discrimen.
3384 2659 3512 2714 Haec

1936 2767 2058 2832 fuit,
2085 2772 2145 2819 ut
2172 2764 2388 2833 opinor,
2425 2762 2594 2817 totius
2635 2760 2787 2814 verbi
2819 2757 3175 2813 continentia.

2001 2856 2115 2912 XL.
2149 2855 2205 2910 Si
2242 2870 2372 2926 ergo
2396 2852 2610 2910 ostendi
2644 2859 2831 2922 potest
2875 2850 3021 2919 quod
3057 2864 3210 2903 mens
3248 2862 3313 2903 ac
3368 2847 3511 2902 ratio

1932 2959 2128 3007 cuncta
2155 2950 2481 3014 condiderit,
2537 2961 2881 3016 consequens
2936 2952 3021 2998 est
3082 2954 3135 2997 et
3171 2958 3234 2996 ca
3275 2956 3397 3011 quae
3424 2955 3511 2995 sc-

1932 3054 2179 3115 quuntur
2208 3044 2421 3097 ratione
2453 3050 2506 3096 et
2532 3039 2871 3111 providentia
2888 3037 3021 3108 geri.
3056 3034 3113 3089 Si
3147 3050 3277 3089 vero
3316 3042 3508 3088 natura

252 3137 530 3192 instruere
560 3137 781 3208 ignaros
812 3146 865 3192 et
896 3139 1112 3202 docere,
1140 3140 1215 3194 ita
1268 3148 1450 3195 tamen
1490 3149 1549 3196 ut
1574 3143 1658 3199 his
1714 3160 1829 3214 quaa

1937 3136 2257 3206 imprudens
2291 3142 2343 3189 et
2377 3149 2522 3189 caeca
2555 3132 2726 3202 gignit
2767 3130 3045 3192 universa,
3084 3128 3369 3198 perimitur
3389 3125 3508 3179 sine

253 3243 285 3282 a
310 3244 397 3283 me
442 3228 677 3285 audistis
705 3238 758 3285 et
798 3233 1000 3286 tradita
1048 3240 1178 3286 sunt
1208 3233 1385 3297 vobis,
1418 3235 1587 3289 vestri
1617 3243 1830 3291 tantum

252 3322 527 3377 sermonis
573 3322 938 3392 eloquentiam
996 3325 1238 3379 societis.
1284 3325 1394 3379 Nec
1442 3327 1647 3396 aliquid
1696 3343 1829 3398 pro-

256 3411 439 3481 prium
470 3418 527 3465 et
550 3412 694 3481 quod
745 3413 902 3469 vobis
953 3430 1061 3468 non
1095 3426 1175 3470 est
1233 3415 1489 3470 traditum
1542 3418 1834 3488 proloqua-

258 3503 420 3569 mini,
451 3505 668 3560 etiamsi
707 3506 862 3561 vobis
895 3508 1191 3562 verisimile
1239 3509 1507 3575 videatur,
1544 3511 1635 3563 sed
1659 3526 1743 3571 ea,
1772 3517 1833 3565 ut

254 3595 396 3661 dixi,
446 3611 569 3667 quae
608 3596 724 3666 ipse
777 3612 807 3650 a
868 3614 999 3653 vero
1056 3599 1317 3671 prepheta
1367 3611 1621 3671 suscepta
1675 3603 1830 3659 vobis

254 3687 482 3753 tradidi,
513 3690 949 3760 prosequamini,
982 3692 1193 3746 etiamsi
1227 3694 1408 3747 minus
1439 3695 1611 3764 plenae
1655 3711 1833 3750 asser-

248 3779 419 3833 tionis
442 3795 565 3836 esse
590 3782 939 3837 videbuntur.
998 3782 1136 3836 Hinc
1187 3785 1332 3838 enim
1386 3801 1528 3856 saepe
1566 3787 1831 3858 contingit

249 3867 528 3925 declinare
554 3870 818 3939 quosdam
841 3885 871 3923 a
894 3872 1144 3936 veritate,
1176 3872 1304 3925 dum
1334 3874 1569 3944 speciem
1606 3877 1706 3930 sibi
1738 3894 1831 3932 ve-

250 3959 421 4014 rioris
449 3966 504 4014 et
534 3961 817 4016 validioris
844 3962 1113 4027 veritatis,
1145 3965 1379 4034 prepriis
1408 3966 1829 4038 cogitationibus

252 4047 532 4116 reperisse
571 4064 630 4103 se
664 4049 917 4104 credunt.

328 4136 616 4193 XXXVIII.
652 4139 749 4193 His
789 4155 820 4193 a
846 4139 1008 4195 Petro
1049 4141 1212 4199 dictis
1246 4143 1481 4200 libenter
1510 4148 1826 4212 annuimus,

247 4225 498 4281 dicentes
521 4229 593 4291 ei,
620 4230 760 4283 nihil
804 4246 908 4285 nos
959 4240 1197 4297 acturos,
1233 4236 1338 4290 nisi
1370 4237 1514 4306 quod
1544 4239 1646 4307 ipsi
1679 4240 1830 4296 vide-

254 4327 433 4374 retur.
467 4319 604 4374 Tum
637 4323 727 4377 ille
756 4342 769 4376 :
797 4322 1032 4396 Utergo,
1055 4325 1250 4394 inquit,
1277 4327 1394 4383 sine
1418 4331 1655 4398 periculo
1675 4347 1829 4386 exer-

246 4412 510 4475 ceamini,
545 4428 632 4467 me
664 4429 851 4468 coram
887 4415 1163 4486 disputate
1215 4420 1435 4489 singuli,
1492 4421 1566 4475 ita
1598 4431 1654 4475 ut
1684 4438 1828 4476 unus

1933 3227 2101 3282 dubio
2154 3225 2349 3295 judicii
2380 3224 2540 3289 ratio,
2578 3238 2679 3277 nec
2734 3221 3010 3276 discussio
3040 3226 3385 3289 peccatorum
3442 3232 3508 3271 ac

1932 3316 2341 3373 benefactorum
2397 3314 2764 3370 remuneratio
2823 3310 3151 3381 sperabitur,
3203 3306 3298 3360 ubi
3338 3305 3508 3375 judex

1932 3425 2041 3464 non
2071 3417 2172 3464 est.
2208 3407 2346 3474 Quia
2377 3422 2506 3477 ergo
2541 3406 2723 3460 omnia
2770 3405 2826 3458 in
2886 3403 2987 3457 hoc
3020 3398 3256 3470 pendent
3281 3406 3336 3451 et
3378 3397 3509 3451 huic

1933 3504 2095 3574 capiti
2133 3504 2433 3568 adhaerent,
2484 3517 2595 3556 non
2648 3499 3030 3567 indignemini,
3082 3498 3127 3551 si
3177 3494 3315 3549 forte
3345 3495 3506 3564 paulo

1932 3600 2094 3654 latius
2128 3600 2328 3654 discuti
2362 3600 2479 3653 haec
2515 3605 2569 3653 et
2630 3596 2951 3667 pertractari
3000 3594 3243 3649 voluero.
3287 3592 3345 3646 In
3403 3592 3507 3645 hoc

1931 3695 2076 3749 enim
2105 3694 2235 3747 mihi
2266 3694 2332 3747 ad
2363 3692 2544 3747 omnia
2576 3707 2697 3761 qua:
2726 3696 3131 3760 proponuntur,
3152 3685 3299 3740 velut
3330 3685 3505 3755 prima

1927 3785 2097 3854 janua
2125 3783 2420 3847 clauditur,
2452 3791 2506 3838 et
2536 3783 2660 3837 ideo
2683 3782 2825 3835 hanc
2850 3779 2980 3833 mihi
3018 3788 3142 3832 ante
3167 3776 3349 3832 omnia
3384 3791 3507 3847 ape-

1929 3876 2029 3929 riri
2061 3876 2204 3930 volo.
2238 3873 2395 3931 Nunc
2419 3891 2550 3946 ergo
2580 3873 2761 3927 audite
2796 3887 2916 3941 quae
2966 3873 3157 3936 doceo,
3191 3876 3245 3923 et
3278 3884 3505 3938 respon—

1930 3968 2057 4022 deat
2078 3968 2213 4023 mibi
2244 3968 2290 4023 si
2313 3968 2439 4038 quis
2452 3974 2693 4020 vestrum
2711 3964 2883 4028 volet;
2910 3978 3017 4015 non
3032 3962 3174 4016 enim
3187 3959 3503 4015 erubescam

1930 4060 2163 4120 discere.
2200 4060 2247 4115 si
2270 4058 2496 4113 audiero
2526 4056 2671 4127 quod
2691 4070 2881 4109 verum
2911 4059 3094 4116 est,et
3125 4058 3272 4105 recte
3295 4050 3501 4103 dicenti

1929 4152 2302 4222 acquiescere.
2335 4149 2504 4220 Igitur
2547 4149 2805 4203 hesterno
2854 4159 2883 4198 a
2936 4152 2987 4198 te
3042 4143 3262 4197 habitus
3296 4157 3498 4203 sermo,

1928 4245 2021 4315 qui
2055 4243 2336 4299 asserebat
2368 4241 2513 4313 quod
2543 4248 2659 4295 arte
2688 4246 2742 4295 et
2769 4251 3024 4292 mensura
3053 4244 3107 4291 et
3132 4237 3343 4289 ratione
3365 4249 3503 4287 cun-

1929 4327 2016 4390 cta
2046 4341 2381 4397 constarent,
2416 4348 2523 4387 non
2563 4330 2719 4386 valde
2768 4346 2852 4384 me
2884 4328 3110 4388 suadet,
3144 4332 3379 4379 mentem
3413 4340 3501 4378 ra-

1932 4427 2248 4495 tionemque
2281 4440 2403 4480 esse
2424 4439 2546 4495 quae
2572 4423 2761 4478 fecerit
2810 4420 3106 4482 mundum;
3154 4418 3323 4470 multa
3354 4417 3498 4470 enim

246 4502 344 4556 alii
375 4504 634 4559 succedat
663 4520 727 4559 ac
757 4522 887 4563 suas
920 4510 1295 4579 unusquisque
1317 4511 1549 4581 explicet
1570 4513 1826 4583 quaestio-
1857 4490 1902 4545 D
1927 4518 2123 4579 habeo,
2155 4490 2276 4587 quae
2305 4490 2589 4572 ostendam
2613 4514 2942 4584 competenti
2967 4525 3220 4565 mensura
3241 4524 3304 4563 ac
3328 4507 3501 4563 forma

244 4609 368 4649 nes.
405 4594 560 4651 Nunc
588 4612 719 4668 ergo
742 4600 1002 4669 quoniam
1033 4602 1294 4657 hesterno
1333 4604 1420 4658 die
1457 4604 1646 4659 Niceta
1684 4606 1826 4661 διιΠί-

245 4687 458 4741 cienter
478 4688 757 4753 disseruit,
789 4690 954 4745 hodie
977 4707 1285 4747 sermonem
1312 4694 1474 4749 faciat
1506 4697 1721 4765 Aquila,
1769 4702 1823 4751 et

244 4774 375 4846 post
403 4776 651 4846 Aquilam
673 4779 945 4845 Clemens,
974 4782 1099 4836 inde
1117 4798 1238 4853 ego.
1265 4785 1309 4840 si
1341 4793 1521 4840 tamen
1549 4788 1712 4841 etiam
1736 4804 1822 4844 me

243 4885 338 4924 res
370 4872 679 4939 poposcerit
710 4874 915 4943 aliquid
937 4875 1152 4931 addere.
1174 4874 1385 4931 Interea
1411 4877 1538 4932 dum
1567 4878 1824 4948 hujusce-

246 4961 397 5013 modi
426 4977 706 5018 sermones
737 4965 1020 5027 credimus,
1051 4967 1117 5021 ad
1149 4967 1369 5021 domum
1398 4977 1621 5023 ventum
1653 4979 1737 5025 est
1764 4971 1821 5025 in

244 5066 361 5121 qua
390 5054 698 5124 suscipiens
723 5072 827 5111 nos
859 5059 1275 5127 paterfamilias,
1302 5061 1601 5115 introducit
1639 5062 1708 5116 ad
1736 5062 1819 5116 lo—

243 5158 374 5197 cum
401 5148 689 5215 quemdam
719 5149 774 5203 in
806 5150 1218 5205 similitudinem
1275 5152 1476 5206 theatri
1527 5154 1816 5208 collectum

241 5242 301 5288 et
326 5237 551 5304 pulchre
579 5240 994 5307 exatdificatum,
1054 5244 1109 5297 in
1161 5259 1270 5313 quo
1318 5245 1506 5299 turbas
1544 5246 1812 5315 plurimas

240 5341 313 5381 ex
345 5333 588 5398 tempore
613 5332 793 5386 noctis
823 5332 1169 5403 opperientes
1198 5350 1297 5388 nos
1325 5336 1650 5404 reperimus,
1677 5336 1822 5391 inter

239 5432 387 5487 quos
416 5428 470 5474 et
498 5436 665 5476 senex
721 5425 813 5492 qui
868 5426 1043 5495 pridie
1083 5427 1368 5480 nobiseum
1423 5428 1813 5498 disputaverat.

240 5507 436 5580 Itaque
466 5515 704 5569 medium
736 5517 1001 5573 habentes
1023 5517 1242 5572 Petrum
1282 5519 1623 5587 ingredimur
1651 5524 1818 5578 etiam

238 5614 380 5662 nos,
411 5604 924 5673 circumspicientes
979 5609 1154 5664 sicubi
1200 5625 1551 5666 cerneremus
1597 5626 1817 5681 senem;

238 5704 411 5761 quem
449 5696 599 5763 prior
626 5695 822 5755 Petrus
851 5699 1044 5755 videns
1075 5701 1129 5755 in
1182 5702 1362 5756 medio
1398 5702 1572 5758 turbae
1597 5705 1819 5760 latitan—

240 5790 359 5838 tem
386 5788 635 5842 evocavit
668 5788 734 5845 ad
765 5807 847 5852 se.
879 5792 1066 5849 dicens
1098 5811 1111 5847 :
1147 5792 1445 5851 Clariorem
1490 5796 1677 5853 multis
1700 5796 1817 5852 aui-

1924 4616 1979 4663 et
2010 4609 2191 4678 specie
2224 4615 2499 4671 constare,
2539 4620 2639 4660 nec
2669 4612 2849 4658 tamen
2884 4618 2984 4673 per
3016 4609 3249 4656 mentem
3282 4599 3499 4654 condita

1924 4714 1990 4755 ac
2019 4700 2307 4753 rationem.
2348 4696 2485 4752 Tum
2513 4703 2771 4766 praeterea
2802 4693 2959 4748 video
2990 4692 3157 4745 multa
3198 4688 3496 4754 incondite,

1924 4791 2401 4858 inconsequenter,
2430 4787 2632 4856 injuste
2664 4788 2779 4855 geri
2811 4785 2864 4838 in
2915 4783 3140 4848 mundo,
3168 4789 3223 4836 et
3252 4782 3371 4835 sine
3405 4793 3501 4848 ge-

1923 4881 2075 4935 nesis
2117 4895 2284 4935 cursu
2326 4879 2461 4934 nihil
2514 4878 2628 4933 ﬁeri
2684 4892 2883 4947 posse;
2945 4874 3094 4945 quod
3145 4883 3268 4945 post
3313 4872 3498 4928 omnia

1922 4972 2085 5023 etiam
2120 4986 2185 5026 ex
2218 4986 2302 5025 me
2328 4971 2449 5040 ipso
2483 4968 2927 5023 manifestissime
2962 4966 3299 5037 approbabo.

1994 5060 2130 5117 XLI.
2165 5059 2290 5116 Haec
2335 5076 2459 5115 cum
2491 5074 2656 5114 senex
2685 5060 2909 5122 diceret,
2947 5059 3140 5128 Aquila
3172 5056 3491 5125 respondit:

1924 5152 2190 5220 Quoniam
2215 5153 2330 5222 ipse
2357 5150 2709 5220 proposuisti,
2743 5157 2801 5203 ut
2829 5148 2895 5201 ad
2927 5158 2989 5202 ea
3013 5162 3134 5217 qua:
3155 5146 3365 5200 diceres
3398 5145 3496 5198 ha-

1920 5244 2074 5299 beret
2099 5245 2309 5314 cepiam
2335 5241 2701 5311 respondendi
2746 5241 2837 5311 qui
2885 5239 3035 5302 velit,
3085 5236 3337 5293 concedit
3361 5236 3493 5290 mihi

1922 5334 2091 5389 frater
2121 5350 2277 5390 meus
2308 5333 2497 5389 Niceta
2523 5332 2682 5387 hodie
2716 5331 2895 5386 facere
2927 5343 3258 5385 sermonem.
3312 5326 3379 5381 Et
3406 5343 3493 5382 se-

1924 5441 2029 5480 nex
2060 5444 2073 5479 :
2111 5424 2470 5495 Prosequere,
2504 5425 2600 5487 ait,
2628 5424 2798 5486 ﬁli,ut
2818 5424 2922 5477 vis.
2950 5421 3016 5474 Et
3043 5420 3236 5491 Aquila
3263 5433 3492 5491 respon-

1920 5524 2052 5579 dit:
2112 5521 2417 5577 Promisisti
2474 5520 2619 5591 quod
2679 5518 2999 5574 ostenderes
3050 5516 3217 5569 multa
3270 5528 3394 5568 esse
3434 5514 3487 5566 in

1919 5613 2159 5675 mundo,
2193 5629 2312 5683 qua:
2360 5611 2588 5666 formam
2644 5625 2707 5664 ac
2756 5609 2990 5679 speciem
3045 5607 3236 5677 aequali
3282 5604 3489 5659 ratione

1921 5707 2205 5760 collectam
2230 5710 2442 5774 gerant,
2475 5718 2596 5772 qua:
2629 5710 2808 5756 tamen
2839 5706 3053 5754 constet
3074 5714 3182 5752 non
3212 5697 3355 5751 effici
3392 5712 3488 5765 per

1920 5794 2258 5851 conditorem
2316 5792 2505 5847 Deum.
2559 5791 2712 5846 Nunc
2769 5804 2899 5861 ergo
2944 5787 3091 5860 quod
3151 5786 3485 5862 promisisti,
