3888 6192
434 324 566 381 1391

1287 322 1344 379 S.
1383 321 1779 380 CLEMENTIS
1807 322 1827 378 I
1860 322 2028 380 ROM.
2071 323 2274 384 PONT.
2312 322 2542 381 OPEBA
2580 324 2810 383 DUBIA.

3539 326 3654 383 139!

430 441 687 499 ostende.
724 438 790 495 Et
816 454 1015 497 senex:
1049 438 1189 495 Ecce
1246 454 1436 494 arcum
1478 438 1727 493 videmus
1775 438 1831 493 in
1866 440 2009 493 cmlo
2039 456 2085 506 Α
2116 439 2313 493 Iiorum
2363 447 2582 494 textura
2628 448 2683 495 et
2731 438 2800 494 de
2850 437 3034 509 parvis
3072 436 3402 493 animalibus
3446 437 3654 505 colligis,

432 535 701 590 circulum
739 542 923 589 tenere
971 533 1118 587 omni
1161 546 1416 586 mensura
1459 532 1749 586 collectum
1782 530 1919 601 (76),
1962 540 2016 586 et

436 625 642 682 habere
673 625 908 696 speciem
935 624 1075 689 veri,
1107 637 1270 694 quam
1291 622 1542 678 fortassis
1570 638 1669 677 nec
1702 637 1860 677 mens
1880 638 2017 676 con-

437 716 569 772 dere
600 731 700 771 nec
730 716 1043 772 describere
1079 716 1219 769 ratio
1248 715 1535 784 potuisset,
1580 728 1680 769 nec
1715 720 1899 768 tamen
1930 714 2019 767 hic

438 810 509 865 ab
530 809 710 879 aliqua
742 819 923 863 mente
966 808 1045 863 ﬁt.
1082 806 1223 862 Ecce
1252 808 1309 861 in
1355 807 1505 861 brevi
1528 813 1704 859 totum
1736 806 2017 876 proposui,

438 900 710 970 responde
742 900 807 953 ad
841 900 977 954 haac.

508 987 671 1044 XLII.
729 987 865 1042 Tum
921 988 1156 1059 Aquila:
1209 986 1328 1044 Non
1383 988 1682 1051 continuo,
1737 987 1938 1057 inquit,
1972 986 2021 1044 si

438 1078 573 1151 quid
600 1094 668 1135 ex
698 1088 825 1149 typo
851 1086 905 1133 et
936 1078 1110 1133 forma
1143 1079 1492 1149 exprimitur,
1528 1078 1588 1134 id
1626 1078 1957 1150 intelligitur
1989 1091 2020 1131 a

440 1173 656 1229 ratione
683 1188 807 1228 esse
832 1187 895 1227 ac
928 1172 1049 1227 sine
1069 1180 1251 1228 mente
1274 1188 1384 1227 non
1414 1172 1737 1243 ﬁeriposse,
1762 1172 2023 1243 quoniam

440 1272 606 1336 typus
635 1264 751 1335 ipse
775 1264 869 1335 qui
900 1263 1159 1335 exprimit
1176 1262 1381 1335 ﬁguras
1415 1277 1482 1317 ac
1511 1262 1739 1325 formas.
1774 1277 1884 1317 non
1906 1264 2025 1317 sine

442 1364 627 1412 mente
660 1355 838 1411 factus
883 1364 993 1413 est.
1034 1354 1199 1411 Verbi
1256 1370 1448 1419 causa,
1499 1369 1628 1409 cera
1680 1354 1729 1410 si
1775 1352 2023 1423 alligatur

445 1450 661 1520 sculpta
688 1449 917 1511 annulo,
955 1448 1249 1520 imaginem
1272 1448 1497 1519 quidem
1526 1458 1581 1503 et
1613 1446 1840 1518 ﬁguram
1859 1447 2025 1501 sumit

443 1554 512 1595 ex
554 1542 780 1604 annulo,
829 1542 922 1611 qui
956 1542 1077 1596 sine
1109 1541 1278 1596 dubio
1309 1556 1474 1597 sensu
1508 1551 1679 1606 caret,
1721 1538 1817 1597 sed
1849 1554 2026 1593 annu-

442 1631 531 1688 lus
558 1634 650 1703 qui
704 1635 959 1704 exprimit
994 1632 1247 1704 eﬁigiem,
1284 1648 1449 1688 manu
1491 1632 1721 1687 artiﬁcis
1774 1633 2025 1705 sculptus

442 1734 547 1787 est,
576 1733 631 1780 et
665 1742 819 1782 mens
854 1725 958 1781 fuit
991 1741 1053 1780 ac
1083 1726 1243 1790 ratio,
1280 1742 1401 1797 qum
1452 1734 1637 1797 typum
1690 1727 1895 1782 annulo
1928 1728 2026 1783 de-

442 1818 541 1873 dit.
582 1819 661 1873 lta
694 1835 826 1890 ergo
858 1827 913 1875 et
936 1835 1101 1876 arcus
1127 1821 1450 1891 exprimitur
1478 1822 1533 1875 in
1564 1836 1721 1888 aere;
1765 1822 1849 1877 sol
1878 1824 2024 1878 enim

444 1908 687 1965 nubibus
721 1910 1134 1966 rarescentibus
1189 1910 1376 1966 radios
1430 1925 1563 1966 suos
1597 1911 1939 1982 imprimens,
1969 1921 2026 1967 et

444 1998 661 2054 humori
703 2000 893 2055 nubilo
944 2000 1095 2055 velut
1126 2015 1267 2055 cera
1300 2000 1451 2054 molli
1486 2000 1713 2071 afﬁgens
1759 2002 1909 2058 orbis
1940 2003 2026 2058 sui

441 2098 655 2163 typum,
683 2106 847 2147 arcus
881 2093 1118 2163 speciem
1144 2093 1343 2158 reddit,
1378 2100 1433 2147 et
1473 2092 1643 2148 efﬁcit
1676 2092 1781 2149 hoc
1805 2094 1942 2164 ipsa,
1967 2101 2027 2150 ut

442 2182 579 2246 dixi,
614 2186 963 2253 repercussio
998 2185 1311 2256 splendoris
1337 2186 1470 2241 solis
1501 2186 1556 2241 in
1582 2185 1844 2249 nubibus,
1863 2193 2026 2256 atque

442 2291 511 2330 ex
545 2276 653 2330 illis
710 2275 980 2347 fulgorem
1015 2278 1208 2333 circuli
1257 2277 1378 2347 ejus
1416 2279 1673 2334 reddens.
1723 2277 1810 2333 Fit
1844 2287 2024 2336 autem

447 2367 555 2424 hoc
603 2385 713 2425 non
773 2386 1027 2441 semper,
1099 2372 1195 2428 sed
1242 2387 1368 2427 cum
1420 2372 1885 2443 opportunitatem
1942 2373 2023 2429 sui

447 2460 717 2517 humecta
747 2463 924 2518 nubes
975 2464 1309 2519 rarescendo
1343 2465 1720 2535 prastiterint.
1773 2461 1931 2519 Unde
1973 2472 2029 2519 et

442 2567 640 2608 rursus
662 2568 786 2607 cum
820 2553 1125 2609 densantur
1140 2556 1317 2612 nubes
1345 2564 1399 2611 et
1427 2565 1646 2622 coeunt,
1673 2573 1836 2612 arcus
1853 2555 2027 2611 forma

444 2643 742 2697 resolvitur
768 2651 824 2698 et
850 2646 1131 2708 exolescit,
1168 2646 1404 2717 denique
1434 2664 1715 2719 nunquam
1740 2649 1858 2703 sine
1914 2648 2029 2704 sole

445 2742 501 2790 et
536 2734 779 2790 nubibus
830 2750 991 2791 arcus
1025 2745 1273 2808 apparet,
1328 2739 1474 2794 sicut
1504 2756 1605 2795 nec
1635 2741 1754 2796 sine
1806 2750 1935 2812 typo
1974 2747 2029 2796 et

446 2841 574 2882 cera
604 2827 689 2883 vel
713 2828 818 2882 alia
852 2828 1169 2899 hujusmodi
1206 2833 1434 2887 materia
1466 2834 1794 2903 exprimitur
1826 2834 2026 2905 imago.

446 2919 567 2978 Non
597 2938 727 2993 ergo
749 2925 948 2977 mirum
979 2930 1085 2987 est,
1134 2925 1181 2979 si
1211 2924 1465 2979 conditor
1494 2922 1637 2978 Deus
1668 2939 1734 2978 ex
1760 2923 1917 2979 initio
1946 2923 2026 2980 fe-

447 3014 525 3069 cit
566 3022 749 3087 typos,
782 3031 846 3071 ex
882 3017 1083 3087 quibus
1137 3032 1284 3071 nunc
1333 3017 1521 3071 formae
1562 3016 1937 3085 exprimantur
1964 3032 2027 3073 ac

452 3108 685 3177 species.
722 3107 910 3164 Simile
946 3118 1125 3163 autem
1168 3109 1271 3163 hoc
1322 3115 1377 3163 et
1411 3108 1508 3173 illi,
1550 3108 1697 3178 quod
1752 3108 1820 3163 ab
1870 3108 2028 3163 initio

449 3194 597 3251 Deus
618 3198 887 3252 elementa
916 3197 1258 3253 insensibilia
1290 3199 1516 3261 creavit,
1567 3199 1770 3269 quibus
1798 3198 1863 3253 ad
1905 3199 2035 3253 reli-

450 3304 557 3361 qua
582 3289 764 3344 omnia
796 3288 1079 3343 formanda
1103 3299 1154 3343 et
1182 3290 1504 3359 explicanda
1550 3298 1819 3345 uteretur.
1851 3289 1954 3346 Sed
1984 3300 2038 3348 ct

451 3381 545 3451 qui
572 3387 785 3435 statuas
813 3379 1053 3434 formant
1077 3420 1091 3442 ,
1145 3388 1331 3451 typum
1360 3380 1513 3451 prius
1542 3382 1638 3435 luti
1666 3382 1747 3436 vel
1775 3396 1914 3437 cerae
1943 3382 2039 3437 ﬁn-

452 3483 607 3546 gunt,
637 3482 691 3529 et
716 3491 781 3530 ex
808 3475 928 3545 ipso
954 3473 1204 3530 redditur
1229 3482 1423 3531 statua:
1446 3473 1813 3544 efﬁgies;tum
1841 3477 2039 3532 deinde

460 3577 516 3624 et
544 3568 738 3624 umbra
767 3568 1015 3623 redditur
1040 3585 1106 3623 ex
1132 3575 1335 3633 statua,
1366 3583 1486 3638 quae
1510 3568 1703 3622 umbra
1732 3583 1831 3638 per
1854 3570 2040 3623 omnia

458 3658 691 3715 formam
721 3676 784 3715 ac
811 3660 1226 3716 similitudinem
1262 3668 1457 3716 statuae
1503 3660 1662 3730 gerit.
1712 3658 1855 3726 Quid
1902 3676 2036 3731 ergo

453 3752 701 3807 dicemus
724 3752 1094 3807 insensibilem
1119 3760 1357 3807 statuam
1381 3750 1619 3806 formare
1642 3752 2039 3816 umbram,tam

455 3844 701 3914 diligenti
728 3858 892 3914 quam
921 3846 1038 3914 ipsa
1064 3850 1245 3899 statua
1273 3850 1357 3898 est
1384 3843 1598 3898 ratione
1620 3844 1946 3899 collectam?
1969 3860 2040 3900 an

458 3935 535 3990 illi
577 3936 696 3991 sine
722 3936 892 3990 dubio
948 3935 1259 3990 ascribetur
1288 3935 1495 3991 umbrae
1538 3936 1821 4002 collectio,
1868 3938 1961 4007 qui
1986 3945 2041 3992 et

456 4034 695 4083 statuam
722 4026 918 4081 ﬁnxit?

530 4119 714 4175 XLIII.
748 4118 803 4173 Si
848 4118 1099 4189 ergotibi
1126 4118 1344 4174 videtur
1380 4118 1483 4173 hoc
1509 4119 1583 4172 ita
1630 4135 1689 4175 se
1736 4119 1938 4177 habere
1986 4130 2041 4178 et

458 4216 662 4272 sufﬁcit
686 4213 832 4285 quod
859 4212 926 4269 de
976 4212 1080 4268 hoc
1106 4212 1309 4267 dictum
1338 4221 1443 4276 est,
1470 4213 1538 4267 ad
1565 4214 1669 4267 alia
1714 4214 2042 4283 inquirenda

456 4310 770 4375 veniamus;
801 4316 894 4362 aut
920 4306 962 4361 si
992 4306 1197 4378 aliquid
1249 4306 1429 4362 adhuc
1455 4306 1647 4362 deesse
1670 4316 1854 4377 putas,
1884 4324 2042 4378 repe-

458 4410 659 4457 tamus.
689 4399 755 4454 Et
779 4416 945 4457 senex
970 4400 1048 4454 ait
1076 4419 1088 4454 :
1116 4398 1253 4454 Volo
1281 4407 1341 4454 ut
1388 4406 1606 4469 repetas
1633 4398 1700 4454 de
1731 4400 1854 4465 hoc,
1907 4411 2040 4457 sunt

2118 531 2265 603 quod
2292 547 2357 587 ex
2388 533 2475 586 his
2503 530 2637 585 fides
2659 532 2821 586 etiam
2848 530 3169 586 melioribus
3219 529 3522 599 deroganda
3566 530 3656 592 sit;

2120 625 2214 680 sed
2243 640 2351 678 non
2377 632 2431 678 te
2456 624 2562 679 ista
2586 622 2879 693 decipiant,
2898 628 2957 676 ut
2985 629 3140 693 putes
3156 623 3312 692 quasi
3325 620 3528 676 duabus
3548 621 3659 676 solis

2120 714 2377 769 manibus
2402 720 2719 784 operantem
2744 712 2913 768 Deum
2939 728 3047 767 non
3076 727 3241 782 posse
3263 712 3513 766 universa
3532 725 3661 765 com-

2121 804 2269 873 plere
2290 818 2413 873 qua:
2457 802 2614 867 ﬁunt,
2648 803 2744 859 sed
2790 810 3063 857 memento
3109 802 3383 873 quomodo
3428 802 3662 856 hesterno

2121 895 2222 950 tibi
2248 894 2417 951 frater
2441 911 2596 951 meus
2622 894 2811 950 Niceta
2836 894 3137 966 respondit,
3152 903 3208 950 et
3226 896 3541 964 mysterium
3556 904 3665 948 ante

2121 995 2340 1059 tempus
2366 987 2582 1058 aperuit
2625 1002 2754 1043 vere
2806 988 2967 1058 quasi
3014 1002 3139 1043 cum
3165 996 3317 1058 patre
3363 986 3599 1056 loquens,
3620 992 3667 1039 et

2122 1095 2223 1135 cur
2245 1089 2302 1135 et
2326 1079 2603 1152 quomodo
2626 1080 2758 1135 ﬁant
2784 1080 2901 1136 hac
2920 1096 3042 1151 qua:
3069 1080 3280 1135 inutilia
3306 1078 3567 1141 videntur,
3587 1093 3668 1133 ex-

2122 1172 2326 1243 posuit.

2193 1262 2378 1321 XLIV.
2407 1263 2474 1319 Et
2500 1280 2667 1322 senex
2697 1283 2710 1321 :
2735 1264 2847 1321 Cur
2872 1265 2977 1320 ista
3004 1263 3218 1320 inutilia
3239 1264 3519 1319 voluntate
3543 1262 3669 1317 illius

2125 1371 2353 1413 summie
2376 1359 2575 1414 mentis
2596 1358 2749 1422 ﬁant,
2784 1360 2945 1413 velim
2972 1373 3002 1412 a
3030 1367 3085 1413 te
3131 1357 3340 1413 audire.
3390 1355 3470 1420 Si,
3498 1357 3670 1427 inquit,

2124 1446 2333 1517 liquido
2377 1449 2521 1519 apud
2549 1456 2603 1504 te
2632 1456 2874 1513 constat,
2923 1449 3071 1520 quod
3116 1449 3318 1505 mentis
3364 1457 3420 1505 et
3464 1448 3672 1505 rationis

2124 1554 2263 1612 opus
2294 1541 2501 1613 inipsis
2527 1551 2631 1606 est,
2659 1549 2773 1598 tum
2819 1542 3038 1598 demum
3082 1544 3181 1599 tibi
3227 1544 3391 1599 etiam
3430 1558 3527 1598 cur
3555 1543 3673 1598 facta

2126 1639 2276 1695 sunt,
2305 1632 2487 1689 dicere
2536 1648 2646 1689 non
2701 1634 2906 1705 pigebit
2950 1641 3007 1689 et
3046 1633 3197 1705 quod
3227 1634 3379 1705 juste
3406 1634 3543 1689 facta
3581 1635 3675 1690 sint

2126 1724 2382 1781 edocere.
2409 1724 2490 1780 Ad
2522 1725 2639 1781 haec
2685 1742 2850 1783 senex
2903 1727 3230 1796 respondit:
3285 1726 3405 1782 Non
3454 1743 3673 1799 possum.

2058 1805 2101 1865 Β
2129 1817 2225 1881 ﬁli,
2263 1832 2327 1872 ea
2353 1832 2474 1888 quae
2496 1816 2751 1873 videntur
2798 1834 2866 1873 ex
2911 1827 3029 1874 arte
3082 1818 3369 1883 formata,~
3396 1820 3568 1875 dicere
3588 1834 3675 1890 per

2061 3152 2102 3209 C

2126 1918 2361 1965 mentem
2392 1908 2531 1974 ﬁeri,
2566 1918 2792 1981 propter
2840 1917 3036 1966 caetera
3079 1926 3202 1981 qua:
3236 1912 3443 1981 injuste
3476 1918 3525 1966 et
3550 1913 3678 1965 inor-

2127 2002 2312 2058 dinate
2340 2001 2455 2058 ﬁeri
2483 2002 2731 2059 videmus
2753 2004 2808 2057 in
2853 2003 3078 2059 mundo.
3104 2003 3162 2058 Si
3188 2011 3263 2067 te,
3290 2005 3469 2074 inquit
3488 2003 3678 2073 Aquila,

2127 2110 2189 2149 ea
2219 2110 2339 2165 qua:
2360 2094 2673 2150 inordinate
2704 2095 2862 2159 ﬁunt,
2908 2096 3091 2151 dicere
3117 2097 3261 2166 quod
3290 2114 3388 2167 per
3412 2098 3680 2152 Providen-

2127 2185 2259 2239 tiam
2298 2184 2391 2242 Dei
2421 2184 2566 2240 facta
2602 2186 2709 2242 sint
2747 2200 2857 2241 non
2886 2186 3095 2250 sinunt,
3124 2203 3226 2243 cur
3250 2204 3363 2243 non
3389 2204 3453 2244 ea
3476 2204 3586 2260 qua:
3606 2203 3682 2241 or.

2129 2277 2317 2335 dinate
2343 2278 2501 2342 ﬁunt,
2528 2279 2712 2336 dicere
2734 2289 2787 2334 te
2811 2280 2956 2351 quod
2983 2295 3014 2334 a
3045 2279 3154 2337 Deo
3176 2281 3316 2337 facta
3344 2284 3455 2338 sint
3481 2290 3680 2353 cogunt.

2129 2379 2183 2426 et
2215 2372 2343 2443 quia
2378 2373 2780 2429 irrationabilis
2803 2382 3001 2428 natura
3060 2388 3200 2444 opus
3225 2376 3546 2431 rationabile
3573 2390 3681 2447 pro-

2129 2461 2274 2519 ferre
2320 2479 2431 2519 non
2467 2465 2685 2529 possit?
2730 2462 2959 2521 Certum
3002 2474 3088 2521 est
3132 2466 3301 2530 enim,
3356 2482 3461 2522 nec
3491 2467 3685 2521 omnino

2129 2570 2415 2626 negamus,
2468 2556 2598 2627 quia
2650 2556 2705 2611 in
2750 2556 2857 2612 hoc
2906 2556 3110 2612 mundo
3154 2557 3406 2628 quadam
3444 2560 3682 2619 ordinate,

2130 2646 2376 2717 quadam
2432 2648 2739 2704 inordinate
2791 2650 2953 2715 fiant;
2996 2664 3060 2703 ea
3108 2664 3239 2720 ergo
3294 2667 3422 2720 quae
3473 2651 3685 2705 rationa-

2129 2738 2316 2794 biliter
2366 2739 2522 2805 ﬁunt,
2563 2740 2727 2796 crede
2781 2740 2928 2811 quod
2978 2756 3075 2812 per
3119 2744 3522 2798 Providentiam
3554 2744 3681 2804 ﬁant,

2129 2847 2251 2902 qua:
2304 2846 2435 2887 vero
2482 2832 2934 2888 irrationabiliter
2971 2843 3027 2888 et
3072 2834 3387 2891 inordinate
3412 2875 3427 2899 ,
3460 2836 3577 2905 quia
3599 2848 3683 2888 nec

2130 2924 2379 2979 turaliter
2430 2927 2685 2979 eveniant
2734 2933 2788 2980 et
2840 2925 3067 2980 fortuito
3109 2928 3383 2985 accidant.
3425 2927 3579 2981 Miror
3602 2941 3684 2978 au-

2130 3021 2240 3071 tem
2294 3032 2403 3071 non
2457 3016 2743 3071 advertere
2795 3017 3065 3080 homines,
3092 3019 3221 3088 quia
3270 3020 3364 3074 ubi
3392 3035 3575 3075 sensus
3596 3025 3682 3075 est.

2136 3113 2369 3177 possunt
2397 3122 2486 3163 res
2517 3106 2769 3162 ordinate
2807 3107 2920 3162 ﬁeri
2952 3117 3006 3163 et
3033 3107 3369 3174 inordinate,
3405 3109 3493 3162 ubi
3528 3115 3680 3160 autem

2140 3200 2323 3255 nullus
2353 3207 2439 3255 est
2476 3214 2692 3264 sensus,
2722 3209 2977 3255 neutrum
3006 3202 3231 3256 omnino
3270 3200 3438 3265 efﬁci;
3478 3216 3590 3255 nam
3616 3213 3686 3251 ra-

2140 3290 2218 3344 tio
2247 3289 2497 3345 ordinem
2529 3290 2679 3357 facit,
2711 3292 2923 3346 ordinis
2953 3298 3135 3345 autem
3183 3306 3408 3353 cursus,
3434 3290 3478 3345 si
3499 3295 3687 3343 contra-

2140 3382 2286 3437 rium
2322 3384 2451 3453 quid
2484 3384 2747 3441 acciderit
2776 3386 2922 3455 quod
2945 3386 3189 3441 ordinem
3221 3386 3432 3448 turbet,
3463 3395 3683 3439 necessa-

2141 3473 2225 3526 rio
2270 3473 2642 3529 inordinatum
2699 3476 2907 3547 aliquid
2961 3475 3192 3547 profert.
3254 3475 3323 3529 Et
3358 3490 3550 3531 senex:
3593 3469 3686 3526 [Ioc

2141 3564 2321 3634 ipsum
2362 3566 2494 3621 mlbi
2532 3579 2561 3619 a
2592 3573 2647 3621 te
2674 3567 2892 3622 ostendi
2914 3568 3058 3621 volo.

2213 3654 2375 3711 XLV.
2408 3655 2550 3723 Non,
2576 3658 2778 3729 inquit,
2806 3660 3065 3715 morabor
3090 3659 3312 3729 Aquila.
3345 3660 3462 3717 Duo
3485 3654 3685 3714 visibilis

2140 3746 2299 3818 signa
2320 3759 2699 3806 monstrantur
2744 3752 2801 3806 in
2853 3753 3015 3818 caelo,
3050 3769 3221 3807 unum
3275 3755 3430 3818 solis,
3464 3750 3592 3806 aliud
3616 3749 3683 3802 lu-

2140 3855 2260 3907 nae;
2295 3841 2409 3896 haec
2438 3851 2743 3913 sequuntur
2762 3851 2816 3899 et
2848 3843 2969 3898 alia:
2989 3846 3235 3916 quinque
3264 3846 3455 3908 stellae,
3480 3844 3687 3898 diversos

2140 3939 2195 3985 et
2219 3933 2473 4002 proprios
2508 3934 2737 4005 singulae
2779 3936 3119 4006 explicantes
3175 3953 3399 3994 cursus.
3446 3936 3557 3991 Haec
3584 3945 3690 4004 ergo

2141 4022 2284 4079 Deus
2313 4027 2496 4095 posuit
2520 4026 2576 4081 in
2610 4027 2769 4092 ccelo,
2789 4029 2989 4098 quibus
3020 4030 3166 4085 aeris
3187 4031 3484 4100 temperies
3512 4042 3600 4099 pro
3618 4042 3689 4077 ra-

2141 4115 2293 4171 tione
2322 4124 2630 4188 temporum
2656 4118 3027 4191 dispensetur,
3051 4132 3105 4179 et
3125 4122 3264 4176 ordo
3287 4120 3687 4179 vicissitudinum

2142 4210 2717 4281 permutationumque
2745 4220 3013 4268 servetur.
3038 4213 3246 4268 Horum
3279 4222 3457 4270 autem
3486 4219 3689 4282 ipsorum

2142 4301 2472 4365 ministerio,
2526 4308 2581 4358 et
2629 4303 2676 4357 si
2726 4304 2949 4373 quando
2996 4320 3097 4376 pro
3137 4308 3385 4376 peccatis
3444 4303 3689 4359 hominum

2143 4394 2299 4465 plaga
2330 4404 2385 4450 et
2409 4397 2693 4466 corruptio
2721 4399 2886 4453 terris
2912 4398 3180 4467 injicitur,
3208 4401 3556 4470 perturbatur
3594 4409 3687 4455 aer.

464 4490 615 4546 enim
644 4499 696 4546 et
719 4490 823 4544 alia
852 4491 1020 4544 multa
1048 4507 1170 4561 quas
1195 4492 1448 4547 similiter
1476 4492 1591 4546 fieri
1618 4493 1808 4560 video;
1837 4509 1963 4548 nam
1990 4502 2044 4549 et
2076 4497 2119 4552 D
2147 4487 2268 4542 lues
2300 4488 2696 4552 animantibus.
2726 4492 3012 4560 corruptio
3042 4489 3319 4562 frugibUS,
3342 4491 3588 4562 pestilens
3614 4498 3692 4556 Ρει·

462 4582 681 4638 fructus
727 4583 983 4638 arborum
1011 4584 1176 4638 simili
1212 4583 1374 4639 modo
1401 4583 1629 4654 pulchre
1658 4582 1877 4640 formati
1904 4594 1957 4640 et
1982 4587 2037 4643 in

459 4675 755 4730 rotundum
802 4676 939 4731 mire
992 4676 1206 4730 collecti
1256 4683 1602 4739 nascuntur,
1681 4683 1734 4730 et
1783 4676 2038 4733 foliorum

462 4766 674 4835 species
719 4766 926 4836 ingenti
976 4766 1175 4821 decore
1222 4764 1512 4830 formatur,
1566 4774 1732 4836 atque
1766 4768 2041 4837 exquisita

463 4868 582 4913 arte
604 4857 797 4912 viridis
838 4858 1155 4911 membrana
1206 4856 1555 4922 contexitur;
1613 4863 1729 4910 tum
1781 4866 2042 4926 praeterea

464 4951 696 5022 pulices,
726 4964 932 5011 mures,
962 4949 1199 5003 lacertas
1252 4956 1306 5003 et
1335 4948 1419 5002 his
1445 4948 1667 5012 similia,
1695 4949 1941 5020 nunquid
1988 4956 2044 5005 et

462 5044 579 5104 inec
603 5042 904 5097 dicemusa
934 5040 1043 5096 Deo
1096 5040 1251 5096 ﬁeri?
1300 5039 1457 5096 Unde
1502 5058 1566 5097 ex
1618 5042 1706 5097 his
1759 5044 2043 5099 vilioribus

462 5136 781 5205 conjectura
831 5134 1044 5203 capitur
1103 5134 1424 5196 meliorum,
1500 5132 1647 5204 quod
1696 5149 2044 5205 nequaquam

467 5228 664 5282 mentis
694 5235 812 5281 arte
841 5226 1164 5281 formentur.
1194 5225 1357 5293 Bene,
1384 5226 1563 5297 inquit
1606 5225 1821 5297 Aquila,
1849 5228 1918 5283 de
1965 5227 2046 5282 lo-

2146 4578 2330 4632 omnia
2363 4579 2690 4636 mortalibus
2714 4595 2893 4647 annus
2916 4582 3217 4647 inducitur,
3251 4592 3309 4638 et
3334 4584 3407 4637 ita
3437 4582 3509 4644 ﬁt,
3528 4590 3580 4633 ut
3605 4590 3691 4629 uno

2145 4672 2448 4743 eodemque
2477 4673 2786 4730 ministerio
2814 4682 2869 4729 et
2920 4683 3169 4730 servetur
3209 4676 3348 4731 ordo
3378 4683 3431 4730 et
3480 4683 3690 4727 corrum~

2147 4772 2327 4834 patur.
2363 4763 2576 4820 Etenim
2632 4766 2810 4835 palam
2857 4773 2941 4821 est
3006 4766 3308 4823 incredulis
3342 4777 3395 4823 et
3440 4762 3686 4834 imperitis.

2147 4855 2296 4926 quod
2321 4870 2519 4912 cursus
2547 4857 2680 4912 solis
2714 4858 2869 4913 utilis
2911 4866 2965 4913 et
3003 4860 3355 4914 necessarius
3382 4858 3588 4919 mundo,
3612 4864 3690 4921 per

2139 4950 2548 5008 Providentiam
2600 4950 2784 5017 datus,
2834 4966 3050 5021 semper
3107 4951 3398 5008 ordinatus
3438 4950 3687 5006 habeatur;

2149 5042 2291 5097 lunae
2343 5056 2475 5097 vero
2531 5041 2599 5097 ad
2667 5046 3132 5114 comparationem
3194 5061 3396 5101 cursus
3454 5041 3605 5098 solis.
3645 5036 3687 5087 in

2150 5134 2458 5203 augmentis
2505 5141 2559 5189 et
2589 5132 2933 5191 detrimentis
2956 5136 3071 5192 suis
3103 5138 3247 5207 apud
3274 5136 3543 5207 imperitos
3568 5133 3689 5184 inor—

2152 5227 2327 5282 dinati
2385 5243 2586 5283 cursus
2638 5226 2896 5284 videntur
2940 5235 2997 5283 et
3049 5229 3422 5301 incompositi.
3456 5225 3577 5281 Nam
3622 5216 3686 5275 sol

1774 5384 2140 5443 COTELERII
2167 5386 2399 5443 NOTE.

546 5522 654 5597 (76)
695 5520 828 5576 Ecce
870 5538 1055 5575 arcum
1098 5520 1427 5597 videmusAin
1463 5521 1753 5597 _c_mlq,_etc.
1784 5520 1974 5597 Graeca
2000 5521 2048 5578 si

471 5591 680 5654 mavis,
714 5602 769 5646 et
796 5607 897 5646 cur
943 5607 1053 5645 non
1096 5591 1359 5645 mavelis?
1388 5592 1541 5645 dabit
1588 5591 1730 5645 idem
1775 5592 2047 5649 Caesarius

469 5663 898 5731 interrogatione
928 5663 1033 5716 115
1062 5681 1074 5716 :
1104 5660 1236 5713 Ἰδοὺ
1261 5662 1358 5731 τῆς
1382 5663 1544 5732 ἴρεως
1573 5662 1857 5732 ὁρωμένης
1887 5663 2049 5732 ἀκρι-

574 5732 927 5817 περέξρέρξιαν
954 5732 1315 5817 ἑχούσῃςααξ
1333 5731 1761 5817 ςπάντοθενῖςηγι,
1785 5731 1900 5787 οἷαν
1920 5731 2051 5817 d13-

475 5779 582 5864 θές
608 5779 735 5877 οδδέ
757 5779 880 5865 δοῦς’
912 5779 1247 5874 πεξδιγρόίψᾶι
1288 5801 1508 5856 δύναται
1534 5820 1546 5832 ο
1587 5779 1866 5873 καὶ⁶ὂξιυις
1912 5779 2045 5875 6ρῶ-

2154 5540 2252 5594 μεν
2312 5522 2403 5576 ὑπ’
2429 5522 2642 5595 ρύδενὸς
2667 5522 2864 5595 eam
2912 5520 3203 5591 γινομένην
3221 5562 3237 5587 ,
3273 5519 3387 5573 ἀλλ’
3413 5513 3683 5595 sumptui;

2154 5588 2569 5663 ξςυνισταμένην.
2605 5592 2684 5646 Ad
2737 5588 2904 5663 caput
2926 5588 3135 5645 autem
3160 5588 3427 5663 isequens
3454 5588 3681 5663 legito‘re

2154 5657 2517 5733 sponsionem
2552 5657 2827 5735 ejusdem
2884 5661 3206 5735 quaestionis
3235 5657 3287 5731 ,⁷
3308 5668 3364 5716 et
3414 5657 3683 5726 sequentem

2153 5735 2511 5806 qmcstionem
2540 5733 2664 5789 114.
