3888 6192
326 314 352 367 ι
362 313 467 369 395

1481 308 2047 368 RECOGNITIONIIM
2089 309 2220 367 LIB.
2256 308 2389 367 VIIL

3434 305 3571 369 1595

324 428 493 481 certis
521 423 969 482 distinctionibus
1001 432 1057 483 et
1077 423 1348 482 ordinatis
1377 434 1662 493 movetur;
1693 426 1900 497 exipso
1929 432 1970 489 Α
1999 425 2165 480 etiam
2200 425 2455 481 tremoris
2487 425 2716 496 languor
2743 425 3043 493 advenerit,
3072 435 3126 485 et
3154 428 3299 499 quod
3344 428 3460 486 haec
3502 432 3573 488 ab

323 518 471 573 enim
504 526 629 573 sunt
654 517 912 583 horae,ex
945 518 1068 588 ipso
1103 516 1222 572 dies
1279 533 1405 572 cum
1457 518 1791 582 ascenderit,
1832 534 1901 573 ex

326 610 449 679 ipso
481 609 645 665 etiam
673 624 780 663 nox
808 623 933 663 cum
987 607 1285 673 occiderit,
1335 624 1403 663 ex
1436 609 1556 678 ipso
1602 625 1820 666 menses
1847 617 1903 665 et

326 700 456 756 anni
480 708 862 764 numerantur,
888 716 954 755 ex
1009 702 1131 772 ipso
1156 703 1566 761 vicissitudines
1595 713 1901 775 temporum

326 793 484 861 fiunt,
514 792 642 847 dum
672 791 739 847 ad
793 798 1077 862 superiora
1134 795 1510 851 conscendens
1566 812 1662 851 ver
1691 804 1900 866 tempe-

323 890 431 949 rat,
460 882 554 938 ubi
577 889 757 937 autem
785 882 855 937 ad
904 898 1179 938 summum
1216 885 1341 939 caali
1400 887 1630 950 venerit,
1678 887 1897 942 aestivos

322 975 576 1032 accendit
608 975 855 1042 calores;
889 974 1152 1032 decidens
1178 991 1375 1033 rursus
1407 978 1656 1033 autumni
1689 986 1898 1050 tempe-

321 1069 458 1123 riem
480 1066 680 1133 reddit,
705 1068 798 1121 ubi
822 1082 954 1122 vero
982 1067 1051 1121 ad
1105 1067 1419 1124 inferiorem
1466 1070 1692 1125 redierit
1716 1071 1899 1125 circu-

318 1162 456 1223 lum,
484 1173 552 1213 ex
575 1158 786 1230 glaciali
809 1173 1072 1230 compage
1094 1160 1219 1216 cmli
1244 1162 1479 1233 rigorem
1506 1162 1666 1218 nobis
1683 1161 1895 1216 hiberni

319 1251 543 1321 frigoris
573 1250 924 1322 derelinquit.

389 1342 573 1397 XLVI.
634 1341 742 1398 Sed
772 1343 840 1398 de
877 1344 963 1399 his
986 1344 1124 1400 alias
1152 1345 1319 1402 latius
1340 1345 1698 1404 disseremus.
1729 1345 1893 1403 Nunc

317 1436 564 1501 interim,
596 1450 721 1490 cum
758 1436 829 1491 sit
859 1436 962 1492 iste
1005 1438 1258 1495 minister
1297 1439 1499 1505 bonus,
1532 1439 1601 1494 ad
1624 1440 1895 1495 vicissitu-

311 1528 472 1585 dines
495 1536 800 1605 temporum
838 1529 1221 1595 moderandas,
1256 1538 1441 1587 tamen
1478 1526 1566 1587 ubi
1589 1531 1889 1588 secundum

309 1621 649 1675 voluntatem
705 1617 803 1672 Dei
827 1622 1102 1692 correptio
1134 1624 1458 1679 mortalibus
1485 1624 1670 1689 datur,
1705 1625 1890 1679 incan-

307 1712 487 1768 descit
544 1715 728 1770 acrius
781 1719 834 1768 et
890 1714 1003 1768 urit
1062 1714 1327 1770 mundum
1387 1716 1887 1773 vehementioribus

2004 519 2164 573 initio
2198 517 2363 574 fuerit
2391 517 2632 573 vindicta
2654 519 2933 588 parricidii
2956 520 3022 576 ⁸⁸.

2070 608 2302 665 XLVIII.
2341 608 2478 664 Nam
2504 609 2575 665 ab
2601 609 2813 680 origine
2842 611 3037 670 mundi
3054 611 3191 667 nihil
3218 612 3414 669 horum
3444 613 3570 682 fuit,

1998 699 2096 755 Sed
2123 717 2190 756 ex
2220 700 2499 771 impietate
2530 699 2806 754 hominum
2837 700 3052 754 initium
3082 702 3225 756 mala
3274 703 3377 759 ista
3421 720 3573 759 sum-

1997 806 2175 861 psere,
2204 799 2259 847 et
2306 791 2433 846 inde
2475 806 2688 861 semper
2717 793 3094 849 crescentibus
3116 794 3494 864 iniquitatibus
3520 808 3575 854 et

1996 882 2261 937 malorum
2294 897 2555 937 numerus
2576 881 2768 938 erevit.
2795 882 2903 939 Sed
2930 883 3138 940 idcirco
3166 885 3351 941 divina
3379 887 3569 943 Provi-

1994 974 2180 1030 dentia
2220 974 2485 1045 judicium
2537 988 2666 1044 erga
2713 990 2904 1031 omnes
2949 976 3163 1043 statuit,
3193 976 3317 1047 quia
3332 995 3572 1049 praesens

1995 1067 2256 1122 saeculum
2288 1082 2397 1121 non
2428 1074 2542 1121 erat
2573 1066 2703 1132 tale,
2736 1068 2792 1122 in
2839 1083 2949 1139 quo
2997 1070 3372 1141 unusquisque
3400 1074 3575 1143 possit

1996 1174 2097 1229 pro
2145 1159 2356 1215 meritis
2402 1157 2731 1228 dispensari.
2759 1157 2880 1214 Non
2909 1175 3038 1230 ergo
3084 1175 3151 1215 ex
3182 1162 3289 1227 his,
3321 1178 3442 1233 qua:
3473 1181 3572 1234 pro

1994 1251 2234 1323 peccatis
2283 1252 2565 1305 hominum
2615 1250 2820 1305 mundo
2858 1251 3179 1307 acciderunt
3233 1256 3426 1321 malis,
3476 1256 3569 1310 illa

1991 1341 2412 1411 contemplanda
2455 1347 2605 1405 sunt,
2640 1355 2760 1411 quae
2789 1340 2859 1394 ab
2887 1340 3042 1395 initio
3071 1358 3193 1396 cum
3237 1344 3401 1398 nullae
3443 1348 3572 1401 mali

1992 1450 2173 1490 causae
2228 1436 2552 1501 existerent,
2596 1436 2732 1491 bene
2759 1443 2813 1489 et
2844 1435 3095 1492 ordinate
3125 1439 3376 1492 instituta
3414 1448 3565 1495 sunt.

1991 1525 2236 1597 Denique
2267 1527 2333 1581 ad
2360 1526 2623 1581 indicium
2652 1541 2841 1581 eorum
2866 1542 2987 1597 qua:
3010 1529 3077 1584 ab
3099 1529 3257 1584 initio
3285 1529 3458 1595 fuere,
3485 1531 3570 1586 in-

1989 1619 2285 1673 veniuntur
2348 1618 2626 1673 nonnullae
2674 1626 2863 1689 gentes
2908 1620 3099 1675 alienae
3143 1622 3212 1677 ab
3257 1622 3569 1693 hujusmodi

1990 1710 2169 1764 malis.
2200 1708 2335 1764 Nam
2384 1708 2547 1766 Seres
2582 1710 2692 1782 (77)
2724 1711 2853 1781 quia
2881 1721 3033 1768 caste
3055 1713 3279 1779 vivunt,
3315 1724 3570 1785 expertes

306 1805 565 1864 flammis.
605 1805 870 1864 Similiter
898 1814 953 1864 et
995 1806 1137 1862 luna:
1159 1821 1379 1873 cursus,
1411 1817 1573 1881 atque
1607 1809 1721 1864 hac
1765 1825 1887 1881 qua
1917 1787 1959 1842 Β
1988 1799 2259 1855 habemur
2286 1800 2483 1855 δοΐυω
2514 1801 2778 1869 omnium,
2803 1803 2933 1872 qnia
2979 1819 3157 1875 ηθίιυθ
3198 1810 3322 1875 P05t
3369 1820 3569 1862 conce-

306 1900 579 1969 imperitis
604 1900 818 1957 videtur
870 1900 1178 1955 inordinata
1202 1903 1551 1973 permutatio,
1576 1902 1886 1959 incremen—

304 1989 379 2044 tis
426 1988 645 2061 frugum
696 2002 751 2047 et
797 1993 1066 2063 pecudum
1126 1994 1481 2064 omniumque
1521 1994 1883 2049 animantium

301 2080 593 2134 commoda
625 2089 742 2149 est;
773 2084 1076 2154 augmentis
1105 2085 1249 2138 enim
1278 2083 1398 2153 ejus
1432 2083 1884 2155 detrimentisque

300 2174 443 2226 mira
474 2173 706 2243 quadam
736 2175 1097 2231 Providentiae
1125 2183 1245 2231 arte
1276 2190 1438 2231 omne
1464 2175 1610 2247 quod
1644 2177 1906 2248 gignitur,

299 2263 472 2318 alitur
490 2271 545 2319 et
578 2265 801 2331 crescit,
836 2267 902 2321 de
936 2266 1136 2336 quibus
1195 2266 1361 2322 latius
1394 2267 1656 2338 prosequi
1692 2282 1885 2337 posse-

300 2370 427 2410 mus
456 2363 511 2410 et
539 2356 754 2425 aperire
783 2357 849 2411 de
881 2356 1115 2428 singulis
1146 2357 1436 2422 rationem,
1491 2358 1599 2413 nisi
1629 2374 1731 2414 nos
1756 2372 1885 2428 pro-

300 2446 496 2514 positae
523 2446 843 2516 quaestionis
875 2449 1009 2503 ordo
1043 2457 1347 2505 revocaret.
1371 2448 1468 2504 His
1511 2456 1693 2506 tamen
1744 2450 1882 2520 ipsis

296 2538 622 2610 eisdemque
666 2540 989 2597 ministeriis
1025 2542 1228 2613 quibus
1278 2542 1599 2613 gignuntur,
1636 2542 1880 2609 aluntur,

298 2640 573 2701 augentur
622 2633 920 2701 universa;
988 2648 1114 2689 cum
1171 2635 1337 2691 fuerit
1377 2635 1527 2706 justa
1592 2636 1775 2707 aliqua
1814 2651 1883 2693 ex

296 2737 469 2779 causa
527 2723 739 2781 ordinis
781 2726 1017 2782 instituti
1074 2734 1285 2782 mutata
1341 2728 1650 2798 temperies,
1685 2744 1880 2783 corru-

298 2814 416 2885 ptio
437 2815 616 2871 oritur
643 2825 701 2872 et
752 2818 1193 2890 intemperantia,
1232 2829 1291 2875 ut
1346 2820 1401 2875 in
1454 2821 1739 2887 homines,
1771 2822 1876 2877 sic-

297 2912 362 2957 ut
408 2919 576 2975 supra
626 2906 889 2974 diximus,
958 2910 1248 2982 castigatio
1281 2911 1378 3011 Dei
1437 2914 1718 2970 voluntate
1750 2930 1882 2985 pro-

297 2997 481 3054 cedat.

1985 1900 2138 1962 ptum
2188 1892 2327 1946 adiri
2380 1894 2520 1947 ultra
2552 1894 2695 1963 apud
2725 1908 2820 1949 eos
2847 1894 3107 1950 feminam
3138 1896 3221 1952 fas
3250 1907 3357 1966 est,
3390 1914 3569 1970 neque

1985 1999 2109 2039 ctrm
2132 1994 2434 2055 purgatur;
2468 1986 2730 2041 carnibus
2763 1987 2838 2043 ibi
2870 1988 3167 2044 immundis
3195 2006 3355 2046 nemo
3388 1993 3571 2049 vesci-

1984 2084 2097 2142 tur,
2132 2077 2399 2133 sacrificia
2429 2092 2593 2132 nemo
2625 2080 2796 2143 novit,
2827 2080 3129 2135 secundum
3157 2080 3423 2151 justitiam
3449 2099 3569 2139 om-

1984 2184 2082 2226 nes
2112 2170 2217 2225 sibi
2243 2169 2379 2239 ipsis
2404 2168 2618 2240 judices
2654 2168 2809 2227 fiunt.
2844 2168 3056 2227 Idcirco
3088 2171 3253 2241 igitur
3281 2189 3457 2244 neque
3476 2190 3570 2229 ca-

1984 2261 2258 2331 stigantur
2293 2260 2416 2316 istis
2447 2259 2621 2329 plagis
2650 2276 2790 2330 quas
2825 2276 2992 2332 supra
3023 2263 3283 2329 diximus,
3311 2271 3365 2319 et
3396 2265 3569 2334 pluri-

1983 2367 2133 2407 mum
2167 2353 2428 2423 temporis
2458 2352 2515 2407 in
2541 2354 2651 2407 vita
2680 2353 2962 2417 durantes,
2995 2356 3203 2426 absque
3243 2357 3569 2428 agritudine

1984 2443 2181 2498 finiunt
2208 2444 2398 2499 vitam.
2431 2442 2542 2498 Nos
2568 2451 2748 2499 autem
2781 2446 2989 2512 miseri,
3018 2448 3165 2502 velut
3197 2463 3320 2502 cum
3347 2464 3569 2520 serpen-

1982 2535 2131 2590 tibus
2178 2534 2435 2605 pessimis
2474 2534 2868 2599 habitantes”,
2896 2552 3022 2592 cum
3079 2537 3393 2594 hominibus
3440 2538 3567 2595 dico

1981 2625 2206 2697 iniquis,
2245 2624 2570 2698 perferimus
2599 2629 2916 2684 necessario
2959 2644 3085 2683 cum
3134 2630 3270 2699 ipsis
3319 2631 3568 2687 afﬂictio-

1980 2734 2113 2774 num
2164 2720 2352 2791 plagas
2403 2719 2459 2774 in
2510 2719 2615 2776 hoc
2660 2721 2885 2786 mundo,
2918 2720 3013 2776 sed
3041 2736 3193 2792 spem
3220 2724 3458 2794 gerimus
3496 2739 3564 2779 ex

1980 2811 2359 2867 consolatione
2390 2811 2699 2866 futurorum
2729 2812 3020 2868 bonorum.

2051 2901 2239 2959 XLIX.
2281 2903 2339 2957 Si
2367 2914 2590 2975 propter
2620 2905 2962 2974 iniquitates,
2991 2906 3170 2976 inquit
3205 2922 3395 2974 senex,
3424 2907 3563 2963 alio-

1979 3013 2104 3053 rum
2133 2997 2452 3051 cruciantur
2478 2998 2643 3051 etiam
2672 2997 2831 3067 justi,
2851 3002 3093 3067 oportuit
3108 2997 3277 3053 Deum
3302 3006 3563 3069 tanquam

370 3085 579 3142 XLVII.
632 3089 740 3147 Sed
780 3092 1017 3150 fortasse
1064 3095 1216 3151 dices
1246 3114 1260 3150 :
1306 3093 1469 3161 Quid,
1505 3095 1650 3166 quod
1682 3096 1737 3149 in
1770 3095 1875 3149 ista
1904 3128 1947 3185 Ο
1979 3086 2319 3158 provisorem
2349 3086 2543 3155 jubere
2575 3086 2913 3150 hominibus,
2948 3094 3011 3139 ut
3058 3101 3168 3185 non
3206 3087 3449 3143 facerent
3474 3103 3560 3151 ea,

294 3184 579 3236 communi
627 3185 989 3255 castigatione
1049 3186 1250 3241 similia
1302 3184 1454 3256 impii
1509 3186 1794 3255 patiuntur
1823 3193 1878 3240 et

293 3272 410 3343 pii?
439 3271 640 3329 Verum
665 3283 771 3341 est,
800 3277 963 3332 etiam
1002 3292 1105 3333 nos
1157 3276 1394 3332 fatemur
1418 3294 1433 3345 ;
1463 3277 1557 3332 sed
1587 3278 1693 3348 piis
1715 3279 1880 3332 casti-

293 3366 445 3434 gatio
470 3367 535 3420 ad
558 3369 863 3437 profectum
890 3370 1053 3437 cedit,
1086 3376 1145 3423 ut
1192 3370 1248 3424 in
1277 3380 1533 3440 praesenti
1572 3370 1681 3423 vita
1736 3370 1876 3425 all'li-

292 3457 370 3511 cti
405 3460 751 3531 purgatiores
791 3463 1013 3516 veniant
1048 3461 1117 3515 ad
1168 3460 1433 3525 futuram,
1488 3461 1543 3515 in
1588 3476 1696 3531 qua
1752 3477 1877 3530 per-

292 3556 457 3619 petua
489 3552 567 3606 eis
595 3555 814 3623 requies
848 3561 1153 3625 praeparata
1184 3562 1294 3617 est,
1321 3553 1484 3607 simul
1516 3563 1696 3608 autem
1732 3560 1791 3607 ut
1823 3560 1877 3606 et

290 3642 449 3713 impii
479 3643 878 3714 aliquantulum
920 3662 987 3701 ex
1015 3647 1262 3717 ipsorum
1319 3643 1681 3716 castigatione
1710 3645 1877 3715 proti-

301 3734 488 3799 ciant,
530 3745 626 3791 aut
659 3735 807 3807 justa
846 3737 901 3792 in
941 3753 1037 3793 eos
1075 3737 1279 3794 feratur
1311 3739 1500 3809 judicii
1540 3736 1708 3795 futuri
1748 3754 1879 3797 sen-

301 3826 469 3881 tentia
492 3866 506 3889 ,
542 3842 664 3882 cum
710 3827 765 3881 in
805 3829 1007 3884 eisdem
1038 3830 1479 3900 eaStigationibus
1504 3830 1635 3900 justi
1660 3832 1880 3901 quidem

292 3919 499 3987 gratias
533 3921 747 3991 egerint
792 3920 923 3986 Deo,
963 3921 1153 3992 injusti
1216 3929 1400 3978 autem
1462 3921 1874 3994 blasphemave-

291 4008 425 4064 rint.
460 4008 629 4081 Igitur
657 4027 782 4065 cum
842 4012 898 4067 in
938 4013 1078 4069 duas
1126 4020 1314 4083 partes
1367 4028 1549 4066 rerum
1599 4012 1876 4068 dividatur

290 4101 499 4169 opinio,
524 4104 671 4172 quod
702 4103 809 4158 alia
842 4120 939 4175 per
960 4106 1232 4169 ordinem,
1264 4105 1371 4158 alia
1401 4113 1595 4159 contra
1624 4105 1873 4160 ordinem

289 4188 427 4244 fiant
453 4209 466 4246 :
498 4206 567 4246 ex
604 4193 689 4248 his
712 4194 932 4263 quidem
963 4210 1083 4264 quae
1114 4195 1413 4249 secundum
1452 4195 1699 4249 ordinem
1719 4202 1869 4259 sunt,

288 4284 534 4351 oportuit
571 4284 721 4339 credi
751 4299 874 4341 esse
906 4280 1349 4352 Providentiam;
1380 4285 1449 4341 de
1479 4285 1565 4340 his
1590 4300 1721 4340 vero
1751 4299 1872 4355 qua:

287 4383 483 4429 contra
530 4377 777 4432 ordinem
812 4386 1098 4447 geruntur,
1128 4393 1327 4433 causas
1357 4377 1638 4447 requirere
1667 4376 1735 4431 ab
1764 4376 1869 4441 his,

1979 3195 2047 3235 ex
2075 3179 2276 3249 quibus
2306 3192 2534 3233 necesse
2563 3184 2708 3233 esset
2754 3193 2880 3232 cum
2927 3177 3149 3247 injustis
3198 3178 3363 3250 amigi
3397 3180 3562 3235 etiam

1975 3272 2176 3341 justos,
2205 3277 2300 3325 aut
2348 3270 2396 3326 si
2428 3269 2673 3325 facerent
2702 3269 3139 3327 emendationem
3176 3271 3435 3343 aliquam,
3468 3281 3563 3327 aut

1979 3364 2412 3436 purificationem
2471 3362 2679 3418 mundo
2729 3363 3071 3418 adhiberent.
3123 3360 3331 3431 Jussit,
3386 3365 3562 3436 inquit

1977 3457 2195 3528 Aquila,
2230 3454 2373 3511 Deus
2400 3455 2516 3509 haec
2543 3463 2598 3510 et
2621 3454 2770 3510 dedit
2801 3463 3069 3526 praecepta
3113 3471 3210 3525 per
3238 3456 3556 3527 prophetas,

1977 3547 2253 3621 quomodo
2282 3548 2533 3603 homines
2558 3547 2739 3603 vivere
2771 3546 3065 3613 deberent;
3088 3547 3184 3603 sed
3207 3555 3261 3603 et
3285 3548 3399 3603 haec
3429 3565 3563 3605 con-

1977 3650 2333 3713 tempserunt,
2360 3642 2471 3696 imo
2500 3655 2631 3696 vero
2672 3649 2726 3695 et
2764 3656 2860 3696 eos
2893 3641 2939 3696 si
2972 3640 3066 3711 qui
3096 3639 3237 3695 forte
3267 3640 3561 3698 observare

1976 3735 2290 3805 cupiebant,
2319 3733 2553 3790 diversis
2580 3734 2798 3804 injuriis
2835 3725 3165 3793 afflixerunt,
3198 3734 3372 3788 donec
3396 3735 3558 3790 etiam

1978 3825 2127 3896 ipsos
2157 3840 2187 3879 a
2217 3825 2492 3895 proposita
2523 3824 2900 3879 observatione
2924 3823 3244 3890 dejicerent,
3283 3830 3339 3877 et
3372 3822 3439 3877 ad
3464 3825 3550 3878 in-

1976 3917 2317 3973 credulitatis
2368 3915 2727 3972 nihilominus
2782 3922 3060 3971 verterent
3100 3914 3321 3969 turbam
3345 3915 3559 3988 sibique

1974 4008 2182 4064 similes
2217 4007 2512 4063 efﬁcerent.

2046 4098 2107 4155 L.
2148 4098 2441 4170 Propterea
2475 4099 2712 4170 denique
2745 4098 2815 4154 ab
2849 4098 3005 4153 initio
3036 4114 3160 4154 cum
3194 4099 3391 4156 fuisset
3440 4114 3559 4154 om-

1975 4194 2063 4248 nis
2094 4201 2239 4247 terra
2268 4192 2536 4246 maculata
2564 4192 2826 4261 peccatis,
2863 4190 3005 4246 Deus
3051 4192 3316 4246 diluvium
3351 4190 3559 4247 mundo

1973 4284 2209 4347 induxit,
2241 4284 2386 4353 quod
2418 4298 2513 4339 vos
2543 4284 2650 4339 sub
2678 4282 3007 4337 Deucalione
3039 4282 3241 4337 factum
3266 4282 3475 4350 dicitis,
3502 4290 3554 4338 et

1974 4384 2106 4431 tunc
2131 4391 2297 4429 unum
2328 4376 2617 4444 quemdam
2645 4374 2854 4445 justum
2884 4390 3007 4430 cum
3040 4374 3166 4430 filiis
3196 4375 3312 4431 suis
3346 4374 3401 4430 in
3428 4389 3555 4428 arca

287 4465 385 4533 qui
411 4480 505 4521 eas
535 4483 630 4537 per
671 4468 977 4524 doctrinam
1010 4471 1387 4540 propheticam
1439 4470 1715 4537 didicere;
1752 4470 1876 4540 qui-
1906 4466 1950 4522 D
1980 4472 2300 4532 reservavit,
2333 4475 2539 4523 etcum
2586 4482 2653 4522 eo
2696 4468 2941 4521 omnium
2976 4467 3247 4521 seminum
3278 4467 3552 4521 omnium-

287 4556 394 4613 bus
419 4560 567 4613 enim
621 4561 965 4617 innotescere
1010 4563 1189 4633 potuit
1244 4577 1425 4617 sermo
1479 4561 1867 4633 propheticus,

288 4646 475 4702 sciunt
499 4652 720 4720 quando
764 4659 817 4707 et
846 4653 915 4708 ob
944 4669 1107 4723 quam
1150 4668 1370 4708 causam
1400 4668 1605 4722 aerugo,
1638 4651 1868 4723 grando,

288 4741 620 4808 pestilentia,
658 4753 713 4799 et
747 4744 941 4799 horum
980 4745 1180 4801 similia
1225 4760 1322 4815 per
1346 4746 1589 4815 singulas
1622 4760 1869 4816 quasque

285 4834 668 4899 generationes
695 4842 885 4890 exorta
924 4837 1055 4900 sint,
1093 4845 1146 4891 et
1173 4851 1241 4891 ex
1270 4835 1468 4906 quibus
1489 4837 1728 4906 peccatis
1754 4839 1869 4895 haec

286 4920 356 4973 ad
378 4921 675 4976 vindictam
705 4924 831 4979 data
864 4925 995 4989 sint,
1032 4926 1179 4981 unde
1208 4925 1448 4979 humano
1487 4926 1671 4994 generi
1702 4942 1868 4983 causa

288 5009 551 5075 tristitiae,
581 5013 725 5068 unde
754 5016 988 5086 gemitus
1020 5030 1085 5071 ac
1114 5016 1331 5071 dolores
1373 5016 1697 5083 acciderint,
1724 5020 1869 5074 unde

357 5145 405 5177 ⁸⁸
430 5143 568 5203 Gen.
608 5165 683 5216 tv,
717 5151 785 5206 I9.
815 5153 870 5207 in
898 5151 1071 5209 LXX.
1148 5154 1194 5187 δ’
1230 5154 1425 5211 Ezech.
1455 5171 1518 5223 ll,
1556 5156 1609 5213 6.

1970 4578 2077 4633 que
2109 4560 2468 4614 animantium
2503 4576 2696 4631 genus.
2732 4559 2798 4613 Et
2816 4569 2994 4616 tamen
3012 4562 3175 4614 etiam
3206 4559 3298 4629 qui
3324 4574 3391 4614 ex
3419 4558 3554 4628 ipsis

1970 4654 2087 4709 nati
2108 4661 2256 4716 sunt,
2275 4660 2521 4723 tempore
2550 4652 2941 4715 intercedente,
2962 4666 3157 4707 rursus
3182 4651 3377 4705 similia
3404 4651 3551 4721 prio-

1968 4747 2123 4802 ribus
2170 4752 2370 4814 agunt;
2418 4743 2678 4797 oblivioni
2725 4744 2870 4798 enim
2917 4758 3039 4814 quae
3084 4743 3398 4797 acciderant
3425 4740 3551 4796 data

1971 4844 2122 4898 sunt.
2155 4836 2229 4888 ita
2259 4841 2321 4889 ut
2350 4835 2553 4903 posteri
2576 4850 2643 4888 ne
2667 4834 2770 4888 hoc
2791 4834 2970 4904 ipsum
2998 4834 3215 4903 quidem
3238 4831 3547 4892 crederent.

1970 4927 2118 4999 quod
2148 4926 2412 4981 diluvium
2446 4924 2647 4979 factum
2686 4936 2790 4981 est.
2822 4924 2977 4981 Unde
3001 4935 3056 4980 et
3086 4926 3275 4981 statuit
3308 4922 3449 4978 Deus
3494 4923 3547 4976 in

1973 5020 2228 5093 praesenti
2274 5020 2476 5075 saeculo
2520 5018 2663 5072 ultra
2713 5034 2823 5073 non
2868 5018 2984 5074 fieri
3030 5019 3315 5082 diluvium,
3345 5015 3549 5086 alioqui

1590 5306 1959 5366 COTELERII
1997 5307 2234 5364 NOTIE.

362 5440 471 5511 (T7)
508 5440 681 5498 Seres.
714 5442 863 5509 Quos
911 5460 978 5498 ex
1024 5444 1263 5499 lectione
1306 5443 1628 5509 Strabonis,
1676 5443 1861 5508 Plinii,

286 5513 457 5571 Melae.
493 5513 688 5575 Solini,
722 5514 968 5578 aniani,
1004 5513 1274 5568 Ammiani
1309 5513 1633 5576 Marcellini,
1670 5513 1864 5582 Orige-

288 5586 395 5644 nis,
444 5582 688 5643 Eusebii.
720 5586 965 5645 Caesarii.
996 5584 1253 5650 Cedreni,
1286 5583 1581 5651 Eustathii,
1621 5592 1751 5651 etc.,
1782 5584 1867 5637 di-

286 5657 496 5709 scimus
536 5655 778 5709 celebres
808 5655 1088 5710 exstitisse
1137 5665 1250 5709 tum
1298 5656 1625 5710 salubritate
1655 5664 1712 5708 et
1740 5657 1866 5709 vita:

285 5724 647 5778 diuturnitate
680 5726 746 5779 ad
774 5732 1048 5779 trecentos
1080 5740 1253 5780 annos
1280 5725 1582 5795 productae,
1609 5732 1723 5779 tum
1750 5725 1866 5778 lau-

285 5795 449 5849 dibus
503 5795 772 5859 lenitatis.
825 5796 1045 5861 quietis,
1100 5796 1450 5865 frugalitatis,
1504 5796 1865 5861 castimoniae,

1963 5443 2194 5515 iustitiae
2232 5458 2297 5499 ac
2323 5444 2559 5515 pietatis.
2598 5442 2717 5510 Quo
2764 5444 2937 5515 magis
2966 5444 3275 5499 mirandum
3313 5446 3479 5503 scribi
3510 5462 3544 5505 a

1970 5514 2028 5569 S.
2057 5513 2359 5583 Epiphanio
2389 5514 2441 5567 in
2473 5513 2815 5583 Expositione
2862 5513 2986 5583 ﬁdei
3010 5555 3022 5576 ,
3060 5531 3113 5568 ιι.
3148 5515 3235 5575 10.
3271 5517 3413 5584 apud
3445 5518 3546 5572 Se-

1966 5600 2080 5643 ras,
2112 5587 2349 5637 virorum
2381 5585 2834 5639 consuetudinem
2884 5584 3055 5640 fuisse
3084 5586 3421 5640 muliebriter
3463 5588 3545 5641 vi-

1967 5670 2115 5719 vere,
2174 5655 2499 5709 feminarum
2546 5670 2679 5709 vero
2724 5655 2978 5709 viriliter.
3026 5653 3249 5710 Scilicet
3296 5656 3560 5714 attribuit

1970 5724 2311 5800 Epiphanius
2322 5723 2563 5800 Scribus
2587 5726 2732 5800 quod
2756 5724 2825 5779 ad
2853 5725 3012 5781 Gelos
3040 5725 3314 5796 pertinet;
3342 5728 3408 5783 de
3430 5727 3531 5800 qui-

1971 5792 2244 5850 bus’infra
2279 5792 2372 5851 lib.
2404 5811 2478 5863 Ix,
2511 5792 2629 5862 cap.
2661 5795 2750 5855 2‘2.
