3888 6192
406 313 549 369 1395

1230 315 1285 372 S.
1326 316 1721 373 CLEMENTIS
1762 318 1780 371 Ι
1817 315 1987 372 ROM.
2029 314 2231 375 PONT.
2272 320 2501 377 OPERA
2540 323 2770 381 DUBIA.

3508 332 3643 388 1396

404 429 702 484 secundum
730 432 990 485 rationem
1029 438 1375 500 peccaturum
1408 449 1632 488 necesse
1664 442 1782 487 erat
1810 434 1974 488 etiam
2006 438 2050 491 Α
2079 437 2346 505 apostolis
2374 437 2839 508 pseudoapostoli,
2872 448 2928 495 et
2959 440 3277 497 doctoribus
3301 442 3421 498 falsi
3452 444 3646 498 docto-

402 536 498 590 per
522 522 763 591 singulas
793 523 1172 592 generationes
1207 522 1310 578 hoc
1338 524 1453 580 ﬁeri
1482 525 1818 579 inﬁdelitatis
1847 539 1972 593 gra-

400 612 507 676 tia;
538 612 631 667 sed
677 614 847 683 magis
886 614 1110 669 indulsit
1139 630 1235 685 per
1263 616 1505 685 singulas
1534 624 1722 685 gentes
1750 616 1970 685 angelos

397 704 663 773 quosdam
694 719 854 773 agere
879 705 1242 775 principatum
1266 708 1359 775 qui
1389 708 1547 761 malis
1571 707 1825 776 gaudent,
1844 706 1968 776 qui—

397 795 499 849 bus
528 802 707 850 tamen
740 811 803 850 ea
831 797 1140 851 conditione
1167 805 1409 867 potestas
1453 798 1740 853 adversum
1770 814 1968 852 unum-

396 902 669 957 quemque
695 890 1005 942 mortalium
1037 889 1163 943 data
1190 896 1295 952 est,
1325 892 1371 945 si
1412 891 1566 961 prius
1606 907 1665 947 se
1698 892 1814 961 ipse
1841 892 1965 961 quis

394 980 672 1047 peccando
716 981 795 1035 eis
843 980 1062 1035 fecisset
1107 982 1429 1046 obnoxium,
1474 983 1649 1037 donec
1686 983 1965 1038 adveniret

392 1072 481 1126 ille
510 1073 601 1141 qui
625 1071 782 1126 bouis
813 1072 1027 1142 gaudet,
1060 1080 1115 1126 et
1144 1073 1507 1143 compleretur
1533 1091 1628 1145 per
1653 1076 1829 1145 ipsum
1861 1092 1963 1130 nu-

390 1179 573 1218 merus
598 1164 893 1231 justorum,
925 1174 979 1219 et
1006 1181 1100 1234 per
1144 1180 1357 1221 omnem
1390 1169 1651 1222 mundum
1681 1176 1964 1223 crescente

390 1256 735 1311 multitudine
789 1260 1025 1325 piorum,
1060 1257 1241 1327 aliqua
1274 1273 1337 1312 ex
1374 1266 1526 1327 parte
1572 1260 1962 1329 reprimeretur

388 1348 643 1417 impietas
672 1357 725 1403 et
757 1349 1122 1404 innotesceret
1151 1350 1425 1418 omnibus,
1457 1352 1586 1422 quia
1629 1367 1791 1407 omne
1814 1352 1959 1423 quod

388 1440 588 1496 bonum
620 1448 704 1495 est
738 1457 768 1495 a
800 1440 909 1496 Deo
935 1443 1013 1497 ﬁt.

450 1534 536 1590 LI.
580 1535 657 1589 Ex
687 1537 896 1591 arbitrii
934 1545 1113 1591 autem
1156 1539 1405 1595 libertate
1447 1543 1823 1613 unusquisque
1860 1542 1958 1596 ho-

382 1629 589 1683 minum
635 1630 763 1684 dum
812 1630 1125 1687 incredulus
1170 1641 1253 1687 est
1302 1633 1369 1687 de
1405 1634 1623 1696 futuris,
1658 1651 1755 1704 per
1786 1637 1955 1694 malos

382 1730 540 1775 actus
583 1723 813 1777 incurrit
856 1725 909 1778 in
957 1726 1119 1780 mala.
1153 1725 1213 1778 Et
1262 1725 1375 1779 hac
1403 1735 1529 1781 sunt
1560 1744 1679 1796 qua
1706 1728 1955 1783 videntur

2072 541 2182 581 res.
2217 527 2281 581 Et
2312 528 2438 584 inde
2456 541 2541 585 est
2567 530 2710 585 unde
2734 534 2876 601 apud
2901 531 3250 602 philosophos
3270 533 3363 587 alii
3390 542 3642 589 asserunt

2071 618 2493 685 providentiam,
2546 622 2639 675 alii
2685 632 2905 692 negant,
2952 624 3043 676 alii
3092 640 3258 677 unum
3303 621 3493 691 Deum,
3546 626 3641 680 alii

2060 710 2256 766 Plures
2281 712 2599 769 defendunt.
2640 712 2823 783 Usque
2854 714 2920 768 ad
2951 714 3053 769 hoc
3081 731 3168 771 res
3190 716 3421 785 denique
3448 731 3639 772 acces-

2067 801 2159 866 sit,
2189 810 2245 855 ut
2275 819 2397 857 cum
2427 805 2590 859 verbo
2618 804 2709 859 Dei
2736 804 2990 874 fugentur
3018 808 3308 869 daemones,
3353 823 3449 877 per
3490 808 3637 879 quod

2065 905 2187 945 esse
2230 891 2576 947 Providentia
2624 894 2952 958 declaratur,
2982 897 3244 952 invenerit
3290 914 3379 953 ars
3423 900 3639 969 magica

2064 980 2131 1032 ad
2158 979 2530 1036 inﬁdelitatem
2555 984 3001 1049 conﬁrmandam,
3034 986 3304 1055 quomodo
3334 988 3497 1041 etiam
3529 988 3639 1043 hoc

2063 1089 2127 1128 ex
2159 1075 2453 1130 contrariis
2477 1074 2739 1131 imitetur.
2777 1074 2867 1130 Sic
2900 1087 3207 1148 serpentum
3238 1095 3446 1134 venena
3485 1080 3637 1133 miti-

2062 1183 2191 1238 gare
2232 1168 2569 1223 carminibus
2616 1169 2918 1232 inventum,
2948 1178 3002 1225 et
3048 1171 3212 1225 verbo
3258 1186 3322 1225 ac
3372 1173 3635 1241 potestati

2062 1254 2156 1309 Dei
2197 1258 2505 1313 contrarias
2554 1257 2813 1315 inducere
2854 1261 3135 1316 sanitates.
3164 1262 3381 1332 Angelis
3410 1278 3636 1332 quoque

2060 1347 2153 1403 Dei
2183 1351 2459 1405 contraria
2489 1353 2687 1422 reperit
2716 1368 2805 1409 ars
2834 1355 3040 1424 magica
3071 1355 3391 1417 ministeria,
3418 1355 3635 1407 anima-

2058 1457 2179 1496 rum
2214 1444 2603 1499 suscitationes
2646 1453 2836 1499 contra
2874 1445 2988 1501 hac
3034 1454 3088 1501 et
3134 1447 3384 1517 ﬁgmenta
3422 1449 3634 1501 damo—

2056 1550 2187 1588 num
2234 1549 2462 1605 ponens.
2500 1534 2565 1588 Et
2596 1550 2664 1590 ue
2695 1537 2864 1590 multa
2914 1537 3281 1591 enumerando
3316 1552 3630 1592 sermonem

2056 1624 2270 1697 longius
2298 1625 2534 1691 traham,
2560 1625 2705 1681 nihil
2723 1627 2945 1681 omnino
2971 1635 3053 1682 est
3079 1627 3222 1696 quod
3253 1627 3408 1682 ﬁdem
3437 1628 3628 1683 Provi-

2055 1714 2254 1770 dentia
2282 1714 2468 1782 faciat,
2490 1724 2544 1771 et
2572 1732 2681 1771 non
2711 1716 2909 1771 habeat
2932 1720 3241 1773 econtrario
3271 1717 3416 1771 aliud
3447 1717 3514 1771 ad
3542 1718 3629 1771 in-

432 1774 435 1775 ν
486 1774 491 1775 ,
958 1774 1119 1780 -------
1154 1774 1211 1778 π-
1262 1774 1371 1779 ----
1403 1774 1528 1781 η---
1562 1774 1678 1796 γ...
1717 1774 1943 1783 ..--..-_.

379 1815 434 1869 in
469 1815 671 1869 mundo
712 1828 899 1871 contra
949 1818 1192 1871 ordinem
1225 1820 1360 1887 geri,
1404 1821 1605 1889 quibus
1643 1836 1861 1884 causas,
1896 1831 1950 1876 ut

2056 1806 2368 1863 ﬁdelitatem
2399 1818 2681 1878 paratum;
2717 1817 2771 1863 et
2802 1810 2925 1864 ideo
2957 1811 3047 1880 qui
3080 1814 3326 1881 ignorant
3351 1811 3507 1863 istam
3536 1810 3626 1862 di-

378 1914 582 1967 essent,
611 1906 901 1963 inﬁdelitas
942 1910 1107 1963 dedit.
1144 1909 1386 1963 Miraucla
1426 1912 1589 1979 igitur
1636 1927 1733 1981 per
1768 1913 1951 1967 omnia

376 2002 461 2047 est
509 1994 705 2050 divina
754 1996 1113 2053 Providentia
1160 2000 1527 2069 dispensatio.
1578 2016 1697 2069 qua
1728 2000 1814 2055 his
1858 2003 1949 2070 qui

375 2086 533 2142 initio
582 2087 806 2155 fuerint,
842 2090 1038 2145 bonam
1079 2092 1297 2160 quidem
1331 2093 1469 2146 viam
1500 2096 1618 2145 vita
1645 2093 1947 2147 incedenti-

374 2179 498 2245 bus,
528 2180 686 2236 bonis
715 2183 1221 2253 incorruptibilibus
1253 2183 1398 2237 dedit
1426 2183 1631 2253 perfrui
1657 2200 1671 2248 ;
1706 2184 1796 2238 ubi
1822 2200 1949 2238 vero

376 2280 739 2339 peccaverunt
771 2272 937 2345 [mali
967 2276 1231 2344 originem
1272 2284 1495 2343 peccato
1522 2277 1765 2346 pariente
1796 2293 1947 2331 suin-

372 2371 599 2429 pserunt
624 2363 666 2435 J,
691 2372 745 2418 et
770 2366 1068 2435 unicuique
1096 2366 1236 2419 bono
1262 2366 1416 2434 quasi
1444 2367 1677 2435 quodam
1708 2368 1945 2436 conjugii

369 2452 575 2511 foedere
600 2473 665 2511 ex
700 2468 852 2527 parte
891 2459 1098 2528 peccati
1131 2460 1394 2513 sociatum
1424 2468 1507 2513 est
1542 2460 1741 2514 malum
1764 2498 1778 2523 ,
1808 2476 1945 2529 quo-

367 2549 513 2602 niam
541 2548 759 2618 quidem
784 2550 1020 2604 humano
1052 2551 1315 2620 sanguine
1344 2560 1489 2605 terra
1520 2553 1723 2622 polluta
1750 2562 1853 2617 est,
1890 2562 1944 2608 et

368 2654 477 2693 ara
509 2639 845 2696 damonibus
888 2657 1184 2702 succensa.
1212 2658 1392 2698 aerem
1422 2660 1635 2714 quoque
1659 2646 1835 2715 ipsum
1867 2647 1945 2700 in-

365 2739 518 2785 cesto
547 2731 938 2785 sacriﬁciorum
973 2732 1122 2786 fumo
1153 2743 1508 2799 temerarnnt,
1540 2743 1592 2789 et
1621 2736 1690 2789 ita
1722 2736 1939 2789 demum

363 2830 621 2893 corrupta
649 2825 801 2892 prius
840 2826 1103 2880 elementa
1150 2826 1462 2881 hominibus
1501 2829 1825 2897 corruptela
1866 2831 1941 2882 vi-

363 2915 520 2977 tium,
560 2915 707 2969 velut
740 2916 951 2970 radices
982 2917 1146 2972 ramis
1177 2933 1240 2971 ac
1279 2918 1545 2972 fructibus
1572 2918 1936 2977 tradiderunt.

434 3003 541 3058 ιιι.
584 3003 719 3059 Vide
745 3020 876 3075 ergo
910 3006 963 3059 in
988 3006 1111 3070 hoc,
1136 3015 1196 3059 ut
1218 3007 1350 3066 dixi.
1377 3023 1540 3077 quam
1563 3009 1708 3077 juste
1734 3011 1937 3068 vitiatis

2054 1901 2318 1955 visionem
2350 1916 2553 1965 rerum,
2588 1918 2687 1972 pro
2716 1903 2801 1956 his
2828 1918 2950 1972 qua
3000 1917 3029 1955 a
3074 1902 3377 1971 semetipsis
3406 1902 3625 1954 discor-

2051 1992 2183 2045 dant
2213 1993 2267 2046 in
2302 1993 2524 2057 mundo,
2552 2008 2660 2049 non
2690 2003 2881 2065 putant
2912 2010 3034 2049 esse
3054 1994 3475 2050 Providentiam.
3507 1992 3621 2047 Sed

2050 2091 2129 2147 tu,
2161 2082 2344 2150 Pater,
2370 2086 2527 2155 quasi
2561 2087 2645 2139 vir
2675 2088 2895 2157 sapiens
2924 2103 2991 2143 ex
3033 2086 3136 2140 ista
3180 2086 3449 2139 divisione
3478 2086 3622 2154 elige

2048 2184 2277 2246 partem,
2313 2194 2433 2247 qua:
2476 2178 2722 2233 ordinem
2756 2187 2936 2234 servat
2974 2186 3027 2234 et
3073 2178 3229 2233 ﬁdem
3263 2178 3620 2247 providentia

2048 2265 2199 2330 facit,
2230 2274 2284 2320 et
2338 2284 2447 2321 non
2495 2270 2671 2324 solum
2716 2269 2967 2338 sequaris
3019 2268 3164 2322 illam
3210 2278 3442 2338 partem,
3494 2285 3619 2338 qua

2046 2367 2238 2412 contra
2264 2360 2511 2416 ordinem
2532 2366 2704 2415 currit
2725 2369 2780 2417 et
2796 2362 3156 2418 Providentia
3181 2362 3404 2433 derogat
3429 2363 3591 2418 ﬁdem

2115 2450 2245 2505 LIV.
2289 2452 2371 2506 Ad
2423 2453 2537 2509 hac
2582 2468 2749 2509 senex
2777 2454 3059 2525 respondit
3094 2474 3107 2509 :
3146 2454 3221 2509 Da
3265 2455 3398 2509 mihi
3444 2456 3617 2520 viam,

2044 2540 2142 2603 ﬁli,
2178 2557 2285 2611 qua
2314 2544 2519 2611 possim
2562 2560 2628 2599 ex
2654 2544 2868 2600 duobus
2899 2546 3017 2600 istis
3041 2544 3345 2610 ordinibus,
3376 2561 3615 2615 quorum

2044 2635 2180 2689 alter
2214 2636 2431 2700 asserit,
2464 2638 2601 2691 alter
2628 2637 2832 2692 refutat
2854 2638 3277 2701 Providentiam,
3311 2654 3479 2692 unum
3509 2639 3618 2692 ali-

2041 2743 2200 2798 quem
2233 2729 2286 2782 in
2315 2730 2450 2784 meis
2486 2731 2741 2787 sensibus
2778 2732 3118 2786 conﬁrmare.
3150 2730 3400 2796 Rectum,
3434 2731 3615 2801 inquit

2040 2818 2257 2889 Aquila,
2284 2819 2503 2874 habenti
2530 2820 2799 2892 judicium
2833 2822 2991 2877 facile
3019 2822 3314 2877 discrimen
3344 2832 3459 2877 est:
3482 2838 3611 2876 nam

2039 2921 2092 2966 et
2122 2910 2224 2963 hoc
2255 2911 2430 2979 ipsum
2468 2911 2615 2980 quod
2644 2912 2744 2977 ais,
2775 2912 2911 2967 ordo
2949 2921 3002 2967 et
3042 2912 3389 2979 inordinatio,
3419 2912 3488 2966 ab
3513 2927 3611 2965 ar-

2038 3003 2184 3057 tiﬁce
2211 3002 2324 3057 ﬁeri
2359 3011 2558 3072 potest,
2586 3019 2616 3057 a
2646 3012 2839 3059 natura
2872 3022 3001 3061 vero
3037 3006 3341 3061 insensibili
3369 3022 3478 3061 non
3510 3022 3612 3076 po-

362 3094 529 3149 rcbus
559 3093 899 3150 Providentia
932 3096 1114 3151 divina
1144 3101 1437 3161 succurrit,
1469 3107 1527 3152 ut
1556 3102 1811 3169 quoniam
1844 3102 1934 3157 bo-
1959 3117 2004 3178 ς
2039 3103 2175 3161 test;
2207 3110 2334 3148 nam
2378 3096 2529 3151 verbi
2559 3098 2733 3165 gratia
2782 3113 3054 3168 ponamus
3101 3098 3168 3152 de
3214 3099 3434 3152 excelsa
3472 3113 3612 3167 rupe

359 3186 446 3240 nis
473 3185 584 3249 Dei,
607 3187 747 3239 mala
775 3202 895 3254 qua
931 3202 995 3239 ex
1028 3199 1250 3256 peccato
1276 3188 1540 3256 originem
1584 3199 1930 3259 sumpserant

357 3278 563 3331 sociata
616 3286 765 3343 sunt,
797 3279 1010 3333 duabus
1063 3280 1146 3334 his
1190 3281 1436 3349 partibus
1480 3282 1617 3337 duos
1658 3284 1929 3353 principes

357 3378 605 3439 poneret.
637 3378 691 3424 et
727 3372 775 3425 ei
806 3372 897 3441 qui
930 3372 1090 3426 bonis
1122 3373 1320 3440 gaudet
1346 3378 1613 3428 bonorum
1658 3376 1925 3440 ordinem,

356 3464 450 3531 qui
485 3464 550 3517 ad
589 3462 745 3517 ﬁdem
773 3464 1122 3533 providentia
1152 3479 1263 3517 sua
1290 3466 1576 3519 credentes
1609 3466 1925 3533 adduceret,

356 3552 568 3613 statuit,
599 3552 649 3607 ei
678 3568 805 3605 vero
831 3554 923 3622 qui
955 3555 1111 3609 malis
1137 3554 1355 3624 gaudet,
1384 3571 1445 3609 ea
1475 3571 1596 3625 qua
1619 3565 1809 3611 contra
1838 3575 1929 3613 or-

354 3641 536 3696 dinem
570 3650 624 3697 et
670 3643 934 3699 inutiliter
961 3655 1244 3715 geruntur,
1277 3663 1339 3700 ex
1374 3648 1573 3716 quibus
1610 3649 1727 3703 sine
1760 3650 1927 3705 dubio

351 3736 514 3789 etiam
546 3736 897 3805 providentia
920 3737 1051 3792 ﬁdes
1081 3738 1134 3792 in
1163 3739 1388 3793 dubium
1424 3741 1629 3807 veniat;
1659 3748 1712 3795 et
1744 3741 1925 3796 habita

351 3837 435 3879 est
467 3842 562 3895 per
586 3826 686 3879 hoc
712 3842 740 3879 a
766 3828 920 3896 justo
948 3828 1057 3883 Deo
1077 3830 1224 3897 justa
1247 3830 1461 3884 divisio.
1490 3830 1628 3887 Hinc
1658 3847 1786 3902 ergo
1815 3841 1921 3897 est,

350 3920 495 3986 quod
532 3932 655 3971 cum
685 3920 968 3974 ordinatus
1016 3932 1287 3973 astrorum
1336 3936 1534 3977 cursus
1574 3922 1730 3978 ﬁdem
1760 3923 1924 3977 faciat

352 4024 517 4062 manu
546 4008 769 4063 artiﬁcis
811 4011 1088 4064 conditum
1139 4014 1422 4078 mundum,
1452 4029 1669 4067 rursum
1702 4022 1923 4069 contur-

349 4099 497 4153 batio
538 4100 704 4167 aeris,
739 4114 872 4153 aura
920 4100 1202 4169 pestilens,
1246 4100 1531 4155 fulminum
1581 4102 1698 4171 vagi
1744 4102 1919 4171 ignes,

341 4190 704 4251 Providentia
742 4206 880 4260 opus
923 4190 1193 4245 refellant.
1227 4189 1439 4245 Habent
1480 4191 1649 4256 enim,
1682 4197 1741 4246 ut
1780 4191 1924 4245 dixi-

346 4298 491 4346 mus,
522 4283 735 4353 singula
774 4297 1003 4353 quaque
1032 4284 1194 4341 bona.
1227 4282 1504 4336 contraria
1540 4289 1594 4337 et
1625 4282 1919 4352 conjuncta

346 4374 452 4428 sibi
480 4376 641 4437 mala,
676 4383 734 4429 ut
769 4374 1016 4430 fecundis
1042 4373 1307 4433 imbribus
1341 4374 1548 4443 grando
1574 4373 1787 4427 inimica
1812 4381 1915 4436 est,

2032 3186 2323 3254 abruptum
2346 3200 2536 3239 saxum
2563 3185 2617 3239 in
2642 3202 2881 3257 praceps
2906 3187 3059 3251 ferri,
3083 3187 3245 3256 idque
3267 3188 3471 3241 illisum
3488 3190 3611 3241 solo

2032 3276 2088 3330 in
2114 3276 2281 3329 multa
2311 3275 2617 3347 fragmenta
2638 3278 2957 3343 comminui,
2982 3279 3231 3348 nunquid
3252 3279 3471 3333 evenire
3494 3279 3612 3332 ullo

2030 3366 2194 3420 modo
2224 3374 2427 3437 potest,
2466 3375 2527 3421 ut
2576 3368 2631 3422 in
2682 3369 2773 3422 illa
2802 3370 3147 3425 multitudine
3177 3368 3609 3439 fragmentorum

2029 3458 2343 3512 inveniatur
2374 3474 2541 3513 unum
2576 3461 2769 3515 saltem
2813 3462 3197 3530 fragmentum,
3244 3461 3300 3514 in
3343 3476 3452 3530 quo
3480 3478 3611 3531 per-

2028 3547 2170 3601 fecta
2202 3550 2385 3619 aliqua
2416 3549 2630 3617 species
2659 3566 2755 3621 per
2783 3551 2965 3605 omnia
2998 3551 3266 3605 habeatur
3297 3566 3357 3604 ac
3390 3550 3610 3603 forma’

2026 3642 2093 3699 Et
2123 3659 2287 3699 senex
2326 3644 2611 3715 respondit
2646 3664 2659 3699 :
2691 3644 2809 3700 Non
2841 3652 3041 3715 potest.
3066 3644 3222 3711 Quod
3254 3646 3300 3701 si
3326 3645 3491 3707 adsit,
3520 3645 3611 3699 in-

2024 3738 2143 3807 quit
2184 3737 2402 3806 Aquila,
2444 3737 2724 3806 signorum
2767 3736 2985 3801 artifex,
3014 3738 3258 3790 excisum
3304 3735 3374 3789 de
3417 3746 3609 3790 monte

2026 3842 2219 3883 saxum
2247 3840 2415 3878 manu
2445 3824 2646 3878 artiﬁci
2668 3831 2722 3878 et
2754 3838 2918 3879 sensu
2947 3823 3254 3878 rationabili
3287 3822 3527 3877 formare
3549 3822 3607 3874 in

2023 3934 2186 3990 quam
2229 3919 2359 3973 velit
2396 3920 2637 3987 speciem
2674 3924 2872 3987 potest.
2906 3915 2972 3969 Et
3003 3931 3208 3973 senex:
3247 3914 3467 3981 Verum,
3510 3916 3602 3969 in-

2022 4012 2162 4080 quit,
2192 4010 2338 4065 istud
2386 4018 2491 4065 est.
2528 4008 2691 4079 Ergo,
2722 4010 2799 4062 ait
2849 4007 3067 4081 Aquila,
3097 4008 3190 4062 ubi
3241 4023 3441 4063 sensus
3488 4022 3605 4061 non

2022 4114 2107 4157 est
2134 4103 2502 4165 rationabilis,
2533 4102 2683 4155 nulla
2732 4102 2945 4171 species
2993 4116 3061 4155 ex
3108 4102 3322 4170 integro
3370 4099 3603 4153 formari

2021 4201 2224 4264 potest,
2259 4195 2351 4250 ubi
2380 4202 2558 4249 autem
2593 4208 2791 4251 sensus
2842 4200 2927 4247 est
2976 4191 3192 4257 artifex,
3229 4192 3303 4246 ibi
3337 4198 3392 4245 et
3422 4191 3601 4250 forma

2018 4298 2072 4345 et
2097 4288 2406 4351 informitas
2435 4302 2556 4343 esse
2588 4294 2766 4356 potest
2798 4301 2811 4336 :
2841 4286 2993 4340 verbi
3022 4286 3217 4355 gratia,
3250 4284 3296 4339 si
3319 4284 3540 4338 excidat
3569 4300 3600 4338 e

2020 4388 2205 4434 monte
2254 4395 2445 4435 saxum
2498 4377 2693 4433 artifex
2740 4377 2829 4431 cui
2872 4376 3099 4431 formam
3128 4376 3257 4429 velit
3290 4376 3597 4445 imponere,

345 4475 406 4520 ut
450 4468 563 4521 rori
611 4467 823 4536 placido
872 4467 1136 4536 rubiginis
1179 4476 1263 4521 est
1294 4467 1497 4521 sociata
1527 4467 1826 4535 corruptio,
1862 4478 1916 4522 ut
1944 4488 1995 4545 ι)
2023 4487 2247 4526 necesse
2294 4480 2378 4525 est
2428 4479 2488 4524 ut
2533 4470 2586 4524 id
2628 4470 2805 4539 primo
2841 4468 3074 4523 informe
3105 4467 3277 4522 cadat
3305 4476 3357 4521 et
3394 4468 3599 4522 barba-

345 4559 523 4611 veutis
567 4559 781 4613 lenibus
832 4559 1197 4627 procellarum
1249 4558 1493 4612 turbines
1537 4557 1714 4625 juncti
1765 4567 1913 4623 sunt,

344 4650 639 4704 fructuosis
688 4651 977 4705 arboribus
1022 4650 1398 4710 infructuosa,
1451 4648 1637 4703 herbis
1688 4650 1915 4705 utilibus

342 4740 539 4803 noxia,
574 4742 901 4796 animalibus
932 4741 1155 4796 mitibus
1197 4741 1312 4795 fera
1356 4748 1410 4793 et
1444 4740 1751 4809 perniciosa
1783 4756 1915 4795 con-

342 4847 481 4887 nexa
505 4840 655 4891 sunt.
679 4832 803 4887 Haec
830 4841 1010 4888 autem
1037 4834 1219 4886 omnia
1250 4832 1426 4901 posita
1457 4842 1586 4886 sunt
1610 4846 1638 4883 a
1664 4831 1793 4895 Deo,
1814 4848 1914 4901 pro

339 4939 407 4977 eo
448 4924 593 4993 quod
638 4923 951 4979 hominibus
997 4924 1250 4978 voluntas
1301 4922 1515 4977 arbitrii
1565 4937 1596 4975 a
1644 4922 1911 4979 bonorum

340 5016 619 5084 proposito
648 5016 902 5072 discessit
925 5024 978 5071 et
1006 5016 1300 5070 declinavit
1332 5016 1400 5069 ad
1430 5016 1589 5071 mala.

411 5106 545 5162 Llll.
582 5108 749 5177 Igitur
778 5108 832 5161 in
866 5108 1121 5163 omnibus
1146 5108 1331 5161 mundi
1358 5108 1519 5162 rebus
1545 5107 1777 5161 habetur
1804 5106 1908 5161 ista

338 5200 553 5265 divisio,
583 5207 636 5253 et
663 5200 805 5254 sicut
839 5210 966 5254 sunt
994 5202 1090 5269 pii,
1133 5202 1203 5253 ita
1235 5209 1288 5254 et
1317 5201 1489 5270 impii,
1534 5208 1591 5253 ut
1623 5208 1750 5254 sunt
1782 5216 1909 5270 pro-

338 5291 533 5361 pheta,
561 5291 634 5343 ita
664 5298 718 5346 et
746 5290 865 5346 falsi
896 5292 1203 5362 propheta;
1250 5292 1345 5347 sed
1391 5300 1446 5345 et
1488 5292 1633 5362 apud
1678 5293 1908 5364 gentiles

338 5390 467 5437 sunt
496 5382 829 5455 philosophi,
863 5392 990 5445 sunt
1039 5391 1093 5437 et
1143 5382 1265 5438 falsi
1318 5383 1659 5454 philosophi;
1691 5382 1905 5437 Judao-

335 5490 457 5527 rum
508 5490 725 5546 quoque
757 5474 1232 5530 circumcisionem
1268 5475 1511 5529 Arabica
1542 5482 1729 5543 gentes
1760 5474 1906 5525 alia-

334 5578 439 5630 que
465 5562 710 5631 plurima
752 5563 818 5616 ad
850 5564 1211 5617 ministerium
1244 5580 1357 5618 sua
1385 5565 1674 5633 impietatis
1707 5564 1903 5617 imitati

336 5664 480 5706 sunt.
517 5651 606 5706 Sic
634 5663 688 5708 et
715 5655 900 5709 divino
935 5656 1102 5710 cultui
1132 5665 1216 5711 est
1253 5657 1563 5710 contrarius
1594 5656 1899 5711 damonqu

336 5745 539 5811 cultus,
588 5754 640 5799 et
695 5747 966 5816 baptismo
1014 5749 1336 5819 baptismus,
1371 5761 1419 5805 ct
1471 5751 1571 5821 legi
1625 5752 1792 5821 leges,
1848 5759 1900 5806 et

2021 4580 2160 4628 rum,
2198 4571 2312 4616 tum
2358 4562 2556 4619 deinde
2589 4561 2851 4631 paulatim
2898 4559 3173 4615 excudens
3204 4566 3260 4612 et
3299 4557 3367 4610 ad
3398 4557 3597 4611 libram

2018 4670 2131 4710 sua
2153 4655 2288 4709 artis
2309 4655 2657 4725 exsculpens,
2676 4653 2950 4723 exprimat
2973 4650 3199 4710 formam
3224 4664 3386 4719 quam
3410 4659 3597 4704 mente

2015 4747 2349 4817 conceperit.
2380 4745 2458 4799 lta
2485 4760 2616 4815 ergo
2636 4761 2701 4799 ex
2734 4745 3071 4799 informitate
3100 4742 3184 4797 vel
3214 4742 3593 4802 deformitate,

2014 4837 2240 4895 artiﬁcis
2272 4852 2437 4891 manu
2467 4836 2784 4906 pervenitur
2826 4836 2892 4890 ad
2924 4834 3177 4897 formam,
3208 4842 3262 4887 et
3295 4844 3596 4901 utrumque

2012 4927 2081 4981 ab
2122 4926 2329 4981 artiﬁce
2376 4925 2657 4994 procedit;
2691 4924 2857 4979 simili
2900 4924 3068 4994 igitur
3096 4923 3259 4977 modo
3289 4934 3341 4977 et
3378 4939 3441 4976 ea
3468 4939 3595 4991 qua

2012 5016 2069 5071 in
2100 5017 2306 5070 mundo
2335 5024 2621 5086 geruntur,
2642 5029 2738 5084 per
2758 5012 2985 5066 artiﬁcis
3004 5011 3397 5082 providentiam
3428 5009 3589 5072 ﬁunt,

2009 5108 2224 5163 etiamsi
2257 5109 2439 5162 minus
2467 5106 2721 5161 ordinata
2751 5104 3059 5159 videantur.
3090 5101 3156 5155 Et
3187 5102 3306 5157 ideo
3328 5102 3455 5171 quia
3487 5104 3591 5158 tibi

2007 5201 2129 5255 dua
2160 5201 2278 5255 ista
2310 5200 2666 5254 innotueruut
2710 5196 2831 5259 via,
2862 5211 3159 5266 earumque
3204 5195 3462 5262 accepisti
3498 5194 3589 5248 di-

2008 5290 2270 5353 visiones,
2304 5289 2427 5359 fuge
2465 5286 2801 5343 inﬁdelitatis
2845 5285 3015 5350 viam,
3047 5300 3115 5339 ne
3145 5284 3285 5339 forte
3315 5283 3590 5353 perducat

2007 5390 2061 5437 te
2090 5382 2157 5436 ad
2190 5382 2341 5436 illum
2373 5380 2673 5451 principem
2701 5379 2796 5449 qui
2828 5378 2988 5433 malis
3012 5377 3233 5449 gaudet,
3265 5389 3500 5447 sequere
3534 5381 3590 5432 ﬁ-

2006 5475 2093 5529 dei
2124 5475 2289 5538 viam,
2322 5483 2382 5527 ut
2418 5474 2703 5543 pervenire
2748 5472 2931 5543 possis
2982 5471 3050 5526 ad
3095 5486 3275 5543 regem
3306 5470 3463 5525 illum
3486 5472 3588 5542 qui

2006 5568 2166 5623 bonis
2193 5567 2507 5621 hominibus
2535 5566 2751 5637 gaudet.

2074 5658 2182 5713 LV.
2221 5658 2303 5713 Ad
2355 5659 2471 5713 hac
2523 5674 2689 5713 senex
2746 5654 3028 5725 respondit
3071 5674 3083 5709 :
3130 5655 3242 5709 Cur
3290 5664 3471 5709 autem
3529 5666 3589 5712 et

2006 5753 2255 5825 princeps
2288 5753 2377 5807 ille
2403 5752 2496 5825 qui
2529 5752 2687 5808 malis
2724 5748 2924 5821 gaudet
2972 5747 3152 5803 factus
3194 5760 3294 5811 εει,
3336 5760 3390 5804 et
3438 5755 3587 5807 unde
