3888 6192
236 357 377 413 1597

1433 324 2025 389 RECOGNITIONUM.
2061 353 2131 362 —
2168 319 2296 375 LIB.
2320 317 2468 381 ,Vlll.

3336 308 3471 362 i398

236 474 416 529 factus
441 476 524 524 est
553 474 645 521 aut
674 480 781 521 non
807 472 893 520 est
924 461 1141 518 factus?
1186 455 1381 528 Aquila
1410 454 1486 507 ait
1518 471 1531 506 :
1561 449 1801 504 Alterius
1831 451 1875 507 Α
1904 442 2036 506 sint,
2059 454 2167 493 non
2198 440 2430 507 possunt
2459 441 2637 487 tamen
2664 428 2881 484 ﬂectere
2911 439 2997 481 me
3022 429 3082 479 ut
3110 421 3328 519 credam
3358 421 3475 519 fieri

237 563 499 634 temporis
528 567 611 615 est
642 559 742 615 iste
770 562 1071 622 tractatus;
1098 565 1288 607 verum
1314 563 1383 602 ne
1412 560 1608 615 expers
1640 542 1803 596 abeas

237 658 407 713 etiam
438 654 602 721 hujus
629 648 1020 721 responsionis,
1048 660 1219 716 pauca
1245 642 1341 696 tibi
1366 640 1433 695 de
1456 639 1559 692 hoc
1588 648 1806 706 quoque

239 746 556 802 insinuabo.
590 741 850 798 Praescius
890 738 1134 792 omnium
1184 732 1327 787 Deus
1375 737 1499 783 ante
1533 725 1805 781 constitu-

240 840 448 894 tionem
473 834 683 899 mundi,
710 833 885 889 sciens
909 829 1035 900 quia
1062 825 1230 881 futuri
1262 822 1532 881 homines,
1558 816 1650 870 alii
1693 812 1809 884 qui-

234 931 372 987 dem
416 928 486 984 ad
535 928 697 987 bona,
727 925 820 979 alii
849 937 980 978 vero
1012 920 1080 975 ad
1108 916 1385 974 contraria
1429 908 1805 967 declinabunt,

243 1040 343 1083 eos
373 1024 468 1093 qui
486 1023 629 1077 bona
656 1019 931 1089 elegerint,
954 1030 1055 1070 suo
1090 1008 1418 1084 principatui
1443 1014 1498 1060 et
1527 1018 1641 1059 sua
1664 1016 1810 1056 cura

246 1116 479 1175 sociavit
512 1124 673 1184 atque
703 1110 1065 1167 hareditatem
1110 1103 1215 1160 sibi
1250 1116 1345 1157 eos
1394 1097 1670 1170 propriam
1713 1106 1812 1145 no-

246 1209 477 1267 minavit
497 1183 699 1273 ‘°;reos
727 1218 847 1258 vero
873 1200 964 1272 qui
983 1199 1048 1253 ad
1066 1196 1204 1251 mala
1228 1189 1573 1253 declinarint,
1605 1183 1812 1253 angelis

249 1300 517 1373 regendos
558 1297 796 1369 permisit
825 1296 914 1349 his
972 1291 1065 1362 qui
1110 1304 1220 1344 non
1264 1301 1361 1356 per
1405 1277 1767 1338 substantiam
1795 1313 1811 1339 ,

250 1371 348 1451 sed
401 1408 500 1464 per
537 1391 845 1462 oppositum
874 1400 999 1441 cum
1030 1383 1142 1438 Deo
1181 1389 1499 1451 permanere
1522 1371 1817 1426 noluerunt

250 1485 472 1542 invidia
513 1490 567 1539 et
613 1479 875 1551 superbia
916 1476 1047 1531 vitio
1095 1471 1373 1541 corrupti;
1434 1466 1631 1535 dignos
1687 1474 1819 1530 ergo

251 1579 544 1649 dignorum
572 1574 837 1644 principes
867 1570 1014 1624 fecit.
1040 1565 1120 1620 Ita
1150 1573 1335 1618 tamen
1368 1575 1462 1615 eos
1492 1554 1821 1624 tradiditiut

253 1645 367 1723 non
386 1667 624 1721 habeant
650 1666 967 1734 paestatem
995 1657 1051 1710 in
1072 1671 1166 1711 eos
1192 1651 1426 1708 faciendi
1446 1647 1589 1719 quod
1609 1645 1819 1707 volunt,

255 1759 366 1814 nisi
417 1763 684 1813 statutum
724 1753 830 1810 sibi
876 1752 945 1807 ab
988 1748 1147 1804 initio
1192 1742 1484 1799 terminum
1522 1743 1820 1793 transeant.

1902 528 2108 599 aliquid
2140 506 2301 596 posse
2328 534 2483 579 extra
2508 519 2773 592 genesim.
2808 515 2934 571 Scio
2959 514 3104 569 enim
3137 509 3318 566 omnia
3342 506 3473 563 mihi

1903 618 2231 674 necessitate
2274 628 2488 685 genesrs
2533 609 2894 666 accidisse.et
2937 607 3061 662 ideo
3094 605 3315 662 suaderi
3342 604 3476 658 mihi

1906 726 2016 765 non
2063 716 2265 780 potest,
2294 706 2423 776 quia
2452 702 2538 759 vel
2573 702 2712 757 bene
2742 699 2829 754 vel
2853 699 2994 754 male
3022 713 3182 769 agere
3207 697 3261 750 in
3294 704 3481 750 nostra

1908 806 2174 869 potestate
2200 797 2304 861 sit;
2349 802 2403 849 et
2451 792 2499 847 si
2549 798 2705 846 actus
2742 799 2962 845 nostros
2991 788 3046 842 in
3072 792 3343 857 poteState
3371 800 3479 838 non

1909 890 2196 953 habemus,
2247 902 2355 941 non
2393 889 2573 955 potest
2601 881 2751 936 credi
2785 879 3026 936 futurum
3053 893 3174 934 esse
3194 875 3483 947 judicium,

1911 996 2009 1052 per
2036 979 2181 1050 quod
2206 978 2289 1032 vel
2317 976 2475 1030 malis
2502 988 2675 1044 pana
2695 973 2780 1028 vel
2794 972 2953 1028 bonis
2984 968 3205 1041 praemia
3237 967 3487 1021 tribuan-

1912 1084 2021 1130 tur.
2044 1072 2285 1143 Denique
2307 1070 2564 1140 quoniam
2594 1076 2649 1123 te
2673 1068 2939 1121 imbutum
2965 1064 3124 1118 video
3156 1063 3210 1116 in
3233 1061 3490 1131 hujusce-

1912 1166 2060 1221 modi
2091 1163 2419 1234 disciplinis,
2456 1174 2629 1230 pauca
2658 1160 2757 1213 tibi
2788 1174 2853 1213 ex
2888 1158 3005 1227 ipsa
3048 1164 3164 1209 arte
3191 1152 3485 1224 proferam.

1916 1259 1997 1326 Si,
2030 1259 2207 1329 inquit
2232 1257 2448 1325 Aquila,
2480 1270 2545 1310 ex
2596 1255 2714 1324 ipsa
2763 1250 3049 1320 disciplina
3089 1256 3339 1303 astruere
3387 1246 3490 1299 ali-

1916 1348 2048 1421 quid
2070 1348 2249 1417 cupis,
2281 1347 2446 1400 frater
2476 1358 2629 1397 meus
2658 1341 2909 1396 Clemens
2942 1336 3036 1391 tibi
3062 1333 3378 1404 diligentius
3406 1348 3496 1385 re-

1919 1439 2227 1514 spondebit,
2259 1438 2352 1508 qui
2400 1436 2616 1507 plenius
2660 1431 2944 1487 scientiam
2985 1425 3249 1482 mathesis
3280 1423 3491 1492 attigit;

1919 1549 2020 1603 ego
2051 1532 2196 1587 enim
2224 1530 2345 1584 aliis
2373 1528 2476 1583 viis
2503 1539 2750 1582 asserere
2780 1536 3026 1592 possunt,
3046 1516 3193 1587 quod
3216 1521 3373 1570 actus
3398 1528 3496 1567 no-

1924 1628 2024 1684 stri
2063 1627 2118 1680 in
2149 1631 2340 1679 nostra
2379 1621 2490 1677 sint
2518 1619 2681 1691 positi
2713 1623 3000 1687 potestate,
3033 1610 3137 1665 ista
3168 1616 3347 1663 autem
3379 1622 3498 1677 qua

1923 1737 2034 1777 non
2056 1719 2245 1783 didici,
2276 1729 2608 1788 prasumere
2637 1728 2746 1767 non
2776 1710 2967 1766 debeo.

256 1849 360 1904 Hic
385 1854 471 1904 est
502 1856 681 1901 autem
718 1850 946 1900 statutus
975 1837 1267 1898 terminus,
1300 1840 1358 1887 ut
1381 1829 1488 1884 nisi
1513 1828 1636 1898 quis
1673 1824 1824 1896 prius
1856 1813 1903 1867 Β
1995 1832 2177 1889 Lvul',
2219 1830 2356 1886 Cum
2404 1830 2521 1884 hac
2566 1825 2762 1897 Aquila
2788 1825 3036 1889 dixisset,
3069 1838 3170 1893 ego
3200 1820 3455 1876 Clemens
3484 1836 3499 1872 :

258 1938 452 1995 fecerit
480 1937 776 1992 damonum
807 1932 1166 1991 voluntatem,
1213 1923 1488 1977 damones
1533 1918 1589 1970 in
1619 1929 1684 1970 eo
1718 1928 1824 1967 non

259 2031 505 2087 habeant
531 2033 868 2099 potestatem.

331 2123 467 2180 LVI.
507 2121 573 2176 Et
602 2134 757 2176 senex
790 2118 865 2171 ait
900 2134 913 2171 :
948 2112 1232 2184 Magnifice
1257 2114 1581 2180 prosecutus
1605 2119 1686 2167 es,
1718 2100 1826 2167 illi;

261 2221 514 2286 superest
549 2225 694 2267 nunc
719 2216 775 2263 ut
809 2208 960 2262 dicas
998 2203 1139 2259 unde
1185 2210 1270 2257 est
1310 2196 1621 2256 substantia
1664 2191 1833 2257 mali;

262 2308 313 2364 si
335 2285 497 2362 enim
549 2319 579 2357 a
633 2301 730 2355 Deo
776 2301 918 2354 facta
959 2302 1061 2362 est,
1098 2293 1311 2348 fructus
1362 2290 1538 2345 malus
1590 2285 1829 2341 radicem

263 2398 591 2469 culpabilem
617 2395 788 2458 docet,
818 2392 1037 2446 videtur
1067 2388 1212 2444 enim
1246 2395 1299 2440 et
1345 2385 1462 2454 ipsa
1491 2380 1647 2435 mala
1674 2385 1829 2432 natu-

262 2506 342 2547 ra
370 2508 382 2543 :
419 2488 466 2542 si
498 2501 626 2541 vero
656 2491 916 2540 coaterna
948 2478 1050 2533 fuit
1076 2478 1190 2531 hac
1214 2469 1519 2535 substantia
1544 2470 1673 2535 Deo,
1694 2480 1833 2537 quo-

266 2580 431 2636 modo
460 2584 637 2649 potest
664 2574 804 2645 quod
833 2571 1118 2643 aqualiter
1164 2565 1463 2636 ingenitum
1509 2568 1563 2617 et
1610 2567 1837 2614 coaeter-

266 2687 401 2728 num
442 2648 547 2732 est,
579 2664 734 2721 alteri
776 2679 898 2722 esse
940 2657 1286 2732 subjectum?
1313 2654 1433 2711 Non
1466 2667 1679 2722 semper
1712 2648 1836 2716 fuit,

268 2765 450 2836 inquit
485 2762 712 2833 Aquila;
755 2759 844 2814 sed
877 2772 1052 2828 neque
1083 2755 1129 2812 si
1159 2770 1225 2809 ex
1257 2751 1366 2807 Deo
1397 2749 1541 2803 facta
1572 2753 1677 2809 est,
1707 2761 1840 2800 con-

270 2854 431 2910 tinuo
457 2864 681 2908 necesse
722 2854 804 2902 est
845 2848 1010 2902 etiam
1039 2843 1378 2900 conditorem
1407 2838 1528 2908 ejus
1556 2837 1719 2891 talem
1754 2836 1840 2889 vi-

270 2948 415 3011 deri,
438 2946 598 3018 quale
640 2948 724 2998 est
762 2940 893 2995 illud
942 2938 1088 3010 quod
1136 2938 1205 2992 ab
1247 2950 1312 2991 eo
1342 2933 1543 2989 factum
1572 2938 1677 2987 est.
1706 2928 1844 2983 Nam

275 3033 615 3092 substantias
642 3027 856 3100 quidem
888 3026 1031 3082 Deus
1082 3024 1210 3081 fecit
1242 3023 1508 3086 omnium,
1541 3021 1637 3076 sed
1673 3020 1718 3074 si
1755 3034 1845 3072 ra-

272 3124 553 3183 tionabilis
595 3135 747 3176 mens
793 3134 906 3188 qua
955 3133 987 3172 a
1027 3117 1136 3172 Deo
1179 3116 1324 3170 facta
1368 3120 1472 3177 est,
1502 3124 1843 3182 nequaquam

276 3216 580 3273 conditoris
608 3212 694 3269 sui
717 3210 919 3280 legibus
950 3208 1270 3279 acquiescit,
1302 3213 1356 3260 et
1380 3204 1601 3259 modum
1632 3210 1849 3258 statuta

276 3310 385 3365 sibi
432 3304 806 3376 temperantia
848 3304 1086 3367 excedit,
1120 3298 1250 3371 quid
1283 3300 1384 3353 hoc
1412 3296 1479 3350 ad
1514 3295 1851 3350 conditorem

279 3398 532 3471 spectat?
560 3396 658 3453 Vel
686 3397 732 3453 si
760 3396 939 3467 aliqua
973 3403 1057 3453 est
1102 3394 1243 3448 ratio
1274 3392 1389 3445 hac
1436 3389 1686 3459 superior
1715 3386 1849 3456 (78),

280 3495 636 3565 ignoramus;
668 3504 847 3559 neque
875 3486 1011 3542 enin
1058 3486 1127 3541 de
1171 3482 1401 3554 singulis
1445 3480 1511 3534 ad
1553 3477 1852 3550 perfectum

283 3585 433 3640 scire
454 3596 769 3654 possumus,
800 3585 855 3634 et
882 3578 948 3633 de
976 3576 1056 3631 his
1083 3574 1355 3647 praecipue
1400 3586 1499 3643 pro
1527 3570 1725 3642 quibus
1746 3583 1855 3622 non

285 3690 483 3735 sumus
503 3670 805 3744 judicandi,
837 3682 936 3723 cur
979 3668 1304 3737 ignoremus.
1328 3663 1405 3718 Ea
1432 3678 1562 3718 vero
1591 3676 1688 3732 pro
1734 3659 1852 3730 qui-

287 3771 395 3825 bus
424 3764 706 3838 judicandi
737 3776 951 3825 sumus,
986 3757 1235 3813 facillima
1280 3763 1411 3810 sunt
1442 3754 1506 3808 ad
1554 3751 1859 3821 intelligen-

290 3860 448 3924 dum,
478 3865 533 3913 et
582 3870 722 3928 pene
773 3867 884 3908 uno
938 3864 1181 3906 sermone
1245 3847 1622 3902 absolvuntur.
1670 3842 1859 3898 Omnis

290 3952 442 4009 enim
472 3946 864 4021 propemodum
892 3951 1103 3997 actuum
1138 3950 1447 3996 nostrorum
1468 3938 1521 3991 in
1553 3951 1619 3991 eo
1649 3934 1859 4005 colligi-

293 4053 387 4099 tur
422 4038 794 4102 observantia,
826 4044 887 4091 ut
915 4033 1061 4105 quod
1086 4033 1179 4103 ipsi
1210 4033 1320 4105 pati
1356 4031 1631 4095 nolumus,
1664 4043 1732 4082 ne
1760 4027 1863 4081 hoc

296 4136 425 4192 aliis
454 4132 791 4195 inferamus;
823 4128 966 4183 sicut
995 4125 1133 4179 enim
1162 4125 1278 4195 ipse
1307 4122 1483 4179 occidi
1508 4136 1617 4174 non
1648 4119 1750 4183 vis,
1771 4133 1864 4172 ca-

294 4239 432 4281 veas
477 4228 692 4292 oportet
737 4235 807 4273 ne
860 4217 1026 4271 alium
1067 4215 1301 4279 occidas;
1325 4221 1377 4268 et
1406 4212 1547 4266 sicut
1572 4216 1726 4263 tuum
1755 4223 1865 4262 non

296 4318 388 4375 vis
417 4316 611 4372 violari
641 4309 1075 4372 matrimonium,
1107 4322 1203 4361 nec
1250 4313 1310 4360 tu
1355 4302 1580 4358 alterius
1624 4301 1866 4355 macules

299 4423 513 4476 torum;
543 4408 749 4463 furtum
780 4404 891 4477 pati
922 4417 1031 4457 non
1056 4399 1163 4463 vis,
1194 4414 1298 4455 nec
1324 4399 1441 4468 ipse
1468 4395 1670 4461 facias;
1701 4402 1755 4449 et
1786 4394 1869 4447 in-

1925 1915 2203 1990 Crastino,
2237 1924 2480 1992 inquam,
2511 1921 2686 1984 dices,
2715 1919 2902 1983 Pater,
2934 1926 2995 1971 ut
3022 1916 3195 1971 voles.
3227 1921 3281 1969 et
3314 1912 3501 1968 audie-

1927 2036 2052 2078 mus
2078 2020 2334 2083 libenter,
2363 2031 2486 2071 nam
2515 2024 2568 2069 et
2589 2023 2639 2069 te
2668 2022 2801 2084 puto
2824 2019 2972 2081 grate
3003 2009 3334 2071 habiturum,
3357 2006 3503 2078 quod

1930 2129 2054 2168 cum
2084 2113 2171 2167 his
2198 2111 2296 2166 tibi
2325 2109 2429 2165 erit
2457 2123 2661 2171 sermo,
2694 2106 2786 2176 qui
2816 2112 3065 2174 expertes
3087 2116 3198 2155 non
3231 2106 3360 2155 sunt
3387 2100 3507 2169 ejus

1931 2220 2095 2276 quam
2121 2201 2415 2273 protuleris
2444 2198 2768 2269 disciplina.
2790 2194 2926 2250 Cum
2954 2209 3085 2264 ergo
3112 2193 3405 2264 placuisset
3425 2193 3511 2246 in-

1933 2306 2017 2353 ter
2048 2312 2136 2352 me
2161 2303 2216 2351 et
2251 2309 2460 2357 senem,
2490 2300 2551 2346 ut
2593 2290 2844 2360 sequenti
2884 2287 2973 2343 die
3002 2286 3305 2356 disputatio
3350 2284 3509 2340 nobis

1935 2389 2003 2444 de
2049 2390 2263 2443 ratione
2303 2384 2521 2457 genesis
2572 2382 2885 2446 haberetur,
2918 2388 3104 2433 utrum
3146 2378 3329 2431 omnia
3351 2392 3416 2431 ex
3446 2390 3511 2429 ea

1936 2480 2148 2545 fierent,
2181 2494 2249 2533 an
2277 2485 2424 2533 esset
2451 2473 2657 2544 aliquid
2686 2472 2743 2526 in
2774 2471 2954 2533 nobis,
2985 2470 3132 2540 quod
3165 2485 3273 2523 non
3298 2466 3515 2537 genesis

1938 2571 2033 2626 sed
2062 2569 2229 2623 animi
2255 2567 2526 2637 judicium
2557 2569 2788 2635 gereret,
2821 2561 3018 2616 Petrus
3051 2559 3291 2615 surrexit
3321 2567 3375 2613 et
3399 2572 3518 2612 ser-

1938 2676 2157 2718 monem
2193 2659 2372 2715 facere
2417 2659 2524 2713 hoc
2574 2656 2739 2711 modo
2776 2655 2980 2724 capit:
3013 2652 3208 2706 Mirum
3239 2650 3373 2705 mihi
3422 2650 3520 2704 ad-

1940 2754 2164 2809 modum
2196 2760 2300 2817 est,
2326 2751 2475 2822 quod
2504 2765 2594 2805 res
2627 2764 2748 2821 qua
2779 2746 2939 2802 facile
2988 2743 3221 2801 inveniri
3270 2751 3517 2812 possunt,

1943 2846 2195 2901 homines
2222 2842 2515 2913 exquisitis
2546 2839 2975 2911 cogitationibus
3014 2852 3079 2892 ac
3108 2834 3291 2891 verbis
3331 2832 3524 2889 dillici-

1944 2938 2026 2993 les
2052 2936 2279 3001 faciunt,
2314 2941 2368 2988 ct
2398 2934 2451 2986 hi
2480 2932 2715 2986 maxime
2744 2930 2838 2999 qui
2881 2928 3135 2983 videntur
3164 2924 3271 2980 sibi
3308 2923 3525 2994 sapien—

1947 3038 2051 3095 tes,
2071 3030 2275 3100 quique
2298 3027 2537 3081 volentes
2570 3023 2664 3077 Dei
2687 3022 3018 3077 voluntatem
3044 3015 3524 3087 comprehendere,

1948 3123 2103 3194 quasi
2132 3120 2352 3175 homine
2384 3125 2611 3171 utuntur
2649 3114 2778 3180 Deo,
2809 3112 2919 3166 imo
2963 3117 3018 3166 et
3050 3110 3098 3165 si
3128 3108 3262 3179 quid
3306 3107 3524 3171 minus;

1951 3230 2076 3270 nam
2110 3210 2349 3267 hominis
2379 3208 2669 3264 consilium
2698 3206 2783 3261 vel
2813 3218 3037 3259 sensum
3067 3201 3209 3257 scire
3242 3214 3403 3255 nemo
3431 3213 3528 3269 po-

1952 3314 2079 3370 test,
2111 3304 2217 3359 nisi
2254 3303 2370 3372 ipse
2400 3300 2597 3372 prodat
2622 3300 2715 3369 qui
2741 3296 3081 3367 cogitaverit,
3114 3293 3210 3349 sed
3241 3307 3419 3362 neque
3439 3306 3530 3344 ar-

1952 3400 2062 3448 tem
2092 3389 2218 3461 quis
2247 3389 2459 3443 discere
2491 3394 2692 3457 potest,
2741 3384 2847 3441 nisi
2878 3384 3050 3438 multo
3081 3389 3322 3453 tempore
3351 3395 3382 3433 a
3414 3394 3533 3433 ma-

1953 3481 2125 3552 gistro
2172 3478 2337 3535 fuerit
2367 3480 2641 3545 imbutus;
2682 3484 2890 3549 quanto
2930 3476 3104 3546 magis
3152 3473 3441 3530 invisibilis
3480 3481 3534 3527 et

1955 3570 2525 3643 incomprehensibilis
2568 3569 2662 3625 Dei
2700 3584 2877 3640 neque
2906 3583 3130 3624 sensum
3177 3583 3355 3637 neque
3394 3582 3534 3636 Opus

1959 3664 2101 3718 scire
2139 3662 2264 3735 quis
2295 3668 2493 3732 potest,
2539 3660 2647 3716 nisi
2695 3660 2813 3731 ipse
2860 3661 3041 3715 mittat
3067 3658 3409 3729 prophetam,
3441 3661 3535 3729 qui

1958 3758 2177 3806 enarret
2204 3751 2496 3807 consilium
2521 3766 2681 3806 suum
2724 3758 2778 3805 et
2820 3750 2965 3804 viam
2996 3748 3331 3805 conditionis
3362 3764 3535 3820 expo-

1961 3848 2074 3906 nat,
2118 3840 2175 3894 in
2221 3846 2487 3910 quantum
2532 3839 2745 3894 discere
2784 3837 3100 3893 hominibus
3131 3835 3214 3893 fas
3252 3845 3355 3893 est.
3387 3835 3540 3891 Unde

1961 3932 2253 3987 ridiculum
2284 3939 2436 4003 puto,
2469 3946 2594 3985 cum
2621 3930 2965 3985 naturalibus
2989 3929 3094 3983 viis
3124 3930 3192 3984 de
3218 3929 3422 3984 virtute
3444 3926 3539 3982 Dei

1964 4024 2211 4079 homines
2247 4023 2519 4093 judicant,
2554 4029 2608 4077 et
2652 4028 2847 4092 putant
2896 4022 3001 4075 hoc
3052 4020 3271 4090 quidem
3316 4020 3368 4075 ei
3418 4034 3542 4074 esse

1964 4116 2246 4187 possibile,
2278 4116 2414 4170 illud
2440 4129 2570 4169 vero
2598 4113 2953 4183 impossibile,
2982 4119 3079 4166 aut
3108 4113 3211 4167 hoc
3236 4112 3438 4180 majus,
3478 4111 3545 4164 il-

1966 4206 2060 4261 lud
2104 4207 2307 4270 minus,
2338 4206 2513 4276 ignari
2543 4204 2808 4267 omnium,
2840 4202 2935 4273 qui
2977 4217 3100 4257 cum
3142 4201 3254 4257 sint
3295 4200 3545 4255 homines

1968 4301 2179 4369 injusti,
2228 4298 2477 4368 judicant
2524 4295 2694 4351 Deum
2738 4294 2969 4365 justum,
3006 4290 3276 4347 artificem
3325 4290 3546 4360 imperi-

1968 4391 2010 4443 ti
2042 4389 2178 4461 (79),
2204 4386 2672 4457 incorruptibilem
2712 4383 2979 4454 corrupti,
3015 4382 3226 4437 factura
3260 4380 3545 4435 factorem.

302 4512 393 4559 tra
440 4471 581 4555 hanc
628 4471 867 4569 regulam
922 4505 1276 4548 humanorum
1321 4498 1597 4561 gestorum
1656 4486 1870 4556 singula
1900 4501 1944 4555 D
2043 4478 2179 4534 LIX.
2221 4478 2288 4532 Et
2310 4478 2436 4533 nolo
2460 4478 2678 4548 putetis,
2709 4475 2840 4546 quia
2884 4476 2999 4530 hac
3035 4474 3226 4528 dicens
3265 4471 3546 4542 judicandi

305 4608 537 4667 quaque
559 4597 917 4646 concurrunt.

382 4684 538 4741 LVII.
578 4683 718 4737 Tum
748 4694 912 4736 senex
949 4697 961 4732 :
993 4675 1071 4732 Ne
1108 4690 1260 4747 agre,
1294 4673 1490 4744 inquit,
1522 4672 1779 4740 accipias,
1811 4670 1873 4725 fi-

311 4779 375 4844 li,
406 4778 551 4849 quod
572 4776 819 4832 dicturus
843 4786 995 4836 sum;
1026 4782 1303 4824 sermones
1327 4767 1406 4820 tui
1433 4763 1682 4835 quamvis
1709 4762 1874 4817 validi

422 4916 466 4947 °°
493 4913 651 4969 Deut.
678 4926 850 4975 xxxn,
877 4908 909 4963 8
937 4908 993 4963 in
1015 4902 1188 4959 LXX.

1970 4574 2039 4629 de
2068 4575 2231 4629 rebus
2263 4573 2469 4643 perimo
2498 4570 2832 4633 facultatem,
2876 4568 2972 4623 sed
3022 4566 3313 4622 consilium
3358 4563 3430 4619 do
3480 4578 3550 4617 ne

1972 4686 2069 4741 per
2105 4670 2259 4725 devia
2291 4664 2729 4738 quisincedens,
2757 4664 2876 4718 sine
2908 4661 3013 4717 fine
3041 4660 3290 4715 incurrat
3310 4671 3547 4713 errores.

1976 4762 2043 4816 Et
2069 4763 2191 4817 ideo
2219 4776 2331 4817 non
2359 4761 2533 4817 solum
2566 4756 2925 4829 sapientibus,
2959 4753 3055 4809 sed
3083 4760 3138 4808 et
3170 4752 3424 4808 omnibus
3452 4750 3553 4805 h0-

1598 5034 1962 5092 COTELEBII
1999 5035 2247 5093 NOTAE-

401 5194 502 5271 [78)
550 5190 642 5245 Vel
664 5191 710 5244 si
739 5189 917 5271 aliqua
946 5182 1188 5271 est‘rntio
1206 5178 1309 5271 Altae
1324 5172 1737 5271 ξξρεςξῗτΎίξιξ

319 5244 672 5325 ῑθιὲῖἠὸίειε
705 5259 770 5313 ad
812 5244 1257 5312 Clementinorum
1280 5244 1428 5303 hom.
1461 5261 1578 5310 xix,
1610 5261 1760 5299 num.
1791 5244 1877 5311 ιε,

260 5336 263 5341 ’
322 5334 592 5395 Patr.'Gr.
642 5338 685 5385 t.
714 5328 775 5383 ll.
808 5327 967 5381 Em'l'.

394 5428 512 5500 (79);
548 5420 926 5500 Quicumjint
949 5414 1182 5500 homines
1203 5409 1402 5500 injusti,
1426 5415 1533 5489 etc.
1563 5405 1682 5500 HLuc
1711 5403 1878 5500 perti-

321 5475 594 5555 nei‘illlu'd
636 5490 1061 5547 Tertullianeum
1090 5504 1107 5555 ξ
1139 5475 1343 5555 Quanto
1390 5479 1555 5555 magis
1599 5475 1690 5555 (to:
1736 5476 1881 5555 ᾼηρ-

324 5542 878 5623 ἓῆἇτξῖῖᾶεγῖοῖξιᾶει,
902 5542 1254 5624 ἱηιρνιιάεῆιεε
1279 5550 1342 5624 te
1368 5542 1883 5624 prudentibusjudié

557 5613 715 5705 illabi
742 5613 1043 5705 immusic'os
1063 5624 1134 5705 de_
1154 5613 1380 5705 musicis;
1399 5615 1731 5705 Apologetici
1748 5629 1796 5668 c.
1825 5613 1877 5705 εἰ

595 5682 723 5773 ejus
737 5682 1136 5773 :Scythaeapud
1164 5690 1430 5773 Laeuium
1448 5682 1469 5742 Ξ
1490 5682 1788 5773 θαιῖρζάζεξν
1826 5682 1883 5734 δὲ

328 5755 582 5845 ﬂuvidi;
612 5755 763 5833 ἦάῥὰ
791 5755 897 5831 τόῖς
928 5755 1175 5833 Ἕλλησιν
1206 5759 1549 5830 ἀγωνίζονται
1586 5757 1680 5824 μὲν
1712 5755 1765 5808 οἱ
1798 5770 1883 5806 τε·-

1986 5180 2181 5247 χνῖται,
2235 5176 2475 5247 κρίνουσι
2508 5174 2651 5247 δὲῌοὶι
2684 5174 2755 5243 μὴ
2772 5172 3041 5247 aspirati.
3079 5163 3317 5247 Ειέρυά
3342 5161 3558 5247 l’lutar-

1986 5232 2234 5302 Ehutn'in
2268 5232 2466 5300 Solone
2507 5232 2694 5314 :"Ecpn'
2725 5232 2943 5314 δὶὰκέῗνο
2994 5232 3294 5314 θριυμ-άςὲιν
3338 5235 3367 5284 ὁ
3414 5232 3560 5314 "Ava't:

1987 5300 2199 5389 χάράίςς
2235 5315 2498 5437 sxxii-fit;
2536 5300 2999 5384 «apdysvdpsvog,
3023 5300 3114 5360 ὅτί
3135 5305 3350 5371 λέγουσι
3383 5300 3480 5370 μὲν
3508 5302 3557 5352 οἱ

1988 5387 2141 5439 σοφοὶ
2173 5390 2301 5439 παρ’
2324 5387 2389 5439 Ἔ
2422 5385 2567 5439 λησι.
2602 5384 2845 5439 κρίνουσι
2896 5379 2954 5432 δὲ
3002 5378 3049 5430 οἱ
3092 5372 3341 5439 ἀμαθέῖς.
3393 5370 3561 5424 Recte

1988 5393 2141 5454 σοφοὶ
2173 5393 2301 5457 παρ’
2324 5393 2567 5455 Ἕλλησι,
2602 5393 2845 5454 κρίνουσι
2896 5393 2954 5432 σε
3002 5393 3049 5430 οι
3092 5393 3341 5445 αμαυεις.
3393 5393 3561 5424 necte

1985 5455 2165 5512 Julius
2189 5456 2457 5512 Firmicus
2492 5457 2586 5509 lib.
2618 5469 2656 5516 ι,
2684 5468 2734 5507 c.
2761 5450 2843 5520 2:
2884 5447 3076 5520 (niuali
3100 5451 3223 5520 sunt
3252 5442 3392 5520 enim
3426 5455 3561 5520 sent:

1986 5508 2093 5595 is.”
2109 5508 2621 5595 1‘.;~a.a;om.5_
2644 5508 2887 5595 'judiées.
2916 5508 3009 5595 q'ui
3039 5517 3102 5569 de
3134 5511 3420 5595 iaceant“:
3456 5508 3562 5595 '3'?"

1987 5579 2334 5666 pronuntiant
2363 5595 2537 5651 rebus.
2570 5579 2693 5647 Νοῖι
2723 5579 3103 5666 Ιιᾳὸετὶεξρίαῃξ
3135 5579 3437 5666 τίαάὶσιῃιάξ.
3466 5592 3565 5628 aue

2452 5647 2877 5737 adclamantium
2902 5654 3103 5727 aliquid
3130 5647 3373 5721 imperita
3399 5647 3561 5702 licen-

1995 5741 2067 5793 tia
2097 5736 2405 5794 lenmitatis
2433 5736 2781 5791 adducuntur.
