  <div class='ocr_page' id='page_1' title='image "/cluster/home/n/w/nwhite01/storage/ocr_20150623/1/nnc1.0022106693/755.png"; bbox 0 0 3888 6192; ppageno 0'>
   <div class='ocr_carea' id='block_1_1' title="bbox 454 280 592 339">
    <p class='ocr_par' dir='ltr' id='par_1_1' title="bbox 454 280 592 339">
     <span class='ocr_line' id='line_1_1' title="bbox 454 280 592 339; baseline 0.029 -4"><span class='ocrx_word' id='word_1_1' title='bbox 454 280 592 339; x_wconf 73' lang='grc'><strong>1599</strong></span> 
     </span>
    </p>
   </div>
   <div class='ocr_carea' id='block_1_2' title="bbox 1373 276 2888 342">
    <p class='ocr_par' dir='ltr' id='par_1_2' title="bbox 1373 276 2888 342">
     <span class='ocr_line' id='line_1_2' title="bbox 1373 276 2888 342; baseline 0.005 -8"><span class='ocrx_word' id='word_1_2' title='bbox 1373 278 1427 336; x_wconf 79' lang='lat'><strong>5.</strong></span> <span class='ocrx_word' id='word_1_3' title='bbox 1468 278 1862 336; x_wconf 69' lang='lat' dir='ltr'><strong>CLEMENTIS</strong></span> <span class='ocrx_word' id='word_1_4' title='bbox 1898 281 1918 335; x_wconf 93' lang='lat' dir='ltr'><strong>I</strong></span> <span class='ocrx_word' id='word_1_5' title='bbox 1948 279 2112 337; x_wconf 67' lang='lat' dir='ltr'><strong>ROH.</strong></span> <span class='ocrx_word' id='word_1_6' title='bbox 2155 276 2358 341; x_wconf 78' lang='grc' dir='ltr'><strong>ΡΟΝΤ.</strong></span> <span class='ocrx_word' id='word_1_7' title='bbox 2400 276 2629 337; x_wconf 81' lang='lat' dir='ltr'><strong>OPERA</strong></span> <span class='ocrx_word' id='word_1_8' title='bbox 2665 278 2888 342; x_wconf 69' lang='lat' dir='ltr'><strong>DUBIA.</strong></span> 
     </span>
    </p>
   </div>
   <div class='ocr_carea' id='block_1_3' title="bbox 3536 281 3636 335">
    <p class='ocr_par' dir='ltr' id='par_1_3' title="bbox 3536 281 3636 335">
     <span class='ocr_line' id='line_1_3' title="bbox 3536 281 3636 335; baseline 0 0"><span class='ocrx_word' id='word_1_9' title='bbox 3536 281 3636 335; x_wconf 66' lang='grc' dir='ltr'><strong>μοι)</strong></span> 
     </span>
    </p>
   </div>
   <div class='ocr_carea' id='block_1_4' title="bbox 450 394 3641 469">
    <p class='ocr_par' dir='ltr' id='par_1_4' title="bbox 450 394 3641 469">
     <span class='ocr_line' id='line_1_4' title="bbox 450 394 3641 469; baseline -0.001 -12"><span class='ocrx_word' id='word_1_10' title='bbox 450 401 689 458; x_wconf 85' lang='lat' dir='ltr'><strong>minibus</strong></span> <span class='ocrx_word' id='word_1_11' title='bbox 733 398 829 469; x_wconf 87' lang='lat' dir='ltr'><strong>qui</strong></span> <span class='ocrx_word' id='word_1_12' title='bbox 873 396 1207 453; x_wconf 78' lang='lat' dir='ltr'><strong>desiderium</strong></span> <span class='ocrx_word' id='word_1_13' title='bbox 1255 405 1450 468; x_wconf 87' lang='lat' dir='ltr'><strong>gerunt</strong></span> <span class='ocrx_word' id='word_1_14' title='bbox 1503 396 1834 467; x_wconf 76' lang='lat' dir='ltr'><strong>agnoscendi</strong></span> <span class='ocrx_word' id='word_1_15' title='bbox 1885 396 2031 467; x_wconf 91' lang='lat' dir='ltr'><strong>quod</strong></span> <span class='ocrx_word' id='word_1_16' title='bbox 2060 403 2109 459; x_wconf 78' lang='grc' dir='ltr'>Α</span> <span class='ocrx_word' id='word_1_17' title='bbox 2136 410 2285 449; x_wconf 91' lang='lat' dir='ltr'><strong>mum</strong></span> <span class='ocrx_word' id='word_1_18' title='bbox 2315 396 2468 450; x_wconf 89' lang='lat' dir='ltr'><strong>credi</strong></span> <span class='ocrx_word' id='word_1_19' title='bbox 2498 396 2582 451; x_wconf 91' lang='lat' dir='ltr'><strong>eis</strong></span> <span class='ocrx_word' id='word_1_20' title='bbox 2611 396 2678 452; x_wconf 91' lang='lat' dir='ltr'><strong>de</strong></span> <span class='ocrx_word' id='word_1_21' title='bbox 2711 397 2970 453; x_wconf 89' lang='lat' dir='ltr'><strong>omnibus</strong></span> <span class='ocrx_word' id='word_1_22' title='bbox 3018 394 3220 466; x_wconf 87' lang='lat' dir='ltr'><strong>quibus</strong></span> <span class='ocrx_word' id='word_1_23' title='bbox 3261 394 3478 451; x_wconf 90' lang='lat' dir='ltr'><strong>dixerint</strong></span> <span class='ocrx_word' id='word_1_24' title='bbox 3500 408 3547 452; x_wconf 90' lang='lat' dir='ltr'><strong>et</strong></span> <span class='ocrx_word' id='word_1_25' title='bbox 3574 414 3641 453; x_wconf 84' lang='lat' dir='ltr'><strong>re-</strong></span> 
     </span>
    </p>
   </div>
   <div class='ocr_carea' id='block_1_5' title="bbox 449 489 2029 563">
    <p class='ocr_par' dir='ltr' id='par_1_5' title="bbox 449 489 2029 563">
     <span class='ocr_line' id='line_1_5' title="bbox 449 489 2029 563; baseline -0.004 -14"><span class='ocrx_word' id='word_1_26' title='bbox 449 495 553 549; x_wconf 85' lang='lat' dir='ltr'><strong>sibi</strong></span> <span class='ocrx_word' id='word_1_27' title='bbox 583 491 819 563; x_wconf 83' lang='lat' dir='ltr'><strong>expedit,</strong></span> <span class='ocrx_word' id='word_1_28' title='bbox 849 491 1052 547; x_wconf 83' lang='lat' dir='ltr'><strong>suadeo</strong></span> <span class='ocrx_word' id='word_1_29' title='bbox 1079 499 1139 544; x_wconf 93' lang='lat' dir='ltr'><strong>ut</strong></span> <span class='ocrx_word' id='word_1_30' title='bbox 1169 491 1448 560; x_wconf 92' lang='lat' dir='ltr'><strong>requirant</strong></span> <span class='ocrx_word' id='word_1_31' title='bbox 1472 506 1656 544; x_wconf 90' lang='lat' dir='ltr'><strong>verum</strong></span> <span class='ocrx_word' id='word_1_32' title='bbox 1680 489 2029 559; x_wconf 87' lang='lat' dir='ltr'><strong>Prophetam,</strong></span> 
     </span>
    </p>
   </div>
   <div class='ocr_carea' id='block_1_6' title="bbox 448 581 2033 656">
    <p class='ocr_par' dir='ltr' id='par_1_6' title="bbox 448 581 2033 656">
     <span class='ocr_line' id='line_1_6' title="bbox 448 581 2033 656; baseline -0.003 -16"><span class='ocrx_word' id='word_1_33' title='bbox 448 586 575 656; x_wconf 86' lang='lat' dir='ltr'><strong>quia</strong></span> <span class='ocrx_word' id='word_1_34' title='bbox 608 584 724 654; x_wconf 90' lang='lat' dir='ltr'><strong>ipse</strong></span> <span class='ocrx_word' id='word_1_35' title='bbox 755 583 905 638; x_wconf 90' lang='lat' dir='ltr'><strong>solus</strong></span> <span class='ocrx_word' id='word_1_36' title='bbox 927 589 1031 646; x_wconf 89' lang='lat' dir='ltr'><strong>est,</strong></span> <span class='ocrx_word' id='word_1_37' title='bbox 1062 582 1155 652; x_wconf 90' lang='lat' dir='ltr'><strong>qui</strong></span> <span class='ocrx_word' id='word_1_38' title='bbox 1192 581 1342 636; x_wconf 90' lang='lat' dir='ltr'><strong>novit</strong></span> <span class='ocrx_word' id='word_1_39' title='bbox 1371 582 1578 647; x_wconf 84' lang='lat' dir='ltr'><strong>omnia,</strong></span> <span class='ocrx_word' id='word_1_40' title='bbox 1603 593 1657 636; x_wconf 91' lang='lat' dir='ltr'><strong>et</strong></span> <span class='ocrx_word' id='word_1_41' title='bbox 1684 582 1787 636; x_wconf 88' lang='lat' dir='ltr'><strong>scit</strong></span> <span class='ocrx_word' id='word_1_42' title='bbox 1816 581 1946 652; x_wconf 91' lang='lat' dir='ltr'><strong>quid</strong></span> <span class='ocrx_word' id='word_1_43' title='bbox 1978 588 2033 636; x_wconf 88' lang='lat' dir='ltr'><strong>et</strong></span> 
     </span>
    </p>
   </div>
   <div class='ocr_carea' id='block_1_7' title="bbox 447 670 2027 746">
    <p class='ocr_par' dir='ltr' id='par_1_7' title="bbox 447 670 2027 746">
     <span class='ocr_line' id='line_1_7' title="bbox 447 670 2027 746; baseline -0.001 -19"><span class='ocrx_word' id='word_1_44' title='bbox 447 674 721 746; x_wconf 89' lang='lat' dir='ltr'><strong>quomodo</strong></span> <span class='ocrx_word' id='word_1_45' title='bbox 771 672 1148 742; x_wconf 79' lang='lat' dir='ltr'><strong>unusquisque</strong></span> <span class='ocrx_word' id='word_1_46' title='bbox 1195 676 1445 741; x_wconf 69' lang='lat' dir='ltr'><strong>qurerat.‘</strong></span> <span class='ocrx_word' id='word_1_47' title='bbox 1483 670 1622 727; x_wconf 91' lang='lat' dir='ltr'><strong>Inest</strong></span> <span class='ocrx_word' id='word_1_48' title='bbox 1674 672 1823 726; x_wconf 90' lang='lat' dir='ltr'><strong>enim</strong></span> <span class='ocrx_word' id='word_1_49' title='bbox 1880 672 2027 725; x_wconf 90' lang='lat' dir='ltr'><strong>intra</strong></span> 
     </span>
    </p>
   </div>
   <div class='ocr_carea' id='block_1_8' title="bbox 449 763 2030 834">
    <p class='ocr_par' dir='ltr' id='par_1_8' title="bbox 449 763 2030 834">
     <span class='ocr_line' id='line_1_8' title="bbox 449 763 2030 834; baseline -0.002 -14"><span class='ocrx_word' id='word_1_50' title='bbox 449 765 884 834; x_wconf 87' lang='lat' dir='ltr'><strong>uniuscujusque</strong></span> <span class='ocrx_word' id='word_1_51' title='bbox 920 771 1169 819; x_wconf 90' lang='lat' dir='ltr'><strong>nostrum</strong></span> <span class='ocrx_word' id='word_1_52' title='bbox 1208 773 1467 828; x_wconf 86' lang='lat' dir='ltr'><strong>mentem,</strong></span> <span class='ocrx_word' id='word_1_53' title='bbox 1521 763 1617 818; x_wconf 91' lang='lat' dir='ltr'><strong>sed</strong></span> <span class='ocrx_word' id='word_1_54' title='bbox 1662 764 1717 817; x_wconf 91' lang='lat' dir='ltr'><strong>in</strong></span> <span class='ocrx_word' id='word_1_55' title='bbox 1759 764 1868 818; x_wconf 89' lang='lat' dir='ltr'><strong>illis</strong></span> <span class='ocrx_word' id='word_1_56' title='bbox 1907 763 2030 833; x_wconf 91' lang='lat' dir='ltr'><strong>qui-</strong></span> 
     </span>
    </p>
   </div>
   <div class='ocr_carea' id='block_1_9' title="bbox 447 852 2030 926">
    <p class='ocr_par' dir='ltr' id='par_1_9' title="bbox 447 852 2030 926">
     <span class='ocr_line' id='line_1_9' title="bbox 447 852 2030 926; baseline -0.003 -13"><span class='ocrx_word' id='word_1_57' title='bbox 447 858 594 921; x_wconf 87' lang='lat' dir='ltr'><strong>dem,</strong></span> <span class='ocrx_word' id='word_1_58' title='bbox 620 856 713 926; x_wconf 90' lang='lat' dir='ltr'><strong>qui</strong></span> <span class='ocrx_word' id='word_1_59' title='bbox 743 854 1078 911; x_wconf 84' lang='lat' dir='ltr'><strong>desiderium</strong></span> <span class='ocrx_word' id='word_1_60' title='bbox 1109 852 1202 910; x_wconf 86' lang='lat' dir='ltr'><strong>Dei</strong></span> <span class='ocrx_word' id='word_1_61' title='bbox 1236 854 1533 925; x_wconf 81' lang='lat' dir='ltr'><strong>agnitionis</strong></span> <span class='ocrx_word' id='word_1_62' title='bbox 1570 861 1624 908; x_wconf 91' lang='lat' dir='ltr'><strong>et</strong></span> <span class='ocrx_word' id='word_1_63' title='bbox 1653 854 1881 924; x_wconf 75' lang='lat' dir='ltr'><strong>justitia:</strong></span> <span class='ocrx_word' id='word_1_64' title='bbox 1910 854 2030 923; x_wconf 84' lang='lat' dir='ltr'><strong>ejus</strong></span> 
     </span>
    </p>
   </div>
   <div class='ocr_carea' id='block_1_10' title="bbox 448 947 2031 1022">
    <p class='ocr_par' dir='ltr' id='par_1_10' title="bbox 448 947 2031 1022">
     <span class='ocr_line' id='line_1_10' title="bbox 448 947 2031 1022; baseline -0.003 -16"><span class='ocrx_word' id='word_1_65' title='bbox 448 952 654 1006; x_wconf 91' lang='lat' dir='ltr'><strong>nullum</strong></span> <span class='ocrx_word' id='word_1_66' title='bbox 677 956 895 1022; x_wconf 85' lang='lat' dir='ltr'><strong>gerunt,</strong></span> <span class='ocrx_word' id='word_1_67' title='bbox 925 949 1150 1012; x_wconf 89' lang='lat' dir='ltr'><strong>otiatur,</strong></span> <span class='ocrx_word' id='word_1_68' title='bbox 1182 947 1236 1001; x_wconf 93' lang='lat' dir='ltr'><strong>in</strong></span> <span class='ocrx_word' id='word_1_69' title='bbox 1265 947 1350 1001; x_wconf 92' lang='lat' dir='ltr'><strong>his</strong></span> <span class='ocrx_word' id='word_1_70' title='bbox 1380 962 1510 1001; x_wconf 87' lang='lat' dir='ltr'><strong>vero</strong></span> <span class='ocrx_word' id='word_1_71' title='bbox 1540 947 1634 1016; x_wconf 89' lang='lat' dir='ltr'><strong>qui</strong></span> <span class='ocrx_word' id='word_1_72' title='bbox 1667 947 1811 1016; x_wconf 91' lang='lat' dir='ltr'><strong>quod</strong></span> <span class='ocrx_word' id='word_1_73' title='bbox 1836 947 2031 1002; x_wconf 69' lang='lat' dir='ltr'><strong>anima:</strong></span> 
     </span>
    </p>
   </div>
   <div class='ocr_carea' id='block_1_11' title="bbox 446 1039 2030 1112">
    <p class='ocr_par' dir='ltr' id='par_1_11' title="bbox 446 1039 2030 1112">
     <span class='ocr_line' id='line_1_11' title="bbox 446 1039 2030 1112; baseline -0.004 -12"><span class='ocrx_word' id='word_1_74' title='bbox 446 1059 559 1100; x_wconf 74' lang='lat' dir='ltr'><strong>sua:</strong></span> <span class='ocrx_word' id='word_1_75' title='bbox 602 1042 823 1112; x_wconf 86' lang='lat' dir='ltr'><strong>expedit</strong></span> <span class='ocrx_word' id='word_1_76' title='bbox 866 1047 1139 1110; x_wconf 68' lang='lat' dir='ltr'><strong>quaerunt,</strong></span> <span class='ocrx_word' id='word_1_77' title='bbox 1172 1049 1431 1109; x_wconf 78' lang='lat' dir='ltr'><strong>Operatur</strong></span> <span class='ocrx_word' id='word_1_78' title='bbox 1481 1048 1537 1093; x_wconf 88' lang='lat' dir='ltr'><strong>ct</strong></span> <span class='ocrx_word' id='word_1_79' title='bbox 1578 1040 1821 1094; x_wconf 78' lang='lat' dir='ltr'><strong>scientia:</strong></span> <span class='ocrx_word' id='word_1_80' title='bbox 1848 1039 2030 1094; x_wconf 89' lang='lat' dir='ltr'><strong>lumen</strong></span> 
     </span>
    </p>
   </div>
   <div class='ocr_carea' id='block_1_12' title="bbox 445 1132 2033 1204">
    <p class='ocr_par' dir='ltr' id='par_1_12' title="bbox 445 1132 2033 1204">
     <span class='ocr_line' id='line_1_12' title="bbox 445 1132 2033 1204; baseline -0.003 -15"><span class='ocrx_word' id='word_1_81' title='bbox 445 1135 713 1191; x_wconf 88' lang='lat' dir='ltr'><strong>accendit.</strong></span> <span class='ocrx_word' id='word_1_82' title='bbox 749 1132 979 1204; x_wconf 86' lang='lat' dir='ltr'><strong>Pr0pter</strong></span> <span class='ocrx_word' id='word_1_83' title='bbox 1008 1132 1155 1202; x_wconf 91' lang='lat' dir='ltr'><strong>quod</strong></span> <span class='ocrx_word' id='word_1_84' title='bbox 1201 1132 1375 1201; x_wconf 91' lang='lat' dir='ltr'><strong>primo</strong></span> <span class='ocrx_word' id='word_1_85' title='bbox 1405 1132 1648 1186; x_wconf 90' lang='lat' dir='ltr'><strong>omnium</strong></span> <span class='ocrx_word' id='word_1_86' title='bbox 1679 1133 1823 1187; x_wconf 90' lang='lat' dir='ltr'><strong>hunc</strong></span> <span class='ocrx_word' id='word_1_87' title='bbox 1853 1133 2033 1204; x_wconf 81' lang='lat' dir='ltr'><strong>requi—</strong></span> 
     </span>
    </p>
   </div>
   <div class='ocr_carea' id='block_1_13' title="bbox 445 1222 2027 1295">
    <p class='ocr_par' dir='ltr' id='par_1_13' title="bbox 445 1222 2027 1295">
     <span class='ocr_line' id='line_1_13' title="bbox 445 1222 2027 1295; baseline 0.001 -18"><span class='ocrx_word' id='word_1_88' title='bbox 445 1226 566 1288; x_wconf 88' lang='lat' dir='ltr'><strong>rite,</strong></span> <span class='ocrx_word' id='word_1_89' title='bbox 598 1240 759 1295; x_wconf 89' lang='lat' dir='ltr'><strong>quem</strong></span> <span class='ocrx_word' id='word_1_90' title='bbox 788 1226 833 1279; x_wconf 87' lang='lat' dir='ltr'><strong>si</strong></span> <span class='ocrx_word' id='word_1_91' title='bbox 866 1239 974 1276; x_wconf 91' lang='lat' dir='ltr'><strong>non</strong></span> <span class='ocrx_word' id='word_1_92' title='bbox 1006 1223 1349 1284; x_wconf 89' lang='lat' dir='ltr'><strong>inveneritis,</strong></span> <span class='ocrx_word' id='word_1_93' title='bbox 1383 1222 1454 1278; x_wconf 85' lang='lat' dir='ltr'><strong>ab</strong></span> <span class='ocrx_word' id='word_1_94' title='bbox 1485 1224 1593 1278; x_wconf 89' lang='lat' dir='ltr'><strong>alio</strong></span> <span class='ocrx_word' id='word_1_95' title='bbox 1622 1239 1719 1277; x_wconf 83' lang='lat' dir='ltr'><strong>vos</strong></span> <span class='ocrx_word' id='word_1_96' title='bbox 1744 1224 2027 1295; x_wconf 89' lang='lat' dir='ltr'><strong>agnituros</strong></span> 
     </span>
    </p>
   </div>
   <div class='ocr_carea' id='block_1_14' title="bbox 444 1312 2029 1386">
    <p class='ocr_par' dir='ltr' id='par_1_14' title="bbox 444 1312 2029 1386">
     <span class='ocr_line' id='line_1_14' title="bbox 444 1312 2029 1386; baseline 0.001 -18"><span class='ocrx_word' id='word_1_97' title='bbox 444 1316 649 1385; x_wconf 89' lang='lat' dir='ltr'><strong>aliquid</strong></span> <span class='ocrx_word' id='word_1_98' title='bbox 672 1331 780 1368; x_wconf 91' lang='lat' dir='ltr'><strong>non</strong></span> <span class='ocrx_word' id='word_1_99' title='bbox 804 1314 1054 1384; x_wconf 88' lang='lat' dir='ltr'><strong>speretis.</strong></span> <span class='ocrx_word' id='word_1_100' title='bbox 1086 1312 1368 1369; x_wconf 91' lang='lat' dir='ltr'><strong>Invenitur</strong></span> <span class='ocrx_word' id='word_1_101' title='bbox 1396 1322 1578 1370; x_wconf 84' lang='lat' dir='ltr'><strong>autem</strong></span> <span class='ocrx_word' id='word_1_102' title='bbox 1603 1315 1713 1369; x_wconf 90' lang='lat' dir='ltr'><strong>cito</strong></span> <span class='ocrx_word' id='word_1_103' title='bbox 1735 1317 1803 1372; x_wconf 88' lang='lat' dir='ltr'><strong>ab</strong></span> <span class='ocrx_word' id='word_1_104' title='bbox 1832 1316 1917 1371; x_wconf 91' lang='lat' dir='ltr'><strong>his</strong></span> <span class='ocrx_word' id='word_1_105' title='bbox 1934 1314 2029 1386; x_wconf 91' lang='lat' dir='ltr'><strong>qui</strong></span> 
     </span>
    </p>
   </div>
   <div class='ocr_carea' id='block_1_15' title="bbox 444 1407 2028 1478">
    <p class='ocr_par' dir='ltr' id='par_1_15' title="bbox 444 1407 2028 1478">
     <span class='ocr_line' id='line_1_15' title="bbox 444 1407 2028 1478; baseline 0.002 -18"><span class='ocrx_word' id='word_1_106' title='bbox 444 1408 689 1464; x_wconf 80' lang='lat' dir='ltr'><strong>veritatis</strong></span> <span class='ocrx_word' id='word_1_107' title='bbox 733 1421 919 1461; x_wconf 88' lang='lat' dir='ltr'><strong>amore</strong></span> <span class='ocrx_word' id='word_1_108' title='bbox 949 1407 1294 1477; x_wconf 88' lang='lat' dir='ltr'><strong>perquirunt,</strong></span> <span class='ocrx_word' id='word_1_109' title='bbox 1320 1417 1374 1462; x_wconf 90' lang='lat' dir='ltr'><strong>et</strong></span> <span class='ocrx_word' id='word_1_110' title='bbox 1403 1422 1638 1478; x_wconf 89' lang='lat' dir='ltr'><strong>quorum</strong></span> <span class='ocrx_word' id='word_1_111' title='bbox 1672 1408 1852 1462; x_wconf 89' lang='lat' dir='ltr'><strong>anima</strong></span> <span class='ocrx_word' id='word_1_112' title='bbox 1886 1423 2028 1478; x_wconf 73' lang='lat' dir='ltr'><strong>pra:-</strong></span> 
     </span>
    </p>
   </div>
   <div class='ocr_carea' id='block_1_16' title="bbox 442 1498 2028 1572">
    <p class='ocr_par' dir='ltr' id='par_1_16' title="bbox 442 1498 2028 1572">
     <span class='ocr_line' id='line_1_16' title="bbox 442 1498 2028 1572; baseline 0.001 -19"><span class='ocrx_word' id='word_1_113' title='bbox 442 1507 707 1569; x_wconf 88' lang='lat' dir='ltr'><strong>occupata</strong></span> <span class='ocrx_word' id='word_1_114' title='bbox 738 1514 846 1554; x_wconf 92' lang='lat' dir='ltr'><strong>non</strong></span> <span class='ocrx_word' id='word_1_115' title='bbox 882 1506 1100 1553; x_wconf 88' lang='lat' dir='ltr'><strong>tenetur</strong></span> <span class='ocrx_word' id='word_1_116' title='bbox 1124 1498 1180 1552; x_wconf 90' lang='lat' dir='ltr'><strong>in</strong></span> <span class='ocrx_word' id='word_1_117' title='bbox 1202 1499 1429 1553; x_wconf 89' lang='lat' dir='ltr'><strong>malitia.</strong></span> <span class='ocrx_word' id='word_1_118' title='bbox 1455 1498 1621 1555; x_wconf 81' lang='lat' dir='ltr'><strong>Adest</strong></span> <span class='ocrx_word' id='word_1_119' title='bbox 1650 1501 1795 1555; x_wconf 91' lang='lat' dir='ltr'><strong>enim</strong></span> <span class='ocrx_word' id='word_1_120' title='bbox 1828 1500 1914 1555; x_wconf 88' lang='lat' dir='ltr'><strong>his</strong></span> <span class='ocrx_word' id='word_1_121' title='bbox 1932 1500 2028 1572; x_wconf 91' lang='lat' dir='ltr'><strong>qui</strong></span> 
     </span>
    </p>
   </div>
   <div class='ocr_carea' id='block_1_17' title="bbox 442 1594 2030 1666">
    <p class='ocr_par' dir='ltr' id='par_1_17' title="bbox 442 1594 2030 1666">
     <span class='ocr_line' id='line_1_17' title="bbox 442 1594 2030 1666; baseline 0.001 -17"><span class='ocrx_word' id='word_1_122' title='bbox 442 1610 567 1649; x_wconf 89' lang='lat' dir='ltr'><strong>eum</strong></span> <span class='ocrx_word' id='word_1_123' title='bbox 617 1595 674 1649; x_wconf 92' lang='lat' dir='ltr'><strong>in</strong></span> <span class='ocrx_word' id='word_1_124' title='bbox 724 1594 1043 1650; x_wconf 87' lang='lat' dir='ltr'><strong>innocentia</strong></span> <span class='ocrx_word' id='word_1_125' title='bbox 1078 1595 1304 1664; x_wconf 90' lang='lat' dir='ltr'><strong>spiritus</strong></span> <span class='ocrx_word' id='word_1_126' title='bbox 1327 1594 1413 1650; x_wconf 91' lang='lat' dir='ltr'><strong>sui</strong></span> <span class='ocrx_word' id='word_1_127' title='bbox 1442 1594 1780 1657; x_wconf 87' lang='lat' dir='ltr'><strong>desiderant,</strong></span> <span class='ocrx_word' id='word_1_128' title='bbox 1808 1596 1903 1666; x_wconf 91' lang='lat' dir='ltr'><strong>qui</strong></span> <span class='ocrx_word' id='word_1_129' title='bbox 1934 1612 2030 1666; x_wconf 85' lang='lat' dir='ltr'><strong>per</strong></span> 
     </span>
    </p>
   </div>
   <div class='ocr_carea' id='block_1_18' title="bbox 443 1684 2028 1756">
    <p class='ocr_par' dir='ltr' id='par_1_18' title="bbox 443 1684 2028 1756">
     <span class='ocr_line' id='line_1_18' title="bbox 443 1684 2028 1756; baseline 0.001 -17"><span class='ocrx_word' id='word_1_130' title='bbox 443 1685 760 1756; x_wconf 84' lang='lat' dir='ltr'><strong>patientiam</strong></span> <span class='ocrx_word' id='word_1_131' title='bbox 792 1686 1088 1750; x_wconf 85' lang='lat' dir='ltr'><strong>sustinent,</strong></span> <span class='ocrx_word' id='word_1_132' title='bbox 1116 1694 1169 1739; x_wconf 86' lang='lat' dir='ltr'><strong>et</strong></span> <span class='ocrx_word' id='word_1_133' title='bbox 1199 1686 1438 1756; x_wconf 89' lang='lat' dir='ltr'><strong>suspiria</strong></span> <span class='ocrx_word' id='word_1_134' title='bbox 1488 1684 1556 1740; x_wconf 93' lang='lat' dir='ltr'><strong>de</strong></span> <span class='ocrx_word' id='word_1_135' title='bbox 1608 1685 1879 1756; x_wconf 89' lang='lat' dir='ltr'><strong>profundo</strong></span> <span class='ocrx_word' id='word_1_136' title='bbox 1904 1701 2028 1740; x_wconf 88' lang='lat' dir='ltr'><strong>cor-</strong></span> 
     </span>
    </p>
   </div>
   <div class='ocr_carea' id='block_1_19' title="bbox 440 1777 2029 1848">
    <p class='ocr_par' dir='ltr' id='par_1_19' title="bbox 440 1777 2029 1848">
     <span class='ocr_line' id='line_1_19' title="bbox 440 1777 2029 1848; baseline 0.001 -16"><span class='ocrx_word' id='word_1_137' title='bbox 440 1778 527 1834; x_wconf 91' lang='lat' dir='ltr'><strong>dis</strong></span> <span class='ocrx_word' id='word_1_138' title='bbox 558 1780 808 1834; x_wconf 82' lang='lat' dir='ltr'><strong>veritatis</strong></span> <span class='ocrx_word' id='word_1_139' title='bbox 840 1794 1025 1833; x_wconf 88' lang='lat' dir='ltr'><strong>amore</strong></span> <span class='ocrx_word' id='word_1_140' title='bbox 1071 1778 1418 1848; x_wconf 89' lang='lat' dir='ltr'><strong>producunt;</strong></span> <span class='ocrx_word' id='word_1_141' title='bbox 1472 1777 1611 1847; x_wconf 88' lang='lat' dir='ltr'><strong>fugit</strong></span> <span class='ocrx_word' id='word_1_142' title='bbox 1640 1787 1826 1833; x_wconf 88' lang='lat' dir='ltr'><strong>autem</strong></span> <span class='ocrx_word' id='word_1_143' title='bbox 1858 1779 2029 1833; x_wconf 89' lang='lat' dir='ltr'><strong>male-</strong></span> 
     </span>
    </p>
   </div>
   <div class='ocr_carea' id='block_1_20' title="bbox 439 1869 2026 1942">
    <p class='ocr_par' dir='ltr' id='par_1_20' title="bbox 439 1869 2026 1942">
     <span class='ocr_line' id='line_1_20' title="bbox 439 1869 2026 1942; baseline 0.003 -21"><span class='ocrx_word' id='word_1_144' title='bbox 439 1870 592 1922; x_wconf 76' lang='lat' dir='ltr'><strong>volas</strong></span> <span class='ocrx_word' id='word_1_145' title='bbox 622 1869 917 1931; x_wconf 82' lang='lat' dir='ltr'><strong>mentes“,</strong></span> <span class='ocrx_word' id='word_1_146' title='bbox 950 1872 1081 1940; x_wconf 87' lang='lat' dir='ltr'><strong>quia</strong></span> <span class='ocrx_word' id='word_1_147' title='bbox 1114 1878 1173 1924; x_wconf 90' lang='lat' dir='ltr'><strong>ut</strong></span> <span class='ocrx_word' id='word_1_148' title='bbox 1203 1870 1466 1941; x_wconf 89' lang='lat' dir='ltr'><strong>propheta</strong></span> <span class='ocrx_word' id='word_1_149' title='bbox 1501 1871 1785 1941; x_wconf 78' lang='lat' dir='ltr'><strong>cognoscit</strong></span> <span class='ocrx_word' id='word_1_150' title='bbox 1818 1872 2026 1942; x_wconf 89' lang='lat' dir='ltr'><strong>cogita-</strong></span> 
     </span>
    </p>
   </div>
   <div class='ocr_carea' id='block_1_21' title="bbox 440 1959 2028 2035">
    <p class='ocr_par' dir='ltr' id='par_1_21' title="bbox 440 1959 2028 2035">
     <span class='ocr_line' id='line_1_21' title="bbox 440 1959 2028 2035; baseline 0.003 -21"><span class='ocrx_word' id='word_1_151' title='bbox 440 1959 617 2016; x_wconf 91' lang='lat' dir='ltr'><strong>tiones</strong></span> <span class='ocrx_word' id='word_1_152' title='bbox 645 1960 1102 2032; x_wconf 87' lang='lat' dir='ltr'><strong>uniuscujusque.</strong></span> <span class='ocrx_word' id='word_1_153' title='bbox 1143 1960 1206 2015; x_wconf 83' lang='lat' dir='ltr'><strong>Et</strong></span> <span class='ocrx_word' id='word_1_154' title='bbox 1239 1960 1361 2016; x_wconf 86' lang='lat' dir='ltr'><strong>ideo</strong></span> <span class='ocrx_word' id='word_1_155' title='bbox 1394 1976 1554 2017; x_wconf 89' lang='lat' dir='ltr'><strong>nemo</strong></span> <span class='ocrx_word' id='word_1_156' title='bbox 1599 1970 1750 2032; x_wconf 89' lang='lat' dir='ltr'><strong>putet</strong></span> <span class='ocrx_word' id='word_1_157' title='bbox 1775 1978 1899 2018; x_wconf 89' lang='lat' dir='ltr'><strong>eum</strong></span> <span class='ocrx_word' id='word_1_158' title='bbox 1932 1980 2028 2035; x_wconf 85' lang='lat' dir='ltr'><strong>per</strong></span> 
     </span>
    </p>
   </div>
   <div class='ocr_carea' id='block_1_22' title="bbox 440 2051 2027 2125">
    <p class='ocr_par' dir='ltr' id='par_1_22' title="bbox 440 2051 2027 2125">
     <span class='ocr_line' id='line_1_22' title="bbox 440 2051 2027 2125; baseline 0.004 -20"><span class='ocrx_word' id='word_1_159' title='bbox 440 2051 788 2121; x_wconf 87' lang='lat' dir='ltr'><strong>prudentiam</strong></span> <span class='ocrx_word' id='word_1_160' title='bbox 801 2068 957 2108; x_wconf 92' lang='lat' dir='ltr'><strong>suam</strong></span> <span class='ocrx_word' id='word_1_161' title='bbox 979 2052 1223 2108; x_wconf 88' lang='lat' dir='ltr'><strong>invenire</strong></span> <span class='ocrx_word' id='word_1_162' title='bbox 1250 2069 1433 2124; x_wconf 90' lang='lat' dir='ltr'><strong>posse,</strong></span> <span class='ocrx_word' id='word_1_163' title='bbox 1454 2054 1590 2120; x_wconf 90' lang='lat' dir='ltr'><strong>nisi,</strong></span> <span class='ocrx_word' id='word_1_164' title='bbox 1617 2064 1673 2109; x_wconf 92' lang='lat' dir='ltr'><strong>ut</strong></span> <span class='ocrx_word' id='word_1_165' title='bbox 1696 2071 1861 2125; x_wconf 87' lang='lat' dir='ltr'><strong>supra</strong></span> <span class='ocrx_word' id='word_1_166' title='bbox 1884 2056 2027 2110; x_wconf 83' lang='lat' dir='ltr'><strong>dixi-</strong></span> 
     </span>
    </p>
   </div>
   <div class='ocr_carea' id='block_1_23' title="bbox 438 2146 2023 2218">
    <p class='ocr_par' dir='ltr' id='par_1_23' title="bbox 438 2146 2023 2218">
     <span class='ocr_line' id='line_1_23' title="bbox 438 2146 2023 2218; baseline 0.003 -19"><span class='ocrx_word' id='word_1_167' title='bbox 438 2160 584 2212; x_wconf 79' lang='lat' dir='ltr'><strong>mus,</strong></span> <span class='ocrx_word' id='word_1_168' title='bbox 619 2151 857 2200; x_wconf 88' lang='lat' dir='ltr'><strong>mentem</strong></span> <span class='ocrx_word' id='word_1_169' title='bbox 888 2160 1042 2200; x_wconf 89' lang='lat' dir='ltr'><strong>suam</strong></span> <span class='ocrx_word' id='word_1_170' title='bbox 1066 2147 1212 2200; x_wconf 88' lang='lat' dir='ltr'><strong>omni</strong></span> <span class='ocrx_word' id='word_1_171' title='bbox 1239 2146 1478 2217; x_wconf 79' lang='lat' dir='ltr'><strong>nequitia</strong></span> <span class='ocrx_word' id='word_1_172' title='bbox 1508 2162 1734 2205; x_wconf 84' lang='lat' dir='ltr'><strong>vacuam</strong></span> <span class='ocrx_word' id='word_1_173' title='bbox 1764 2150 2023 2218; x_wconf 69' lang='lat' dir='ltr'><strong>effecerit,</strong></span> 
     </span>
    </p>
   </div>
   <div class='ocr_carea' id='block_1_24' title="bbox 437 2237 2026 2310">
    <p class='ocr_par' dir='ltr' id='par_1_24' title="bbox 437 2237 2026 2310">
     <span class='ocr_line' id='line_1_24' title="bbox 437 2237 2026 2310; baseline 0.006 -20"><span class='ocrx_word' id='word_1_174' title='bbox 437 2246 599 2308; x_wconf 86' lang='lat' dir='ltr'><strong>atque</strong></span> <span class='ocrx_word' id='word_1_175' title='bbox 649 2237 944 2307; x_wconf 80' lang='lat' dir='ltr'><strong>agnitionis</strong></span> <span class='ocrx_word' id='word_1_176' title='bbox 993 2237 1116 2306; x_wconf 88' lang='lat' dir='ltr'><strong>ejus</strong></span> <span class='ocrx_word' id='word_1_177' title='bbox 1159 2238 1494 2293; x_wconf 88' lang='lat' dir='ltr'><strong>desiderium</strong></span> <span class='ocrx_word' id='word_1_178' title='bbox 1529 2256 1728 2310; x_wconf 91' lang='lat' dir='ltr'><strong>purum</strong></span> <span class='ocrx_word' id='word_1_179' title='bbox 1770 2252 1824 2298; x_wconf 91' lang='lat' dir='ltr'><strong>et</strong></span> <span class='ocrx_word' id='word_1_180' title='bbox 1868 2243 2026 2301; x_wconf 85' lang='lat' dir='ltr'><strong>ﬁdele</strong></span> 
     </span>
    </p>
   </div>
   <div class='ocr_carea' id='block_1_25' title="bbox 435 2328 2022 2405">
    <p class='ocr_par' dir='ltr' id='par_1_25' title="bbox 435 2328 2022 2405">
     <span class='ocr_line' id='line_1_25' title="bbox 435 2328 2022 2405; baseline 0.004 -22"><span class='ocrx_word' id='word_1_181' title='bbox 435 2329 767 2400; x_wconf 89' lang='lat' dir='ltr'><strong>conceperit.</strong></span> <span class='ocrx_word' id='word_1_182' title='bbox 806 2328 905 2383; x_wconf 85' lang='lat' dir='ltr'><strong>Ubi</strong></span> <span class='ocrx_word' id='word_1_183' title='bbox 939 2330 1087 2385; x_wconf 90' lang='lat' dir='ltr'><strong>enim</strong></span> <span class='ocrx_word' id='word_1_184' title='bbox 1134 2330 1294 2386; x_wconf 89' lang='lat' dir='ltr'><strong>talem</strong></span> <span class='ocrx_word' id='word_1_185' title='bbox 1350 2347 1409 2387; x_wconf 92' lang='lat' dir='ltr'><strong>se</strong></span> <span class='ocrx_word' id='word_1_186' title='bbox 1459 2334 1583 2402; x_wconf 91' lang='lat' dir='ltr'><strong>quis</strong></span> <span class='ocrx_word' id='word_1_187' title='bbox 1612 2337 2022 2405; x_wconf 71' lang='lat' dir='ltr'><strong>prteparaverit,</strong></span> 
     </span>
    </p>
   </div>
   <div class='ocr_carea' id='block_1_26' title="bbox 435 2420 2026 2500">
    <p class='ocr_par' dir='ltr' id='par_1_26' title="bbox 435 2420 2026 2500">
     <span class='ocr_line' id='line_1_26' title="bbox 435 2420 2026 2500; baseline 0.006 -25"><span class='ocrx_word' id='word_1_188' title='bbox 435 2422 552 2491; x_wconf 89' lang='lat' dir='ltr'><strong>ipse</strong></span> <span class='ocrx_word' id='word_1_189' title='bbox 582 2425 640 2474; x_wconf 74' lang='lat' dir='ltr'><strong>ut</strong></span> <span class='ocrx_word' id='word_1_190' title='bbox 671 2420 957 2492; x_wconf 88' lang='lat' dir='ltr'><strong>propheta,</strong></span> <span class='ocrx_word' id='word_1_191' title='bbox 977 2421 1169 2477; x_wconf 89' lang='lat' dir='ltr'><strong>videns</strong></span> <span class='ocrx_word' id='word_1_192' title='bbox 1191 2432 1549 2493; x_wconf 81' lang='lat' dir='ltr'><strong>praeparatam</strong></span> <span class='ocrx_word' id='word_1_193' title='bbox 1573 2435 1811 2483; x_wconf 87' lang='lat' dir='ltr'><strong>mentem</strong></span> <span class='ocrx_word' id='word_1_194' title='bbox 1830 2437 2026 2500; x_wconf 85' lang='lat' dir='ltr'><strong>sponte</strong></span> 
     </span>
    </p>
   </div>
   <div class='ocr_carea' id='block_1_27' title="bbox 436 2512 1314 2585">
    <p class='ocr_par' dir='ltr' id='par_1_27' title="bbox 436 2512 1314 2585">
     <span class='ocr_line' id='line_1_27' title="bbox 436 2512 1314 2585; baseline 0.002 -17"><span class='ocrx_word' id='word_1_195' title='bbox 436 2527 494 2568; x_wconf 76' lang='lat' dir='ltr'><strong>se</strong></span> <span class='ocrx_word' id='word_1_196' title='bbox 525 2512 747 2568; x_wconf 82' lang='lat' dir='ltr'><strong>adhibet</strong></span> <span class='ocrx_word' id='word_1_197' title='bbox 782 2512 849 2567; x_wconf 92' lang='lat' dir='ltr'><strong>ad</strong></span> <span class='ocrx_word' id='word_1_198' title='bbox 883 2515 1314 2585; x_wconf 91' lang='lat' dir='ltr'><strong>agnoscendum.</strong></span> 
     </span>
    </p>
   </div>
   <div class='ocr_carea' id='block_1_28' title="bbox 503 2684 2020 2768">
    <p class='ocr_par' dir='ltr' id='par_1_28' title="bbox 503 2684 2020 2768">
     <span class='ocr_line' id='line_1_28' title="bbox 503 2684 2020 2768; baseline 0.009 -29"><span class='ocrx_word' id='word_1_199' title='bbox 503 2684 615 2742; x_wconf 78' lang='lat' dir='ltr'><strong>LX.</strong></span> <span class='ocrx_word' id='word_1_200' title='bbox 649 2685 707 2741; x_wconf 90' lang='lat' dir='ltr'><strong>Si</strong></span> <span class='ocrx_word' id='word_1_201' title='bbox 735 2688 862 2759; x_wconf 87' lang='lat' dir='ltr'><strong>quis</strong></span> <span class='ocrx_word' id='word_1_202' title='bbox 907 2688 1074 2759; x_wconf 90' lang='lat' dir='ltr'><strong>igitur</strong></span> <span class='ocrx_word' id='word_1_203' title='bbox 1102 2692 1218 2745; x_wconf 85' lang='lat' dir='ltr'><strong>vult</strong></span> <span class='ocrx_word' id='word_1_204' title='bbox 1261 2693 1445 2747; x_wconf 91' lang='lat' dir='ltr'><strong>omnia</strong></span> <span class='ocrx_word' id='word_1_205' title='bbox 1494 2692 1745 2760; x_wconf 90' lang='lat' dir='ltr'><strong>discere,</strong></span> <span class='ocrx_word' id='word_1_206' title='bbox 1782 2712 1887 2751; x_wconf 92' lang='lat' dir='ltr'><strong>non</strong></span> <span class='ocrx_word' id='word_1_207' title='bbox 1924 2713 2020 2768; x_wconf 88' lang='lat' dir='ltr'><strong>per</strong></span> 
     </span>
    </p>
   </div>
   <div class='ocr_carea' id='block_1_29' title="bbox 435 2778 2022 2856">
    <p class='ocr_par' dir='ltr' id='par_1_29' title="bbox 435 2778 2022 2856">
     <span class='ocr_line' id='line_1_29' title="bbox 435 2778 2022 2856; baseline 0.008 -25"><span class='ocrx_word' id='word_1_208' title='bbox 435 2778 650 2849; x_wconf 73' lang='lat' dir='ltr'><strong>singula</strong></span> <span class='ocrx_word' id='word_1_209' title='bbox 698 2778 1041 2849; x_wconf 88' lang='lat' dir='ltr'><strong>discutiens;</strong></span> <span class='ocrx_word' id='word_1_210' title='bbox 1094 2799 1273 2853; x_wconf 89' lang='lat' dir='ltr'><strong>neque</strong></span> <span class='ocrx_word' id='word_1_211' title='bbox 1315 2785 1463 2839; x_wconf 92' lang='lat' dir='ltr'><strong>enim</strong></span> <span class='ocrx_word' id='word_1_212' title='bbox 1509 2789 1745 2856; x_wconf 90' lang='lat' dir='ltr'><strong>poterit,</strong></span> <span class='ocrx_word' id='word_1_213' title='bbox 1778 2803 1903 2842; x_wconf 90' lang='lat' dir='ltr'><strong>cum</strong></span> <span class='ocrx_word' id='word_1_214' title='bbox 1948 2790 2022 2844; x_wconf 89' lang='lat' dir='ltr'><strong>sit</strong></span> 
     </span>
    </p>
   </div>
   <div class='ocr_carea' id='block_1_30' title="bbox 434 2871 2021 2953">
    <p class='ocr_par' dir='ltr' id='par_1_30' title="bbox 434 2871 2021 2953">
     <span class='ocr_line' id='line_1_30' title="bbox 434 2871 2021 2953; baseline 0.008 -28"><span class='ocrx_word' id='word_1_215' title='bbox 434 2872 679 2927; x_wconf 84' lang='lat' dir='ltr'><strong>mortalis</strong></span> <span class='ocrx_word' id='word_1_216' title='bbox 704 2913 719 2937; x_wconf 95' lang='lat'><strong>,</strong></span> <span class='ocrx_word' id='word_1_217' title='bbox 760 2871 857 2927; x_wconf 87' lang='lat' dir='ltr'><strong>Dei</strong></span> <span class='ocrx_word' id='word_1_218' title='bbox 906 2874 1239 2947; x_wconf 90' lang='lat' dir='ltr'><strong>investigare</strong></span> <span class='ocrx_word' id='word_1_219' title='bbox 1274 2878 1569 2933; x_wconf 88' lang='lat' dir='ltr'><strong>consilium</strong></span> <span class='ocrx_word' id='word_1_220' title='bbox 1600 2888 1654 2935; x_wconf 92' lang='lat' dir='ltr'><strong>et</strong></span> <span class='ocrx_word' id='word_1_221' title='bbox 1696 2882 1870 2953; x_wconf 84' lang='lat' dir='ltr'><strong>ipsam</strong></span> <span class='ocrx_word' id='word_1_222' title='bbox 1914 2883 2021 2937; x_wconf 81' lang='lat' dir='ltr'><strong>irr-</strong></span> 
     </span>
    </p>
   </div>
   <div class='ocr_carea' id='block_1_31' title="bbox 435 2964 2017 3038">
    <p class='ocr_par' dir='ltr' id='par_1_31' title="bbox 435 2964 2017 3038">
     <span class='ocr_line' id='line_1_31' title="bbox 435 2964 2017 3038; baseline 0.009 -22"><span class='ocrx_word' id='word_1_223' title='bbox 435 2964 786 3019; x_wconf 90' lang='lat' dir='ltr'><strong>mensitatem</strong></span> <span class='ocrx_word' id='word_1_224' title='bbox 832 2968 1172 3037; x_wconf 88' lang='lat' dir='ltr'><strong>perscrutari</strong></span> <span class='ocrx_word' id='word_1_225' title='bbox 1207 2988 1219 3025; x_wconf 91' lang='lat'>:</span> <span class='ocrx_word' id='word_1_226' title='bbox 1264 2970 1360 3026; x_wconf 91' lang='lat' dir='ltr'><strong>sed</strong></span> <span class='ocrx_word' id='word_1_227' title='bbox 1408 2971 1452 3027; x_wconf 88' lang='lat' dir='ltr'><strong>si</strong></span> <span class='ocrx_word' id='word_1_228' title='bbox 1493 2972 1737 3038; x_wconf 86' lang='lat' dir='ltr'><strong>discere,</strong></span> <span class='ocrx_word' id='word_1_229' title='bbox 1776 2983 1834 3029; x_wconf 93' lang='lat' dir='ltr'><strong>ut</strong></span> <span class='ocrx_word' id='word_1_230' title='bbox 1873 2974 2017 3030; x_wconf 53' lang='lat' dir='ltr'><strong>dixi.</strong></span> 
     </span>
    </p>
   </div>
   <div class='ocr_carea' id='block_1_32' title="bbox 432 3056 2009 3138">
    <p class='ocr_par' dir='ltr' id='par_1_32' title="bbox 432 3056 2009 3138">
     <span class='ocr_line' id='line_1_32' title="bbox 432 3056 2009 3138; baseline 0.01 -31"><span class='ocrx_word' id='word_1_231' title='bbox 432 3069 590 3120; x_wconf 90' lang='lat' dir='ltr'><strong>mus,</strong></span> <span class='ocrx_word' id='word_1_232' title='bbox 621 3056 803 3110; x_wconf 90' lang='lat' dir='ltr'><strong>omnia</strong></span> <span class='ocrx_word' id='word_1_233' title='bbox 836 3058 1136 3125; x_wconf 87' lang='lat' dir='ltr'><strong>desiderat,</strong></span> <span class='ocrx_word' id='word_1_234' title='bbox 1169 3077 1358 3117; x_wconf 89' lang='lat' dir='ltr'><strong>verum</strong></span> <span class='ocrx_word' id='word_1_235' title='bbox 1392 3064 1712 3135; x_wconf 87' lang='lat' dir='ltr'><strong>prophetam</strong></span> <span class='ocrx_word' id='word_1_236' title='bbox 1745 3067 2009 3138; x_wconf 90' lang='lat' dir='ltr'><strong>requirat.</strong></span> 
     </span>
    </p>
   </div>
   <div class='ocr_carea' id='block_1_33' title="bbox 432 3145 2016 3230">
    <p class='ocr_par' dir='ltr' id='par_1_33' title="bbox 432 3145 2016 3230">
     <span class='ocr_line' id='line_1_33' title="bbox 432 3145 2016 3230; baseline 0.01 -32"><span class='ocrx_word' id='word_1_237' title='bbox 432 3145 602 3211; x_wconf 84' lang='lat' dir='ltr'><strong>Quem</strong></span> <span class='ocrx_word' id='word_1_238' title='bbox 629 3162 751 3201; x_wconf 92' lang='lat' dir='ltr'><strong>cum</strong></span> <span class='ocrx_word' id='word_1_239' title='bbox 777 3149 1077 3215; x_wconf 81' lang='lat' dir='ltr'><strong>invenerit,</strong></span> <span class='ocrx_word' id='word_1_240' title='bbox 1114 3168 1224 3207; x_wconf 91' lang='lat' dir='ltr'><strong>non</strong></span> <span class='ocrx_word' id='word_1_241' title='bbox 1251 3156 1649 3224; x_wconf 69' lang='lat' dir='ltr'><strong>quastionibus</strong></span> <span class='ocrx_word' id='word_1_242' title='bbox 1680 3165 1733 3212; x_wconf 88' lang='lat' dir='ltr'><strong>et</strong></span> <span class='ocrx_word' id='word_1_243' title='bbox 1764 3158 2016 3230; x_wconf 84' lang='lat' dir='ltr'><strong>disputa-</strong></span> 
     </span>
    </p>
   </div>
   <div class='ocr_carea' id='block_1_34' title="bbox 431 3238 2018 3318">
    <p class='ocr_par' dir='ltr' id='par_1_34' title="bbox 431 3238 2018 3318">
     <span class='ocr_line' id='line_1_34' title="bbox 431 3238 2018 3318; baseline 0.011 -29"><span class='ocrx_word' id='word_1_244' title='bbox 431 3238 674 3294; x_wconf 84' lang='lat' dir='ltr'><strong>tionibus</strong></span> <span class='ocrx_word' id='word_1_245' title='bbox 722 3254 898 3309; x_wconf 91' lang='lat' dir='ltr'><strong>neque</strong></span> <span class='ocrx_word' id='word_1_246' title='bbox 952 3244 1291 3313; x_wconf 84' lang='lat' dir='ltr'><strong>argumentis</strong></span> <span class='ocrx_word' id='word_1_247' title='bbox 1348 3260 1474 3300; x_wconf 90' lang='lat' dir='ltr'><strong>cum</strong></span> <span class='ocrx_word' id='word_1_248' title='bbox 1521 3262 1588 3301; x_wconf 91' lang='lat' dir='ltr'><strong>eo</strong></span> <span class='ocrx_word' id='word_1_249' title='bbox 1632 3258 1792 3318; x_wconf 88' lang='lat' dir='ltr'><strong>agat,</strong></span> <span class='ocrx_word' id='word_1_250' title='bbox 1829 3250 1926 3304; x_wconf 92' lang='lat' dir='ltr'><strong>sed</strong></span> <span class='ocrx_word' id='word_1_251' title='bbox 1970 3250 2018 3307; x_wconf 88' lang='lat' dir='ltr'><strong>si</strong></span> 
     </span>
    </p>
   </div>
   <div class='ocr_carea' id='block_1_35' title="bbox 431 3328 2018 3405">
    <p class='ocr_par' dir='ltr' id='par_1_35' title="bbox 431 3328 2018 3405">
     <span class='ocr_line' id='line_1_35' title="bbox 431 3328 2018 3405; baseline 0.008 -23"><span class='ocrx_word' id='word_1_252' title='bbox 431 3328 563 3399; x_wconf 89' lang='lat' dir='ltr'><strong>quid</strong></span> <span class='ocrx_word' id='word_1_253' title='bbox 595 3332 972 3401; x_wconf 84' lang='lat' dir='ltr'><strong>responderit,</strong></span> <span class='ocrx_word' id='word_1_254' title='bbox 1002 3335 1047 3390; x_wconf 91' lang='lat' dir='ltr'><strong>si</strong></span> <span class='ocrx_word' id='word_1_255' title='bbox 1080 3334 1211 3405; x_wconf 93' lang='lat' dir='ltr'><strong>quid</strong></span> <span class='ocrx_word' id='word_1_256' title='bbox 1250 3338 1694 3405; x_wconf 88' lang='lat' dir='ltr'><strong>pronuntiaverit</strong></span> <span class='ocrx_word' id='word_1_257' title='bbox 1715 3380 1730 3405; x_wconf 94' lang='lat'><strong>,</strong></span> <span class='ocrx_word' id='word_1_258' title='bbox 1759 3340 1862 3395; x_wconf 89' lang='lat' dir='ltr'><strong>hoc</strong></span> <span class='ocrx_word' id='word_1_259' title='bbox 1895 3357 2018 3397; x_wconf 87' lang='lat' dir='ltr'><strong>cer-</strong></span> 
     </span>
    </p>
   </div>
   <div class='ocr_carea' id='block_1_36' title="bbox 431 3427 2017 3503">
    <p class='ocr_par' dir='ltr' id='par_1_36' title="bbox 431 3427 2017 3503">
     <span class='ocr_line' id='line_1_36' title="bbox 431 3427 2017 3503; baseline 0.009 -28"><span class='ocrx_word' id='word_1_260' title='bbox 431 3430 547 3475; x_wconf 89' lang='lat' dir='ltr'><strong>tum</strong></span> <span class='ocrx_word' id='word_1_261' title='bbox 598 3439 719 3479; x_wconf 89' lang='lat' dir='ltr'><strong>esse</strong></span> <span class='ocrx_word' id='word_1_262' title='bbox 765 3441 877 3480; x_wconf 89' lang='lat' dir='ltr'><strong>non</strong></span> <span class='ocrx_word' id='word_1_263' title='bbox 925 3434 1107 3497; x_wconf 86' lang='lat' dir='ltr'><strong>potest</strong></span> <span class='ocrx_word' id='word_1_264' title='bbox 1156 3427 1419 3484; x_wconf 90' lang='lat' dir='ltr'><strong>dubitari.</strong></span> <span class='ocrx_word' id='word_1_265' title='bbox 1468 3429 1531 3485; x_wconf 87' lang='lat' dir='ltr'><strong>Et</strong></span> <span class='ocrx_word' id='word_1_266' title='bbox 1578 3431 1700 3487; x_wconf 85' lang='lat' dir='ltr'><strong>ideo</strong></span> <span class='ocrx_word' id='word_1_267' title='bbox 1740 3444 2017 3503; x_wconf 72' lang='lat' dir='ltr'><strong>quzeratur</strong></span> 
     </span>
    </p>
   </div>
   <div class='ocr_carea' id='block_1_37' title="bbox 434 3515 2018 3592">
    <p class='ocr_par' dir='ltr' id='par_1_37' title="bbox 434 3515 2018 3592">
     <span class='ocr_line' id='line_1_37' title="bbox 434 3515 2018 3592; baseline 0.009 -25"><span class='ocrx_word' id='word_1_268' title='bbox 434 3530 595 3570; x_wconf 83' lang='lat' dir='ltr'><strong>verus</strong></span> <span class='ocrx_word' id='word_1_269' title='bbox 628 3515 892 3588; x_wconf 90' lang='lat' dir='ltr'><strong>propheta</strong></span> <span class='ocrx_word' id='word_1_270' title='bbox 940 3528 1068 3574; x_wconf 88' lang='lat' dir='ltr'><strong>ante</strong></span> <span class='ocrx_word' id='word_1_271' title='bbox 1093 3521 1275 3575; x_wconf 90' lang='lat' dir='ltr'><strong>omnia</strong></span> <span class='ocrx_word' id='word_1_272' title='bbox 1296 3562 1310 3585; x_wconf 93' lang='lat'><strong>,</strong></span> <span class='ocrx_word' id='word_1_273' title='bbox 1339 3531 1394 3577; x_wconf 92' lang='lat' dir='ltr'><strong>et</strong></span> <span class='ocrx_word' id='word_1_274' title='bbox 1423 3522 1543 3592; x_wconf 88' lang='lat' dir='ltr'><strong>ejus</strong></span> <span class='ocrx_word' id='word_1_275' title='bbox 1588 3525 1749 3578; x_wconf 88' lang='lat' dir='ltr'><strong>verba</strong></span> <span class='ocrx_word' id='word_1_276' title='bbox 1792 3533 2018 3582; x_wconf 87' lang='lat' dir='ltr'><strong>tenean-</strong></span> 
     </span>
    </p>
   </div>
   <div class='ocr_carea' id='block_1_38' title="bbox 432 3608 2015 3680">
    <p class='ocr_par' dir='ltr' id='par_1_38' title="bbox 432 3608 2015 3680">
     <span class='ocr_line' id='line_1_38' title="bbox 432 3608 2015 3680; baseline 0.01 -20"><span class='ocrx_word' id='word_1_277' title='bbox 432 3615 561 3672; x_wconf 86' lang='lat' dir='ltr'><strong>tur;</strong></span> <span class='ocrx_word' id='word_1_278' title='bbox 615 3608 669 3662; x_wconf 88' lang='lat' dir='ltr'><strong>in</strong></span> <span class='ocrx_word' id='word_1_279' title='bbox 716 3610 920 3680; x_wconf 89' lang='lat' dir='ltr'><strong>quibus</strong></span> <span class='ocrx_word' id='word_1_280' title='bbox 980 3610 1115 3666; x_wconf 91' lang='lat' dir='ltr'><strong>illud</strong></span> <span class='ocrx_word' id='word_1_281' title='bbox 1177 3615 1555 3669; x_wconf 89' lang='lat' dir='ltr'><strong>tantummodo</strong></span> <span class='ocrx_word' id='word_1_282' title='bbox 1608 3616 2015 3676; x_wconf 86' lang='lat' dir='ltr'><strong>discutiendum</strong></span> 
     </span>
    </p>
   </div>
   <div class='ocr_carea' id='block_1_39' title="bbox 432 3700 2015 3782">
    <p class='ocr_par' dir='ltr' id='par_1_39' title="bbox 432 3700 2015 3782">
     <span class='ocr_line' id='line_1_39' title="bbox 432 3700 2015 3782; baseline 0.009 -30"><span class='ocrx_word' id='word_1_283' title='bbox 432 3700 728 3772; x_wconf 91' lang='lat' dir='ltr'><strong>unicuique</strong></span> <span class='ocrx_word' id='word_1_284' title='bbox 756 3710 872 3768; x_wconf 89' lang='lat' dir='ltr'><strong>est,</strong></span> <span class='ocrx_word' id='word_1_285' title='bbox 901 3712 960 3757; x_wconf 92' lang='lat' dir='ltr'><strong>ut</strong></span> <span class='ocrx_word' id='word_1_286' title='bbox 991 3704 1299 3761; x_wconf 80' lang='lat' dir='ltr'><strong>satisfaciat</strong></span> <span class='ocrx_word' id='word_1_287' title='bbox 1332 3707 1435 3762; x_wconf 89' lang='lat' dir='ltr'><strong>sibi</strong></span> <span class='ocrx_word' id='word_1_288' title='bbox 1468 3710 1517 3763; x_wconf 88' lang='lat' dir='ltr'><strong>si</strong></span> <span class='ocrx_word' id='word_1_289' title='bbox 1547 3725 1673 3765; x_wconf 89' lang='lat' dir='ltr'><strong>vere</strong></span> <span class='ocrx_word' id='word_1_290' title='bbox 1695 3711 2015 3782; x_wconf 89' lang='lat' dir='ltr'><strong>prophetica</strong></span> 
     </span>
    </p>
   </div>
   <div class='ocr_carea' id='block_1_40' title="bbox 428 3792 2011 3863">
    <p class='ocr_par' dir='ltr' id='par_1_40' title="bbox 428 3792 2011 3863">
     <span class='ocr_line' id='line_1_40' title="bbox 428 3792 2011 3863; baseline 0.006 -15"><span class='ocrx_word' id='word_1_291' title='bbox 428 3792 549 3861; x_wconf 87' lang='lat' dir='ltr'><strong>ejus</strong></span> <span class='ocrx_word' id='word_1_292' title='bbox 584 3795 745 3849; x_wconf 86' lang='lat' dir='ltr'><strong>verba</strong></span> <span class='ocrx_word' id='word_1_293' title='bbox 775 3805 938 3860; x_wconf 91' lang='lat' dir='ltr'><strong>sunt,</strong></span> <span class='ocrx_word' id='word_1_294' title='bbox 975 3797 1029 3852; x_wconf 87' lang='lat' dir='ltr'><strong>id</strong></span> <span class='ocrx_word' id='word_1_295' title='bbox 1063 3806 1184 3863; x_wconf 90' lang='lat' dir='ltr'><strong>est,</strong></span> <span class='ocrx_word' id='word_1_296' title='bbox 1215 3800 1260 3855; x_wconf 90' lang='lat' dir='ltr'><strong>si</strong></span> <span class='ocrx_word' id='word_1_297' title='bbox 1295 3800 1657 3857; x_wconf 87' lang='lat' dir='ltr'><strong>indubitatam</strong></span> <span class='ocrx_word' id='word_1_298' title='bbox 1690 3802 1848 3858; x_wconf 90' lang='lat' dir='ltr'><strong>ﬁdem</strong></span> <span class='ocrx_word' id='word_1_299' title='bbox 1875 3819 2011 3858; x_wconf 78' lang='lat' dir='ltr'><strong>con-</strong></span> 
     </span>
    </p>
   </div>
   <div class='ocr_carea' id='block_1_41' title="bbox 432 3884 2011 3965">
    <p class='ocr_par' dir='ltr' id='par_1_41' title="bbox 432 3884 2011 3965">
     <span class='ocr_line' id='line_1_41' title="bbox 432 3884 2011 3965; baseline 0.008 -29"><span class='ocrx_word' id='word_1_300' title='bbox 432 3885 608 3938; x_wconf 85' lang='lat' dir='ltr'><strong>tinent</strong></span> <span class='ocrx_word' id='word_1_301' title='bbox 637 3884 948 3941; x_wconf 90' lang='lat' dir='ltr'><strong>futurorum</strong></span> <span class='ocrx_word' id='word_1_302' title='bbox 971 3928 986 3953; x_wconf 94' lang='lat'><strong>,</strong></span> <span class='ocrx_word' id='word_1_303' title='bbox 1014 3889 1059 3943; x_wconf 90' lang='lat' dir='ltr'><strong>si</strong></span> <span class='ocrx_word' id='word_1_304' title='bbox 1093 3899 1338 3959; x_wconf 90' lang='lat' dir='ltr'><strong>tempora</strong></span> <span class='ocrx_word' id='word_1_305' title='bbox 1385 3892 1610 3947; x_wconf 88' lang='lat' dir='ltr'><strong>deﬁnita</strong></span> <span class='ocrx_word' id='word_1_306' title='bbox 1652 3894 2011 3965; x_wconf 89' lang='lat' dir='ltr'><strong>consignant,</strong></span> 
     </span>
    </p>
   </div>
   <div class='ocr_carea' id='block_1_42' title="bbox 429 3973 2009 4055">
    <p class='ocr_par' dir='ltr' id='par_1_42' title="bbox 429 3973 2009 4055">
     <span class='ocr_line' id='line_1_42' title="bbox 429 3973 2009 4055; baseline 0.006 -26"><span class='ocrx_word' id='word_1_307' title='bbox 429 3973 475 4029; x_wconf 85' lang='lat' dir='ltr'><strong>si</strong></span> <span class='ocrx_word' id='word_1_308' title='bbox 511 3988 693 4028; x_wconf 88' lang='lat' dir='ltr'><strong>rerum</strong></span> <span class='ocrx_word' id='word_1_309' title='bbox 721 3976 966 4032; x_wconf 82' lang='lat' dir='ltr'><strong>ordinem</strong></span> <span class='ocrx_word' id='word_1_310' title='bbox 994 3988 1248 4045; x_wconf 84' lang='lat' dir='ltr'><strong>servant,</strong></span> <span class='ocrx_word' id='word_1_311' title='bbox 1278 3982 1324 4037; x_wconf 90' lang='lat' dir='ltr'><strong>si</strong></span> <span class='ocrx_word' id='word_1_312' title='bbox 1357 3998 1465 4037; x_wconf 90' lang='lat' dir='ltr'><strong>non</strong></span> <span class='ocrx_word' id='word_1_313' title='bbox 1497 4000 1619 4055; x_wconf 69' lang='lat' dir='ltr'><strong>qua:</strong></span> <span class='ocrx_word' id='word_1_314' title='bbox 1648 3986 1823 4055; x_wconf 85' lang='lat' dir='ltr'><strong>prima</strong></span> <span class='ocrx_word' id='word_1_315' title='bbox 1858 3994 2009 4054; x_wconf 82' lang='lat' dir='ltr'><strong>sunt,</strong></span> 
     </span>
    </p>
   </div>
   <div class='ocr_carea' id='block_1_43' title="bbox 430 4066 2012 4152">
    <p class='ocr_par' dir='ltr' id='par_1_43' title="bbox 430 4066 2012 4152">
     <span class='ocr_line' id='line_1_43' title="bbox 430 4066 2012 4152; baseline 0.009 -32"><span class='ocrx_word' id='word_1_316' title='bbox 430 4066 728 4122; x_wconf 90' lang='lat' dir='ltr'><strong>novissima</strong></span> <span class='ocrx_word' id='word_1_317' title='bbox 750 4108 763 4132; x_wconf 92' lang='lat'><strong>,</strong></span> <span class='ocrx_word' id='word_1_318' title='bbox 794 4076 847 4125; x_wconf 89' lang='lat' dir='ltr'><strong>et</strong></span> <span class='ocrx_word' id='word_1_319' title='bbox 878 4086 999 4140; x_wconf 54' lang='lat' dir='ltr'><strong>quas</strong></span> <span class='ocrx_word' id='word_1_320' title='bbox 1031 4072 1084 4126; x_wconf 91' lang='lat' dir='ltr'><strong>in</strong></span> <span class='ocrx_word' id='word_1_321' title='bbox 1117 4073 1435 4131; x_wconf 84' lang='lat' dir='ltr'><strong>novissimis</strong></span> <span class='ocrx_word' id='word_1_322' title='bbox 1466 4085 1617 4147; x_wconf 90' lang='lat' dir='ltr'><strong>gesta</strong></span> <span class='ocrx_word' id='word_1_323' title='bbox 1642 4085 1802 4143; x_wconf 91' lang='lat' dir='ltr'><strong>sunt,</strong></span> <span class='ocrx_word' id='word_1_324' title='bbox 1834 4079 2012 4152; x_wconf 90' lang='lat' dir='ltr'><strong>prima</strong></span> 
     </span>
    </p>
   </div>
   <div class='ocr_carea' id='block_1_44' title="bbox 429 4164 2011 4243">
    <p class='ocr_par' dir='ltr' id='par_1_44' title="bbox 429 4164 2011 4243">
     <span class='ocr_line' id='line_1_44' title="bbox 429 4164 2011 4243; baseline 0.01 -29"><span class='ocrx_word' id='word_1_325' title='bbox 429 4170 761 4227; x_wconf 90' lang='lat' dir='ltr'><strong>narrarunt,</strong></span> <span class='ocrx_word' id='word_1_326' title='bbox 790 4164 837 4218; x_wconf 91' lang='lat' dir='ltr'><strong>si</strong></span> <span class='ocrx_word' id='word_1_327' title='bbox 866 4166 1003 4221; x_wconf 86' lang='lat' dir='ltr'><strong>nihil</strong></span> <span class='ocrx_word' id='word_1_328' title='bbox 1033 4174 1315 4223; x_wconf 90' lang='lat' dir='ltr'><strong>versutum</strong></span> <span class='ocrx_word' id='word_1_329' title='bbox 1335 4209 1353 4235; x_wconf 96' lang='lat'><strong>,</strong></span> <span class='ocrx_word' id='word_1_330' title='bbox 1387 4170 1523 4224; x_wconf 89' lang='lat' dir='ltr'><strong>nihil</strong></span> <span class='ocrx_word' id='word_1_331' title='bbox 1554 4174 1764 4243; x_wconf 88' lang='lat' dir='ltr'><strong>magica</strong></span> <span class='ocrx_word' id='word_1_332' title='bbox 1795 4183 1911 4229; x_wconf 84' lang='lat' dir='ltr'><strong>arte</strong></span> <span class='ocrx_word' id='word_1_333' title='bbox 1941 4174 2011 4230; x_wconf 88' lang='lat' dir='ltr'><strong>ad</strong></span> 
     </span>
    </p>
   </div>
   <div class='ocr_carea' id='block_1_45' title="bbox 428 4252 2010 4329">
    <p class='ocr_par' dir='ltr' id='par_1_45' title="bbox 428 4252 2010 4329">
     <span class='ocr_line' id='line_1_45' title="bbox 428 4252 2010 4329; baseline 0.01 -24"><span class='ocrx_word' id='word_1_334' title='bbox 428 4252 810 4323; x_wconf 84' lang='lat' dir='ltr'><strong>decipiendum</strong></span> <span class='ocrx_word' id='word_1_335' title='bbox 862 4258 1229 4329; x_wconf 88' lang='lat' dir='ltr'><strong>compositum</strong></span> <span class='ocrx_word' id='word_1_336' title='bbox 1286 4262 1604 4327; x_wconf 83' lang='lat' dir='ltr'><strong>continent,</strong></span> <span class='ocrx_word' id='word_1_337' title='bbox 1658 4271 1752 4319; x_wconf 90' lang='lat' dir='ltr'><strong>aut</strong></span> <span class='ocrx_word' id='word_1_338' title='bbox 1800 4266 1850 4321; x_wconf 84' lang='lat' dir='ltr'><strong>si</strong></span> <span class='ocrx_word' id='word_1_339' title='bbox 1898 4280 2010 4321; x_wconf 90' lang='lat' dir='ltr'><strong>non</strong></span> 
     </span>
    </p>
   </div>
   <div class='ocr_carea' id='block_1_46' title="bbox 428 4344 2011 4415">
    <p class='ocr_par' dir='ltr' id='par_1_46' title="bbox 428 4344 2011 4415">
     <span class='ocr_line' id='line_1_46' title="bbox 428 4344 2011 4415; baseline 0.01 -20"><span class='ocrx_word' id='word_1_340' title='bbox 428 4358 550 4411; x_wconf 67' lang='lat' dir='ltr'><strong>quas</strong></span> <span class='ocrx_word' id='word_1_341' title='bbox 578 4344 702 4400; x_wconf 88' lang='lat' dir='ltr'><strong>aliis</strong></span> <span class='ocrx_word' id='word_1_342' title='bbox 729 4346 966 4401; x_wconf 88' lang='lat' dir='ltr'><strong>revelata</strong></span> <span class='ocrx_word' id='word_1_343' title='bbox 1005 4358 1169 4415; x_wconf 90' lang='lat' dir='ltr'><strong>sunt,</strong></span> <span class='ocrx_word' id='word_1_344' title='bbox 1204 4350 1270 4405; x_wconf 91' lang='lat' dir='ltr'><strong>ad</strong></span> <span class='ocrx_word' id='word_1_345' title='bbox 1302 4367 1359 4407; x_wconf 90' lang='lat' dir='ltr'><strong>se</strong></span> <span class='ocrx_word' id='word_1_346' title='bbox 1392 4355 1733 4409; x_wconf 88' lang='lat' dir='ltr'><strong>transtulerit</strong></span> <span class='ocrx_word' id='word_1_347' title='bbox 1757 4354 2011 4412; x_wconf 83' lang='lat' dir='ltr'><strong>admistis</strong></span> 
     </span>
    </p>
   </div>
   <div class='ocr_carea' id='block_1_47' title="bbox 2137 485 2713 555">
    <p class='ocr_par' dir='ltr' id='par_1_47' title="bbox 2137 485 2713 555">
     <span class='ocr_line' id='line_1_47' title="bbox 2137 485 2713 555; baseline 0.01 -16"><span class='ocrx_word' id='word_1_348' title='bbox 2137 485 2460 555; x_wconf 89' lang='lat' dir='ltr'><strong>sponderiut</strong></span> <span class='ocrx_word' id='word_1_349' title='bbox 2477 525 2495 551; x_wconf 92' lang='lat'><strong>,</strong></span> <span class='ocrx_word' id='word_1_350' title='bbox 2530 485 2713 545; x_wconf 90' lang='lat' dir='ltr'><strong>debet.</strong></span> 
     </span>
    </p>
   </div>
   <div class='ocr_carea' id='block_1_48' title="bbox 2206 577 3644 651">
    <p class='ocr_par' dir='ltr' id='par_1_48' title="bbox 2206 577 3644 651">
     <span class='ocr_line' id='line_1_48' title="bbox 2206 577 3644 651; baseline -0.001 -20"><span class='ocrx_word' id='word_1_351' title='bbox 2206 577 2343 634; x_wconf 75' lang='lat' dir='ltr'><strong>LXI.</strong></span> <span class='ocrx_word' id='word_1_352' title='bbox 2378 578 2595 635; x_wconf 82' lang='lat' dir='ltr'><strong>Etenim</strong></span> <span class='ocrx_word' id='word_1_353' title='bbox 2639 579 3053 635; x_wconf 89' lang='lat' dir='ltr'><strong>consideremus</strong></span> <span class='ocrx_word' id='word_1_354' title='bbox 3086 580 3390 651; x_wconf 85' lang='lat' dir='ltr'><strong>diligentius</strong></span> <span class='ocrx_word' id='word_1_355' title='bbox 3428 594 3547 649; x_wconf 87' lang='lat' dir='ltr'><strong>opus</strong></span> <span class='ocrx_word' id='word_1_356' title='bbox 3580 579 3644 632; x_wconf 87' lang='lat' dir='ltr'><strong>di-</strong></span> 
     </span>
    </p>
   </div>
   <div class='ocr_carea' id='block_1_49' title="bbox 2135 670 3646 745">
    <p class='ocr_par' dir='ltr' id='par_1_49' title="bbox 2135 670 3646 745">
     <span class='ocr_line' id='line_1_49' title="bbox 2135 670 3646 745; baseline -0.002 -19"><span class='ocrx_word' id='word_1_357' title='bbox 2135 673 2274 727; x_wconf 72' lang='lat' dir='ltr'><strong>vina:</strong></span> <span class='ocrx_word' id='word_1_358' title='bbox 2303 670 2683 730; x_wconf 67' lang='lat' dir='ltr'><strong>Providentiae.</strong></span> <span class='ocrx_word' id='word_1_359' title='bbox 2713 671 2849 727; x_wconf 84' lang='lat' dir='ltr'><strong>Nam</strong></span> <span class='ocrx_word' id='word_1_360' title='bbox 2878 673 3025 744; x_wconf 91' lang='lat' dir='ltr'><strong>quod</strong></span> <span class='ocrx_word' id='word_1_361' title='bbox 3058 672 3357 745; x_wconf 84' lang='lat' dir='ltr'><strong>philosophi</strong></span> <span class='ocrx_word' id='word_1_362' title='bbox 3387 673 3646 727; x_wconf 77' lang='lat' dir='ltr'><strong>introduxe-</strong></span> 
     </span>
    </p>
   </div>
   <div class='ocr_carea' id='block_1_50' title="bbox 2134 764 3646 837">
    <p class='ocr_par' dir='ltr' id='par_1_50' title="bbox 2134 764 3646 837">
     <span class='ocr_line' id='line_1_50' title="bbox 2134 764 3646 837; baseline 0.001 -21"><span class='ocrx_word' id='word_1_363' title='bbox 2134 772 2265 817; x_wconf 88' lang='lat' dir='ltr'><strong>runt</strong></span> <span class='ocrx_word' id='word_1_364' title='bbox 2304 765 2472 820; x_wconf 89' lang='lat' dir='ltr'><strong>verba</strong></span> <span class='ocrx_word' id='word_1_365' title='bbox 2522 765 2746 822; x_wconf 90' lang='lat' dir='ltr'><strong>subtilia</strong></span> <span class='ocrx_word' id='word_1_366' title='bbox 2790 764 3038 837; x_wconf 64' lang='lat' dir='ltr'><strong>quaedam</strong></span> <span class='ocrx_word' id='word_1_367' title='bbox 3066 774 3121 821; x_wconf 93' lang='lat' dir='ltr'><strong>et</strong></span> <span class='ocrx_word' id='word_1_368' title='bbox 3151 764 3411 829; x_wconf 84' lang='lat' dir='ltr'><strong>difﬁcilia,</strong></span> <span class='ocrx_word' id='word_1_369' title='bbox 3439 766 3505 819; x_wconf 85' lang='lat' dir='ltr'><strong>ita</strong></span> <span class='ocrx_word' id='word_1_370' title='bbox 3528 772 3646 818; x_wconf 86' lang='lat' dir='ltr'><strong>utne</strong></span> 
     </span>
    </p>
   </div>
   <div class='ocr_carea' id='block_1_51' title="bbox 2137 856 3647 926">
    <p class='ocr_par' dir='ltr' id='par_1_51' title="bbox 2137 856 3647 926">
     <span class='ocr_line' id='line_1_51' title="bbox 2137 856 3647 926; baseline 0.003 -17"><span class='ocrx_word' id='word_1_371' title='bbox 2137 856 2255 926; x_wconf 89' lang='lat' dir='ltr'><strong>ipsa</strong></span> <span class='ocrx_word' id='word_1_372' title='bbox 2282 856 2504 926; x_wconf 89' lang='lat' dir='ltr'><strong>quidem</strong></span> <span class='ocrx_word' id='word_1_373' title='bbox 2526 856 2792 912; x_wconf 90' lang='lat' dir='ltr'><strong>vocabula</strong></span> <span class='ocrx_word' id='word_1_374' title='bbox 2818 873 3129 913; x_wconf 89' lang='lat' dir='ltr'><strong>sermonum</strong></span> <span class='ocrx_word' id='word_1_375' title='bbox 3153 865 3275 913; x_wconf 71' lang='lat' dir='ltr'><strong>nota</strong></span> <span class='ocrx_word' id='word_1_376' title='bbox 3295 873 3411 913; x_wconf 86' lang='lat' dir='ltr'><strong>esse</strong></span> <span class='ocrx_word' id='word_1_377' title='bbox 3436 856 3647 913; x_wconf 84' lang='lat' dir='ltr'><strong>omnibus</strong></span> 
     </span>
    </p>
   </div>
   <div class='ocr_carea' id='block_1_52' title="bbox 2134 948 3647 1023">
    <p class='ocr_par' dir='ltr' id='par_1_52' title="bbox 2134 948 3647 1023">
     <span class='ocr_line' id='line_1_52' title="bbox 2134 948 3647 1023; baseline 0.001 -19"><span class='ocrx_word' id='word_1_378' title='bbox 2134 959 2359 1017; x_wconf 88' lang='lat' dir='ltr'><strong>possent</strong></span> <span class='ocrx_word' id='word_1_379' title='bbox 2387 958 2440 1006; x_wconf 90' lang='lat' dir='ltr'><strong>et</strong></span> <span class='ocrx_word' id='word_1_380' title='bbox 2468 950 2859 1021; x_wconf 90' lang='lat' dir='ltr'><strong>intelligibilia,</strong></span> <span class='ocrx_word' id='word_1_381' title='bbox 2895 948 3037 1006; x_wconf 91' lang='lat' dir='ltr'><strong>Deus</strong></span> <span class='ocrx_word' id='word_1_382' title='bbox 3068 966 3165 1006; x_wconf 91' lang='lat' dir='ltr'><strong>eos</strong></span> <span class='ocrx_word' id='word_1_383' title='bbox 3196 951 3280 1023; x_wconf 73' lang='lat' dir='ltr'><strong>qui</strong></span> <span class='ocrx_word' id='word_1_384' title='bbox 3320 951 3419 1005; x_wconf 90' lang='lat' dir='ltr'><strong>sibi</strong></span> <span class='ocrx_word' id='word_1_385' title='bbox 3449 952 3647 1005; x_wconf 82' lang='lat' dir='ltr'><strong>artiﬁces</strong></span> 
     </span>
    </p>
   </div>
   <div class='ocr_carea' id='block_1_53' title="bbox 2134 1040 3647 1115">
    <p class='ocr_par' dir='ltr' id='par_1_53' title="bbox 2134 1040 3647 1115">
     <span class='ocr_line' id='line_1_53' title="bbox 2134 1040 3647 1115; baseline 0.001 -21"><span class='ocrx_word' id='word_1_386' title='bbox 2134 1040 2425 1095; x_wconf 91' lang='lat' dir='ltr'><strong>verborum</strong></span> <span class='ocrx_word' id='word_1_387' title='bbox 2483 1041 2841 1107; x_wconf 90' lang='lat' dir='ltr'><strong>videbantur,</strong></span> <span class='ocrx_word' id='word_1_388' title='bbox 2881 1058 2978 1112; x_wconf 88' lang='lat' dir='ltr'><strong>per</strong></span> <span class='ocrx_word' id='word_1_389' title='bbox 3019 1045 3205 1099; x_wconf 91' lang='lat' dir='ltr'><strong>omnia</strong></span> <span class='ocrx_word' id='word_1_390' title='bbox 3246 1044 3510 1115; x_wconf 88' lang='lat' dir='ltr'><strong>imperitos</strong></span> <span class='ocrx_word' id='word_1_391' title='bbox 3544 1060 3647 1114; x_wconf 80' lang='lat' dir='ltr'><strong>erga</strong></span> 
     </span>
    </p>
   </div>
   <div class='ocr_carea' id='block_1_54' title="bbox 2134 1129 3649 1204">
    <p class='ocr_par' dir='ltr' id='par_1_54' title="bbox 2134 1129 3649 1204">
     <span class='ocr_line' id='line_1_54' title="bbox 2134 1129 3649 1204; baseline 0.004 -22"><span class='ocrx_word' id='word_1_392' title='bbox 2134 1129 2469 1200; x_wconf 87' lang='lat' dir='ltr'><strong>agnitionem</strong></span> <span class='ocrx_word' id='word_1_393' title='bbox 2510 1131 2761 1186; x_wconf 88' lang='lat' dir='ltr'><strong>veritatis</strong></span> <span class='ocrx_word' id='word_1_394' title='bbox 2794 1131 3053 1188; x_wconf 90' lang='lat' dir='ltr'><strong>ostendit.</strong></span> <span class='ocrx_word' id='word_1_395' title='bbox 3092 1132 3324 1204; x_wconf 61' lang='lat' dir='ltr'><strong>Simplex</strong></span> <span class='ocrx_word' id='word_1_396' title='bbox 3352 1134 3487 1188; x_wconf 89' lang='lat' dir='ltr'><strong>enim</strong></span> <span class='ocrx_word' id='word_1_397' title='bbox 3512 1143 3585 1188; x_wconf 90' lang='lat' dir='ltr'><strong>est</strong></span> <span class='ocrx_word' id='word_1_398' title='bbox 3608 1146 3649 1188; x_wconf 78' lang='lat' dir='ltr'><strong>et</strong></span> 
     </span>
    </p>
   </div>
   <div class='ocr_carea' id='block_1_55' title="bbox 2132 1220 3647 1297">
    <p class='ocr_par' dir='ltr' id='par_1_55' title="bbox 2132 1220 3647 1297">
     <span class='ocr_line' id='line_1_55' title="bbox 2132 1220 3647 1297; baseline 0.002 -22"><span class='ocrx_word' id='word_1_399' title='bbox 2132 1220 2424 1278; x_wconf 87' lang='lat' dir='ltr'><strong>manifesta</strong></span> <span class='ocrx_word' id='word_1_400' title='bbox 2459 1238 2521 1277; x_wconf 90' lang='lat' dir='ltr'><strong>ac</strong></span> <span class='ocrx_word' id='word_1_401' title='bbox 2546 1223 2729 1280; x_wconf 90' lang='lat' dir='ltr'><strong>brevis</strong></span> <span class='ocrx_word' id='word_1_402' title='bbox 2753 1241 2936 1280; x_wconf 90' lang='lat' dir='ltr'><strong>rerum</strong></span> <span class='ocrx_word' id='word_1_403' title='bbox 2970 1227 3197 1281; x_wconf 89' lang='lat' dir='ltr'><strong>scientia</strong></span> <span class='ocrx_word' id='word_1_404' title='bbox 3216 1267 3233 1289; x_wconf 92' lang='lat'><strong>,</strong></span> <span class='ocrx_word' id='word_1_405' title='bbox 3257 1241 3371 1297; x_wconf 71' lang='lat' dir='ltr'><strong>quae</strong></span> <span class='ocrx_word' id='word_1_406' title='bbox 3393 1241 3478 1295; x_wconf 89' lang='lat' dir='ltr'><strong>per</strong></span> <span class='ocrx_word' id='word_1_407' title='bbox 3495 1241 3647 1280; x_wconf 81' lang='lat' dir='ltr'><strong>verum</strong></span> 
     </span>
    </p>
   </div>
   <div class='ocr_carea' id='block_1_56' title="bbox 2132 1313 3650 1388">
    <p class='ocr_par' dir='ltr' id='par_1_56' title="bbox 2132 1313 3650 1388">
     <span class='ocr_line' id='line_1_56' title="bbox 2132 1313 3650 1388; baseline 0.003 -21"><span class='ocrx_word' id='word_1_408' title='bbox 2132 1313 2451 1384; x_wconf 85' lang='lat' dir='ltr'><strong>prophetam</strong></span> <span class='ocrx_word' id='word_1_409' title='bbox 2483 1316 2741 1381; x_wconf 91' lang='lat' dir='ltr'><strong>traditur,</strong></span> <span class='ocrx_word' id='word_1_410' title='bbox 2774 1333 2937 1388; x_wconf 90' lang='lat' dir='ltr'><strong>quam</strong></span> <span class='ocrx_word' id='word_1_411' title='bbox 2972 1318 3059 1373; x_wconf 90' lang='lat' dir='ltr'><strong>isti</strong></span> <span class='ocrx_word' id='word_1_412' title='bbox 3087 1334 3181 1388; x_wconf 88' lang='lat' dir='ltr'><strong>per</strong></span> <span class='ocrx_word' id='word_1_413' title='bbox 3211 1318 3353 1373; x_wconf 84' lang='lat' dir='ltr'><strong>devia</strong></span> <span class='ocrx_word' id='word_1_414' title='bbox 3381 1317 3650 1373; x_wconf 84' lang='lat' dir='ltr'><strong>incedentes</strong></span> 
     </span>
    </p>
   </div>
   <div class='ocr_carea' id='block_1_57' title="bbox 2130 1408 3650 1480">
    <p class='ocr_par' dir='ltr' id='par_1_57' title="bbox 2130 1408 3650 1480">
     <span class='ocr_line' id='line_1_57' title="bbox 2130 1408 3650 1480; baseline 0.003 -22"><span class='ocrx_word' id='word_1_415' title='bbox 2130 1412 2185 1458; x_wconf 93' lang='lat' dir='ltr'><strong>et</strong></span> <span class='ocrx_word' id='word_1_416' title='bbox 2214 1420 2476 1476; x_wconf 88' lang='lat' dir='ltr'><strong>scrupeas</strong></span> <span class='ocrx_word' id='word_1_417' title='bbox 2514 1408 2803 1462; x_wconf 89' lang='lat' dir='ltr'><strong>verborum</strong></span> <span class='ocrx_word' id='word_1_418' title='bbox 2846 1408 3228 1472; x_wconf 83' lang='lat' dir='ltr'><strong>diﬁicultatcs,</strong></span> <span class='ocrx_word' id='word_1_419' title='bbox 3269 1418 3368 1463; x_wconf 88' lang='lat' dir='ltr'><strong>.ota</strong></span> <span class='ocrx_word' id='word_1_420' title='bbox 3406 1410 3650 1480; x_wconf 83' lang='lat' dir='ltr'><strong>ignorave-</strong></span> 
     </span>
    </p>
   </div>
   <div class='ocr_carea' id='block_1_58' title="bbox 2130 1498 3646 1570">
    <p class='ocr_par' dir='ltr' id='par_1_58' title="bbox 2130 1498 3646 1570">
     <span class='ocr_line' id='line_1_58' title="bbox 2130 1498 3646 1570; baseline 0.001 -18"><span class='ocrx_word' id='word_1_421' title='bbox 2130 1505 2259 1552; x_wconf 92' lang='lat' dir='ltr'><strong>runt</strong></span> <span class='ocrx_word' id='word_1_422' title='bbox 2282 1498 2390 1552; x_wconf 84' lang='lat' dir='ltr'><strong>via.</strong></span> <span class='ocrx_word' id='word_1_423' title='bbox 2412 1498 2580 1570; x_wconf 90' lang='lat' dir='ltr'><strong>Igitur</strong></span> <span class='ocrx_word' id='word_1_424' title='bbox 2610 1498 2935 1555; x_wconf 87' lang='lat' dir='ltr'><strong>verecundis</strong></span> <span class='ocrx_word' id='word_1_425' title='bbox 2961 1508 3015 1554; x_wconf 93' lang='lat' dir='ltr'><strong>et</strong></span> <span class='ocrx_word' id='word_1_426' title='bbox 3040 1500 3367 1570; x_wconf 90' lang='lat' dir='ltr'><strong>simplicbus</strong></span> <span class='ocrx_word' id='word_1_427' title='bbox 3391 1500 3646 1561; x_wconf 87' lang='lat' dir='ltr'><strong>mentibus,</strong></span> 
     </span>
    </p>
   </div>
   <div class='ocr_carea' id='block_1_59' title="bbox 2131 1588 3651 1660">
    <p class='ocr_par' dir='ltr' id='par_1_59' title="bbox 2131 1588 3651 1660">
     <span class='ocr_line' id='line_1_59' title="bbox 2131 1588 3651 1660; baseline -0.001 -17"><span class='ocrx_word' id='word_1_428' title='bbox 2131 1604 2258 1643; x_wconf 91' lang='lat' dir='ltr'><strong>cum</strong></span> <span class='ocrx_word' id='word_1_429' title='bbox 2289 1588 2528 1643; x_wconf 88' lang='lat' dir='ltr'><strong>viderint</strong></span> <span class='ocrx_word' id='word_1_430' title='bbox 2572 1588 2687 1645; x_wconf 88' lang='lat' dir='ltr'><strong>ﬁeri</strong></span> <span class='ocrx_word' id='word_1_431' title='bbox 2719 1605 2840 1660; x_wconf 80' lang='lat' dir='ltr'><strong>qua:</strong></span> <span class='ocrx_word' id='word_1_432' title='bbox 2884 1589 3142 1660; x_wconf 65' lang='lat' dir='ltr'><strong>pradicta</strong></span> <span class='ocrx_word' id='word_1_433' title='bbox 3179 1596 3331 1651; x_wconf 69' lang='lat' dir='ltr'><strong>sunt,</strong></span> <span class='ocrx_word' id='word_1_434' title='bbox 3362 1591 3484 1645; x_wconf 86' lang='lat' dir='ltr'><strong>satis</strong></span> <span class='ocrx_word' id='word_1_435' title='bbox 3507 1589 3651 1643; x_wconf 88' lang='lat' dir='ltr'><strong>abun-</strong></span> 
     </span>
    </p>
   </div>
   <div class='ocr_carea' id='block_1_60' title="bbox 2131 1675 3648 1752">
    <p class='ocr_par' dir='ltr' id='par_1_60' title="bbox 2131 1675 3648 1752">
     <span class='ocr_line' id='line_1_60' title="bbox 2131 1675 3648 1752; baseline 0.003 -21"><span class='ocrx_word' id='word_1_436' title='bbox 2131 1675 2309 1747; x_wconf 85' lang='lat' dir='ltr'><strong>deque</strong></span> <span class='ocrx_word' id='word_1_437' title='bbox 2340 1678 2568 1746; x_wconf 75' lang='lat' dir='ltr'><strong>sufﬁcit,</strong></span> <span class='ocrx_word' id='word_1_438' title='bbox 2596 1688 2655 1734; x_wconf 95' lang='lat' dir='ltr'><strong>ut</strong></span> <span class='ocrx_word' id='word_1_439' title='bbox 2686 1681 2753 1736; x_wconf 91' lang='lat' dir='ltr'><strong>de</strong></span> <span class='ocrx_word' id='word_1_440' title='bbox 2777 1683 3089 1737; x_wconf 88' lang='lat' dir='ltr'><strong>certissima</strong></span> <span class='ocrx_word' id='word_1_441' title='bbox 3132 1681 3456 1752; x_wconf 59' lang='lat' dir='ltr'><strong>praescientia</strong></span> <span class='ocrx_word' id='word_1_442' title='bbox 3482 1682 3648 1735; x_wconf 86' lang='lat' dir='ltr'><strong>certis-</strong></span> 
     </span>
    </p>
   </div>
   <div class='ocr_carea' id='block_1_61' title="bbox 2060 1764 3651 1843">
    <p class='ocr_par' dir='ltr' id='par_1_61' title="bbox 2060 1764 3651 1843">
     <span class='ocr_line' id='line_1_61' title="bbox 2060 1764 3651 1843; baseline 0.001 -23"><span class='ocrx_word' id='word_1_443' title='bbox 2060 1764 2103 1820; x_wconf 88' lang='lat' dir='ltr'><strong>B</strong></span> <span class='ocrx_word' id='word_1_444' title='bbox 2133 1768 2329 1824; x_wconf 89' lang='lat' dir='ltr'><strong>simam</strong></span> <span class='ocrx_word' id='word_1_445' title='bbox 2359 1770 2650 1825; x_wconf 90' lang='lat' dir='ltr'><strong>scientiam</strong></span> <span class='ocrx_word' id='word_1_446' title='bbox 2684 1772 2926 1843; x_wconf 89' lang='lat' dir='ltr'><strong>capiant,</strong></span> <span class='ocrx_word' id='word_1_447' title='bbox 2956 1781 3010 1829; x_wconf 90' lang='lat' dir='ltr'><strong>et</strong></span> <span class='ocrx_word' id='word_1_448' title='bbox 3038 1773 3105 1827; x_wconf 90' lang='lat' dir='ltr'><strong>de</strong></span> <span class='ocrx_word' id='word_1_449' title='bbox 3136 1780 3324 1827; x_wconf 65' lang='lat' dir='ltr'><strong>caetero</strong></span> <span class='ocrx_word' id='word_1_450' title='bbox 3352 1771 3651 1841; x_wconf 84' lang='lat' dir='ltr'><strong>requiescant</strong></span> 
     </span>
    </p>
   </div>
   <div class='ocr_carea' id='block_1_62' title="bbox 2128 1861 3650 1935">
    <p class='ocr_par' dir='ltr' id='par_1_62' title="bbox 2128 1861 3650 1935">
     <span class='ocr_line' id='line_1_62' title="bbox 2128 1861 3650 1935; baseline -0.001 -20"><span class='ocrx_word' id='word_1_451' title='bbox 2128 1861 2368 1917; x_wconf 90' lang='lat' dir='ltr'><strong>evidenti</strong></span> <span class='ocrx_word' id='word_1_452' title='bbox 2393 1863 2671 1934; x_wconf 87' lang='lat' dir='ltr'><strong>agnitione</strong></span> <span class='ocrx_word' id='word_1_453' title='bbox 2692 1865 2945 1921; x_wconf 80' lang='lat' dir='ltr'><strong>veritatis</strong></span> <span class='ocrx_word' id='word_1_454' title='bbox 2968 1874 3273 1935; x_wconf 82' lang='lat' dir='ltr'><strong>assumpta;</strong></span> <span class='ocrx_word' id='word_1_455' title='bbox 3297 1870 3484 1919; x_wconf 64' lang='lat' dir='ltr'><strong>cattera</strong></span> <span class='ocrx_word' id='word_1_456' title='bbox 3501 1864 3650 1916; x_wconf 84' lang='lat' dir='ltr'><strong>omnia</strong></span> 
     </span>
    </p>
   </div>
   <div class='ocr_carea' id='block_1_63' title="bbox 2127 1951 3652 2026">
    <p class='ocr_par' dir='ltr' id='par_1_63' title="bbox 2127 1951 3652 2026">
     <span class='ocr_line' id='line_1_63' title="bbox 2127 1951 3652 2026; baseline -0.003 -19"><span class='ocrx_word' id='word_1_457' title='bbox 2127 1953 2488 2010; x_wconf 68' lang='lat' dir='ltr'><strong>aestimatione</strong></span> <span class='ocrx_word' id='word_1_458' title='bbox 2543 1961 2885 2022; x_wconf 89' lang='lat' dir='ltr'><strong>tractantur,</strong></span> <span class='ocrx_word' id='word_1_459' title='bbox 2932 1956 2991 2011; x_wconf 92' lang='lat' dir='ltr'><strong>in</strong></span> <span class='ocrx_word' id='word_1_460' title='bbox 3042 1956 3245 2026; x_wconf 90' lang='lat' dir='ltr'><strong>quibus</strong></span> <span class='ocrx_word' id='word_1_461' title='bbox 3291 1954 3494 2009; x_wconf 87' lang='lat' dir='ltr'><strong>ﬁrmum</strong></span> <span class='ocrx_word' id='word_1_462' title='bbox 3541 1951 3652 2005; x_wconf 89' lang='lat' dir='ltr'><strong>nihil</strong></span> 
     </span>
    </p>
   </div>
   <div class='ocr_carea' id='block_1_64' title="bbox 2126 2045 3654 2121">
    <p class='ocr_par' dir='ltr' id='par_1_64' title="bbox 2126 2045 3654 2121">
     <span class='ocr_line' id='line_1_64' title="bbox 2126 2045 3654 2121; baseline -0.002 -19"><span class='ocrx_word' id='word_1_463' title='bbox 2126 2061 2249 2102; x_wconf 90' lang='lat' dir='ltr'><strong>esse</strong></span> <span class='ocrx_word' id='word_1_464' title='bbox 2279 2055 2477 2118; x_wconf 88' lang='lat' dir='ltr'><strong>potest.</strong></span> <span class='ocrx_word' id='word_1_465' title='bbox 2520 2047 2656 2115; x_wconf 85' lang='lat' dir='ltr'><strong>Quis</strong></span> <span class='ocrx_word' id='word_1_466' title='bbox 2708 2049 2853 2103; x_wconf 91' lang='lat' dir='ltr'><strong>enim</strong></span> <span class='ocrx_word' id='word_1_467' title='bbox 2898 2065 3080 2105; x_wconf 88' lang='lat' dir='ltr'><strong>sermo</strong></span> <span class='ocrx_word' id='word_1_468' title='bbox 3131 2064 3240 2115; x_wconf 88' lang='lat' dir='ltr'><strong>est,</strong></span> <span class='ocrx_word' id='word_1_469' title='bbox 3266 2050 3357 2121; x_wconf 92' lang='lat' dir='ltr'><strong>qui</strong></span> <span class='ocrx_word' id='word_1_470' title='bbox 3400 2064 3501 2104; x_wconf 91' lang='lat' dir='ltr'><strong>non</strong></span> <span class='ocrx_word' id='word_1_471' title='bbox 3539 2045 3654 2101; x_wconf 86' lang='lat' dir='ltr'><strong>reci-</strong></span> 
     </span>
    </p>
   </div>
   <div class='ocr_carea' id='block_1_65' title="bbox 2127 2139 3649 2214">
    <p class='ocr_par' dir='ltr' id='par_1_65' title="bbox 2127 2139 3649 2214">
     <span class='ocr_line' id='line_1_65' title="bbox 2127 2139 3649 2214; baseline 0.003 -21"><span class='ocrx_word' id='word_1_472' title='bbox 2127 2139 2241 2209; x_wconf 89' lang='lat' dir='ltr'><strong>piat</strong></span> <span class='ocrx_word' id='word_1_473' title='bbox 2289 2140 2824 2197; x_wconf 84' lang='lat' dir='ltr'><strong>contradictionem?</strong></span> <span class='ocrx_word' id='word_1_474' title='bbox 2870 2150 2925 2198; x_wconf 90' lang='lat' dir='ltr'><strong>et</strong></span> <span class='ocrx_word' id='word_1_475' title='bbox 2976 2157 3095 2213; x_wconf 69' lang='lat' dir='ltr'><strong>qua:</strong></span> <span class='ocrx_word' id='word_1_476' title='bbox 3145 2141 3517 2214; x_wconf 75' lang='lat' dir='ltr'><strong>argumentatio</strong></span> <span class='ocrx_word' id='word_1_477' title='bbox 3555 2146 3649 2198; x_wconf 75' lang='lat' dir='ltr'><strong>est.</strong></span> 
     </span>
    </p>
   </div>
   <div class='ocr_carea' id='block_1_66' title="bbox 2125 2228 3655 2305">
    <p class='ocr_par' dir='ltr' id='par_1_66' title="bbox 2125 2228 3655 2305">
     <span class='ocr_line' id='line_1_66' title="bbox 2125 2228 3655 2305; baseline -0.002 -20"><span class='ocrx_word' id='word_1_478' title='bbox 2125 2248 2247 2304; x_wconf 75' lang='lat' dir='ltr'><strong>qua:</strong></span> <span class='ocrx_word' id='word_1_479' title='bbox 2277 2248 2385 2288; x_wconf 92' lang='lat' dir='ltr'><strong>non</strong></span> <span class='ocrx_word' id='word_1_480' title='bbox 2430 2236 2606 2305; x_wconf 89' lang='lat' dir='ltr'><strong>possit</strong></span> <span class='ocrx_word' id='word_1_481' title='bbox 2656 2235 2763 2291; x_wconf 91' lang='lat' dir='ltr'><strong>alia</strong></span> <span class='ocrx_word' id='word_1_482' title='bbox 2809 2236 3279 2305; x_wconf 73' lang='lat' dir='ltr'><strong>argumentatione</strong></span> <span class='ocrx_word' id='word_1_483' title='bbox 3321 2228 3655 2292; x_wconf 72' lang='lat' dir='ltr'><strong>subvertilEt</strong></span> 
     </span>
    </p>
   </div>
   <div class='ocr_carea' id='block_1_67' title="bbox 2126 2324 3655 2396">
    <p class='ocr_par' dir='ltr' id='par_1_67' title="bbox 2126 2324 3655 2396">
     <span class='ocr_line' id='line_1_67' title="bbox 2126 2324 3655 2396; baseline 0 -19"><span class='ocrx_word' id='word_1_484' title='bbox 2126 2324 2253 2379; x_wconf 91' lang='lat' dir='ltr'><strong>inde</strong></span> <span class='ocrx_word' id='word_1_485' title='bbox 2295 2332 2381 2380; x_wconf 90' lang='lat' dir='ltr'><strong>est</strong></span> <span class='ocrx_word' id='word_1_486' title='bbox 2426 2325 2576 2396; x_wconf 89' lang='lat' dir='ltr'><strong>quod</strong></span> <span class='ocrx_word' id='word_1_487' title='bbox 2614 2326 2683 2382; x_wconf 87' lang='lat' dir='ltr'><strong>ad</strong></span> <span class='ocrx_word' id='word_1_488' title='bbox 2727 2327 2935 2381; x_wconf 91' lang='lat' dir='ltr'><strong>nullum</strong></span> <span class='ocrx_word' id='word_1_489' title='bbox 2986 2327 3146 2382; x_wconf 90' lang='lat' dir='ltr'><strong>ﬁnem</strong></span> <span class='ocrx_word' id='word_1_490' title='bbox 3195 2328 3426 2384; x_wconf 65' lang='lat' dir='ltr'><strong>scentiaa</strong></span> <span class='ocrx_word' id='word_1_491' title='bbox 3451 2333 3500 2381; x_wconf 92' lang='lat' dir='ltr'><strong>et</strong></span> <span class='ocrx_word' id='word_1_492' title='bbox 3531 2326 3655 2392; x_wconf 80' lang='lat' dir='ltr'><strong>agni-</strong></span> 
     </span>
    </p>
   </div>
   <div class='ocr_carea' id='block_1_68' title="bbox 2123 2416 3655 2492">
    <p class='ocr_par' dir='ltr' id='par_1_68' title="bbox 2123 2416 3655 2492">
     <span class='ocr_line' id='line_1_68' title="bbox 2123 2416 3655 2492; baseline 0 -22"><span class='ocrx_word' id='word_1_493' title='bbox 2123 2416 2290 2472; x_wconf 91' lang='lat' dir='ltr'><strong>tionis</strong></span> <span class='ocrx_word' id='word_1_494' title='bbox 2325 2433 2419 2488; x_wconf 91' lang='lat' dir='ltr'><strong>per</strong></span> <span class='ocrx_word' id='word_1_495' title='bbox 2449 2418 2761 2487; x_wconf 91' lang='lat' dir='ltr'><strong>hujusmodi</strong></span> <span class='ocrx_word' id='word_1_496' title='bbox 2801 2420 3230 2492; x_wconf 89' lang='lat' dir='ltr'><strong>disputationem</strong></span> <span class='ocrx_word' id='word_1_497' title='bbox 3276 2418 3541 2492; x_wconf 88' lang='lat' dir='ltr'><strong>pervenire</strong></span> <span class='ocrx_word' id='word_1_498' title='bbox 3572 2416 3655 2471; x_wconf 80' lang='lat' dir='ltr'><strong>bo-</strong></span> 
     </span>
    </p>
   </div>
   <div class='ocr_carea' id='block_1_69' title="bbox 2123 2510 3656 2586">
    <p class='ocr_par' dir='ltr' id='par_1_69' title="bbox 2123 2510 3656 2586">
     <span class='ocr_line' id='line_1_69' title="bbox 2123 2510 3656 2586; baseline -0.006 -19"><span class='ocrx_word' id='word_1_499' title='bbox 2123 2512 2298 2568; x_wconf 86' lang='lat' dir='ltr'><strong>mines</strong></span> <span class='ocrx_word' id='word_1_500' title='bbox 2364 2522 2631 2583; x_wconf 92' lang='lat' dir='ltr'><strong>possunt,</strong></span> <span class='ocrx_word' id='word_1_501' title='bbox 2689 2514 2957 2586; x_wconf 86' lang='lat' dir='ltr'><strong>priusque</strong></span> <span class='ocrx_word' id='word_1_502' title='bbox 3013 2515 3174 2571; x_wconf 88' lang='lat' dir='ltr'><strong>ﬁnem</strong></span> <span class='ocrx_word' id='word_1_503' title='bbox 3237 2515 3355 2570; x_wconf 59' lang='lat' dir='ltr'><strong>vitae</strong></span> <span class='ocrx_word' id='word_1_504' title='bbox 3409 2510 3656 2565; x_wconf 87' lang='lat' dir='ltr'><strong>inveniunt</strong></span> 
     </span>
    </p>
   </div>
   <div class='ocr_carea' id='block_1_70' title="bbox 2121 2609 2718 2678">
    <p class='ocr_par' dir='ltr' id='par_1_70' title="bbox 2121 2609 2718 2678">
     <span class='ocr_line' id='line_1_70' title="bbox 2121 2609 2718 2678; baseline 0.007 -19"><span class='ocrx_word' id='word_1_505' title='bbox 2121 2621 2286 2675; x_wconf 91' lang='lat' dir='ltr'><strong>quam</strong></span> <span class='ocrx_word' id='word_1_506' title='bbox 2328 2609 2718 2678; x_wconf 58' lang='lat' dir='ltr'><strong>qua’stionum.</strong></span> 
     </span>
    </p>
   </div>
   <div class='ocr_carea' id='block_1_71' title="bbox 2194 2696 3654 2758">
    <p class='ocr_par' dir='ltr' id='par_1_71' title="bbox 2194 2696 3654 2758">
     <span class='ocr_line' id='line_1_71' title="bbox 2194 2696 3654 2758; baseline -0.003 -6"><span class='ocrx_word' id='word_1_507' title='bbox 2194 2697 2354 2752; x_wconf 73' lang='lat' dir='ltr'><strong>LXII.</strong></span> <span class='ocrx_word' id='word_1_508' title='bbox 2400 2699 2463 2752; x_wconf 85' lang='lat' dir='ltr'><strong>Et</strong></span> <span class='ocrx_word' id='word_1_509' title='bbox 2504 2699 2627 2754; x_wconf 90' lang='lat' dir='ltr'><strong>ideo</strong></span> <span class='ocrx_word' id='word_1_510' title='bbox 2673 2716 2797 2754; x_wconf 82' lang='lat' dir='ltr'><strong>cum</strong></span> <span class='ocrx_word' id='word_1_511' title='bbox 2836 2701 2890 2755; x_wconf 90' lang='lat' dir='ltr'><strong>in</strong></span> <span class='ocrx_word' id='word_1_512' title='bbox 2919 2700 3005 2758; x_wconf 88' lang='lat' dir='ltr'><strong>his</strong></span> <span class='ocrx_word' id='word_1_513' title='bbox 3035 2702 3213 2755; x_wconf 77' lang='lat' dir='ltr'><strong>omnia</strong></span> <span class='ocrx_word' id='word_1_514' title='bbox 3268 2700 3553 2757; x_wconf 85' lang='lat' dir='ltr'><strong>habeantur</strong></span> <span class='ocrx_word' id='word_1_515' title='bbox 3586 2696 3654 2748; x_wconf 89' lang='lat' dir='ltr'><strong>in-</strong></span> 
     </span>
    </p>
   </div>
   <div class='ocr_carea' id='block_1_72' title="bbox 2120 2792 3654 2863">
    <p class='ocr_par' dir='ltr' id='par_1_72' title="bbox 2120 2792 3654 2863">
     <span class='ocr_line' id='line_1_72' title="bbox 2120 2792 3654 2863; baseline -0.002 -18"><span class='ocrx_word' id='word_1_516' title='bbox 2120 2798 2271 2848; x_wconf 85' lang='lat' dir='ltr'><strong>certa</strong></span> <span class='ocrx_word' id='word_1_517' title='bbox 2292 2830 2308 2857; x_wconf 93' lang='lat'><strong>,</strong></span> <span class='ocrx_word' id='word_1_518' title='bbox 2340 2792 2409 2847; x_wconf 86' lang='lat' dir='ltr'><strong>ad</strong></span> <span class='ocrx_word' id='word_1_519' title='bbox 2441 2808 2631 2848; x_wconf 89' lang='lat' dir='ltr'><strong>verum</strong></span> <span class='ocrx_word' id='word_1_520' title='bbox 2665 2793 2983 2863; x_wconf 82' lang='lat' dir='ltr'><strong>prophetam</strong></span> <span class='ocrx_word' id='word_1_521' title='bbox 3029 2792 3352 2850; x_wconf 89' lang='lat' dir='ltr'><strong>veniendum</strong></span> <span class='ocrx_word' id='word_1_522' title='bbox 3380 2802 3493 2859; x_wconf 88' lang='lat' dir='ltr'><strong>est,</strong></span> <span class='ocrx_word' id='word_1_523' title='bbox 3521 2804 3654 2861; x_wconf 82' lang='lat' dir='ltr'><strong>quem</strong></span> 
     </span>
    </p>
   </div>
   <div class='ocr_carea' id='block_1_73' title="bbox 2119 2881 3652 2957">
    <p class='ocr_par' dir='ltr' id='par_1_73' title="bbox 2119 2881 3652 2957">
     <span class='ocr_line' id='line_1_73' title="bbox 2119 2881 3652 2957; baseline -0.001 -20"><span class='ocrx_word' id='word_1_524' title='bbox 2119 2881 2266 2939; x_wconf 92' lang='lat' dir='ltr'><strong>Deus</strong></span> <span class='ocrx_word' id='word_1_525' title='bbox 2298 2883 2459 2938; x_wconf 88' lang='lat' dir='ltr'><strong>Pater</strong></span> <span class='ocrx_word' id='word_1_526' title='bbox 2491 2885 2678 2941; x_wconf 85' lang='lat' dir='ltr'><strong>volens</strong></span> <span class='ocrx_word' id='word_1_527' title='bbox 2709 2886 2778 2942; x_wconf 88' lang='lat' dir='ltr'><strong>ab</strong></span> <span class='ocrx_word' id='word_1_528' title='bbox 2808 2886 3065 2942; x_wconf 83' lang='lat' dir='ltr'><strong>onmibus</strong></span> <span class='ocrx_word' id='word_1_529' title='bbox 3094 2886 3242 2957; x_wconf 81' lang='lat' dir='ltr'><strong>diligi</strong></span> <span class='ocrx_word' id='word_1_530' title='bbox 3263 2924 3279 2950; x_wconf 93' lang='lat'><strong>,</strong></span> <span class='ocrx_word' id='word_1_531' title='bbox 3309 2886 3420 2942; x_wconf 64' lang='lat' dir='ltr'><strong>hac</strong></span> <span class='ocrx_word' id='word_1_532' title='bbox 3443 2901 3550 2956; x_wconf 73' lang='lat' dir='ltr'><strong>qua:</strong></span> <span class='ocrx_word' id='word_1_533' title='bbox 3575 2884 3652 2936; x_wconf 79' lang='lat' dir='ltr'><strong>ho-</strong></span> 
     </span>
    </p>
   </div>
   <div class='ocr_carea' id='block_1_74' title="bbox 2119 2978 3651 3050">
    <p class='ocr_par' dir='ltr' id='par_1_74' title="bbox 2119 2978 3651 3050">
     <span class='ocr_line' id='line_1_74' title="bbox 2119 2978 3651 3050; baseline -0.001 -20"><span class='ocrx_word' id='word_1_534' title='bbox 2119 2978 2295 3033; x_wconf 83' lang='lat' dir='ltr'><strong>mines</strong></span> <span class='ocrx_word' id='word_1_535' title='bbox 2344 2978 2710 3041; x_wconf 79' lang='lat' dir='ltr'><strong>induxerunt,</strong></span> <span class='ocrx_word' id='word_1_536' title='bbox 2745 2979 2799 3033; x_wconf 94' lang='lat' dir='ltr'><strong>in</strong></span> <span class='ocrx_word' id='word_1_537' title='bbox 2838 2979 3042 3050; x_wconf 90' lang='lat' dir='ltr'><strong>quibus</strong></span> <span class='ocrx_word' id='word_1_538' title='bbox 3092 2978 3225 3034; x_wconf 78' lang='lat' dir='ltr'><strong>nihil</strong></span> <span class='ocrx_word' id='word_1_539' title='bbox 3277 2986 3453 3049; x_wconf 89' lang='lat' dir='ltr'><strong>potest</strong></span> <span class='ocrx_word' id='word_1_540' title='bbox 3495 2990 3651 3046; x_wconf 84' lang='lat' dir='ltr'><strong>appre-</strong></span> 
     </span>
    </p>
   </div>
   <div class='ocr_carea' id='block_1_75' title="bbox 2118 3066 3652 3143">
    <p class='ocr_par' dir='ltr' id='par_1_75' title="bbox 2118 3066 3652 3143">
     <span class='ocr_line' id='line_1_75' title="bbox 2118 3066 3652 3143; baseline 0.002 -22"><span class='ocrx_word' id='word_1_541' title='bbox 2118 3066 2280 3125; x_wconf 88' lang='lat' dir='ltr'><strong>hendi</strong></span> <span class='ocrx_word' id='word_1_542' title='bbox 2299 3108 2315 3132; x_wconf 90' lang='lat'><strong>,</strong></span> <span class='ocrx_word' id='word_1_543' title='bbox 2345 3070 2516 3124; x_wconf 88' lang='lat' dir='ltr'><strong>voluit</strong></span> <span class='ocrx_word' id='word_1_544' title='bbox 2547 3071 2764 3141; x_wconf 89' lang='lat' dir='ltr'><strong>penitus</strong></span> <span class='ocrx_word' id='word_1_545' title='bbox 2792 3074 3172 3143; x_wconf 86' lang='lat' dir='ltr'><strong>exstinguere,</strong></span> <span class='ocrx_word' id='word_1_546' title='bbox 3202 3078 3265 3125; x_wconf 88' lang='lat' dir='ltr'><strong>ut</strong></span> <span class='ocrx_word' id='word_1_547' title='bbox 3288 3086 3354 3127; x_wconf 90' lang='lat' dir='ltr'><strong>eo</strong></span> <span class='ocrx_word' id='word_1_548' title='bbox 3382 3072 3539 3141; x_wconf 88' lang='lat' dir='ltr'><strong>magis</strong></span> <span class='ocrx_word' id='word_1_549' title='bbox 3571 3068 3652 3124; x_wconf 82' lang='lat' dir='ltr'><strong>iste</strong></span> 
     </span>
    </p>
   </div>
   <div class='ocr_carea' id='block_1_76' title="bbox 2118 3164 3647 3236">
    <p class='ocr_par' dir='ltr' id='par_1_76' title="bbox 2118 3164 3647 3236">
     <span class='ocr_line' id='line_1_76' title="bbox 2118 3164 3647 3236; baseline -0.001 -18"><span class='ocrx_word' id='word_1_550' title='bbox 2118 3170 2491 3234; x_wconf 63' lang='lat' dir='ltr'><strong>quareretur,</strong></span> <span class='ocrx_word' id='word_1_551' title='bbox 2545 3173 2601 3220; x_wconf 91' lang='lat' dir='ltr'><strong>et</strong></span> <span class='ocrx_word' id='word_1_552' title='bbox 2648 3180 2811 3236; x_wconf 87' lang='lat' dir='ltr'><strong>quem</strong></span> <span class='ocrx_word' id='word_1_553' title='bbox 2844 3166 2920 3220; x_wconf 90' lang='lat' dir='ltr'><strong>illi</strong></span> <span class='ocrx_word' id='word_1_554' title='bbox 2968 3167 3357 3231; x_wconf 74' lang='lat' dir='ltr'><strong>obclnserant,</strong></span> <span class='ocrx_word' id='word_1_555' title='bbox 3389 3166 3471 3220; x_wconf 89' lang='lat' dir='ltr'><strong>hic</strong></span> <span class='ocrx_word' id='word_1_556' title='bbox 3510 3164 3647 3220; x_wconf 79' lang='lat' dir='ltr'><strong>homi-</strong></span> 
     </span>
    </p>
   </div>
   <div class='ocr_carea' id='block_1_77' title="bbox 2121 3255 3653 3329">
    <p class='ocr_par' dir='ltr' id='par_1_77' title="bbox 2121 3255 3653 3329">
     <span class='ocr_line' id='line_1_77' title="bbox 2121 3255 3653 3329; baseline -0.003 -18"><span class='ocrx_word' id='word_1_557' title='bbox 2121 3256 2283 3317; x_wconf 87' lang='lat' dir='ltr'><strong>nibus</strong></span> <span class='ocrx_word' id='word_1_558' title='bbox 2327 3256 2471 3311; x_wconf 87' lang='lat' dir='ltr'><strong>viam</strong></span> <span class='ocrx_word' id='word_1_559' title='bbox 2512 3258 2763 3314; x_wconf 84' lang='lat' dir='ltr'><strong>veritatis</strong></span> <span class='ocrx_word' id='word_1_560' title='bbox 2805 3260 3061 3329; x_wconf 88' lang='lat' dir='ltr'><strong>aperiret.</strong></span> <span class='ocrx_word' id='word_1_561' title='bbox 3084 3255 3319 3328; x_wconf 87' lang='lat' dir='ltr'><strong>Propter</strong></span> <span class='ocrx_word' id='word_1_562' title='bbox 3361 3259 3497 3313; x_wconf 80' lang='lat' dir='ltr'><strong>hunc</strong></span> <span class='ocrx_word' id='word_1_563' title='bbox 3534 3256 3653 3311; x_wconf 82' lang='lat' dir='ltr'><strong>enim</strong></span> 
     </span>
    </p>
   </div>
   <div class='ocr_carea' id='block_1_78' title="bbox 2120 3347 3654 3419">
    <p class='ocr_par' dir='ltr' id='par_1_78' title="bbox 2120 3347 3654 3419">
     <span class='ocr_line' id='line_1_78' title="bbox 2120 3347 3654 3419; baseline 0 -18"><span class='ocrx_word' id='word_1_564' title='bbox 2120 3347 2267 3403; x_wconf 91' lang='lat' dir='ltr'><strong>Deus</strong></span> <span class='ocrx_word' id='word_1_565' title='bbox 2296 3348 2465 3403; x_wconf 89' lang='lat' dir='ltr'><strong>etiam</strong></span> <span class='ocrx_word' id='word_1_566' title='bbox 2490 3350 2759 3405; x_wconf 89' lang='lat' dir='ltr'><strong>mundum</strong></span> <span class='ocrx_word' id='word_1_567' title='bbox 2783 3348 2910 3405; x_wconf 87' lang='lat' dir='ltr'><strong>fecit</strong></span> <span class='ocrx_word' id='word_1_568' title='bbox 2942 3359 2995 3405; x_wconf 92' lang='lat' dir='ltr'><strong>et</strong></span> <span class='ocrx_word' id='word_1_569' title='bbox 3020 3348 3079 3404; x_wconf 79' lang='lat' dir='ltr'><strong>ab</strong></span> <span class='ocrx_word' id='word_1_570' title='bbox 3109 3348 3229 3418; x_wconf 88' lang='lat' dir='ltr'><strong>ipso</strong></span> <span class='ocrx_word' id='word_1_571' title='bbox 3260 3349 3489 3405; x_wconf 90' lang='lat' dir='ltr'><strong>mundus</strong></span> <span class='ocrx_word' id='word_1_572' title='bbox 3510 3347 3654 3419; x_wconf 71' lang='lat' dir='ltr'><strong>rep|e~</strong></span> 
     </span>
    </p>
   </div>
   <div class='ocr_carea' id='block_1_79' title="bbox 2118 3436 3651 3511">
    <p class='ocr_par' dir='ltr' id='par_1_79' title="bbox 2118 3436 3651 3511">
     <span class='ocr_line' id='line_1_79' title="bbox 2118 3436 3651 3511; baseline -0.003 -17"><span class='ocrx_word' id='word_1_573' title='bbox 2118 3448 2210 3495; x_wconf 88' lang='lat' dir='ltr'><strong>tur</strong></span> <span class='ocrx_word' id='word_1_574' title='bbox 2228 3480 2243 3505; x_wconf 95' lang='lat'><strong>,</strong></span> <span class='ocrx_word' id='word_1_575' title='bbox 2275 3440 2422 3495; x_wconf 89' lang='lat' dir='ltr'><strong>unde</strong></span> <span class='ocrx_word' id='word_1_576' title='bbox 2452 3448 2506 3495; x_wconf 90' lang='lat' dir='ltr'><strong>et</strong></span> <span class='ocrx_word' id='word_1_577' title='bbox 2534 3441 2906 3511; x_wconf 66' lang='lat' dir='ltr'><strong>quaerentibus</strong></span> <span class='ocrx_word' id='word_1_578' title='bbox 2930 3458 2991 3497; x_wconf 87' lang='lat' dir='ltr'><strong>se</strong></span> <span class='ocrx_word' id='word_1_579' title='bbox 3012 3438 3167 3494; x_wconf 89' lang='lat' dir='ltr'><strong>adest</strong></span> <span class='ocrx_word' id='word_1_580' title='bbox 3206 3441 3410 3511; x_wconf 91' lang='lat' dir='ltr'><strong>ubique</strong></span> <span class='ocrx_word' id='word_1_581' title='bbox 3428 3482 3443 3507; x_wconf 92' lang='lat'><strong>,</strong></span> <span class='ocrx_word' id='word_1_582' title='bbox 3472 3436 3651 3495; x_wconf 85' lang='lat' dir='ltr'><strong>etiamsi</strong></span> 
     </span>
    </p>
   </div>
   <div class='ocr_carea' id='block_1_80' title="bbox 2116 3531 3653 3603">
    <p class='ocr_par' dir='ltr' id='par_1_80' title="bbox 2116 3531 3653 3603">
     <span class='ocr_line' id='line_1_80' title="bbox 2116 3531 3653 3603; baseline -0.003 -14"><span class='ocrx_word' id='word_1_583' title='bbox 2116 3533 2173 3589; x_wconf 87' lang='lat' dir='ltr'><strong>in</strong></span> <span class='ocrx_word' id='word_1_584' title='bbox 2194 3534 2401 3589; x_wconf 89' lang='lat' dir='ltr'><strong>ultimis</strong></span> <span class='ocrx_word' id='word_1_585' title='bbox 2432 3540 2591 3588; x_wconf 69' lang='lat' dir='ltr'><strong>terra:</strong></span> <span class='ocrx_word' id='word_1_586' title='bbox 2622 3533 2825 3588; x_wconf 87' lang='lat' dir='ltr'><strong>ﬁnibus</strong></span> <span class='ocrx_word' id='word_1_587' title='bbox 2855 3541 3145 3603; x_wconf 68' lang='lat' dir='ltr'><strong>quantm.</strong></span> <span class='ocrx_word' id='word_1_588' title='bbox 3177 3531 3233 3587; x_wconf 88' lang='lat' dir='ltr'><strong>Si</strong></span> <span class='ocrx_word' id='word_1_589' title='bbox 3266 3550 3392 3591; x_wconf 85' lang='lat' dir='ltr'><strong>vero</strong></span> <span class='ocrx_word' id='word_1_590' title='bbox 3416 3550 3512 3588; x_wconf 92' lang='lat' dir='ltr'><strong>non</strong></span> <span class='ocrx_word' id='word_1_591' title='bbox 3540 3544 3653 3602; x_wconf 81' lang='lat' dir='ltr'><strong>puro</strong></span> 
     </span>
    </p>
   </div>
   <div class='ocr_carea' id='block_1_81' title="bbox 2115 3624 3651 3699">
    <p class='ocr_par' dir='ltr' id='par_1_81' title="bbox 2115 3624 3651 3699">
     <span class='ocr_line' id='line_1_81' title="bbox 2115 3624 3651 3699; baseline -0.005 -16"><span class='ocrx_word' id='word_1_592' title='bbox 2115 3640 2243 3683; x_wconf 84' lang='lat' dir='ltr'><strong>eum</strong></span> <span class='ocrx_word' id='word_1_593' title='bbox 2270 3626 2396 3696; x_wconf 91' lang='lat' dir='ltr'><strong>quis</strong></span> <span class='ocrx_word' id='word_1_594' title='bbox 2428 3640 2531 3680; x_wconf 80' lang='lat' dir='ltr'><strong>nec</strong></span> <span class='ocrx_word' id='word_1_595' title='bbox 2581 3635 2770 3681; x_wconf 85' lang='lat' dir='ltr'><strong>sancte</strong></span> <span class='ocrx_word' id='word_1_596' title='bbox 2802 3640 2972 3696; x_wconf 86' lang='lat' dir='ltr'><strong>neque</strong></span> <span class='ocrx_word' id='word_1_597' title='bbox 3005 3624 3238 3681; x_wconf 88' lang='lat' dir='ltr'><strong>ﬁdeliter</strong></span> <span class='ocrx_word' id='word_1_598' title='bbox 3282 3638 3507 3699; x_wconf 69' lang='lat' dir='ltr'><strong>quaerat,</strong></span> <span class='ocrx_word' id='word_1_599' title='bbox 3534 3626 3651 3678; x_wconf 80' lang='lat' dir='ltr'><strong>intra</strong></span> 
     </span>
    </p>
   </div>
   <div class='ocr_carea' id='block_1_82' title="bbox 2115 3716 3652 3789">
    <p class='ocr_par' dir='ltr' id='par_1_82' title="bbox 2115 3716 3652 3789">
     <span class='ocr_line' id='line_1_82' title="bbox 2115 3716 3652 3789; baseline -0.003 -16"><span class='ocrx_word' id='word_1_600' title='bbox 2115 3716 2295 3789; x_wconf 84' lang='lat' dir='ltr'><strong>ipsum</strong></span> <span class='ocrx_word' id='word_1_601' title='bbox 2325 3718 2547 3787; x_wconf 91' lang='lat' dir='ltr'><strong>quidem</strong></span> <span class='ocrx_word' id='word_1_602' title='bbox 2577 3725 2694 3785; x_wconf 89' lang='lat' dir='ltr'><strong>est,</strong></span> <span class='ocrx_word' id='word_1_603' title='bbox 2728 3718 2857 3789; x_wconf 90' lang='lat' dir='ltr'><strong>quia</strong></span> <span class='ocrx_word' id='word_1_604' title='bbox 2904 3716 3095 3787; x_wconf 85' lang='lat' dir='ltr'><strong>ubique</strong></span> <span class='ocrx_word' id='word_1_605' title='bbox 3124 3726 3209 3774; x_wconf 90' lang='lat' dir='ltr'><strong>est</strong></span> <span class='ocrx_word' id='word_1_606' title='bbox 3242 3729 3298 3774; x_wconf 89' lang='lat' dir='ltr'><strong>et</strong></span> <span class='ocrx_word' id='word_1_607' title='bbox 3328 3722 3466 3774; x_wconf 87' lang='lat' dir='ltr'><strong>intra</strong></span> <span class='ocrx_word' id='word_1_608' title='bbox 3489 3728 3652 3774; x_wconf 80' lang='lat' dir='ltr'><strong>sensus</strong></span> 
     </span>
    </p>
   </div>
   <div class='ocr_carea' id='block_1_83' title="bbox 2114 3801 3649 3875">
    <p class='ocr_par' dir='ltr' id='par_1_83' title="bbox 2114 3801 3649 3875">
     <span class='ocr_line' id='line_1_83' title="bbox 2114 3801 3649 3875; baseline -0.005 -14"><span class='ocrx_word' id='word_1_609' title='bbox 2114 3806 2358 3861; x_wconf 90' lang='lat' dir='ltr'><strong>omnium</strong></span> <span class='ocrx_word' id='word_1_610' title='bbox 2393 3806 2700 3872; x_wconf 86' lang='lat' dir='ltr'><strong>invenitur;</strong></span> <span class='ocrx_word' id='word_1_611' title='bbox 2734 3806 2863 3870; x_wconf 92' lang='lat' dir='ltr'><strong>sed,</strong></span> <span class='ocrx_word' id='word_1_612' title='bbox 2900 3814 2951 3858; x_wconf 81' lang='lat' dir='ltr'><strong>It</strong></span> <span class='ocrx_word' id='word_1_613' title='bbox 2984 3820 3151 3875; x_wconf 89' lang='lat' dir='ltr'><strong>supra</strong></span> <span class='ocrx_word' id='word_1_614' title='bbox 3191 3806 3465 3871; x_wconf 84' lang='lat' dir='ltr'><strong>diximus,</strong></span> <span class='ocrx_word' id='word_1_615' title='bbox 3494 3801 3649 3858; x_wconf 83' lang='lat' dir='ltr'><strong>inﬁde-</strong></span> 
     </span>
    </p>
   </div>
   <div class='ocr_carea' id='block_1_84' title="bbox 2114 3898 3646 3971">
    <p class='ocr_par' dir='ltr' id='par_1_84' title="bbox 2114 3898 3646 3971">
     <span class='ocr_line' id='line_1_84' title="bbox 2114 3898 3646 3971; baseline -0.004 -17"><span class='ocrx_word' id='word_1_616' title='bbox 2114 3898 2257 3954; x_wconf 85' lang='lat' dir='ltr'><strong>libus</strong></span> <span class='ocrx_word' id='word_1_617' title='bbox 2292 3898 2497 3953; x_wconf 89' lang='lat' dir='ltr'><strong>dormit</strong></span> <span class='ocrx_word' id='word_1_618' title='bbox 2526 3906 2580 3954; x_wconf 89' lang='lat' dir='ltr'><strong>et</strong></span> <span class='ocrx_word' id='word_1_619' title='bbox 2611 3898 2811 3954; x_wconf 86' lang='lat' dir='ltr'><strong>absens</strong></span> <span class='ocrx_word' id='word_1_620' title='bbox 2859 3898 3083 3954; x_wconf 77' lang='lat' dir='ltr'><strong>habetur</strong></span> <span class='ocrx_word' id='word_1_621' title='bbox 3120 3898 3238 3963; x_wconf 89' lang='lat' dir='ltr'><strong>his,</strong></span> <span class='ocrx_word' id='word_1_622' title='bbox 3271 3915 3302 3953; x_wconf 91' lang='lat' dir='ltr'><strong>a</strong></span> <span class='ocrx_word' id='word_1_623' title='bbox 3325 3900 3513 3971; x_wconf 89' lang='lat' dir='ltr'><strong>quibus</strong></span> <span class='ocrx_word' id='word_1_624' title='bbox 3547 3906 3646 3949; x_wconf 82' lang='lat' dir='ltr'><strong>esse</strong></span> 
     </span>
    </p>
   </div>
   <div class='ocr_carea' id='block_1_85' title="bbox 2113 3989 3647 4062">
    <p class='ocr_par' dir='ltr' id='par_1_85' title="bbox 2113 3989 3647 4062">
     <span class='ocr_line' id='line_1_85' title="bbox 2113 3989 3647 4062; baseline -0.003 -17"><span class='ocrx_word' id='word_1_625' title='bbox 2113 4007 2225 4045; x_wconf 90' lang='lat' dir='ltr'><strong>non</strong></span> <span class='ocrx_word' id='word_1_626' title='bbox 2248 3990 2515 4047; x_wconf 91' lang='lat' dir='ltr'><strong>creditur.</strong></span> <span class='ocrx_word' id='word_1_627' title='bbox 2540 3989 2790 4061; x_wconf 89' lang='lat' dir='ltr'><strong>Cumque</strong></span> <span class='ocrx_word' id='word_1_628' title='bbox 2817 3992 2923 4046; x_wconf 70' lang='lat' dir='ltr'><strong>hac</strong></span> <span class='ocrx_word' id='word_1_629' title='bbox 2948 3997 3005 4045; x_wconf 91' lang='lat' dir='ltr'><strong>et</strong></span> <span class='ocrx_word' id='word_1_630' title='bbox 3029 3990 3134 4045; x_wconf 88' lang='lat' dir='ltr'><strong>alia</strong></span> <span class='ocrx_word' id='word_1_631' title='bbox 3159 3991 3466 4062; x_wconf 87' lang='lat' dir='ltr'><strong>hujusmodi</strong></span> <span class='ocrx_word' id='word_1_632' title='bbox 3486 3989 3647 4044; x_wconf 83' lang='lat' dir='ltr'><strong>Petrus</strong></span> 
     </span>
    </p>
   </div>
   <div class='ocr_carea' id='block_1_86' title="bbox 2111 4080 3644 4154">
    <p class='ocr_par' dir='ltr' id='par_1_86' title="bbox 2111 4080 3644 4154">
     <span class='ocr_line' id='line_1_86' title="bbox 2111 4080 3644 4154; baseline -0.005 -15"><span class='ocrx_word' id='word_1_633' title='bbox 2111 4083 2179 4139; x_wconf 90' lang='lat' dir='ltr'><strong>de</strong></span> <span class='ocrx_word' id='word_1_634' title='bbox 2206 4099 2335 4138; x_wconf 90' lang='lat' dir='ltr'><strong>vero</strong></span> <span class='ocrx_word' id='word_1_635' title='bbox 2368 4083 2630 4154; x_wconf 89' lang='lat' dir='ltr'><strong>propheta</strong></span> <span class='ocrx_word' id='word_1_636' title='bbox 2664 4092 2984 4154; x_wconf 76' lang='lat' dir='ltr'><strong>prosewtus</strong></span> <span class='ocrx_word' id='word_1_637' title='bbox 3014 4090 3199 4148; x_wconf 90' lang='lat' dir='ltr'><strong>esset,</strong></span> <span class='ocrx_word' id='word_1_638' title='bbox 3234 4086 3424 4140; x_wconf 88' lang='lat' dir='ltr'><strong>turbas</strong></span> <span class='ocrx_word' id='word_1_639' title='bbox 3451 4080 3644 4139; x_wconf 89' lang='lat' dir='ltr'><strong>dimisit,</strong></span> 
     </span>
    </p>
   </div>
   <div class='ocr_carea' id='block_1_87' title="bbox 2110 4176 3645 4251">
    <p class='ocr_par' dir='ltr' id='par_1_87' title="bbox 2110 4176 3645 4251">
     <span class='ocr_line' id='line_1_87' title="bbox 2110 4176 3645 4251; baseline -0.001 -20"><span class='ocrx_word' id='word_1_640' title='bbox 2110 4191 2297 4231; x_wconf 89' lang='lat' dir='ltr'><strong>senem</strong></span> <span class='ocrx_word' id='word_1_641' title='bbox 2327 4192 2457 4231; x_wconf 87' lang='lat' dir='ltr'><strong>vero</strong></span> <span class='ocrx_word' id='word_1_642' title='bbox 2482 4193 2607 4231; x_wconf 91' lang='lat' dir='ltr'><strong>cum</strong></span> <span class='ocrx_word' id='word_1_643' title='bbox 2640 4184 2878 4248; x_wconf 73' lang='lat' dir='ltr'><strong>rogasset</strong></span> <span class='ocrx_word' id='word_1_644' title='bbox 2906 4176 3202 4247; x_wconf 91' lang='lat' dir='ltr'><strong>plurimum</strong></span> <span class='ocrx_word' id='word_1_645' title='bbox 3240 4191 3542 4251; x_wconf 81' lang='lat' dir='ltr'><strong>permanere</strong></span> <span class='ocrx_word' id='word_1_646' title='bbox 3564 4187 3645 4229; x_wconf 81' lang='lat' dir='ltr'><strong>no—</strong></span> 
     </span>
    </p>
   </div>
   <div class='ocr_carea' id='block_1_88' title="bbox 2110 4267 3643 4343">
    <p class='ocr_par' dir='ltr' id='par_1_88' title="bbox 2110 4267 3643 4343">
     <span class='ocr_line' id='line_1_88' title="bbox 2110 4267 3643 4343; baseline 0.003 -21"><span class='ocrx_word' id='word_1_647' title='bbox 2110 4267 2324 4323; x_wconf 88' lang='lat' dir='ltr'><strong>hiscum</strong></span> <span class='ocrx_word' id='word_1_648' title='bbox 2345 4307 2361 4333; x_wconf 97' lang='lat'><strong>,</strong></span> <span class='ocrx_word' id='word_1_649' title='bbox 2392 4268 2643 4325; x_wconf 90' lang='lat' dir='ltr'><strong>obtinere</strong></span> <span class='ocrx_word' id='word_1_650' title='bbox 2670 4284 2781 4324; x_wconf 88' lang='lat' dir='ltr'><strong>non</strong></span> <span class='ocrx_word' id='word_1_651' title='bbox 2811 4270 2979 4342; x_wconf 79' lang='lat' dir='ltr'><strong>potuit</strong></span> <span class='ocrx_word' id='word_1_652' title='bbox 3004 4310 3020 4336; x_wconf 94' lang='lat'><strong>,</strong></span> <span class='ocrx_word' id='word_1_653' title='bbox 3051 4271 3142 4325; x_wconf 91' lang='lat' dir='ltr'><strong>sed</strong></span> <span class='ocrx_word' id='word_1_654' title='bbox 3173 4281 3228 4327; x_wconf 89' lang='lat' dir='ltr'><strong>et</strong></span> <span class='ocrx_word' id='word_1_655' title='bbox 3257 4273 3374 4343; x_wconf 89' lang='lat' dir='ltr'><strong>ipse</strong></span> <span class='ocrx_word' id='word_1_656' title='bbox 3394 4268 3643 4327; x_wconf 69' lang='lat' dir='ltr'><strong>discessit.</strong></span> 
     </span>
    </p>
   </div>
   <div class='ocr_carea' id='block_1_89' title="bbox 2110 4360 3641 4435">
    <p class='ocr_par' dir='ltr' id='par_1_89' title="bbox 2110 4360 3641 4435">
     <span class='ocr_line' id='line_1_89' title="bbox 2110 4360 3641 4435; baseline -0.001 -20"><span class='ocrx_word' id='word_1_657' title='bbox 2110 4360 2217 4415; x_wconf 91' lang='lat' dir='ltr'><strong>alia</strong></span> <span class='ocrx_word' id='word_1_658' title='bbox 2248 4360 2337 4416; x_wconf 91' lang='lat' dir='ltr'><strong>die</strong></span> <span class='ocrx_word' id='word_1_659' title='bbox 2360 4360 2506 4417; x_wconf 91' lang='lat' dir='ltr'><strong>sicut</strong></span> <span class='ocrx_word' id='word_1_660' title='bbox 2534 4361 2813 4431; x_wconf 90' lang='lat' dir='ltr'><strong>placuerat</strong></span> <span class='ocrx_word' id='word_1_661' title='bbox 2847 4362 3147 4423; x_wconf 85' lang='lat' dir='ltr'><strong>rediturus.</strong></span> <span class='ocrx_word' id='word_1_662' title='bbox 3180 4362 3249 4419; x_wconf 82' lang='lat' dir='ltr'><strong>Et</strong></span> <span class='ocrx_word' id='word_1_663' title='bbox 3279 4372 3399 4435; x_wconf 86' lang='lat' dir='ltr'><strong>post</strong></span> <span class='ocrx_word' id='word_1_664' title='bbox 3422 4364 3527 4418; x_wconf 64' lang='lat' dir='ltr'><strong>haec</strong></span> <span class='ocrx_word' id='word_1_665' title='bbox 3558 4373 3641 4414; x_wconf 86' lang='lat' dir='ltr'><strong>nos</strong></span> 
     </span>
    </p>
   </div>
   <div class='ocr_carea' id='block_1_90' title="bbox 429 4436 3644 4527">
    <p class='ocr_par' dir='ltr' id='par_1_90' title="bbox 429 4436 3644 4527">
     <span class='ocr_line' id='line_1_90' title="bbox 429 4436 3644 4527; baseline 0.007 -40"><span class='ocrx_word' id='word_1_666' title='bbox 429 4436 750 4527; x_wconf 89' lang='lat' dir='ltr'><strong>mendaciis.</strong></span> <span class='ocrx_word' id='word_1_667' title='bbox 788 4437 856 4492; x_wconf 90' lang='lat' dir='ltr'><strong>Et</strong></span> <span class='ocrx_word' id='word_1_668' title='bbox 890 4454 1016 4494; x_wconf 92' lang='lat' dir='ltr'><strong>cum</strong></span> <span class='ocrx_word' id='word_1_669' title='bbox 1052 4440 1139 4496; x_wconf 92' lang='lat' dir='ltr'><strong>his</strong></span> <span class='ocrx_word' id='word_1_670' title='bbox 1169 4443 1426 4501; x_wconf 90' lang='lat' dir='ltr'><strong>omnibus</strong></span> <span class='ocrx_word' id='word_1_671' title='bbox 1470 4455 1620 4501; x_wconf 87' lang='lat' dir='ltr'><strong>recto</strong></span> <span class='ocrx_word' id='word_1_672' title='bbox 1647 4447 1858 4516; x_wconf 89' lang='lat' dir='ltr'><strong>judicio</strong></span> <span class='ocrx_word' id='word_1_673' title='bbox 1890 4449 2007 4504; x_wconf 82' lang='lat' dir='ltr'><strong>dis-</strong></span> <span class='ocrx_word' id='word_1_674' title='bbox 2036 4464 2082 4521; x_wconf 80' lang='grc' dir='ltr'><strong>ι)</strong></span> <span class='ocrx_word' id='word_1_675' title='bbox 2111 4466 2221 4507; x_wconf 91' lang='lat' dir='ltr'><strong>una</strong></span> <span class='ocrx_word' id='word_1_676' title='bbox 2260 4467 2387 4507; x_wconf 89' lang='lat' dir='ltr'><strong>cum</strong></span> <span class='ocrx_word' id='word_1_677' title='bbox 2422 4451 2588 4507; x_wconf 89' lang='lat' dir='ltr'><strong>Petro</strong></span> <span class='ocrx_word' id='word_1_678' title='bbox 2633 4452 2862 4526; x_wconf 71' lang='lat' dir='ltr'><strong>ingressi</strong></span> <span class='ocrx_word' id='word_1_679' title='bbox 2907 4453 3244 4527; x_wconf 88' lang='lat' dir='ltr'><strong>hospitium,</strong></span> <span class='ocrx_word' id='word_1_680' title='bbox 3269 4456 3392 4513; x_wconf 87' lang='lat' dir='ltr'><strong>cibo</strong></span> <span class='ocrx_word' id='word_1_681' title='bbox 3417 4462 3466 4511; x_wconf 93' lang='lat' dir='ltr'><strong>et</strong></span> <span class='ocrx_word' id='word_1_682' title='bbox 3490 4450 3644 4524; x_wconf 64' lang='lat' dir='ltr'><strong>quiete</strong></span> 
     </span>
    </p>
   </div>
   <div class='ocr_carea' id='block_1_91' title="bbox 428 4526 2003 4608">
    <p class='ocr_par' dir='ltr' id='par_1_91' title="bbox 428 4526 2003 4608">
     <span class='ocr_line' id='line_1_91' title="bbox 428 4526 2003 4608; baseline 0.012 -30"><span class='ocrx_word' id='word_1_683' title='bbox 428 4526 640 4592; x_wconf 89' lang='lat' dir='ltr'><strong>cussis,</strong></span> <span class='ocrx_word' id='word_1_684' title='bbox 680 4529 850 4584; x_wconf 84' lang='lat' dir='ltr'><strong>verba</strong></span> <span class='ocrx_word' id='word_1_685' title='bbox 899 4533 1209 4589; x_wconf 91' lang='lat' dir='ltr'><strong>constiterit</strong></span> <span class='ocrx_word' id='word_1_686' title='bbox 1251 4550 1375 4590; x_wconf 86' lang='lat' dir='ltr'><strong>esse</strong></span> <span class='ocrx_word' id='word_1_687' title='bbox 1420 4538 1774 4608; x_wconf 85' lang='lat' dir='ltr'><strong>prophetica,</strong></span> <span class='ocrx_word' id='word_1_688' title='bbox 1801 4541 1875 4596; x_wconf 90' lang='lat' dir='ltr'><strong>ita</strong></span> <span class='ocrx_word' id='word_1_689' title='bbox 1906 4540 2003 4597; x_wconf 78' lang='lat' dir='ltr'><strong>de-</strong></span> 
     </span>
    </p>
   </div>
   <div class='ocr_carea' id='block_1_92' title="bbox 2111 4544 2536 4600">
    <p class='ocr_par' dir='ltr' id='par_1_92' title="bbox 2111 4544 2536 4600">
     <span class='ocr_line' id='line_1_92' title="bbox 2111 4544 2536 4600; baseline 0.002 -2"><span class='ocrx_word' id='word_1_690' title='bbox 2111 4544 2277 4598; x_wconf 88' lang='lat' dir='ltr'><strong>solito</strong></span> <span class='ocrx_word' id='word_1_691' title='bbox 2308 4545 2536 4600; x_wconf 91' lang='lat' dir='ltr'><strong>utimur.</strong></span> 
     </span>
    </p>
   </div>
   <div class='ocr_carea' id='block_1_93' title="bbox 441 4681 3607 4720">
    <p class='ocr_par' dir='ltr' id='par_1_93' title="bbox 441 4681 3607 4720">
     <span class='ocr_line' id='line_1_93' title="bbox 441 4681 3607 4720; baseline 0.002 -23"><span class='ocrx_word' id='word_1_692' title='bbox 441 4681 3607 4720; x_wconf 47' lang='lat'><strong>...__._______________,_____________________________,</strong></span> 
     </span>
    </p>
   </div>
   <div class='ocr_carea' id='block_1_94' title="bbox 1614 4816 2524 4912">
    <p class='ocr_par' dir='ltr' id='par_1_94' title="bbox 1614 4816 2524 4912">
     <span class='ocr_line' id='line_1_94' title="bbox 1614 4816 2524 4912; baseline 0.009 -10"><span class='ocrx_word' id='word_1_693' title='bbox 1614 4816 1969 4907; x_wconf 77' lang='lat' dir='ltr'><strong>LIBER</strong></span> <span class='ocrx_word' id='word_1_694' title='bbox 2069 4816 2524 4912; x_wconf 89' lang='lat' dir='ltr'><strong>NONUS.</strong></span> 
     </span>
    </p>
   </div>
   <div class='ocr_carea' id='block_1_95' title="bbox 497 5088 2000 5162">
    <p class='ocr_par' dir='ltr' id='par_1_95' title="bbox 497 5088 2000 5162">
     <span class='ocr_line' id='line_1_95' title="bbox 497 5088 2000 5162; baseline 0.009 -18"><span class='ocrx_word' id='word_1_695' title='bbox 497 5091 537 5145; x_wconf 91' lang='grc' dir='ltr'><strong>Ι.</strong></span> <span class='ocrx_word' id='word_1_696' title='bbox 581 5088 840 5162; x_wconf 82' lang='lat' dir='ltr'><strong>Sequenti</strong></span> <span class='ocrx_word' id='word_1_697' title='bbox 870 5092 959 5145; x_wconf 88' lang='lat' dir='ltr'><strong>die</strong></span> <span class='ocrx_word' id='word_1_698' title='bbox 987 5091 1183 5147; x_wconf 87' lang='lat' dir='ltr'><strong>Petrus</strong></span> <span class='ocrx_word' id='word_1_699' title='bbox 1212 5109 1319 5147; x_wconf 89' lang='lat' dir='ltr'><strong>una</strong></span> <span class='ocrx_word' id='word_1_700' title='bbox 1353 5096 1643 5151; x_wconf 81' lang='lat' dir='ltr'><strong>nobiscum</strong></span> <span class='ocrx_word' id='word_1_701' title='bbox 1693 5108 1908 5156; x_wconf 90' lang='lat' dir='ltr'><strong>mature</strong></span> <span class='ocrx_word' id='word_1_702' title='bbox 1932 5103 2000 5158; x_wconf 90' lang='lat' dir='ltr'><strong>ad</strong></span> 
     </span>
    </p>
   </div>
   <div class='ocr_carea' id='block_1_96' title="bbox 422 5183 2003 5265">
    <p class='ocr_par' dir='ltr' id='par_1_96' title="bbox 422 5183 2003 5265">
     <span class='ocr_line' id='line_1_96' title="bbox 422 5183 2003 5265; baseline 0.008 -29"><span class='ocrx_word' id='word_1_703' title='bbox 422 5183 604 5237; x_wconf 85' lang='lat' dir='ltr'><strong>locum</strong></span> <span class='ocrx_word' id='word_1_704' title='bbox 624 5223 639 5248; x_wconf 87' lang='lat'><strong>,</strong></span> <span class='ocrx_word' id='word_1_705' title='bbox 673 5184 727 5236; x_wconf 92' lang='lat' dir='ltr'><strong>in</strong></span> <span class='ocrx_word' id='word_1_706' title='bbox 752 5198 860 5253; x_wconf 93' lang='lat' dir='ltr'><strong>quo</strong></span> <span class='ocrx_word' id='word_1_707' title='bbox 891 5184 1068 5253; x_wconf 88' lang='lat' dir='ltr'><strong>pridie</strong></span> <span class='ocrx_word' id='word_1_708' title='bbox 1098 5186 1283 5240; x_wconf 89' lang='lat' dir='ltr'><strong>habita</strong></span> <span class='ocrx_word' id='word_1_709' title='bbox 1314 5186 1491 5242; x_wconf 80' lang='lat' dir='ltr'><strong>fuerat</strong></span> <span class='ocrx_word' id='word_1_710' title='bbox 1522 5187 1846 5260; x_wconf 90' lang='lat' dir='ltr'><strong>disputatio,</strong></span> <span class='ocrx_word' id='word_1_711' title='bbox 1871 5209 2003 5265; x_wconf 87' lang='lat' dir='ltr'><strong>pro-</strong></span> 
     </span>
    </p>
   </div>
   <div class='ocr_carea' id='block_1_97' title="bbox 420 5278 1998 5350">
    <p class='ocr_par' dir='ltr' id='par_1_97' title="bbox 420 5278 1998 5350">
     <span class='ocr_line' id='line_1_97' title="bbox 420 5278 1998 5350; baseline 0.01 -22"><span class='ocrx_word' id='word_1_712' title='bbox 420 5278 665 5345; x_wconf 88' lang='lat' dir='ltr'><strong>peravit,</strong></span> <span class='ocrx_word' id='word_1_713' title='bbox 696 5284 859 5346; x_wconf 89' lang='lat' dir='ltr'><strong>atque</strong></span> <span class='ocrx_word' id='word_1_714' title='bbox 883 5278 957 5333; x_wconf 88' lang='lat' dir='ltr'><strong>ibi</strong></span> <span class='ocrx_word' id='word_1_715' title='bbox 987 5294 1109 5334; x_wconf 90' lang='lat' dir='ltr'><strong>cum</strong></span> <span class='ocrx_word' id='word_1_716' title='bbox 1134 5280 1398 5349; x_wconf 88' lang='lat' dir='ltr'><strong>plurimas</strong></span> <span class='ocrx_word' id='word_1_717' title='bbox 1420 5280 1532 5350; x_wconf 91' lang='lat' dir='ltr'><strong>jam</strong></span> <span class='ocrx_word' id='word_1_718' title='bbox 1565 5283 1633 5338; x_wconf 91' lang='lat' dir='ltr'><strong>ad</strong></span> <span class='ocrx_word' id='word_1_719' title='bbox 1665 5284 1998 5343; x_wconf 90' lang='lat' dir='ltr'><strong>audiendum</strong></span> 
     </span>
    </p>
   </div>
   <div class='ocr_carea' id='block_1_98' title="bbox 420 5368 1998 5441">
    <p class='ocr_par' dir='ltr' id='par_1_98' title="bbox 420 5368 1998 5441">
     <span class='ocr_line' id='line_1_98' title="bbox 420 5368 1998 5441; baseline 0.007 -19"><span class='ocrx_word' id='word_1_720' title='bbox 420 5368 744 5423; x_wconf 91' lang='lat' dir='ltr'><strong>convenisse</strong></span> <span class='ocrx_word' id='word_1_721' title='bbox 769 5370 961 5424; x_wconf 88' lang='lat' dir='ltr'><strong>turbas</strong></span> <span class='ocrx_word' id='word_1_722' title='bbox 983 5378 1037 5425; x_wconf 92' lang='lat' dir='ltr'><strong>et</strong></span> <span class='ocrx_word' id='word_1_723' title='bbox 1060 5386 1246 5427; x_wconf 89' lang='lat' dir='ltr'><strong>senem</strong></span> <span class='ocrx_word' id='word_1_724' title='bbox 1277 5387 1403 5427; x_wconf 91' lang='lat' dir='ltr'><strong>cum</strong></span> <span class='ocrx_word' id='word_1_725' title='bbox 1443 5374 1523 5429; x_wconf 93' lang='lat' dir='ltr'><strong>eis</strong></span> <span class='ocrx_word' id='word_1_726' title='bbox 1553 5375 1795 5441; x_wconf 89' lang='lat' dir='ltr'><strong>videret,</strong></span> <span class='ocrx_word' id='word_1_727' title='bbox 1826 5378 1903 5432; x_wconf 89' lang='lat' dir='ltr'><strong>ait</strong></span> <span class='ocrx_word' id='word_1_728' title='bbox 1927 5379 1998 5434; x_wconf 86' lang='lat' dir='ltr'><strong>ad</strong></span> 
     </span>
    </p>
   </div>
   <div class='ocr_carea' id='block_1_99' title="bbox 420 5459 1997 5541">
    <p class='ocr_par' dir='ltr' id='par_1_99' title="bbox 420 5459 1997 5541">
     <span class='ocr_line' id='line_1_99' title="bbox 420 5459 1997 5541; baseline 0.007 -27"><span class='ocrx_word' id='word_1_729' title='bbox 420 5474 545 5515; x_wconf 90' lang='lat' dir='ltr'><strong>eum</strong></span> <span class='ocrx_word' id='word_1_730' title='bbox 578 5480 591 5515; x_wconf 91' lang='lat'><strong>:</strong></span> <span class='ocrx_word' id='word_1_731' title='bbox 625 5459 892 5517; x_wconf 83' lang='lat' dir='ltr'><strong>Hesterna</strong></span> <span class='ocrx_word' id='word_1_732' title='bbox 939 5462 1063 5527; x_wconf 86' lang='lat' dir='ltr'><strong>die,</strong></span> <span class='ocrx_word' id='word_1_733' title='bbox 1096 5478 1129 5517; x_wconf 93' lang='lat' dir='ltr'><strong>o</strong></span> <span class='ocrx_word' id='word_1_734' title='bbox 1160 5479 1358 5531; x_wconf 88' lang='lat' dir='ltr'><strong>senex,</strong></span> <span class='ocrx_word' id='word_1_735' title='bbox 1392 5480 1518 5519; x_wconf 91' lang='lat' dir='ltr'><strong>cum</strong></span> <span class='ocrx_word' id='word_1_736' title='bbox 1554 5467 1834 5525; x_wconf 87' lang='lat' dir='ltr'><strong>Clemente</strong></span> <span class='ocrx_word' id='word_1_737' title='bbox 1879 5472 1997 5541; x_wconf 86' lang='lat' dir='ltr'><strong>pla-</strong></span> 
     </span>
    </p>
   </div>
   <div class='ocr_carea' id='block_1_100' title="bbox 421 5553 1997 5623">
    <p class='ocr_par' dir='ltr' id='par_1_100' title="bbox 421 5553 1997 5623">
     <span class='ocr_line' id='line_1_100' title="bbox 421 5553 1997 5623; baseline 0.012 -18"><span class='ocrx_word' id='word_1_738' title='bbox 421 5561 612 5607; x_wconf 83' lang='lat' dir='ltr'><strong>cuerat</strong></span> <span class='ocrx_word' id='word_1_739' title='bbox 639 5560 699 5606; x_wconf 91' lang='lat' dir='ltr'><strong>ut</strong></span> <span class='ocrx_word' id='word_1_740' title='bbox 727 5553 888 5608; x_wconf 89' lang='lat' dir='ltr'><strong>hodie</strong></span> <span class='ocrx_word' id='word_1_741' title='bbox 935 5570 1118 5610; x_wconf 89' lang='lat' dir='ltr'><strong>sermo</strong></span> <span class='ocrx_word' id='word_1_742' title='bbox 1157 5555 1345 5623; x_wconf 86' lang='lat' dir='ltr'><strong>ﬁeret,</strong></span> <span class='ocrx_word' id='word_1_743' title='bbox 1374 5566 1431 5615; x_wconf 90' lang='lat' dir='ltr'><strong>et</strong></span> <span class='ocrx_word' id='word_1_744' title='bbox 1459 5568 1552 5615; x_wconf 90' lang='lat' dir='ltr'><strong>aut</strong></span> <span class='ocrx_word' id='word_1_745' title='bbox 1583 5572 1641 5617; x_wconf 93' lang='lat' dir='ltr'><strong>tu</strong></span> <span class='ocrx_word' id='word_1_746' title='bbox 1678 5566 1997 5623; x_wconf 89' lang='lat' dir='ltr'><strong>ostenderes</strong></span> 
     </span>
    </p>
   </div>
   <div class='ocr_carea' id='block_1_101' title="bbox 491 5664 840 5733">
    <p class='ocr_par' dir='ltr' id='par_1_101' title="bbox 491 5664 840 5733">
     <span class='ocr_line' id='line_1_101' title="bbox 491 5664 840 5733; baseline 0.011 -17"><span class='ocrx_word' id='word_1_747' title='bbox 491 5665 533 5694; x_wconf 76' lang='lat'>“</span> <span class='ocrx_word' id='word_1_748' title='bbox 567 5664 695 5733; x_wconf 89' lang='lat' dir='ltr'><strong>Sap.</strong></span> <span class='ocrx_word' id='word_1_749' title='bbox 723 5679 761 5728; x_wconf 84' lang='grc' dir='ltr'><strong>ι,</strong></span> <span class='ocrx_word' id='word_1_750' title='bbox 787 5666 840 5720; x_wconf 76' lang='grc'><strong>4.</strong></span> 
     </span>
    </p>
   </div>
   <div class='ocr_carea' id='block_1_102' title="bbox 2106 5108 3633 5182">
    <p class='ocr_par' dir='ltr' id='par_1_102' title="bbox 2106 5108 3633 5182">
     <span class='ocr_line' id='line_1_102' title="bbox 2106 5108 3633 5182; baseline 0.005 -21"><span class='ocrx_word' id='word_1_751' title='bbox 2106 5108 2243 5163; x_wconf 92' lang='lat' dir='ltr'><strong>nihil</strong></span> <span class='ocrx_word' id='word_1_752' title='bbox 2274 5118 2428 5167; x_wconf 81' lang='lat' dir='ltr'><strong>extra</strong></span> <span class='ocrx_word' id='word_1_753' title='bbox 2459 5113 2704 5182; x_wconf 89' lang='lat' dir='ltr'><strong>genesim</strong></span> <span class='ocrx_word' id='word_1_754' title='bbox 2725 5110 2841 5167; x_wconf 81' lang='lat' dir='ltr'><strong>ﬁeri</strong></span> <span class='ocrx_word' id='word_1_755' title='bbox 2866 5152 2881 5177; x_wconf 96' lang='lat'><strong>,</strong></span> <span class='ocrx_word' id='word_1_756' title='bbox 2913 5120 3007 5167; x_wconf 88' lang='lat' dir='ltr'><strong>aut</strong></span> <span class='ocrx_word' id='word_1_757' title='bbox 3033 5112 3289 5172; x_wconf 83' lang='lat' dir='ltr'><strong>Clemens</strong></span> <span class='ocrx_word' id='word_1_758' title='bbox 3333 5114 3531 5169; x_wconf 85' lang='lat' dir='ltr'><strong>doceret</strong></span> <span class='ocrx_word' id='word_1_759' title='bbox 3557 5123 3633 5180; x_wconf 65' lang='lat' dir='ltr'><strong>ge-</strong></span> 
     </span>
    </p>
   </div>
   <div class='ocr_carea' id='block_1_103' title="bbox 2105 5203 3632 5277">
    <p class='ocr_par' dir='ltr' id='par_1_103' title="bbox 2105 5203 3632 5277">
     <span class='ocr_line' id='line_1_103' title="bbox 2105 5203 3632 5277; baseline 0.003 -22"><span class='ocrx_word' id='word_1_760' title='bbox 2105 5203 2280 5257; x_wconf 88' lang='lat' dir='ltr'><strong>nesim</strong></span> <span class='ocrx_word' id='word_1_761' title='bbox 2312 5220 2423 5259; x_wconf 92' lang='lat' dir='ltr'><strong>non</strong></span> <span class='ocrx_word' id='word_1_762' title='bbox 2452 5220 2576 5260; x_wconf 89' lang='lat' dir='ltr'><strong>esse</strong></span> <span class='ocrx_word' id='word_1_763' title='bbox 2606 5203 2717 5277; x_wconf 70' lang='lat' dir='ltr'><strong>[sed</strong></span> <span class='ocrx_word' id='word_1_764' title='bbox 2748 5203 2803 5258; x_wconf 89' lang='lat' dir='ltr'><strong>in</strong></span> <span class='ocrx_word' id='word_1_765' title='bbox 2835 5205 2995 5262; x_wconf 90' lang='lat' dir='ltr'><strong>nobis</strong></span> <span class='ocrx_word' id='word_1_766' title='bbox 3020 5216 3075 5262; x_wconf 91' lang='lat' dir='ltr'><strong>et</strong></span> <span class='ocrx_word' id='word_1_767' title='bbox 3104 5207 3160 5261; x_wconf 92' lang='lat' dir='ltr'><strong>in</strong></span> <span class='ocrx_word' id='word_1_768' title='bbox 3191 5218 3376 5264; x_wconf 86' lang='lat' dir='ltr'><strong>nostra</strong></span> <span class='ocrx_word' id='word_1_769' title='bbox 3404 5210 3632 5276; x_wconf 75' lang='lat' dir='ltr'><strong>potcsute</strong></span> 
     </span>
    </p>
   </div>
   <div class='ocr_carea' id='block_1_104' title="bbox 2104 5290 3631 5371">
    <p class='ocr_par' dir='ltr' id='par_1_104' title="bbox 2104 5290 3631 5371">
     <span class='ocr_line' id='line_1_104' title="bbox 2104 5290 3631 5371; baseline 0.001 -24"><span class='ocrx_word' id='word_1_770' title='bbox 2104 5293 2292 5351; x_wconf 88' lang='lat' dir='ltr'><strong>haberi</strong></span> <span class='ocrx_word' id='word_1_771' title='bbox 2334 5312 2457 5367; x_wconf 75' lang='lat' dir='ltr'><strong>qua:</strong></span> <span class='ocrx_word' id='word_1_772' title='bbox 2482 5296 2757 5367; x_wconf 74' lang='lat' dir='ltr'><strong>gerimus].</strong></span> <span class='ocrx_word' id='word_1_773' title='bbox 2784 5298 2864 5353; x_wconf 84' lang='lat' dir='ltr'><strong>Ad</strong></span> <span class='ocrx_word' id='word_1_774' title='bbox 2898 5298 3015 5353; x_wconf 64' lang='lat' dir='ltr'><strong>haec</strong></span> <span class='ocrx_word' id='word_1_775' title='bbox 3043 5315 3208 5356; x_wconf 90' lang='lat' dir='ltr'><strong>senex</strong></span> <span class='ocrx_word' id='word_1_776' title='bbox 3250 5298 3517 5371; x_wconf 89' lang='lat' dir='ltr'><strong>respondit</strong></span> <span class='ocrx_word' id='word_1_777' title='bbox 3542 5314 3554 5349; x_wconf 88' lang='lat'>:</span> <span class='ocrx_word' id='word_1_778' title='bbox 3576 5290 3631 5345; x_wconf 82' lang='grc' dir='ltr'><strong>Ει</strong></span> 
     </span>
    </p>
   </div>
   <div class='ocr_carea' id='block_1_105' title="bbox 2101 5388 3630 5460">
    <p class='ocr_par' dir='ltr' id='par_1_105' title="bbox 2101 5388 3630 5460">
     <span class='ocr_line' id='line_1_105' title="bbox 2101 5388 3630 5460; baseline 0.003 -19"><span class='ocrx_word' id='word_1_779' title='bbox 2101 5388 2232 5457; x_wconf 89' lang='lat' dir='ltr'><strong>quid</strong></span> <span class='ocrx_word' id='word_1_780' title='bbox 2286 5390 2554 5460; x_wconf 87' lang='lat' dir='ltr'><strong>placuerit</strong></span> <span class='ocrx_word' id='word_1_781' title='bbox 2599 5389 2855 5455; x_wconf 70' lang='lat' dir='ltr'><strong>memini,</strong></span> <span class='ocrx_word' id='word_1_782' title='bbox 2891 5399 2949 5447; x_wconf 87' lang='lat' dir='ltr'><strong>et</strong></span> <span class='ocrx_word' id='word_1_783' title='bbox 2993 5401 3088 5447; x_wconf 92' lang='lat' dir='ltr'><strong>tua</strong></span> <span class='ocrx_word' id='word_1_784' title='bbox 3131 5394 3298 5449; x_wconf 83' lang='lat' dir='ltr'><strong>verba</strong></span> <span class='ocrx_word' id='word_1_785' title='bbox 3346 5401 3491 5447; x_wconf 90' lang='lat' dir='ltr'><strong>teneo</strong></span> <span class='ocrx_word' id='word_1_786' title='bbox 3530 5398 3630 5456; x_wconf 62' lang='lat' dir='ltr'><strong>qua</strong></span> 
     </span>
    </p>
   </div>
   <div class='ocr_carea' id='block_1_106' title="bbox 2103 5482 3627 5555">
    <p class='ocr_par' dir='ltr' id='par_1_106' title="bbox 2103 5482 3627 5555">
     <span class='ocr_line' id='line_1_106' title="bbox 2103 5482 3627 5555; baseline 0.003 -22"><span class='ocrx_word' id='word_1_787' title='bbox 2103 5490 2226 5550; x_wconf 90' lang='lat' dir='ltr'><strong>post</strong></span> <span class='ocrx_word' id='word_1_788' title='bbox 2254 5482 2539 5551; x_wconf 89' lang='lat' dir='ltr'><strong>pactiones</strong></span> <span class='ocrx_word' id='word_1_789' title='bbox 2569 5482 2779 5537; x_wconf 86' lang='lat' dir='ltr'><strong>locutus</strong></span> <span class='ocrx_word' id='word_1_790' title='bbox 2801 5483 2932 5548; x_wconf 80' lang='lat' dir='ltr'><strong>es&quot;,</strong></span> <span class='ocrx_word' id='word_1_791' title='bbox 2964 5486 3165 5555; x_wconf 89' lang='lat' dir='ltr'><strong>quibus</strong></span> <span class='ocrx_word' id='word_1_792' title='bbox 3193 5485 3421 5541; x_wconf 89' lang='lat' dir='ltr'><strong>docuisti</strong></span> <span class='ocrx_word' id='word_1_793' title='bbox 3452 5484 3627 5550; x_wconf 75' lang='lat' dir='ltr'><strong>impos-</strong></span> 
     </span>
    </p>
   </div>
   <div class='ocr_carea' id='block_1_107' title="bbox 2104 5569 3627 5647">
    <p class='ocr_par' dir='ltr' id='par_1_107' title="bbox 2104 5569 3627 5647">
     <span class='ocr_line' id='line_1_107' title="bbox 2104 5569 3627 5647; baseline 0.001 -21"><span class='ocrx_word' id='word_1_794' title='bbox 2104 5571 2263 5628; x_wconf 89' lang='lat' dir='ltr'><strong>sibile</strong></span> <span class='ocrx_word' id='word_1_795' title='bbox 2302 5589 2426 5630; x_wconf 90' lang='lat' dir='ltr'><strong>esse</strong></span> <span class='ocrx_word' id='word_1_796' title='bbox 2455 5573 2664 5629; x_wconf 89' lang='lat' dir='ltr'><strong>homini</strong></span> <span class='ocrx_word' id='word_1_797' title='bbox 2696 5574 2842 5629; x_wconf 89' lang='lat' dir='ltr'><strong>scire</strong></span> <span class='ocrx_word' id='word_1_798' title='bbox 2886 5576 3096 5647; x_wconf 89' lang='lat' dir='ltr'><strong>aliquid</strong></span> <span class='ocrx_word' id='word_1_799' title='bbox 3117 5618 3134 5644; x_wconf 96' lang='lat'><strong>,</strong></span> <span class='ocrx_word' id='word_1_800' title='bbox 3164 5579 3273 5634; x_wconf 89' lang='lat' dir='ltr'><strong>nisi</strong></span> <span class='ocrx_word' id='word_1_801' title='bbox 3307 5593 3339 5633; x_wconf 94' lang='lat' dir='ltr'><strong>a</strong></span> <span class='ocrx_word' id='word_1_802' title='bbox 3364 5591 3487 5632; x_wconf 79' lang='lat' dir='ltr'><strong>vero</strong></span> <span class='ocrx_word' id='word_1_803' title='bbox 3512 5569 3627 5627; x_wconf 42' lang='lat' dir='ltr'><strong>Pro.</strong></span> 
     </span>
    </p>
   </div>
   <div class='ocr_carea' id='block_1_108' title="bbox 953 5667 3625 5761">
    <p class='ocr_par' dir='ltr' id='par_1_108' title="bbox 953 5667 3625 5761">
     <span class='ocr_line' id='line_1_108' title="bbox 953 5667 3625 5761; baseline 0.009 -40"><span class='ocrx_word' id='word_1_804' title='bbox 953 5667 1277 5761; x_wconf 45' lang='lat' dir='ltr'><strong>“icodd.</strong></span> <span class='ocrx_word' id='word_1_805' title='bbox 1296 5672 1483 5761; x_wconf 37' lang='lat' dir='ltr'><strong>Isipsns.</strong></span> <span class='ocrx_word' id='word_1_806' title='bbox 1520 5679 1749 5761; x_wconf 61' lang='lat' dir='ltr'><strong>omissis</strong></span> <span class='ocrx_word' id='word_1_807' title='bbox 1769 5680 1857 5745; x_wconf 89' lang='lat' dir='ltr'><strong>iis,</strong></span> <span class='ocrx_word' id='word_1_808' title='bbox 1883 5697 2004 5752; x_wconf 63' lang='lat' dir='ltr'><strong>qua:</strong></span> <span class='ocrx_word' id='word_1_809' title='bbox 2034 5688 2303 5761; x_wconf 75' lang='lat' dir='ltr'><strong>usquead</strong></span> <span class='ocrx_word' id='word_1_810' title='bbox 2335 5704 2457 5761; x_wconf 84' lang='lat' dir='ltr'><strong>cap.</strong></span> <span class='ocrx_word' id='word_1_811' title='bbox 2493 5689 2562 5745; x_wconf 76' lang='grc'><strong>16</strong></span> <span class='ocrx_word' id='word_1_812' title='bbox 2584 5690 2721 5746; x_wconf 90' lang='lat' dir='ltr'><strong>med.</strong></span> <span class='ocrx_word' id='word_1_813' title='bbox 2752 5698 3080 5761; x_wconf 85' lang='lat' dir='ltr'><strong>sequuntur,</strong></span> <span class='ocrx_word' id='word_1_814' title='bbox 3112 5692 3194 5749; x_wconf 91' lang='lat' dir='ltr'><strong>sic</strong></span> <span class='ocrx_word' id='word_1_815' title='bbox 3220 5692 3412 5749; x_wconf 68' lang='lat' dir='ltr'><strong>leaitur</strong></span> <span class='ocrx_word' id='word_1_816' title='bbox 3438 5704 3453 5743; x_wconf 85' lang='lat'><strong>:</strong></span> <span class='ocrx_word' id='word_1_817' title='bbox 3482 5685 3625 5744; x_wconf 65' lang='lat' dir='ltr'><strong>Lutt-</strong></span> 
     </span>
    </p>
   </div>
   <div class='ocr_carea' id='block_1_109' title="bbox 422 5735 3253 5834">
    <p class='ocr_par' dir='ltr' id='par_1_109' title="bbox 422 5735 3253 5834">
     <span class='ocr_line' id='line_1_109' title="bbox 422 5735 3253 5834; baseline 0.012 -50"><span class='ocrx_word' id='word_1_818' title='bbox 422 5741 505 5785; x_wconf 78' lang='lat' dir='ltr'><strong>tus</strong></span> <span class='ocrx_word' id='word_1_819' title='bbox 539 5750 614 5788; x_wconf 76' lang='lat' dir='ltr'><strong>es.</strong></span> <span class='ocrx_word' id='word_1_820' title='bbox 642 5735 838 5791; x_wconf 80' lang='lat' dir='ltr'><strong>Deinde</strong></span> <span class='ocrx_word' id='word_1_821' title='bbox 861 5750 1164 5807; x_wconf 76' lang='lat' dir='ltr'><strong>prosccutus</strong></span> <span class='ocrx_word' id='word_1_822' title='bbox 1193 5758 1347 5797; x_wconf 74' lang='lat' dir='ltr'><strong>senex</strong></span> <span class='ocrx_word' id='word_1_823' title='bbox 1370 5735 1561 5816; x_wconf 63' lang='lat' dir='ltr'><strong>adjecit</strong></span> <span class='ocrx_word' id='word_1_824' title='bbox 1585 5763 1602 5802; x_wconf 90' lang='lat'><em>:</em></span> <span class='ocrx_word' id='word_1_825' title='bbox 1630 5735 2475 5817; x_wconf 35' lang='lat' dir='ltr'><strong>Certum,cIt—nrih&#39;ijetvb&#39;enc‘rtdri</strong></span> 
     </span>
    </p>
   </div>
  </div>
