3888 6192
249 304 381 359 μοι

1464 312 2029 375 BECOGNITlONUM
2068 317 2197 372 LIB.
2241 318 2331 377 IX.

3358 330 3494 387 140’]

244 424 407 485 poeta
452 413 726 473 didicerit.
766 416 834 472 Et
874 417 1070 476 Petrus
1102 441 1115 476 :
1146 420 1374 489 Nescis,
1420 423 1631 496 inquit,
1679 444 1818 498 quo-
1850 435 1896 491 Α
1924 437 2135 486 mentes
2163 431 2444 486 hominum
2475 435 2778 505 corrumpit
2824 451 2889 491 ac
2921 437 3108 504 violat,
3141 447 3194 495 et
3218 454 3248 493 a
3278 441 3497 499 déoide-

244 508 409 561 modo
456 508 722 577 dixerim,
758 512 853 567 sed
904 529 1053 569 nunc
1093 526 1143 570 te
1181 530 1282 587 ego
1324 520 1718 583 commonebo,
1750 520 1817 577 de

242 601 527 656 voluntate
554 602 665 656 dixi
694 614 747 659 et
784 607 1016 661 consilio
1044 607 1170 673 Dei,
1194 625 1357 678 quam
1402 610 1593 666 habuit
1632 616 1815 682 prius-

244 709 408 763 quam
442 696 679 752 mundus
700 706 874 761 esset,
933 710 987 754 et
1018 717 1126 770 quo
1166 702 1398 757 consilio
1440 702 1629 759 fecerit
1659 721 1819 760 mun-

241 786 373 841 dum
396 826 411 851 ,
444 795 694 858 tempora
748 793 1033 857 statuerit,
1074 793 1244 863 legem
1289 794 1533 861 dederit,
1558 797 1726 867 iustis
1749 798 1818 854 ad

241 878 512 934 bonorum
545 884 1035 940 remunerationem
1069 886 1308 941 futuram
1330 890 1587 944 sarculum
1609 892 1817 961 promi-

242 973 414 1035 serit,
447 974 669 1043 iniustis
700 991 889 1046 ptenas
916 994 983 1034 ex
1010 979 1201 1049 iudicii
1232 982 1500 1037 sententia
1531 986 1819 1053 statuerit;

241 1064 348 1120 hoc
370 1081 473 1137 ego
498 1067 609 1121 dixi
637 1070 929 1125 consilium
948 1112 963 1136 ,
996 1079 1049 1128 et
1078 1073 1218 1128 hanc
1265 1074 1597 1131 voluntatem
1628 1076 1720 1132 Dei
1752 1079 1821 1133 ab

240 1159 555 1215 hominibus
577 1162 808 1217 inveniri
844 1180 950 1218 non
975 1180 1156 1234 posse,
1182 1167 1311 1236 quia
1343 1183 1508 1223 nemo
1534 1168 1820 1225 hominum

240 1260 426 1321 potest
475 1268 696 1309 sensum
726 1254 821 1311 Dei
872 1257 1207 1325 coniecturis
1235 1267 1289 1314 et
1316 1261 1679 1316 aestimatione
1707 1261 1823 1316 col—

240 1345 411 1415 ligere
432 1386 448 1410 ,
480 1346 586 1401 nisi
630 1349 894 1417 propheta
928 1350 997 1403 ab
1025 1365 1091 1405 eo
1148 1351 1352 1407 missus
1406 1353 1670 1408 enuntiet.
1701 1351 1823 1407 Non

238 1452 373 1509 ergo
399 1438 467 1494 de
497 1440 916 1511 quibuscunque
959 1442 1266 1513 disciplinis
1298 1452 1391 1499 aut
1423 1446 1621 1501 studiis
1670 1446 1819 1511 dixi,

238 1532 370 1599 quia
422 1530 652 1586 inveniri
684 1533 803 1586 sine
846 1534 1110 1604 prOpheta
1137 1544 1229 1588 aut
1260 1535 1386 1590 sciri
1420 1550 1526 1590 non
1570 1536 1819 1605 possint;

239 1623 445 1694 quippe
478 1625 570 1693 qui
601 1624 772 1679 sciam
815 1634 870 1680 et
905 1626 1137 1680 artiticia
1168 1634 1221 1681 et
1249 1628 1570 1699 disciplinas
1607 1630 1737 1685 sciri
1769 1637 1825 1685 et

249 1718 499 1771 exerceri
530 1716 599 1771 ab
629 1716 972 1780 hominibus,
1005 1732 1143 1788 quas
1169 1734 1279 1773 non
1312 1734 1342 1773 a
1369 1736 1498 1776 vero
1527 1722 1822 1793 propheta,

240 1806 338 1863 sed
369 1822 400 1861 a
430 1809 710 1878 magistris
743 1809 1054 1865 hominibus
1084 1811 1397 1868 didicerint.

315 1900 379 1956 ll.
419 1900 688 1968 Quoniam
720 1917 851 1973 ergo
891 1910 944 1957 te
984 1902 1264 1972 professus
1312 1920 1371 1960 es
1425 1921 1657 1977 gnarum
1693 1922 1819 1962 esse

238 1994 530 2064 positionis
566 1994 805 2051 siderum
845 2002 899 2051 et
947 1996 1229 2051 stellarum
1268 2012 1489 2061 cursus,
1516 2015 1580 2054 ex
1614 2000 1818 2069 quibus

238 2085 601 2141 convinceres
631 2087 965 2143 Clementem
995 2088 1141 2158 quod
1171 2089 1358 2157 genesi
1403 2091 1586 2144 omnia
1625 2091 1811 2160 subia-

236 2184 417 2239 ceant,
454 2188 546 2231 aut
572 2177 642 2231 ab
671 2178 790 2247 ipso
818 2177 1063 2235 disceres
1116 2180 1260 2251 quod
1294 2196 1391 2250 per
1412 2179 1817 2236 Providentiam

237 2277 505 2339 reguntur
530 2269 806 2334 universa,
832 2278 990 2326 etest
1014 2272 1176 2326 etiam
1196 2272 1399 2342 aliquid
1431 2273 1485 2327 in
1517 2273 1695 2341 nobis,
1714 2274 1817 2328 hoc

235 2361 496 2431 expedire
538 2378 635 2417 vos
682 2363 957 2417 convenit.
990 2363 1069 2418 Ad
1119 2363 1234 2419 haec
1280 2378 1442 2420 senex
1482 2365 1764 2436 respondit
1799 2384 1813 2422 :

235 2457 358 2513 Jam
388 2456 609 2527 quidem
650 2459 1021 2513 necessarium
1049 2474 1157 2513 non
1194 2469 1311 2513 erat
1342 2459 1655 2529 huiusmodi
1699 2476 1819 2515 mo-

237 2566 366 2605 vere
396 2552 745 2620 quaestiones.
772 2552 817 2606 si
851 2552 1111 2621 possibile
1139 2560 1287 2607 esset
1303 2553 1461 2609 nobis
1484 2567 1515 2606 a
1544 2568 1675 2608 vero
1698 2569 1820 2624 pro-

239 2644 402 2714 pheta
433 2642 646 2698 discere
677 2650 731 2697 et
758 2644 949 2697 audire
997 2643 1215 2699 definita
1254 2644 1550 2711 sententia,
1581 2646 1711 2717 quia
1743 2646 1817 2702 sit

237 2734 443 2804 aliquid
462 2735 516 2789 in
539 2735 693 2791 nobis
714 2744 768 2790 et
785 2737 838 2790 in
857 2736 1069 2790 arbitrii
1093 2738 1332 2807 positum
1349 2738 1633 2807 libertate;
1659 2739 1817 2795 valde

236 2828 384 2881 enim
436 2842 523 2882 me
561 2842 744 2883 sermo
782 2836 911 2884 tuus
950 2828 1117 2882 movit
1152 2828 1465 2897 hesternus,
1512 2832 1565 2885 in
1599 2848 1709 2902 quo
1748 2832 1817 2887 de

236 2918 444 2972 virtute
482 2918 799 2989 prophetica
826 2918 1141 2989 disputasti.
1177 2918 1333 2974 Unde
1360 2930 1414 2975 et
1442 2936 1543 2992 ego
1574 2923 1817 2977 assentio

236 3020 292 3065 et
336 3012 604 3064 confirmo
635 3012 963 3066 sententiam
1011 3022 1182 3077 tuam,
1217 3015 1345 3083 quia
1375 3014 1511 3068 nihil
1534 3020 1718 3084 potest
1747 3014 1816 3069 ab

237 3100 460 3155 homine
508 3111 718 3156 certum
758 3103 1237 3174 indubitatumque
1279 3104 1559 3175 cognosci,
1611 3104 1701 3159 cui
1761 3114 1817 3162 et

237 3197 497 3266 exiguum
530 3197 656 3252 vitae
700 3204 917 3268 tempus
947 3205 1032 3253 est
1059 3206 1115 3253 et
1158 3200 1324 3254 breve
1353 3213 1417 3253 ac
1446 3206 1609 3253 tenue
1636 3197 1814 3268 spira-

239 3303 386 3351 men,
413 3303 523 3357 quo
551 3289 774 3344 retineri
793 3289 1010 3345 videtur
1031 3290 1086 3344 in
1115 3290 1246 3344 vita.
1272 3288 1655 3345 Verumtamen
1686 3304 1818 3359 quo-

238 3378 388 3433 niam
430 3379 751 3450 priusquam
793 3379 863 3436 de
896 3382 1215 3453 prophetica
1244 3381 1445 3435 virtute
1475 3379 1680 3450 aliquid
1711 3394 1814 3435 au-

238 3467 439 3534 direm,
493 3470 769 3538 pollicitus
813 3471 1004 3525 videor
1031 3471 1320 3536 Clementi,
1355 3478 1415 3525 ut
1443 3469 1812 3536 ostenderem,

237 3560 370 3629 quia
398 3561 581 3615 omnia
606 3562 851 3633 subiecta
877 3571 1007 3618 sunt
1040 3565 1247 3634 genesi,
1273 3572 1366 3618 aut
1390 3564 1459 3619 ab
1487 3566 1605 3633 ipso
1637 3563 1818 3619 disce-

240 3665 379 3715 rem,
410 3653 539 3722 quia
567 3662 652 3709 est
685 3655 889 3724 aliquid
911 3662 965 3709 et
998 3655 1052 3708 in
1077 3654 1258 3719 nobis,
1290 3660 1508 3725 praestet
1542 3652 1675 3707 mihi
1700 3653 1819 3723 ipse

239 3744 300 3799 in
329 3743 431 3799 hoc
448 3746 678 3815 gratiam
707 3755 766 3800 ut
788 3749 996 3818 primus
1024 3748 1248 3818 incipiat
1275 3755 1329 3801 et
1355 3761 1476 3816 quae
1497 3745 1661 3815 obiici
1690 3760 1819 3814 pos-

240 3843 395 3900 sunt,
426 3845 695 3907 proponat
725 3848 779 3892 et
815 3839 1094 3907 absolvat;
1126 3853 1227 3909 ego
1258 3837 1428 3902 enim,
1457 3852 1523 3891 ex
1554 3850 1663 3906 quo
1684 3850 1787 3905 pau
1812 3862 1819 3868 -

240 3930 327 3984 cis
356 3943 387 3981 a
418 3936 471 3986 te
499 3931 683 3985 audivi
712 3930 781 3986 de
806 3933 1011 3987 virtute
1038 3931 1356 4002 prophetiae,
1388 3930 1818 4002 magnitudinem

240 4023 599 4092 praescientiaa
637 4023 995 4079 considerans
1032 4025 1309 4094 obstupui,
1338 4023 1531 4087 fateor,
1572 4037 1673 4077 nec
1701 4037 1819 4076 om-

241 4114 376 4170 nino
421 4116 798 4186 recipiendum
830 4117 1129 4187 quidquam
1159 4132 1382 4180 censeo,
1427 4116 1573 4187 quod
1630 4115 1821 4184 conie-

242 4206 419 4261 cturis
442 4214 497 4260 et
521 4207 889 4261 astimatione
923 4208 1221 4277 colligitur.

315 4295 400 4357 Ill.
445 4296 513 4350 Et
549 4313 674 4352 cum
699 4298 814 4353 haec
847 4314 1009 4354 senex
1043 4299 1293 4361 dixisset,
1318 4313 1419 4369 ego
1446 4296 1703 4352 Clemens
1730 4296 1819 4350 di-

242 4404 373 4445 cere
401 4392 476 4444 ita
506 4391 645 4459 coepi
680 4410 693 4445 :
726 4389 869 4445 Deus
890 4407 987 4461 per
1018 4390 1212 4444 Filium
1242 4405 1402 4445 suum
1432 4390 1639 4443 creavit
1670 4405 1823 4442 mun-

1917 522 1999 576 rio
2026 525 2139 577 veri
2171 522 2368 593 Sponsi
2403 526 2693 592 seducens,
2726 529 2879 583 illicit
2913 530 2980 584 ad
2996 532 3172 587 aliena
3200 533 3492 592 desideria.

1988 613 2077 672 IV.
2119 615 2225 671 Sed
2283 617 2429 673 dicet
2467 620 2667 690 aliquis
2703 636 2717 672 :
2755 620 2897 688 Quid
2934 638 3067 693 ergo
3100 640 3325 682 necesse
3375 638 3494 684 erat

1918 703 2084 760 istum
2122 707 2419 779 principem
2475 709 2613 776 fieri,
2666 713 2761 782 qui
2792 728 2821 767 a
2854 730 2982 770 vero
3009 717 3256 787 principe
3286 730 3496 777 mentes

1918 798 2202 855 hominum
2232 800 2575 858 declinaret?
2604 803 2871 871 Quoniam
2902 806 3046 864 Deus
3084 810 3201 880 qui,
3234 820 3293 866 ut
3343 813 3493 876 dixi,

1919 887 2059 944 Filio
2087 906 2189 946 suo
2239 893 2447 948 amicos
2477 895 2650 948 voluit
2679 910 3007 967 praeparare,
3053 914 3163 952 non
3217 914 3313 954 eos
3361 904 3495 955 tales

1918 997 2044 1037 esse
2068 983 2261 1049 voluit,
2290 985 2385 1055 qui
2412 987 2736 1041 necessitate
2781 995 2993 1044 natura:
3027 991 3172 1044 aliud
3204 989 3336 1060 quid
3374 1008 3495 1047 esse

1920 1089 2031 1128 non
2054 1083 2300 1145 possent,
2334 1076 2427 1132 sed
2452 1078 2545 1147 qui
2578 1078 2805 1133 arbitrio
2836 1094 2937 1133 suo
2969 1088 3023 1135 et
3057 1082 3337 1137 voluntate
3370 1083 3492 1136 boui

1920 1181 2045 1222 esse
2060 1167 2439 1224 desiderarent
2458 1187 2473 1237 ;
2492 1171 2625 1240 quia
2654 1186 2754 1226 nec
2771 1172 3043 1228 laudabile
3071 1183 3177 1238 est,
3208 1175 3353 1245 quod
3385 1192 3493 1229 non

1921 1266 2006 1313 est
2050 1259 2435 1325 desiderabile,
2487 1276 2589 1317 nec
2637 1263 2840 1319 bonum
2872 1265 3174 1333 iudicatur,
3207 1268 3351 1336 quod
3387 1283 3500 1322 non

1922 1353 2206 1421 proposito
2235 1354 2508 1423 expetitur
2539 1370 2554 1407 :
2591 1354 2725 1409 nihil
2752 1356 2898 1410 enim
2926 1357 3106 1412 laudis
3135 1366 3221 1413 est
3250 1359 3303 1413 id
3353 1374 3495 1425 esse,

1924 1458 1954 1497 a
1985 1459 2093 1513 quo
2132 1450 2188 1498 te
2213 1446 2415 1499 mutari
2446 1454 2657 1502 naturae
2690 1449 2994 1503 necessitas
3027 1465 3134 1503 non
3170 1451 3332 1506 sinat.
3362 1449 3487 1506 Pro-

1924 1536 2164 1591 videntia
2190 1552 2320 1608 ergo
2351 1536 2447 1594 Dei
2487 1539 2768 1593 hominum
2809 1541 3214 1596 multitudinem
3247 1545 3400 1597 nasci
3441 1546 3493 1597 in

1923 1627 2029 1681 hoc
2060 1628 2264 1682 mundo
2294 1628 2488 1694 voluit,
2520 1636 2580 1685 ut
2622 1646 2691 1684 ex
2739 1632 2990 1701 pluribus
3039 1631 3374 1701 eligerentur
3402 1634 3497 1702 qui

1922 1719 2128 1789 iustam
2170 1720 2458 1791 diligerent
2496 1722 2684 1777 vitam.
2716 1720 2783 1777 Et
2813 1722 2943 1792 quia
2975 1731 3295 1792 prtesentem
3338 1740 3494 1777 mun-

1851 1791 1895 1847 Β
1924 1812 2053 1867 dum
2084 1813 2331 1883 prazvidit
2359 1828 2469 1868 non
2517 1814 2678 1869 aliter
2719 1791 2879 1884 posse
2922 1791 3027 1869 nisi
3079 1814 3395 1871 diversitate
3444 1821 3499 1869 et

1920 1906 2287 1976 inaequalitate
2319 1912 2592 1970 constare,
2612 1906 2911 1962 secundum
2937 1908 3289 1976 praesentium
3315 1921 3496 1960 rerum

1919 1996 2267 2053 diversitates
2316 1997 2612 2068 unicuique
2666 1999 2835 2053 menti
2886 1998 3191 2053 libertatem
3246 2007 3496 2051 motuum

1921 2088 2091 2153 dedit,
2118 2096 2171 2144 et
2202 2089 2349 2145 hunc
2378 2091 2683 2161 principem
2715 2091 2919 2160 posuit,
2953 2106 3062 2161 quo
3100 2105 3163 2145 ea
3194 2104 3316 2159 qua:
3360 2105 3496 2144 con-

1920 2181 2090 2235 traria
2137 2182 2394 2236 videntur
2424 2183 2690 2254 agitante,
2731 2183 2928 2239 electio
2956 2184 3247 2237 meliorum
3282 2183 3500 2237 virtutis

1916 2286 2082 2342 opere
2121 2279 2419 2327 constaret.
3316 2328 3325 2336 ,

1991 2362 2054 2418 ν.
2073 2362 2177 2419 Sed
2202 2372 2263 2417 ut
2280 2364 2492 2435 planius
2517 2364 2762 2435 fiatquod
2781 2364 3035 2424 dicimus.
3055 2379 3151 2435 per
3167 2364 3378 2434 singula
3400 2380 3498 2419 ex-

1917 2456 2467 2528 ponemus.Nunquid
2480 2473 2693 2525 omnes,
2707 2458 2857 2513 verbi
2872 2459 3067 2528 gratia,
3083 2458 3366 2528 oportebat
3380 2473 3503 2513 esse

1919 2550 1976 2605 in
2005 2550 2110 2605 hoc
2159 2552 2364 2606 mundo
2394 2567 2572 2622 reges,
2623 2563 2718 2606 aut
2753 2552 3057 2622 principes,
3090 2564 3183 2607 aut
3224 2552 3503 2615 dominos,

1918 2648 2014 2694 aut
2057 2642 2400 2712 padagogos,
2423 2650 2517 2697 aut
2544 2644 2912 2713 legisperitos,
2937 2650 3032 2697 aut
3059 2654 3390 2715 geometras,
3409 2656 3504 2700 aut

1918 2732 2199 2798 aurifices,
2229 2741 2323 2788 aut
2345 2735 2604 2804 pistores,
2635 2734 2947 2799 autfabros,
2974 2744 3068 2789 aut
3091 2740 3501 2806 grammaticos,

1920 2833 2016 2880 aut
2031 2825 2253 2889 divites,
2278 2834 2372 2881 aut
2388 2828 2680 2897 agricolas,
2705 2834 2801 2880 aut
2824 2828 3068 2891 olitores,
3085 2837 3179 2883 aut
3203 2832 3505 2899 piscatores

1922 2925 2018 2972 aut
2039 2918 2476 2988 pauperes?ba2c
2491 2926 2699 2973 certum
2719 2926 2805 2973 est
2845 2920 2974 2988 quia
3020 2934 3211 2975 omnes
3240 2935 3362 2974 esse
3394 2934 3505 2973 non

1919 3015 2191 3076 poterant.
2224 3007 2419 3064 Omnia
2462 3016 2644 3064 tamen
2682 3009 2797 3063 haac
2828 3009 3002 3063 oﬂicia
3041 3018 3095 3065 et
3137 3013 3308 3066 multo
3348 3011 3505 3080 plura

1923 3114 2167 3169 praesens
2195 3101 2305 3155 vita
2342 3101 2624 3155 hominum
2655 3102 2911 3171 requirit,
2931 3109 2986 3157 et
3014 3102 3133 3157 sine
3160 3102 3247 3158 his
3274 3103 3506 3173 transigi

1922 3205 2032 3244 non
2062 3199 2271 3260 potest;
2292 3202 2377 3247 est
2398 3208 2531 3263 ergo
2560 3194 2875 3249 necessaria
2908 3195 2965 3248 in
2996 3195 3099 3251 hoc
3143 3194 3346 3251 mundo
3373 3195 3507 3252 inae-

1920 3283 2183 3355 qualitas.
2203 3282 2320 3339 Non
2340 3285 2484 3340 enim
2517 3294 2698 3356 potest
2726 3302 2850 3342 esse
2874 3303 2992 3351 rex,
3020 3288 3126 3344 nisi
3152 3288 3350 3344 habeat
3365 3304 3508 3359 quos

1922 3383 2075 3446 regat
2103 3386 2158 3432 et
2189 3378 2393 3447 quibus
2424 3378 2677 3449 imperet,
2721 3394 2901 3449 neque
2933 3388 3116 3450 potest
3163 3396 3285 3437 esse
3327 3381 3508 3435 domi-

1924 3482 2052 3531 nus,
2076 3469 2185 3523 nisi
2218 3468 2417 3524 habeat
2452 3470 2542 3523 cui
2566 3470 2902 3539 dominetur,
2924 3479 2977 3527 et
3000 3480 3201 3526 caetera
3229 3470 3505 3527 similiter.

1994 3559 2083 3616 Vl.
2110 3560 2306 3618 Sciens
2334 3577 2466 3633 ergo
2494 3562 2761 3617 Conditor
2788 3579 2818 3617 a
2842 3564 2992 3619 nullo
3022 3571 3215 3633 sponte
3244 3563 3416 3618 veniri
3437 3561 3509 3616 ad

1925 3667 2180 3723 agonem,
2222 3653 2353 3708 dum
2386 3652 2656 3724 refugitur
2681 3653 2855 3718 labor,
2889 3653 2992 3709 hoc
3025 3662 3109 3709 est
3142 3652 3209 3708 ad
3239 3668 3503 3709 exercen-

1917 3746 2018 3801 das
2049 3753 2197 3800 artes
2229 3745 2365 3800 istas
2396 3760 2533 3815 quas
2564 3760 2730 3815 supra
2780 3745 3042 3808 diximus,
3091 3760 3189 3816 per
3237 3759 3376 3815 quas
3419 3746 3508 3801 vel

1914 3837 2130 3906 iustitia
2162 3838 2599 3908 uniuscuiusque
2624 3838 2704 3892 vel
2735 3837 3114 3892 misericordia
3164 3835 3504 3891 manifestari

1919 3938 2121 4000 potest,
2156 3946 2360 4001 corpus
2407 3929 2617 3983 homini
2644 3929 2797 3991 fecit,
2831 3927 2978 3998 quod
3018 3930 3216 3982 famem
3248 3935 3303 3983 et
3356 3928 3505 3982 sitim

1919 4034 1973 4078 et
2007 4023 2181 4094 frigus
2206 4022 2494 4093 reciperet,
2514 4029 2571 4075 ut
2595 4020 2875 4075 reﬁciendi
2903 4019 3151 4088 corporis
3168 4033 3334 4072 causa
3354 4033 3499 4072 com-

1921 4114 2063 4184 pulsi
2092 4115 2364 4177 homines,
2395 4112 2464 4167 ad
2511 4126 2703 4167 omnes
2755 4125 2893 4180 quas
2940 4124 3105 4179 supra
3151 4108 3511 4177 exposuimus

1925 4212 2073 4258 artes
2109 4204 2290 4257 victus
2316 4200 2648 4257 necessitate
2680 4198 3097 4255 descenderent.
3130 4197 3249 4251 Cibi
3284 4197 3428 4252 enim
3453 4204 3507 4251 et

1922 4304 2087 4365 potus
2104 4305 2267 4364 atque
2288 4293 2590 4348 indumenti
2614 4293 2811 4363 gratia,
2826 4293 3071 4363 singulas
3091 4304 3336 4360 quasque
3357 4296 3513 4343 artes

1922 4394 2174 4456 expetere
2199 4386 2509 4440 edocemur.
2539 4382 2605 4437 Et
2629 4384 2717 4438 hic
2742 4384 2854 4452 iam
2888 4381 3324 4449 uniuscujusque
3351 4394 3507 4432 men-

243 4484 377 4537 dum
417 4489 675 4553 tauquam
704 4484 977 4553 duplicem
1010 4484 1256 4549 domum,
1305 4482 1597 4552 interiectu
1632 4482 1817 4536 lirma-
1854 4513 1897 4567 ο
1927 4482 1998 4533 tis
2030 4477 2369 4548 prepositum
2422 4475 2758 4537 declaratur,
2794 4482 2972 4528 utrum
3008 4471 3390 4567 necessitatem
3417 4467 3501 4567 fa-

246 4574 417 4629 nienti
445 4576 609 4644 huius
639 4576 784 4646 quod
823 4577 1022 4631 caelum
1054 4577 1361 4647 appellatur
1390 4574 1732 4639 distinctam,
1767 4583 1821 4629 et

246 4670 303 4723 in
330 4672 602 4740 superiori
634 4671 855 4742 quidem
884 4673 1159 4744 angelicas
1206 4672 1455 4726 habitare
1484 4672 1738 4730 virtutes,
1766 4670 1822 4724 in

248 4766 361 4820 isto
384 4771 565 4819 autem
590 4764 793 4819 visibili
821 4766 1025 4819 mundo
1060 4766 1216 4819 nasci
1257 4766 1539 4819 hominum
1572 4766 1824 4818 multitu-

248 4858 434 4912 dinem
477 4855 648 4921 dedit,
682 4873 750 4912 ex
793 4859 994 4928 quibus
1023 4858 1242 4928 eligeret
1265 4860 1474 4913 amicos
1514 4855 1653 4911 Filio
1686 4871 1819 4919 suo,

247 4964 377 5003 cum
408 4950 610 5019 quibus
639 4949 931 5012 laetaretur,
955 4955 1009 5003 et
1038 4950 1129 5019 qui
1160 4951 1209 5004 ei
1243 4956 1500 5018 tanquam
1532 4964 1735 5019 sponso
1767 4955 1827 5000 ut

248 5042 448 5097 dilecta
477 5057 679 5112 sponsa
708 5050 1051 5111 pararentur.
1082 5040 1283 5096 Verum
1316 5057 1488 5111 usque
1516 5042 1581 5095 ad
1614 5043 1829 5111 nuptia-

247 5150 374 5190 rum
416 5143 653 5204 tempus,
687 5135 830 5204 quod
867 5142 952 5189 est
995 5135 1285 5203 praesentia
1336 5134 1522 5189 saeculi
1568 5136 1825 5200 venturi,

250 5226 447 5282 statuit
478 5230 731 5280 virtutem
761 5224 1071 5294 quamdam,
1103 5241 1225 5295 qum
1252 5240 1319 5278 ex
1365 5224 1453 5280 his
1481 5241 1605 5295 quae
1637 5226 1695 5279 in
1723 5227 1826 5281 hoc

250 5318 458 5373 mundo
484 5325 808 5384 nascuntur,
839 5317 1003 5387 eligat
1032 5325 1085 5371 et
1133 5314 1409 5371 custodiat
1454 5317 1727 5382 meliores,
1766 5332 1831 5372 ac

251 5417 434 5467 servet
459 5408 597 5465 Filio
625 5424 727 5464 suo
756 5416 1128 5479 sequestratos
1160 5408 1215 5461 in
1235 5408 1356 5462 loco
1378 5409 1612 5479 quodam
1641 5408 1833 5463 mundi

251 5503 348 5574 qui
376 5510 529 5556 extra
561 5509 845 5572 peccatum
872 5513 977 5569 est,
1012 5501 1067 5555 in
1095 5501 1338 5571 quoiam
1372 5507 1501 5555 sunt
1536 5501 1829 5571 aliquanti,

252 5596 351 5669 qui
383 5595 457 5650 ibi
481 5597 627 5651 velut
652 5609 874 5665 sponsa,
906 5604 960 5649 ut
987 5593 1122 5657 dixi,
1145 5592 1344 5647 decora
1373 5591 1443 5647 ad
1472 5594 1658 5663 sponsi
1690 5608 1836 5672 pra:-

255 5692 491 5749 scntiam
522 5699 915 5762 praeparantur.
939 5690 1073 5745 Nam
1100 5686 1286 5744 mundi
1318 5690 1482 5759 huius
1511 5696 1564 5744 et
1594 5702 1835 5759 praesen—

256 5781 331 5837 tis
390 5793 652 5856 temporis
706 5785 960 5856 princeps
1017 5784 1263 5839 adultero
1313 5782 1513 5839 similis
1559 5790 1670 5847 cst.
1741 5777 1831 5851 qui

1928 4573 2032 4624 mis
2058 4578 2111 4624 et
2154 4568 2376 4639 frigoris
2420 4583 2518 4638 per
2567 4566 2713 4620 furta
2744 4572 2799 4621 et
2831 4562 3123 4619 homicidia
3155 4578 3219 4617 ac
3263 4560 3511 4632 periuria

1928 4664 2155 4731 sarciat,
2191 4676 2396 4733 perque
2439 4660 2546 4714 alia
2579 4657 2898 4728 huiusmodi
2940 4656 3173 4720 scelera,
3224 4669 3295 4709 an
3333 4653 3503 4723 iusti-

1927 4759 2079 4822 tiam,
2110 4754 2566 4817 misericordiam,
2603 4751 3111 4819 continentiamque
3160 4746 3503 4810 custodiens,

1929 4848 2065 4903 artis
2102 4846 2288 4902 studio
2316 4853 2371 4902 et
2398 4858 2659 4898 manuum
2691 4842 2877 4897 labore
2924 4838 3262 4895 imminentis
3316 4853 3507 4893 neces-

1931 4942 2111 4996 sitatis
2139 4941 2352 5011 expleat
2373 4938 2761 4993 ministerium.
2795 4934 2853 4990 Si
2883 4933 3030 4989 enim
3062 4946 3187 4985 cum
3213 4930 3430 5000 iustitia
3453 4936 3509 4985 et

1932 5040 2134 5108 pietate
2161 5052 2225 5091 ac
2252 5034 2626 5091 misericordia
2644 5030 3026 5086 necessitatem
3047 5024 3295 5095 corporis
3329 5033 3509 5078 trans-

1932 5132 2063 5201 igat,
2087 5130 2235 5185 velut
2262 5127 2524 5199 propositi
2557 5125 2748 5192 agonis
2778 5123 2972 5183 victor,
2997 5120 3206 5173 amicus
3237 5115 3359 5170 Filii
3409 5115 3505 5170 Dei

1931 5229 1984 5275 et
2013 5220 2220 5275 electus
2251 5218 2524 5285 abscedit;
2557 5217 2603 5270 si
2632 5229 2759 5270 vero
2785 5227 2881 5282 per
2909 5210 3149 5271 fraudes,
3186 5222 3281 5277 per
3308 5205 3510 5274 iniqui-

1934 5320 2075 5368 tates
2102 5320 2156 5365 et
2193 5310 2403 5366 scelera
2429 5306 2890 5377 concupiscentiis
2922 5301 3161 5357 deservit
3202 5296 3507 5368 corporali-

1934 5408 2063 5472 bus,
2086 5404 2348 5475 principis
2369 5402 2535 5471 huius
2558 5398 2746 5455 mundi
2765 5406 2928 5467 atque
2940 5394 3181 5449 omnium
3200 5389 3509 5444 daemonum

1937 5502 2148 5555 amicus
2177 5496 2430 5558 efﬁcitur,
2477 5510 2507 5549 a
2556 5493 2756 5563 quibus
2791 5490 2957 5545 etiam
2999 5487 3103 5540 hoc
3137 5483 3418 5541 edocetur,
3450 5487 3513 5532 ut

1937 5594 2217 5651 stellarum
2247 5587 2502 5644 cursibus
2530 5588 2795 5639 malorum
2818 5593 3041 5636 suorum
3072 5574 3309 5631 ascribat
3358 5583 3515 5627 erro-

1938 5702 2051 5751 res,
2086 5699 2224 5756 quos
2255 5681 2477 5736 nonnisi
2516 5676 2800 5748 proposito
2846 5688 2912 5727 ac
2951 5672 3236 5725 voluntate
3286 5663 3509 5733 delegit.

1941 5777 2152 5833 Etenim
2188 5783 2353 5839 artes,
2390 5776 2642 5842 cogente,
2694 5773 2753 5823 ut
2788 5763 3048 5829 diximus,
3096 5757 3203 5814 cibi
3238 5769 3302 5809 ac
3347 5757 3513 5825 potus
