3888 6192
457 311 594 367 1403

1372 309 1431 366 s.
1471 292 1865 366 CLEMENTIS
1895 313 1913 366 ι
1949 310 2115 367 non.
2156 309 2357 367 PONT.
2394 306 2625 363 opma
2658 305 2885 364 DUBIA.

3532 310 3638 367 NN

455 428 757 495 voluptate,
791 424 1081 481 discuntur
1103 436 1155 483 et
1182 439 1538 499 exercentur;
1571 447 1693 502 qua:
1741 434 1989 502 voluptas
2010 474 2023 497 ,
2059 442 2100 498 Α
2132 438 2291 495 sunt,
2324 436 2383 483 ut
2410 444 2477 483 ex
2509 444 2696 484 earum
2736 426 3035 482 certamine
3073 426 3282 481 oriatur
3313 424 3467 495 justis
3496 429 3635 497 palma

454 532 579 573 cum
608 519 902 573 accesserit
922 520 1216 593 unicuique
1241 524 1490 579 veritatis
1510 524 1733 595 agnitio,
1760 525 2028 579 infirmior
2127 522 2369 576 victoria:
2397 529 2451 577 et
2480 521 2736 575 meritum
2768 519 3139 589 praemiorum.

452 608 689 664 efﬁcitur
764 611 1091 668 succedente
1152 616 1507 685 parcimonia.
1564 615 1813 682 Quantus
1880 616 2025 670 enim

452 710 704 772 sumptus
734 712 838 767 est,
870 720 1009 775 aqua
1041 716 1092 761 et
1119 723 1257 779 pane
1289 709 1569 764 utentibus
1590 719 1645 764 et
1676 710 1819 763 hunc
1852 724 1881 762 a
1914 707 2024 761 Deo

449 792 833 861 sperantibus?

522 882 633 938 Vll.
668 883 762 939 Est
790 900 941 956 ergo,
976 897 1035 939 ut
1058 886 1320 952 diximus,
1343 888 1656 944 necessaria
1686 888 1933 960 quaedam
1969 889 2023 942 in

450 974 860 1045 dispensatione
892 975 1079 1029 mundi
1109 977 1476 1047 inaequalitas,
1508 980 1635 1033 dum
1677 994 1867 1035 omnes
1898 980 2024 1049 qui-

452 1064 575 1122 dem
601 1065 845 1121 homines
882 1081 990 1119 non
1039 1068 1221 1121 omnia
1248 1078 1481 1137 possunt
1507 1071 1650 1125 scire
1677 1071 1762 1126 vel
1795 1072 2023 1141 implere

451 1156 703 1219 artificia.
739 1172 841 1211 usu
887 1164 1073 1211 tamen
1118 1165 1173 1211 et
1222 1159 1532 1215 ministerio
1590 1161 1833 1214 omnium
1886 1174 2023 1230 pene

447 1264 640 1305 omnes
690 1247 955 1319 indigent,
983 1259 1037 1303 et
1064 1249 1134 1303 ob
1165 1249 1269 1304 hoc
1302 1266 1526 1306 necesse
1557 1260 1640 1307 est
1684 1252 1851 1305 alium
1894 1268 2024 1321 ope-

2196 610 2289 667 IX.
2326 611 2401 671 Ex
2429 611 2556 666 istis
2584 626 2715 678 ergo
2744 609 2946 662 accidit
2974 608 3247 662 interdum
3268 647 3283 671 ,
3320 617 3378 661 ut
3404 608 3445 663 si
3473 609 3550 677 qui
3577 608 3642 661 in-

2125 704 2472 757 continenter
2498 702 2713 773 egerint
2731 742 2745 766 ,
2776 710 2830 756 et
2860 716 2969 754 non
3000 710 3208 755 tantum
3236 701 3487 756 obsistere
3510 715 3641 770 quam

2124 794 2319 849 cedere
2356 801 2521 864 atque
2560 796 2615 848 in
2655 793 2966 863 semetipsis
3004 792 3137 847 dare
3172 792 3256 848 eis
3301 793 3549 848 voluerint
3576 794 3643 845 lo-

2134 903 2290 951 cum,
2323 887 2488 941 noxia
2517 901 2707 941 earum
2740 886 3075 957 aspiratione
3103 893 3391 955 generetur
3417 886 3639 955 intempe-

2134 987 2250 1033 rata
2278 986 2332 1033 et
2361 979 2559 1033 vitiosa
2588 979 2899 1049 progenies.
2933 976 3068 1031 Dum
3101 977 3245 1031 enim
3274 985 3439 1031 totum
3473 978 3643 1031 libidini

2125 1070 2438 1141 indulgetur
2482 1076 2537 1125 et
2587 1070 2898 1124 observatio
2945 1070 3090 1124 nulla
3130 1069 3360 1124 coeundi
3399 1077 3509 1132 est,
3546 1070 3646 1124 illo-

2128 1177 2250 1216 rum
2283 1164 2401 1216 sine
2426 1161 2592 1217 dubio
2620 1162 2966 1224 daemonum,
2999 1162 3201 1231 quibus
3239 1162 3355 1215 haec
3388 1177 3643 1231 perurgen-

2123 1255 2271 1308 tibus
2302 1254 2467 1319 fiunt,
2499 1253 2629 1307 vitia
2662 1263 2717 1308 et
2748 1253 3073 1323 fragilitates
3104 1253 3337 1322 suscipit
3375 1253 3644 1322 importuna

445 1340 579 1407 rari,
613 1339 777 1393 alium
807 1341 1059 1409 operanti
1086 1341 1327 1410 praebere
1358 1342 1687 1407 mercedem,
1718 1342 1883 1397 alium
1914 1358 2025 1397 ser-

442 1436 579 1499 vire,
603 1435 769 1489 alium
796 1434 1089 1500 dominari,
1127 1437 1290 1490 alium
1325 1438 1461 1507 regi,
1493 1438 1660 1491 alium
1685 1454 1893 1509 regere.
1916 1438 2022 1495 Sed

445 1525 587 1580 hanc
622 1526 1045 1595 inaequalitatem
1068 1543 1189 1596 qua:
1218 1529 1535 1582 mortalium
1568 1530 1735 1584 vitam
1768 1546 2023 1585 necessa-

443 1616 527 1671 rio
558 1617 850 1671 subsecuta
879 1626 982 1681 est,
1010 1617 1193 1671 divina
1211 1616 1559 1673 Providentia
1587 1621 1641 1673 in
1673 1622 2020 1675 occasionem
2121 1619 2321 1689 quibus
2352 1619 2437 1672 his
2477 1618 2636 1674 malis
2672 1619 2922 1673 obnoxiae
2950 1618 3264 1673 efﬁciuntur
3292 1620 3505 1681 animae,
3533 1632 3646 1687 quas

436 1705 701 1775 justitiae,
744 1708 1133 1762 misericordiae
1192 1708 1656 1779 humanitatisque
1707 1712 2016 1774 convertit,
2122 1726 2268 1764 nunc
2318 1708 2562 1779 proferre
2607 1709 2867 1779 temporis
2914 1725 3024 1763 non
3070 1719 3172 1765 est.
3223 1709 3427 1765 Tamen
3472 1717 3651 1778 oportet

444 1805 505 1853 ut
547 1798 677 1851 dum
710 1798 824 1853 haec
874 1800 1017 1854 inter
1041 1800 1287 1856 homines
1317 1810 1573 1871 aguntur,
1617 1801 1689 1856 sit
1720 1802 2017 1871 unicuique
2049 1821 2089 1879 [ς
2120 1818 2563 1873 unumquemque
2610 1818 2909 1873 agnoscere
2943 1804 3113 1873 legem
3146 1804 3275 1868 Dei,
3312 1813 3370 1857 ut
3398 1820 3458 1859 ex
3487 1820 3541 1859 ea
3572 1818 3649 1872 ςε-

440 1909 608 1949 causa
632 1894 779 1963 juste
811 1893 1005 1964 agendi
1060 1909 1186 1947 cum
1216 1909 1304 1955 eo,
1355 1894 1444 1948 cui
1472 1909 1682 1949 merces
1714 1895 1897 1964 operis
1922 1910 2018 1949 ex-
2119 1894 2347 1948 nerandi
2377 1895 2780 1948 observantiam
2813 1908 2994 1950 sumat
3019 1903 3074 1949 et
3102 1895 3456 1950 immunditite
3476 1911 3643 1949 causas

440 1986 701 2043 solvenda
730 1993 901 2049 est,et
919 1984 1153 2041 faciendi
1189 1987 1621 2041 misericordiam
1640 2002 1765 2041 cum
1792 1988 2015 2057 eo,qui,
2117 1986 2385 2047 declinet,
2439 1996 2499 2040 ut
2547 1986 2720 2056 possit
2779 1987 3042 2041 mundum
3082 2003 3203 2043 esse
3236 1989 3382 2058 quod
3425 1987 3648 2058 gignitur.

440 2080 721 2135 debilitate
745 2078 999 2134 fortassis
1029 2086 1123 2132 aut
1163 2079 1390 2148 penuria
1421 2078 1815 2143 intercedente,
1863 2079 2018 2133 debi-
2115 2074 2301 2143 Neque
2360 2076 2505 2129 enim
2562 2075 2644 2129 fas
2695 2084 2817 2143 est,
2882 2085 2943 2130 ut
3020 2078 3075 2131 in
3110 2078 3420 2146 plantandis
3465 2077 3651 2147 quidem

439 2179 554 2226 tum
582 2170 793 2226 solvere
823 2184 930 2224 non
954 2177 1153 2239 potest,
1191 2170 1286 2225 sed
1318 2177 1371 2224 et
1399 2170 1638 2224 humane
1669 2170 1860 2241 agendi
1891 2186 2015 2224 cum
2116 2165 2367 2234 virgultis
2416 2165 2500 2219 vel
2538 2164 2593 2219 in
2631 2165 2966 2221 seminandis
3028 2166 3278 2237 frugibus
3324 2176 3651 2237 opportunum

438 2262 527 2317 his
562 2262 656 2333 qui
702 2260 1021 2316 conditione
1058 2261 1313 2315 videntur
1354 2260 1601 2324 obnoxii,
1641 2261 2018 2315 mansuetudi-
2116 2261 2334 2323 tempus
2386 2264 2665 2324 quaeratur
2695 2295 2710 2319 ,
2764 2265 2911 2310 terra
2992 2267 3255 2327 purgetur
3302 2266 3462 2328 atque
3502 2256 3654 2311 omnia

441 2369 564 2408 nem
597 2368 815 2423 quoque
844 2350 1208 2407 conservandi
1235 2366 1363 2421 erga
1409 2351 1709 2420 subjectos,
1738 2360 1794 2405 et
1833 2352 2015 2404 omnia
2116 2360 2237 2414 qua:
2265 2348 2521 2400 convenit
2552 2355 2950 2418 praparentur,
2984 2364 3051 2403 ne
3081 2349 3220 2404 forte
3251 2365 3435 2405 semen
3471 2349 3647 2418 iactum

439 2456 669 2511 prorsus
713 2438 931 2510 gerendi
979 2438 1284 2493 secundum
1331 2439 1501 2509 legem
1537 2438 1649 2493 Dei.
1686 2438 1840 2493 Dedit
1870 2441 2016 2494 enim
2118 2437 2348 2491 laedatur
2378 2446 2433 2490 et
2462 2445 2686 2506 pereat,
2720 2447 2777 2491 et
2808 2439 2863 2492 in
2895 2440 3013 2494 solo
3049 2441 3304 2507 homine,
3345 2442 3437 2513 qui
3475 2450 3549 2495 est
3574 2455 3654 2494 su-

443 2534 639 2603 legem,
665 2532 866 2600 juvans
899 2546 993 2600 per
1017 2531 1123 2583 hoc
1156 2531 1426 2584 humanas
1452 2538 1684 2592 mentes,
1717 2539 1775 2583 ut
1798 2529 2015 2587 facilius
2116 2544 2218 2599 per
2249 2528 2365 2581 haec
2395 2529 2607 2593 omnia,
2637 2529 2852 2584 serendi
2883 2531 3194 2587 observatio
3221 2534 3371 2587 nulla
3400 2533 3653 2593 habeatur,

436 2639 567 2695 erga
614 2621 1040 2691 unumquodque
1071 2621 1309 2690 qualiter
1346 2620 1429 2682 agi
1474 2619 1717 2685 deberet,
1766 2619 2016 2675 adverte-
2116 2620 2262 2673 nulla
2294 2620 2527 2677 cautela.

437 2730 582 2781 rent,
624 2734 730 2787 qua
770 2716 859 2771 via
890 2714 1193 2785 ell'ugerent
1236 2715 1436 2768 malum
1481 2722 1534 2769 et
1572 2729 1680 2784 qua
1716 2713 1784 2766 ad
1831 2712 2013 2766 futura
2185 2710 2252 2765 Χ.
2293 2709 2399 2765 Sed
2448 2712 2611 2782 quid,
2656 2715 2803 2783 quod
2850 2716 3137 2781 nonnulli,
3192 2717 3409 2788 inquit,
3458 2733 3569 2773 cum
3611 2717 3657 2771 in

436 2811 722 2866 tenderent
756 2808 920 2871 bona,
962 2813 1015 2861 et
1042 2815 1100 2859 ut
1136 2809 1189 2860 in
1232 2821 1370 2875 aqua
1392 2806 1694 2875 regenerati
1724 2820 1821 2875 per
1848 2820 2013 2874 opera
2116 2802 2293 2871 prima
2332 2811 2492 2858 aetate
2534 2803 2742 2873 absque
2784 2805 2919 2859 vitio
2962 2806 3164 2861 fuerint
3201 2809 3509 2879 corporali,
3548 2821 3657 2877 pro-

434 2900 790 2968 bona,ignem
810 2906 1035 2951 vetusta
1053 2897 1356 2951 nativitatis
1377 2897 1809 2967 exstinguerent.
1829 2895 2011 2949 Prima
2115 2909 2272 2949 cessu
2327 2896 2588 2965 temporis
2637 2897 2929 2951 incurrunt
2978 2899 3092 2953 haec
3135 2900 3314 2965 mala,
3365 2903 3437 2955 ita
3482 2910 3535 2953 ut
3571 2898 3655 2951 ali-

433 2990 578 3046 enim
635 2996 824 3043 nostra
872 2988 1132 3043 nativitas
1191 3003 1286 3057 per
1324 2988 1501 3057 ignem
1550 2988 2012 3057 concupiscentia:
2115 2988 2305 3057 quanti
2342 2990 2509 3042 etiam
2552 2989 2819 3043 violenter
2863 2992 3281 3062 praecipitentur
3322 2994 3377 3048 in
3414 2988 3654 3047 mortem?

433 3080 737 3145 descendit,
770 3087 824 3135 et
848 3079 969 3134 ideo
990 3079 1402 3150 dispensatione
1418 3079 1603 3133 divina
1633 3079 1872 3134 secunda
1898 3078 2011 3133 haec
2116 3077 2289 3132 Etiam
2324 3078 2393 3134 de
2423 3080 2510 3135 his
2542 3082 2725 3134 vicina
2757 3089 2811 3137 et
2840 3097 2978 3151 pene
3006 3082 3195 3138 eadem
3239 3086 3384 3141 ratio
3426 3094 3536 3149 est;
3569 3084 3656 3135 illa

432 3189 531 3248 per
568 3189 763 3244 aquam
803 3173 1191 3237 introducitur,
1231 3190 1353 3244 qua:
1390 3175 1694 3244 restinguat
1733 3174 1873 3241 ignis
1913 3188 2009 3226 na-
2037 3203 2078 3257 ο
2115 3170 2260 3225 enim
2283 3210 2297 3233 ,
2329 3187 2469 3241 quas
2498 3172 2740 3227 diximus
2770 3174 3077 3229 contrarias
3105 3175 3351 3231 humano
3377 3175 3549 3247 generi
3575 3189 3658 3243 po.

435 3273 653 3328 turam,
690 3269 744 3318 et
782 3263 997 3317 cmlesti
1040 3264 1235 3335 spiritu
1277 3265 1460 3317 anima
1500 3264 1805 3317 illuminata
1853 3262 2008 3333 (80),
2115 3268 2372 3327 testates,
2406 3262 2473 3316 ad
2505 3263 2940 3334 uniuscujusque
2983 3280 3081 3318 cor
3122 3281 3219 3335 per
3258 3270 3460 3321 multas
3503 3276 3551 3320 et
3586 3264 3657 3317 di-

433 3363 635 3411 metum
654 3355 843 3425 prima:
864 3357 1167 3411 nativitatis
1182 3357 1424 3425 abjiciat,
1447 3355 1493 3409 si
1517 3364 1699 3409 tamen
1720 3355 1792 3408 ita
1810 3354 1876 3408 de
1894 3354 2015 3408 reli-
2112 3366 2302 3407 versas
2331 3354 2811 3423 concupiscentias
2852 3355 3154 3409 invitantur
3197 3356 3586 3426 quodammodo
3609 3361 3656 3408 et

432 3461 549 3516 quo
572 3447 752 3513 vivat,
779 3447 1029 3501 utnullas
1048 3446 1273 3500 omnino
1292 3444 1481 3499 mundi
1523 3445 1685 3515 hujus
1702 3444 2012 3513 voluptates
2115 3442 2456 3512 ingrediendi
2493 3444 2770 3513 accipiunt
2815 3445 3035 3510 locum,
3080 3456 3277 3517 estque
3322 3450 3437 3503 haec
3478 3448 3529 3501 in
3567 3446 3656 3499 illis

435 3540 714 3611 requirat,
749 3536 844 3593 sed
874 3539 946 3593 sit
975 3548 1232 3607 tanquam
1270 3537 1590 3608 peregrinus
1620 3543 1673 3591 et
1707 3536 1914 3591 advena
1944 3535 2009 3600 ⁸³,
2113 3533 2197 3588 vis
2243 3541 2297 3587 et
2344 3542 2621 3604 potestas,
2672 3550 2794 3603 quae
2839 3537 3087 3592 hortetur
3113 3548 3168 3592 et
3210 3540 3405 3596 incitet
3439 3548 3656 3599 tantum,

435 3641 601 3702 atque
634 3631 860 3686 alterius
894 3630 1135 3683 civitatis
1166 3629 1323 3684 civis.
2113 3638 2225 3677 non
2252 3640 2373 3693 quae
2402 3634 2558 3695 cogat
2586 3633 2640 3681 et
2669 3626 2934 3697 perliciat.
2968 3628 3025 3682 Si
3054 3645 3184 3700 ergo
3216 3633 3345 3701 quis
3373 3632 3657 3701 acquiescat

507 3722 644 3777 Vlll.
686 3720 792 3777 Sed
824 3721 1058 3776 fortasse
1092 3720 1244 3775 dicas
1267 3760 1282 3785 ,
1308 3721 1436 3790 quia
1469 3720 1523 3774 in
1555 3720 1641 3775 his
1671 3720 1888 3791 quidem
1906 3762 1919 3783 ,
1954 3723 2009 3777 in
2111 3716 2222 3781 eis,
2248 3725 2305 3769 ut
2329 3718 2493 3771 etiam
2520 3727 2642 3788 agat
2668 3734 2728 3773 ea
2753 3735 2875 3789 quae
2900 3722 3039 3775 male
3058 3720 3358 3788 desiderat,
3384 3736 3654 3779 consensus

436 3814 636 3884 quibus
668 3811 934 3867 naturalis
973 3811 1274 3865 necessitas
1313 3810 1482 3880 exigit
1520 3812 1717 3864 artium
1755 3826 2010 3879 operum-
2112 3808 2195 3862 sui
2225 3815 2279 3862 et
2306 3817 2462 3863 actus
2489 3808 2793 3864 mercedem
2825 3810 3147 3880 perditionis
3176 3820 3232 3868 et
3264 3815 3511 3884 pessimae
3534 3827 3658 3866 mor-

434 3921 541 3976 que
598 3904 998 3967 ministerium,
1055 3908 1233 3971 potest
1277 3900 1657 3971 unusquisque
1704 3900 1903 3955 habere
1955 3902 2010 3955 in
2111 3899 2183 3953 tis
2212 3899 2471 3954 inveniet.
2519 3898 2577 3953 Si
2620 3915 2752 3955 vero
2800 3900 3045 3956 futurum
3089 3903 3360 3973 judicium
3401 3906 3651 3976 cogitans,

436 4004 732 4071 potestate,
760 4010 979 4050 servare
1000 3994 1267 4063 justitiam
1293 4002 1346 4048 et
1369 3994 1587 4046 modum
1614 3993 1697 4047 vel
1720 3993 2009 4049 desideriis
2112 4000 2258 4045 metu
2305 3991 2424 4060 ipso
2469 3992 2635 4049 fuerit
2677 4002 2964 4065 repressiis
3004 4004 3059 4051 et
3098 3999 3441 4054 revocaverit
3477 4013 3557 4059 se,
3599 4010 3657 4049 ne

437 4092 519 4146 vel
551 4089 763 4144 actibus
792 4103 953 4158 quem
994 4085 1124 4141 velit
1163 4085 1479 4154 imponere;
1518 4084 1647 4154 quid
1684 4084 1752 4138 de
1788 4085 2010 4154 azgritu-
2110 4091 2235 4135 actu
2268 4083 2488 4152 impleat
2516 4084 2661 4154 quod
2690 4088 2833 4140 mala
2863 4088 3199 4157 cogitatione
3232 4091 3513 4161 concepit,
3540 4086 3655 4142 ellu-

434 4182 655 4237 dinibus
702 4180 948 4234 dicemus
997 4185 1050 4232 et
1095 4177 1534 4239 inﬁrmitatibus,
1588 4190 1710 4246 quze
1755 4175 2009 4229 accidunt
2111 4174 2219 4242 giet
2245 4189 2353 4227 non
2384 4175 2871 4248 solumperniciem
2902 4190 3257 4251 praesentem,
3290 4185 3389 4239 sed
3417 4194 3471 4240 et
3495 4184 3656 4236 futura

436 4273 779 4335 hominibus,
798 4280 864 4326 ‘et
892 4270 1035 4340 quod
1064 4268 1402 4323 daemonibus
1440 4268 1686 4322 nonnulli
1746 4275 2010 4337 urgentur
2111 4266 2399 4334 supplicia.
2428 4264 2617 4322 Omnis
2643 4270 2790 4324 enim
2816 4286 2982 4326 causa
3008 4275 3214 4343 peccati
3244 4275 3441 4331 similis
3468 4274 3654 4328 videtur

434 4373 489 4420 et
539 4364 787 4418 febribus
836 4369 889 4417 et
936 4360 1266 4431 frigoribus,
1319 4360 1567 4413 nonnulli
1616 4359 1778 4413 etiam
1826 4358 2009 4412 furore
2109 4371 2233 4411 esse
2264 4365 2472 4426 stuppae
2523 4360 2643 4429 pice
2684 4362 2899 4427 oblitae,
2953 4379 3075 4433 qua:
3116 4366 3210 4420 ubi
3257 4368 3493 4422 calorem
3535 4364 3655 4435 ignis

435 4464 672 4527 aguntur
702 4462 755 4509 et
785 4462 965 4508 mente
991 4451 1287 4519 excidunt;
1320 4459 1374 4505 et
1400 4451 1583 4505 omnia
1616 4451 1705 4505 illa
1728 4491 1742 4514 ,
1774 4466 1895 4520 qua:
1926 4450 2009 4504 in-
2111 4450 2386 4518 acceperit
2410 4454 2594 4506 statim
2620 4452 2988 4510 inﬂammatur
3020 4477 3033 4511 :
3066 4457 3232 4527 hujus
3264 4475 3399 4515 vero
3426 4459 3560 4530 ignis
3590 4457 3656 4510 in-

434 4548 679 4603 numeris
715 4547 936 4601 casibus
986 4550 1242 4614 premnnt
1290 4543 1601 4597 mortalium
1655 4543 1875 4612 genus?
1922 4542 2003 4596 Ad
2038 4544 2082 4599 D
2112 4540 2363 4594 cendium
2414 4558 2579 4612 opera
2625 4560 2749 4600 esse
2797 4545 3107 4603 damonum
3156 4549 3554 4621 intelliguntur.
3606 4546 3656 4600 Si

437 4642 553 4694 haec
593 4639 877 4701 dicemus,
924 4636 968 4691 si
1021 4635 1333 4690 consideret
1376 4634 1501 4704 quis
1547 4634 1713 4689 totius
1758 4635 2005 4705 mysterii
2108 4646 2239 4702 ergo
2291 4633 2598 4689 inveniatur
2642 4638 2769 4707 quis
2816 4642 3059 4709 peccatis
3104 4649 3160 4697 et
3210 4642 3654 4714 concupiscentiis

434 4733 734 4793 rationem,
762 4729 876 4782 haec
904 4727 1011 4781 illis
1038 4741 1158 4796 quae
1187 4740 1351 4794 supra
1376 4725 1753 4794 exposuimus,
1771 4725 2004 4794 justiora
2106 4731 2367 4793 tanquam
2411 4726 2531 4795 pice
2573 4728 2811 4795 oblitus,
2858 4731 3002 4801 ignis
3030 4731 3083 4788 ei
3125 4732 3385 4790 facillime
3434 4733 3656 4789 domina~

2122 1346 2423 1415 generatio.
2480 1344 2544 1398 Et
2593 1344 2716 1399 ideo
2762 1361 2869 1414 pro
2907 1344 3221 1411 hujusmodi
3256 1344 3398 1399 vitiis
3434 1355 3645 1397 natorum

2122 1436 2345 1489 obnoxii
2381 1446 2543 1489 erunt
2580 1444 2833 1505 parentes
2860 1475 2873 1499 ,
2908 1437 3002 1505 qui
3032 1436 3202 1505 legem
3236 1450 3449 1491 servare
3478 1450 3646 1489 concu-

2122 1528 2267 1582 bitus
2297 1528 2611 1591 noluerunt,
2636 1528 2762 1581 licet
2786 1528 2895 1581 sint
2915 1534 2970 1581 et
2995 1528 3114 1581 alia:
3136 1543 3315 1583 causae
3342 1530 3646 1588 secretiores.

434 4837 560 4878 esse
599 4819 993 4891 pronuntiabit.
1041 4817 1183 4871 Deus
1220 4817 1366 4871 enim
1407 4816 1720 4871 hominibus
1751 4824 2001 4870 naturam

434 4914 618 4981 dedit,
659 4929 756 4984 per
785 4928 946 4983 quam
978 4918 1033 4966 et
1060 4911 1245 4966 doceri
1282 4910 1497 4981 possint
1531 4911 1599 4965 de
1634 4912 1779 4965 bono
1816 4920 1871 4966 et
1908 4912 2005 4966 ob-

435 5009 632 5063 sistere
668 5003 837 5071 ma‘lo,
868 5002 922 5057 id
958 5008 1063 5064 est,
1102 5010 1162 5054 ut
1197 5008 1251 5055 et
1289 5008 1437 5055 artes
1462 5001 1675 5070 possint
1703 5000 1913 5055 discere
1951 5008 2005 5055 et

436 5099 709 5155 obsistere
736 5094 1103 5165 voluptatibus
1122 5133 1137 5157 ,
1173 5108 1237 5146 ac
1265 5092 1525 5162 praeferre
1555 5094 1611 5147 in
1642 5094 1898 5147 omnibus
1926 5093 2004 5147 le-

435 5204 556 5261 gem
596 5187 728 5251 Dei,
768 5193 823 5240 et
863 5186 934 5239 ob
973 5184 1077 5238 hoc
1114 5184 1350 5238 virtutes
1386 5185 1651 5253 quasdam
1694 5184 2003 5238 contrarias

434 5282 693 5338 oberrare
718 5276 981 5332 mundum
1007 5275 1157 5329 hunc
1183 5282 1237 5329 et
1264 5275 1531 5329 obluctari
1562 5276 1847 5329 nobiscum
1882 5290 2001 5343 per-

435 5371 627 5435 misit,
677 5376 899 5441 propter
952 5381 1153 5422 causas
1206 5381 1329 5436 quae
1373 5366 1487 5435 jam
1536 5360 1789 5436 superius
1848 5367 2007 5421 dictae

506 5491 550 5520 ⁸³
580 5487 724 5544 Psal.
757 5501 988 5549 xxvvnt,
1026 5484 1111 5539 15.

2107 4823 2215 4871 tur.
2250 4816 2308 4871 Si
2340 4833 2471 4873 vero
2504 4835 2609 4875 non
2637 4824 2847 4891 peccati
2876 4824 3017 4894 pice,
3048 4824 3140 4880 sed
3172 4842 3317 4897 aqua
3342 4827 3652 4898 puriﬁcatio-

2105 4909 2193 4963 nis
2220 4916 2273 4962 et
2308 4911 2741 4981 regenerationis
2768 4912 2956 4969 infusa
2981 4914 3055 4970 sit
3088 4923 3284 4985 stuppa
3308 4958 3323 4980 ,
3358 4918 3493 4988 ignis
3522 4916 3569 4969 in
3598 4928 3652 4969 ea

2100 5001 2408 5057 daemonum
2442 5019 2551 5058 non
2583 5004 2784 5058 valebit
2810 5006 3058 5062 accendi.

2176 5094 2266 5150 XI.
2306 5093 2412 5154 Sed
2441 5097 2583 5150 dicet
2612 5096 2811 5166 aliquis
2840 5116 2853 5151 :
2888 5097 2953 5151 Et
2980 5099 3109 5168 quid
3144 5098 3410 5155 faciemus
3432 5100 3537 5168 jam
3566 5111 3652 5151 nos

2106 5202 2245 5256 quos
2272 5188 2505 5257 contigit
2534 5189 2776 5255 peccatis
2805 5188 2952 5242 sicut
2994 5191 3113 5259 pice
3153 5191 3354 5247 oblitos
3380 5192 3403 5244 ἲ
3432 5190 3651 5259 ReSpon-

2107 5277 2246 5331 debo
2280 5297 2290 5331 :
2324 5277 2471 5331 Nihil
2503 5278 2650 5331 aliud
2677 5278 2785 5333 nisi
2816 5287 2875 5332 ut
2902 5280 3171 5336 festinetis
3199 5283 3381 5350 ablui,
3429 5295 3531 5353 quo
3569 5292 3652 5331 es-

2108 5375 2370 5439 purgetur
2406 5383 2437 5423 a
2472 5369 2629 5426 vobis
2674 5369 2818 5442 ignis
2864 5374 3091 5427 materia
3130 5389 3226 5444 per
3268 5374 3647 5430 invocationem

1718 5579 2084 5639 COTELERII
2134 5579 2363 5638 ΝΟΤᾹΖ.

512 5712 621 5786 {80)
666 5710 950 5786 Et‘cwlesti
978 5715 1170 5782 spiritu
1197 5716 1375 5769 auium
1404 5712 1995 5781 illuminata.Fortcut,
2030 5714 2485 5786 quemadmodum
2510 5722 2814 5771 correctum
2844 5716 3088 5771 cernitur
3117 5716 3167 5769 in
3204 5729 3307 5771 ms.
3331 5710 3489 5783 Regis
3515 5718 3651 5775 atque

437 5782 598 5837 habet
630 5782 793 5838 editio
824 5784 1183 5840 (loloniciisis.
