  <div class='ocr_page' id='page_1' title='image "/cluster/home/n/w/nwhite01/storage/ocr_20150623/1/nnc1.0022106693/758.png"; bbox 0 0 3888 6192; ppageno 0'>
   <div class='ocr_carea' id='block_1_1' title="bbox 287 329 427 383">
    <p class='ocr_par' dir='ltr' id='par_1_1' title="bbox 287 329 427 383">
     <span class='ocr_line' id='line_1_1' title="bbox 287 329 427 383; baseline 0.007 -1"><span class='ocrx_word' id='word_1_1' title='bbox 287 329 427 383; x_wconf 63' lang='lat'><strong>1-505</strong></span> 
     </span>
    </p>
   </div>
   <div class='ocr_carea' id='block_1_2' title="bbox 1496 324 2347 387">
    <p class='ocr_par' dir='ltr' id='par_1_2' title="bbox 1496 324 2347 387">
     <span class='ocr_line' id='line_1_2' title="bbox 1496 324 2347 387; baseline 0.005 -4"><span class='ocrx_word' id='word_1_2' title='bbox 1496 324 2057 385; x_wconf 77' lang='lat' dir='ltr'><strong>RECOGNITIONUM</strong></span> <span class='ocrx_word' id='word_1_3' title='bbox 2088 329 2212 384; x_wconf 86' lang='lat' dir='ltr'>LIB.</span> <span class='ocrx_word' id='word_1_4' title='bbox 2256 329 2347 387; x_wconf 72' lang='lat' dir='ltr'><strong>IX.</strong></span> 
     </span>
    </p>
   </div>
   <div class='ocr_carea' id='block_1_3' title="bbox 3382 333 3518 387">
    <p class='ocr_par' dir='ltr' id='par_1_3' title="bbox 3382 333 3518 387">
     <span class='ocr_line' id='line_1_3' title="bbox 3382 333 3518 387; baseline -0.007 0"><span class='ocrx_word' id='word_1_5' title='bbox 3382 333 3518 387; x_wconf 68' lang='lat' dir='ltr'><strong>“(l6</strong></span> 
     </span>
    </p>
   </div>
   <div class='ocr_carea' id='block_1_4' title="bbox 282 442 3525 515">
    <p class='ocr_par' dir='ltr' id='par_1_4' title="bbox 282 442 3525 515">
     <span class='ocr_line' id='line_1_4' title="bbox 282 442 3525 515; baseline 0.001 -18"><span class='ocrx_word' id='word_1_6' title='bbox 282 444 463 497; x_wconf 81' lang='lat' dir='ltr'><strong>sancti</strong></span> <span class='ocrx_word' id='word_1_7' title='bbox 496 442 734 497; x_wconf 84' lang='lat' dir='ltr'><strong>nominis</strong></span> <span class='ocrx_word' id='word_1_8' title='bbox 755 482 770 508; x_wconf 95' lang='lat'><strong>,</strong></span> <span class='ocrx_word' id='word_1_9' title='bbox 809 452 863 497; x_wconf 90' lang='lat' dir='ltr'><strong>et</strong></span> <span class='ocrx_word' id='word_1_10' title='bbox 900 442 968 498; x_wconf 86' lang='lat' dir='ltr'><strong>de</strong></span> <span class='ocrx_word' id='word_1_11' title='bbox 1011 444 1224 514; x_wconf 90' lang='lat' dir='ltr'><strong>reliquo</strong></span> <span class='ocrx_word' id='word_1_12' title='bbox 1268 442 1437 498; x_wconf 81' lang='lat' dir='ltr'><strong>futuri</strong></span> <span class='ocrx_word' id='word_1_13' title='bbox 1472 444 1667 513; x_wconf 84' lang='lat' dir='ltr'><strong>judicii</strong></span> <span class='ocrx_word' id='word_1_14' title='bbox 1707 454 1853 499; x_wconf 89' lang='lat' dir='ltr'><strong>metu</strong></span> <span class='ocrx_word' id='word_1_15' title='bbox 1885 455 1927 506; x_wconf 82' lang='grc' dir='ltr'>Α</span> <span class='ocrx_word' id='word_1_16' title='bbox 1964 445 2069 496; x_wconf 91' lang='lat' dir='ltr'><strong>scit</strong></span> <span class='ocrx_word' id='word_1_17' title='bbox 2098 444 2375 513; x_wconf 91' lang='lat' dir='ltr'><strong>quomodo</strong></span> <span class='ocrx_word' id='word_1_18' title='bbox 2404 450 2457 499; x_wconf 88' lang='lat' dir='ltr'><strong>et</strong></span> <span class='ocrx_word' id='word_1_19' title='bbox 2485 457 2657 512; x_wconf 86' lang='lat' dir='ltr'><strong>quare</strong></span> <span class='ocrx_word' id='word_1_20' title='bbox 2688 452 2874 514; x_wconf 77' lang='lat' dir='ltr'><strong>peccet</strong></span> <span class='ocrx_word' id='word_1_21' title='bbox 2927 444 3019 515; x_wconf 87' lang='lat' dir='ltr'><strong>qui</strong></span> <span class='ocrx_word' id='word_1_22' title='bbox 3051 453 3272 515; x_wconf 79' lang='lat' dir='ltr'><strong>pec;at,</strong></span> <span class='ocrx_word' id='word_1_23' title='bbox 3329 454 3380 500; x_wconf 82' lang='lat' dir='ltr'><strong>et</strong></span> <span class='ocrx_word' id='word_1_24' title='bbox 3404 461 3525 515; x_wconf 68' lang='lat' dir='ltr'><strong>quae</strong></span> 
     </span>
    </p>
   </div>
   <div class='ocr_carea' id='block_1_5' title="bbox 283 534 1847 606">
    <p class='ocr_par' dir='ltr' id='par_1_5' title="bbox 283 534 1847 606">
     <span class='ocr_line' id='line_1_5' title="bbox 283 534 1847 606; baseline 0.001 -16"><span class='ocrx_word' id='word_1_25' title='bbox 283 536 759 605; x_wconf 87' lang='lat' dir='ltr'><strong>concupiscentias</strong></span> <span class='ocrx_word' id='word_1_26' title='bbox 784 534 1098 600; x_wconf 77' lang='lat' dir='ltr'><strong>refrenetis,</strong></span> <span class='ocrx_word' id='word_1_27' title='bbox 1126 544 1287 605; x_wconf 91' lang='lat' dir='ltr'><strong>atque</strong></span> <span class='ocrx_word' id='word_1_28' title='bbox 1312 537 1654 591; x_wconf 86' lang='lat' dir='ltr'><strong>adversarias</strong></span> <span class='ocrx_word' id='word_1_29' title='bbox 1694 545 1847 606; x_wconf 83' lang='lat' dir='ltr'><strong>pote-</strong></span> 
     </span>
    </p>
   </div>
   <div class='ocr_carea' id='block_1_6' title="bbox 282 622 1846 691">
    <p class='ocr_par' dir='ltr' id='par_1_6' title="bbox 282 622 1846 691">
     <span class='ocr_line' id='line_1_6' title="bbox 282 622 1846 691; baseline 0.003 -16"><span class='ocrx_word' id='word_1_30' title='bbox 282 631 473 686; x_wconf 85' lang='lat' dir='ltr'><strong>states,</strong></span> <span class='ocrx_word' id='word_1_31' title='bbox 496 638 620 677; x_wconf 91' lang='lat' dir='ltr'><strong>cum</strong></span> <span class='ocrx_word' id='word_1_32' title='bbox 646 622 786 677; x_wconf 82' lang='lat' dir='ltr'><strong>forte</strong></span> <span class='ocrx_word' id='word_1_33' title='bbox 809 623 875 676; x_wconf 89' lang='lat' dir='ltr'><strong>ad</strong></span> <span class='ocrx_word' id='word_1_34' title='bbox 899 639 1093 678; x_wconf 88' lang='lat' dir='ltr'><strong>sensus</strong></span> <span class='ocrx_word' id='word_1_35' title='bbox 1116 633 1328 681; x_wconf 90' lang='lat' dir='ltr'><strong>vestros</strong></span> <span class='ocrx_word' id='word_1_36' title='bbox 1352 626 1706 691; x_wconf 87' lang='lat' dir='ltr'><strong>accesserint,</strong></span> <span class='ocrx_word' id='word_1_37' title='bbox 1734 634 1846 680; x_wconf 90' lang='lat' dir='ltr'><strong>tota</strong></span> 
     </span>
    </p>
   </div>
   <div class='ocr_carea' id='block_1_7' title="bbox 279 711 1846 787">
    <p class='ocr_par' dir='ltr' id='par_1_7' title="bbox 279 711 1846 787">
     <span class='ocr_line' id='line_1_7' title="bbox 279 711 1846 787; baseline 0.004 -22"><span class='ocrx_word' id='word_1_38' title='bbox 279 711 654 766; x_wconf 74' lang='lat' dir='ltr'><strong>obstinatione</strong></span> <span class='ocrx_word' id='word_1_39' title='bbox 684 713 922 781; x_wconf 90' lang='lat' dir='ltr'><strong>pellatis.</strong></span> <span class='ocrx_word' id='word_1_40' title='bbox 952 712 1059 768; x_wconf 88' lang='lat' dir='ltr'><strong>Sed</strong></span> <span class='ocrx_word' id='word_1_41' title='bbox 1083 714 1220 769; x_wconf 90' lang='lat' dir='ltr'><strong>dicis</strong></span> <span class='ocrx_word' id='word_1_42' title='bbox 1248 733 1261 769; x_wconf 91' lang='lat'>:</span> <span class='ocrx_word' id='word_1_43' title='bbox 1294 714 1351 769; x_wconf 91' lang='lat' dir='ltr'><strong>Si</strong></span> <span class='ocrx_word' id='word_1_44' title='bbox 1376 718 1429 769; x_wconf 92' lang='lat' dir='ltr'><strong>in</strong></span> <span class='ocrx_word' id='word_1_45' title='bbox 1456 732 1694 771; x_wconf 90' lang='lat' dir='ltr'><strong>amorem</strong></span> <span class='ocrx_word' id='word_1_46' title='bbox 1723 718 1846 787; x_wconf 83' lang='lat' dir='ltr'><strong>quis</strong></span> 
     </span>
    </p>
   </div>
   <div class='ocr_carea' id='block_1_8' title="bbox 280 801 1847 873">
    <p class='ocr_par' dir='ltr' id='par_1_8' title="bbox 280 801 1847 873">
     <span class='ocr_line' id='line_1_8' title="bbox 280 801 1847 873; baseline 0.004 -18"><span class='ocrx_word' id='word_1_47' title='bbox 280 801 555 866; x_wconf 89' lang='lat' dir='ltr'><strong>inciderit,</strong></span> <span class='ocrx_word' id='word_1_48' title='bbox 576 804 847 873; x_wconf 92' lang='lat' dir='ltr'><strong>quomodo</strong></span> <span class='ocrx_word' id='word_1_49' title='bbox 867 820 925 859; x_wconf 92' lang='lat' dir='ltr'><strong>se</strong></span> <span class='ocrx_word' id='word_1_50' title='bbox 944 806 1141 873; x_wconf 90' lang='lat' dir='ltr'><strong>poterit</strong></span> <span class='ocrx_word' id='word_1_51' title='bbox 1161 808 1462 871; x_wconf 91' lang='lat' dir='ltr'><strong>continere,</strong></span> <span class='ocrx_word' id='word_1_52' title='bbox 1486 808 1698 862; x_wconf 91' lang='lat' dir='ltr'><strong>etiamsi</strong></span> <span class='ocrx_word' id='word_1_53' title='bbox 1718 816 1847 861; x_wconf 84' lang='lat' dir='ltr'><strong>ante</strong></span> 
     </span>
    </p>
   </div>
   <div class='ocr_carea' id='block_1_9' title="bbox 278 893 1846 971">
    <p class='ocr_par' dir='ltr' id='par_1_9' title="bbox 278 893 1846 971">
     <span class='ocr_line' id='line_1_9' title="bbox 278 893 1846 971; baseline 0.006 -26"><span class='ocrx_word' id='word_1_54' title='bbox 278 893 473 947; x_wconf 90' lang='lat' dir='ltr'><strong>oculos</strong></span> <span class='ocrx_word' id='word_1_55' title='bbox 499 908 631 948; x_wconf 91' lang='lat' dir='ltr'><strong>suos</strong></span> <span class='ocrx_word' id='word_1_56' title='bbox 662 895 837 964; x_wconf 93' lang='lat' dir='ltr'><strong>ipsum</strong></span> <span class='ocrx_word' id='word_1_57' title='bbox 872 896 1011 964; x_wconf 83' lang='lat' dir='ltr'><strong>ignis</strong></span> <span class='ocrx_word' id='word_1_58' title='bbox 1040 896 1264 951; x_wconf 77' lang='lat' dir='ltr'><strong>fluvium</strong></span> <span class='ocrx_word' id='word_1_59' title='bbox 1294 914 1455 967; x_wconf 89' lang='lat' dir='ltr'><strong>quem</strong></span> <span class='ocrx_word' id='word_1_60' title='bbox 1491 898 1846 971; x_wconf 88' lang='lat' dir='ltr'><strong>Pyriphlege-</strong></span> 
     </span>
    </p>
   </div>
   <div class='ocr_carea' id='block_1_10' title="bbox 278 984 1842 1049">
    <p class='ocr_par' dir='ltr' id='par_1_10' title="bbox 278 984 1842 1049">
     <span class='ocr_line' id='line_1_10' title="bbox 278 984 1842 1049; baseline 0.005 -12"><span class='ocrx_word' id='word_1_61' title='bbox 278 984 471 1038; x_wconf 90' lang='lat' dir='ltr'><strong>thonta</strong></span> <span class='ocrx_word' id='word_1_62' title='bbox 497 986 817 1049; x_wconf 90' lang='lat' dir='ltr'><strong>nominant,</strong></span> <span class='ocrx_word' id='word_1_63' title='bbox 846 988 1061 1042; x_wconf 83' lang='lat' dir='ltr'><strong>videat?</strong></span> <span class='ocrx_word' id='word_1_64' title='bbox 1088 987 1211 1043; x_wconf 65' lang='lat' dir='ltr'><strong>Haec</strong></span> <span class='ocrx_word' id='word_1_65' title='bbox 1239 991 1522 1046; x_wconf 81' lang='lat' dir='ltr'><strong>excusatio</strong></span> <span class='ocrx_word' id='word_1_66' title='bbox 1546 1003 1629 1047; x_wconf 89' lang='lat' dir='ltr'><strong>est</strong></span> <span class='ocrx_word' id='word_1_67' title='bbox 1653 1007 1842 1046; x_wconf 91' lang='lat' dir='ltr'><strong>eorum</strong></span> 
     </span>
    </p>
   </div>
   <div class='ocr_carea' id='block_1_11' title="bbox 275 1076 1845 1151">
    <p class='ocr_par' dir='ltr' id='par_1_11' title="bbox 275 1076 1845 1151">
     <span class='ocr_line' id='line_1_11' title="bbox 275 1076 1845 1151; baseline 0.005 -23"><span class='ocrx_word' id='word_1_68' title='bbox 275 1076 371 1145; x_wconf 89' lang='lat' dir='ltr'><strong>qui</strong></span> <span class='ocrx_word' id='word_1_69' title='bbox 403 1077 645 1130; x_wconf 88' lang='lat' dir='ltr'><strong>converti</strong></span> <span class='ocrx_word' id='word_1_70' title='bbox 673 1078 739 1131; x_wconf 91' lang='lat' dir='ltr'><strong>ad</strong></span> <span class='ocrx_word' id='word_1_71' title='bbox 766 1078 1138 1146; x_wconf 63' lang='lat' dir='ltr'><strong>paenitentiam</strong></span> <span class='ocrx_word' id='word_1_72' title='bbox 1175 1081 1389 1135; x_wconf 84' lang='lat' dir='ltr'><strong>nolunt.</strong></span> <span class='ocrx_word' id='word_1_73' title='bbox 1425 1080 1665 1151; x_wconf 91' lang='lat' dir='ltr'><strong>Denique</strong></span> <span class='ocrx_word' id='word_1_74' title='bbox 1697 1098 1845 1137; x_wconf 90' lang='lat' dir='ltr'><strong>nunc</strong></span> 
     </span>
    </p>
   </div>
   <div class='ocr_carea' id='block_1_12' title="bbox 275 1166 1845 1238">
    <p class='ocr_par' dir='ltr' id='par_1_12' title="bbox 275 1166 1845 1238">
     <span class='ocr_line' id='line_1_12' title="bbox 275 1166 1845 1238; baseline 0.003 -18"><span class='ocrx_word' id='word_1_75' title='bbox 275 1168 405 1221; x_wconf 88' lang='lat' dir='ltr'><strong>nolo</strong></span> <span class='ocrx_word' id='word_1_76' title='bbox 433 1166 942 1238; x_wconf 82' lang='lat' dir='ltr'><strong>Pyriphlegethonta</strong></span> <span class='ocrx_word' id='word_1_77' title='bbox 973 1170 1213 1225; x_wconf 84' lang='lat' dir='ltr'><strong>adducas</strong></span> <span class='ocrx_word' id='word_1_78' title='bbox 1257 1171 1311 1224; x_wconf 90' lang='lat' dir='ltr'><strong>in</strong></span> <span class='ocrx_word' id='word_1_79' title='bbox 1356 1172 1592 1225; x_wconf 90' lang='lat' dir='ltr'><strong>medium</strong></span> <span class='ocrx_word' id='word_1_80' title='bbox 1625 1190 1639 1238; x_wconf 86' lang='lat'><strong>;</strong></span> <span class='ocrx_word' id='word_1_81' title='bbox 1669 1173 1845 1225; x_wconf 86' lang='lat' dir='ltr'><strong>homi-</strong></span> 
     </span>
    </p>
   </div>
   <div class='ocr_carea' id='block_1_13' title="bbox 274 1260 1845 1332">
    <p class='ocr_par' dir='ltr' id='par_1_13' title="bbox 274 1260 1845 1332">
     <span class='ocr_line' id='line_1_13' title="bbox 274 1260 1845 1332; baseline 0.003 -19"><span class='ocrx_word' id='word_1_82' title='bbox 274 1276 405 1313; x_wconf 88' lang='lat' dir='ltr'><strong>num</strong></span> <span class='ocrx_word' id='word_1_83' title='bbox 435 1260 532 1312; x_wconf 83' lang='lat' dir='ltr'><strong>tibi</strong></span> <span class='ocrx_word' id='word_1_84' title='bbox 563 1276 804 1330; x_wconf 86' lang='lat' dir='ltr'><strong>pr0pone</strong></span> <span class='ocrx_word' id='word_1_85' title='bbox 836 1276 1060 1331; x_wconf 64' lang='lat' dir='ltr'><strong>poenas,</strong></span> <span class='ocrx_word' id='word_1_86' title='bbox 1105 1272 1157 1316; x_wconf 91' lang='lat' dir='ltr'><strong>et</strong></span> <span class='ocrx_word' id='word_1_87' title='bbox 1194 1263 1317 1317; x_wconf 87' lang='lat' dir='ltr'><strong>vide</strong></span> <span class='ocrx_word' id='word_1_88' title='bbox 1361 1270 1625 1332; x_wconf 91' lang='lat' dir='ltr'><strong>quantum</strong></span> <span class='ocrx_word' id='word_1_89' title='bbox 1670 1265 1845 1319; x_wconf 88' lang='lat' dir='ltr'><strong>valeat</strong></span> 
     </span>
    </p>
   </div>
   <div class='ocr_carea' id='block_1_14' title="bbox 272 1350 1844 1420">
    <p class='ocr_par' dir='ltr' id='par_1_14' title="bbox 272 1350 1844 1420">
     <span class='ocr_line' id='line_1_14' title="bbox 272 1350 1844 1420; baseline 0.004 -21"><span class='ocrx_word' id='word_1_90' title='bbox 272 1354 493 1413; x_wconf 85' lang='lat' dir='ltr'><strong>metus;</strong></span> <span class='ocrx_word' id='word_1_91' title='bbox 527 1356 776 1417; x_wconf 86' lang='lat' dir='ltr'><strong>potestne</strong></span> <span class='ocrx_word' id='word_1_92' title='bbox 805 1350 1096 1418; x_wconf 78' lang='lat' dir='ltr'><strong>quisquam</strong></span> <span class='ocrx_word' id='word_1_93' title='bbox 1119 1390 1133 1414; x_wconf 90' lang='lat'><strong>,</strong></span> <span class='ocrx_word' id='word_1_94' title='bbox 1168 1366 1293 1403; x_wconf 91' lang='lat' dir='ltr'><strong>cum</strong></span> <span class='ocrx_word' id='word_1_95' title='bbox 1340 1367 1437 1420; x_wconf 91' lang='lat' dir='ltr'><strong>pro</strong></span> <span class='ocrx_word' id='word_1_96' title='bbox 1483 1352 1687 1407; x_wconf 90' lang='lat' dir='ltr'><strong>amoris</strong></span> <span class='ocrx_word' id='word_1_97' title='bbox 1735 1354 1844 1406; x_wconf 87' lang='lat' dir='ltr'><strong>cri-</strong></span> 
     </span>
    </p>
   </div>
   <div class='ocr_carea' id='block_1_15' title="bbox 273 1438 1843 1515">
    <p class='ocr_par' dir='ltr' id='par_1_15' title="bbox 273 1438 1843 1515">
     <span class='ocr_line' id='line_1_15' title="bbox 273 1438 1843 1515; baseline 0.006 -26"><span class='ocrx_word' id='word_1_98' title='bbox 273 1438 423 1492; x_wconf 87' lang='lat' dir='ltr'><strong>mine</strong></span> <span class='ocrx_word' id='word_1_99' title='bbox 452 1438 519 1492; x_wconf 88' lang='lat' dir='ltr'><strong>ad</strong></span> <span class='ocrx_word' id='word_1_100' title='bbox 555 1440 885 1509; x_wconf 89' lang='lat' dir='ltr'><strong>supplicium</strong></span> <span class='ocrx_word' id='word_1_101' title='bbox 919 1440 1135 1495; x_wconf 88' lang='lat' dir='ltr'><strong>ducitur</strong></span> <span class='ocrx_word' id='word_1_102' title='bbox 1165 1451 1218 1495; x_wconf 87' lang='lat' dir='ltr'><strong>et</strong></span> <span class='ocrx_word' id='word_1_103' title='bbox 1255 1444 1319 1497; x_wconf 91' lang='lat' dir='ltr'><strong>ad</strong></span> <span class='ocrx_word' id='word_1_104' title='bbox 1353 1443 1591 1513; x_wconf 89' lang='lat' dir='ltr'><strong>stipitem</strong></span> <span class='ocrx_word' id='word_1_105' title='bbox 1622 1445 1843 1515; x_wconf 84' lang='lat' dir='ltr'><strong>colliga-</strong></span> 
     </span>
    </p>
   </div>
   <div class='ocr_carea' id='block_1_16' title="bbox 272 1527 1842 1603">
    <p class='ocr_par' dir='ltr' id='par_1_16' title="bbox 272 1527 1842 1603">
     <span class='ocr_line' id='line_1_16' title="bbox 272 1527 1842 1603; baseline 0.006 -24"><span class='ocrx_word' id='word_1_106' title='bbox 272 1533 367 1579; x_wconf 86' lang='lat' dir='ltr'><strong>tur</strong></span> <span class='ocrx_word' id='word_1_107' title='bbox 398 1527 637 1583; x_wconf 90' lang='lat' dir='ltr'><strong>urendus</strong></span> <span class='ocrx_word' id='word_1_108' title='bbox 668 1528 814 1599; x_wconf 77' lang='lat' dir='ltr'><strong>(8i),</strong></span> <span class='ocrx_word' id='word_1_109' title='bbox 848 1528 903 1582; x_wconf 91' lang='lat' dir='ltr'><strong>in</strong></span> <span class='ocrx_word' id='word_1_110' title='bbox 954 1530 1046 1583; x_wconf 91' lang='lat' dir='ltr'><strong>illo</strong></span> <span class='ocrx_word' id='word_1_111' title='bbox 1074 1537 1318 1601; x_wconf 87' lang='lat' dir='ltr'><strong>tempore</strong></span> <span class='ocrx_word' id='word_1_112' title='bbox 1351 1533 1471 1603; x_wconf 85' lang='lat' dir='ltr'><strong>ejus</strong></span> <span class='ocrx_word' id='word_1_113' title='bbox 1501 1549 1660 1602; x_wconf 84' lang='lat' dir='ltr'><strong>quam</strong></span> <span class='ocrx_word' id='word_1_114' title='bbox 1688 1550 1842 1588; x_wconf 88' lang='lat' dir='ltr'><strong>ama-</strong></span> 
     </span>
    </p>
   </div>
   <div class='ocr_carea' id='block_1_17' title="bbox 272 1617 1842 1692">
    <p class='ocr_par' dir='ltr' id='par_1_17' title="bbox 272 1617 1842 1692">
     <span class='ocr_line' id='line_1_17' title="bbox 272 1617 1842 1692; baseline 0.009 -22"><span class='ocrx_word' id='word_1_115' title='bbox 272 1617 354 1671; x_wconf 93' lang='lat' dir='ltr'><strong>vit</strong></span> <span class='ocrx_word' id='word_1_116' title='bbox 383 1619 468 1671; x_wconf 86' lang='lat' dir='ltr'><strong>vel</strong></span> <span class='ocrx_word' id='word_1_117' title='bbox 497 1617 827 1674; x_wconf 85' lang='lat' dir='ltr'><strong>desiderium</strong></span> <span class='ocrx_word' id='word_1_118' title='bbox 861 1636 1055 1691; x_wconf 82' lang='lat' dir='ltr'><strong>capere</strong></span> <span class='ocrx_word' id='word_1_119' title='bbox 1086 1623 1169 1677; x_wconf 87' lang='lat' dir='ltr'><strong>vel</strong></span> <span class='ocrx_word' id='word_1_120' title='bbox 1202 1624 1436 1692; x_wconf 86' lang='lat' dir='ltr'><strong>speciem</strong></span> <span class='ocrx_word' id='word_1_121' title='bbox 1485 1634 1610 1681; x_wconf 87' lang='lat' dir='ltr'><strong>ante</strong></span> <span class='ocrx_word' id='word_1_122' title='bbox 1652 1627 1842 1684; x_wconf 89' lang='lat' dir='ltr'><strong>oculos</strong></span> 
     </span>
    </p>
   </div>
   <div class='ocr_carea' id='block_1_18' title="bbox 274 1709 1840 1788">
    <p class='ocr_par' dir='ltr' id='par_1_18' title="bbox 274 1709 1840 1788">
     <span class='ocr_line' id='line_1_18' title="bbox 274 1709 1840 1788; baseline 0.007 -26"><span class='ocrx_word' id='word_1_123' title='bbox 274 1711 623 1779; x_wconf 91' lang='lat' dir='ltr'><strong>proponere?</strong></span> <span class='ocrx_word' id='word_1_124' title='bbox 645 1709 997 1783; x_wconf 77' lang='lat' dir='ltr'><strong>Nequaquam</strong></span> <span class='ocrx_word' id='word_1_125' title='bbox 1019 1754 1034 1777; x_wconf 93' lang='lat'><strong>,</strong></span> <span class='ocrx_word' id='word_1_126' title='bbox 1066 1714 1301 1783; x_wconf 88' lang='lat' dir='ltr'><strong>inquies.</strong></span> <span class='ocrx_word' id='word_1_127' title='bbox 1333 1714 1496 1771; x_wconf 88' lang='lat' dir='ltr'><strong>Vides</strong></span> <span class='ocrx_word' id='word_1_128' title='bbox 1523 1732 1652 1788; x_wconf 89' lang='lat' dir='ltr'><strong>ergo</strong></span> <span class='ocrx_word' id='word_1_129' title='bbox 1670 1760 1684 1785; x_wconf 89' lang='lat'><strong>,</strong></span> <span class='ocrx_word' id='word_1_130' title='bbox 1714 1718 1840 1788; x_wconf 90' lang='lat' dir='ltr'><strong>quia</strong></span> 
     </span>
    </p>
   </div>
   <div class='ocr_carea' id='block_1_19' title="bbox 1952 533 3522 605">
    <p class='ocr_par' dir='ltr' id='par_1_19' title="bbox 1952 533 3522 605">
     <span class='ocr_line' id='line_1_19' title="bbox 1952 533 3522 605; baseline 0.001 -19"><span class='ocrx_word' id='word_1_131' title='bbox 1952 549 2395 604; x_wconf 88' lang='lat' dir='ltr'><strong>unumquemque</strong></span> <span class='ocrx_word' id='word_1_132' title='bbox 2424 549 2588 589; x_wconf 90' lang='lat' dir='ltr'><strong>causa</strong></span> <span class='ocrx_word' id='word_1_133' title='bbox 2617 534 2780 588; x_wconf 90' lang='lat' dir='ltr'><strong>ducat</strong></span> <span class='ocrx_word' id='word_1_134' title='bbox 2804 535 2868 588; x_wconf 90' lang='lat' dir='ltr'><strong>ad</strong></span> <span class='ocrx_word' id='word_1_135' title='bbox 2886 544 3186 605; x_wconf 87' lang='lat' dir='ltr'><strong>peceatum.</strong></span> <span class='ocrx_word' id='word_1_136' title='bbox 3208 533 3320 588; x_wconf 87' lang='lat' dir='ltr'><strong>Hoc</strong></span> <span class='ocrx_word' id='word_1_137' title='bbox 3341 544 3522 588; x_wconf 89' lang='lat' dir='ltr'><strong>tamen</strong></span> 
     </span>
    </p>
   </div>
   <div class='ocr_carea' id='block_1_20' title="bbox 1949 623 3524 693">
    <p class='ocr_par' dir='ltr' id='par_1_20' title="bbox 1949 623 3524 693">
     <span class='ocr_line' id='line_1_20' title="bbox 1949 623 3524 693; baseline 0.002 -18"><span class='ocrx_word' id='word_1_138' title='bbox 1949 624 2274 692; x_wconf 79' lang='lat' dir='ltr'><strong>generaliter</strong></span> <span class='ocrx_word' id='word_1_139' title='bbox 2304 623 2709 693; x_wconf 75' lang='lat' dir='ltr'><strong>agnoscendum</strong></span> <span class='ocrx_word' id='word_1_140' title='bbox 2760 633 2882 690; x_wconf 87' lang='lat' dir='ltr'><strong>est;</strong></span> <span class='ocrx_word' id='word_1_141' title='bbox 2937 624 3081 693; x_wconf 91' lang='lat' dir='ltr'><strong>quod</strong></span> <span class='ocrx_word' id='word_1_142' title='bbox 3112 625 3157 677; x_wconf 92' lang='lat' dir='ltr'><strong>si</strong></span> <span class='ocrx_word' id='word_1_143' title='bbox 3188 623 3279 693; x_wconf 88' lang='lat' dir='ltr'><strong>qui</strong></span> <span class='ocrx_word' id='word_1_144' title='bbox 3307 639 3417 677; x_wconf 90' lang='lat' dir='ltr'><strong>non</strong></span> <span class='ocrx_word' id='word_1_145' title='bbox 3447 624 3524 678; x_wconf 88' lang='lat' dir='ltr'><strong>ita</strong></span> 
     </span>
    </p>
   </div>
   <div class='ocr_carea' id='block_1_21' title="bbox 1947 714 3523 784">
    <p class='ocr_par' dir='ltr' id='par_1_21' title="bbox 1947 714 3523 784">
     <span class='ocr_line' id='line_1_21' title="bbox 1947 714 3523 784; baseline 0.001 -18"><span class='ocrx_word' id='word_1_146' title='bbox 1947 723 2147 779; x_wconf 87' lang='lat' dir='ltr'><strong>mente,</strong></span> <span class='ocrx_word' id='word_1_147' title='bbox 2168 722 2225 769; x_wconf 93' lang='lat' dir='ltr'><strong>ut</strong></span> <span class='ocrx_word' id='word_1_148' title='bbox 2246 715 2459 770; x_wconf 87' lang='lat' dir='ltr'><strong>actibus</strong></span> <span class='ocrx_word' id='word_1_149' title='bbox 2487 714 2612 769; x_wconf 89' lang='lat' dir='ltr'><strong>mali</strong></span> <span class='ocrx_word' id='word_1_150' title='bbox 2642 722 2902 777; x_wconf 87' lang='lat' dir='ltr'><strong>sunt,nec</strong></span> <span class='ocrx_word' id='word_1_151' title='bbox 2933 716 3209 784; x_wconf 88' lang='lat' dir='ltr'><strong>proposito</strong></span> <span class='ocrx_word' id='word_1_152' title='bbox 3235 715 3441 767; x_wconf 91' lang='lat' dir='ltr'><strong>incitati</strong></span> <span class='ocrx_word' id='word_1_153' title='bbox 3454 714 3523 767; x_wconf 88' lang='lat' dir='ltr'><strong>ad</strong></span> 
     </span>
    </p>
   </div>
   <div class='ocr_carea' id='block_1_22' title="bbox 1946 807 3525 877">
    <p class='ocr_par' dir='ltr' id='par_1_22' title="bbox 1946 807 3525 877">
     <span class='ocr_line' id='line_1_22' title="bbox 1946 807 3525 877; baseline 0.001 -18"><span class='ocrx_word' id='word_1_154' title='bbox 1946 808 2279 875; x_wconf 89' lang='lat' dir='ltr'><strong>peccandum</strong></span> <span class='ocrx_word' id='word_1_155' title='bbox 2295 807 2676 871; x_wconf 87' lang='lat' dir='ltr'><strong>devolvuntur,</strong></span> <span class='ocrx_word' id='word_1_156' title='bbox 2694 807 2778 861; x_wconf 87' lang='lat' dir='ltr'><strong>his</strong></span> <span class='ocrx_word' id='word_1_157' title='bbox 2806 807 3043 859; x_wconf 88' lang='lat' dir='ltr'><strong>velocior</strong></span> <span class='ocrx_word' id='word_1_158' title='bbox 3058 814 3111 860; x_wconf 92' lang='lat' dir='ltr'><strong>et</strong></span> <span class='ocrx_word' id='word_1_159' title='bbox 3127 808 3296 876; x_wconf 85' lang='lat' dir='ltr'><strong>magis</strong></span> <span class='ocrx_word' id='word_1_160' title='bbox 3317 807 3369 859; x_wconf 88' lang='lat' dir='ltr'><strong>in</strong></span> <span class='ocrx_word' id='word_1_161' title='bbox 3384 821 3525 877; x_wconf 72' lang='lat' dir='ltr'><strong>prae-</strong></span> 
     </span>
    </p>
   </div>
   <div class='ocr_carea' id='block_1_23' title="bbox 1948 900 3522 969">
    <p class='ocr_par' dir='ltr' id='par_1_23' title="bbox 1948 900 3522 969">
     <span class='ocr_line' id='line_1_23' title="bbox 1948 900 3522 969; baseline 0 -16"><span class='ocrx_word' id='word_1_162' title='bbox 1948 900 2089 953; x_wconf 89' lang='lat' dir='ltr'><strong>senti</strong></span> <span class='ocrx_word' id='word_1_163' title='bbox 2122 901 2229 954; x_wconf 91' lang='lat' dir='ltr'><strong>vita</strong></span> <span class='ocrx_word' id='word_1_164' title='bbox 2262 900 2509 955; x_wconf 88' lang='lat' dir='ltr'><strong>redditur</strong></span> <span class='ocrx_word' id='word_1_165' title='bbox 2543 915 2741 969; x_wconf 67' lang='lat' dir='ltr'><strong>pinna;</strong></span> <span class='ocrx_word' id='word_1_166' title='bbox 2782 900 2983 969; x_wconf 88' lang='lat' dir='ltr'><strong>ubique</strong></span> <span class='ocrx_word' id='word_1_167' title='bbox 3025 901 3171 955; x_wconf 91' lang='lat' dir='ltr'><strong>enim</strong></span> <span class='ocrx_word' id='word_1_168' title='bbox 3211 909 3265 955; x_wconf 87' lang='lat' dir='ltr'><strong>et</strong></span> <span class='ocrx_word' id='word_1_169' title='bbox 3308 915 3522 969; x_wconf 86' lang='lat' dir='ltr'><strong>semper</strong></span> 
     </span>
    </p>
   </div>
   <div class='ocr_carea' id='block_1_24' title="bbox 1948 989 3521 1062">
    <p class='ocr_par' dir='ltr' id='par_1_24' title="bbox 1948 989 3521 1062">
     <span class='ocr_line' id='line_1_24' title="bbox 1948 989 3521 1062; baseline -0.001 -19"><span class='ocrx_word' id='word_1_170' title='bbox 1948 989 2094 1046; x_wconf 88' lang='lat' dir='ltr'><strong>Deus</strong></span> <span class='ocrx_word' id='word_1_171' title='bbox 2126 999 2288 1061; x_wconf 87' lang='lat' dir='ltr'><strong>prout</strong></span> <span class='ocrx_word' id='word_1_172' title='bbox 2315 998 2624 1062; x_wconf 85' lang='lat' dir='ltr'><strong>competere</strong></span> <span class='ocrx_word' id='word_1_173' title='bbox 2649 991 2891 1060; x_wconf 87' lang='lat' dir='ltr'><strong>judicat,</strong></span> <span class='ocrx_word' id='word_1_174' title='bbox 2925 993 3219 1062; x_wconf 88' lang='lat' dir='ltr'><strong>unicuique</strong></span> <span class='ocrx_word' id='word_1_175' title='bbox 3260 1007 3357 1061; x_wconf 89' lang='lat' dir='ltr'><strong>pro</strong></span> <span class='ocrx_word' id='word_1_176' title='bbox 3386 992 3521 1043; x_wconf 89' lang='lat' dir='ltr'><strong>acti-</strong></span> 
     </span>
    </p>
   </div>
   <div class='ocr_carea' id='block_1_25' title="bbox 1947 1081 3522 1152">
    <p class='ocr_par' dir='ltr' id='par_1_25' title="bbox 1947 1081 3522 1152">
     <span class='ocr_line' id='line_1_25' title="bbox 1947 1081 3522 1152; baseline 0 -16"><span class='ocrx_word' id='word_1_177' title='bbox 1947 1082 2051 1137; x_wconf 87' lang='lat' dir='ltr'><strong>bus</strong></span> <span class='ocrx_word' id='word_1_178' title='bbox 2083 1083 2198 1138; x_wconf 85' lang='lat' dir='ltr'><strong>suis</strong></span> <span class='ocrx_word' id='word_1_179' title='bbox 2226 1082 2427 1137; x_wconf 88' lang='lat' dir='ltr'><strong>reddit.</strong></span> <span class='ocrx_word' id='word_1_180' title='bbox 2456 1081 2657 1135; x_wconf 88' lang='lat' dir='ltr'><strong>Eorum</strong></span> <span class='ocrx_word' id='word_1_181' title='bbox 2682 1097 2809 1136; x_wconf 89' lang='lat' dir='ltr'><strong>vero</strong></span> <span class='ocrx_word' id='word_1_182' title='bbox 2835 1083 2928 1152; x_wconf 91' lang='lat' dir='ltr'><strong>qui</strong></span> <span class='ocrx_word' id='word_1_183' title='bbox 2960 1083 3239 1152; x_wconf 90' lang='lat' dir='ltr'><strong>proposito</strong></span> <span class='ocrx_word' id='word_1_184' title='bbox 3266 1090 3522 1136; x_wconf 79' lang='lat' dir='ltr'><strong>exercent</strong></span> 
     </span>
    </p>
   </div>
   <div class='ocr_carea' id='block_1_26' title="bbox 1947 1175 3519 1239">
    <p class='ocr_par' dir='ltr' id='par_1_26' title="bbox 1947 1175 3519 1239">
     <span class='ocr_line' id='line_1_26' title="bbox 1947 1175 3519 1239; baseline -0.001 -10"><span class='ocrx_word' id='word_1_185' title='bbox 1947 1176 2249 1237; x_wconf 89' lang='lat' dir='ltr'><strong>malitiam,</strong></span> <span class='ocrx_word' id='word_1_186' title='bbox 2284 1175 2357 1228; x_wconf 92' lang='lat' dir='ltr'><strong>ita</strong></span> <span class='ocrx_word' id='word_1_187' title='bbox 2400 1185 2459 1229; x_wconf 91' lang='lat' dir='ltr'><strong>ut</strong></span> <span class='ocrx_word' id='word_1_188' title='bbox 2506 1176 2777 1230; x_wconf 88' lang='lat' dir='ltr'><strong>interdum</strong></span> <span class='ocrx_word' id='word_1_189' title='bbox 2821 1179 2982 1230; x_wconf 90' lang='lat' dir='ltr'><strong>etiam</strong></span> <span class='ocrx_word' id='word_1_190' title='bbox 3027 1176 3081 1229; x_wconf 93' lang='lat' dir='ltr'><strong>in</strong></span> <span class='ocrx_word' id='word_1_191' title='bbox 3123 1192 3217 1230; x_wconf 89' lang='lat' dir='ltr'><strong>eos</strong></span> <span class='ocrx_word' id='word_1_192' title='bbox 3257 1175 3519 1239; x_wconf 61' lang='lat' dir='ltr'><strong>swviant,</strong></span> 
     </span>
    </p>
   </div>
   <div class='ocr_carea' id='block_1_27' title="bbox 1947 1268 3523 1337">
    <p class='ocr_par' dir='ltr' id='par_1_27' title="bbox 1947 1268 3523 1337">
     <span class='ocr_line' id='line_1_27' title="bbox 1947 1268 3523 1337; baseline -0.001 -17"><span class='ocrx_word' id='word_1_193' title='bbox 1947 1282 1977 1320; x_wconf 92' lang='lat' dir='ltr'><strong>a</strong></span> <span class='ocrx_word' id='word_1_194' title='bbox 2010 1268 2211 1337; x_wconf 88' lang='lat' dir='ltr'><strong>quibus</strong></span> <span class='ocrx_word' id='word_1_195' title='bbox 2237 1268 2379 1322; x_wconf 90' lang='lat' dir='ltr'><strong>bona</strong></span> <span class='ocrx_word' id='word_1_196' title='bbox 2411 1268 2695 1323; x_wconf 83' lang='lat' dir='ltr'><strong>consecuti</strong></span> <span class='ocrx_word' id='word_1_197' title='bbox 2736 1276 2892 1331; x_wconf 92' lang='lat' dir='ltr'><strong>sunt,</strong></span> <span class='ocrx_word' id='word_1_198' title='bbox 2932 1277 2985 1322; x_wconf 89' lang='lat' dir='ltr'><strong>et</strong></span> <span class='ocrx_word' id='word_1_199' title='bbox 3029 1268 3232 1320; x_wconf 84' lang='lat' dir='ltr'><strong>nullam</strong></span> <span class='ocrx_word' id='word_1_200' title='bbox 3266 1268 3523 1321; x_wconf 86' lang='lat' dir='ltr'><strong>recorda-</strong></span> 
     </span>
    </p>
   </div>
   <div class='ocr_carea' id='block_1_28' title="bbox 1950 1358 3517 1429">
    <p class='ocr_par' dir='ltr' id='par_1_28' title="bbox 1950 1358 3517 1429">
     <span class='ocr_line' id='line_1_28' title="bbox 1950 1358 3517 1429; baseline -0.001 -18"><span class='ocrx_word' id='word_1_201' title='bbox 1950 1359 2155 1412; x_wconf 90' lang='lat' dir='ltr'><strong>tionem</strong></span> <span class='ocrx_word' id='word_1_202' title='bbox 2184 1361 2408 1429; x_wconf 91' lang='lat' dir='ltr'><strong>capiunt</strong></span> <span class='ocrx_word' id='word_1_203' title='bbox 2440 1360 2508 1413; x_wconf 91' lang='lat' dir='ltr'><strong>ad</strong></span> <span class='ocrx_word' id='word_1_204' title='bbox 2556 1360 2929 1429; x_wconf 69' lang='lat' dir='ltr'><strong>ptenitentiam</strong></span> <span class='ocrx_word' id='word_1_205' title='bbox 2954 1399 2969 1423; x_wconf 95' lang='lat'><strong>,</strong></span> <span class='ocrx_word' id='word_1_206' title='bbox 3015 1359 3195 1413; x_wconf 71' lang='lat' dir='ltr'><strong>dill‘ert</strong></span> <span class='ocrx_word' id='word_1_207' title='bbox 3231 1373 3421 1427; x_wconf 65' lang='lat' dir='ltr'><strong>poenas</strong></span> <span class='ocrx_word' id='word_1_208' title='bbox 3464 1358 3517 1411; x_wconf 91' lang='lat' dir='ltr'><strong>in</strong></span> 
     </span>
    </p>
   </div>
   <div class='ocr_carea' id='block_1_29' title="bbox 1947 1449 3516 1518">
    <p class='ocr_par' dir='ltr' id='par_1_29' title="bbox 1947 1449 3516 1518">
     <span class='ocr_line' id='line_1_29' title="bbox 1947 1449 3516 1518; baseline -0.001 -16"><span class='ocrx_word' id='word_1_209' title='bbox 1947 1449 2190 1504; x_wconf 85' lang='lat' dir='ltr'><strong>futurum</strong></span> <span class='ocrx_word' id='word_1_210' title='bbox 2219 1468 2235 1517; x_wconf 88' lang='lat'><strong>;</strong></span> <span class='ocrx_word' id='word_1_211' title='bbox 2264 1465 2372 1504; x_wconf 91' lang='lat' dir='ltr'><strong>non</strong></span> <span class='ocrx_word' id='word_1_212' title='bbox 2404 1451 2549 1504; x_wconf 91' lang='lat' dir='ltr'><strong>enim</strong></span> <span class='ocrx_word' id='word_1_213' title='bbox 2580 1458 2856 1506; x_wconf 90' lang='lat' dir='ltr'><strong>merentur</strong></span> <span class='ocrx_word' id='word_1_214' title='bbox 2884 1452 2995 1515; x_wconf 88' lang='lat' dir='ltr'><strong>isti,</strong></span> <span class='ocrx_word' id='word_1_215' title='bbox 3028 1452 3168 1505; x_wconf 90' lang='lat' dir='ltr'><strong>sicut</strong></span> <span class='ocrx_word' id='word_1_216' title='bbox 3192 1450 3267 1502; x_wconf 91' lang='lat' dir='ltr'><strong>illi</strong></span> <span class='ocrx_word' id='word_1_217' title='bbox 3298 1449 3364 1503; x_wconf 88' lang='lat' dir='ltr'><strong>de</strong></span> <span class='ocrx_word' id='word_1_218' title='bbox 3393 1449 3516 1518; x_wconf 82' lang='lat' dir='ltr'><strong>qui-</strong></span> 
     </span>
    </p>
   </div>
   <div class='ocr_carea' id='block_1_30' title="bbox 1946 1543 3518 1613">
    <p class='ocr_par' dir='ltr' id='par_1_30' title="bbox 1946 1543 3518 1613">
     <span class='ocr_line' id='line_1_30' title="bbox 1946 1543 3518 1613; baseline -0.002 -18"><span class='ocrx_word' id='word_1_219' title='bbox 1946 1543 2049 1597; x_wconf 89' lang='lat' dir='ltr'><strong>bus</strong></span> <span class='ocrx_word' id='word_1_220' title='bbox 2080 1558 2163 1610; x_wconf 81' lang='lat' dir='ltr'><strong>su;</strong></span> <span class='ocrx_word' id='word_1_221' title='bbox 2187 1558 2247 1596; x_wconf 90' lang='lat' dir='ltr'><strong>ra</strong></span> <span class='ocrx_word' id='word_1_222' title='bbox 2276 1544 2513 1598; x_wconf 80' lang='lat' dir='ltr'><strong>diximus</strong></span> <span class='ocrx_word' id='word_1_223' title='bbox 2535 1584 2549 1606; x_wconf 96' lang='lat'><strong>,</strong></span> <span class='ocrx_word' id='word_1_224' title='bbox 2584 1543 2636 1597; x_wconf 92' lang='lat' dir='ltr'><strong>in</strong></span> <span class='ocrx_word' id='word_1_225' title='bbox 2675 1544 2927 1613; x_wconf 63' lang='lat' dir='ltr'><strong>praesenti</strong></span> <span class='ocrx_word' id='word_1_226' title='bbox 2960 1544 3066 1596; x_wconf 87' lang='lat' dir='ltr'><strong>vita</strong></span> <span class='ocrx_word' id='word_1_227' title='bbox 3095 1543 3359 1597; x_wconf 89' lang='lat' dir='ltr'><strong>scelerum</strong></span> <span class='ocrx_word' id='word_1_228' title='bbox 3389 1556 3518 1595; x_wconf 85' lang='lat' dir='ltr'><strong>suo-</strong></span> 
     </span>
    </p>
   </div>
   <div class='ocr_carea' id='block_1_31' title="bbox 1944 1633 3514 1705">
    <p class='ocr_par' dir='ltr' id='par_1_31' title="bbox 1944 1633 3514 1705">
     <span class='ocr_line' id='line_1_31' title="bbox 1944 1633 3514 1705; baseline -0.001 -19"><span class='ocrx_word' id='word_1_229' title='bbox 1944 1649 2065 1686; x_wconf 77' lang='lat' dir='ltr'><strong>rum</strong></span> <span class='ocrx_word' id='word_1_230' title='bbox 2114 1633 2270 1688; x_wconf 81' lang='lat' dir='ltr'><strong>linire</strong></span> <span class='ocrx_word' id='word_1_231' title='bbox 2302 1634 2601 1688; x_wconf 88' lang='lat' dir='ltr'><strong>vindictam</strong></span> <span class='ocrx_word' id='word_1_232' title='bbox 2624 1660 2655 1699; x_wconf 55' lang='grc' dir='ltr'><strong>,υ</strong></span> <span class='ocrx_word' id='word_1_233' title='bbox 2676 1634 2769 1690; x_wconf 92' lang='lat' dir='ltr'><strong>sed</strong></span> <span class='ocrx_word' id='word_1_234' title='bbox 2802 1635 3137 1705; x_wconf 85' lang='lat' dir='ltr'><strong>pennittitur</strong></span> <span class='ocrx_word' id='word_1_235' title='bbox 3165 1634 3245 1687; x_wconf 89' lang='lat' dir='ltr'><strong>eis</strong></span> <span class='ocrx_word' id='word_1_236' title='bbox 3275 1648 3514 1702; x_wconf 72' lang='lat' dir='ltr'><strong>pnesens</strong></span> 
     </span>
    </p>
   </div>
   <div class='ocr_carea' id='block_1_32' title="bbox 1948 1725 3512 1805">
    <p class='ocr_par' dir='ltr' id='par_1_32' title="bbox 1948 1725 3512 1805">
     <span class='ocr_line' id='line_1_32' title="bbox 1948 1725 3512 1805; baseline -0.003 -26"><span class='ocrx_word' id='word_1_237' title='bbox 1948 1734 2159 1805; x_wconf 78' lang='lat' dir='ltr'><strong>tempus</strong></span> <span class='ocrx_word' id='word_1_238' title='bbox 2193 1726 2417 1795; x_wconf 86' lang='lat' dir='ltr'><strong>implere</strong></span> <span class='ocrx_word' id='word_1_239' title='bbox 2450 1734 2508 1781; x_wconf 93' lang='lat' dir='ltr'><strong>ut</strong></span> <span class='ocrx_word' id='word_1_240' title='bbox 2540 1728 2760 1789; x_wconf 85' lang='lat' dir='ltr'><strong>volunt,</strong></span> <span class='ocrx_word' id='word_1_241' title='bbox 2802 1727 2929 1796; x_wconf 89' lang='lat' dir='ltr'><strong>quia</strong></span> <span class='ocrx_word' id='word_1_242' title='bbox 2974 1725 3282 1781; x_wconf 84' lang='lat' dir='ltr'><strong>emendatio</strong></span> <span class='ocrx_word' id='word_1_243' title='bbox 3323 1740 3512 1779; x_wconf 89' lang='lat' dir='ltr'><strong>eorum</strong></span> 
     </span>
    </p>
   </div>
   <div class='ocr_carea' id='block_1_33' title="bbox 273 1806 3514 1887">
    <p class='ocr_par' dir='ltr' id='par_1_33' title="bbox 273 1806 3514 1887">
     <span class='ocr_line' id='line_1_33' title="bbox 273 1806 3514 1887; baseline 0.003 -31"><span class='ocrx_word' id='word_1_244' title='bbox 273 1818 517 1873; x_wconf 71' lang='lat' dir='ltr'><strong>praesens</strong></span> <span class='ocrx_word' id='word_1_245' title='bbox 556 1812 735 1860; x_wconf 91' lang='lat' dir='ltr'><strong>metus</strong></span> <span class='ocrx_word' id='word_1_246' title='bbox 776 1813 987 1859; x_wconf 86' lang='lat' dir='ltr'><strong>resecat</strong></span> <span class='ocrx_word' id='word_1_247' title='bbox 1028 1806 1215 1877; x_wconf 90' lang='lat' dir='ltr'><strong>iniqua</strong></span> <span class='ocrx_word' id='word_1_248' title='bbox 1256 1808 1547 1865; x_wconf 86' lang='lat' dir='ltr'><strong>desideria.</strong></span> <span class='ocrx_word' id='word_1_249' title='bbox 1601 1810 1754 1876; x_wconf 88' lang='lat' dir='ltr'><strong>Quod</strong></span> <span class='ocrx_word' id='word_1_250' title='bbox 1792 1814 1837 1866; x_wconf 88' lang='lat' dir='ltr'><strong>si</strong></span> <span class='ocrx_word' id='word_1_251' title='bbox 1874 1822 1913 1879; x_wconf 80' lang='grc' dir='ltr'><strong>Β</strong></span> <span class='ocrx_word' id='word_1_252' title='bbox 1943 1832 2052 1869; x_wconf 91' lang='lat' dir='ltr'><strong>non</strong></span> <span class='ocrx_word' id='word_1_253' title='bbox 2081 1824 2165 1871; x_wconf 92' lang='lat' dir='ltr'><strong>est</strong></span> <span class='ocrx_word' id='word_1_254' title='bbox 2186 1816 2298 1885; x_wconf 88' lang='lat' dir='ltr'><strong>jam</strong></span> <span class='ocrx_word' id='word_1_255' title='bbox 2330 1818 2488 1881; x_wconf 89' lang='lat' dir='ltr'><strong>talis,</strong></span> <span class='ocrx_word' id='word_1_256' title='bbox 2522 1834 2643 1887; x_wconf 66' lang='lat' dir='ltr'><strong>qua:</strong></span> <span class='ocrx_word' id='word_1_257' title='bbox 2689 1817 3085 1886; x_wconf 83' lang='lat' dir='ltr'><strong>temporalibus</strong></span> <span class='ocrx_word' id='word_1_258' title='bbox 3135 1815 3373 1884; x_wconf 85' lang='lat' dir='ltr'><strong>indigeat</strong></span> <span class='ocrx_word' id='word_1_259' title='bbox 3421 1828 3514 1867; x_wconf 84' lang='lat' dir='ltr'><strong>ca-</strong></span> 
     </span>
    </p>
   </div>
   <div class='ocr_carea' id='block_1_34' title="bbox 270 1893 1839 1971">
    <p class='ocr_par' dir='ltr' id='par_1_34' title="bbox 270 1893 1839 1971">
     <span class='ocr_line' id='line_1_34' title="bbox 270 1893 1839 1971; baseline 0.006 -25"><span class='ocrx_word' id='word_1_260' title='bbox 270 1893 560 1948; x_wconf 79' lang='lat' dir='ltr'><strong>credentes</strong></span> <span class='ocrx_word' id='word_1_261' title='bbox 608 1893 755 1959; x_wconf 88' lang='lat' dir='ltr'><strong>Deo,</strong></span> <span class='ocrx_word' id='word_1_262' title='bbox 806 1903 861 1949; x_wconf 87' lang='lat' dir='ltr'><strong>et</strong></span> <span class='ocrx_word' id='word_1_263' title='bbox 910 1896 1153 1950; x_wconf 85' lang='lat' dir='ltr'><strong>futurum</strong></span> <span class='ocrx_word' id='word_1_264' title='bbox 1195 1898 1465 1966; x_wconf 88' lang='lat' dir='ltr'><strong>judicium</strong></span> <span class='ocrx_word' id='word_1_265' title='bbox 1514 1914 1839 1971; x_wconf 64' lang='lat' dir='ltr'><strong>poenamque</strong></span> 
     </span>
    </p>
   </div>
   <div class='ocr_carea' id='block_1_35' title="bbox 270 1986 1839 2063">
    <p class='ocr_par' dir='ltr' id='par_1_35' title="bbox 270 1986 1839 2063">
     <span class='ocr_line' id='line_1_35' title="bbox 270 1986 1839 2063; baseline 0.006 -24"><span class='ocrx_word' id='word_1_266' title='bbox 270 1986 415 2056; x_wconf 83' lang='lat' dir='ltr'><strong>ignis</strong></span> <span class='ocrx_word' id='word_1_267' title='bbox 445 1987 634 2041; x_wconf 68' lang='lat' dir='ltr'><strong>aeterni</strong></span> <span class='ocrx_word' id='word_1_268' title='bbox 666 1987 989 2043; x_wconf 75' lang='lat' dir='ltr'><strong>confitentes</strong></span> <span class='ocrx_word' id='word_1_269' title='bbox 1027 2004 1131 2042; x_wconf 92' lang='lat' dir='ltr'><strong>non</strong></span> <span class='ocrx_word' id='word_1_270' title='bbox 1166 2005 1224 2044; x_wconf 90' lang='lat' dir='ltr'><strong>se</strong></span> <span class='ocrx_word' id='word_1_271' title='bbox 1253 1994 1532 2044; x_wconf 86' lang='lat' dir='ltr'><strong>continent</strong></span> <span class='ocrx_word' id='word_1_272' title='bbox 1571 2008 1600 2045; x_wconf 90' lang='lat' dir='ltr'><strong>a</strong></span> <span class='ocrx_word' id='word_1_273' title='bbox 1645 2009 1839 2063; x_wconf 86' lang='lat' dir='ltr'><strong>pecea-</strong></span> 
     </span>
    </p>
   </div>
   <div class='ocr_carea' id='block_1_36' title="bbox 271 2082 1837 2152">
    <p class='ocr_par' dir='ltr' id='par_1_36' title="bbox 271 2082 1837 2152">
     <span class='ocr_line' id='line_1_36' title="bbox 271 2082 1837 2152; baseline 0.005 -20"><span class='ocrx_word' id='word_1_274' title='bbox 271 2087 349 2143; x_wconf 91' lang='lat' dir='ltr'><strong>to,</strong></span> <span class='ocrx_word' id='word_1_275' title='bbox 377 2087 585 2134; x_wconf 90' lang='lat' dir='ltr'><strong>certum</strong></span> <span class='ocrx_word' id='word_1_276' title='bbox 610 2087 694 2135; x_wconf 90' lang='lat' dir='ltr'><strong>est</strong></span> <span class='ocrx_word' id='word_1_277' title='bbox 721 2082 863 2150; x_wconf 89' lang='lat' dir='ltr'><strong>quod</strong></span> <span class='ocrx_word' id='word_1_278' title='bbox 892 2097 998 2135; x_wconf 91' lang='lat' dir='ltr'><strong>non</strong></span> <span class='ocrx_word' id='word_1_279' title='bbox 1026 2083 1180 2152; x_wconf 90' lang='lat' dir='ltr'><strong>plena</strong></span> <span class='ocrx_word' id='word_1_280' title='bbox 1204 2083 1308 2137; x_wconf 91' lang='lat' dir='ltr'><strong>lide</strong></span> <span class='ocrx_word' id='word_1_281' title='bbox 1330 2085 1559 2138; x_wconf 89' lang='lat' dir='ltr'><strong>credunt</strong></span> <span class='ocrx_word' id='word_1_282' title='bbox 1583 2105 1595 2139; x_wconf 90' lang='lat'><strong>:</strong></span> <span class='ocrx_word' id='word_1_283' title='bbox 1624 2086 1669 2140; x_wconf 92' lang='lat' dir='ltr'><strong>si</strong></span> <span class='ocrx_word' id='word_1_284' title='bbox 1694 2087 1837 2140; x_wconf 89' lang='lat' dir='ltr'><strong>enim</strong></span> 
     </span>
    </p>
   </div>
   <div class='ocr_carea' id='block_1_37' title="bbox 267 2171 1837 2243">
    <p class='ocr_par' dir='ltr' id='par_1_37' title="bbox 267 2171 1837 2243">
     <span class='ocr_line' id='line_1_37' title="bbox 267 2171 1837 2243; baseline 0.006 -18"><span class='ocrx_word' id='word_1_285' title='bbox 267 2179 419 2226; x_wconf 89' lang='lat' dir='ltr'><strong>certa</strong></span> <span class='ocrx_word' id='word_1_286' title='bbox 450 2173 520 2226; x_wconf 90' lang='lat' dir='ltr'><strong>sit</strong></span> <span class='ocrx_word' id='word_1_287' title='bbox 549 2171 719 2236; x_wconf 78' lang='lat' dir='ltr'><strong>fides,</strong></span> <span class='ocrx_word' id='word_1_288' title='bbox 752 2181 936 2228; x_wconf 74' lang='lat' dir='ltr'><strong>certus</strong></span> <span class='ocrx_word' id='word_1_289' title='bbox 967 2173 1024 2227; x_wconf 83' lang='lat' dir='ltr'><strong>ﬁt</strong></span> <span class='ocrx_word' id='word_1_290' title='bbox 1057 2183 1109 2229; x_wconf 92' lang='lat' dir='ltr'><strong>et</strong></span> <span class='ocrx_word' id='word_1_291' title='bbox 1154 2176 1357 2243; x_wconf 89' lang='lat' dir='ltr'><strong>timor;</strong></span> <span class='ocrx_word' id='word_1_292' title='bbox 1390 2176 1436 2231; x_wconf 91' lang='lat' dir='ltr'><strong>si</strong></span> <span class='ocrx_word' id='word_1_293' title='bbox 1482 2193 1611 2232; x_wconf 88' lang='lat' dir='ltr'><strong>vero</strong></span> <span class='ocrx_word' id='word_1_294' title='bbox 1656 2180 1837 2235; x_wconf 88' lang='lat' dir='ltr'><strong>minus</strong></span> 
     </span>
    </p>
   </div>
   <div class='ocr_carea' id='block_1_38' title="bbox 266 2262 1837 2333">
    <p class='ocr_par' dir='ltr' id='par_1_38' title="bbox 266 2262 1837 2333">
     <span class='ocr_line' id='line_1_38' title="bbox 266 2262 1837 2333; baseline 0.006 -18"><span class='ocrx_word' id='word_1_295' title='bbox 266 2262 472 2332; x_wconf 89' lang='lat' dir='ltr'><strong>aliquid</strong></span> <span class='ocrx_word' id='word_1_296' title='bbox 502 2272 587 2317; x_wconf 92' lang='lat' dir='ltr'><strong>est</strong></span> <span class='ocrx_word' id='word_1_297' title='bbox 617 2264 672 2317; x_wconf 91' lang='lat' dir='ltr'><strong>in</strong></span> <span class='ocrx_word' id='word_1_298' title='bbox 707 2263 810 2319; x_wconf 81' lang='lat' dir='ltr'><strong>fide</strong></span> <span class='ocrx_word' id='word_1_299' title='bbox 831 2303 846 2327; x_wconf 95' lang='lat'><strong>,</strong></span> <span class='ocrx_word' id='word_1_300' title='bbox 882 2266 1162 2319; x_wconf 83' lang='lat' dir='ltr'><strong>relaxatur</strong></span> <span class='ocrx_word' id='word_1_301' title='bbox 1187 2275 1242 2320; x_wconf 90' lang='lat' dir='ltr'><strong>et</strong></span> <span class='ocrx_word' id='word_1_302' title='bbox 1270 2274 1447 2321; x_wconf 90' lang='lat' dir='ltr'><strong>metus</strong></span> <span class='ocrx_word' id='word_1_303' title='bbox 1467 2307 1482 2333; x_wconf 93' lang='lat'><strong>,</strong></span> <span class='ocrx_word' id='word_1_304' title='bbox 1513 2277 1567 2323; x_wconf 90' lang='lat' dir='ltr'><strong>et</strong></span> <span class='ocrx_word' id='word_1_305' title='bbox 1597 2277 1725 2323; x_wconf 91' lang='lat' dir='ltr'><strong>tunc</strong></span> <span class='ocrx_word' id='word_1_306' title='bbox 1757 2271 1837 2325; x_wconf 88' lang='lat' dir='ltr'><strong>lo-</strong></span> 
     </span>
    </p>
   </div>
   <div class='ocr_carea' id='block_1_39' title="bbox 265 2354 1832 2429">
    <p class='ocr_par' dir='ltr' id='par_1_39' title="bbox 265 2354 1832 2429">
     <span class='ocr_line' id='line_1_39' title="bbox 265 2354 1832 2429; baseline 0.008 -23"><span class='ocrx_word' id='word_1_307' title='bbox 265 2369 391 2407; x_wconf 85' lang='lat' dir='ltr'><strong>cum</strong></span> <span class='ocrx_word' id='word_1_308' title='bbox 451 2354 735 2408; x_wconf 89' lang='lat' dir='ltr'><strong>inveniunt</strong></span> <span class='ocrx_word' id='word_1_309' title='bbox 788 2356 1099 2411; x_wconf 88' lang='lat' dir='ltr'><strong>introeundi</strong></span> <span class='ocrx_word' id='word_1_310' title='bbox 1158 2359 1445 2413; x_wconf 64' lang='lat' dir='ltr'><strong>contrariae</strong></span> <span class='ocrx_word' id='word_1_311' title='bbox 1500 2370 1832 2429; x_wconf 86' lang='lat' dir='ltr'><strong>potestates,</strong></span> 
     </span>
    </p>
   </div>
   <div class='ocr_carea' id='block_1_40' title="bbox 264 2446 1836 2516">
    <p class='ocr_par' dir='ltr' id='par_1_40' title="bbox 264 2446 1836 2516">
     <span class='ocr_line' id='line_1_40' title="bbox 264 2446 1836 2516; baseline 0.01 -22"><span class='ocrx_word' id='word_1_312' title='bbox 264 2457 498 2510; x_wconf 83' lang='lat' dir='ltr'><strong>quarum</strong></span> <span class='ocrx_word' id='word_1_313' title='bbox 530 2446 975 2513; x_wconf 88' lang='lat' dir='ltr'><strong>persuasionibus</strong></span> <span class='ocrx_word' id='word_1_314' title='bbox 1005 2462 1128 2500; x_wconf 91' lang='lat' dir='ltr'><strong>cum</strong></span> <span class='ocrx_word' id='word_1_315' title='bbox 1173 2448 1575 2516; x_wconf 90' lang='lat' dir='ltr'><strong>acquieverint,</strong></span> <span class='ocrx_word' id='word_1_316' title='bbox 1610 2468 1836 2508; x_wconf 86' lang='lat' dir='ltr'><strong>necesse</strong></span> 
     </span>
    </p>
   </div>
   <div class='ocr_carea' id='block_1_41' title="bbox 263 2537 1835 2615">
    <p class='ocr_par' dir='ltr' id='par_1_41' title="bbox 263 2537 1835 2615">
     <span class='ocr_line' id='line_1_41' title="bbox 263 2537 1835 2615; baseline 0.008 -27"><span class='ocrx_word' id='word_1_317' title='bbox 263 2541 351 2588; x_wconf 90' lang='lat' dir='ltr'><strong>est</strong></span> <span class='ocrx_word' id='word_1_318' title='bbox 378 2542 437 2587; x_wconf 89' lang='lat' dir='ltr'><strong>ut</strong></span> <span class='ocrx_word' id='word_1_319' title='bbox 465 2543 518 2589; x_wconf 89' lang='lat' dir='ltr'><strong>et</strong></span> <span class='ocrx_word' id='word_1_320' title='bbox 547 2537 801 2605; x_wconf 89' lang='lat' dir='ltr'><strong>potestati</strong></span> <span class='ocrx_word' id='word_1_321' title='bbox 831 2552 1017 2592; x_wconf 86' lang='lat' dir='ltr'><strong>earum</strong></span> <span class='ocrx_word' id='word_1_322' title='bbox 1050 2539 1274 2593; x_wconf 79' lang='lat' dir='ltr'><strong>obnoxii</strong></span> <span class='ocrx_word' id='word_1_323' title='bbox 1308 2540 1437 2605; x_wconf 81' lang='lat' dir='ltr'><strong>ﬁant.</strong></span> <span class='ocrx_word' id='word_1_324' title='bbox 1467 2554 1520 2597; x_wconf 91' lang='lat' dir='ltr'><strong>et</strong></span> <span class='ocrx_word' id='word_1_325' title='bbox 1555 2544 1685 2614; x_wconf 90' lang='lat' dir='ltr'><strong>ipsis</strong></span> <span class='ocrx_word' id='word_1_326' title='bbox 1712 2561 1835 2615; x_wconf 82' lang='lat' dir='ltr'><strong>per-</strong></span> 
     </span>
    </p>
   </div>
   <div class='ocr_carea' id='block_1_42' title="bbox 264 2625 1563 2702">
    <p class='ocr_par' dir='ltr' id='par_1_42' title="bbox 264 2625 1563 2702">
     <span class='ocr_line' id='line_1_42' title="bbox 264 2625 1563 2702; baseline 0.008 -24"><span class='ocrx_word' id='word_1_327' title='bbox 264 2625 622 2682; x_wconf 90' lang='lat' dir='ltr'><strong>suadentibus</strong></span> <span class='ocrx_word' id='word_1_328' title='bbox 652 2639 882 2698; x_wconf 79' lang='lat' dir='ltr'><strong>agantur</strong></span> <span class='ocrx_word' id='word_1_329' title='bbox 907 2629 974 2683; x_wconf 93' lang='lat' dir='ltr'><strong>ad</strong></span> <span class='ocrx_word' id='word_1_330' title='bbox 1008 2631 1303 2701; x_wconf 64' lang='lat' dir='ltr'><strong>praecipitia</strong></span> <span class='ocrx_word' id='word_1_331' title='bbox 1334 2634 1563 2702; x_wconf 88' lang='lat' dir='ltr'><strong>peccati.</strong></span> 
     </span>
    </p>
   </div>
   <div class='ocr_carea' id='block_1_43' title="bbox 334 2716 1830 2796">
    <p class='ocr_par' dir='ltr' id='par_1_43' title="bbox 334 2716 1830 2796">
     <span class='ocr_line' id='line_1_43' title="bbox 334 2716 1830 2796; baseline 0.006 -26"><span class='ocrx_word' id='word_1_332' title='bbox 334 2716 450 2772; x_wconf 80' lang='lat' dir='ltr'>XII.</span> <span class='ocrx_word' id='word_1_333' title='bbox 488 2719 654 2789; x_wconf 81' lang='lat' dir='ltr'><strong>Igitur</strong></span> <span class='ocrx_word' id='word_1_334' title='bbox 695 2723 979 2793; x_wconf 81' lang='lat' dir='ltr'><strong>astrologi,</strong></span> <span class='ocrx_word' id='word_1_335' title='bbox 1022 2723 1336 2793; x_wconf 77' lang='lat' dir='ltr'><strong>ignorantes</strong></span> <span class='ocrx_word' id='word_1_336' title='bbox 1370 2725 1683 2795; x_wconf 85' lang='lat' dir='ltr'><strong>hujusmodi</strong></span> <span class='ocrx_word' id='word_1_337' title='bbox 1718 2740 1830 2796; x_wconf 85' lang='lat' dir='ltr'><strong>my-</strong></span> 
     </span>
    </p>
   </div>
   <div class='ocr_carea' id='block_1_44' title="bbox 263 2812 1829 2889">
    <p class='ocr_par' dir='ltr' id='par_1_44' title="bbox 263 2812 1829 2889">
     <span class='ocr_line' id='line_1_44' title="bbox 263 2812 1829 2889; baseline 0.006 -24"><span class='ocrx_word' id='word_1_338' title='bbox 263 2812 432 2866; x_wconf 86' lang='lat' dir='ltr'><strong>steria</strong></span> <span class='ocrx_word' id='word_1_339' title='bbox 453 2852 469 2875; x_wconf 92' lang='lat'><strong>,</strong></span> <span class='ocrx_word' id='word_1_340' title='bbox 500 2820 693 2882; x_wconf 88' lang='lat' dir='ltr'><strong>putant</strong></span> <span class='ocrx_word' id='word_1_341' title='bbox 724 2816 1003 2869; x_wconf 90' lang='lat' dir='ltr'><strong>stellarum</strong></span> <span class='ocrx_word' id='word_1_342' title='bbox 1037 2816 1295 2872; x_wconf 88' lang='lat' dir='ltr'><strong>cursibus</strong></span> <span class='ocrx_word' id='word_1_343' title='bbox 1324 2817 1429 2872; x_wconf 91' lang='lat' dir='ltr'><strong>ista</strong></span> <span class='ocrx_word' id='word_1_344' title='bbox 1470 2819 1790 2889; x_wconf 86' lang='lat' dir='ltr'><strong>contingere</strong></span> <span class='ocrx_word' id='word_1_345' title='bbox 1813 2858 1829 2883; x_wconf 91' lang='lat'><strong>,</strong></span> 
     </span>
    </p>
   </div>
   <div class='ocr_carea' id='block_1_45' title="bbox 263 2905 1835 2977">
    <p class='ocr_par' dir='ltr' id='par_1_45' title="bbox 263 2905 1835 2977">
     <span class='ocr_line' id='line_1_45' title="bbox 263 2905 1835 2977; baseline 0.003 -18"><span class='ocrx_word' id='word_1_346' title='bbox 263 2905 409 2960; x_wconf 88' lang='lat' dir='ltr'><strong>unde</strong></span> <span class='ocrx_word' id='word_1_347' title='bbox 435 2915 487 2960; x_wconf 92' lang='lat' dir='ltr'><strong>et</strong></span> <span class='ocrx_word' id='word_1_348' title='bbox 518 2907 727 2977; x_wconf 82' lang='lat' dir='ltr'><strong>bisqui</strong></span> <span class='ocrx_word' id='word_1_349' title='bbox 759 2909 1027 2963; x_wconf 89' lang='lat' dir='ltr'><strong>accedunt</strong></span> <span class='ocrx_word' id='word_1_350' title='bbox 1056 2909 1122 2963; x_wconf 90' lang='lat' dir='ltr'><strong>ad</strong></span> <span class='ocrx_word' id='word_1_351' title='bbox 1153 2924 1248 2965; x_wconf 87' lang='lat' dir='ltr'><strong>eos</strong></span> <span class='ocrx_word' id='word_1_352' title='bbox 1274 2950 1289 2974; x_wconf 88' lang='lat'><strong>,</strong></span> <span class='ocrx_word' id='word_1_353' title='bbox 1318 2918 1377 2964; x_wconf 91' lang='lat' dir='ltr'><strong>ut</strong></span> <span class='ocrx_word' id='word_1_354' title='bbox 1405 2910 1473 2966; x_wconf 88' lang='lat' dir='ltr'><strong>de</strong></span> <span class='ocrx_word' id='word_1_355' title='bbox 1505 2911 1703 2967; x_wconf 84' lang='lat' dir='ltr'><strong>futuris</strong></span> <span class='ocrx_word' id='word_1_356' title='bbox 1732 2912 1835 2965; x_wconf 89' lang='lat' dir='ltr'><strong>ali-</strong></span> 
     </span>
    </p>
   </div>
   <div class='ocr_carea' id='block_1_46' title="bbox 260 2999 1833 3075">
    <p class='ocr_par' dir='ltr' id='par_1_46' title="bbox 260 2999 1833 3075">
     <span class='ocr_line' id='line_1_46' title="bbox 260 2999 1833 3075; baseline 0.004 -24"><span class='ocrx_word' id='word_1_357' title='bbox 260 2999 395 3073; x_wconf 81' lang='lat' dir='ltr'><strong>quid</strong></span> <span class='ocrx_word' id='word_1_358' title='bbox 427 3001 744 3063; x_wconf 88' lang='lat' dir='ltr'><strong>consulant,</strong></span> <span class='ocrx_word' id='word_1_359' title='bbox 796 3002 1191 3073; x_wconf 85' lang='lat' dir='ltr'><strong>respondentes</strong></span> <span class='ocrx_word' id='word_1_360' title='bbox 1239 3004 1504 3059; x_wconf 83' lang='lat' dir='ltr'><strong>falluntur</strong></span> <span class='ocrx_word' id='word_1_361' title='bbox 1553 3005 1608 3059; x_wconf 92' lang='lat' dir='ltr'><strong>in</strong></span> <span class='ocrx_word' id='word_1_362' title='bbox 1661 3005 1833 3075; x_wconf 90' lang='lat' dir='ltr'><strong>pluri-</strong></span> 
     </span>
    </p>
   </div>
   <div class='ocr_carea' id='block_1_47' title="bbox 262 3094 1829 3165">
    <p class='ocr_par' dir='ltr' id='par_1_47' title="bbox 262 3094 1829 3165">
     <span class='ocr_line' id='line_1_47' title="bbox 262 3094 1829 3165; baseline -0.001 -16"><span class='ocrx_word' id='word_1_363' title='bbox 262 3094 413 3161; x_wconf 88' lang='lat' dir='ltr'><strong>mis;</strong></span> <span class='ocrx_word' id='word_1_364' title='bbox 446 3110 544 3149; x_wconf 93' lang='lat' dir='ltr'><strong>nec</strong></span> <span class='ocrx_word' id='word_1_365' title='bbox 575 3095 809 3163; x_wconf 88' lang='lat' dir='ltr'><strong>mirum,</strong></span> <span class='ocrx_word' id='word_1_366' title='bbox 853 3110 963 3149; x_wconf 91' lang='lat' dir='ltr'><strong>non</strong></span> <span class='ocrx_word' id='word_1_367' title='bbox 1005 3096 1149 3149; x_wconf 92' lang='lat' dir='ltr'><strong>enim</strong></span> <span class='ocrx_word' id='word_1_368' title='bbox 1201 3103 1333 3151; x_wconf 89' lang='lat' dir='ltr'><strong>sunt</strong></span> <span class='ocrx_word' id='word_1_369' title='bbox 1372 3095 1681 3165; x_wconf 50' lang='lat' dir='ltr'><strong>prophetae,</strong></span> <span class='ocrx_word' id='word_1_370' title='bbox 1735 3094 1829 3150; x_wconf 89' lang='lat' dir='ltr'><strong>sed</strong></span> 
     </span>
    </p>
   </div>
   <div class='ocr_carea' id='block_1_48' title="bbox 260 3184 1829 3255">
    <p class='ocr_par' dir='ltr' id='par_1_48' title="bbox 260 3184 1829 3255">
     <span class='ocr_line' id='line_1_48' title="bbox 260 3184 1829 3255; baseline -0.001 -15"><span class='ocrx_word' id='word_1_371' title='bbox 260 3200 367 3240; x_wconf 88' lang='lat' dir='ltr'><strong>usu</strong></span> <span class='ocrx_word' id='word_1_372' title='bbox 425 3186 581 3239; x_wconf 89' lang='lat' dir='ltr'><strong>multi</strong></span> <span class='ocrx_word' id='word_1_373' title='bbox 638 3185 916 3255; x_wconf 87' lang='lat' dir='ltr'><strong>temporis,</strong></span> <span class='ocrx_word' id='word_1_374' title='bbox 957 3194 1209 3239; x_wconf 88' lang='lat' dir='ltr'><strong>auctores</strong></span> <span class='ocrx_word' id='word_1_375' title='bbox 1243 3198 1492 3238; x_wconf 92' lang='lat' dir='ltr'><strong>errorum</strong></span> <span class='ocrx_word' id='word_1_376' title='bbox 1525 3184 1829 3254; x_wconf 84' lang='lat' dir='ltr'><strong>perfugium</strong></span> 
     </span>
    </p>
   </div>
   <div class='ocr_carea' id='block_1_49' title="bbox 260 3274 1830 3346">
    <p class='ocr_par' dir='ltr' id='par_1_49' title="bbox 260 3274 1830 3346">
     <span class='ocr_line' id='line_1_49' title="bbox 260 3274 1830 3346; baseline 0 -17"><span class='ocrx_word' id='word_1_377' title='bbox 260 3276 538 3346; x_wconf 88' lang='lat' dir='ltr'><strong>quoddam</strong></span> <span class='ocrx_word' id='word_1_378' title='bbox 570 3276 626 3330; x_wconf 91' lang='lat' dir='ltr'><strong>in</strong></span> <span class='ocrx_word' id='word_1_379' title='bbox 656 3276 742 3331; x_wconf 90' lang='lat' dir='ltr'><strong>his</strong></span> <span class='ocrx_word' id='word_1_380' title='bbox 769 3276 972 3345; x_wconf 90' lang='lat' dir='ltr'><strong>quibus</strong></span> <span class='ocrx_word' id='word_1_381' title='bbox 1002 3274 1411 3345; x_wconf 86' lang='lat' dir='ltr'><strong>decipiebantur</strong></span> <span class='ocrx_word' id='word_1_382' title='bbox 1440 3276 1744 3341; x_wconf 90' lang='lat' dir='ltr'><strong>inveniunt,</strong></span> <span class='ocrx_word' id='word_1_383' title='bbox 1774 3283 1830 3330; x_wconf 94' lang='lat' dir='ltr'><strong>et</strong></span> 
     </span>
    </p>
   </div>
   <div class='ocr_carea' id='block_1_50' title="bbox 259 3363 1831 3434">
    <p class='ocr_par' dir='ltr' id='par_1_50' title="bbox 259 3363 1831 3434">
     <span class='ocr_line' id='line_1_50' title="bbox 259 3363 1831 3434; baseline 0 -15"><span class='ocrx_word' id='word_1_384' title='bbox 259 3365 605 3420; x_wconf 88' lang='lat' dir='ltr'><strong>climacteras</strong></span> <span class='ocrx_word' id='word_1_385' title='bbox 636 3365 904 3434; x_wconf 90' lang='lat' dir='ltr'><strong>quosdam</strong></span> <span class='ocrx_word' id='word_1_386' title='bbox 936 3363 1326 3427; x_wconf 85' lang='lat' dir='ltr'><strong>introducunt,</strong></span> <span class='ocrx_word' id='word_1_387' title='bbox 1358 3372 1418 3417; x_wconf 93' lang='lat' dir='ltr'><strong>ut</strong></span> <span class='ocrx_word' id='word_1_388' title='bbox 1446 3365 1513 3419; x_wconf 89' lang='lat' dir='ltr'><strong>de</strong></span> <span class='ocrx_word' id='word_1_389' title='bbox 1542 3366 1704 3419; x_wconf 87' lang='lat' dir='ltr'><strong>rebus</strong></span> <span class='ocrx_word' id='word_1_390' title='bbox 1746 3366 1831 3419; x_wconf 87' lang='lat' dir='ltr'><strong>in-</strong></span> 
     </span>
    </p>
   </div>
   <div class='ocr_carea' id='block_1_51' title="bbox 258 3456 1831 3527">
    <p class='ocr_par' dir='ltr' id='par_1_51' title="bbox 258 3456 1831 3527">
     <span class='ocr_line' id='line_1_51' title="bbox 258 3456 1831 3527; baseline -0.001 -16"><span class='ocrx_word' id='word_1_391' title='bbox 258 3457 430 3514; x_wconf 85' lang='lat' dir='ltr'><strong>certis</strong></span> <span class='ocrx_word' id='word_1_392' title='bbox 458 3456 743 3511; x_wconf 85' lang='lat' dir='ltr'><strong>scientiam</strong></span> <span class='ocrx_word' id='word_1_393' title='bbox 778 3456 1002 3527; x_wconf 81' lang='lat' dir='ltr'><strong>tingant.</strong></span> <span class='ocrx_word' id='word_1_394' title='bbox 1049 3456 1405 3511; x_wconf 82' lang='lat' dir='ltr'><strong>Climacteras</strong></span> <span class='ocrx_word' id='word_1_395' title='bbox 1444 3456 1587 3510; x_wconf 91' lang='lat' dir='ltr'><strong>enim</strong></span> <span class='ocrx_word' id='word_1_396' title='bbox 1638 3456 1831 3510; x_wconf 89' lang='lat' dir='ltr'><strong>dicunt</strong></span> 
     </span>
    </p>
   </div>
   <div class='ocr_carea' id='block_1_52' title="bbox 258 3546 1830 3621">
    <p class='ocr_par' dir='ltr' id='par_1_52' title="bbox 258 3546 1830 3621">
     <span class='ocr_line' id='line_1_52' title="bbox 258 3546 1830 3621; baseline -0.002 -16"><span class='ocrx_word' id='word_1_397' title='bbox 258 3550 419 3621; x_wconf 90' lang='lat' dir='ltr'><strong>quasi</strong></span> <span class='ocrx_word' id='word_1_398' title='bbox 465 3548 691 3619; x_wconf 89' lang='lat' dir='ltr'><strong>periculi</strong></span> <span class='ocrx_word' id='word_1_399' title='bbox 724 3554 941 3618; x_wconf 85' lang='lat' dir='ltr'><strong>tempus</strong></span> <span class='ocrx_word' id='word_1_400' title='bbox 972 3546 1085 3619; x_wconf 67' lang='lat'><strong>(82)</strong></span> <span class='ocrx_word' id='word_1_401' title='bbox 1108 3586 1124 3611; x_wconf 96' lang='lat'><strong>,</strong></span> <span class='ocrx_word' id='word_1_402' title='bbox 1156 3548 1212 3601; x_wconf 92' lang='lat' dir='ltr'><strong>in</strong></span> <span class='ocrx_word' id='word_1_403' title='bbox 1242 3562 1352 3616; x_wconf 93' lang='lat' dir='ltr'><strong>quo</strong></span> <span class='ocrx_word' id='word_1_404' title='bbox 1381 3547 1650 3601; x_wconf 88' lang='lat' dir='ltr'><strong>interdum</strong></span> <span class='ocrx_word' id='word_1_405' title='bbox 1682 3549 1830 3617; x_wconf 84' lang='lat' dir='ltr'><strong>peri-</strong></span> 
     </span>
    </p>
   </div>
   <div class='ocr_carea' id='block_1_53' title="bbox 258 3639 1831 3711">
    <p class='ocr_par' dir='ltr' id='par_1_53' title="bbox 258 3639 1831 3711">
     <span class='ocr_line' id='line_1_53' title="bbox 258 3639 1831 3711; baseline -0.001 -14"><span class='ocrx_word' id='word_1_406' title='bbox 258 3649 445 3697; x_wconf 86' lang='lat' dir='ltr'><strong>matur</strong></span> <span class='ocrx_word' id='word_1_407' title='bbox 480 3642 641 3711; x_wconf 83' lang='lat' dir='ltr'><strong>quis,</strong></span> <span class='ocrx_word' id='word_1_408' title='bbox 674 3639 945 3695; x_wconf 91' lang='lat' dir='ltr'><strong>interdum</strong></span> <span class='ocrx_word' id='word_1_409' title='bbox 974 3654 1081 3693; x_wconf 91' lang='lat' dir='ltr'><strong>non</strong></span> <span class='ocrx_word' id='word_1_410' title='bbox 1126 3640 1466 3708; x_wconf 90' lang='lat' dir='ltr'><strong>perimatur;</strong></span> <span class='ocrx_word' id='word_1_411' title='bbox 1516 3639 1831 3709; x_wconf 89' lang='lat' dir='ltr'><strong>ignorantes</strong></span> 
     </span>
    </p>
   </div>
   <div class='ocr_carea' id='block_1_54' title="bbox 259 3729 1830 3804">
    <p class='ocr_par' dir='ltr' id='par_1_54' title="bbox 259 3729 1830 3804">
     <span class='ocr_line' id='line_1_54' title="bbox 259 3729 1830 3804; baseline -0.001 -17"><span class='ocrx_word' id='word_1_412' title='bbox 259 3732 407 3804; x_wconf 84' lang='lat' dir='ltr'><strong>quod</strong></span> <span class='ocrx_word' id='word_1_413' title='bbox 440 3748 549 3787; x_wconf 92' lang='lat' dir='ltr'><strong>non</strong></span> <span class='ocrx_word' id='word_1_414' title='bbox 577 3731 856 3787; x_wconf 88' lang='lat' dir='ltr'><strong>stellarum</strong></span> <span class='ocrx_word' id='word_1_415' title='bbox 888 3745 1083 3785; x_wconf 91' lang='lat' dir='ltr'><strong>cursus</strong></span> <span class='ocrx_word' id='word_1_416' title='bbox 1110 3730 1256 3797; x_wconf 66' lang='lat' dir='ltr'><strong>haec,</strong></span> <span class='ocrx_word' id='word_1_417' title='bbox 1284 3729 1378 3785; x_wconf 88' lang='lat' dir='ltr'><strong>sed</strong></span> <span class='ocrx_word' id='word_1_418' title='bbox 1405 3729 1707 3783; x_wconf 65' lang='lat' dir='ltr'><strong>daemonum</strong></span> <span class='ocrx_word' id='word_1_419' title='bbox 1738 3747 1830 3801; x_wconf 80' lang='lat' dir='ltr'><strong>ge—</strong></span> 
     </span>
    </p>
   </div>
   <div class='ocr_carea' id='block_1_55' title="bbox 259 3821 1831 3895">
    <p class='ocr_par' dir='ltr' id='par_1_55' title="bbox 259 3821 1831 3895">
     <span class='ocr_line' id='line_1_55' title="bbox 259 3821 1831 3895; baseline -0.003 -14"><span class='ocrx_word' id='word_1_420' title='bbox 259 3828 335 3883; x_wconf 88' lang='lat' dir='ltr'><strong>rit</strong></span> <span class='ocrx_word' id='word_1_421' title='bbox 361 3824 609 3895; x_wconf 87' lang='lat' dir='ltr'><strong>operatio</strong></span> <span class='ocrx_word' id='word_1_422' title='bbox 629 3862 645 3886; x_wconf 95' lang='lat'><strong>,</strong></span> <span class='ocrx_word' id='word_1_423' title='bbox 676 3822 770 3894; x_wconf 90' lang='lat' dir='ltr'><strong>qui</strong></span> <span class='ocrx_word' id='word_1_424' title='bbox 805 3822 872 3876; x_wconf 91' lang='lat' dir='ltr'><strong>ad</strong></span> <span class='ocrx_word' id='word_1_425' title='bbox 902 3822 1209 3893; x_wconf 68' lang='lat' dir='ltr'><strong>astrologiae</strong></span> <span class='ocrx_word' id='word_1_426' title='bbox 1236 3836 1475 3877; x_wconf 90' lang='lat' dir='ltr'><strong>errorem</strong></span> <span class='ocrx_word' id='word_1_427' title='bbox 1504 3821 1831 3877; x_wconf 84' lang='lat' dir='ltr'><strong>conlimnan-</strong></span> 
     </span>
    </p>
   </div>
   <div class='ocr_carea' id='block_1_56' title="bbox 258 3915 1831 3987">
    <p class='ocr_par' dir='ltr' id='par_1_56' title="bbox 258 3915 1831 3987">
     <span class='ocr_line' id='line_1_56' title="bbox 258 3915 1831 3987; baseline -0.004 -10"><span class='ocrx_word' id='word_1_428' title='bbox 258 3923 391 3978; x_wconf 91' lang='lat' dir='ltr'><strong>dum</strong></span> <span class='ocrx_word' id='word_1_429' title='bbox 424 3919 833 3981; x_wconf 56' lang='lat' dir='ltr'><strong>deservientes,</strong></span> <span class='ocrx_word' id='word_1_430' title='bbox 866 3916 1096 3970; x_wconf 89' lang='lat' dir='ltr'><strong>calculis</strong></span> <span class='ocrx_word' id='word_1_431' title='bbox 1124 3915 1389 3970; x_wconf 84' lang='lat' dir='ltr'><strong>mathesis</strong></span> <span class='ocrx_word' id='word_1_432' title='bbox 1414 3915 1703 3987; x_wconf 91' lang='lat' dir='ltr'><strong>decipiunt</strong></span> <span class='ocrx_word' id='word_1_433' title='bbox 1732 3916 1831 3971; x_wconf 90' lang='lat' dir='ltr'><strong>ho-</strong></span> 
     </span>
    </p>
   </div>
   <div class='ocr_carea' id='block_1_57' title="bbox 258 4007 1831 4082">
    <p class='ocr_par' dir='ltr' id='par_1_57' title="bbox 258 4007 1831 4082">
     <span class='ocr_line' id='line_1_57' title="bbox 258 4007 1831 4082; baseline -0.003 -12"><span class='ocrx_word' id='word_1_434' title='bbox 258 4016 436 4070; x_wconf 90' lang='lat' dir='ltr'><strong>mines</strong></span> <span class='ocrx_word' id='word_1_435' title='bbox 465 4013 529 4066; x_wconf 92' lang='lat' dir='ltr'><strong>ad</strong></span> <span class='ocrx_word' id='word_1_436' title='bbox 552 4010 886 4082; x_wconf 91' lang='lat' dir='ltr'><strong>peccandum</strong></span> <span class='ocrx_word' id='word_1_437' title='bbox 909 4048 923 4069; x_wconf 91' lang='lat'><strong>,</strong></span> <span class='ocrx_word' id='word_1_438' title='bbox 957 4015 1015 4063; x_wconf 94' lang='lat' dir='ltr'><strong>ut</strong></span> <span class='ocrx_word' id='word_1_439' title='bbox 1045 4024 1167 4063; x_wconf 91' lang='lat' dir='ltr'><strong>cum</strong></span> <span class='ocrx_word' id='word_1_440' title='bbox 1187 4050 1202 4074; x_wconf 94' lang='lat'><strong>,</strong></span> <span class='ocrx_word' id='word_1_441' title='bbox 1230 4009 1312 4063; x_wconf 90' lang='lat' dir='ltr'><strong>vel</strong></span> <span class='ocrx_word' id='word_1_442' title='bbox 1347 4007 1458 4063; x_wconf 90' lang='lat' dir='ltr'><strong>Deo</strong></span> <span class='ocrx_word' id='word_1_443' title='bbox 1486 4009 1831 4077; x_wconf 89' lang='lat' dir='ltr'><strong>permittente</strong></span> 
     </span>
    </p>
   </div>
   <div class='ocr_carea' id='block_1_58' title="bbox 256 4098 1826 4175">
    <p class='ocr_par' dir='ltr' id='par_1_58' title="bbox 256 4098 1826 4175">
     <span class='ocr_line' id='line_1_58' title="bbox 256 4098 1826 4175; baseline -0.003 -13"><span class='ocrx_word' id='word_1_444' title='bbox 256 4107 344 4166; x_wconf 85' lang='lat' dir='ltr'><strong>vel</strong></span> <span class='ocrx_word' id='word_1_445' title='bbox 377 4105 589 4175; x_wconf 86' lang='lat' dir='ltr'><strong>legibus</strong></span> <span class='ocrx_word' id='word_1_446' title='bbox 630 4102 976 4173; x_wconf 84' lang='lat' dir='ltr'><strong>exigentibus</strong></span> <span class='ocrx_word' id='word_1_447' title='bbox 1001 4138 1016 4164; x_wconf 92' lang='lat'><strong>,</strong></span> <span class='ocrx_word' id='word_1_448' title='bbox 1060 4100 1267 4169; x_wconf 86' lang='lat' dir='ltr'><strong>peccati</strong></span> <span class='ocrx_word' id='word_1_449' title='bbox 1309 4098 1559 4155; x_wconf 74' lang='lat' dir='ltr'><strong>dederint</strong></span> <span class='ocrx_word' id='word_1_450' title='bbox 1602 4117 1826 4171; x_wconf 66' lang='lat' dir='ltr'><strong>poenas,</strong></span> 
     </span>
    </p>
   </div>
   <div class='ocr_carea' id='block_1_59' title="bbox 255 4190 1830 4261">
    <p class='ocr_par' dir='ltr' id='par_1_59' title="bbox 255 4190 1830 4261">
     <span class='ocr_line' id='line_1_59' title="bbox 255 4190 1830 4261; baseline -0.006 -6"><span class='ocrx_word' id='word_1_451' title='bbox 255 4214 447 4255; x_wconf 87' lang='lat' dir='ltr'><strong>verum</strong></span> <span class='ocrx_word' id='word_1_452' title='bbox 495 4196 701 4251; x_wconf 82' lang='lat' dir='ltr'><strong>dixisse</strong></span> <span class='ocrx_word' id='word_1_453' title='bbox 742 4193 987 4248; x_wconf 89' lang='lat' dir='ltr'><strong>videatur</strong></span> <span class='ocrx_word' id='word_1_454' title='bbox 1027 4191 1356 4261; x_wconf 89' lang='lat' dir='ltr'><strong>astrologus.</strong></span> <span class='ocrx_word' id='word_1_455' title='bbox 1403 4190 1471 4244; x_wconf 92' lang='lat' dir='ltr'><strong>Et</strong></span> <span class='ocrx_word' id='word_1_456' title='bbox 1509 4200 1689 4247; x_wconf 86' lang='lat' dir='ltr'><strong>tamen</strong></span> <span class='ocrx_word' id='word_1_457' title='bbox 1730 4193 1830 4248; x_wconf 89' lang='lat' dir='ltr'><strong>fal-</strong></span> 
     </span>
    </p>
   </div>
   <div class='ocr_carea' id='block_1_60' title="bbox 254 4285 1831 4350">
    <p class='ocr_par' dir='ltr' id='par_1_60' title="bbox 254 4285 1831 4350">
     <span class='ocr_line' id='line_1_60' title="bbox 254 4285 1831 4350; baseline -0.006 -2"><span class='ocrx_word' id='word_1_458' title='bbox 254 4295 451 4348; x_wconf 86' lang='lat' dir='ltr'><strong>luntur</strong></span> <span class='ocrx_word' id='word_1_459' title='bbox 480 4289 646 4345; x_wconf 88' lang='lat' dir='ltr'><strong>etiam</strong></span> <span class='ocrx_word' id='word_1_460' title='bbox 681 4288 736 4341; x_wconf 94' lang='lat' dir='ltr'><strong>in</strong></span> <span class='ocrx_word' id='word_1_461' title='bbox 765 4287 869 4340; x_wconf 87' lang='lat' dir='ltr'><strong>hoc</strong></span> <span class='ocrx_word' id='word_1_462' title='bbox 895 4303 909 4350; x_wconf 92' lang='lat'><strong>;</strong></span> <span class='ocrx_word' id='word_1_463' title='bbox 944 4286 990 4340; x_wconf 88' lang='lat' dir='ltr'><strong>si</strong></span> <span class='ocrx_word' id='word_1_464' title='bbox 1021 4286 1166 4339; x_wconf 90' lang='lat' dir='ltr'><strong>enim</strong></span> <span class='ocrx_word' id='word_1_465' title='bbox 1198 4286 1306 4339; x_wconf 92' lang='lat' dir='ltr'><strong>cito</strong></span> <span class='ocrx_word' id='word_1_466' title='bbox 1338 4285 1586 4340; x_wconf 88' lang='lat' dir='ltr'><strong>conversi</strong></span> <span class='ocrx_word' id='word_1_467' title='bbox 1630 4287 1831 4341; x_wconf 87' lang='lat' dir='ltr'><strong>fuerint</strong></span> 
     </span>
    </p>
   </div>
   <div class='ocr_carea' id='block_1_61' title="bbox 256 4376 1825 4454">
    <p class='ocr_par' dir='ltr' id='par_1_61' title="bbox 256 4376 1825 4454">
     <span class='ocr_line' id='line_1_61' title="bbox 256 4376 1825 4454; baseline -0.006 -14"><span class='ocrx_word' id='word_1_468' title='bbox 256 4385 327 4440; x_wconf 83' lang='lat' dir='ltr'><strong>ad</strong></span> <span class='ocrx_word' id='word_1_469' title='bbox 377 4381 794 4454; x_wconf 66' lang='lat' dir='ltr'><strong>paenitentiam,</strong></span> <span class='ocrx_word' id='word_1_470' title='bbox 838 4385 892 4433; x_wconf 95' lang='lat' dir='ltr'><strong>et</strong></span> <span class='ocrx_word' id='word_1_471' title='bbox 934 4376 1132 4431; x_wconf 69' lang='lat' dir='ltr'><strong>futurae</strong></span> <span class='ocrx_word' id='word_1_472' title='bbox 1170 4390 1343 4446; x_wconf 68' lang='lat' dir='ltr'><strong>pinnae</strong></span> <span class='ocrx_word' id='word_1_473' title='bbox 1396 4377 1825 4433; x_wconf 89' lang='lat' dir='ltr'><strong>recordationem</strong></span> 
     </span>
    </p>
   </div>
   <div class='ocr_carea' id='block_1_62' title="bbox 257 4468 1830 4545">
    <p class='ocr_par' dir='ltr' id='par_1_62' title="bbox 257 4468 1830 4545">
     <span class='ocr_line' id='line_1_62' title="bbox 257 4468 1830 4545; baseline -0.006 -13"><span class='ocrx_word' id='word_1_474' title='bbox 257 4475 611 4545; x_wconf 88' lang='lat' dir='ltr'><strong>conceperint</strong></span> <span class='ocrx_word' id='word_1_475' title='bbox 658 4487 723 4527; x_wconf 92' lang='lat' dir='ltr'><strong>ac</strong></span> <span class='ocrx_word' id='word_1_476' title='bbox 771 4478 1006 4533; x_wconf 90' lang='lat' dir='ltr'><strong>metum,</strong></span> <span class='ocrx_word' id='word_1_477' title='bbox 1061 4470 1343 4524; x_wconf 89' lang='lat' dir='ltr'><strong>conversis</strong></span> <span class='ocrx_word' id='word_1_478' title='bbox 1394 4468 1462 4522; x_wconf 91' lang='lat' dir='ltr'><strong>ad</strong></span> <span class='ocrx_word' id='word_1_479' title='bbox 1511 4468 1681 4524; x_wconf 88' lang='lat' dir='ltr'><strong>Deum</strong></span> <span class='ocrx_word' id='word_1_480' title='bbox 1734 4485 1830 4539; x_wconf 89' lang='lat' dir='ltr'><strong>per</strong></span> 
     </span>
    </p>
   </div>
   <div class='ocr_carea' id='block_1_63' title="bbox 255 4561 1526 4641">
    <p class='ocr_par' dir='ltr' id='par_1_63' title="bbox 255 4561 1526 4641">
     <span class='ocr_line' id='line_1_63' title="bbox 255 4561 1526 4641; baseline -0.006 -19"><span class='ocrx_word' id='word_1_481' title='bbox 255 4569 488 4641; x_wconf 84' lang='lat' dir='ltr'><strong>gratiam</strong></span> <span class='ocrx_word' id='word_1_482' title='bbox 519 4564 772 4635; x_wconf 88' lang='lat' dir='ltr'><strong>baptismi</strong></span> <span class='ocrx_word' id='word_1_483' title='bbox 806 4561 1096 4617; x_wconf 89' lang='lat' dir='ltr'><strong>resolvitur</strong></span> <span class='ocrx_word' id='word_1_484' title='bbox 1124 4574 1282 4630; x_wconf 65' lang='lat' dir='ltr'><strong>paena</strong></span> <span class='ocrx_word' id='word_1_485' title='bbox 1314 4561 1526 4615; x_wconf 91' lang='lat' dir='ltr'><strong>mortis.</strong></span> 
     </span>
    </p>
   </div>
   <div class='ocr_carea' id='block_1_64' title="bbox 328 4651 1822 4723">
    <p class='ocr_par' dir='ltr' id='par_1_64' title="bbox 328 4651 1822 4723">
     <span class='ocr_line' id='line_1_64' title="bbox 328 4651 1822 4723; baseline -0.006 -9"><span class='ocrx_word' id='word_1_486' title='bbox 328 4657 468 4714; x_wconf 81' lang='lat' dir='ltr'>XIII.</span> <span class='ocrx_word' id='word_1_487' title='bbox 513 4656 619 4712; x_wconf 88' lang='lat' dir='ltr'><strong>Sed</strong></span> <span class='ocrx_word' id='word_1_488' title='bbox 663 4655 808 4711; x_wconf 91' lang='lat' dir='ltr'><strong>dicet</strong></span> <span class='ocrx_word' id='word_1_489' title='bbox 848 4654 1014 4723; x_wconf 89' lang='lat' dir='ltr'><strong>quis:</strong></span> <span class='ocrx_word' id='word_1_490' title='bbox 1064 4651 1216 4705; x_wconf 85' lang='lat' dir='ltr'><strong>Multi</strong></span> <span class='ocrx_word' id='word_1_491' title='bbox 1260 4659 1314 4706; x_wconf 92' lang='lat' dir='ltr'><strong>et</strong></span> <span class='ocrx_word' id='word_1_492' title='bbox 1366 4652 1718 4708; x_wconf 85' lang='lat' dir='ltr'><strong>homicidium</strong></span> <span class='ocrx_word' id='word_1_493' title='bbox 1769 4660 1822 4707; x_wconf 90' lang='lat' dir='ltr'><strong>et</strong></span> 
     </span>
    </p>
   </div>
   <div class='ocr_carea' id='block_1_65' title="bbox 255 4743 1821 4811">
    <p class='ocr_par' dir='ltr' id='par_1_65' title="bbox 255 4743 1821 4811">
     <span class='ocr_line' id='line_1_65' title="bbox 255 4743 1821 4811; baseline -0.009 -2"><span class='ocrx_word' id='word_1_494' title='bbox 255 4751 587 4811; x_wconf 87' lang='lat' dir='ltr'><strong>adulterium</strong></span> <span class='ocrx_word' id='word_1_495' title='bbox 621 4757 677 4803; x_wconf 89' lang='lat' dir='ltr'><strong>et</strong></span> <span class='ocrx_word' id='word_1_496' title='bbox 706 4746 811 4800; x_wconf 88' lang='lat' dir='ltr'><strong>alia</strong></span> <span class='ocrx_word' id='word_1_497' title='bbox 854 4744 1061 4800; x_wconf 89' lang='lat' dir='ltr'><strong>scelera</strong></span> <span class='ocrx_word' id='word_1_498' title='bbox 1108 4743 1537 4803; x_wconf 90' lang='lat' dir='ltr'><strong>commiserunt.</strong></span> <span class='ocrx_word' id='word_1_499' title='bbox 1582 4752 1636 4798; x_wconf 91' lang='lat' dir='ltr'><strong>et</strong></span> <span class='ocrx_word' id='word_1_500' title='bbox 1684 4744 1821 4796; x_wconf 89' lang='lat' dir='ltr'><strong>nihil</strong></span> 
     </span>
    </p>
   </div>
   <div class='ocr_carea' id='block_1_66' title="bbox 253 4834 1820 4913">
    <p class='ocr_par' dir='ltr' id='par_1_66' title="bbox 253 4834 1820 4913">
     <span class='ocr_line' id='line_1_66' title="bbox 253 4834 1820 4913; baseline -0.009 -13"><span class='ocrx_word' id='word_1_501' title='bbox 253 4845 383 4900; x_wconf 89' lang='lat' dir='ltr'><strong>mali</strong></span> <span class='ocrx_word' id='word_1_502' title='bbox 418 4841 566 4913; x_wconf 87' lang='lat' dir='ltr'><strong>passi</strong></span> <span class='ocrx_word' id='word_1_503' title='bbox 598 4846 746 4895; x_wconf 88' lang='lat' dir='ltr'><strong>sunt.</strong></span> <span class='ocrx_word' id='word_1_504' title='bbox 780 4836 895 4890; x_wconf 84' lang='lat' dir='ltr'><strong>Hoc</strong></span> <span class='ocrx_word' id='word_1_505' title='bbox 924 4834 1148 4905; x_wconf 91' lang='lat' dir='ltr'><strong>quidem</strong></span> <span class='ocrx_word' id='word_1_506' title='bbox 1178 4849 1305 4888; x_wconf 88' lang='lat' dir='ltr'><strong>raro</strong></span> <span class='ocrx_word' id='word_1_507' title='bbox 1339 4834 1540 4888; x_wconf 90' lang='lat' dir='ltr'><strong>accidit</strong></span> <span class='ocrx_word' id='word_1_508' title='bbox 1586 4835 1820 4888; x_wconf 91' lang='lat' dir='ltr'><strong>homini-</strong></span> 
     </span>
    </p>
   </div>
   <div class='ocr_carea' id='block_1_67' title="bbox 252 4925 1821 4999">
    <p class='ocr_par' dir='ltr' id='par_1_67' title="bbox 252 4925 1821 4999">
     <span class='ocr_line' id='line_1_67' title="bbox 252 4925 1821 4999; baseline -0.008 -6"><span class='ocrx_word' id='word_1_509' title='bbox 252 4940 357 4993; x_wconf 85' lang='lat' dir='ltr'><strong>bus</strong></span> <span class='ocrx_word' id='word_1_510' title='bbox 378 4976 394 4999; x_wconf 91' lang='lat'><strong>,</strong></span> <span class='ocrx_word' id='word_1_511' title='bbox 427 4943 610 4989; x_wconf 89' lang='lat' dir='ltr'><strong>tamen</strong></span> <span class='ocrx_word' id='word_1_512' title='bbox 641 4929 1015 4987; x_wconf 90' lang='lat' dir='ltr'><strong>nescientibus</strong></span> <span class='ocrx_word' id='word_1_513' title='bbox 1044 4927 1333 4982; x_wconf 89' lang='lat' dir='ltr'><strong>consilium</strong></span> <span class='ocrx_word' id='word_1_514' title='bbox 1369 4925 1459 4981; x_wconf 89' lang='lat' dir='ltr'><strong>Dei</strong></span> <span class='ocrx_word' id='word_1_515' title='bbox 1508 4926 1821 4996; x_wconf 83' lang='lat' dir='ltr'><strong>frequenter</strong></span> 
     </span>
    </p>
   </div>
   <div class='ocr_carea' id='block_1_68' title="bbox 252 5018 1813 5088">
    <p class='ocr_par' dir='ltr' id='par_1_68' title="bbox 252 5018 1813 5088">
     <span class='ocr_line' id='line_1_68' title="bbox 252 5018 1813 5088; baseline -0.008 -4"><span class='ocrx_word' id='word_1_516' title='bbox 252 5029 469 5084; x_wconf 90' lang='lat' dir='ltr'><strong>videtur</strong></span> <span class='ocrx_word' id='word_1_517' title='bbox 497 5023 785 5088; x_wconf 86' lang='lat' dir='ltr'><strong>accidere;</strong></span> <span class='ocrx_word' id='word_1_518' title='bbox 817 5020 959 5076; x_wconf 89' lang='lat' dir='ltr'><strong>Deus</strong></span> <span class='ocrx_word' id='word_1_519' title='bbox 989 5027 1173 5075; x_wconf 87' lang='lat' dir='ltr'><strong>autem</strong></span> <span class='ocrx_word' id='word_1_520' title='bbox 1206 5018 1300 5088; x_wconf 90' lang='lat' dir='ltr'><strong>qui</strong></span> <span class='ocrx_word' id='word_1_521' title='bbox 1335 5019 1484 5073; x_wconf 89' lang='lat' dir='ltr'><strong>novit</strong></span> <span class='ocrx_word' id='word_1_522' title='bbox 1515 5019 1775 5074; x_wconf 87' lang='lat' dir='ltr'><strong>universa</strong></span> <span class='ocrx_word' id='word_1_523' title='bbox 1797 5059 1813 5084; x_wconf 93' lang='lat'><strong>,</strong></span> 
     </span>
    </p>
   </div>
   <div class='ocr_carea' id='block_1_69' title="bbox 1942 1894 3514 1978">
    <p class='ocr_par' dir='ltr' id='par_1_69' title="bbox 1942 1894 3514 1978">
     <span class='ocr_line' id='line_1_69' title="bbox 1942 1894 3514 1978; baseline -0.004 -17"><span class='ocrx_word' id='word_1_524' title='bbox 1942 1908 2325 1977; x_wconf 89' lang='lat' dir='ltr'><strong>stigationibus</strong></span> <span class='ocrx_word' id='word_1_525' title='bbox 2346 1946 2361 1971; x_wconf 89' lang='lat'><strong>,</strong></span> <span class='ocrx_word' id='word_1_526' title='bbox 2398 1908 2492 1962; x_wconf 91' lang='lat' dir='ltr'><strong>sed</strong></span> <span class='ocrx_word' id='word_1_527' title='bbox 2523 1924 2643 1978; x_wconf 70' lang='lat' dir='ltr'><strong>qua:</strong></span> <span class='ocrx_word' id='word_1_528' title='bbox 2671 1908 2859 1961; x_wconf 76' lang='lat' dir='ltr'><strong>aeterni</strong></span> <span class='ocrx_word' id='word_1_529' title='bbox 2894 1906 3033 1975; x_wconf 88' lang='lat' dir='ltr'><strong>ignis</strong></span> <span class='ocrx_word' id='word_1_530' title='bbox 3059 1894 3118 1959; x_wconf 77' lang='lat' dir='ltr'><strong>in</strong></span> <span class='ocrx_word' id='word_1_531' title='bbox 3150 1904 3364 1959; x_wconf 87' lang='lat' dir='ltr'><strong>inferno</strong></span> <span class='ocrx_word' id='word_1_532' title='bbox 3396 1904 3514 1958; x_wconf 82' lang='lat' dir='ltr'><strong>exi-</strong></span> 
     </span>
    </p>
   </div>
   <div class='ocr_carea' id='block_1_70' title="bbox 1938 1997 3514 2069">
    <p class='ocr_par' dir='ltr' id='par_1_70' title="bbox 1938 1997 3514 2069">
     <span class='ocr_line' id='line_1_70' title="bbox 1938 1997 3514 2069; baseline -0.002 -18"><span class='ocrx_word' id='word_1_533' title='bbox 1938 2007 2030 2069; x_wconf 83' lang='lat' dir='ltr'><strong>gat</strong></span> <span class='ocrx_word' id='word_1_534' title='bbox 2062 2014 2285 2067; x_wconf 72' lang='lat' dir='ltr'><strong>pmnas,</strong></span> <span class='ocrx_word' id='word_1_535' title='bbox 2320 2015 2550 2069; x_wconf 90' lang='lat' dir='ltr'><strong>quorum</strong></span> <span class='ocrx_word' id='word_1_536' title='bbox 2590 1999 2784 2053; x_wconf 71' lang='lat' dir='ltr'><strong>anima:</strong></span> <span class='ocrx_word' id='word_1_537' title='bbox 2829 1998 2902 2051; x_wconf 90' lang='lat' dir='ltr'><strong>ibi</strong></span> <span class='ocrx_word' id='word_1_538' title='bbox 2947 1997 3320 2067; x_wconf 62' lang='lat' dir='ltr'><strong>paenitentiam</strong></span> <span class='ocrx_word' id='word_1_539' title='bbox 3365 2010 3514 2066; x_wconf 75' lang='lat' dir='ltr'><strong>qua:-</strong></span> 
     </span>
    </p>
   </div>
   <div class='ocr_carea' id='block_1_71' title="bbox 1940 2090 2943 2161">
    <p class='ocr_par' dir='ltr' id='par_1_71' title="bbox 1940 2090 2943 2161">
     <span class='ocr_line' id='line_1_71' title="bbox 1940 2090 2943 2161; baseline 0.001 -18"><span class='ocrx_word' id='word_1_540' title='bbox 1940 2098 2095 2153; x_wconf 90' lang='lat' dir='ltr'><strong>rent,</strong></span> <span class='ocrx_word' id='word_1_541' title='bbox 2130 2090 2218 2144; x_wconf 90' lang='lat' dir='ltr'><strong>ubi</strong></span> <span class='ocrx_word' id='word_1_542' title='bbox 2254 2092 2498 2145; x_wconf 89' lang='lat' dir='ltr'><strong>invenire</strong></span> <span class='ocrx_word' id='word_1_543' title='bbox 2530 2108 2638 2146; x_wconf 89' lang='lat' dir='ltr'><strong>non</strong></span> <span class='ocrx_word' id='word_1_544' title='bbox 2670 2097 2943 2161; x_wconf 89' lang='lat' dir='ltr'><strong>poterunt.</strong></span> 
     </span>
    </p>
   </div>
   <div class='ocr_carea' id='block_1_72' title="bbox 2010 2180 3512 2253">
    <p class='ocr_par' dir='ltr' id='par_1_72' title="bbox 2010 2180 3512 2253">
     <span class='ocr_line' id='line_1_72' title="bbox 2010 2180 3512 2253; baseline -0.001 -18"><span class='ocrx_word' id='word_1_545' title='bbox 2010 2181 2148 2237; x_wconf 76' lang='lat' dir='ltr'><strong>XIV.</strong></span> <span class='ocrx_word' id='word_1_546' title='bbox 2188 2182 2346 2248; x_wconf 87' lang='lat' dir='ltr'><strong>Quod</strong></span> <span class='ocrx_word' id='word_1_547' title='bbox 2376 2184 2421 2239; x_wconf 91' lang='lat' dir='ltr'><strong>si</strong></span> <span class='ocrx_word' id='word_1_548' title='bbox 2454 2185 2508 2238; x_wconf 91' lang='lat' dir='ltr'><strong>in</strong></span> <span class='ocrx_word' id='word_1_549' title='bbox 2541 2184 2643 2237; x_wconf 91' lang='lat' dir='ltr'><strong>hac</strong></span> <span class='ocrx_word' id='word_1_550' title='bbox 2670 2185 2777 2237; x_wconf 87' lang='lat' dir='ltr'><strong>vita</strong></span> <span class='ocrx_word' id='word_1_551' title='bbox 2811 2183 2973 2253; x_wconf 87' lang='lat' dir='ltr'><strong>positi</strong></span> <span class='ocrx_word' id='word_1_552' title='bbox 3008 2182 3129 2236; x_wconf 90' lang='lat' dir='ltr'><strong>illas</strong></span> <span class='ocrx_word' id='word_1_553' title='bbox 3154 2196 3291 2251; x_wconf 87' lang='lat' dir='ltr'><strong>quas</strong></span> <span class='ocrx_word' id='word_1_554' title='bbox 3317 2180 3389 2235; x_wconf 92' lang='lat' dir='ltr'><strong>ibi</strong></span> <span class='ocrx_word' id='word_1_555' title='bbox 3413 2196 3512 2251; x_wconf 86' lang='lat' dir='ltr'><strong>pa-</strong></span> 
     </span>
    </p>
   </div>
   <div class='ocr_carea' id='block_1_73' title="bbox 1941 2272 3510 2345">
    <p class='ocr_par' dir='ltr' id='par_1_73' title="bbox 1941 2272 3510 2345">
     <span class='ocr_line' id='line_1_73' title="bbox 1941 2272 3510 2345; baseline -0.001 -18"><span class='ocrx_word' id='word_1_556' title='bbox 1941 2275 2148 2329; x_wconf 92' lang='lat' dir='ltr'><strong>tientur</strong></span> <span class='ocrx_word' id='word_1_557' title='bbox 2181 2291 2403 2345; x_wconf 75' lang='lat' dir='ltr'><strong>ptenas,</strong></span> <span class='ocrx_word' id='word_1_558' title='bbox 2438 2283 2565 2330; x_wconf 92' lang='lat' dir='ltr'><strong>ante</strong></span> <span class='ocrx_word' id='word_1_559' title='bbox 2604 2276 2792 2329; x_wconf 92' lang='lat' dir='ltr'><strong>oculos</strong></span> <span class='ocrx_word' id='word_1_560' title='bbox 2834 2275 3185 2345; x_wconf 89' lang='lat' dir='ltr'><strong>posuissent,</strong></span> <span class='ocrx_word' id='word_1_561' title='bbox 3233 2272 3510 2327; x_wconf 85' lang='lat' dir='ltr'><strong>refrenas-</strong></span> 
     </span>
    </p>
   </div>
   <div class='ocr_carea' id='block_1_74' title="bbox 1936 2363 3507 2438">
    <p class='ocr_par' dir='ltr' id='par_1_74' title="bbox 1936 2363 3507 2438">
     <span class='ocr_line' id='line_1_74' title="bbox 1936 2363 3507 2438; baseline -0.003 -16"><span class='ocrx_word' id='word_1_562' title='bbox 1936 2376 2060 2422; x_wconf 89' lang='lat' dir='ltr'><strong>sent</strong></span> <span class='ocrx_word' id='word_1_563' title='bbox 2096 2368 2286 2438; x_wconf 91' lang='lat' dir='ltr'><strong>utique</strong></span> <span class='ocrx_word' id='word_1_564' title='bbox 2314 2368 2584 2422; x_wconf 89' lang='lat' dir='ltr'><strong>desideria</strong></span> <span class='ocrx_word' id='word_1_565' title='bbox 2618 2376 2671 2421; x_wconf 87' lang='lat' dir='ltr'><strong>et</strong></span> <span class='ocrx_word' id='word_1_566' title='bbox 2702 2369 2852 2421; x_wconf 91' lang='lat' dir='ltr'><strong>nullo</strong></span> <span class='ocrx_word' id='word_1_567' title='bbox 2885 2374 3044 2435; x_wconf 87' lang='lat' dir='ltr'><strong>pacto</strong></span> <span class='ocrx_word' id='word_1_568' title='bbox 3091 2363 3421 2419; x_wconf 90' lang='lat' dir='ltr'><strong>decidissent</strong></span> <span class='ocrx_word' id='word_1_569' title='bbox 3453 2366 3507 2417; x_wconf 89' lang='lat' dir='ltr'><strong>in</strong></span> 
     </span>
    </p>
   </div>
   <div class='ocr_carea' id='block_1_75' title="bbox 1934 2454 3509 2528">
    <p class='ocr_par' dir='ltr' id='par_1_75' title="bbox 1934 2454 3509 2528">
     <span class='ocr_line' id='line_1_75' title="bbox 1934 2454 3509 2528; baseline -0.003 -15"><span class='ocrx_word' id='word_1_570' title='bbox 1934 2469 2237 2528; x_wconf 88' lang='lat' dir='ltr'><strong>peccatum.</strong></span> <span class='ocrx_word' id='word_1_571' title='bbox 2276 2458 2500 2512; x_wconf 82' lang='lat' dir='ltr'><strong>Multum</strong></span> <span class='ocrx_word' id='word_1_572' title='bbox 2535 2461 2677 2513; x_wconf 90' lang='lat' dir='ltr'><strong>enim</strong></span> <span class='ocrx_word' id='word_1_573' title='bbox 2712 2465 2889 2528; x_wconf 87' lang='lat' dir='ltr'><strong>potest</strong></span> <span class='ocrx_word' id='word_1_574' title='bbox 2921 2472 3116 2512; x_wconf 86' lang='lat' dir='ltr'><strong>sensus</strong></span> <span class='ocrx_word' id='word_1_575' title='bbox 3146 2456 3198 2509; x_wconf 88' lang='lat' dir='ltr'><strong>in</strong></span> <span class='ocrx_word' id='word_1_576' title='bbox 3230 2456 3409 2508; x_wconf 90' lang='lat' dir='ltr'><strong>anima</strong></span> <span class='ocrx_word' id='word_1_577' title='bbox 3440 2454 3509 2508; x_wconf 87' lang='lat' dir='ltr'><strong>ad</strong></span> 
     </span>
    </p>
   </div>
   <div class='ocr_carea' id='block_1_76' title="bbox 1935 2545 3506 2617">
    <p class='ocr_par' dir='ltr' id='par_1_76' title="bbox 1935 2545 3506 2617">
     <span class='ocr_line' id='line_1_76' title="bbox 1935 2545 3506 2617; baseline -0.003 -16"><span class='ocrx_word' id='word_1_578' title='bbox 1935 2549 2266 2603; x_wconf 86' lang='lat' dir='ltr'><strong>resecandas</strong></span> <span class='ocrx_word' id='word_1_579' title='bbox 2296 2564 2488 2601; x_wconf 91' lang='lat' dir='ltr'><strong>omnes</strong></span> <span class='ocrx_word' id='word_1_580' title='bbox 2534 2548 2651 2617; x_wconf 82' lang='lat' dir='ltr'><strong>ejus</strong></span> <span class='ocrx_word' id='word_1_581' title='bbox 2694 2546 3051 2617; x_wconf 87' lang='lat' dir='ltr'><strong>cupiditates,</strong></span> <span class='ocrx_word' id='word_1_582' title='bbox 3101 2545 3335 2599; x_wconf 79' lang='lat' dir='ltr'><strong>maxime</strong></span> <span class='ocrx_word' id='word_1_583' title='bbox 3382 2559 3506 2597; x_wconf 90' lang='lat' dir='ltr'><strong>cum</strong></span> 
     </span>
    </p>
   </div>
   <div class='ocr_carea' id='block_1_77' title="bbox 1935 2636 3509 2709">
    <p class='ocr_par' dir='ltr' id='par_1_77' title="bbox 1935 2636 3509 2709">
     <span class='ocr_line' id='line_1_77' title="bbox 1935 2636 3509 2709; baseline -0.003 -15"><span class='ocrx_word' id='word_1_584' title='bbox 1935 2640 2241 2694; x_wconf 74' lang='lat' dir='ltr'><strong>cmlestium</strong></span> <span class='ocrx_word' id='word_1_585' title='bbox 2312 2640 2599 2695; x_wconf 88' lang='lat' dir='ltr'><strong>scientiam</strong></span> <span class='ocrx_word' id='word_1_586' title='bbox 2657 2640 2897 2709; x_wconf 87' lang='lat' dir='ltr'><strong>ceperit,</strong></span> <span class='ocrx_word' id='word_1_587' title='bbox 2950 2654 3045 2709; x_wconf 90' lang='lat' dir='ltr'><strong>per</strong></span> <span class='ocrx_word' id='word_1_588' title='bbox 3093 2653 3256 2706; x_wconf 90' lang='lat' dir='ltr'><strong>quam</strong></span> <span class='ocrx_word' id='word_1_589' title='bbox 3303 2636 3509 2690; x_wconf 86' lang='lat' dir='ltr'><strong>lumine</strong></span> 
     </span>
    </p>
   </div>
   <div class='ocr_carea' id='block_1_78' title="bbox 1933 2727 3506 2801">
    <p class='ocr_par' dir='ltr' id='par_1_78' title="bbox 1933 2727 3506 2801">
     <span class='ocr_line' id='line_1_78' title="bbox 1933 2727 3506 2801; baseline -0.007 -14"><span class='ocrx_word' id='word_1_590' title='bbox 1933 2732 2180 2787; x_wconf 83' lang='lat' dir='ltr'><strong>veritatis</strong></span> <span class='ocrx_word' id='word_1_591' title='bbox 2212 2741 2476 2801; x_wconf 89' lang='lat' dir='ltr'><strong>accepto,</strong></span> <span class='ocrx_word' id='word_1_592' title='bbox 2532 2730 2602 2785; x_wconf 91' lang='lat' dir='ltr'><strong>ab</strong></span> <span class='ocrx_word' id='word_1_593' title='bbox 2648 2730 2801 2784; x_wconf 90' lang='lat' dir='ltr'><strong>omni</strong></span> <span class='ocrx_word' id='word_1_594' title='bbox 2853 2730 3188 2785; x_wconf 88' lang='lat' dir='ltr'><strong>obscuritate</strong></span> <span class='ocrx_word' id='word_1_595' title='bbox 3237 2727 3506 2780; x_wconf 87' lang='lat' dir='ltr'><strong>malorum</strong></span> 
     </span>
    </p>
   </div>
   <div class='ocr_carea' id='block_1_79' title="bbox 1933 2816 3507 2878">
    <p class='ocr_par' dir='ltr' id='par_1_79' title="bbox 1933 2816 3507 2878">
     <span class='ocr_line' id='line_1_79' title="bbox 1933 2816 3507 2878; baseline -0.006 0"><span class='ocrx_word' id='word_1_596' title='bbox 1933 2831 2154 2878; x_wconf 83' lang='lat' dir='ltr'><strong>actuum</strong></span> <span class='ocrx_word' id='word_1_597' title='bbox 2195 2822 2510 2877; x_wconf 88' lang='lat' dir='ltr'><strong>declinabit.</strong></span> <span class='ocrx_word' id='word_1_598' title='bbox 2550 2820 2704 2875; x_wconf 88' lang='lat' dir='ltr'><strong>Sicut</strong></span> <span class='ocrx_word' id='word_1_599' title='bbox 2754 2820 2899 2876; x_wconf 93' lang='lat' dir='ltr'><strong>enim</strong></span> <span class='ocrx_word' id='word_1_600' title='bbox 2950 2820 3031 2875; x_wconf 90' lang='lat' dir='ltr'><strong>sol</strong></span> <span class='ocrx_word' id='word_1_601' title='bbox 3083 2833 3272 2872; x_wconf 89' lang='lat' dir='ltr'><strong>omnes</strong></span> <span class='ocrx_word' id='word_1_602' title='bbox 3319 2816 3507 2871; x_wconf 90' lang='lat' dir='ltr'><strong>stellas</strong></span> 
     </span>
    </p>
   </div>
   <div class='ocr_carea' id='block_1_80' title="bbox 1935 2906 3508 2985">
    <p class='ocr_par' dir='ltr' id='par_1_80' title="bbox 1935 2906 3508 2985">
     <span class='ocr_line' id='line_1_80' title="bbox 1935 2906 3508 2985; baseline -0.007 -15"><span class='ocrx_word' id='word_1_603' title='bbox 1935 2915 2227 2985; x_wconf 85' lang='lat' dir='ltr'><strong>splendore</strong></span> <span class='ocrx_word' id='word_1_604' title='bbox 2268 2915 2355 2969; x_wconf 91' lang='lat' dir='ltr'><strong>sui</strong></span> <span class='ocrx_word' id='word_1_605' title='bbox 2398 2914 2629 2984; x_wconf 80' lang='lat' dir='ltr'><strong>fulgoris</strong></span> <span class='ocrx_word' id='word_1_606' title='bbox 2674 2912 2930 2967; x_wconf 90' lang='lat' dir='ltr'><strong>obtundit</strong></span> <span class='ocrx_word' id='word_1_607' title='bbox 2960 2918 3013 2965; x_wconf 92' lang='lat' dir='ltr'><strong>et</strong></span> <span class='ocrx_word' id='word_1_608' title='bbox 3042 2909 3320 2978; x_wconf 89' lang='lat' dir='ltr'><strong>contegit,</strong></span> <span class='ocrx_word' id='word_1_609' title='bbox 3355 2906 3426 2959; x_wconf 91' lang='lat' dir='ltr'><strong>ita</strong></span> <span class='ocrx_word' id='word_1_610' title='bbox 3454 2915 3508 2960; x_wconf 91' lang='lat' dir='ltr'><strong>et</strong></span> 
     </span>
    </p>
   </div>
   <div class='ocr_carea' id='block_1_81' title="bbox 1934 3000 3504 3076">
    <p class='ocr_par' dir='ltr' id='par_1_81' title="bbox 1934 3000 3504 3076">
     <span class='ocr_line' id='line_1_81' title="bbox 1934 3000 3504 3076; baseline -0.005 -15"><span class='ocrx_word' id='word_1_611' title='bbox 1934 3022 2088 3061; x_wconf 89' lang='lat' dir='ltr'><strong>mens</strong></span> <span class='ocrx_word' id='word_1_612' title='bbox 2134 3022 2229 3076; x_wconf 92' lang='lat' dir='ltr'><strong>per</strong></span> <span class='ocrx_word' id='word_1_613' title='bbox 2277 3008 2519 3061; x_wconf 66' lang='lat' dir='ltr'><strong>scientiae</strong></span> <span class='ocrx_word' id='word_1_614' title='bbox 2564 3007 2740 3061; x_wconf 91' lang='lat' dir='ltr'><strong>lucem</strong></span> <span class='ocrx_word' id='word_1_615' title='bbox 2788 3020 2979 3059; x_wconf 90' lang='lat' dir='ltr'><strong>omnes</strong></span> <span class='ocrx_word' id='word_1_616' title='bbox 3025 3000 3504 3070; x_wconf 82' lang='lat' dir='ltr'><strong>concupiscentias</strong></span> 
     </span>
    </p>
   </div>
   <div class='ocr_carea' id='block_1_82' title="bbox 1934 3092 3503 3160">
    <p class='ocr_par' dir='ltr' id='par_1_82' title="bbox 1934 3092 3503 3160">
     <span class='ocr_line' id='line_1_82' title="bbox 1934 3092 3503 3160; baseline -0.004 -9"><span class='ocrx_word' id='word_1_617' title='bbox 1934 3100 2128 3154; x_wconf 60' lang='lat' dir='ltr'><strong>anima)</strong></span> <span class='ocrx_word' id='word_1_618' title='bbox 2161 3098 2463 3155; x_wconf 74' lang='lat' dir='ltr'><strong>inefﬁcaces</strong></span> <span class='ocrx_word' id='word_1_619' title='bbox 2493 3099 2669 3155; x_wconf 91' lang='lat' dir='ltr'><strong>reddit</strong></span> <span class='ocrx_word' id='word_1_620' title='bbox 2711 3106 2764 3152; x_wconf 90' lang='lat' dir='ltr'><strong>et</strong></span> <span class='ocrx_word' id='word_1_621' title='bbox 2808 3098 3048 3159; x_wconf 86' lang='lat' dir='ltr'><strong>otiosas,</strong></span> <span class='ocrx_word' id='word_1_622' title='bbox 3098 3094 3266 3147; x_wconf 83' lang='lat' dir='ltr'><strong>futuri</strong></span> <span class='ocrx_word' id='word_1_623' title='bbox 3308 3092 3503 3160; x_wconf 87' lang='lat' dir='ltr'><strong>judicii</strong></span> 
     </span>
    </p>
   </div>
   <div class='ocr_carea' id='block_1_83' title="bbox 1932 3182 3502 3260">
    <p class='ocr_par' dir='ltr' id='par_1_83' title="bbox 1932 3182 3502 3260">
     <span class='ocr_line' id='line_1_83' title="bbox 1932 3182 3502 3260; baseline -0.006 -17"><span class='ocrx_word' id='word_1_624' title='bbox 1932 3191 2248 3245; x_wconf 86' lang='lat' dir='ltr'><strong>memoriam</strong></span> <span class='ocrx_word' id='word_1_625' title='bbox 2293 3206 2459 3260; x_wconf 89' lang='lat' dir='ltr'><strong>super</strong></span> <span class='ocrx_word' id='word_1_626' title='bbox 2502 3206 2596 3247; x_wconf 90' lang='lat' dir='ltr'><strong>eas</strong></span> <span class='ocrx_word' id='word_1_627' title='bbox 2640 3198 2900 3259; x_wconf 88' lang='lat' dir='ltr'><strong>tanquam</strong></span> <span class='ocrx_word' id='word_1_628' title='bbox 2947 3187 3130 3240; x_wconf 87' lang='lat' dir='ltr'><strong>radios</strong></span> <span class='ocrx_word' id='word_1_629' title='bbox 3175 3200 3304 3240; x_wconf 90' lang='lat' dir='ltr'><strong>suos</strong></span> <span class='ocrx_word' id='word_1_630' title='bbox 3346 3182 3502 3237; x_wconf 85' lang='lat' dir='ltr'><strong>emit-</strong></span> 
     </span>
    </p>
   </div>
   <div class='ocr_carea' id='block_1_84' title="bbox 1931 3273 3502 3351">
    <p class='ocr_par' dir='ltr' id='par_1_84' title="bbox 1931 3273 3502 3351">
     <span class='ocr_line' id='line_1_84' title="bbox 1931 3273 3502 3351; baseline -0.004 -18"><span class='ocrx_word' id='word_1_631' title='bbox 1931 3287 2088 3346; x_wconf 90' lang='lat' dir='ltr'><strong>tens,</strong></span> <span class='ocrx_word' id='word_1_632' title='bbox 2132 3281 2207 3335; x_wconf 89' lang='lat' dir='ltr'><strong>ita</strong></span> <span class='ocrx_word' id='word_1_633' title='bbox 2249 3289 2309 3335; x_wconf 92' lang='lat' dir='ltr'><strong>ut</strong></span> <span class='ocrx_word' id='word_1_634' title='bbox 2349 3297 2418 3336; x_wconf 92' lang='lat' dir='ltr'><strong>ne</strong></span> <span class='ocrx_word' id='word_1_635' title='bbox 2454 3296 2719 3351; x_wconf 88' lang='lat' dir='ltr'><strong>apparere</strong></span> <span class='ocrx_word' id='word_1_636' title='bbox 2762 3280 2981 3349; x_wconf 90' lang='lat' dir='ltr'><strong>quidem</strong></span> <span class='ocrx_word' id='word_1_637' title='bbox 3031 3278 3173 3331; x_wconf 88' lang='lat' dir='ltr'><strong>ultra</strong></span> <span class='ocrx_word' id='word_1_638' title='bbox 3218 3276 3271 3329; x_wconf 91' lang='lat' dir='ltr'><strong>in</strong></span> <span class='ocrx_word' id='word_1_639' title='bbox 3319 3273 3502 3328; x_wconf 88' lang='lat' dir='ltr'><strong>anima</strong></span> 
     </span>
    </p>
   </div>
   <div class='ocr_carea' id='block_1_85' title="bbox 1930 3382 2153 3441">
    <p class='ocr_par' dir='ltr' id='par_1_85' title="bbox 1930 3382 2153 3441">
     <span class='ocr_line' id='line_1_85' title="bbox 1930 3382 2153 3441; baseline 0.004 -17"><span class='ocrx_word' id='word_1_640' title='bbox 1930 3382 2153 3441; x_wconf 89' lang='lat' dir='ltr'><strong>queant.</strong></span> 
     </span>
    </p>
   </div>
   <div class='ocr_carea' id='block_1_86' title="bbox 2002 3454 3501 3529">
    <p class='ocr_par' dir='ltr' id='par_1_86' title="bbox 2002 3454 3501 3529">
     <span class='ocr_line' id='line_1_86' title="bbox 2002 3454 3501 3529; baseline -0.005 -12"><span class='ocrx_word' id='word_1_641' title='bbox 2002 3464 2117 3519; x_wconf 82' lang='lat' dir='ltr'><strong>XV.</strong></span> <span class='ocrx_word' id='word_1_642' title='bbox 2159 3462 2316 3529; x_wconf 87' lang='lat' dir='ltr'><strong>Quod</strong></span> <span class='ocrx_word' id='word_1_643' title='bbox 2360 3470 2541 3518; x_wconf 88' lang='lat' dir='ltr'><strong>autem</strong></span> <span class='ocrx_word' id='word_1_644' title='bbox 2590 3462 2755 3516; x_wconf 91' lang='lat' dir='ltr'><strong>timor</strong></span> <span class='ocrx_word' id='word_1_645' title='bbox 2796 3461 2890 3516; x_wconf 91' lang='lat' dir='ltr'><strong>Dei</strong></span> <span class='ocrx_word' id='word_1_646' title='bbox 2936 3460 3165 3515; x_wconf 75' lang='lat' dir='ltr'><strong>multum</strong></span> <span class='ocrx_word' id='word_1_647' title='bbox 3211 3457 3390 3512; x_wconf 89' lang='lat' dir='ltr'><strong>valeat</strong></span> <span class='ocrx_word' id='word_1_648' title='bbox 3432 3454 3501 3509; x_wconf 86' lang='lat' dir='ltr'><strong>ad</strong></span> 
     </span>
    </p>
   </div>
   <div class='ocr_carea' id='block_1_87' title="bbox 1930 3548 3501 3625">
    <p class='ocr_par' dir='ltr' id='par_1_87' title="bbox 1930 3548 3501 3625">
     <span class='ocr_line' id='line_1_87' title="bbox 1930 3548 3501 3625; baseline -0.004 -17"><span class='ocrx_word' id='word_1_649' title='bbox 1930 3554 2304 3625; x_wconf 88' lang='lat' dir='ltr'><strong>reprimendas</strong></span> <span class='ocrx_word' id='word_1_650' title='bbox 2332 3556 2806 3623; x_wconf 88' lang='lat' dir='ltr'><strong>concupiscentias</strong></span> <span class='ocrx_word' id='word_1_651' title='bbox 2825 3593 2839 3617; x_wconf 93' lang='lat'><strong>,</strong></span> <span class='ocrx_word' id='word_1_652' title='bbox 2867 3567 3000 3622; x_wconf 90' lang='lat' dir='ltr'><strong>cape</strong></span> <span class='ocrx_word' id='word_1_653' title='bbox 3030 3550 3255 3605; x_wconf 88' lang='lat' dir='ltr'><strong>humani</strong></span> <span class='ocrx_word' id='word_1_654' title='bbox 3288 3548 3501 3603; x_wconf 88' lang='lat' dir='ltr'><strong>timoris</strong></span> 
     </span>
    </p>
   </div>
   <div class='ocr_carea' id='block_1_88' title="bbox 1930 3641 3501 3716">
    <p class='ocr_par' dir='ltr' id='par_1_88' title="bbox 1930 3641 3501 3716">
     <span class='ocr_line' id='line_1_88' title="bbox 1930 3641 3501 3716; baseline -0.007 -13"><span class='ocrx_word' id='word_1_655' title='bbox 1930 3647 2258 3716; x_wconf 87' lang='lat' dir='ltr'><strong>exemplum.</strong></span> <span class='ocrx_word' id='word_1_656' title='bbox 2294 3645 2742 3715; x_wconf 92' lang='lat' dir='ltr'><strong>Quotusquisque</strong></span> <span class='ocrx_word' id='word_1_657' title='bbox 2770 3653 2888 3707; x_wconf 88' lang='lat' dir='ltr'><strong>est,</strong></span> <span class='ocrx_word' id='word_1_658' title='bbox 2920 3643 3013 3713; x_wconf 93' lang='lat' dir='ltr'><strong>qui</strong></span> <span class='ocrx_word' id='word_1_659' title='bbox 3059 3659 3167 3697; x_wconf 91' lang='lat' dir='ltr'><strong>non</strong></span> <span class='ocrx_word' id='word_1_660' title='bbox 3210 3643 3354 3694; x_wconf 90' lang='lat' dir='ltr'><strong>inter</strong></span> <span class='ocrx_word' id='word_1_661' title='bbox 3402 3641 3501 3693; x_wconf 85' lang='lat' dir='ltr'><strong>ho-</strong></span> 
     </span>
    </p>
   </div>
   <div class='ocr_carea' id='block_1_89' title="bbox 1930 3739 3500 3808">
    <p class='ocr_par' dir='ltr' id='par_1_89' title="bbox 1930 3739 3500 3808">
     <span class='ocr_line' id='line_1_89' title="bbox 1930 3739 3500 3808; baseline -0.005 -15"><span class='ocrx_word' id='word_1_662' title='bbox 1930 3739 2108 3793; x_wconf 91' lang='lat' dir='ltr'><strong>mines</strong></span> <span class='ocrx_word' id='word_1_663' title='bbox 2156 3739 2508 3808; x_wconf 90' lang='lat' dir='ltr'><strong>concupiscat</strong></span> <span class='ocrx_word' id='word_1_664' title='bbox 2554 3740 2759 3793; x_wconf 87' lang='lat' dir='ltr'><strong>aliena?</strong></span> <span class='ocrx_word' id='word_1_665' title='bbox 2814 3744 2867 3792; x_wconf 89' lang='lat' dir='ltr'><strong>et</strong></span> <span class='ocrx_word' id='word_1_666' title='bbox 2906 3744 3085 3791; x_wconf 91' lang='lat' dir='ltr'><strong>tamen</strong></span> <span class='ocrx_word' id='word_1_667' title='bbox 3132 3743 3276 3789; x_wconf 91' lang='lat' dir='ltr'><strong>metu</strong></span> <span class='ocrx_word' id='word_1_668' title='bbox 3324 3748 3500 3803; x_wconf 75' lang='lat' dir='ltr'><strong>poma:</strong></span> 
     </span>
    </p>
   </div>
   <div class='ocr_carea' id='block_1_90' title="bbox 1915 3824 3501 3897">
    <p class='ocr_par' dir='ltr' id='par_1_90' title="bbox 1915 3824 3501 3897">
     <span class='ocr_line' id='line_1_90' title="bbox 1915 3824 3501 3897; baseline -0.003 -18"><span class='ocrx_word' id='word_1_669' title='bbox 1915 3844 2049 3897; x_wconf 65' lang='lat' dir='ltr'><strong>quae</strong></span> <span class='ocrx_word' id='word_1_670' title='bbox 2080 3828 2287 3897; x_wconf 88' lang='lat' dir='ltr'><strong>legibus</strong></span> <span class='ocrx_word' id='word_1_671' title='bbox 2315 3836 2520 3883; x_wconf 90' lang='lat' dir='ltr'><strong>statuta</strong></span> <span class='ocrx_word' id='word_1_672' title='bbox 2549 3837 2667 3894; x_wconf 90' lang='lat' dir='ltr'><strong>est,</strong></span> <span class='ocrx_word' id='word_1_673' title='bbox 2700 3827 3010 3883; x_wconf 87' lang='lat' dir='ltr'><strong>refrenatur</strong></span> <span class='ocrx_word' id='word_1_674' title='bbox 3039 3836 3092 3882; x_wconf 91' lang='lat' dir='ltr'><strong>et</strong></span> <span class='ocrx_word' id='word_1_675' title='bbox 3131 3824 3501 3880; x_wconf 85' lang='lat' dir='ltr'><strong>continentius</strong></span> 
     </span>
    </p>
   </div>
   <div class='ocr_carea' id='block_1_91' title="bbox 1931 3919 3501 3991">
    <p class='ocr_par' dir='ltr' id='par_1_91' title="bbox 1931 3919 3501 3991">
     <span class='ocr_line' id='line_1_91' title="bbox 1931 3919 3501 3991; baseline -0.003 -18"><span class='ocrx_word' id='word_1_676' title='bbox 1931 3922 2062 3990; x_wconf 89' lang='lat' dir='ltr'><strong>agit.</strong></span> <span class='ocrx_word' id='word_1_677' title='bbox 2119 3920 2252 3990; x_wconf 83' lang='lat' dir='ltr'><strong>Regi</strong></span> <span class='ocrx_word' id='word_1_678' title='bbox 2303 3930 2525 3991; x_wconf 87' lang='lat' dir='ltr'><strong>pr0pter</strong></span> <span class='ocrx_word' id='word_1_679' title='bbox 2556 3930 2761 3976; x_wconf 87' lang='lat' dir='ltr'><strong>metum</strong></span> <span class='ocrx_word' id='word_1_680' title='bbox 2792 3929 2981 3990; x_wconf 83' lang='lat' dir='ltr'><strong>gentes</strong></span> <span class='ocrx_word' id='word_1_681' title='bbox 3014 3919 3301 3987; x_wconf 84' lang='lat' dir='ltr'><strong>subjacent</strong></span> <span class='ocrx_word' id='word_1_682' title='bbox 3330 3926 3383 3970; x_wconf 91' lang='lat' dir='ltr'><strong>et</strong></span> <span class='ocrx_word' id='word_1_683' title='bbox 3412 3932 3501 3969; x_wconf 88' lang='lat' dir='ltr'><strong>ar-</strong></span> 
     </span>
    </p>
   </div>
   <div class='ocr_carea' id='block_1_92' title="bbox 1932 4007 3498 4082">
    <p class='ocr_par' dir='ltr' id='par_1_92' title="bbox 1932 4007 3498 4082">
     <span class='ocr_line' id='line_1_92' title="bbox 1932 4007 3498 4082; baseline -0.003 -19"><span class='ocrx_word' id='word_1_684' title='bbox 1932 4020 2116 4067; x_wconf 88' lang='lat' dir='ltr'><strong>matus</strong></span> <span class='ocrx_word' id='word_1_685' title='bbox 2157 4022 2311 4082; x_wconf 90' lang='lat' dir='ltr'><strong>paret</strong></span> <span class='ocrx_word' id='word_1_686' title='bbox 2350 4015 2648 4068; x_wconf 88' lang='lat' dir='ltr'><strong>exercitus.</strong></span> <span class='ocrx_word' id='word_1_687' title='bbox 2694 4011 2847 4066; x_wconf 90' lang='lat' dir='ltr'><strong>Servi</strong></span> <span class='ocrx_word' id='word_1_688' title='bbox 2894 4026 3017 4064; x_wconf 88' lang='lat' dir='ltr'><strong>cum</strong></span> <span class='ocrx_word' id='word_1_689' title='bbox 3057 4011 3167 4065; x_wconf 90' lang='lat' dir='ltr'><strong>sint</strong></span> <span class='ocrx_word' id='word_1_690' title='bbox 3208 4007 3498 4062; x_wconf 85' lang='lat' dir='ltr'><strong>validiores</strong></span> 
     </span>
    </p>
   </div>
   <div class='ocr_carea' id='block_1_93' title="bbox 1929 4100 3494 4175">
    <p class='ocr_par' dir='ltr' id='par_1_93' title="bbox 1929 4100 3494 4175">
     <span class='ocr_line' id='line_1_93' title="bbox 1929 4100 3494 4175; baseline -0.004 -20"><span class='ocrx_word' id='word_1_691' title='bbox 1929 4103 2166 4157; x_wconf 87' lang='lat' dir='ltr'><strong>dominis</strong></span> <span class='ocrx_word' id='word_1_692' title='bbox 2198 4104 2348 4168; x_wconf 90' lang='lat' dir='ltr'><strong>suis,</strong></span> <span class='ocrx_word' id='word_1_693' title='bbox 2381 4112 2603 4175; x_wconf 90' lang='lat' dir='ltr'><strong>propter</strong></span> <span class='ocrx_word' id='word_1_694' title='bbox 2634 4113 2835 4159; x_wconf 90' lang='lat' dir='ltr'><strong>metum</strong></span> <span class='ocrx_word' id='word_1_695' title='bbox 2874 4111 3055 4157; x_wconf 87' lang='lat' dir='ltr'><strong>tamen</strong></span> <span class='ocrx_word' id='word_1_696' title='bbox 3099 4100 3327 4171; x_wconf 81' lang='lat' dir='ltr'><strong>imperia</strong></span> <span class='ocrx_word' id='word_1_697' title='bbox 3369 4113 3494 4168; x_wconf 91' lang='lat' dir='ltr'><strong>per-</strong></span> 
     </span>
    </p>
   </div>
   <div class='ocr_carea' id='block_1_94' title="bbox 1930 4192 3498 4266">
    <p class='ocr_par' dir='ltr' id='par_1_94' title="bbox 1930 4192 3498 4266">
     <span class='ocr_line' id='line_1_94' title="bbox 1930 4192 3498 4266; baseline -0.004 -18"><span class='ocrx_word' id='word_1_698' title='bbox 1930 4196 2110 4249; x_wconf 84' lang='lat' dir='ltr'><strong>ferunt</strong></span> <span class='ocrx_word' id='word_1_699' title='bbox 2138 4197 2509 4250; x_wconf 88' lang='lat' dir='ltr'><strong>dominorum.</strong></span> <span class='ocrx_word' id='word_1_700' title='bbox 2557 4196 2753 4250; x_wconf 62' lang='lat' dir='ltr'><strong>Bestia</strong></span> <span class='ocrx_word' id='word_1_701' title='bbox 2792 4196 2926 4266; x_wconf 80' lang='lat' dir='ltr'><strong>ipsa:</strong></span> <span class='ocrx_word' id='word_1_702' title='bbox 2972 4194 3099 4248; x_wconf 67' lang='lat' dir='ltr'><strong>fera:</strong></span> <span class='ocrx_word' id='word_1_703' title='bbox 3148 4199 3293 4245; x_wconf 88' lang='lat' dir='ltr'><strong>metu</strong></span> <span class='ocrx_word' id='word_1_704' title='bbox 3337 4192 3498 4243; x_wconf 88' lang='lat' dir='ltr'><strong>mite-</strong></span> 
     </span>
    </p>
   </div>
   <div class='ocr_carea' id='block_1_95' title="bbox 1928 4284 3494 4355">
    <p class='ocr_par' dir='ltr' id='par_1_95' title="bbox 1928 4284 3494 4355">
     <span class='ocr_line' id='line_1_95' title="bbox 1928 4284 3494 4355; baseline -0.003 -16"><span class='ocrx_word' id='word_1_705' title='bbox 1928 4293 2126 4339; x_wconf 89' lang='lat' dir='ltr'><strong>scunt:</strong></span> <span class='ocrx_word' id='word_1_706' title='bbox 2164 4286 2306 4338; x_wconf 89' lang='lat' dir='ltr'><strong>tauri</strong></span> <span class='ocrx_word' id='word_1_707' title='bbox 2342 4286 2667 4340; x_wconf 89' lang='lat' dir='ltr'><strong>validissimi</strong></span> <span class='ocrx_word' id='word_1_708' title='bbox 2694 4286 2827 4355; x_wconf 85' lang='lat' dir='ltr'><strong>jugo</strong></span> <span class='ocrx_word' id='word_1_709' title='bbox 2857 4284 2995 4338; x_wconf 90' lang='lat' dir='ltr'><strong>colla</strong></span> <span class='ocrx_word' id='word_1_710' title='bbox 3027 4284 3393 4343; x_wconf 90' lang='lat' dir='ltr'><strong>submittunt,</strong></span> <span class='ocrx_word' id='word_1_711' title='bbox 3439 4289 3494 4335; x_wconf 88' lang='lat' dir='ltr'><strong>et</strong></span> 
     </span>
    </p>
   </div>
   <div class='ocr_carea' id='block_1_96' title="bbox 1930 4374 3496 4446">
    <p class='ocr_par' dir='ltr' id='par_1_96' title="bbox 1930 4374 3496 4446">
     <span class='ocr_line' id='line_1_96' title="bbox 1930 4374 3496 4446; baseline -0.003 -16"><span class='ocrx_word' id='word_1_712' title='bbox 1930 4377 2195 4431; x_wconf 88' lang='lat' dir='ltr'><strong>immanes</strong></span> <span class='ocrx_word' id='word_1_713' title='bbox 2238 4376 2511 4445; x_wconf 90' lang='lat' dir='ltr'><strong>elephanti</strong></span> <span class='ocrx_word' id='word_1_714' title='bbox 2559 4376 2839 4446; x_wconf 83' lang='lat' dir='ltr'><strong>magistris</strong></span> <span class='ocrx_word' id='word_1_715' title='bbox 2884 4375 3262 4444; x_wconf 86' lang='lat' dir='ltr'><strong>obtemperant</strong></span> <span class='ocrx_word' id='word_1_716' title='bbox 3303 4389 3396 4443; x_wconf 92' lang='lat' dir='ltr'><strong>per</strong></span> <span class='ocrx_word' id='word_1_717' title='bbox 3427 4374 3496 4426; x_wconf 83' lang='lat' dir='ltr'><strong>ti-</strong></span> 
     </span>
    </p>
   </div>
   <div class='ocr_carea' id='block_1_97' title="bbox 1930 4465 3494 4535">
    <p class='ocr_par' dir='ltr' id='par_1_97' title="bbox 1930 4465 3494 4535">
     <span class='ocr_line' id='line_1_97' title="bbox 1930 4465 3494 4535; baseline -0.004 -12"><span class='ocrx_word' id='word_1_718' title='bbox 1930 4484 2158 4523; x_wconf 85' lang='lat' dir='ltr'><strong>morem.</strong></span> <span class='ocrx_word' id='word_1_719' title='bbox 2197 4465 2302 4523; x_wconf 92' lang='lat' dir='ltr'><strong>Sed</strong></span> <span class='ocrx_word' id='word_1_720' title='bbox 2333 4484 2432 4523; x_wconf 90' lang='lat' dir='ltr'><strong>cur</strong></span> <span class='ocrx_word' id='word_1_721' title='bbox 2472 4468 2727 4523; x_wconf 89' lang='lat' dir='ltr'><strong>humanis</strong></span> <span class='ocrx_word' id='word_1_722' title='bbox 2768 4475 2986 4521; x_wconf 92' lang='lat' dir='ltr'><strong>utamur</strong></span> <span class='ocrx_word' id='word_1_723' title='bbox 3025 4466 3326 4535; x_wconf 90' lang='lat' dir='ltr'><strong>exemplis,</strong></span> <span class='ocrx_word' id='word_1_724' title='bbox 3368 4480 3494 4518; x_wconf 89' lang='lat' dir='ltr'><strong>cum</strong></span> 
     </span>
    </p>
   </div>
   <div class='ocr_carea' id='block_1_98' title="bbox 1855 4545 3493 4629">
    <p class='ocr_par' dir='ltr' id='par_1_98' title="bbox 1855 4545 3493 4629">
     <span class='ocr_line' id='line_1_98' title="bbox 1855 4545 3493 4629; baseline -0.004 -12"><span class='ocrx_word' id='word_1_725' title='bbox 1855 4545 1898 4599; x_wconf 73' lang='grc' dir='ltr'>ί)</span> <span class='ocrx_word' id='word_1_726' title='bbox 1927 4564 2091 4617; x_wconf 85' lang='lat' dir='ltr'><strong>etiam</strong></span> <span class='ocrx_word' id='word_1_727' title='bbox 2138 4562 2321 4617; x_wconf 88' lang='lat' dir='ltr'><strong>divina</strong></span> <span class='ocrx_word' id='word_1_728' title='bbox 2365 4577 2474 4616; x_wconf 92' lang='lat' dir='ltr'><strong>non</strong></span> <span class='ocrx_word' id='word_1_729' title='bbox 2520 4561 2738 4616; x_wconf 87' lang='lat' dir='ltr'><strong>desint?</strong></span> <span class='ocrx_word' id='word_1_730' title='bbox 2787 4559 2978 4614; x_wconf 86' lang='lat' dir='ltr'><strong>Nonne</strong></span> <span class='ocrx_word' id='word_1_731' title='bbox 3025 4567 3173 4613; x_wconf 91' lang='lat' dir='ltr'><strong>terra</strong></span> <span class='ocrx_word' id='word_1_732' title='bbox 3223 4559 3339 4629; x_wconf 88' lang='lat' dir='ltr'><strong>ipsa</strong></span> <span class='ocrx_word' id='word_1_733' title='bbox 3391 4558 3493 4612; x_wconf 89' lang='lat' dir='ltr'><strong>sub</strong></span> 
     </span>
    </p>
   </div>
   <div class='ocr_carea' id='block_1_99' title="bbox 1926 4650 3492 4725">
    <p class='ocr_par' dir='ltr' id='par_1_99' title="bbox 1926 4650 3492 4725">
     <span class='ocr_line' id='line_1_99' title="bbox 1926 4650 3492 4725; baseline -0.002 -18"><span class='ocrx_word' id='word_1_734' title='bbox 1926 4655 2176 4724; x_wconf 68' lang='lat' dir='ltr'><strong>praecepti</strong></span> <span class='ocrx_word' id='word_1_735' title='bbox 2235 4663 2382 4708; x_wconf 91' lang='lat' dir='ltr'><strong>metu</strong></span> <span class='ocrx_word' id='word_1_736' title='bbox 2448 4662 2761 4725; x_wconf 88' lang='lat' dir='ltr'><strong>permanet,</strong></span> <span class='ocrx_word' id='word_1_737' title='bbox 2816 4650 2963 4723; x_wconf 88' lang='lat' dir='ltr'><strong>quod</strong></span> <span class='ocrx_word' id='word_1_738' title='bbox 3005 4653 3168 4706; x_wconf 89' lang='lat' dir='ltr'><strong>etiam</strong></span> <span class='ocrx_word' id='word_1_739' title='bbox 3214 4659 3378 4705; x_wconf 82' lang='lat' dir='ltr'><strong>motu’</strong></span> <span class='ocrx_word' id='word_1_740' title='bbox 3404 4651 3492 4704; x_wconf 89' lang='lat' dir='ltr'><strong>sui</strong></span> 
     </span>
    </p>
   </div>
   <div class='ocr_carea' id='block_1_100' title="bbox 1924 4744 3489 4802">
    <p class='ocr_par' dir='ltr' id='par_1_100' title="bbox 1924 4744 3489 4802">
     <span class='ocr_line' id='line_1_100' title="bbox 1924 4744 3489 4802; baseline -0.003 0"><span class='ocrx_word' id='word_1_741' title='bbox 1924 4756 1978 4802; x_wconf 91' lang='lat' dir='ltr'><strong>ct</strong></span> <span class='ocrx_word' id='word_1_742' title='bbox 2016 4756 2250 4802; x_wconf 89' lang='lat' dir='ltr'><strong>tremore</strong></span> <span class='ocrx_word' id='word_1_743' title='bbox 2309 4748 2575 4802; x_wconf 88' lang='lat' dir='ltr'><strong>testatur?</strong></span> <span class='ocrx_word' id='word_1_744' title='bbox 2628 4744 2775 4800; x_wconf 86' lang='lat' dir='ltr'><strong>Mare</strong></span> <span class='ocrx_word' id='word_1_745' title='bbox 2860 4753 3125 4801; x_wconf 85' lang='lat' dir='ltr'><strong>statutum</strong></span> <span class='ocrx_word' id='word_1_746' title='bbox 3200 4746 3489 4799; x_wconf 89' lang='lat' dir='ltr'><strong>terminum</strong></span> 
     </span>
    </p>
   </div>
   <div class='ocr_carea' id='block_1_101' title="bbox 1925 4836 3491 4909">
    <p class='ocr_par' dir='ltr' id='par_1_101' title="bbox 1925 4836 3491 4909">
     <span class='ocr_line' id='line_1_101' title="bbox 1925 4836 3491 4909; baseline -0.002 -18"><span class='ocrx_word' id='word_1_747' title='bbox 1925 4846 2139 4901; x_wconf 89' lang='lat' dir='ltr'><strong>servat,</strong></span> <span class='ocrx_word' id='word_1_748' title='bbox 2225 4836 2399 4909; x_wconf 91' lang='lat' dir='ltr'><strong>angeli</strong></span> <span class='ocrx_word' id='word_1_749' title='bbox 2472 4851 2660 4907; x_wconf 88' lang='lat' dir='ltr'><strong>pacem</strong></span> <span class='ocrx_word' id='word_1_750' title='bbox 2729 4836 3082 4899; x_wconf 87' lang='lat' dir='ltr'><strong>custodiunt,</strong></span> <span class='ocrx_word' id='word_1_751' title='bbox 3175 4836 3343 4890; x_wconf 82' lang='lat' dir='ltr'><strong>stellae</strong></span> <span class='ocrx_word' id='word_1_752' title='bbox 3397 4850 3491 4889; x_wconf 89' lang='lat' dir='ltr'><strong>or-</strong></span> 
     </span>
    </p>
   </div>
   <div class='ocr_carea' id='block_1_102' title="bbox 1924 4925 3493 4995">
    <p class='ocr_par' dir='ltr' id='par_1_102' title="bbox 1924 4925 3493 4995">
     <span class='ocr_line' id='line_1_102' title="bbox 1924 4925 3493 4995; baseline 0 -16"><span class='ocrx_word' id='word_1_753' title='bbox 1924 4928 2104 4981; x_wconf 84' lang='lat' dir='ltr'><strong>dinem</strong></span> <span class='ocrx_word' id='word_1_754' title='bbox 2164 4934 2350 4982; x_wconf 85' lang='lat' dir='ltr'><strong>tenent</strong></span> <span class='ocrx_word' id='word_1_755' title='bbox 2405 4935 2460 4982; x_wconf 90' lang='lat' dir='ltr'><strong>et</strong></span> <span class='ocrx_word' id='word_1_756' title='bbox 2500 4925 2649 4981; x_wconf 84' lang='lat' dir='ltr'><strong>ﬂuvii</strong></span> <span class='ocrx_word' id='word_1_757' title='bbox 2708 4935 2954 4991; x_wconf 89' lang='lat' dir='ltr'><strong>meatus,</strong></span> <span class='ocrx_word' id='word_1_758' title='bbox 3021 4928 3294 4982; x_wconf 67' lang='lat' dir='ltr'><strong>daemones</strong></span> <span class='ocrx_word' id='word_1_759' title='bbox 3354 4942 3493 4995; x_wconf 84' lang='lat' dir='ltr'><strong>quo-</strong></span> 
     </span>
    </p>
   </div>
   <div class='ocr_carea' id='block_1_103' title="bbox 1922 5018 3491 5091">
    <p class='ocr_par' dir='ltr' id='par_1_103' title="bbox 1922 5018 3491 5091">
     <span class='ocr_line' id='line_1_103' title="bbox 1922 5018 3491 5091; baseline 0 -18"><span class='ocrx_word' id='word_1_760' title='bbox 1922 5035 2028 5089; x_wconf 91' lang='lat' dir='ltr'><strong>que</strong></span> <span class='ocrx_word' id='word_1_761' title='bbox 2079 5028 2288 5075; x_wconf 88' lang='lat' dir='ltr'><strong>certum</strong></span> <span class='ocrx_word' id='word_1_762' title='bbox 2338 5027 2422 5076; x_wconf 91' lang='lat' dir='ltr'><strong>est</strong></span> <span class='ocrx_word' id='word_1_763' title='bbox 2466 5018 2659 5074; x_wconf 89' lang='lat' dir='ltr'><strong>timore</strong></span> <span class='ocrx_word' id='word_1_764' title='bbox 2709 5018 2763 5073; x_wconf 93' lang='lat' dir='ltr'><strong>in</strong></span> <span class='ocrx_word' id='word_1_765' title='bbox 2818 5019 2998 5091; x_wconf 86' lang='lat' dir='ltr'><strong>fugam</strong></span> <span class='ocrx_word' id='word_1_766' title='bbox 3025 5020 3179 5074; x_wconf 89' lang='lat' dir='ltr'><strong>verti.</strong></span> <span class='ocrx_word' id='word_1_767' title='bbox 3207 5018 3269 5072; x_wconf 88' lang='lat' dir='ltr'><strong>Et</strong></span> <span class='ocrx_word' id='word_1_768' title='bbox 3301 5034 3367 5073; x_wconf 92' lang='lat' dir='ltr'><strong>ne</strong></span> <span class='ocrx_word' id='word_1_769' title='bbox 3396 5034 3491 5089; x_wconf 88' lang='lat' dir='ltr'><strong>per</strong></span> 
     </span>
    </p>
   </div>
   <div class='ocr_carea' id='block_1_104' title="bbox 1542 5229 2179 5293">
    <p class='ocr_par' dir='ltr' id='par_1_104' title="bbox 1542 5229 2179 5293">
     <span class='ocr_line' id='line_1_104' title="bbox 1542 5229 2179 5293; baseline 0.008 -6"><span class='ocrx_word' id='word_1_770' title='bbox 1542 5229 1908 5288; x_wconf 81' lang='lat' dir='ltr'><strong>COTELERII</strong></span> <span class='ocrx_word' id='word_1_771' title='bbox 1948 5233 2179 5293; x_wconf 67' lang='grc' dir='ltr'><strong>ΝΟΤᾹΖ.</strong></span> 
     </span>
    </p>
   </div>
   <div class='ocr_carea' id='block_1_105' title="bbox 324 5416 1810 5493">
    <p class='ocr_par' dir='ltr' id='par_1_105' title="bbox 324 5416 1810 5493">
     <span class='ocr_line' id='line_1_105' title="bbox 324 5416 1810 5493; baseline 0.005 -23"><span class='ocrx_word' id='word_1_772' title='bbox 324 5416 436 5488; x_wconf 81' lang='grc'>(81)</span> <span class='ocrx_word' id='word_1_773' title='bbox 476 5416 731 5493; x_wconf 26' lang='lat' dir='ltr'><strong>GumApro</strong></span> <span class='ocrx_word' id='word_1_774' title='bbox 759 5423 955 5493; x_wconf 76' lang='lat' dir='ltr'><strong>amoris</strong></span> <span class='ocrx_word' id='word_1_775' title='bbox 980 5423 1196 5477; x_wconf 78' lang='lat' dir='ltr'><strong>crimine</strong></span> <span class='ocrx_word' id='word_1_776' title='bbox 1230 5424 1298 5477; x_wconf 87' lang='lat' dir='ltr'><strong>ad</strong></span> <span class='ocrx_word' id='word_1_777' title='bbox 1319 5426 1630 5493; x_wconf 78' lang='lat' dir='ltr'><strong>supplicium</strong></span> <span class='ocrx_word' id='word_1_778' title='bbox 1661 5425 1810 5478; x_wconf 76' lang='lat' dir='ltr'><strong>duci-</strong></span> 
     </span>
    </p>
   </div>
   <div class='ocr_carea' id='block_1_106' title="bbox 253 5489 1813 5565">
    <p class='ocr_par' dir='ltr' id='par_1_106' title="bbox 253 5489 1813 5565">
     <span class='ocr_line' id='line_1_106' title="bbox 253 5489 1813 5565; baseline 0.006 -27"><span class='ocrx_word' id='word_1_779' title='bbox 253 5494 360 5565; x_wconf 65' lang='lat' dir='ltr'><strong>tur,</strong></span> <span class='ocrx_word' id='word_1_780' title='bbox 385 5489 785 5565; x_wconf 61' lang='lat' dir='ltr'><strong>et_ad_§tipi_tem</strong></span> <span class='ocrx_word' id='word_1_781' title='bbox 811 5492 1093 5565; x_wconf 69' lang='lat' dir='ltr'><strong>colligatur</strong></span> <span class='ocrx_word' id='word_1_782' title='bbox 1127 5489 1576 5549; x_wconf 47' lang='lat' dir='ltr'><strong>urendumdulius</strong></span> <span class='ocrx_word' id='word_1_783' title='bbox 1595 5496 1813 5565; x_wconf 86' lang='lat' dir='ltr'><strong>Capito-</strong></span> 
     </span>
    </p>
   </div>
   <div class='ocr_carea' id='block_1_107' title="bbox 252 5557 1813 5635">
    <p class='ocr_par' dir='ltr' id='par_1_107' title="bbox 252 5557 1813 5635">
     <span class='ocr_line' id='line_1_107' title="bbox 252 5557 1813 5635; baseline 0.008 -29"><span class='ocrx_word' id='word_1_784' title='bbox 252 5557 397 5635; x_wconf 76' lang='lat' dir='ltr'><strong>linus</strong></span> <span class='ocrx_word' id='word_1_785' title='bbox 425 5558 492 5635; x_wconf 76' lang='lat' dir='ltr'><strong>de</strong></span> <span class='ocrx_word' id='word_1_786' title='bbox 523 5558 762 5635; x_wconf 65' lang='lat' dir='ltr'><strong>Macrino</strong></span> <span class='ocrx_word' id='word_1_787' title='bbox 792 5579 804 5614; x_wconf 92' lang='lat'><strong>:</strong></span> <span class='ocrx_word' id='word_1_788' title='bbox 830 5557 1093 5635; x_wconf 74' lang='lat' dir='ltr'><strong>Adulterii</strong></span> <span class='ocrx_word' id='word_1_789' title='bbox 1117 5580 1233 5635; x_wconf 63' lang='lat' dir='ltr'><strong>[eos</strong></span> <span class='ocrx_word' id='word_1_790' title='bbox 1267 5582 1465 5633; x_wconf 83' lang='lat' dir='ltr'><strong>semper</strong></span> <span class='ocrx_word' id='word_1_791' title='bbox 1492 5567 1627 5620; x_wconf 80' lang='lat' dir='ltr'><strong>vivos</strong></span> <span class='ocrx_word' id='word_1_792' title='bbox 1655 5557 1813 5619; x_wconf 73' lang='lat' dir='ltr'><strong>simul</strong></span> 
     </span>
    </p>
   </div>
   <div class='ocr_carea' id='block_1_108' title="bbox 250 5627 1818 5705">
    <p class='ocr_par' dir='ltr' id='par_1_108' title="bbox 250 5627 1818 5705">
     <span class='ocr_line' id='line_1_108' title="bbox 250 5627 1818 5705; baseline 0.008 -28"><span class='ocrx_word' id='word_1_793' title='bbox 250 5627 504 5705; x_wconf 69' lang='lat' dir='ltr'><strong>incendit.</strong></span> <span class='ocrx_word' id='word_1_794' title='bbox 525 5629 727 5705; x_wconf 75' lang='lat' dir='ltr'><strong>junctis</strong></span> <span class='ocrx_word' id='word_1_795' title='bbox 757 5633 1076 5705; x_wconf 70' lang='lat' dir='ltr'><strong>corporibus.</strong></span> <span class='ocrx_word' id='word_1_796' title='bbox 1116 5632 1253 5705; x_wconf 82' lang='lat' dir='ltr'><strong>Nota</strong></span> <span class='ocrx_word' id='word_1_797' title='bbox 1283 5627 1467 5704; x_wconf 79' lang='lat' dir='ltr'><strong>postea</strong></span> <span class='ocrx_word' id='word_1_798' title='bbox 1503 5637 1706 5689; x_wconf 90' lang='lat' dir='ltr'><strong>variam</strong></span> <span class='ocrx_word' id='word_1_799' title='bbox 1738 5636 1818 5689; x_wconf 91' lang='lat' dir='ltr'><strong>le-</strong></span> 
     </span>
    </p>
   </div>
   <div class='ocr_carea' id='block_1_109' title="bbox 251 5700 1813 5775">
    <p class='ocr_par' dir='ltr' id='par_1_109' title="bbox 251 5700 1813 5775">
     <span class='ocr_line' id='line_1_109' title="bbox 251 5700 1813 5775; baseline 0.007 -28"><span class='ocrx_word' id='word_1_800' title='bbox 251 5700 486 5753; x_wconf 89' lang='lat' dir='ltr'><strong>ctionem</strong></span> <span class='ocrx_word' id='word_1_801' title='bbox 534 5700 696 5754; x_wconf 90' lang='lat' dir='ltr'><strong>etiam</strong></span> <span class='ocrx_word' id='word_1_802' title='bbox 745 5704 946 5775; x_wconf 79' lang='lat' dir='ltr'><strong>codicis</strong></span> <span class='ocrx_word' id='word_1_803' title='bbox 996 5702 1169 5774; x_wconf 81' lang='lat' dir='ltr'><strong>Regii,</strong></span> <span class='ocrx_word' id='word_1_804' title='bbox 1199 5700 1368 5775; x_wconf 79' lang='lat' dir='ltr'><strong>quém,</strong></span> <span class='ocrx_word' id='word_1_805' title='bbox 1410 5705 1474 5759; x_wconf 88' lang='lat' dir='ltr'><strong>ad</strong></span> <span class='ocrx_word' id='word_1_806' title='bbox 1521 5720 1813 5775; x_wconf 81' lang='lat' dir='ltr'><strong>puerorum</strong></span> 
     </span>
    </p>
   </div>
   <div class='ocr_carea' id='block_1_110' title="bbox 256 5773 1817 5842">
    <p class='ocr_par' dir='ltr' id='par_1_110' title="bbox 256 5773 1817 5842">
     <span class='ocr_line' id='line_1_110' title="bbox 256 5773 1817 5842; baseline 0.006 -20"><span class='ocrx_word' id='word_1_807' title='bbox 256 5775 499 5839; x_wconf 87' lang='lat' dir='ltr'><strong>stuprum</strong></span> <span class='ocrx_word' id='word_1_808' title='bbox 522 5778 875 5838; x_wconf 85' lang='lat' dir='ltr'><strong>spectantem,</strong></span> <span class='ocrx_word' id='word_1_809' title='bbox 901 5773 967 5829; x_wconf 89' lang='lat' dir='ltr'><strong>de</strong></span> <span class='ocrx_word' id='word_1_810' title='bbox 996 5773 1102 5842; x_wconf 86' lang='lat' dir='ltr'><strong>quo</strong></span> <span class='ocrx_word' id='word_1_811' title='bbox 1134 5773 1363 5835; x_wconf 85' lang='lat' dir='ltr'><strong>llammis</strong></span> <span class='ocrx_word' id='word_1_812' title='bbox 1394 5773 1700 5832; x_wconf 84' lang='lat' dir='ltr'><strong>vindicibus</strong></span> <span class='ocrx_word' id='word_1_813' title='bbox 1723 5792 1817 5831; x_wconf 77' lang='lat' dir='ltr'><strong>ex-</strong></span> 
     </span>
    </p>
   </div>
   <div class='ocr_carea' id='block_1_111' title="bbox 1917 5419 3483 5506">
    <p class='ocr_par' dir='ltr' id='par_1_111' title="bbox 1917 5419 3483 5506">
     <span class='ocr_line' id='line_1_111' title="bbox 1917 5419 3483 5506; baseline 0 -29"><span class='ocrx_word' id='word_1_814' title='bbox 1917 5425 2117 5506; x_wconf 77' lang='lat' dir='ltr'><strong>piando</strong></span> <span class='ocrx_word' id='word_1_815' title='bbox 2155 5425 2518 5480; x_wconf 87' lang='lat' dir='ltr'><strong>Valentiniani</strong></span> <span class='ocrx_word' id='word_1_816' title='bbox 2553 5425 2634 5480; x_wconf 89' lang='lat' dir='ltr'><strong>lex</strong></span> <span class='ocrx_word' id='word_1_817' title='bbox 2681 5432 2861 5480; x_wconf 87' lang='lat' dir='ltr'><strong>exstat</strong></span> <span class='ocrx_word' id='word_1_818' title='bbox 2908 5424 2962 5477; x_wconf 92' lang='lat' dir='ltr'><strong>in</strong></span> <span class='ocrx_word' id='word_1_819' title='bbox 3011 5423 3201 5478; x_wconf 87' lang='lat' dir='ltr'><strong>codice</strong></span> <span class='ocrx_word' id='word_1_820' title='bbox 3228 5419 3483 5477; x_wconf 87' lang='lat' dir='ltr'><strong>Theodo-</strong></span> 
     </span>
    </p>
   </div>
   <div class='ocr_carea' id='block_1_112' title="bbox 1917 5512 2092 5550">
    <p class='ocr_par' dir='ltr' id='par_1_112' title="bbox 1917 5512 2092 5550">
     <span class='ocr_line' id='line_1_112' title="bbox 1917 5512 2092 5550; baseline -0.006 0"><span class='ocrx_word' id='word_1_821' title='bbox 1917 5512 2092 5550; x_wconf 76' lang='lat' dir='ltr'><strong>snano.</strong></span> 
     </span>
    </p>
   </div>
   <div class='ocr_carea' id='block_1_113' title="bbox 1989 5563 3483 5634">
    <p class='ocr_par' dir='ltr' id='par_1_113' title="bbox 1989 5563 3483 5634">
     <span class='ocr_line' id='line_1_113' title="bbox 1989 5563 3483 5634; baseline -0.004 -15"><span class='ocrx_word' id='word_1_822' title='bbox 1989 5565 2099 5634; x_wconf 70' lang='lat'><strong>(82)</strong></span> <span class='ocrx_word' id='word_1_823' title='bbox 2137 5564 2483 5620; x_wconf 76' lang='lat' dir='ltr'><strong>Climacteras</strong></span> <span class='ocrx_word' id='word_1_824' title='bbox 2505 5567 2642 5620; x_wconf 84' lang='lat' dir='ltr'><strong>enim</strong></span> <span class='ocrx_word' id='word_1_825' title='bbox 2672 5564 2875 5627; x_wconf 84' lang='lat' dir='ltr'><strong>dicunt,</strong></span> <span class='ocrx_word' id='word_1_826' title='bbox 2908 5564 3061 5627; x_wconf 78' lang='lat' dir='ltr'><strong>quasi</strong></span> <span class='ocrx_word' id='word_1_827' title='bbox 3102 5563 3323 5634; x_wconf 77' lang='lat' dir='ltr'><strong>periqui</strong></span> <span class='ocrx_word' id='word_1_828' title='bbox 3353 5571 3483 5614; x_wconf 81' lang='lat' dir='ltr'><strong>tem-</strong></span> 
     </span>
    </p>
   </div>
   <div class='ocr_carea' id='block_1_114' title="bbox 1918 5626 3483 5706">
    <p class='ocr_par' dir='ltr' id='par_1_114' title="bbox 1918 5626 3483 5706">
     <span class='ocr_line' id='line_1_114' title="bbox 1918 5626 3483 5706; baseline -0.003 -19"><span class='ocrx_word' id='word_1_829' title='bbox 1918 5626 2035 5706; x_wconf 66' lang='lat' dir='ltr'><strong>pus.</strong></span> <span class='ocrx_word' id='word_1_830' title='bbox 2073 5635 2206 5691; x_wconf 92' lang='lat' dir='ltr'><strong>Vide</strong></span> <span class='ocrx_word' id='word_1_831' title='bbox 2252 5653 2390 5705; x_wconf 87' lang='lat' dir='ltr'><strong>quos</strong></span> <span class='ocrx_word' id='word_1_832' title='bbox 2440 5637 2538 5690; x_wconf 88' lang='lat' dir='ltr'><strong>hac</strong></span> <span class='ocrx_word' id='word_1_833' title='bbox 2571 5637 2622 5689; x_wconf 92' lang='lat' dir='ltr'><strong>in</strong></span> <span class='ocrx_word' id='word_1_834' title='bbox 2653 5651 2708 5690; x_wconf 91' lang='lat' dir='ltr'><strong>re</strong></span> <span class='ocrx_word' id='word_1_835' title='bbox 2736 5626 2869 5690; x_wconf 90' lang='lat' dir='ltr'><strong>citat</strong></span> <span class='ocrx_word' id='word_1_836' title='bbox 2896 5626 3248 5689; x_wconf 80' lang='lat' dir='ltr'><strong>doctissimus</strong></span> <span class='ocrx_word' id='word_1_837' title='bbox 3264 5626 3483 5706; x_wconf 51' lang='lat' dir='ltr'><strong>‘Savaro</strong></span> 
     </span>
    </p>
   </div>
   <div class='ocr_carea' id='block_1_115' title="bbox 1923 5703 3484 5775">
    <p class='ocr_par' dir='ltr' id='par_1_115' title="bbox 1923 5703 3484 5775">
     <span class='ocr_line' id='line_1_115' title="bbox 1923 5703 3484 5775; baseline -0.001 -18"><span class='ocrx_word' id='word_1_838' title='bbox 1923 5703 1988 5759; x_wconf 84' lang='lat' dir='ltr'><strong>ad</strong></span> <span class='ocrx_word' id='word_1_839' title='bbox 2044 5706 2249 5761; x_wconf 90' lang='lat' dir='ltr'><strong>Sidonii</strong></span> <span class='ocrx_word' id='word_1_840' title='bbox 2271 5703 2455 5775; x_wconf 39' lang='lat' dir='ltr'><strong>‘epist.</strong></span> <span class='ocrx_word' id='word_1_841' title='bbox 2481 5707 2565 5763; x_wconf 79' lang='lat' dir='ltr'><strong>ll.</strong></span> <span class='ocrx_word' id='word_1_842' title='bbox 2601 5707 2693 5761; x_wconf 91' lang='lat' dir='ltr'><strong>lib.</strong></span> <span class='ocrx_word' id='word_1_843' title='bbox 2718 5722 2836 5771; x_wconf 80' lang='lat' dir='ltr'><strong>vin,</strong></span> <span class='ocrx_word' id='word_1_844' title='bbox 2868 5720 2968 5760; x_wconf 89' lang='lat' dir='ltr'><strong>nec</strong></span> <span class='ocrx_word' id='word_1_845' title='bbox 2998 5721 3105 5760; x_wconf 89' lang='lat' dir='ltr'><strong>non</strong></span> <span class='ocrx_word' id='word_1_846' title='bbox 3134 5706 3235 5759; x_wconf 73' lang='grc' dir='ltr'><strong>ΜΗ</strong></span> <span class='ocrx_word' id='word_1_847' title='bbox 3270 5703 3484 5759; x_wconf 82' lang='lat' dir='ltr'><strong>abbatis</strong></span> 
     </span>
    </p>
   </div>
   <div class='ocr_carea' id='block_1_116' title="bbox 1923 5777 2582 5846">
    <p class='ocr_par' dir='ltr' id='par_1_116' title="bbox 1923 5777 2582 5846">
     <span class='ocr_line' id='line_1_116' title="bbox 1923 5777 2582 5846; baseline -0.003 -14"><span class='ocrx_word' id='word_1_848' title='bbox 1923 5778 2204 5846; x_wconf 85' lang='lat' dir='ltr'><strong>epistolam</strong></span> <span class='ocrx_word' id='word_1_849' title='bbox 2233 5777 2358 5841; x_wconf 72' lang='lat'><strong>258,</strong></span> <span class='ocrx_word' id='word_1_850' title='bbox 2390 5779 2481 5832; x_wconf 85' lang='lat' dir='ltr'><strong>lib.</strong></span> <span class='ocrx_word' id='word_1_851' title='bbox 2519 5792 2582 5831; x_wconf 83' lang='grc' dir='ltr'><strong>ιι.</strong></span> 
     </span>
    </p>
   </div>
  </div>
