3888 6192
344 327 481 386 H09

1574 328 2132 386 RECOGNITIONUM
2170 328 2277 383 LIB
2339 328 2428 383 IX.

3439 324 3570 379 HIO

340 460 470 499 eum
505 441 678 498 Marte
704 443 749 498 si
781 442 852 497 sit
882 443 935 497 in
964 441 1182 509 Ariete';
1212 441 1374 497 efIicit
1402 457 1432 496 e
1463 443 1742 496 contrario
1774 458 1897 497 mu-
1925 450 1970 505 Α
2000 440 2160 495 Seres
2190 441 2365 500 legum
2394 446 2571 493 metus
2603 436 2972 491 vehementior
2999 452 3032 507 q
3058 451 3160 489 tam
3188 436 3406 507 genesis
3432 451 3567 488 conv-

340 536 504 591 lieres
523 573 540 600 ,
578 534 626 591 si
654 535 726 590 sit
755 535 810 588 in
839 533 1201 604 Capraecornu
1233 540 1328 585 aut
1359 532 1615 601 Aquario.

342 678 345 679 ⁷
408 670 597 726 XVIII.
642 671 890 741 Cumque
928 671 1095 725 multa
1140 670 1207 725 de
1249 670 1336 723 his
1375 684 1538 724 senex
1577 678 1899 739 prosecutus

332 771 500 827 esset,
532 769 585 816 et
613 762 1034 831 unumquodque
1060 761 1279 816 schema
1311 760 1587 822 mathesis,
1620 762 1897 816 stellarum

332 871 552 925 quoque
604 854 903 925 positiones
944 861 1341 915 enumerasset,
1398 853 1584 907 volens
1637 867 1734 922 per
1783 853 1898 908 haec

331 945 640 1007 ostendere,
686 946 815 1015 quia
856 944 1019 998 timor
1048 958 1157 998 non
1197 943 1426 997 sufliciat
1455 942 1731 999 refrenare
1759 960 1897 999 eon-

330 1036 728 1105 cupiscentias,
797 1049 899 1104 ego
954 1049 1146 1088 rursus
1192 1032 1447 1103 respondi
1478 1049 1490 1083 :
1521 1032 1681 1098 Vere,
1712 1034 1893 1098 Pater,

327 1127 648 1181 doctissime
696 1134 751 1181 et
792 1125 1160 1180 eruditissime
1206 1131 1530 1195 prosecutus
1567 1140 1659 1188 es,
1692 1136 1746 1180 et
1775 1128 1894 1197 ipsa

327 1232 416 1273 me
465 1216 607 1270 ratio
653 1216 847 1270 invitat
894 1215 1097 1285 aliquid
1142 1214 1209 1268 ad
1257 1229 1320 1269 ea
1350 1229 1471 1285 quae
1511 1228 1541 1267 a
1578 1222 1632 1269 te
1660 1215 1893 1271 disserta

324 1312 455 1361 sunt
510 1304 861 1374 respondere,
920 1304 1175 1373 quoniam
1224 1304 1441 1374 quidem
1489 1304 1715 1359 scientia
1762 1306 1893 1361 mihi

325 1397 593 1452 mathesis
624 1405 751 1450 nota
783 1402 892 1459 est,
921 1403 974 1451 et
999 1395 1229 1449 libenter
1263 1409 1387 1448 cum
1415 1395 1629 1449 erudito
1650 1395 1767 1449 viro
1791 1396 1891 1449 ha-

325 1485 431 1542 beo
475 1501 805 1541 sermonem.
838 1486 1039 1554 Accipe
1062 1500 1193 1555 ergo
1220 1484 1287 1539 ad
1329 1499 1391 1538 ea
1436 1501 1556 1554 qua:
1591 1484 1798 1549 dixisti,
1832 1493 1892 1540 ut

322 1578 607 1632 evidenter
636 1591 903 1647 agnoscas
931 1577 1172 1646 genesim
1221 1590 1285 1628 ex
1330 1577 1502 1631 stellis
1531 1578 1752 1633 omnino
1780 1593 1890 1633 non

324 1684 471 1730 esse,
497 1675 551 1723 et
576 1668 704 1738 quia
736 1667 998 1738 possibile
1039 1666 1111 1720 sit
1149 1665 1340 1720 obsisti
1393 1666 1679 1721 adversum
1715 1669 1893 1737 impu-

320 1760 637 1829 gnationem
686 1758 992 1812 daemonum
1055 1760 1125 1813 ab
1177 1758 1259 1815 his
1313 1759 1406 1829 qui
1454 1757 1778 1830 confugiunt
1821 1761 1888 1815 ad
1922 1780 1965 1838 Β

326 1850 529 1913 Deum,
562 1864 625 1905 ac
649 1890 665 1915 ,
714 1851 856 1905 sicut
885 1851 1138 1922 praedixi,
1173 1867 1281 1907 non
1309 1853 1483 1907 solum
1514 1868 1610 1922 per
1638 1854 1888 1909 timorem

326 1942 424 1998 Dei
455 1943 734 1997 naturales
779 1944 1020 1997 cohiberi
1062 1943 1537 2013 concupiscentias
1583 1960 1765 2014 posse,
1794 1946 1893 2001 sed

319 2044 376 2090 et
424 2050 521 2106 per
564 2036 816 2091 timorem
838 2035 1147 2103 hominum,
1188 2036 1331 2091 sicut
1369 2035 1481 2105 jam
1515 2050 1662 2091 nunc
1697 2036 1895 2094 edoce-

318 2127 525 2183 bimus.

394 2258 536 2315 XIX.
569 2258 739 2330 Leges
772 2268 899 2316 sunt
933 2260 1046 2332 (89)
1086 2261 1142 2316 in
1184 2278 1511 2335 unaquaque
1552 2266 1774 2335 regione
1805 2266 1891 2322 vel

320 2364 495 2420 regno
528 2350 596 2404 ab
641 2350 955 2407 hominibus
1006 2353 1235 2422 positae,
1288 2355 1402 2410 sive
1457 2356 1729 2426 scriptura
1777 2360 1894 2415 sive

316 2440 483 2494 etiam
514 2457 617 2496 usu
641 2441 922 2508 durantes,
951 2458 1087 2515 quas
1116 2460 1274 2499 nemo
1297 2444 1453 2501 facile
1475 2448 1890 2518 transgreditur.

319 2528 568 2601 Denique
616 2533 779 2603 primi
826 2531 1012 2599 Seres,
1049 2536 1143 2606 qui
1184 2536 1339 2591 initio
1365 2538 1515 2594 orbis
1540 2548 1699 2594 terrae
1732 2540 1891 2595 habi—

316 2629 460 2686 tant,
494 2623 663 2693 legem
708 2625 907 2679 habent
956 2642 1134 2697 neque
1162 2627 1512 2683 homicidium
1558 2630 1669 2698 (90)
1716 2647 1891 2701 neque

320 2709 650 2763 adulterium
673 2727 848 2781 neque
871 2724 1109 2768 scortum
1134 2731 1316 2781 nosse,
1336 2733 1509 2787 neque
1532 2717 1734 2773 furtum
1757 2735 1901 2775 com-

322 2801 556 2864 mittere,
585 2816 759 2872 neque
784 2804 927 2858 idola
949 2807 1194 2860 venerari
1217 2825 1231 2874 ;
1259 2814 1313 2861 et
1351 2809 1404 2861 in
1436 2809 1524 2864 illa
1549 2810 1697 2863 omni
1723 2812 1898 2883 regio-

322 2906 413 2957 ne,
431 2907 552 2961 quae
570 2901 652 2949 est
668 2894 925 2961 maxima,
944 2912 1116 2966 neque
1135 2899 1390 2967 templum
1414 2898 1703 2966 invenitur,
1724 2917 1897 2972 neque

320 2982 697 3047 simulacrum,
725 3001 899 3056 neque
934 2990 1210 3056 meretrix,
1235 3006 1409 3060 neque
1429 2992 1690 3058 adultera,
1720 3009 1895 3063 neque

2002 534 2255 589 stellatio.

2072 624 2188 678 XX.
2222 626 2360 679 Sunt
2388 623 2640 679 similiter
2662 629 2715 677 et
2744 621 2886 692 apud
2918 619 3140 675 Bactros
3171 620 3224 673 in
3256 618 3565 690 regionibus

2000 716 2253 770 Indorum
2290 716 2566 770 immensw
2592 712 2965 767 multitudines
2992 711 3439 781 Bragmanorum,
3471 713 3562 782 qui

1999 815 2053 869 et
2086 807 2187 876 ipsi
2220 823 2284 861 ex
2328 807 2619 861 traditione
2646 805 2936 874 majorum.
2980 804 3223 857 moribus
3249 804 3565 874 legibusque

1998 899 2384 963 concordibus,
2418 914 2594 968 neque
2628 895 2981 951 homicidium
3030 911 3205 964 neque
3238 895 3561 950 adulterium

1997 992 2382 1055 committunt,
2434 1006 2610 1060 neque
2653 989 2949 1043 simulacra
3000 988 3187 1041 colunt
3236 1003 3412 1057 neque
3448 989 3564 1049 ani-

1996 1084 2200 1137 mantia
2234 1081 2393 1137 edere
2419 1082 2470 1135 in
2503 1097 2602 1135 usu
2631 1080 2852 1142 habent,
2888 1094 3165 1148 utinquam
3199 1079 3559 1145 inebriantur,

1995 1191 2272 1245 nunquam
2300 1175 2569 1229 malitiose
2605 1171 2805 1242 aliquid
2832 1179 3057 1241 gerunt,
3088 1173 3181 1227 sed
3212 1171 3376 1227 Deum
3422 1188 3564 1226 sem-

1995 1284 2091 1338 per
2122 1268 2342 1333 timent;
2365 1274 2419 1321 et
2442 1266 2657 1336 quidem
2690 1265 2804 1318 hac
2834 1263 2928 1327 illi,
2952 1279 3074 1316 cum
3097 1264 3275 1317 caeteri
3310 1262 3562 1317 Indorum

1992 1366 2047 1413 et
2077 1357 2367 1411 homicidia
2397 1368 2451 1411 et
2490 1354 2755 1410 adulteria
2789 1354 3151 1414 committant,
3185 1362 3237 1408 et
3271 1354 3563 1409 simulacra

1993 1449 2192 1511 colant,
2228 1457 2281 1503 et
2304 1447 2660 1510 inebrientur,
2692 1454 2854 1517 atque
2885 1445 2988 1498 alia
3020 1445 3329 1513 hujusmodi
3360 1444 3561 1514 ﬂagitia

1991 1549 2301 1595 exerceant.
2335 1538 2440 1595 Sed
2469 1547 2523 1593 et
2548 1540 2599 1593 in
2634 1539 2806 1609 ipsius
2840 1538 3007 1592 Indiae
3033 1537 3386 1591 nihilominus
3414 1536 3554 1589 oeci-

1991 1631 2115 1687 duis
2144 1633 2390 1702 partihus
2428 1631 2579 1701 regio
2622 1630 2870 1700 quadam
2903 1638 2987 1685 est
3018 1631 3153 1701 (illi,
3182 1630 3275 1684 ubi
3320 1628 3560 1698 hospites

1993 1739 2117 1777 cum
2149 1723 2464 1785 inciderint,
2497 1722 2642 1788 capti
2686 1721 3037 1775 immolantur
3075 1728 3130 1773 et
3178 1719 3559 1782 comeduntur,

1992 1821 2047 1867 et
2079 1828 2255 1882 neque
2288 1812 2444 1865 bona:
2492 1811 2663 1866 stellae
2691 1817 2982 1866 vetuerunt
3011 1824 3106 1864 eos
3140 1810 3206 1861 ab
3250 1807 3559 1875 hujusmodi

1992 1900 2209 1972 flagitiis
2251 1910 2305 1955 et
2355 1902 2423 1955 ab
2471 1901 2821 1956 exsecrandis
2867 1899 3035 1963 cibis,
3090 1912 3265 1967 neque
3314 1894 3562 1965 maligna:

1993 1995 2164 2051 stellae
2191 1994 2574 2064 compulerunt
2605 1991 2959 2062 Bragmanas,
2992 1998 3050 2045 ut
3093 1988 3297 2059 aliquid
3341 1992 3565 2056 agerent

1992 2087 2141 2141 mali.
2182 2086 2278 2142 Est
2302 2103 2493 2142 rursus
2522 2102 2641 2141 mos
2664 2086 2806 2156 apud
2839 2085 3053 2148 Persas,
3089 2091 3291 2138 matres
3320 2082 3565 2150 accipere

1993 2181 2048 2231 in
2082 2177 2393 2247 conjugium
2418 2186 2471 2233 et
2503 2192 2722 2233 sorores
2755 2184 2808 2232 et
2848 2177 3009 2238 filias,
3054 2184 3108 2230 et
3154 2175 3255 2229 sub
3286 2173 3379 2227 illo
3412 2172 3562 2226 omni

1993 2283 2093 2323 axe
2118 2269 2324 2324 incesta
2348 2268 2529 2324 Persae
2550 2269 2742 2323 ineunt
2766 2267 3133 2321 matrimonia.

2063 2356 2203 2412 XXI.
2232 2356 2310 2412 Ac
2337 2373 2405 2413 ne
2440 2356 2577 2412 forte
2600 2358 2760 2411 liceat
2789 2356 2874 2411 his
2896 2356 2987 2425 qui
3015 2353 3301 2408 mathesim
3325 2369 3564 2424 sequun-

1995 2457 2083 2504 tur
2112 2450 2189 2503 uti
2234 2450 2326 2503 illo
2367 2448 2614 2520 perfugio
2654 2463 2762 2518 quo
2804 2448 3015 2509 dicunt,
3060 2455 3243 2501 certas
3297 2444 3561 2516 quasdam

1991 2558 2113 2597 esse
2163 2543 2347 2613 plagas
2379 2542 2526 2603 cceli,
2555 2542 2755 2607 quibus
2802 2540 3023 2610 propria
3070 2540 3315 2609 quaedam
3362 2539 3564 2593 habere

1992 2634 2331 2697 conceditur,
2378 2648 2444 2686 ex
2494 2632 2611 2701 ipsa
2662 2630 2948 2685 Persarum
2994 2637 3154 2700 gente
3197 2628 3459 2697 aliquanti
3495 2627 3563 2681 ad

1996 2724 2285 2794 peregrina
2326 2722 2555 2793 profecti
2599 2731 2762 2785 sunt,
2802 2720 2894 2791 qui
2936 2719 3191 2789 lllagusmi
3232 2707 3343 2789 (92)
3380 2718 3566 2788 appel-

1992 2812 2192 2875 lantur,
2232 2828 2295 2866 ex
2329 2813 2529 2882 quibus
2564 2828 2737 2883 usque
2770 2812 2823 2865 in
2850 2810 3176 2865 hodiernum
3214 2817 3343 2864 sunt
3378 2809 3470 2861 alii
3507 2808 3562 2862 in

1994 2901 2189 2965 Media,
2227 2903 2319 2956 alii
2348 2903 2403 2956 in
2438 2901 2679 2963 Parthia,
2712 2899 2806 2956 sed
2841 2906 2894 2953 et
2936 2899 2989 2952 in
3019 2898 3254 2969 Egypto
3290 2898 3562 2961 nonnulli,

1990 2993 2176 3063 plures
2202 3000 2380 3045 autem
2412 2993 2465 3046 in
2494 2990 2704 3045 Galatia
2730 2999 2783 3044 et
2816 2990 3072 3061 Phrygia,
3114 2989 3209 3059 qui
3243 3005 3433 3044 omnes
3480 2989 3565 3043 iu-

317 3072 409 3173 f'ur
454 3074 533 3173 ad‘
562 3074 829 3173 judicium
871 3077 1186 3173 deducitur,
1232 3078 1325 3133 sed
1368 3094 1543 3149 neque
1576 3080 1790 3136 occisus
1818 3082 1891 3135 ibi
1918 3112 1963 3173 ο
1994 3090 2158 3139 cesta:
2221 3082 2387 3151 hujus
2452 3081 2769 3136 traditionis
2832 3080 3062 3134 fortnam
3122 3078 3561 3135 indeclinabilem

316 3165 484 3219 homo
512 3163 683 3221 fertur
710 3167 1023 3237 aliquando,
1049 3178 1103 3223 et
1124 3179 1303 3224 tamen
1328 3171 1528 3225 nullius
1554 3172 1773 3227 libertas
1803 3190 1891 3227 ar-
1924 3163 1963 3173 ⁷
1993 3186 2206 3230 servant
2231 3213 2246 3238 ,
2295 3188 2358 3227 ac
2414 3173 2649 3241 posteris
2709 3172 3122 3226 custodiendam
3185 3173 3564 3226 transmittunt

314 3255 465 3310 bitrii
510 3256 790 3325 compulsa
836 3268 919 3312 est
958 3258 1255 3313 secundum
1300 3275 1397 3315 vos
1427 3276 1456 3314 a
1504 3261 1656 3315 stella
1701 3262 1889 3319 Martis

313 3346 507 3419 ignita,
544 3356 603 3402 ut
628 3346 772 3402 ferro
802 3358 1044 3403 uteretur
1066 3350 1135 3403 ad
1168 3350 1403 3404 hominis
1430 3365 1639 3415 necem,
1663 3368 1763 3409 nec
1791 3352 1889 3410 Ve-

314 3453 421 3494 nus
451 3453 575 3494 cum
603 3437 773 3494 Marte
800 3440 975 3510 posita
1017 3440 1253 3495 alienum
1290 3442 1697 3499 matrimonium
1729 3460 1885 3501 com-

313 3528 453 3598 pulit
475 3528 676 3594 vitiari,
709 3545 833 3585 cum
875 3532 1061 3602 utique
1082 3531 1227 3601 apud
1257 3547 1351 3587 eos
1375 3548 1471 3603 per
1498 3535 1741 3607 singulos
1766 3537 1885 3596 dies

318 3617 464 3675 Mars
511 3620 748 3676 medium
796 3622 923 3677 caeli
951 3624 1216 3678 circulum
1248 3632 1446 3682 teneat.
1480 3626 1585 3684 Sed
1627 3638 1712 3686 est
1741 3633 1887 3703 apud

1989 3266 2152 3321 etiam
2208 3279 2331 3319 cum
2383 3264 2594 3333 plagam
2626 3264 2749 3317 (ξαιιὶ
2787 3264 3150 3330 mutaverint,
3182 3263 3227 3295 “
3257 3278 3357 3317 nec
3381 3270 3563 3318 tamen

1990 3370 2085 3410 eos
2112 3353 2298 3410 Venus
2330 3369 2453 3409 cum
2480 3354 2631 3407 Luna
2658 3355 2712 3407 in
2740 3354 2936 3409 finibus
2958 3363 3011 3410 et
3038 3356 3290 3411 domibus
3316 3353 3560 3420 Saturni,

1990 3464 2115 3504 cum
2152 3447 2390 3502 Saturno
2418 3453 2711 3501 attestante
2749 3446 2914 3501 etiam
2947 3446 3140 3512 Marte,
3175 3448 3439 3519 compulit
3465 3448 3565 3502 ha-

1990 3543 2121 3598 bere
2153 3543 2295 3595 inter
2319 3547 2549 3595 caeteros
2574 3538 2815 3608 genesim
2843 3538 2976 3608 (93}.

2060 3630 2229 3689 XXII.
2257 3631 2415 3702 Apud
2440 3629 2603 3686 Gelos
2630 3628 2742 3701 (94)
2764 3644 2981 3699 quoque
3015 3646 3134 3686 mos
3156 3640 3258 3697 est,
3288 3641 3345 3685 ut
3371 3632 3561 3689 mulie-

387 3759 557 3816 “Nec
592 3772 833 3823 tamen...
867 3765 1094 3838 genesim
1123 3782 1233 3822 non
1263 3768 1515 3840 leguntur
1536 3772 1589 3825 in
1614 3772 1778 3828 codd.
1808 3772 1994 3845 Lipss.

1617 3905 1987 3964 COTELERII
2024 3904 2254 3963 NOTAE.

386 4029 497 4103 (89)
536 4029 695 4115 Leges
724 4042 867 4115 sunt,
908 4042 1029 4115 etc._
1047 4035 1159 4115 Hoc
1189 4042 1372 4115 caput,
1395 4037 1762 4115 et_sequent_ia
1790 4037 1881 4095 de-

310 4115 439 4179 cenl
478 4106 691 4179 accepit
732 4112 924 4179 auctor
951 4106 1417 4179 velginterpolator
1446 4106 1877 4179 Recognitionum

308 4187 376 4257 ex
402 4169 726 4257 Bardesanis
758 4174 1166 4257 Dialogishloco
1193 4169 1285 4247 qui
1312 4178 1518 4257 legitun
1537 4169 1875 4257 ap_ud_Euse-

307 4239 459 4322 bium
495 4240 749 4322 Ρινιιξριιτζ
786 4239 1283 4322 ευέιηῇ..1ὶὺ.χι,ἐ,
1306 4239 1648 4322 ίργεᾱίιίυιῖἰε
1668 4248 1881 4305 Graeco-

307 4307 515 4365 Latinae
544 4328 573 4365 a
607 4307 658 4382 p.
678 4312 803 4388 27a,
833 4314 895 4388 D,
916 4307 992 4388 Eld
1019 4332 1068 4384 p.
1096 4307 1222 4379 280,
1253 4318 1316 4371 A.
1338 4316 1413 4370 Ex
1434 4326 1665 4388 utroque
1695 4328 1876 4374 autem

308 4395 474 4448 opere
516 4398 615 4456 sua
664 4385 880 4456 collegit
900 4384 1183 4456 Caesarius
1208 4388 1509 4456 quaestione
1542 4384 1639 4441 109
1666 4398 1720 4443 et
1750 4391 1874 4454 fit),

306 4458 507 4526 citatus
535 4454 700 4526 etiam
740 4470 769 4507 a
805 4454 1052 4509 Cedreno
1082 4471 1203 4526 pag.
1226 4454 1363 4521 1'26,
1398 4457 1520 4519 127,
1550 4459 1681 4513 edit.
1709 4458 1872 4513 Basil.

1982 4042 2040 4095 in
2069 4038 2284 4092 duobus
2312 4034 2593 4091 codicibus
2625 4034 2802 4105 Regia:
2844 4034 3207 4099 bibliothecae,
3232 4032 3398 4105 didici
3438 4045 3562 4105 cor-7

1983 4108 2266 4180 rigendum
2290 4122 2432 4171 esse,
2453 4107 2529 4170 ὼς
2558 4102 2737 4168 κύνεξ.
2768 4108 2917 4161 Alias
2944 4106 3273 4174 conjicerem
3302 4102 3562 4157 Herodoti

1983 4179 2243 4235 Callatias
2274 4177 2359 4230 vel
2384 4175 2629 4231 Padaeos.
2658 4174 2789 4230 Vide
2810 4175 3031 4230 lecam
3066 4184 3218 4235 parte
3251 4189 3310 4233 ιι,
3346 4189 3399 4235 ι).
3437 4172 3558 4226 145.

2054 4189 2243 4232 illatias
2274 4189 2359 4230 vel
2385 4189 2629 4231 radaeos.
2664 4189 2789 4230 Viae
2810 4189 3031 4246 Ulycam
3066 4189 3218 4245 parte
3251 4189 3310 4233 ιι,
3346 4189 3399 4242 p.
3437 4189 3558 4226 ιω.

2054 4248 2166 4321 (92)
2208 4244 2485 4321 Magusg'i.
2518 4246 2722 4321 Nomen
2764 4248 3129 4321 aaquivocum.
3157 4242 3436 4321 Significat
3478 4243 3561 4296 in-

1983 4312 2188 4376 cestam
2222 4312 2363 4371 hanc
2391 4315 2717 4384 Bardesanis
2747 4312 2961 4384 gentem
2996 4334 3008 4369 :
3043 4314 3202 4384 cujus
3230 4312 3559 4384 mentionem

1983 4404 2201 4460 quoque
2222 4385 2379 4460 facit
2430 4383 2487 4439 S.
2539 4381 2776 4460 Basilius
2805 4386 3053 4460 _epis't_ola
3100 4383 3225 4460 525.
3279 4381 3562 4460 Significat

1984 4450 2178 4513 omnes
2221 4455 2444 4519 Persas,
2495 4454 2639 4524 apud
2687 4450 2911 4509 Suidain
2958 4455 3011 4508 in
3058 4455 3285 4508 vocibus
3304 4450 3558 4524 νγὸητεζα,

306 4518 439 4611 Qua:
475 4525 656 4576 omnia
689 4523 829 4611 inter
856 4510 1189 4611 se‘conférre
1218 4510 1395 4611 operae
1424 4510 1872 4611 pretiuhtlfnerit;
1910 4510 1954 4566 Ῐ)
1983 4510 2188 4611 Bipont
2219 4510 2552 4611 ει-ξκιαγὶῦγξ
2578 4539 2698 4611 ΙΨ.ιο
2731 4525 2919 4579 ultimo
2952 4526 3071 4611 loco
3126 4538 3236 4611 uno
3283 4510 3449 4611 duc‘t'u
3483 4510 3561 4611 le;

303 4588 417 4645 Nos
461 4607 632 4665 pauca
682 4594 1120 4665 subnotabimus,
1152 4588 1278 4665 quia
1308 4588 1500 4652 doctus
1533 4597 1748 4653 Eusebii
1797 4600 1879 4652 in-

305 4668 519 4741 terpres
549 4662 891 4741 C’azsai'iarias
921 4662 1183 4741 lectiones
1225 4665 1324 4741 ad_
1348 4666 1681 4722 Ensebianas
1714 4684 1880 4738 appo-

305 4732 435 4783 suit.
466 4762 531 4800 s
579 4732 800 4796 Confer,
848 4735 893 4789 si
938 4736 1088 4794 libet,
1134 4744 1265 4789 tom.
1306 4734 1324 4787 I
1360 4745 1560 4790 nostrae
1603 4732 1874 4800 Biblioih.,

304 4815 425 4869 pag.
447 4799 701 4866 682-688,
733 4814 785 4857 et
820 4804 1119 4875 Prolegom.
1152 4821 1274 4874 cap.
1294 4806 1384 4870 26,
1419 4806 1446 4876 ᾗ
1480 4807 1533 4873 5,
1565 4821 1686 4875 pag.
1709 4799 1879 4861 cxxni

303 4885 363 4923 se

373 4940 509 5014 (90)_
533 4939 697 5014 Primi
731 4941 905 5011 Seres,
932 4945 1023 5014 qui
1051 4946 1201 4999 initio
1242 4944 1383 4998 orbis
1434 4954 1587 5014 terrm
1615 4943 1876 5007 habitant,

304 5008 464 5083 legem
489 5010 699 5083 habent,
739 5008 899 5083 neque
920 5008 1283 5080 homicidium,
1314 5026 1418 5069 elc.
1452 5013 1510 5068 Iu
1538 5016 1801 5080 Caesario,
1828 5018 1877 5069 oi

300 5080 565 5156 sodxpov
585 5080 909 5156 17};_xépo’ou
941 5085 1233 5147 οἰκοῦντες.
1290 5084 1604 5156 Itaquesic
1651 5086 1878 5156 intelligi

302 5148 481 5226 debet
516 5148 649 5203 illud
693 5148 1038 5226 Bar'jdesanis,
1084 5158 1148 5207 ἐκ
1181 5156 1278 5225 τῆς
1308 5148 1401 5207 τοῦ
1445 5148 1876 5226 κόσμουῄἀρχῆξν

300 5217 405 5291 Ιιοίε
434 5229 539 5291 est,
569 5238 601 5273 a
630 5224 886 5291 principio
942 5224 1105 5286 orbis,
1140 5217 1246 5279 non
1279 5232 1461 5278 autem
1490 5217 1561 5277 ab'
1586 5217 1880 5279 orbis-2.0.1:;-

299 5288 435 5342 dim.
469 5288 621 5345 Patet
649 5288 811 5347 etiam
845 5310 911 5347 ex
945 5294 1123 5347 Plinio
1152 5304 1203 5347 et
1232 5294 1391 5348 Mela.

375 5361 487 5435 (9i)
527 5358 1082 5435 Regﬁioquaadamnest.
1121 5363 1427 5435 Ξενοὸόρων
1469 5362 1705 5419 Οωετιτίο
1732 5382 1746 5418 :
1776 5364 1881 5435 Νε-

299 5430 600 5503 κροφᾴχων
613 5430 915 5503 Epiphanio
947 5433 1187 5503 Exposil.
1223 5430 1344 5502 ﬁdf,
1378 5450 1526 5488 num.
1563 5436 1650 5498 IO,
1683 5434 1882 5489 Cedro-

298 5501 554 5575 l_tus:_'Ev
580 5500 636 5553 δὲ
659 5500 769 5575 τρῖς
803 5500 1097 5575 ὲνδοτέρόις
1129 5500 1316 5575 μέρεσι
1342 5503 1563 5575 τούτων,
1600 5504 1881 5575 ἀνθρωπο-

298 5567 588 5644 δσροῦντες
619 5573 723 5644 -καὶ
746 5575 869 5644 τσὺς
893 5567 1319 5643 ὲπιξενωξιένους
1347 5567 1882 5644 ἀναιροῦντεξκατε-

303 5639 565 5712 σθίουσιν,
601 5642 676 5703 ὡς
710 5642 909 5707 Κάϐες.
944 5644 1062 5709 Quo
1110 5639 1229 5696 loco
1276 5660 1380 5697 una
1425 5639 1547 5697 eum
1600 5643 1880 5712 Xylandro

301 5708 498 5783 ignoro
528 5713 750 5779 quinam
790 5714 899 5767 sint
926 5708 1125 5769 (labes.
1155 5714 1259 5768 Sed
1294 5730 1357 5768 ex
1387 5712 1618 5783 Georgio
1650 5708 1879 5767 Ilamar-

302 5779 416 5835 tolo
442 5780 651 5837 inedito
686 5783 1126 5855 chronographo,
1146 5786 1237 5854 qui
1270 5779 1677 5859 manuscriptus
1699 5793 1880 5839 exstat

2016 4589 2549 4667 elidttszaydiy,'d
2578 4589 2819 4667 Πέρσης,
2856 4596 3057 4667 μᾳγεία
3090 4595 3183 4667 x3),
3213 4589 3557 4667 ἀστρρλογςα,

2019 4668 2087 4720 πὸ
2114 4658 2732 4737 Μαγουσοίίωνήρξαιὲο,
2750 4658 2827 4737 ίΟἱ
2994 4681 3082 4737 τοι,
3109 4658 3331 4737 [legetur
3348 4658 3558 4737 Μειγὼῖ

1981 4737 2087 4791 ὑπὸ
2117 4732 2232 4789 τῶν
2258 4732 2965 4806 ἐγχωρίων’ὸνομᾲζονται’έ
2985 4734 3097 4806 ﬁxa!
3129 4732 3493 4806 Mdvouaziot,
3509 4732 3557 4806 ot

1980 4808 2153 4860 αὐτοί.
2188 4802 2389 4874 Διψιε
2412 4802 2487 4857 ita
2532 4802 2679 4859 codf
2713 4804 2845 4874 Reg.
2901 4805 3062 4867 2080,
3100 4804 3189 4874 ubi
3222 4802 3554 4874 >alter__l'5l,

1980 4875 2212 4945 Μαγώγ.
2232 4869 2684 4945 ’σ-ῌέρσηςΐυτι
2712 4869 2943 4945 tta-78h,
2988 4884 3095 4929 etc.
3131 4872 3333 4945 iet
3373 4869 3558 4945 Magu-

1981 4938 2268 5026 εφιίερἱνε
2300 4938 2586 5026 Μιιέὶιιεέξιιε
2615 4938 2860 5026 dehMag'o
2890 4943 3191 5026 ἀλῶμαι-..ἰπὶ
3226 4944 3342 5023 Yila
3360 4938 3556 5026 [ᾐτέ-

1980 5010 2163 5084 phanii
2201 5010 2447 5084 capilli,
2488 5026 2540 5069 et
2591 5028 2621 5066 a
2669 5010 2871 5068 Basilio
2915 5012 3251 5084 Seleuciensi
3291 5020 3429 5084 orat.
3464 5010 3554 5071 38,

1979 5080 2105 5155 pag.
2135 5080 2386 5148 202,'ubt
2418 5086 2621 5140 frustra
2650 5084 2925 5155 corrigere
2966 5092 3139 5139 tentat
3167 5083 3362 5137 doctus
3388 5080 3557 5134 inter-

2020 5172 2125 5209 res.

1979 5172 2164 5294 Ρΐῗδίό)
2206 5222 2470 5293 Compulit
2499 5223 2687 5277 habere
2710 5224 2845 5278 inter
2865 5232 3079 5279 crateras
3102 5222 3361 5294 genesim:
3375 5218 3554 5294 Minus

1980 5288 2267 5349 commode
2298 5288 2483 5348 Cra-ca
2515 5296 2785 5347 convertit
2808 5294 3057 5355 Rufinus,
3077 5288 3133 5345 ὲν
3152 5294 3270 5354 ταῖς
3294 5290 3401 5343 τῶν
3422 5288 3557 5343 πάν-

1978 5382 2086 5417 των
2119 5365 2394 5432 γενέσεσιν
2428 5362 2727 5433 εὑρίσκετο.
2759 5364 2872 5418 Hoc
2900 5374 3002 5424 est,
3028 5365 3082 5416 in
3107 5362 3340 5433 omnium
3370 5358 3557 5433 Μαρμ-

1980 5429 2206 5488 sworitm
2257 5429 2514 5503 genituris
2562 5444 2763 5501 reperta
2807 5444 2906 5488 est.
2948 5435 3101 5503 Apud
3141 5431 3458 5503 Caesarium,
3492 5429 3554 5481 ἐν

1977 5508 2096 5566 ταῖς
2125 5500 2551 5574 πάντ’ωνναὺτῶν
2583 5500 2857 5574 γενέσεσιν
2891 5500 3236 5574 εὑρῐσιεεσθαι
3268 5500 3352 5574 qia
3375 5515 3457 5574 re.

1983 5598 1991 5623 l
2053 5574 2169 5643 (94)
2204 5573 2360 5642 Apud
2410 5569 2605 5627 Geios.‘
2631 5573 2898 5642 Corrupte
2948 5569 3025 5643 ἶιιΔ
3047 5570 3236 5643 Glyca,
3263 5569 3549 5643 Annalium

2017 5637 2129 5697 arte
2158 5637 2284 5713 ιι,
2321 5644 2455 5702 145³,
2491 5644 2617 5712 παρ’
2652 5637 2971 5713 famame.
3003 5637 3177 5697 Scribi
3206 5640 3366 5713 _de_het
3398 5637 3550 5713 πσρὰ

2017 5660 2129 5697 arte
2158 5660 2211 5705 ιι,
2233 5660 2284 5713 p.
2321 5660 2420 5697 uo
2440 5683 2455 5702 .
2491 5660 2603 5712 παρ
2675 5660 2971 5711 ΛγιΑαιοις.
3003 5660 3177 5697 Scrtut
3207 5660 3366 5694 ueuet
3399 5660 3549 5707 παρα

1979 5660 2191 5784 limam,
2243 5714 2319 5766 uti
2375 5713 2603 5767 habetur
2648 5712 2703 5766 in
2747 5712 3057 5767 Bardesane
3078 5729 3104 5765 a
3150 5710 3220 5764 ud
3253 5708 3543 5764 Eusebium

1982 5782 2048 5839 P.
2072 5781 2162 5839 Ε..
2186 5798 2241 5839 ι).
2269 5782 2491 5839 275.0:
2518 5797 2629 5839 auo
2656 5798 2724 5839 ex
2751 5783 2895 5839 loco.
2919 5790 2973 5838 et
3003 5797 3070 5839 ex
3098 5727 3313 5838 (I’uobus
3343 5775 3549 5835 codici-

2035 5826 2048 5839 .
2072 5795 2162 5853 ιω,
2186 5798 2241 5854 p.
2269 5795 2399 5850 245,
2417 5795 2491 5850 υ,
2518 5797 2629 5854 quo
2656 5798 2724 5841 ex
2752 5795 2895 5851 loco,
2919 5795 2973 5838 et
3003 5797 3070 5840 ex
3098 5795 3313 5838 ououus
3343 5795 3374 5835 c
