3888 6192
327 287 464 344 HIS

1484 282 2047 341 RECOGNITIONUM
2089 281 2216 335 LIB.
2258 281 2348 339 IX.

3409 286 3549 342 1414

322 404 484 458 modo
515 418 725 459 summa
753 404 1104 460 observantia
1132 402 1309 458 adhuc
1336 411 1606 473 spirantes
1632 403 1882 456 homines
1913 412 1956 464 Α
1993 398 2272 467 signorum
2294 438 2308 462 ,
2344 412 2518 467 neque
2551 398 2769 467 triginta
2798 407 2852 452 et
2886 413 2979 453 sex
3010 396 3308 453 secundum
3347 414 3545 455 nume-

322 495 551 549 canibus
603 496 949 552 devorandos
998 496 1298 564 abiieiunt,
1332 496 1377 526 ⁶⁹
1408 503 1461 549 et
1507 511 1615 549 non
1665 495 1736 547 ob
1781 494 1884 547 hoc

322 583 547 639 Martem
578 600 700 639 cum
730 585 880 641 Luna
909 603 1005 657 per
1034 588 1284 642 diurnam
1318 587 1558 655 genesim
1589 586 1642 639 in
1672 584 1885 639 Cancro

322 673 533 743 positos
566 675 785 731 habent.
816 675 930 730 Indi
962 687 1204 732 mortuos
1233 691 1362 730 suos
1395 676 1725 739 incendunt,
1759 690 1881 728 cum

323 765 522 834 quibus
553 774 605 820 et
638 783 836 823 uxores
866 767 1246 824 defunctorum
1286 774 1479 838 sponte
1508 782 1565 820 se
1594 766 1883 821 oﬂ‘erentes

322 863 650 911 exuruntur.
684 855 789 912 Sed
828 874 934 912 non
971 859 1094 913 ideo
1132 874 1321 913 omnes
1360 874 1479 925 qua:
1521 858 1655 911 viva:
1697 857 1883 910 incen-

322 943 528 998 duntur
555 944 809 1002 Indorum
841 950 1134 1015 mulieres,
1168 948 1222 1002 in
1264 959 1530 1002 nocturna
1563 950 1745 1019 genesi
1780 947 1884 1003 sub

320 1047 464 1091 terra
493 1037 693 1093 habent
726 1037 903 1094 Solem
934 1055 1056 1093 cum
1087 1039 1256 1096 Marte
1294 1042 1345 1095 in
1387 1041 1631 1109 partibus
1670 1039 1880 1094 Martis.

320 1126 715 1182 Germanorum
767 1130 987 1200 plurimi
1034 1132 1226 1201 laqueo
1275 1133 1437 1187 vitam
1490 1132 1722 1195 finiunt,
1777 1145 1882 1183 nec

322 1219 532 1273 ideirco
558 1236 748 1276 omnes
777 1221 984 1275 Lunam
1017 1239 1141 1277 cum
1172 1224 1337 1286 hora,
1369 1221 1606 1277 Saturno
1634 1231 1686 1277 et
1712 1221 1882 1275 Marte

322 1311 743 1368 circumeinctas
771 1314 988 1368 habent.
1010 1314 1116 1369 Sed
1142 1331 1248 1369 non
1277 1316 1331 1368 in
1362 1315 1507 1369 omni
1538 1324 1717 1385 gente,
1748 1322 1801 1368 et
1828 1313 1885 1367 in

322 1402 469 1457 omni
500 1404 586 1458 die
614 1420 713 1474 per
739 1421 953 1461 omnem
982 1407 1352 1462 diversitatem
1398 1408 1611 1478 genesis
1647 1422 1884 1463 nascun—

320 1501 412 1546 tur
455 1494 746 1550 homines?
784 1495 863 1550 Ex
904 1497 1103 1567 quibus
1141 1500 1398 1554 omnibus
1438 1507 1703 1570 apparet,
1754 1499 1884 1569 quia

321 1593 498 1639 metus
533 1586 709 1656 legum
742 1588 797 1641 in
830 1604 1156 1659 unaquaque
1195 1591 1415 1660 regione
1458 1591 1790 1654 dominatur,
1830 1598 1885 1645 et

321 1682 532 1735 arbitrii
565 1683 790 1736 libertas
819 1699 939 1753 quae
970 1692 1054 1738 est
1081 1684 1396 1739 hominibus
1426 1686 1591 1740 insita
1632 1701 1727 1754 per
1766 1686 1883 1755 spi-

1988 506 2105 544 rum
2138 490 2467 544 decanorum
2488 530 2503 553 ,
2539 490 2632 545 sed
2664 498 2791 545 sunt
2820 492 3135 546 innumerae.

2056 578 2270 635 XXVII.
2311 580 2623 635 Meminisse
2667 589 2846 636 autem
2894 582 3154 637 debemus
3203 598 3391 637 eorum
3423 598 3546 653 qua:

1987 687 2152 741 supra
2194 679 2509 727 enumerata
2550 681 2698 737 sunt,
2736 673 2881 743 quod
2915 675 2967 727 in
2994 688 3100 727 una
3132 673 3298 727 Indiae
3322 673 3546 751 regione

1987 770 2113 817 sunt
2141 774 2193 818 et
2240 766 2332 834 qui
2376 765 2655 819 hominum
2690 766 2950 819 carnibus
2984 776 3294 828 vescantur,
3327 774 3378 819 ct
3419 772 3546 820 sunt

1986 856 2079 923 qui
2110 856 2273 909 etiam
2320 871 2349 909 a
2382 856 2681 925 pecudibus
2718 856 2797 911 vel
2831 858 3023 913 avibus
3053 859 3414 928 omnibusque
3435 858 3543 911 ani-

1987 949 2263 1003 mantibus
2292 949 2625 1016 abstineant,
2655 956 2709 1003 et
2750 950 2877 1019 quia
2921 949 3176 1020 Magusaai
3224 967 3334 1006 non
3371 952 3545 1006 solum

1985 1038 2040 1093 in
2070 1038 2291 1094 Perside
2328 1048 2530 1094 matres
2566 1056 2630 1095 ac
2680 1041 2817 1096 filias
2867 1043 3143 1110 accipiunt
3194 1042 3250 1097 in
3278 1044 3539 1098 matrimo-

1985 1130 2157 1191 nium,
2196 1129 2288 1183 sed
2314 1140 2366 1184 et
2386 1130 2437 1182 in
2466 1129 2613 1183 omni
2644 1138 2803 1200 gente
2820 1131 3133 1199 ubicunque
3161 1131 3547 1199 habitaverint,

1985 1221 2248 1275 malorum
2282 1237 2502 1277 suorum
2534 1224 2739 1277 incesta
2774 1222 3021 1278 instituta
3044 1223 3383 1278 custodiunt.
3411 1223 3549 1279 Tum

1984 1324 2248 1382 praeterea
2290 1323 2344 1369 et
2401 1315 2717 1369 innumeras
2741 1322 2929 1384 gentes
2958 1319 3400 1380 memoravimus,
3427 1334 3549 1388 quae

1984 1406 2202 1473 penitus
2234 1405 2413 1460 studia
2442 1406 2693 1460 nesciunt
2727 1405 3056 1459 litterarum.
3083 1404 3191 1461 Sed
3208 1414 3262 1461 et
3285 1408 3549 1478 aliquanti
3598 1478 3602 1483 ,

1985 1497 2262 1565 sapientes
2290 1497 2393 1551 viri
2426 1497 2575 1567 ipsas
2616 1498 2762 1568 leges
2787 1498 2839 1551 in
2871 1498 3151 1553 nonnullis
3183 1511 3551 1557 commutave-

1983 1594 2112 1639 runt
2141 1586 2297 1650 locis,
2331 1587 2448 1640 alia:
2471 1602 2601 1641 vero
2636 1588 2797 1642 etiam
2825 1596 3026 1659 sponte
3058 1602 3156 1657 pro
3197 1589 3281 1643 sui
3333 1591 3416 1644 vel
3447 1591 3549 1645 im-

1985 1680 2348 1749 possibilitate
2382 1680 2463 1733 vel
2498 1680 2841 1735 inhonestate
2868 1680 3139 1735 derelicta:
3185 1689 3331 1737 sunt.
3364 1683 3544 1747 Certe.

320 1772 520 1836 ritum,
552 1774 889 1845 obtemperat
924 1776 1171 1846 legibus,
1210 1792 1311 1831 nec
1349 1793 1543 1847 cogere
1580 1785 1759 1849 potest
1790 1793 1878 1846 ge.
1910 1767 1954 1826 B
1984 1772 2129 1841 quod
2176 1771 2232 1825 in
2284 1778 2535 1841 promptu
2568 1779 2652 1825 est
2683 1787 2929 1835 noscere,
2966 1772 3152 1841 quanti
3196 1774 3551 1843 imperatores

321 1865 471 1919 nesis
501 1874 591 1918 aut
622 1864 781 1921 Seres
809 1868 1166 1921 homicidium
1198 1869 1560 1933 committere,
1593 1876 1685 1923 aut
1717 1868 1883 1936 Brag-

322 1969 514 2009 mauos
549 1957 806 2013 carnibus
843 1958 1022 2022 vesci,
1064 1968 1157 2011 aut
1189 1957 1387 2015 Persas
1426 1961 1632 2013 incesta
1671 1960 1879 2023 vitare,

321 2045 404 2099 vel
435 2045 596 2100 Indos
622 2062 730 2101 non
759 2049 946 2112 exuri,
974 2056 1068 2103 aut
1099 2048 1283 2105 Medos
1317 2066 1426 2105 non
1458 2066 1489 2104 a
1521 2052 1751 2106 canibus
1785 2051 1881 2106 de-

320 2134 534 2197 vorari,
582 2134 813 2192 Parthos
855 2154 967 2193 non
1011 2140 1210 2198 habere
1258 2142 1442 2211 plures
1496 2156 1731 2205 uxores,
1780 2151 1875 2195 aut

321 2222 578 2280 mulieres
638 2224 1038 2297 MeSOpotamia:
1087 2245 1195 2285 non
1245 2245 1464 2285 servare
1518 2230 1834 2300 pudicitiam
1864 2270 1880 2296 ,

326 2312 545 2371 Graecos
583 2332 691 2371 non
730 2321 974 2375 exerceri
1002 2322 1303 2391 palaestris,
1348 2320 1625 2375 Gallorum
1678 2336 1876 2390 pueros

321 2418 429 2457 non
464 2404 572 2474 pati
604 2406 921 2471 muliebria,
955 2410 1037 2462 vel
1065 2416 1250 2479 gentes
1278 2409 1539 2463 barbaras
1569 2407 1881 2461 Graecorum

323 2497 521 2552 studiis
550 2497 797 2564 institui,
830 2499 946 2564 sed,
975 2510 1035 2554 ut
1060 2500 1297 2555 diximus
1317 2540 1332 2564 ,
1376 2514 1712 2569 unaquaeque
1748 2513 1880 2568 gens

323 2589 439 2643 suis
474 2590 685 2659 legibus
730 2593 903 2644 utitur
943 2607 1043 2661 pro
1081 2593 1349 2647 libertatis
1389 2593 1648 2655 arbitrio,
1694 2599 1748 2645 et
1788 2590 1883 2645 de-

321 2690 469 2735 creta
501 2684 716 2752 genesis
744 2685 923 2754 legum
956 2686 1244 2740 severitate
1276 2686 1517 2755 depellit.

389 2767 581 2825 XXVI.
618 2771 663 2801 ⁷⁰
701 2770 807 2826 Sed
844 2772 988 2827 dicet
1027 2774 1224 2843 aliquis
1258 2790 1449 2829 eorum
1488 2776 1579 2845 qui
1620 2776 1673 2828 in
1713 2775 1880 2829 disci-

319 2862 467 2931 plina
517 2864 780 2919 mathesis
827 2865 1023 2919 eruditi
1076 2874 1235 2930 sunt,
1288 2869 1529 2939 genesim
1580 2869 1634 2922 in
1673 2880 1880 2940 septem

318 2963 504 3024 partes
544 2956 762 3020 dirimi,
808 2974 929 3028 qua:
969 2957 1048 3014 illi
1111 2960 1331 3015 climata
1376 2962 1651 3031 appellant
1693 2962 1877 3035 (100),

308 3045 591 3101 dominari
620 3064 748 3104 vero
778 3051 1075 3121 unicuique
1103 3052 1310 3105 elimati
1353 3070 1515 3107 unam
1562 3070 1627 3109 ex
1665 3063 1875 3124 septem

319 3138 522 3202 stellis,
572 3146 627 3194 et
680 3141 813 3196 istas
863 3158 1000 3212 quas
1037 3145 1389 3214 exposuimus
1434 3146 1679 3202 diversas
1731 3148 1877 3218 leges

316 3245 428 3285 non
472 3232 541 3286 ab
590 3232 901 3289 hominibus
943 3237 1180 3304 positas,
1221 3238 1313 3292 sed
1352 3238 1420 3291 ab
1457 3237 1579 3292 istis
1614 3240 1877 3309 principi-

314 3319 420 3375 bus
451 3323 748 3376 secundum
794 3326 1227 3397 uniuscujusque
1267 3328 1638 3395 voluntatem;
1682 3338 1735 3383 et
1772 3331 1874 3386 hoc

314 3414 461 3482 quod
493 3415 663 3470 stellae
691 3417 866 3471 visum
895 3425 979 3473 est
1000 3461 1015 3484 ,
1048 3419 1217 3488 legem
1250 3419 1320 3473 ab
1351 3419 1660 3475 hominibus
1688 3421 1874 3476 obser—

316 3514 519 3563 vatam.
558 3508 637 3561 Ad
678 3508 794 3563 haec
827 3524 955 3579 ergo
991 3510 1475 3579 respondebimus,
1517 3511 1662 3581 quod
1702 3514 1911 3597 primo.

314 3597 537 3663 quidem
567 3614 675 3652 non
704 3606 788 3653 est
816 3599 870 3653 in
900 3608 1105 3668 septem
1136 3608 1316 3670 partes
1350 3601 1500 3655 o'rbis
1537 3609 1695 3655 terrae
1733 3601 1873 3655 divi-

314 3703 410 3742 sus
430 3727 446 3753 ,
482 3697 594 3742 tum
624 3690 819 3745 deinde
847 3698 902 3745 et
931 3692 977 3745 si
1009 3692 1082 3744 ita
1110 3702 1294 3755 esset,
1329 3692 1383 3745 in
1415 3707 1520 3746 una
1549 3699 1704 3763 parte
1737 3699 1790 3747 et
1819 3692 1872 3746 in

315 3794 422 3833 una
457 3781 677 3850 regione
714 3782 1020 3836 invenimus
1054 3782 1252 3836 multas
1284 3782 1616 3838 differentias
1653 3784 1831 3851 legum
1854 3821 1871 3847 ,

312 3878 369 3923 et
419 3870 543 3926 ideo
594 3888 771 3943 neque
823 3882 1026 3942 septem
1076 3881 1203 3929 sunt
1240 3874 1537 3929 secundum
1587 3891 1872 3929 numerum

313 3962 638 4032 stellarum,
680 3980 859 4034 neque
898 3964 1187 4020 duodecim
1234 3967 1536 4021 secundum
1587 3981 1876 4021 numerum

383 4148 427 4178 ⁶⁹
450 4146 515 4200 Et
539 4144 908 4217 non..habent_
955 4150 1116 4217 atque
1157 4143 1247 4217 illa
1298 4161 1417 4214 qua:
1467 4146 1520 4199 in
1554 4147 1908 4217 sequentibus
1959 4146 2025 4201 ad
2058 4146 2402 4217 astrologiam
2462 4150 2711 4217 spectant
2754 4158 2935 4196 omnia
2983 4143 3076 4217 sed
3119 4159 3289 4197 non...

309 4229 359 4271 et
412 4234 500 4271 nec
549 4219 813 4271 idcirco...
849 4213 1047 4285 Martis
1069 4229 1176 4285 non
1225 4213 1477 4283 leguntur
1507 4217 1562 4269 in
1621 4213 1781 4270 codd.
1809 4215 1984 4285 Lipss.

311 4295 439 4341 sunt
468 4288 523 4340 in
560 4288 720 4343 codd.
754 4286 932 4353 Lipss.
1007 4282 1051 4314 '”
1089 4280 1400 4351 Superest...
1440 4285 1758 4354 perdiderint
1780 4280 1978 4341 des-unt
2009 4287 2063 4340 in
2094 4284 2249 4340 codd.
2287 4284 2465 4353 Lipss.
2540 4285 2585 4315 ⁷³
2606 4280 2729 4335 Non
2762 4282 2985 4337 stella...
3006 4293 3095 4335 aut
3127 4280 3293 4337 emere
3322 4280 3431 4337 non
3460 4285 3541 4337 Ie-
3628 4320 3629 4323 η

307 4364 511 4428 guntur
535 4358 590 4413 in
610 4357 768 4414 codd.
785 4355 964 4425 Lipss.

1984 1864 2229 1934 gentium
2259 1878 2397 1933 quas
2424 1864 2668 1917 vicerant
2698 1864 2843 1935 leges
2872 1872 2925 1919 et
2960 1864 3207 1919 instituta
3247 1876 3548 1931 mutarunt,

1983 1963 2036 2008 et
2067 1955 2183 2010 suis
2218 1969 2314 2009 eas
2364 1955 2575 2024 legibus
2609 1955 2983 2023 subiecerunt!
3008 1956 3164 2022 Quod
3212 1958 3491 2013 evidenter
3518 1975 3551 2013 a

1983 2046 2245 2102 Romanis
2297 2045 2499 2100 factum
2530 2047 2775 2109 docetur,
2806 2047 2897 2117 qui
2930 2063 3144 2103 omnem
3176 2064 3317 2122 pene
3359 2052 3547 2105 orbem

1983 2152 2283 2207 omnesque
2310 2140 2561 2194 nationes
2593 2140 2826 2209 propriis
2855 2139 3031 2208 primo
3056 2146 3111 2193 et
3140 2142 3306 2197 variis
3338 2142 3549 2211 legibus

1984 2230 2357 2299 institutisque
2387 2231 2649 2294 viventes,
2683 2231 2736 2284 in
2763 2229 3135 2285 Romanorum
3155 2233 3248 2302 jus
3281 2241 3336 2288 et
3368 2235 3549 2290 civilia

1984 2324 2120 2377 scita
2146 2329 2448 2377 verterunt.
2486 2323 2531 2355 '“
2559 2318 2821 2393 Superest
2864 2337 2996 2392 ergo
3036 2331 3094 2376 ut
3125 2332 3180 2378 et
3213 2326 3386 2379 stellae
3417 2342 3549 2396 gen-

1983 2414 2140 2476 tium,
2176 2429 2295 2483 quae
2325 2429 2355 2466 a
2388 2411 2650 2469 Romanis
2679 2414 2837 2469 victa:
2866 2421 3016 2477 sunt,
3048 2414 3266 2469 climata
3294 2432 3393 2472 sua
3428 2433 3551 2486 par-

1982 2514 2173 2574 tesque
2204 2506 2561 2575 perdiderint.

2052 2595 2288 2651 XXVIII.
2332 2596 2540 2650 Addam
2594 2595 2773 2650 adhuc
2825 2609 2962 2660 rem,
2996 2611 3116 2669 quae
3166 2603 3341 2666 possrt
3386 2598 3548 2652 etiam

1982 2688 2141 2743 valde
2189 2687 2488 2743 incredulis
2524 2686 2859 2741 satisfacere.
2904 2685 3075 2741 Judaei
3133 2702 3321 2743 omnes
3347 2687 3422 2760 (l)
3456 2689 3551 2758 qui

1982 2782 2086 2836 sub
2112 2782 2230 2851 lege
2258 2780 2425 2852 Moysi
2458 2781 2667 2844 vivunt,
2689 2779 2828 2833 filios
2859 2795 2991 2834 suos
3017 2789 3207 2834 octava
3236 2780 3323 2834 die
3343 2782 3551 2851 absque

1981 2874 2090 2926 ulla
2115 2872 2377 2926 dilatione
2404 2870 2825 2931 circumcidunt,
2866 2877 2919 2923 et
2950 2869 3176 2925 infantis
3215 2872 3386 2925 teneri
3422 2887 3553 2927 san-

1980 2964 2201 3032 guinem
2246 2961 2511 3027 fundunt;
2545 2976 2574 3013 a
2623 2961 2822 3014 saeculo
2852 2970 3032 3014 autem
3063 2962 3247 3015 nullus
3275 2976 3339 3015 ex
3371 2964 3549 3032 genti-

1982 3053 2084 3107 bus
2112 3054 2215 3107 hoc
2245 3053 2333 3107 die
2356 3059 2548 3105 octava
2571 3062 2864 3119 perpessus
2891 3056 2994 3112 est,
3012 3060 3066 3103 et
3091 3058 3313 3104 econtra
3334 3050 3550 3106 Iudaeo-

1982 3161 2101 3199 rum
2131 3144 2312 3197 nullus
2342 3143 2542 3197 omisit.
2576 3140 2859 3206 Quomodo
2889 3156 3018 3209 ergo
3061 3142 3115 3195 in
3164 3142 3265 3195 hoc
3294 3142 3432 3197 ratio
3456 3159 3549 3209 ge-

1981 3234 2130 3289 nesis
2166 3233 2369 3289 stabit?
2399 3247 2520 3287 cum
2555 3246 2651 3300 per
2690 3237 2917 3284 cunctas
2968 3232 3121 3286 orbis
3168 3240 3326 3287 terra:
3364 3244 3548 3304 partes

1981 3340 2172 3379 omnes
2222 3324 2393 3379 Judaei
2448 3323 2662 3377 admisti
2711 3321 2959 3391 gentibus
3009 3322 3213 3388 vivant,
3246 3332 3300 3379 et
3354 3334 3547 3379 octava

1980 3417 2183 3472 ferrum
2203 3415 2479 3486 perferant
2507 3414 2596 3469 die
2623 3414 2785 3470 unius
2809 3416 2865 3469 in
2894 3416 3123 3471 membri
3153 3416 3294 3480 loco,
3312 3425 3366 3472 et
3386 3432 3547 3471 nemo

1982 3509 2285 3581 gentilium,
2312 3508 2407 3563 sed
2434 3508 2537 3577 ipsi
2575 3508 2698 3571 soli,
2732 3518 2792 3562 ut
2823 3508 2956 3569 dixi,
2985 3509 3088 3561 hoc
3122 3507 3413 3573 faciunt,"
3437 3523 3546 3562 non

1980 3604 2138 3658 stella
2163 3609 2392 3671 cogente
2422 3616 2521 3654 nec
2544 3600 2861 3670 perfusione
2890 3602 3178 3669 sanguinis
3198 3611 3542 3672 perurgente,

1980 3694 2075 3749 sed
2107 3694 2224 3764 lege
2266 3692 2547 3762 religionis
2595 3692 2838 3754 adducti,
2872 3699 2924 3746 et
2957 3692 3008 3745 in
3035 3707 3362 3763 quocunque
3394 3694 3543 3747 orbis

1981 3784 2101 3838 loco
2132 3784 2332 3836 fuerint
2360 3782 2463 3835 hoc
2491 3788 2576 3836 est
2605 3782 2684 3837 eis
2708 3781 2921 3851 insigne
2944 3783 3321 3837 vernaculum.
3350 3780 3454 3836 Sed
3486 3792 3542 3836 ct

1981 3875 2125 3946 quod
2176 3890 2343 3927 unum
2392 3888 2589 3926 nomen
2622 3873 2877 3927 OllllliliUS
2907 3873 3047 3927 inest
3095 3874 3403 3943 ubicunque
3432 3873 3543 3928 fue-

1983 3968 2113 4027 rint,
2150 3962 2395 4031 nunquid
2454 3969 2508 4015 et
2551 3963 2653 4015 hoc
2705 3977 2800 4031 per
2833 3964 3072 4032 genesim
3102 3964 3289 4018 venit?
3313 3973 3368 4018 et
3393 3965 3540 4034 quod

2063 4146 2402 4214 astrologiam
2462 4150 2711 4213 spectant
2754 4158 2935 4196 omnia
2987 4143 3076 4196 sed
3119 4159 3289 4197 non...
3344 4142 3537 4196 Martis

2063 4217 2109 4247 ⁷⁰
2149 4214 2252 4269 Sed
2290 4215 2425 4267 dicet
2458 4257 2493 4269 ..
2530 4214 2775 4283 instituta
2808 4213 3107 4283 custodiunt
3139 4224 3280 4282 (cap.
3307 4212 3398 4283 27)
3439 4213 3539 4266 de-

1631 4446 1993 4503 COTELERII
2026 4445 2256 4501 ΝΟΤᾸΞ.

382 4577 527 4649 (100)
570 4577 807 4651 Genesim
855 4580 1144 4651 infernam
1194 4589 1369 4651 partes
1396 4580 1611 4651 dirimi,
1642 4596 1759 4651 qua:
1785 4579 1868 4633 illi
1898 4583 1942 4638 Ι)
1972 4579 2064 4633 lib.
2090 4592 2253 4651 nnc.
2282 4579 2336 4632 4.
2378 4575 2577 4651 Verum
2610 4576 2792 4631 forsan
2824 4575 3111 4629 Ilomerita:
3139 4581 3263 4651 post
3293 4584 3534 4651 tempera

288 4646 526 4705 .clintata
556 4649 839 4718 appellant.
867 4646 1089 4701 Difﬁcile
1110 4646 1201 4703 est
1225 4649 1292 4703 tle
1320 4650 1423 4703 hoc
1454 4650 1573 4704 loco
1604 4646 1861 4705 statuere.

304 4720 443 4775 Nam
479 4719 526 4773 si
546 4720 793 4790 exigatur
834 4718 899 4771 ad
939 4718 1255 4790 Caesarium,
1298 4719 1522 4790 mutilus
1551 4719 1864 4790 apparebit;

306 4792 355 4846 si
380 4805 511 4843 vero
532 4789 596 4842 ad
623 4782 1004 4857 Bardesanem,
1030 4787 1296 4842 videbitur
1317 4788 1544 4843 Rufinus
1570 4782 1761 4857 legisse
1783 4782 1869 4857 ys-

304 4860 451 4913 νέσιν
475 4874 570 4929 pro
590 4860 712 4929 γῆν.
733 4856 914 4929 Yerba
944 4858 1139 4927 prioris
1169 4866 1296 4912 sunt
1331 4859 1498 4913 ;Ἀλλ’
1523 4856 1661 4911 ἐπτᾶ
1698 4856 1866 4929 ovet»):

302 4933 373 5000 τῇ
400 4926 609 5000 γειὶέᾳελι
641 4926 1195 5000 ήμῶν-ἀναὲεψτένων
1226 4929 1487 5000 ἀςτέριρν,
1519 4931 1598 4991 εἰς
1625 4928 1765 5000 ἑπτὰ
1790 4927 1869 4980 λέ·

304 4996 473 5069 γόμεν
507 4998 743 5069 κλξμαῄεα
772 4997 890 5069 τὴνᾼ
912 4996 1376 5069 γῆνδιαξιρεζσθαίιζ
1416 4998 1740 5069 Posterioris
1772 5013 1869 5069 au-

302 5066 413 5123 tem
439 5087 452 5122 :
484 5070 547 5121 Οἱ
580 5066 636 5120 δὲ
667 5066 988 5138 amovrem
1017 5067 1149 5138 φασὶ
1171 5066 1267 5135 τὴν
1290 5068 1391 5138 γῆν
1411 5068 1612 5138 ταύτην
1644 5067 1870 5138 μεμερξο

306 5139 529 5200 otiati-:1;
556 5137 695 5190 ἑπτὰ
712 5137 980 5207 inligata.
1000 5137 1268 5207 Caxterum
1299 5137 1503 5205 septem
1532 5153 1747 5207 quoque
1777 5137 1870 5190 cli-

303 5216 451 5276 niata
496 5208 646 5276 ponit
702 5205 923 5261 Servius
970 5208 1034 5261 ad
1082 5222 1094 5258 I
1138 5205 1441 5276 Georgicon,
1479 5205 1868 5275 enumeratque

299 5274 544 5332 Isidorus
573 5276 850 5343 Originum
880 5278 972 5331 lib.
1003 5293 1081 5340 Ill,
1110 5292 1231 5345 cap.
1254 5274 1315 5329 41
1354 5290 1368 5327 :
1404 5289 1521 5343 qua:
1545 5285 1721 5331 tamen
1745 5274 1868 5331 oeto

300 5349 449 5416 leges
475 5348 615 5416 apud
638 5347 964 5416 Martianum
992 5346 1267 5414 Capellatn
1296 5346 1393 5401 lib.
1424 5363 1537 5411 vm,
1564 5362 1617 5415 p.
1648 5347 1777 5402 296.

375 5417 453 5488 tl)
491 5415 669 5488 {udwi
690 5432 894 5488 omnes.
922 5415 1065 5470 Idem
1090 5425 1463 5488 argumentum
1492 5418 1652 5485 vulgo
1674 5424 1869 5486 urgent

300 5484 478 5541 sancti
511 5486 718 5542 Patres.
745 5486 898 5551 Quod
929 5495 1107 5540 autem
1148 5484 1238 5539 hic
1266 5486 1463 5539 dicitur
1486 5484 1692 5539 nullum
1734 5484 1865 5554 gen-

301 5557 476 5627 tilium
516 5572 755 5627 unquam
786 5556 1250 5627 circumcisionem
1292 5564 1485 5609 octavo
1521 5556 1610 5610 die
1640 5570 1861 5627 passum

298 5624 491 5688 fuisse,
523 5624 795 5695 confutari
815 5642 973 5695 posse
987 5626 1201 5680 videtur
1230 5640 1325 5693 per
1354 5624 1716 5679 narrationem
1740 5624 1863 5679 Phi-

302 5698 545 5756 lostoraii
586 5698 653 5755 de
704 5694 991 5753 Homeritis
1033 5713 1097 5752 ea
1128 5697 1216 5754 die
1276 5696 1593 5754 circumcidi
1640 5695 1816 5752 solitis
1841 5735 1858 5762 ,

1972 4649 2145 4703 nostri
2172 4648 2424 4702 Auctoris
2451 4648 2617 4701 ritum
2641 4662 2799 4701 suum
2828 4653 3124 4707 mutavere,
3165 4645 3342 4698 edocti
3379 4659 3409 4697 a
3432 4644 3533 4699 Ju-

1972 4718 2104 4772 daeis
2145 4717 2443 4787 inquilinis.
2478 4716 2686 4787 Etenim
2715 4715 2923 4771 Arabes
2953 4722 3107 4768 erant
3129 4732 3155 4787 ε
3177 4714 3537 4787 circumcide-7

1971 4789 2170 4843 bantur
2209 4781 2371 4856 porro
2414 4786 2623 4840 Arabes
2653 4801 2796 4838 anno
2828 4788 2915 4847 13,
2944 4792 3088 4856 teste
3120 4781 3350 4856 Origene
3390 4786 3533 4854 apud

1971 4854 2263 4911 Eusebium
2294 4856 2388 4909 Pr.
2432 4872 2615 4925 evang.
2646 4855 2739 4909 lib.
2774 4872 2847 4915 vr.
2880 4870 2999 4923 cap.
3034 4855 3121 4919 Η,
3156 4869 3208 4925 p.
3239 4854 3365 4917 295,
3391 4856 3532 4925 etin

1969 4926 2280 4980 Pliilocaliw
2316 4924 2714 5048 cap..22,'lpag.
2747 4926 2869 4987 565,
2916 4938 3125 4977 necnon
3155 4924 3440 4978 Eustatbio
3475 4926 3532 4979 in

1971 4998 2332 5048 Hexaemeron
2357 4997 2448 5048 ubi
2484 4996 2549 5048 de
2624 4994 2903 5048 brahatno.
2944 4994 3099 5047 Μετὰ
3135 4993 3252 5048 ἔτος
3283 5009 3532 5048 τρισκαι-

1971 4998 2332 5050 Hexaemeron
2357 4993 2448 5050 ubi
2484 4996 2549 5049 de
2577 4993 2903 5049 Abrahamo.
2944 4994 3099 5047 Μετὰ
3135 4993 3252 5055 ἔτος
3283 5009 3535 5063 τριςκαι-

1967 5067 2208 5130 δέκατον,
2252 5075 2365 5134 post
2393 5066 2650 5119 decimum
2694 5066 2904 5118 tertium
2927 5080 3144 5125 annum,
3175 5061 3350 5134 inquit
3376 5061 3533 5118 Jose-

1968 5139 2109 5205 phus
2137 5132 2524 5205 Antiquitatum
2551 5135 2646 5188 lib.
2678 5149 2717 5196 ι,
2764 5134 3004 5205 εαρεη),
3037 5133 3180 5205 quod
3202 5132 3406 5205 eodem
3442 5148 3530 5187 re-

1968 5201 2119 5268 cidit,
2153 5216 2212 5259 ut
2246 5201 2458 5261 constat
2480 5221 2546 5259 ex
2571 5205 2813 5269 ejusdem
2836 5201 2969 5257 libri
3003 5201 3123 5273 cap.
3163 5203 3245 5265 II,
3272 5201 3386 5273 hoc
3414 5211 3526 5273 est,

1968 5291 2112 5347 armo
2146 5278 2211 5331 l3
2231 5277 2517 5347 completo.
2538 5274 2696 5347 Certe
2698 5273 3051 5347 Ambrosius.
3073 5271 3166 5327 I-ib.
3194 5288 3231 5347 ῃ
3255 5271 3334 5325 De
3354 5271 3530 5347 fibra-

1964 5345 2140 5406 hamo.
2174 5362 2224 5400 e.
2259 5341 2551 5405 “(refert
2582 5344 2651 5398 ab
2674 5343 2941 5413 ngyptiis
2967 5343 3318 5413 «:ircumeisos
3357 5341 3529 5398 fuisse

1964 5431 2162 5484 pueros
2187 5431 2386 5469 annum
2419 5423 2641 5484 agentes
2666 5410 3209 5484 quartumdecimum.
3245 5410 3425 5484 Atque
3459 5426 3521 5466 ex

1963 5478 2050 5542 bis
2089 5494 2400 5553 suspectum
2426 5478 2595 5538 habeo
2618 5478 2791 5539 locum
2824 5482 3072 5550 Procopii
3100 5479 3273 5553 (ἐπεὶ
3298 5478 3362 5553 ait
3386 5478 3519 5534 Gen.

1962 5570 2002 5619 t,
2057 5557 2121 5609 I4
2148 5575 2161 5610 :
2189 5550 2367 5620 Quare
2416 5557 2555 5624 apud
2580 5553 2880 5607 lsmaelitas
2929 5552 3226 5624 sacerdotes
3273 5550 3363 5624 abi
3410 5560 3523 5605 nati

1960 5627 2156 5695 fuerint
2182 5642 2346 5679 annos
2367 5622 2561 5682 decem.
2589 5623 2984 5679 circumcisione
3005 5622 3322 5692 signantur?
3347 5634 3414 5675 ne
3446 5634 3521 5691 ιγ,

1960 5697 2180 5761 detrito,
2212 5714 2268 5764 γ,
2302 5696 2579 5751 transierit
2614 5698 2669 5748 in
2700 5713 2739 5750 t.
