3888 6192
323 290 481 347 1817

1513 284 2076 343 [IECOGNITIONUM
2128 282 2258 342 LIB.
2297 282 2387 344 ῙΧ.

3407 291 3548 348 HIS

319 405 553 479 singulis
580 404 848 460 obsistere
882 416 936 461 et
966 417 1271 476 repugnare
1292 402 1458 457 habet
1484 401 1539 455 in
1572 408 1770 455 natura
1801 417 1899 457 sua
1927 436 1974 492 Α
2003 400 2105 456 tibi
2142 400 2304 456 hodie
2352 399 2641 471 conjugem
2683 409 2834 457 tuam
2882 417 3005 459 cum
3052 404 3230 465 tribus
3278 408 3477 463 vestris
3506 408 3573 463 li-

321 516 501 562 mens,
529 513 653 552 cum
675 498 724 552 ei
746 497 1037 552 obfulserit
1064 494 1315 552 veritatis
1344 493 1571 564 agnitio,
1603 508 1703 562 per
1734 508 1898 562 quam

321 591 606 647 scientiam
642 590 807 644 timor
838 588 1007 643 futuri
1028 588 1217 658 judicii
1248 588 1430 651 datur,
1462 586 1553 655 qui
1577 586 1897 640 sitidoneus

322 684 517 739 animae
547 684 877 754 gubernator
906 690 961 735 et
988 684 1082 751 qui
1138 696 1259 735 eam
1302 679 1478 750 possit
1533 695 1562 733 a
1611 678 1900 747 concupis-

321 777 624 832 centiarum
655 774 970 845 praccipitiis
1001 788 1279 828 revocare.
1310 771 1451 838 Quia
1483 786 1614 842 ergo
1644 771 1756 826 sint
1779 771 1897 824 haec

320 872 375 926 in
406 880 595 925 nostra
624 876 915 940 potestate,
946 866 1280 924 sufﬁcienter
1303 865 1508 920 dictum
1540 873 1641 920 est.

386 962 605 1018 XXXII.
646 960 803 1016 Nunc
840 971 892 1017 et
929 969 990 1016 tu
1029 976 1193 1016 senex
1220 1000 1234 1025 ,
1278 960 1322 1013 si
1360 958 1491 1029 quid
1527 958 1699 1011 habes
1745 954 1896 1025 quod

322 1060 390 1113 ad
430 1059 546 1113 haec
590 1055 959 1127 respondeas,
1006 1054 1208 1125 incipe.
1252 1051 1431 1107 Senex
1471 1050 1540 1104 ad
1574 1051 1733 1105 haec:
1774 1047 1897 1103 Ple-

318 1150 575 1214 nissime,
603 1150 711 1213 ait,
738 1147 1058 1211 ostendisti,
1085 1145 1158 1201 ﬁli
1186 1163 1200 1213 ;
1236 1143 1331 1200 sed
1357 1159 1487 1215 ego,
1516 1143 1658 1199 sicut
1685 1141 1797 1196 dixi
1830 1157 1896 1195 ex

318 1243 506 1307 initio,
537 1242 687 1297 omni
716 1242 843 1296 huic
886 1238 1299 1308 incomparabili
1343 1236 1641 1293 assertioni
1688 1241 1830 1297 tuae,
1864 1246 1896 1286 a

316 1336 538 1407 propria
582 1334 925 1389 conscientia
973 1331 1273 1403 prohibeor
1313 1327 1729 1385 accommodare
1761 1341 1895 1380 con—

318 1444 563 1486 sensum.
610 1426 744 1481 Novi
775 1427 921 1481 enim
952 1433 1006 1480 et
1037 1439 1213 1479 meam
1256 1422 1501 1494 genesim
1545 1429 1599 1475 et
1643 1418 1895 1489 conjugis

317 1536 480 1589 meae,
516 1528 572 1575 et
599 1520 715 1574 scio
746 1534 809 1573 ea
855 1533 975 1588 quae
1016 1517 1315 1585 unicuique
1358 1521 1610 1568 nostrum
1653 1510 1895 1565 dictabat

314 1614 536 1685 genesis
587 1612 891 1677 accidisse,
939 1618 993 1664 et
1036 1609 1105 1663 ab
1148 1608 1232 1662 his
1279 1621 1401 1676 quae
1442 1605 1607 1659 rebus
1632 1612 1685 1658 et
1716 1603 1897 1673 operi-

314 1704 419 1760 bus
448 1712 729 1774 comperta
758 1710 887 1759 sunt
910 1702 1073 1765 mihi,
1097 1714 1246 1755 nunc
1266 1699 1449 1755 verbis
1473 1697 1760 1754 transferri
1784 1713 1895 1751 non

2002 493 2150 549 beris
2201 495 2475 549 viventem
2525 493 2881 565 pudicissime
2924 496 3298 567 traditurum;
3349 509 3405 556 et
3460 501 3569 572 jam

1999 602 2146 640 nunc
2175 587 2364 656 accipe
2390 585 2549 641 ﬁdem
2578 602 2760 641 rerum
2784 603 2852 642 ex
2883 602 2981 653 eo,
3014 589 3159 660 quod
3191 606 3406 647 omnem
3440 610 3572 650 cau-

1998 695 2115 734 sam
2166 681 2339 735 multo
2387 680 2704 750 diligentius
2751 680 2867 735 scio
2915 697 3077 752 quam
3121 691 3215 747 tu,
3262 696 3572 755 cunctaque

1994 773 2092 831 tibi
2125 788 2223 843 per
2251 773 2500 828 ordinem
2535 787 2657 842 quae
2696 781 2847 843 gesta
2892 781 3021 829 sunt
3063 778 3370 842 cnarrabo,
3419 788 3477 832 ut
3517 785 3572 833 et

1994 872 2052 918 tu
2086 879 2388 933 cognoscas
2415 872 2467 920 et
2497 866 2589 937 qui
2622 873 2919 937 praesentes
2947 874 3075 922 sunt
3103 868 3338 925 discant.

2064 955 2282 1012 XXXV.
2324 957 2388 1011 Et
2417 973 2543 1013 cum
2576 959 2691 1014 haec
2721 959 2986 1025 dixisset,
3017 976 3318 1017 conversus
3353 962 3417 1017 ad
3449 972 3570 1018 tur-

1996 1048 2094 1104 bas
2137 1049 2213 1103 ita
2255 1052 2461 1120 cmpit:
2504 1050 2605 1106 llic
2647 1067 2810 1119 quem
2852 1052 3091 1118 videtis,
3120 1069 3152 1107 o
3182 1056 3315 1117 viri,
3370 1057 3425 1110 in
3466 1057 3570 1112 hac

1994 1153 2144 1197 veste
2171 1144 2551 1214 pauperi-ima,
2586 1143 2843 1199 Romana:
2876 1146 3028 1203 urbis
3059 1157 3143 1202 est
3176 1150 3344 1215 civis,
3380 1167 3444 1205 ex
3478 1167 3573 1222 ge~

1994 1250 2127 1290 nere
2159 1237 2332 1306 ipsius
2361 1235 2597 1291 Caesaris
2628 1237 2971 1294 descendens
2999 1257 3013 1306 ;
3048 1255 3245 1295 nomen
3276 1241 3324 1294 ei
3356 1240 3572 1298 Fausti-

1994 1327 2230 1391 nianus,
2263 1343 2488 1382 uxorem
2525 1343 2742 1399 quoque
2781 1330 3179 1387 nobilissimam
3224 1332 3563 1389 Matthidiam

1994 1419 2216 1473 nomine
2259 1420 2485 1474 sortitus
2526 1428 2644 1485 est,
2694 1435 2757 1475 ex
2808 1438 2916 1493 qua
2957 1430 3069 1479 tres
3111 1424 3253 1479 ﬁlios
3294 1428 3566 1496 suscepit,

1996 1525 2227 1579 quorum
2259 1511 2370 1566 duo
2399 1512 2632 1581 gemini,
2664 1528 2809 1567 unus
2840 1521 3021 1569 autem
3065 1516 3158 1585 qui
3198 1524 3315 1570 erat
3359 1518 3565 1587 junior,

1994 1603 2084 1657 cui
2115 1618 2315 1658 nomen
2346 1602 2633 1667 Clemens,
2664 1604 2754 1659 hic
2782 1608 2885 1660 est.
2918 1604 2984 1659 Et
3015 1622 3137 1660 cum
3171 1608 3275 1662 hoc
3301 1608 3564 1679 dixisset,

1996 1696 2167 1767 digito
2214 1711 2300 1751 me
2341 1696 2605 1751 ostendit.
2647 1695 2860 1752 Gemini
2913 1708 3094 1753 autem
3137 1698 3232 1754 ﬁlii
3274 1700 3393 1769 ejus
3437 1713 3567 1757 sunt

310 1812 559 1867 possum.
591 1795 836 1866 Denique
860 1794 1122 1864 quoniam
1153 1801 1207 1848 te
1239 1792 1483 1863 apprime
1514 1791 1785 1845 imbutum
1814 1790 1897 1843 vi—
1926 1796 1969 1851 Β
1998 1788 2124 1851 isti,
2156 1788 2341 1843 Niceta
2371 1796 2426 1842 et
2454 1788 2680 1859 Aquila,
2716 1805 2945 1859 quorum
2977 1792 3117 1848 alius
3146 1791 3441 1851 Faustinus
3471 1811 3568 1851 vo-

312 1885 417 1939 deo
446 1885 501 1939 in
535 1884 910 1953 hujuscemodi
941 1882 1286 1952 disciplinis,
1319 1881 1446 1936 audi
1477 1881 1730 1951 conjugis
1761 1895 1894 1935 meae

315 1971 538 2036 thema,
585 1980 640 2026 et
679 1971 927 2026 invenies
972 1971 1196 2027 schema
1239 1971 1401 2040 cujus
1445 1970 1627 2025 exitus
1668 1970 1889 2025 accidit.

316 2061 522 2117 Habuit
550 2064 695 2117 enim
730 2063 955 2118 Martem
1004 2078 1131 2118 cum
1160 2061 1374 2118 Venere
1414 2077 1580 2132 super
1620 2072 1889 2126 centrum,

310 2153 524 2209 Lunam
570 2172 702 2210 vero
743 2156 802 2210 in
840 2171 1044 2211 occasu
1091 2156 1148 2211 in
1180 2156 1433 2211 domibus
1465 2156 1653 2211 Martis
1681 2163 1735 2211 et
1766 2154 1891 2209 ﬁni-

315 2247 421 2302 bus
458 2245 720 2312 Saturni,
754 2249 899 2318 quod
930 2249 1152 2304 schema
1181 2248 1461 2303 adulteras
1504 2246 1635 2303 facit
1679 2255 1734 2303 et
1774 2262 1892 2304 ser—

309 2356 411 2395 vos
442 2342 699 2411 proprios
731 2355 916 2396 amare
937 2381 951 2406 ,
984 2342 1040 2396 in
1071 2340 1512 2412 peregrinatione
1558 2348 1613 2395 et
1648 2341 1704 2394 in
1734 2341 1891 2410 aquis

308 2433 576 2505 defungi,
609 2434 755 2506 quod
789 2442 845 2489 et
888 2434 963 2488 ita
1008 2433 1211 2489 factum
1254 2441 1379 2499 est;
1422 2432 1613 2487 incidit
1654 2446 1891 2502 namque

309 2528 367 2582 in
396 2543 637 2583 amorem
671 2528 854 2593 servi,
885 2534 941 2582 et
972 2527 1277 2598 periculum
1306 2526 1471 2581 simul
1502 2532 1664 2596 atque
1690 2539 1890 2596 oppro-

306 2618 490 2674 brium
523 2629 773 2675 metuens
800 2618 937 2690 fugit
977 2635 1103 2673 cum
1146 2619 1302 2689 ipso,
1347 2625 1401 2673 et
1439 2632 1665 2688 peregre
1707 2616 1890 2688 profe-

307 2718 399 2766 cta
432 2711 524 2766 ubi
556 2709 732 2764 amori
766 2725 869 2765 suo
900 2708 1206 2774 satisfecit,
1236 2708 1400 2779 periit
1428 2708 1486 2762 in
1515 2708 1673 2763 mari.

381 2801 623 2858 XXXIII.
662 2802 729 2857 Et
760 2818 862 2874 ego
892 2802 1151 2872 respondi
1176 2821 1190 2856 :
1233 2800 1387 2855 Unde
1418 2802 1529 2856 scis
1559 2800 1686 2870 quia
1729 2815 1889 2870 pere-

307 2908 407 2966 gre
433 2910 595 2951 servo
624 2910 726 2950 suo
757 2896 967 2950 sociata
995 2900 1081 2949 est
1107 2904 1163 2948 et
1201 2892 1257 2947 in
1304 2892 1424 2962 ejus
1467 2893 1747 2949 consortio
1789 2908 1887 2963 po—

308 2986 418 3045 sita
469 2987 827 3059 defungitur?
874 2987 942 3043 Et
993 3003 1203 3043 senex:
1255 2986 1615 3051 Certissime,
1666 2987 1882 3056 inquit,

308 3082 462 3146 scio,
498 3096 687 3137 revera
717 3096 824 3136 non
855 3081 983 3151 quia
1026 3080 1275 3151 nupserit
1320 3094 1510 3143 servo,
1544 3079 1747 3149 quippe
1787 3080 1879 3150 qui

308 3187 487 3243 neque
518 3172 623 3228 hoc
652 3172 871 3243 quidem
904 3171 1051 3241 quod
1097 3187 1219 3226 eum
1267 3176 1475 3225 amaret
1518 3185 1878 3240 agnoveram,

309 3262 407 3316 sed
437 3272 724 3333 postquam
757 3262 1001 3332 profecta
1032 3267 1150 3326 est,
1183 3259 1353 3317 frater
1380 3275 1535 3315 meus
1564 3260 1695 3313 mihi
1725 3275 1886 3314 enar-

308 3356 489 3420 ravit,
518 3355 710 3409 dicens
734 3396 747 3420 ,
782 3354 927 3424 quod
956 3354 1132 3424 primo
1162 3352 1379 3422 quidem
1411 3352 1588 3421 ipsum
1633 3350 1887 3405 adamas-

306 3453 432 3513 set;
493 3447 588 3501 sed
640 3447 729 3501 ille
771 3447 899 3516 quia
943 3452 1062 3500 erat
1104 3445 1403 3509 honestus,
1458 3450 1647 3512 utpote
1696 3442 1884 3504 frater,

305 3539 485 3593 noluit
528 3547 707 3593 torum
756 3537 944 3594 fratris
990 3539 1183 3594 incesti
1225 3536 1437 3591 macula
1466 3536 1731 3605 polluere.
1773 3533 1881 3589 Sed

306 3630 400 3687 illa
431 3636 485 3684 et
515 3645 601 3684 me
634 3645 853 3695 verens,
882 3640 935 3685 et
963 3628 1315 3701 Opprobrium
1347 3644 1454 3683 non
1484 3628 1665 3683 ferens
1696 3627 1882 3682 infelix

307 3722 519 3795 (neque
558 3722 702 3777 enim
741 3724 1120 3793 imputandum
1158 3723 1206 3777 ei
1243 3728 1358 3786 est,
1394 3722 1540 3792 quod
1571 3735 1691 3775 eam
1720 3734 1883 3791 gene-

306 3815 386 3869 sis
420 3816 599 3872 facere
630 3816 952 3887 compulit),
988 3815 1136 3869 ﬁnxit
1170 3813 1445 3869 somnium
1475 3820 1529 3869 et
1556 3815 1632 3867 ait
1659 3813 1727 3867 ad
1757 3827 1877 3867 me:

305 3906 496 3962 Astitit
523 3908 657 3962 mihi
690 3908 914 3977 quidam
948 3923 1045 3977 per
1073 3909 1250 3962 visum
1271 3948 1286 3972 ,
1322 3908 1415 3979 qui
1440 3906 1606 3977 jussit
1634 3923 1721 3962 me
1754 3920 1881 3961 cum

303 3996 522 4053 duobus
552 3996 785 4069 geminis
813 3999 949 4054 meis
979 3998 1098 4054 sine
1126 4013 1278 4053 mora
1308 4014 1375 4052 ex
1403 3997 1551 4054 Urbe
1581 3996 1877 4067 proﬁcisci.

307 4088 437 4145 Haec
466 4106 596 4161 ergo
622 4108 746 4147 cum
778 4092 1088 4157 audissem,
1120 4104 1219 4162 pro
1250 4091 1425 4145 salute
1452 4091 1571 4160 ejus
1619 4090 1881 4143 ﬁliorum-

300 4198 412 4252 que
438 4184 730 4249 sollicitus,
756 4183 1046 4239 confestim
1068 4184 1243 4253 ipsam
1266 4192 1319 4237 et
1347 4183 1549 4237 liberos
1573 4182 1721 4235 exire
1736 4180 1877 4245 feci;

302 4291 473 4330 unum
504 4276 598 4346 qui
628 4284 746 4332 erat
774 4275 982 4346 junior,
1016 4275 1146 4328 mihi
1178 4274 1376 4328 retinui
1405 4291 1421 4340 ;
1458 4274 1563 4327 hoc
1589 4272 1732 4327 enim
1753 4285 1877 4326 eum

300 4368 395 4439 qui
420 4383 683 4437 responsa
714 4367 770 4422 in
801 4367 1009 4422 somnis
1034 4366 1276 4428 dederat,
1298 4364 1613 4434 permisisse
1640 4363 1873 4418 dicebat.

1995 1878 2224 1933 cabatur
2251 1880 2444 1950 prius,
2478 1887 2532 1934 et
2575 1881 2715 1936 alius
2759 1880 3015 1937 Faustus.
3064 1883 3238 1939 Simul
3280 1895 3462 1941 autem
3506 1894 3567 1942 ut

1995 1972 2222 2025 nomina
2262 1979 2453 2027 nostra
2493 1974 2797 2028 enuntiavit
2837 1973 3066 2041 Petrus,
3105 1992 3269 2033 senex
3306 1979 3566 2035 resolutis

1996 2062 2256 2117 membris
2287 2065 2576 2129 omnibus,
2606 2078 2764 2133 quasr
2800 2064 3135 2137 interceptus
3164 2069 3424 2125 concidit.
3452 2070 3565 2127 Nos

1990 2162 2177 2208 autem
2216 2154 2309 2208 ﬁlii
2348 2154 2619 2211 irruentes
2664 2171 2830 2225 super
2866 2172 3024 2221 eum,
3068 2160 3564 2231 eomplectebamur

1991 2254 2046 2301 et
2077 2248 2482 2313 osculabamur,
2516 2258 2769 2307 verentes
2808 2252 2971 2307 simul
3009 2268 3077 2307 ne
3111 2254 3366 2322 spiritum
3403 2272 3565 2313 ret-'0-

1991 2354 2118 2395 care
2147 2356 2253 2394 non
2286 2351 2491 2411 posset.
2524 2342 2589 2396 Et
2619 2357 2742 2398 cum
2775 2344 2891 2399 haec
2919 2344 3143 2409 ﬁerent,
3180 2348 3412 2416 populus
3442 2349 3561 2419 qui-

1991 2430 2113 2486 dem
2143 2430 2505 2513 admiratione
2541 2435 2661 2505 ipsa
2688 2434 3103 2505 obstupefactus
3134 2445 3240 2492 est.

2061 2520 2299 2577 XXXVI.
2342 2522 2537 2579 Petrus
2566 2534 2746 2582 autem
2782 2542 3006 2597 surgere
3038 2543 3139 2583 nos
3186 2544 3217 2582 a
3256 2532 3560 2600 complexi-

1990 2609 2094 2665 bus
2124 2611 2296 2681 patris
2317 2652 2332 2677 ,
2369 2628 2441 2668 ne
2473 2630 2597 2669 eum
2630 2630 2956 2672 necaremus
2979 2617 3169 2686 jubet,
3219 2626 3273 2673 et
3311 2621 3427 2690 ipse
3467 2637 3563 2692 ap-

1990 2702 2256 2771 prehensa
2287 2718 2450 2757 manu
2475 2706 2595 2772 ejus
2615 2744 2629 2767 ,
2659 2706 2820 2775 quasi
2852 2706 2917 2761 de
2944 2722 3138 2762 somno
3166 2710 3403 2778 quodam
3434 2726 3563 2781 proo

1989 2790 2159 2847 fundo
2182 2794 2402 2849 elevans
2425 2810 2548 2850 eum
2571 2803 2624 2850 et
2640 2797 2918 2867 paululum
2939 2813 3217 2863 recreans,
3237 2801 3421 2855 omnia
3443 2815 3563 2871 qua

1988 2892 2145 2955 gesta
2172 2884 2386 2940 fuerant
2410 2887 2712 2941 secundum
2740 2889 3024 2943 veritatem
3057 2891 3224 2959 cmpit
3249 2907 3554 2961 exponere:

1983 2979 2256 3046 quomodo
2279 2978 2446 3033 frater
2466 2978 2586 3048 ejus
2610 2979 2662 3032 in
2686 2994 2923 3035 amorem
2949 2980 3201 3036 inciderit
3223 2981 3520 3039 Matthidite
3540 3026 3555 3048 ,

1986 3075 2040 3121 et
2066 3069 2156 3122 illa
2184 3085 2307 3124 cum
2332 3077 2477 3126 esset
2500 3070 2888 3139 pudicissima,
2920 3072 3169 3126 illicitum
3198 3073 3383 3128 fratris
3408 3090 3560 3128 amo-

1982 3177 2096 3216 rem
2129 3161 2250 3216 viro
2283 3162 2525 3217 indicare
2551 3164 2819 3227 noluerit,
2852 3179 2921 3218 ne
2949 3165 3034 3219 vel
3064 3164 3263 3219 bellum
3297 3165 3556 3223 fratribus

1983 3251 2069 3306 vel
2115 3253 2467 3321 opprobrium
2521 3255 2709 3325 generi
2765 3255 3077 3322 indiceret,
3133 3260 3227 3314 sed
3278 3261 3557 3330 sapienter

1984 3344 2255 3400 somnium
2287 3344 2540 3412 ﬁnxerit,
2564 3361 2673 3416 quo
2704 3362 2769 3401 ex
2800 3345 2947 3403 Urbe
2983 3350 3267 3418 juberetur
3295 3355 3556 3411 excedere

1982 3452 2107 3492 cum
2139 3436 2372 3507 geminis
2401 3437 2564 3502 ﬁliis,
2610 3439 2830 3508 juniore
2872 3441 3015 3509 apud
3061 3452 3270 3512 patrem
3316 3446 3553 3515 relicto;

1984 3535 2153 3598 utque
2184 3528 2507 3599 navigantes
2536 3529 2883 3600 naufragium
2909 3533 2961 3586 vi
2991 3538 3335 3605 tempestatis
3368 3538 3555 3592 incur-

1981 3622 2189 3688 rerint,
2219 3629 2273 3677 et
2300 3623 2368 3676 ad
2400 3622 2637 3678 insulam
2669 3624 3009 3681 Antaradum
3039 3629 3261 3684 nomine
3303 3632 3549 3700 expulsi,

1982 3714 2264 3771 Matthidia
2318 3717 2537 3786 quidem
2596 3734 2762 3789 supra
2815 3735 3008 3776 saxum
3062 3723 3336 3792 quoddam
3385 3726 3553 3780 fluctu

1976 3805 2223 3874 jactante
2272 3806 2516 3875 projecta
2560 3808 2666 3875 sit,
2720 3809 2919 3877 gemini
2962 3824 3091 3865 vero
3141 3811 3298 3866 liberi
3344 3815 3483 3885 rapti
3522 3831 3552 3869 a

1978 3896 2173 3965 piratis
2200 3902 2253 3951 et
2272 3898 2575 3953 Cazsaream
2604 3899 2871 3969 perducti,
2910 3901 3181 3972 religiosae
3215 3904 3431 3960 cuidam
3473 3906 3553 3962 fe-

1980 3987 2141 4043 mina:
2195 3990 2490 4045 venundati
2536 3990 2683 4055 sint,
2732 4007 2855 4062 quae
2896 4008 2993 4049 eos
3043 3995 3101 4050 in
3144 3997 3377 4054 ﬁliorum
3429 4000 3552 4055 loco

1978 4084 2187 4139 habens
2238 4084 2540 4139 liberaliter
2586 4085 2904 4141 educaverit
2955 4095 3010 4141 et
3061 4090 3266 4144 erudiri
3322 4090 3546 4156 fecerit,

1977 4188 2277 4243 eormnque
2308 4173 2530 4227 nomina
2563 4174 2752 4243 piratae
2784 4177 3194 4231 immutaverint
3221 4187 3275 4233 et
3305 4179 3548 4235 Nicetam

1978 4265 2182 4328 alium,
2236 4265 2405 4319 alium
2456 4262 2710 4335 Aquilam
2766 4267 3165 4336 vocitaverint;
3216 4279 3382 4340 utque
3429 4285 3551 4343 post

1978 4357 2095 4412 haec
2127 4356 2437 4413 studiorum
2468 4366 2523 4413 et
2551 4359 2971 4416 consuetudinis
2996 4376 3168 4416 causa
3201 4360 3413 4419 Simoni
3452 4368 3549 4421 ad-

374 4458 613 4514 XXXIV.
634 4457 774 4512 Tum
804 4472 906 4527 ego
936 4455 1211 4519 Clemens,
1244 4454 1552 4524 intelligens
1583 4451 1726 4523 quod
1756 4452 1874 4521 ipse
1904 4470 1949 4524 ι)
1976 4453 2254 4519 haeserint,
2273 4460 2434 4523 atque
2456 4452 2524 4507 ab
2549 4468 2635 4519 eo,
2662 4454 2755 4508 ubi
2784 4469 3000 4523 magum
3029 4464 3082 4511 et
3107 4456 3445 4527 deceptorem
3469 4461 3549 4513 vi-

297 4553 555 4619 fortassis
580 4559 727 4607 esset
749 4557 904 4620 pater
928 4564 1084 4604 meus
1103 4587 1118 4612 ,
1147 4546 1407 4617 lacrymis
1432 4546 1686 4615 oppletus
1715 4558 1868 4610 sum;

300 4622 501 4701 fratres
529 4658 748 4714 quoque
788 4656 942 4696 meos
981 4641 1226 4695 volentes
1271 4638 1524 4709 prosilire
1564 4644 1621 4691 et
1660 4635 1873 4705 aperire

299 4752 457 4801 rem,
488 4734 766 4805 prohibuit
794 4731 989 4787 Petrus
1027 4730 1215 4785 dicens
1245 4747 1259 4784 :
1291 4728 1567 4794 Quiescite
1594 4724 1872 4796 quoadus-

296 4846 407 4903 que
449 4829 583 4883 mihi
630 4825 917 4897 placuerit.
970 4822 1325 4894 Respondens
1373 4834 1503 4890 ergo
1553 4816 1750 4873 Petrus
1796 4814 1872 4869 ait

297 4923 366 4975 ad
398 4933 621 4976 senem:
658 4917 812 4984 Quod
845 4931 1039 4970 nomen
1082 4921 1200 4969 erat
1238 4911 1442 4985 juniori
1483 4910 1595 4965 ﬁlio
1638 4909 1775 4965 tuo?
1802 4907 1871 4962 At

298 5017 391 5072 ille
422 5015 538 5069 ait:
573 5012 846 5067 Clemens.
891 5011 954 5064 Et
986 5008 1215 5065 Petrus:
1256 5007 1313 5063 Si
1346 5006 1484 5070 tibi,
1519 5006 1698 5076 inquit
1721 5044 1737 5069 ,
1768 5003 1871 5057 ho-

295 5111 386 5166 die
416 5109 705 5179 conjugem
750 5117 895 5161 tuam
924 5104 1288 5161 castissimam
1317 5101 1712 5171 consignavero
1743 5113 1869 5153 cum

296 5203 478 5257 tribus
524 5201 648 5256 ﬁliis
690 5199 831 5263 tuis,
876 5198 1053 5253 credis
1095 5196 1223 5267 quia
1263 5200 1444 5265 potest
1485 5192 1681 5263 pudica
1713 5204 1868 5246 mens

298 5303 481 5351 motus
512 5289 917 5347 irrationabiles
945 5301 1205 5359 superare
1230 5327 1246 5353 ,
1276 5295 1329 5341 et
1357 5284 1503 5356 quod
1531 5284 1715 5338 omnia
1747 5297 1869 5352 quae

297 5404 329 5443 a
361 5387 522 5443 nobis
563 5384 711 5439 dicta
742 5390 901 5445 sunt,
935 5395 1062 5435 vera
1093 5379 1205 5434 sint
1230 5384 1285 5433 et
1313 5376 1531 5448 genesis
1572 5375 1711 5430 nihil
1754 5374 1870 5430 sit?

299 5481 366 5534 Et
405 5494 613 5535 senex:
652 5476 806 5531 Sicut
853 5471 1191 5543 impossibile
1233 5478 1351 5534 est,
1383 5469 1596 5539 inquit,
1627 5474 1681 5522 te
1712 5466 1869 5521 exhi-

300 5569 429 5621 bere
453 5564 599 5634 quod
630 5561 969 5635 promisisti,
1002 5559 1077 5613 ita
1104 5558 1444 5628 impossibile
1472 5563 1557 5612 est
1584 5562 1739 5611 extra
1770 5570 1868 5625 ge-

297 5657 471 5713 nesim
503 5655 618 5711 ﬁeri
647 5654 875 5725 aliquid.
907 5651 1049 5706 Tum
1092 5651 1332 5707 Petrus:
1374 5648 1603 5713 Testes,
1648 5648 1860 5719 inquit,

295 5750 499 5806 habere
543 5748 669 5804 volo
711 5762 904 5802 omnes
944 5746 1046 5800 hos
1082 5745 1177 5816 qui
1215 5750 1514 5815 praesentes
1557 5750 1730 5810 sunt,
1777 5755 1865 5796 me

579 5839 853 5901 Panos.
903 5839 1017 5899 Gn.
1070 5838 1121 5898 ι.

1976 4547 2206 4611 derunt,
2230 4549 2408 4603 aversi
2432 4546 2765 4600 accesserint
2789 4547 2856 4600 ad
2884 4546 3202 4603 Zacchzeum
3221 4588 3235 4613 ,
3259 4557 3313 4603 et
3336 4558 3391 4603 ut
3422 4561 3546 4620 post

1977 4638 2090 4691 haec
2122 4639 2317 4692 sociati
2349 4644 2475 4692 sunt
2504 4637 2608 4691 sibi
2633 4656 2646 4704 ;
2684 4637 2778 4693 sed
2807 4645 2862 4693 et
2890 4638 3144 4694 Clemens
3177 4642 3449 4709 quomodo
3477 4658 3543 4697 ex

1975 4731 2121 4785 Urbe
2144 4729 2502 4800 agnoscenda:
2522 4731 2767 4785 veritatis
2791 4745 2957 4785 causa
2984 4730 3281 4801 profectus,
3304 4749 3400 4803 per
3424 4735 3548 4788 Bar-

1973 4826 2128 4880 naba:
2157 4826 2403 4878 notitiam
2431 4823 2733 4879 Caesaream
2763 4824 2972 4878 venerit
3002 4825 3213 4895 sibique
3246 4826 3545 4883 innotuerit

1971 4924 2023 4971 et
2054 4914 2373 4979 adhaeserit,
2402 4920 2568 4984 utque
2598 4912 2666 4967 ab
2690 4929 2755 4968 eo
2781 4911 2851 4968 sit
2878 4912 2945 4968 de
2973 4912 3077 4967 ﬁde
3104 4914 3387 4982 religionis
3414 4917 3545 4970 edo—

1971 5015 2127 5074 ctus;
2155 5007 2251 5063 sed
2272 5016 2327 5063 et
2348 5008 2583 5078 qualiter
2605 5006 2746 5076 apud
2771 5005 3110 5060 Antaradum
3136 5006 3537 5062 mendicantem

1971 5102 2232 5171 repererit
2261 5108 2315 5154 et
2343 5098 2723 5170 recognoverit
2753 5105 2981 5151 matrem
3002 5140 3016 5165 ,
3049 5104 3218 5167 utque
3248 5098 3429 5152 omnis
3460 5099 3544 5151 in-

1971 5194 2089 5250 sula
2118 5195 2173 5248 in
2194 5193 2318 5261 ejus
2343 5190 2717 5261 recognitione
2745 5189 2931 5258 gavisa
2956 5188 3055 5253 sit,
3079 5198 3132 5243 et
3162 5189 3229 5243 de
3258 5186 3544 5258 pudicissio

1969 5295 2070 5336 ma:
2097 5280 2328 5350 hOSpitae
2353 5278 2713 5334 contubernio
2741 5287 2902 5346 atque
2921 5277 3041 5345 ejus
3072 5293 3167 5348 per
3186 5280 3541 5349 semetipsum

1968 5374 2170 5427 collata
2202 5375 2434 5428 sanitate
2460 5412 2476 5436 ,
2508 5380 2562 5428 et
2594 5372 2660 5426 de
2688 5371 3015 5427 liberalitate
3038 5369 3331 5425 Clementis
3360 5370 3413 5423 in
3444 5384 3541 5424 eos

1967 5460 2061 5534 qui
2104 5478 2233 5533 erga
2281 5473 2509 5518 matrem
2539 5462 2768 5517 beneﬁci
2810 5462 3170 5527 exstiterant;
3199 5468 3369 5532 utque
3414 5468 3540 5532 post

1966 5556 2082 5611 hac
2108 5555 2297 5611 Niceta
2321 5562 2374 5610 et
2396 5554 2590 5628 Aquila
2620 5555 2960 5624 requirentes
2991 5566 3238 5623 quaenam
3269 5560 3417 5608 esset
3445 5568 3538 5622 pe-

1967 5646 2187 5716 regrina
2231 5644 2446 5709 mulier,
2492 5659 2617 5698 cum
2663 5642 2947 5698 audissent
2986 5656 3017 5696 a
3055 5641 3337 5697 Clemente
3377 5656 3539 5695 omne

1972 5736 2247 5811 negotium
2270 5777 2287 5807 ,
2321 5752 2381 5793 se
2411 5750 2534 5793 esse
2562 5736 2811 5808 geminos
2854 5734 2976 5806 ejus
3024 5733 3160 5790 ﬁlios
3210 5732 3534 5787 Faustinum

3219 5824 3294 5885 ’15
