3888 6192
418 247 554 304 H19

1269 241 1326 297 S.
1366 238 1760 299 CLEMENTIS
1792 240 1812 294 Ι
1846 240 2013 297 ROM.
2048 239 2249 299 PONT.
2286 237 2515 296 OPERA
2547 238 2770 296 DUBIA.

3523 241 3645 298 H20

416 357 869 415 exclamaverunt
894 366 949 414 et
992 356 1292 421 Faustum,
1338 369 1666 425 omnemque
1711 354 1996 409 historiam
2026 360 2074 419 Α
2104 353 2369 409 conclave
2418 353 2635 417 clausa,
2680 352 2918 424 eﬂ‘ugato
2965 369 2996 409 a
3041 367 3101 409 se
3135 352 3376 409 daemone
3412 362 3467 410 et
3507 359 3649 414 ostiis

416 468 539 522 quae
566 467 663 507 eos
694 451 872 523 egerit
902 449 1305 522 patefecerint;
1337 458 1503 518 utque
1534 454 1658 518 post
1692 445 1806 501 haec
1839 447 1999 500 matri

417 544 745 612 cautius,ne
780 544 967 599 subito
996 542 1199 613 gaudio
1230 541 1672 612 interciperetur,
1706 539 1827 610 ipso
1861 538 1999 593 insi-

419 646 626 691 nuante
651 676 665 701 ,
696 636 865 691 oblati
898 633 1220 693 sint,Petro.

490 726 754 783 XXXVII.
788 726 893 781 Sed
923 743 1045 782 cum
1074 728 1189 781 haec
1216 726 1270 781 in
1295 726 1485 780 auditu
1512 728 1661 782 senis
1686 734 2001 782 narratione

420 824 734 895 gratissima
770 822 948 877 turbis
981 830 1280 888 exponeret
1309 818 1504 875 Petrus
1525 860 1539 884 ,
1574 820 1650 876 ita
1684 829 1744 875 ut
1773 821 2001 875 audien-

423 922 505 971 tes
535 924 814 986 gestorum
845 914 1126 970 miraculis
1155 920 1209 969 et
1240 914 1601 969 humanitatis
1646 912 2001 969 miseratione

422 1009 821 1079 lacrymarent,
860 1008 1047 1062 nescio
1080 1006 1221 1061 unde
1251 1006 1480 1062 audiens
1514 1014 1689 1062 mater
1732 1005 1801 1061 de
1842 1022 2001 1062 reco-

423 1101 668 1172 gnitione
715 1100 921 1171 patris,
969 1115 1139 1153 cursu
1185 1098 1406 1155 concito
1450 1100 1613 1154 irruit
1658 1099 1716 1154 in
1758 1099 2001 1154 medium

423 1194 636 1258 nostri,
672 1209 796 1247 cum
832 1194 1073 1247 clamore
1120 1192 1357 1248 dicens:
1412 1191 1517 1247 Ubi
1558 1199 1643 1248 est
1688 1208 1845 1248 meus
1892 1194 1999 1258 vir,

424 1300 581 1340 meus
604 1285 859 1339 dominus
884 1283 1303 1348 Faustinianus,
1330 1284 1422 1355 qui
1456 1294 1564 1339 tam
1584 1286 1771 1340 multis
1796 1293 2003 1356 tempo-

424 1379 578 1433 ribus
612 1378 887 1449 amigitur,
920 1378 1208 1434 ambulans
1243 1393 1338 1448 per
1367 1377 1533 1433 urbes
1562 1379 1807 1450 singulas
1835 1386 1889 1435 et
1916 1394 2003 1434 me

426 1475 725 1548 quarens?
774 1473 899 1529 Haec
936 1490 1059 1530 cum
1094 1476 1185 1529 illa
1208 1475 1367 1546 quasi
1412 1490 1601 1532 amens
1645 1477 1908 1531 clamaret
1949 1481 2003 1530 et

424 1568 877 1639 circumspiceret
896 1607 912 1631 ,
943 1583 1107 1623 senex
1138 1584 1435 1625 accurrens
1462 1585 1585 1624 cum
1613 1570 1799 1626 multis
1826 1570 2004 1640 lacry-

424 1661 530 1716 mis
562 1660 819 1730 amplecti
849 1667 903 1713 et
950 1661 1333 1731 constringere
1372 1675 1493 1715 eam
1537 1660 1723 1731 cmpit.
1773 1659 1839 1713 Et
1876 1674 2002 1714 cum

429 1755 542 1809 haec
574 1762 918 1824 gererentur,
953 1750 1153 1807 Petrus
1197 1753 1409 1824 rogavit
1440 1754 1633 1808 turbas
1663 1760 1723 1807 ut
1752 1752 2005 1808 discede-
2034 1734 2077 1789 Β

424 1853 577 1908 rent,
618 1846 807 1899 dicens
855 1844 1284 1899 inverecundum
1325 1860 1450 1901 esse
1495 1847 1642 1899 ultra
1674 1846 2000 1916 persistere,

424 1936 519 1991 sed
554 1936 793 1991 dandum
826 1937 906 1991 eis
942 1936 1122 1991 locum
1169 1936 1495 1993 familiarius
1540 1937 1775 1992 invicem
1823 1952 1882 1991 se
1922 1937 2005 1991 vi-

424 2027 589 2081 dendi
616 2045 630 2093 ;
661 2030 907 2084 crastino
943 2039 1123 2083 autem
1156 2030 1245 2083 hic
1266 2071 1281 2095 ,
1315 2030 1492 2100 inquit
1513 2069 1529 2094 ,
1563 2030 1610 2085 si
1636 2029 1730 2101 qui
1758 2038 2004 2085 vestrum

424 2123 655 2185 volunt,
689 2123 1021 2177 conveniant
1054 2121 1121 2176 ad
1154 2122 1488 2178 audiendum
1520 2124 1769 2179 verbum.

496 2213 787 2269 XXXVIII.
829 2214 927 2271 Ilis
961 2232 990 2269 a
1021 2215 1183 2271 Petro
1210 2216 1375 2272 dictis
1409 2226 1762 2273 secesserunt
1793 2219 1965 2275 turba:
1985 2259 2000 2284 ,

425 2316 478 2362 et
504 2323 629 2363 cum
656 2309 919 2363 vellemus
949 2324 1050 2364 nos
1083 2325 1302 2380 quoque
1334 2311 1413 2365 ire
1440 2310 1507 2364 ad
1538 2310 1834 2380 hospitium
1857 2351 1873 2376 ,
1905 2312 2005 2367 do-

426 2400 612 2454 minus
657 2399 854 2455 domus
896 2402 971 2454 ait
1016 2400 1083 2455 ad
1124 2417 1271 2458 nos:
1320 2399 1501 2472 Turpe
1545 2411 1631 2458 est
1678 2410 1734 2458 et
1777 2404 2003 2475 impium

424 2490 566 2546 tales
597 2506 661 2547 ac
694 2499 878 2545 tantos
908 2493 1058 2547 viros
1094 2509 1318 2550 manere
1358 2494 1412 2548 in
1453 2496 1703 2561 stabulo,
1741 2511 1868 2551 cum
1903 2511 2005 2567 ego

430 2596 649 2639 omnem
680 2600 818 2654 pene
852 2584 1074 2639 domum
1105 2592 1390 2640 vacantem
1424 2584 1651 2640 habeam
1672 2629 1686 2654 ,
1719 2586 2005 2657 lectosque

428 2683 634 2731 stratos
668 2678 1104 2747 quamplurimas
1143 2686 1199 2733 et
1238 2695 1358 2749 quae
1390 2680 1701 2736 necessaria
1742 2691 1869 2736 sunt
1908 2697 2007 2751 pa-

427 2773 567 2820 rata.
603 2764 710 2823 Sed
740 2766 905 2823 Petro
934 2770 1349 2825 contradicente
1369 2810 1385 2834 ,
1419 2786 1558 2824 uxor
1590 2770 2005 2841 patrisfamilias

430 2873 538 2912 una
593 2874 717 2914 cum
771 2860 961 2916 liberis
1001 2862 1120 2916 suis
1159 2862 1474 2933 prostrabat
1513 2877 1572 2917 se
1616 2869 1742 2916 ante
1784 2878 1907 2917 eum
1952 2869 2006 2918 et

429 2949 693 3006 exorabat
724 2950 916 3009 dicens
943 2971 955 3005 :
990 2951 1231 3008 Obsecro
1261 2964 1341 3014 te,
1377 2968 1537 3008 mane
1566 2952 1709 3022 apud
1740 2968 1861 3009 nos.
1897 2952 2005 3010 Sed

426 3056 496 3095 ne
526 3040 606 3096 sic
633 3041 853 3111 quidem
888 3043 1270 3113 acquiescebat
1300 3042 1527 3107 Petrus,
1558 3042 1733 3099 donec
1766 3042 1875 3099 filia
1906 3060 2001 3101 eo-

2104 443 2395 514 patefactis
2444 460 2567 499 cum
2620 445 2832 501 catenis
2877 445 2994 500 suis
3047 445 3273 503 veniens
3321 446 3548 516 procidit
3592 449 3650 504 ad

2101 534 2269 605 pedes
2300 532 2483 599 Petri,
2516 534 2741 589 dicens:
2786 532 3013 589 Rectum
3054 543 3173 599 est,
3214 536 3289 589 mi
3327 536 3569 601 domine,
3604 546 3655 593 ut

2105 642 2234 698 agas
2266 627 2428 683 hodie
2455 627 2543 681 hic
2575 629 2836 683 salutaria
2865 642 2985 683 mea
3017 628 3133 700 (5),
3163 636 3217 682 et
3243 644 3351 683 non
3381 631 3656 685 contristes

2105 743 2284 799 neque
2323 744 2411 783 me
2442 744 2620 800 neque
2652 737 2907 800 parentes
2947 744 3119 784 meos.
3161 728 3322 783 Petro
3356 737 3535 783 autem
3571 745 3652 783 rc-

2105 824 2358 894 quircnte
2408 831 2727 878 catenarum
2774 836 3199 892 sermonumque
3247 821 3367 891 ejus
3417 836 3656 884 causam,

2103 925 2359 989 parentes
2397 926 2595 989 praeter
2632 932 2784 987 spem
2814 916 2920 971 laeti
2950 914 3128 971 effecti
3162 915 3228 970 de
3258 914 3380 969 ﬁlia:
3408 915 3661 981 sanitate,

2105 1013 2255 1067 velut
2295 1021 2521 1084 stupore
2558 1010 2796 1084 quodam
2837 1011 3057 1065 attoniti
3096 1010 3202 1080 ipsi
3236 1009 3461 1080 quidem
3495 1008 3665 1064 dicere

2105 1111 2413 1173 nequeunt,
2469 1112 2718 1159 astantes
2765 1109 2948 1156 autem
2994 1101 3186 1155 famuli
3231 1101 3430 1154 aiunt:
3479 1099 3600 1155 Haec
3637 1114 3664 1152 ι

2105 1198 2335 1269 septimo
2363 1198 2541 1253 aetatis
2584 1212 2731 1252 anno
2773 1211 2805 1250 a
2849 1196 3097 1251 daemone
3141 1202 3442 1265 occupata,
3488 1208 3665 1248 omnes

2104 1292 2199 1361 qui
2238 1291 2497 1346 accedere
2544 1297 2852 1346 tentassent
2899 1288 2965 1343 ad
3007 1304 3159 1353 eam,
3207 1287 3497 1353 scindere,
3540 1285 3667 1340 dila-

2104 1383 2261 1439 niarc
2292 1382 2570 1439 morsibus
2590 1423 2605 1446 ,
2637 1383 2802 1437 etiam
2832 1381 3178 1449 disrumpere
3198 1418 3213 1443 ,
3245 1389 3300 1435 et
3330 1379 3435 1433 hoc
3466 1394 3559 1449 per
3595 1377 3668 1430 vi-

2103 1477 2243 1546 ginti
2274 1492 2449 1534 annos
2479 1492 2653 1546 usque
2684 1475 2751 1530 ad
2785 1489 3028 1546 praesens
3057 1474 3238 1527 facere
3266 1488 3546 1543 nunquam
3576 1472 3665 1528 de-

2106 1570 2278 1634 stitit,
2328 1585 2430 1625 nec
2482 1570 2549 1624 ab
2598 1568 2785 1639 aliquo
2834 1566 3012 1638 potuit
3062 1566 3283 1629 curari,
3333 1568 3431 1620 sed
3475 1579 3544 1619 ne
3579 1578 3664 1617 ac-

2103 1661 2301 1717 cedere
2349 1660 2416 1714 ad
2462 1676 2582 1716 eam
2638 1661 2930 1731 quisquam
2977 1657 3235 1723 valebat;
3285 1658 3491 1711 multos
3534 1654 3665 1711 enim

2107 1753 2329 1809 inutiles
2360 1752 2626 1817 reddidit,
2661 1753 2798 1807 alios
2841 1758 2895 1806 et
2938 1751 3198 1822 peremit,
3237 1749 3496 1803 omnibus
3532 1748 3665 1802 enim

2105 1848 2240 1902 viris
2269 1846 2499 1901 validior
2521 1854 2660 1911 erat,
2688 1846 2805 1900 sine
2827 1845 2995 1899 dubio
3016 1844 3223 1899 viribus
3246 1843 3514 1897 daemonis
3536 1840 3665 1895 nisa.

2105 1938 2263 1993 Nunc
2314 1945 2517 2003 autem,
2567 1945 2627 1991 ut
2673 1937 2862 2001 vides,
2916 1952 2983 1991 ex
3024 1935 3311 2006 praesentia
3348 1941 3446 1987 tua
3472 1933 3666 1986 daamon

2106 2030 2326 2103 quidem
2358 2029 2531 2101 fugit,
2565 2029 2709 2083 ostia
2746 2044 2878 2084 vero
2909 2043 3030 2098 quae
3067 2042 3282 2083 summo
3323 2042 3454 2081 cum
3499 2021 3665 2077 muni-

2104 2130 2293 2179 mento
2323 2122 2510 2176 clausa
2556 2118 2807 2183 fuerant,
2850 2127 3038 2188 aperta
3084 2126 3247 2180 sunt,
3294 2122 3351 2170 et
3396 2116 3515 2183 ipsa
3547 2124 3668 2165 sana

2107 2223 2215 2272 stat
2261 2223 2389 2270 ante
2434 2222 2487 2269 te
2528 2229 2760 2285 rogans,
2808 2220 2868 2266 ut
2919 2212 3061 2267 diem
3092 2209 3417 2265 salutarium
3460 2218 3669 2261 suorum

2106 2305 2288 2359 laetum
2321 2312 2375 2360 et
2406 2304 2511 2375 ipsi
2535 2314 2589 2358 et
2615 2303 2933 2373 parentibus
2968 2300 3135 2355 facias
3154 2341 3168 2365 ,
3200 2306 3254 2353 et
3284 2310 3508 2350 maneas
3540 2292 3668 2363 apud

2105 2413 2223 2454 eos.
2266 2396 2391 2452 Haec
2426 2412 2550 2453 cum
2588 2397 2661 2450 ita
2693 2412 2835 2451 unus
2873 2410 2939 2449 ex
2980 2392 3199 2447 famulis
3236 2396 3589 2451 enarrasset,
3623 2390 3670 2439 et

2107 2490 2240 2561 ipsae
2282 2496 2490 2544 catena:
2518 2488 2586 2543 de
2626 2487 2882 2542 manibus
2912 2486 3032 2556 ejus
3074 2499 3138 2537 ac
3173 2481 3412 2553 pedibus
3455 2479 3670 2533 fuissent

2108 2590 2304 2653 sponte
2350 2581 2645 2645 resoluta,
2692 2578 2899 2643 Petrus,
2937 2585 3122 2632 certus
3167 2574 3315 2645 quod
3360 2588 3461 2644 per
3504 2573 3669 2642 ipsum

2107 2675 2318 2731 sanitas
2360 2674 2477 2729 haec
2517 2672 2729 2729 reddita
2773 2673 2845 2728 sit
2885 2670 3112 2743 puellae,
3151 2666 3434 2737 acquievit
3465 2674 3672 2717 manere

2107 2768 2253 2839 apud
2280 2782 2393 2823 eos.
2434 2765 2540 2821 Sed
2570 2772 2623 2821 et
2653 2766 2777 2819 illos
2807 2763 2900 2835 qui
2931 2767 3313 2818 remanserant
3346 2760 3403 2814 in
3446 2755 3666 2825 hospitio

2106 2878 2216 2917 una
2266 2877 2390 2917 cum
2430 2877 2602 2916 uxore
2640 2875 2741 2917 sua
2781 2856 3022 2912 transire
3052 2856 3221 2927 jussit
3247 2896 3261 2919 ,
3295 2864 3356 2909 et
3386 2852 3670 2921 unusquis-

2106 2969 2213 3024 que
2242 2953 2484 3024 acceptis
2516 2966 2765 3008 seorsum
2807 2948 3082 3005 cubiculis
3126 2948 3477 3011 mansimus_,
3522 2950 3669 3010 atque

2108 3061 2177 3103 ex
2226 3061 2377 3101 more
2428 3045 2552 3100 cibo
2592 3052 2813 3115 sumpto
2855 3045 3192 3116 redditisque
3234 3043 3499 3099 laudibus
3539 3039 3665 3094 Deo.

424 3145 549 3185 rum
582 3132 676 3202 qui
707 3132 991 3203 rogabant,
1026 3134 1094 3187 ab
1126 3133 1407 3188 immundo
1436 3135 1629 3204 spiritu
1661 3137 2000 3206 temporibus
2028 3149 2070 3206 ο
2107 3138 2224 3195 suis
2254 3137 2454 3210 singuli
2493 3137 2866 3208 requievimus
2894 3139 3052 3194 locis.

425 3224 615 3279 multis
650 3233 844 3279 vexata
880 3237 934 3280 et
972 3227 1182 3281 catenis
1215 3230 1397 3282 vincta
1420 3265 1436 3292 ,
1471 3242 1594 3297 qua:
1632 3226 1810 3283 fuerat
1852 3227 1996 3283 intra

1551 3586 1918 3675 LIBER
1995 3586 2555 3680 DECIMUS.

494 3843 535 3899 Ι.
576 3843 734 3900 Mane
768 3852 970 3910 autem,
1002 3853 1195 3900 exorto
1223 3843 1371 3909 sole,
1400 3857 1501 3916 ego
1537 3843 1790 3903 Clemens
1822 3854 1878 3903 et
1906 3846 2001 3902 Ni-

420 3943 546 3999 ceta
573 3946 737 4010 atque
762 3937 957 4007 Aquila
986 3951 1094 3989 una
1120 3950 1245 3989 cum
1267 3933 1429 3991 Petro
1448 3937 1702 3993 venimus
1726 3937 1795 3993 ad
1818 3938 1998 3993 locum

423 4037 479 4091 in
527 4050 636 4107 quo
681 4039 837 4103 pater
879 4030 1041 4084 simul
1087 4044 1211 4083 cum
1260 4035 1435 4085 matre
1478 4031 1894 4101 requiescebat;
1944 4039 1998 4087 et

420 4144 546 4185 cum
577 4126 755 4180 adhuc
780 4138 875 4179 eos
913 4122 1248 4177 dormientes
1281 4122 1699 4191 reperissemus,
1728 4139 1828 4193 pro
1863 4123 1997 4179 fori-

421 4224 525 4277 bus
545 4217 896 4274 consedimus
918 4255 933 4279 ,
966 4214 1060 4269 ubi
1086 4212 1287 4269 Petrus
1316 4214 1518 4269 talibus
1548 4214 1691 4285 apud
1727 4231 1832 4271 nos
1880 4232 1996 4273 ser-

421 4314 678 4370 monibus
734 4310 906 4365 utitur
932 4327 944 4361 :
970 4305 1169 4362 Audite
1204 4322 1312 4374 me,
1345 4307 1688 4363 dilectissimi
1718 4310 1992 4375 conservi,

421 4408 537 4463 scio
573 4406 701 4476 quia
743 4400 1004 4473 grandem
1054 4399 1269 4455 habetis
1310 4397 1563 4454 affectum
1604 4415 1733 4470 erga
1785 4411 1996 4471 patrem
2029 4384 2073 4440 D

418 4508 661 4555 vestrum
681 4539 696 4565 ,
729 4511 920 4551 vereor
949 4510 1079 4565 ergo
1118 4509 1187 4548 ne
1234 4502 1362 4549 ante
1392 4501 1607 4565 tempus
1635 4510 1758 4550 eum
1800 4512 1996 4567 perur-

419 4592 590 4662 geatis
636 4589 828 4658 jugum
875 4583 1154 4655 religionis
1198 4584 1519 4654 suscipere,
1551 4586 1793 4640 nondum
1831 4587 1898 4641 ad
1942 4589 1997 4643 id

421 4689 673 4751 paratum
698 4717 713 4744 ,
747 4677 814 4731 ad
850 4676 998 4747 quod
1039 4675 1179 4730 forte
1208 4690 1308 4745 pro
1334 4675 1503 4730 vestri
1541 4676 1717 4745 gratia
1745 4675 2000 4732 videatur

421 4775 792 4843 acquiescere.
828 4768 934 4823 Sed
965 4769 1068 4824 hoc
1108 4783 1217 4822 non
1248 4776 1335 4822 est
1379 4767 1626 4835 firmum;
1672 4770 1818 4839 quod
1849 4771 1995 4825 enim

421 4870 642 4933 propter
668 4859 920 4914 homines
950 4858 1008 4912 fit
1028 4900 1042 4923 ,
1073 4858 1355 4928 probabile
1381 4873 1493 4912 non
1523 4866 1610 4914 est
1636 4868 1689 4915 et
1719 4860 1830 4915 cito
1858 4860 1995 4915 dila-

419 4954 588 5007 bitur.
620 4950 856 5022 Ideoque
888 4949 1106 5005 videtur
1136 4950 1269 5003 mihi
1290 4989 1304 5015 ,
1334 4956 1393 5003 ut
1427 4949 1740 5005 concedatis
1769 4951 1819 5006 ei
1851 4968 1996 5007 anno

421 5059 529 5098 uno
555 5043 738 5098 vivere
777 5057 876 5112 pro
905 5041 1134 5096 arbitrio
1159 5083 1175 5110 ,
1212 5042 1267 5096 in
1298 5056 1409 5111 quo
1448 5048 1631 5111 potest
1679 5042 1782 5097 iter
1828 5058 1995 5114 agens

418 5138 731 5203 nobiscum,
764 5135 894 5190 dum
920 5151 1023 5191 nos
1048 5136 1186 5191 alios
1210 5134 1493 5199 docemus,
1526 5135 1691 5191 etiam
1725 5135 1843 5207 ipse
1864 5138 2000 5192 sim-

418 5229 632 5299 pliciter
662 5229 888 5296 audire;
938 5236 992 5284 et
1019 5228 1276 5292 audiens,
1308 5226 1580 5299 siquidem
1631 5231 1995 5299 agnoscenda:

419 5319 666 5374 veritatis
701 5327 911 5373 rectum
958 5316 1295 5389 propositum
1336 5316 1496 5388 gerit,
1536 5315 1657 5385 ipse
1688 5317 1902 5387 rogabit
1936 5326 1996 5372 ut

420 5410 686 5481 suscipiat
715 5409 995 5482 religionis
1012 5409 1226 5481 jugum,
1258 5413 1353 5463 aut
1382 5407 1430 5465 si
1455 5423 1567 5463 non
1597 5408 1778 5479 placet
1816 5409 1868 5466 ei
1907 5427 1997 5467 re-

2108 3848 2326 3919 cipere,
2359 3855 2677 3919 permaneat
2710 3848 2942 3905 amicus.
2982 3845 3049 3903 Hi
3083 3849 3227 3905 enim
3256 3852 3359 3922 qui
3409 3867 3517 3906 non
3544 3850 3668 3907 idex

2107 3939 2272 3996 corde
2300 3940 2645 4011 suscipiunt,
2680 3956 2805 3995 cum
2844 3944 3112 4012 ceperint
3160 3942 3313 4000 ferre
3344 3961 3455 4000 non
3490 3959 3667 4017 posse,

2107 4048 2217 4087 non
2248 4033 2423 4088 solum
2457 4034 2725 4104 abjiciunt
2766 4034 2913 4105 quod
2955 4046 3351 4106 susceperant,
3395 4039 3489 4093 sed
3532 4037 3669 4108 quasi

2103 4137 2205 4193 pro
2246 4124 2605 4178 excusatione
2653 4122 2989 4179 infirmitatis
3033 4140 3179 4190 suae,
3220 4126 3500 4198 incipiunt
3544 4128 3667 4183 viam

2102 4216 2387 4289 religionis
2418 4218 2802 4289 blasphemare
2825 4257 2841 4283 ,
2875 4226 2929 4273 et
2961 4220 3103 4274 male
3130 4220 3283 4291 loqui
3326 4221 3397 4276 de
3435 4222 3520 4278 his
3549 4235 3668 4291 quos

2102 4328 2447 4386 nequaquam
2476 4313 2630 4383 sequi
2660 4321 2754 4366 aut
2779 4311 2981 4366 imitari
3010 4320 3334 4382 potuerunt.

2176 4407 2242 4461 II.
2284 4406 2366 4460 Ad
2416 4404 2531 4459 haec
2571 4401 2761 4458 Niceta
2794 4405 3078 4474 respondit
3113 4420 3127 4456 :
3159 4403 3282 4462 Non
3329 4406 3665 4464 contradico.

2090 4497 2324 4561 .domine
2363 4495 2437 4550 mi
2474 4494 2665 4559 Petre,
2693 4495 2864 4549 rectis
2891 4504 2945 4549 et
2974 4495 3130 4551 bonis
3158 4497 3410 4552 consiliis
3433 4498 3557 4562 tuis,
3584 4492 3666 4552 sed

2102 4588 2286 4644 dicere
2309 4586 2515 4657 aliquid
2546 4586 2690 4649 volo,
2723 4595 2786 4639 ut
2806 4601 2905 4655 per
2930 4586 3034 4640 hoc
3059 4588 3269 4643 discam
3298 4588 3449 4658 quod
3478 4587 3663 4642 nescio.

2102 4678 2243 4746 Quid
2273 4679 2320 4735 si
2344 4680 2489 4733 intra
2519 4692 2726 4732 annum
2755 4677 2904 4731 hunc
2923 4716 2938 4741 ,
2964 4692 3074 4747 quo
3102 4676 3312 4733 differri
3352 4694 3477 4733 eum
3498 4676 3663 4747 jubes,

2103 4773 2373 4827 moriatur
2407 4780 2565 4841 pater
2588 4770 2823 4824 noster?
2860 4769 3157 4825 descendet
3188 4769 3243 4823 in
3274 4770 3551 4825 infernum
3584 4781 3666 4819 va-

2103 4881 2242 4921 cuus
2272 4874 2326 4921 et
2363 4862 2699 4920 cruciandus
2725 4864 2778 4916 in
2801 4872 3089 4917 aeternum.
3122 4862 3261 4917 Tum
3287 4862 3522 4919 Petrus:
3550 4862 3663 4914 Am-

2102 4957 2334 5027 plector,
2360 4955 2572 5026 inquit,
2613 4952 2911 5023 benignum
2941 4970 3069 5025 erga
3091 4962 3305 5025 patrem
3343 4954 3661 5026 propositum

2099 5057 2277 5111 tuum,
2308 5056 2364 5103 et
2386 5047 2614 5117 ignosco
2634 5045 2733 5099 tibi
2757 5045 2826 5100 de
2851 5046 2937 5101 his
2965 5061 3089 5116 quae
3117 5047 3365 5116 ignoras.
3382 5046 3517 5113 Quid
3532 5043 3659 5099 enim

2099 5154 2314 5203 censes,
2350 5138 2479 5213 quia
2513 5138 2559 5193 si
2584 5138 2709 5209 quis
2730 5146 2959 5208 putatur
2978 5136 3128 5206 juste
3154 5136 3388 5201 vixisse,
3420 5136 3519 5191 iste
3546 5147 3660 5187 con-

2101 5230 2254 5284 tinuo
2282 5229 2621 5284 salvabitur?
2662 5227 2782 5283 Non
2824 5236 2987 5299 putas
3009 5243 3134 5283 eum
3172 5225 3576 5282 discutiendum
3600 5222 3658 5275 ab

2099 5336 2165 5377 eo
2194 5321 2288 5391 qui
2316 5322 2534 5377 occulta
2563 5321 2851 5377 hominum
2880 5321 3068 5385 novit,
3097 5320 3379 5391 quomodo
3411 5319 3554 5388 juste
3586 5312 3659 5368 vI-

2098 5415 2276 5478 xerit,
2301 5430 2371 5470 ne
2404 5412 2546 5470 forte
2584 5415 2695 5473 ritu
2722 5414 3012 5487 gentilium
3043 5412 3147 5487 (6),
3180 5413 3453 5468 institutis
3485 5420 3654 5465 eorum

1737 5549 2099 5609 COTELERII
2131 5553 2365 5610 NOTAE.

491 5689 567 5752 (5)
604 5685 883 5759 S_alut¢_z_ria
911 5703 1046 5759 mea.
1064 5687 1146 5741 Τὰ
1168 5689 1427 5759 σωτήριαξ
1456 5687 1567 5745 Res
1591 5690 1734 5759 satis
1754 5699 1885 5759 nota
1905 5693 1988 5747 vel
2022 5692 2378 5748 mediocriter
2407 5690 2655 5746 eruditis.

492 5761 570 5822 (ti)
607 5755 917 5821 Gentilium,
953 5758 1058 5811 hoc
1081 5768 1166 5813 est
1194 5755 1489 5830 ὁμοέθνῶν,
1516 5772 1623 5813 non
1664 5756 1947 5824 Ἑλλήνων.
