3888 6192
264 306 289 361 1
300 304 393 362 421

1493 303 2059 365 RECOGNITIONUM
2094 307 2222 365 LIB.
2259 302 2325 366 Χ.

3389 309 3526 366 “‘22

262 431 318 480 et
344 422 556 493 legibus
584 435 820 493 parens,
848 421 934 478 vel
960 436 1062 493 pro
1092 422 1352 479 amicitiis
1388 424 1671 479 hominum
1693 466 1707 489 ,
1742 434 1835 479 aut
1863 430 1912 489 Α
1940 426 2084 480 sicut
2108 423 2262 495 prius
2288 422 2405 477 dixi
2425 463 2439 487 ,
2464 421 2763 492 permittite
2785 438 2909 478 eum
2939 424 3042 479 iter
3065 434 3314 497 agentem
3339 429 3528 484 nobis-

264 530 365 586 pro
408 513 525 569 sola
564 515 966 570 consuetudine
1005 522 1101 570 aut
1138 516 1385 587 qualibet
1423 519 1530 571 alia
1570 534 1636 573 ex
1676 508 1843 572 causa

264 608 351 662 vel
396 608 757 673 necessitate,
810 616 864 664 et
916 626 1029 665 non
1080 620 1304 683 pr0pter
1353 612 1525 683 ipsam
1572 613 1843 683 justitiam

264 714 445 769 neque
495 707 723 770 propter
775 700 996 756 Deum?
1047 704 1151 770 Qui
1200 706 1347 759 enim
1394 713 1618 777 propter
1667 706 1844 761 solum

264 790 437 846 Deum
494 800 549 847 et
596 793 870 862 justitiam
925 796 1046 865 ejus
1092 796 1239 866 juste
1290 798 1568 862 vixerint,
1626 799 1730 869 ipsi
1779 797 1848 851 ad

268 892 530 941 aeternam
577 888 821 955 requiem
860 888 1081 943 venient
1128 896 1182 943 et
1224 892 1638 961 perpetuitatem
1692 893 1847 962 regni

267 979 511 1034 caelestis
554 980 844 1049 accipient.
881 978 1041 1036 Salus
1078 982 1221 1036 enim
1264 1000 1373 1038 non
1410 985 1463 1039 vi
1514 985 1842 1055 acquiritur,

269 1071 367 1127 sed
410 1070 693 1137 libertate,
737 1088 838 1128 nec
877 1089 974 1143 per
1002 1074 1287 1130 hominum
1320 1076 1574 1146 gratiam,
1621 1077 1715 1133 sed
1750 1093 1848 1147 per

270 1164 366 1219 Dei
397 1163 577 1219 fidem.
606 1164 744 1219 Tum
770 1176 1032 1236 praeterea
1062 1169 1301 1240 cogitare
1325 1170 1520 1235 debes,
1547 1168 1676 1241 quia
1702 1169 1848 1225 Deus

268 1258 536 1327 praescius
564 1265 647 1314 est
688 1267 742 1314 et
779 1260 933 1315 novit
964 1261 1009 1317 si
1041 1261 1132 1317 hic
1164 1278 1300 1318 suus
1331 1269 1456 1329 est;
1492 1262 1638 1334 quod
1671 1264 1717 1319 si
1748 1280 1849 1318 no-

269 1350 349 1404 vit
388 1367 514 1407 eum
557 1367 667 1406 non
701 1368 865 1418 esse,
915 1354 1048 1425 quid
1088 1354 1354 1411 faciemus
1398 1356 1466 1411 ad
1509 1372 1573 1412 ea
1618 1373 1739 1427 qua:
1779 1372 1847 1411 ex

271 1434 431 1498 initio
463 1451 670 1499 statuta
706 1454 836 1500 sunt
863 1446 932 1501 ab
963 1447 1072 1501 eo?
1107 1444 1169 1501 ιη
1213 1462 1325 1517 quo
1364 1455 1548 1503 autem
1586 1464 1849 1518 possum,

272 1538 565 1592 consilium
598 1538 707 1605 do;
740 1553 864 1593 cum
896 1539 1241 1609 evigilaverit
1282 1548 1336 1596 et
1382 1542 1720 1608 sederimus,
1754 1556 1851 1597 vos

271 1631 435 1702 quasi
478 1631 689 1702 aliquid
731 1630 947 1688 discere
983 1633 1266 1698 volentes,
1314 1634 1609 1705 proponite
1652 1649 1719 1690 ex
1762 1634 1851 1691 his

272 1721 541 1779 duntaxat
570 1720 693 1794 qu’ae
723 1723 801 1779 illi
831 1723 1053 1795 expedit
1084 1723 1327 1787 discere,
1360 1732 1414 1779 et
1445 1726 1574 1780 dum
1619 1739 1720 1779 nos
1770 1725 1851 1779 lo-

1948 532 2073 571 cum
2116 516 2305 570 audire
2344 529 2447 569 nos
2476 514 2683 585 aliquid
2723 514 3100 584 disputantes;
3142 516 3237 571 sed
3266 517 3527 587 quoniam

1948 607 2274 663 festinantes
2319 623 2420 661 vos
2462 606 2609 672 vidi,
2656 606 2865 660 idcirco
2899 605 3011 661 dixi
3060 610 3526 678 Opportunitatem

1950 701 2335 773 quaarendam;
2371 716 2534 771 quam
2565 715 2690 753 cum
2725 699 2939 754 dederit
2968 699 3142 763 Deus,
3174 717 3273 756 vos
3305 718 3529 772 quoquc

1950 794 2019 848 ad
2066 809 2129 847 ea
2181 809 2302 863 quae
2355 792 2550 847 dixero
2590 792 2964 861 obtemperate
3002 792 3156 847 mihi.
3195 792 3319 849 Haec
3371 795 3530 850 nobis

1951 886 2473 949 sermocinantibus,
2506 886 2650 939 venit
2677 900 2811 954 puer
2836 884 3027 941 dicens
3051 887 3279 957 vigilare
3302 890 3413 958 jam
3444 903 3532 957 pa-

1949 986 2088 1034 trem
2115 995 2128 1045 ;
2162 987 2215 1033 et
2246 992 2369 1033 cum
2399 976 2661 1031 vellemus
2693 975 2903 1046 ingredi
2936 975 3005 1029 ad
3034 991 3159 1030 eum
3181 1013 3198 1041 ,
3238 976 3355 1046 ipse
3385 978 3533 1030 venit

1952 1073 2019 1127 ad
2049 1086 2174 1135 nos,
2205 1076 2259 1124 et
2282 1069 2471 1124 osculo
2495 1083 2596 1123 nos
2628 1072 2903 1134 salutans,
2939 1085 3063 1121 cum
3098 1068 3496 1123 resedissemus
3516 1109 3531 1135 ,

1953 1165 2063 1219 ait:
2101 1163 2324 1218 Licetne
2367 1161 2764 1231 percunctari,
2810 1161 2857 1215 si
2902 1161 3034 1231 quid
3076 1162 3220 1216 volet
3261 1163 3416 1231 quis,
3463 1178 3534 1217 an

1953 1258 2253 1312 secundum
2295 1255 2690 1327 Pythagoricos
2731 1254 3024 1310 tacendum
3062 1270 3275 1325 semper
3313 1257 3438 1310 est?
3467 1254 3536 1311 Et

1952 1346 2187 1400 Petrus:
2222 1344 2333 1399 Nos
2367 1360 2468 1400 nec
2508 1346 2670 1400 silere
2710 1358 2942 1415 semper,
2977 1361 3154 1415 neque
3186 1349 3534 1416 percunctari

1953 1435 2201 1505 cogimus
2224 1433 2545 1489 accedentes
2562 1436 2627 1489 ad
2647 1450 2768 1499 nos,
2788 1435 2882 1489 sed
2906 1435 3266 1505 relinquimus
3290 1438 3535 1505 ipsorum

1952 1524 2193 1579 libertati
2224 1526 2402 1581 lacere
2427 1536 2486 1579 ut
2507 1526 2719 1590 volunt,
2758 1527 2996 1582 scientes
3026 1527 3173 1597 quod
3208 1529 3301 1598 qui
3344 1544 3535 1582 curam

1955 1617 2093 1687 gerit
2122 1617 2316 1673 salutis
2344 1633 2479 1682 suae,
2535 1618 2582 1672 si
2630 1619 2685 1672 in
2724 1626 2880 1688 parte
2925 1619 3107 1689 aliqua
3150 1619 3314 1675 sentit
3341 1621 3538 1674 anima:

1958 1723 2071 1763 sua:
2106 1708 2384 1775 dolorem,
2414 1718 2599 1765 tacere
2628 1725 2738 1764 non
2768 1711 2995 1781 patitur.
3023 1710 3127 1777 Qui
3158 1726 3285 1765 vero
3312 1712 3541 1782 negligit

272 1817 496 1887 quimur
526 1816 670 1872 inter
692 1832 793 1873 nos
813 1858 828 1882 ,
854 1817 943 1872 ille
972 1816 1298 1873 iustruetur.
1337 1816 1441 1871 Sed
1469 1824 1650 1872 tamen
1680 1817 1857 1888 primo

1965 1803 2193 1857 salutem
2224 1817 2403 1869 suam,
2440 1804 2485 1859 si
2531 1804 2872 1874 interrogare
2902 1813 3148 1874 cogatur,
3180 1804 3317 1859 nihil
3345 1822 3409 1859 ex
3434 1804 3537 1860 hoc

273 1909 543 1979 quiescite
565 1949 579 1973 ,
614 1920 676 1963 ut
703 1910 751 1965 si
783 1908 923 1966 forte
952 1911 1069 1981 ipse
1100 1910 1352 1966 videatur
1380 1912 1588 1982 aliquid
1619 1912 1855 1967 interro-

275 2016 447 2073 gare;
479 1999 628 2072 quod
658 2001 705 2057 si
740 2000 962 2066 fecerit,
1012 2003 1193 2073 aptior
1233 2002 1340 2058 erit
1378 2004 1652 2059 sermonis
1691 2018 1856 2058 occa-

275 2093 393 2161 sio;
430 2094 478 2149 si
511 2110 642 2150 vero
682 2094 803 2165 ipse
841 2094 981 2149 nihil
1019 2096 1248 2166 quaerit,
1297 2111 1400 2152 nos
1444 2096 1514 2151 ab
1556 2097 1852 2163 alterutro,

275 2187 423 2244 sicut
464 2186 608 2250 dixi,
652 2187 867 2244 discere
918 2189 1122 2260 aliquid
1174 2190 1419 2243 volentes
1474 2204 1729 2259 rogemus
1774 2188 1858 2241 vi.

274 2279 487 2335 cissim.
534 2279 665 2334 Mihi
708 2280 784 2334 ita
820 2279 1061 2347 videtur,
1088 2281 1257 2336 etiam
1290 2281 1447 2337 vobis
1477 2280 1608 2352 quid
1641 2282 1857 2353 placeat

275 2368 469 2426 dicite.

347 2463 437 2519 Ill.
477 2461 729 2533 Cumque
781 2462 1254 2520 collaudassemus
1293 2464 1412 2535 eius
1460 2472 1671 2520 rectum
1725 2479 1859 2518 con-

279 2554 464 2609 silium
491 2596 505 2618 ,
537 2571 641 2626 ego
673 2555 929 2612 Clemens
968 2557 1057 2611 aio
1088 2575 1101 2611 :
1144 2556 1204 2611 In
1242 2557 1499 2612 omnibus
1533 2558 1699 2613 rebus
1738 2559 1859 2629 plu-

275 2645 417 2700 rima
451 2662 517 2701 ex
550 2657 705 2718 parte
736 2647 804 2701 ad
837 2649 1056 2704 initium
1086 2650 1316 2721 respicit
1350 2650 1477 2706 linis
1500 2691 1513 2715 ,
1547 2651 1862 2721 similisque

278 2738 567 2808 principiis
612 2756 797 2795 rerum
850 2743 1033 2798 exitus
1074 2741 1276 2809 datur;
1333 2758 1495 2813 spero
1536 2759 1669 2814 ergo
1696 2745 1861 2799 etiam

279 2831 430 2885 circa
462 2842 672 2902 patrem
708 2840 962 2887 nostrum
990 2874 1004 2898 ,
1040 2836 1302 2905 quoniam
1334 2850 1433 2905 per
1464 2844 1514 2889 te
1543 2834 1688 2891 Deus
1719 2836 1862 2891 bona

278 2922 441 2978 initia
480 2923 631 2979 dedit
654 2963 671 2991 ,
703 2925 790 2980 his
821 2940 1124 2997 congruum
1154 2943 1321 2997 seque
1347 2927 1572 2998 dignum
1600 2928 1867 3000 largietur

1956 1895 2178 1950 utilitati
2202 1896 2322 1965 ejus
2353 1894 2655 1961 confertur,
2681 1895 2787 1950 nisi
2816 1894 2919 1949 hoc
2945 1895 3231 1963 solum,_ut
3256 1897 3540 1952 studiosus

1956 2002 2080 2043 esse
2131 1988 2386 2043 videatur
2418 1995 2474 2043 et
2526 1988 2779 2059 diligens.
2810 1987 3176 2054 Quamobrem
3215 1996 3275 2044 tu
3321 1990 3367 2045 si
3405 1990 3539 2063 quid

1957 2080 2172 2136 discere
2200 2081 2304 2148 vis,
2335 2081 2575 2152 require.

2027 2173 2095 2230 V.
2129 2173 2195 2227 Et
2221 2189 2386 2230 senex
2423 2174 2498 2228 ait
2531 2191 2542 2225 :
2578 2172 2670 2228 Est
2698 2173 2921 2245 quidam
2948 2191 3130 2231 sermo
3154 2178 3296 2249 apud
3321 2176 3542 2235 Graeco-

1959 2281 2080 2321 rum
2113 2267 2473 2338 philosophos
2497 2267 2574 2339 (7)
2614 2268 2914 2324 vehemens
2951 2270 3131 2335 valde,
3166 2271 3261 2342 qui
3294 2272 3451 2338 dicit,
3485 2274 3540 2328 in

1958 2360 2070 2415 vita
2109 2361 2395 2416 hominum
2446 2378 2504 2416 re
2548 2362 2667 2433 ipsa
2698 2378 2876 2433 neque
2917 2363 3122 2418 bonum
3158 2379 3281 2421 esse
3308 2367 3540 2431 aliquid,

1960 2469 2139 2526 neque
2170 2456 2409 2522 malum;
2441 2454 2537 2511 sed
2567 2470 2691 2526 qua:
2724 2456 2984 2511 videntur
3016 2457 3332 2513 hominibus
3358 2475 3462 2513 usu
3491 2466 3547 2514 et

1961 2548 2363 2603 consuetudine
2392 2549 2686 2618 praeventis
2713 2549 2860 2615 vitae,
2896 2550 3010 2605 haec
3053 2558 3147 2605 aut
3180 2553 3321 2607 mala
3354 2553 3549 2608 dicunt

1962 2648 2056 2695 aut
2099 2640 2261 2695 bona.
2302 2639 2439 2694 Nam
2484 2657 2661 2711 neque
2703 2641 3058 2697 homicidium
3100 2659 3294 2699 revera
3341 2647 3547 2702 malum

1961 2738 2066 2796 est,
2099 2730 2227 2801 quia
2252 2732 2490 2784 animam
2513 2732 2750 2787 vinculis
2781 2734 2964 2789 carnis
2995 2734 3265 2803 absolvit;
3291 2737 3547 2807 denique,

1964 2823 2138 2887 aiunt,
2172 2834 2225 2877 et
2263 2822 2399 2892 justi
2432 2823 2635 2894 quique
2670 2823 2887 2893 judices
2927 2834 3219 2894 peccantes
3252 2828 3548 2897 perimunt.

1963 2913 2123 2983 Quod
2156 2915 2200 2969 si
2228 2915 2588 2969 homicidium
2622 2917 2829 2971 scirent
2865 2919 3071 2972 malum
3111 2935 3266 2985 esse,
3298 2936 3410 2975 non
3442 2923 3552 2975 uti.

280 3022 333 3069 et
358 3013 541 3071 finem.
564 3014 951 3074 Verumtamen
975 3019 1141 3075 etiam
1167 3020 1300 3075 illud
1330 3024 1671 3093 suggero,si,
1697 3031 1757 3078 ut
1780 3024 1866 3079 di-
1964 3021 2070 3076 (ille
2112 3005 2169 3060 id
2208 3005 2347 3075 ius“
2381 3006 2634 3063 homines
2676 3007 2941 3064 Ῑίιοθτθηιο
2981 3008 3168 3080 Neque
3215 3010 3548 3068 θάιιηοΐὶυπι

276 3104 445 3172 xisti,
476 3108 837 3177 coeperimus,
870 3117 1141 3179 praesente
1175 3118 1364 3180 patre,
1398 3114 1557 3182 quasi
1587 3113 1731 3167 inter
1759 3129 1863 3170 nos
1913 3180 1926 3182 Α
1965 3099 2171 3153 malum
2196 3114 2319 3155 esse
2346 3099 2538 3154 dicunt
2564 3119 2575 3154 :
2607 3102 2653 3156 si
2676 3102 2822 3155 enim
2853 3102 3165 3172 ignoretvir
3190 3113 3284 3159 aut
3315 3122 3425 3160 non
3452 3122 3552 3162 cu-

280 3196 491 3267 aliquid
525 3199 797 3254 tractandi
827 3201 913 3256 vel
948 3194 1195 3257 discendi
1234 3180 1430 3274 gratia—
1448 3205 1595 3276 loqui
1620 3246 1637 3269 ,
1688 3214 1745 3261 tu
1785 3209 1860 3263 mi
1890 3180 1936 3243 ο
1968 3198 2074 3254 τοι.
2104 3190 2266 3255 nihil.
2302 3192 2475 3256 aiunt.
2511 3191 2641 3245 mali
2675 3203 2779 3247 θει-
2822 3191 2927 3248 Sed
2967 3210 3146 3265 neque
3183 3194 3390 3250 furtum
3434 3214 3553 3253 ma-

280 3288 505 3346 domine
537 3290 736 3358 Petre,
769 3309 878 3348 non
918 3294 1089 3351 debes
1113 3312 1238 3351 eum
1268 3298 1446 3352 locum
1477 3313 1673 3369 agere,
1702 3305 1863 3371 quasi

282 3380 375 3449 qui
399 3379 613 3437 discere
637 3382 843 3453 aliquid
867 3382 1070 3441 debeas
1095 3404 1110 3454 ;
1132 3386 1237 3440 hoc
1258 3387 1403 3441 enim
1430 3388 1477 3443 si
1502 3388 1717 3456 videat,
1750 3389 1865 3445 for-

280 3480 431 3529 tasse
458 3474 637 3545 magis
672 3475 980 3532 offendetur
1005 3518 1021 3543 ,
1065 3486 1251 3535 certus
1288 3488 1373 3536 est
1410 3481 1556 3535 enim
1592 3489 1645 3536 te
1684 3483 1865 3537 omnia

282 3567 428 3622 scire
456 3568 767 3639 diligenter,
802 3570 950 3627 sicut
980 3579 1035 3627 et
1064 3588 1193 3628 vere
1218 3582 1323 3629 est.
1356 3572 1527 3640 Quale
1561 3589 1693 3645 ergo
1724 3575 1863 3642 erit,

282 3658 331 3713 si
360 3667 414 3715 te
443 3660 629 3717 videat
657 3663 1022 3733 ignorantiam
1051 3666 1447 3722 simulantem?
1474 3665 1590 3721 Hoc
1617 3682 1741 3722 eum
1763 3706 1779 3731 ,
1808 3676 1868 3722 ut

281 3749 429 3816 dixi,
477 3753 653 3823 magis
700 3753 897 3810 laedere
930 3756 1161 3825 poterit,
1200 3756 1540 3811 nescientem
1575 3757 1867 3812 consilium

281 3849 462 3898 tuum.
492 3842 599 3899 Sed
625 3861 723 3900 nos
753 3846 974 3915 quidem
1011 3846 1210 3904 fratres
1240 3849 1382 3904 inter
1418 3864 1523 3904 nos
1553 3864 1865 3905 sermonem

280 3935 585 3998 habentes.
626 3940 671 3993 si
703 3939 755 3992 in
793 3940 977 4011 aliquo
1016 3938 1366 4006 dubitemus,
1406 3957 1437 3996 a
1478 3950 1532 3998 te
1577 3943 1868 4013 quaestioni

284 4039 488 4085 nostrae
540 4029 666 4086 finis
714 4046 992 4103 congruus
1040 4032 1245 4101 detur;
1278 4049 1405 4088 nam
1445 4042 1500 4089 et
1546 4034 1593 4088 si
1638 4041 1693 4090 te
1730 4050 1869 4088 cun-

284 4127 526 4176 ‘ctantem
553 4122 735 4178 videat
765 4130 859 4177 aut
886 4122 1225 4181 dubitantem
1250 4165 1266 4191 ,
1301 4134 1433 4180 tunc
1460 4141 1587 4181 vere
1616 4125 1826 4197 putabit
1850 4164 1865 4189 ,

288 4214 436 4282 quod
469 4213 614 4285 apud
646 4216 856 4271 nullum
889 4216 996 4271 erit
1028 4217 1259 4273 scientia
1290 4218 1559 4274 veritatis.

359 4306 451 4362 1V.
502 4306 569 4361 Et
619 4307 815 4365 Petrus
864 4309 932 4363 ad
982 4310 1099 4364 haec
1156 4309 1485 4381 respondit:
1535 4308 1867 4364 Omittamus

287 4400 403 4456 haec
426 4441 440 4464 ,
470 4409 524 4456 et
556 4402 602 4456 si
633 4401 853 4474 quidem
886 4400 1113 4473 dignum
1170 4411 1255 4457 est
1292 4409 1353 4456 ut
1393 4401 1732 4473 ingrediatur
1776 4400 1867 4470 ja~

286 4508 453 4548 nuam
484 4496 637 4560 vitae,
673 4494 819 4551 Deus
847 4495 1199 4551 occasionem
1236 4504 1639 4566 competentem
1675 4494 1863 4559 dabit,

1968 3282 2080 3336 lum
2124 3298 2290 3338 esse:
2325 3284 2473 3354 quod
2502 3283 2649 3340 enim
2695 3284 2847 3340 deest
2886 3286 3072 3355 alicui,
3123 3289 3303 3343 aufert
3333 3290 3399 3346 ab
3442 3291 3551 3345 alio

1966 3375 2061 3445 qui
2110 3375 2306 3441 habet,
2340 3376 2487 3446 quod
2530 3377 2751 3447 quidem
2793 3381 3079 3448 oportebat
3116 3381 3288 3437 libere
3319 3384 3461 3437 sumi
3497 3392 3552 3438 et

1965 3468 2218 3542 publice;
2254 3469 2350 3524 sed
2381 3470 2511 3539 quia
2543 3471 2758 3525 occulte
2783 3471 2863 3535 fit,
2896 3472 2952 3527 in
2990 3473 3093 3527 hoc
3134 3475 3311 3546 magis
3342 3476 3489 3531 illius
3520 3491 3552 3531 a

1967 3579 2077 3635 quo
2107 3565 2247 3619 clam
2284 3562 2533 3617 aufertur
2564 3563 2942 3619 inhumanitas
2980 3566 3350 3636 redarguitur.
3387 3566 3553 3622 Com-

1968 3658 2155 3713 munis
2186 3657 2334 3712 enim
2367 3671 2500 3711 usus
2530 3656 2775 3710 omnium
2800 3673 2921 3727 qua:
2948 3667 3078 3713 sunt
3102 3660 3158 3714 in
3188 3660 3293 3715 hoc
3322 3662 3550 3728 mundo,

1969 3749 2223 3803 omnibus
2245 3764 2369 3804 esse
2394 3748 2707 3803 hominibus
2728 3748 2949 3818 debuit;
2972 3751 3067 3806 sed
3089 3767 3187 3822 per
3210 3753 3551 3824 iniquitatem

1968 3841 2110 3897 alius
2138 3841 2241 3895 hoc
2271 3856 2432 3896 suum
2461 3841 2596 3896 dicit
2620 3857 2770 3911 esse,
2793 3853 2846 3897 et
2868 3844 3190 3912 alius-illud,
3218 3854 3271 3902 et
3299 3848 3381 3901 sic
3412 3848 3555 3902 inter

1971 3934 2233 3989 mortales
2263 3934 2467 3989 divisio
2506 3934 2651 3989 facta
2687 3942 2791 3993 est.
2826 3934 3070 4007 Denique
3101 3936 3414 3994 Graecorum
3439 3942 3556 4011 qui-

1973 4028 2099 4084 dam
2155 4027 2601 4099 sapientissimus
2647 4028 2722 4100 (8)
2768 4028 2884 4083 haec
2929 4030 3004 4083 ita
3036 4032 3220 4089 sciens
3259 4047 3417 4099 esse,
3452 4036 3550 4099 ait,

1970 4124 2286 4178 communia
2315 4122 2515 4177 debere
2537 4138 2661 4178 esse
2693 4123 2999 4179 amicorum
3031 4127 3253 4195 omnia;
3288 4129 3343 4182 in
3374 4130 3555 4185 omni-

1970 4220 2078 4276 bus
2115 4228 2298 4275 autem
2338 4228 2468 4276 sunt
2510 4221 2629 4275 sine
2674 4220 2841 4275 dubio
2869 4231 2924 4276 ct
2967 4222 3250 4291 conjuges.
3294 4220 3361 4276 Et
3408 4223 3554 4278 sicut

1970 4327 2082 4366 non
2114 4318 2315 4381 potest,
2350 4310 2550 4381 inquit,
2579 4310 2748 4365 dividi
2779 4326 2874 4365 aer
2896 4326 3075 4381 neque
3108 4312 3367 4382 splendor
3395 4313 3551 4376 solis,

1972 4406 2048 4459 ita
2072 4420 2175 4460 nec
2208 4404 2418 4474 reliqua
2450 4418 2572 4473 quae
2600 4403 2970 4458 communiter
2994 4404 3050 4458 in
3076 4403 3178 4458 hoc
3199 4403 3404 4459 mundo
3425 4406 3552 4460 data

1974 4503 2105 4551 sunt
2156 4495 2419 4551 omnibus
2468 4494 2537 4549 ad
2588 4494 2941 4559 habendum,
2985 4494 3156 4549 dividi
3198 4494 3420 4560 debere,
3455 4496 3552 4551 sed

288 4588 504 4658 eritque
531 4587 749 4643 initium
778 4603 847 4645 ex
876 4588 989 4645 Deo
1016 4597 1073 4643 et
1103 4604 1212 4643 non
1248 4604 1315 4644 ex
1345 4589 1587 4645 homine.
1624 4587 1690 4641 Et
1723 4588 1866 4651 ideo,
1899 4562 1944 4617 D
1974 4587 2225 4642 habenda
2255 4602 2379 4642 esse
2405 4587 2737 4642 communia.
2774 4585 2900 4641 Haec
2944 4593 3126 4641 autem
3172 4586 3353 4642 dicere
3379 4586 3549 4651 volui,

1630 4766 1999 4824 COTELERII
2041 4766 2276 4821 ΝΟΤᾸΞ.

367 4950 441 5023 (7)
476 4948 577 5023 ‘Est
599 4950 814 5023 quidam
844 4966 1012 5023 sermo
1031 4950 1170 5023 apud
1189 4948 1866 5023 Gyrwcoruntpliilasoplios.

289 5018 641 5084 Archelaum,
672 5020 1025 5092 Cyrenaicos,
1056 5018 1400 5092 Theodorum
1443 5018 1623 5081 ἄθεον,
1653 5018 1871 5092 ethr-

290 5092 519 5146 rhonios
551 5110 564 5146 :
594 5090 827 5161 quorum
854 5091 1120 5145 insaniam
1152 5091 1324 5146 secuti
1356 5098 1484 5145 sunt
1515 5099 1699 5159 postea
1723 5090 1864 5161 Cno-

292 5160 625 5231 stici.Atqne
640 5163 746 5216 huc
759 5161 1049 5231 pertinebit
1074 5161 1294 5231 elegans
1312 5161 1720 5231 Apophthegma
1743 5160 1871 5215 Hie-

292 5231 460 5286 roclis
487 5228 714 5287 relatum
750 5228 806 5286 in
838 5232 1026 5301 Agellii
1074 5228 1331 5286 Noctibus
1356 5228 1469 5287 'lib.
1504 5247 1579 5301 ix,
1607 5228 1662 5286 ἒ.
1696 5232 1749 5293 5,
1783 5232 1871 5286 bis

291 5302 476 5357 verbis
506 5322 520 5357 :
548 5302 758 5359 Taurus
806 5300 980 5356 autem
1024 5303 1445 5371 nostcr,quoties
1491 5300 1637 5370 facta
1675 5304 1869 5355 mentio

293 5371 516 5444 Epicuri
560 5383 715 5444 esset,
743 5374 801 5444 in
844 5387 934 5427 ore
967 5381 1122 5444 atque
1149 5374 1205 5426 in
1232 5371 1416 5444 lingua
1458 5371 1680 5426 habebat
1718 5373 1873 5444 verba

290 5443 407 5498 haec
442 5442 703 5499 Hieroclis
735 5443 921 5508 Stoici,
952 5443 1049 5497 viri
1088 5444 1262 5497 sancti
1298 5442 1346 5497 ἐι
1386 5444 1569 5513 gravis
1590 5458 1609 5495 :
1652 5443 1871 5508 Ἡδονῆς

290 5513 447 5596 illo;
489 5513 693 5596 πτέρνης
957 5514 1071 5567 Οὐκ
1098 5513 1214 5567 ἔστι
1239 5512 1641 5596 ῖτορνείαρύδὲγ
1670 5514 1876 5596 πόρνης

292 5583 490 5654 δόγμα.
525 5583 843 5640 Dummodo
876 5600 944 5639 ex
981 5598 1115 5654 mea
1172 5583 1429 5654 opinione
1476 5584 1550 5637 ita
1614 5583 1870 5654 legatur:

306 5652 947 5738 Illoovij'vélogeropvn';
971 5652 1314 5738 post
1355 5652 1471 5707 ἐστι
1494 5652 1745 5738 -τςορνέέα
1784 5655 1874 5708 οὑ-

292 5722 413 5797 ᾷξνι
447 5722 651 5797 πόρνης
890 5722 1143 5797 Voluptas
1171 5727 1294 5797 ﬁnis
1312 5741 1329 5777 :
1346 5722 1632 5797 meretricis
1658 5724 1872 5796 dogma;

296 5791 554 5857 Stuprurit
584 5791 717 5850 nihil
743 5791 821 5851 es:
844 5814 862 5851 .'
886 5791 1181 5851 mcre'tricis'
1199 5796 1412 5866 dogma.
1449 5798 1514 5847 At
1545 5796 1664 5849 viro
1695 5791 1875 5863 niagni

1977 4948 2178 5018 ingenii
2212 4962 2527 5017 magnaeque
2548 4944 2809 5018 doctrinae
2831 4943 3027 5018 Joauni
3050 4944 3326 5001 Pearsono
3344 4948 3396 5002 in
3420 4947 3558 5005 Pro-

1977 5016 2276 5088 legbmenis
2312 5016 2390 5071 ’ad
2442 5016 2753 5088 Hieroclem
2792 5016 3009 5088 videtur
3055 5018 3256 5088 corrigi
3305 5018 3504 5075 delere
3538 5039 3552 5075 :

1984 5087 2174 5160 Ἡδονὴ
2198 5088 2350 5160 τέλος
2368 5105 2380 5118 ·
2401 5089 2606 5160 nomine
2632 5087 2825 5160 δᾴγμα.
2846 5087 2959 5141 Οὐκ
2988 5087 3103 5141 ἐστι
3124 5087 3347 5159 πρόνοια
3370 5090 3523 5145 οὐδέν
3538 5109 3551 5122 ·

1972 5158 2178 5242 πόργηζ
2203 5158 2397 5231 δόγμα.
2412 5158 2652 5229 Ejusque
2684 5158 2970 5212 lectionem
3000 5158 3181 5213 ﬁrmat
3211 5162 3384 5216 codex
3414 5160 3554 5217 Tor-

1970 5245 2466 5427 ηδίἒῗὲιέἀτονυηι
2527 5298 2744 5372 quidam
2793 5298 3234 5366 sapientissimus.
3296 5298 3555 5359 Socrates

1975 5387 2079 5427 anu
2175 5370 2458 5426 Platonem
2508 5372 2564 5427 in
2624 5385 2787 5427 onere
2816 5369 2895 5423 De
2933 5369 3218 5427 republica.
3252 5368 3404 5427 Ouos
3434 5367 3555 5427 ideo

1975 5367 2119 5443 apud
2175 5370 2458 5426 Platonem
2508 5367 2567 5443 in
2622 5385 2787 5443 opere
2816 5369 2895 5423 De
2933 5369 3218 5439 republica.
3252 5368 3404 5437 Quos
3434 5367 3555 5429 ideo

1974 5441 2213 5513 arguunt
2241 5444 2460 5513 plurimi
2490 5460 2505 5497 :
2540 5441 2834 5513 defendere
2860 5456 3003 5513 vero
3029 5447 3302 5495 conantur
3334 5444 3463 5513 alii;
3496 5452 3556 5497 ut

1977 5510 2192 5570 diﬁcere
2213 5510 2391 5595 estex
2411 5512 2644 5595 lectione
2658 5512 2964 5595 Clementis
2978 5510 3333 5595 Alexandrini
3349 5511 3552 5595 Stront.

1979 5601 2066 5710 in,
2097 5601 2220 5667 pag.
2241 5584 2378 5665 .450.
2538 5602 2559 5667 ξ
2583 5582 2802 5681 drriani
2915 5581 3154 5651 Epicteto
3177 5582 3271 5637 lib.
3302 5597 3364 5666 ιι..
3398 5599 3447 5638 c.
3480 5582 3553 5649 ις

2028 5670 2207 5709 ucnam
2230 5671 2293 5724 in
2324 5652 2617 5724 Fugitivis,
2653 5651 3285 5724 EusebuPrrrp.ccan1.
3319 5654 3552 5724 ltb.xm,

1982 5741 2033 5781 c.
2071 5726 2171 5794 l9;
2202 5722 2544 5795 Theodoritii
2563 5722 2825 5795 Sermone
2867 5723 2943 5795 De
2987 5723 3207 5795 legibus,
3244 5739 3307 5780 ac
3355 5723 3555 5781 Niceta

1983 5796 2262 5853 Choniatze
2288 5796 2380 5850 lib.
2416 5812 2470 5851 Iv
2503 5793 2780 5861 Thesauri,
2808 5810 2859 5850 c.
2899 5794 2987 5853 10.
