3888 6192
394 608 523 649 cero
558 589 689 662 quid
727 589 799 643 sit
836 586 1073 649 bonum;
1103 580 1249 652 quod
1294 580 1340 634 si
1388 578 1691 645 intelligere
1725 578 1975 644 potuero.

394 703 463 742 ex
492 687 612 757 ipso
639 684 802 740 etiam
826 678 959 751 quid
991 676 1065 733 sit
1094 675 1321 736 malum,
1354 673 1461 726 hoc
1494 678 1578 726 est
1604 668 1731 723 huic
1757 673 1981 721 contra-

397 780 566 841 rium,
592 776 895 830 advertam.

470 868 561 923 Vl.
589 866 791 920 Verum
832 862 897 917 ad
949 862 1065 916 haec
1096 874 1218 931 quae
1248 856 1380 921 dixi,
1429 868 1597 909 unum
1627 866 1657 905 e
1698 848 1853 903 vobis
1890 862 1981 901 re-

402 959 668 1031 spondere
703 958 846 1020 volo,
873 967 981 1007 non
1010 950 1264 1014 Petrum;
1301 962 1412 1001 non
1438 947 1583 1001 enim
1622 943 1846 1013 dignum
1877 948 1985 1004 est,

404 1055 473 1109 ab
521 1051 616 1104 illo
663 1048 826 1102 verba
856 1052 915 1099 et
942 1041 1251 1097 doctrinam
1296 1053 1420 1093 cum
1464 1034 1864 1105 quaestionibus
1893 1047 1986 1085 ca-

405 1160 553 1215 pere,
587 1140 682 1197 sed
727 1138 819 1193 ille
854 1137 901 1191 si
946 1133 1081 1206 quid
1132 1129 1603 1205 pronuntiaverit,
1635 1127 1741 1181 hoc
1776 1126 1986 1193 absque

405 1214 585 1304 aliqua
633 1228 1027 1286 retractatione
1070 1232 1342 1278 teneatur.
1379 1220 1444 1274 Et
1494 1218 1617 1273 ideo
1666 1218 1781 1286 ipse
1828 1214 1989 1269 nobis

407 1331 656 1382 servetur
684 1320 841 1392 quasi
882 1316 1110 1382 arbiter,
1142 1324 1202 1369 ut
1241 1312 1418 1367 sicubi
1463 1308 1759 1381 disputatio
1801 1316 1990 1361 nostra

408 1418 614 1474 exitum
650 1428 757 1468 non
794 1409 1094 1471 invenerit,
1129 1408 1247 1477 ipse
1283 1402 1430 1475 quod
1469 1403 1573 1459 sibi
1612 1402 1791 1455 visum
1826 1397 1991 1452 fuerit

412 1506 809 1580 pronuntians,
856 1502 1225 1558 indubitatum
1268 1498 1431 1553 finem
1461 1495 1628 1550 rebus
1676 1492 1857 1547 dubiis
1888 1490 1992 1544 im-

411 1606 594 1669 ponat.
629 1595 695 1651 Et
743 1608 891 1649 nunc
938 1606 1069 1662 ergo
1121 1603 1339 1660 possem
1392 1592 1509 1644 sola
1559 1586 1681 1655 ejus
1719 1582 1991 1639 sententia

406 1698 702 1748 contentus
736 1687 981 1750 credere,
1015 1685 1062 1739 si
1090 1682 1222 1753 quid
1262 1682 1312 1737 ei
1342 1680 1639 1744 videretur,
1670 1676 1815 1748 quod
1840 1683 1896 1731 et
1923 1673 1992 1728 ad

1272 282 1329 337 S.
1364 275 1758 335 CLEMENTIS
1793 275 1809 327 Ι
1845 266 2011 325 ΒΟΜ,
2048 260 2251 320 ΡΟΝΤ.
2290 258 2519 316 OPERA
2553 256 2781 312 DUBIA.

577 507 632 556 et
664 456 772 554 njon
810 456 1035 567 possum
1067 491 1208 546 bene
1255 503 1436 559 agere,
1486 486 1592 542 nisi
1646 484 1797 555 prius
1830 456 1975 535 didi-
2076 470 2305 527 videtur
2330 469 2532 522 malum
2559 480 2682 520 esse
2717 462 2918 525 febris,
2950 458 3289 521 incendium,
3316 456 3517 521 seditio,
3538 457 3634 510 rui-

2091 579 2185 629 na,
2222 563 2400 617 caedes
2423 601 2437 623 ,
2466 558 2682 613 vincula
2706 596 2721 621 ,
2765 552 3054 624 supplicia,
3089 551 3308 606 dolores
3332 591 3345 614 .
3386 550 3567 612 luctus,
3601 558 3643 604 et

2091 657 2179 714 bis
2222 655 2463 713 similia?
2508 652 2574 707 Et
2602 662 2758 722 pater
2785 668 2798 704 :
2830 647 3032 704 Verum
3059 659 3179 710 est,
3210 647 3402 717 inquit,
3427 645 3511 706 fili,
3544 646 3637 697 hac

2091 750 2235 805 mala
2263 764 2387 803 esse
2424 755 2480 801 et
2523 745 2680 799 valde
2720 742 2896 807 mala;
2930 748 3025 795 aut
3061 747 3214 794 certe
3248 740 3341 811 qui
3375 747 3522 808 negat
3545 735 3642 790 haec

2091 856 2215 896 esse
2241 840 2405 903 mala,
2434 839 2674 909 patiatur
2699 850 2784 890 ea.

2164 936 2254 992 IX.
2287 936 2353 991 Et
2378 950 2479 1005 ego
2505 931 2762 1004 respondi
2791 949 2806 984 :
2833 927 2972 996 Quia
2999 941 3131 997 ergo
3153 940 3278 979 cum
3312 938 3378 977 eo
3408 918 3528 974 mihi
3549 933 3639 974 ser-

2096 1046 2186 1086 mo
2208 1038 2314 1093 est,
2351 1028 2445 1099 qui
2490 1027 2543 1080 in
2582 1022 2914 1093 astrologica
2962 1017 3254 1089 disciplina
3288 1012 3521 1070 eruditus
3550 1017 3638 1070 est.

2093 1124 2402 1181 secundum
2450 1122 2626 1193 ipsam
2658 1126 2840 1174 tecum
2891 1129 3048 1186 agam
3068 1154 3083 1176 ,
3112 1122 3171 1166 ut
3204 1110 3269 1165 de
3301 1108 3389 1162 bis
3424 1120 3535 1177 quae
3561 1101 3642 1157 tibi

2096 1218 2152 1272 in
2180 1232 2282 1271 usu
2321 1222 2453 1271 sunt
2501 1212 2775 1282 accipiens
2820 1209 3111 1271 rationem,
3147 1204 3314 1259 citius
3339 1199 3641 1271 acquiescas.

2094 1309 2239 1364 Audi
2282 1320 2430 1362 nunc
2473 1320 2624 1374 ergo.
2675 1300 2979 1358 Confessus
3011 1314 3072 1354 es
3114 1296 3255 1350 mala
3301 1308 3421 1349 esse
3452 1306 3508 1347 ea
3543 1301 3645 1359 quae

2097 1414 2266 1470 supra
2300 1398 2567 1457 diximus,
2598 1394 2650 1448 id
2674 1401 2757 1448 est
2792 1393 2994 1453 febres,
3027 1387 3299 1449 incendia,
3327 1393 3380 1439 et
3416 1383 3494 1436 his
3517 1378 3645 1437 simi-

2098 1494 2202 1560 lia;
2234 1494 2349 1548 liaec
2397 1490 2699 1547 secundum
2744 1502 2842 1542 vos
2882 1500 2912 1539 a
2946 1481 3235 1537 malitiosis
3262 1477 3431 1535 stellis
3454 1473 3556 1530 fieri
3580 1470 3646 1526 di-

2097 1595 2327 1649 cuntur,
2380 1582 2435 1637 id
2480 1591 2566 1638 est
2598 1582 2667 1636 ab
2714 1577 2941 1635 humido
2995 1573 3233 1629 Saturno
3279 1571 3356 1641 (9)
3389 1579 3441 1625 et
3491 1565 3644 1622 calido

2103 1680 2306 1749 Marte;
2334 1680 2530 1735 horum
2562 1692 2693 1733 vero
2714 1673 2993 1730 contraria
3021 1686 3051 1725 a
3073 1668 3323 1739 benignis
3353 1662 3459 1719 ﬁeri
3480 1659 3646 1723 stellis,

408 1785 661 1839 u'limum
709 1779 944 1846 “Ciam;
991 1778 1117 1831 V010
1152 1782 1336 1830 “me”
1373 1774 1527 1844 Prius
1573 1772 1779 1835 Videre.
1817 1769 1863 1823 εἰ
1911 1777 1995 1823 εει
2028 1744 2069 1799 Β
2100 1772 2155 1827 id
2194 1778 2279 1827 est
2293 1744 2337 1825 va
2367 1773 2670 1837 temperato
2696 1762 2830 1818 Jove
2850 1770 2903 1817 et
2933 1759 3155 1815 humida
3180 1756 3422 1821 Venere;
3452 1760 3536 1805 aut
3556 1764 3645 1803 non

406 1872 672 1944 possibile
711 1867 1045 1940 disputando
1077 1865 1323 1920 invenire
1356 1863 1505 1933 quod
1540 1861 1826 1932 quaeritur.
1868 1856 1993 1911 Pla-

408 1973 495 2022 eet
528 1978 661 2034 ergo
694 1970 755 2015 ut
787 1960 1043 2017 Clemens
1085 1958 1297 2030 primus
1327 1955 1585 2024 incipiat,
1615 1961 1670 2008 et
1714 1951 1990 2014 ostendat,

408 2059 457 2114 si
484 2065 568 2113 est
602 2054 809 2126 aliquid
856 2055 910 2109 in
959 2050 1269 2108 substantia
1305 2056 1358 2105 et
1394 2048 1611 2103 actibus
1654 2046 1859 2101 bonum
1909 2045 1995 2101 vel

409 2150 637 2204 malum.

486 2240 591 2295 Vll.
632 2238 711 2294 Ad
748 2239 863 2293 haec
906 2252 1009 2308 ego
1046 2235 1306 2307 respondi
1343 2250 1357 2285 :
1388 2232 1657 2301 Quoniam
1703 2231 1925 2303 quidem
1962 2244 1991 2283 a

412 2350 502 2391 me
534 2334 618 2389 vis
645 2333 883 2395 discere,
914 2330 961 2385 si
996 2337 1082 2385 est
1126 2326 1334 2399 aliquid
1378 2333 1573 2380 natura
1609 2332 1701 2378 aut
1736 2333 1861 2376 actu
1896 2321 1995 2375 bo-

408 2444 541 2483 num
569 2428 651 2481 vel
676 2426 903 2490 malum,
930 2440 1001 2478 an
1028 2422 1211 2494 potius
1239 2436 1342 2476 usu
1367 2421 1655 2491 prmventis
1681 2417 1994 2472 hominibus

409 2522 550 2576 bona
573 2518 822 2588 quaedam
854 2524 908 2571 et
950 2516 1059 2570 alia
1104 2514 1362 2570 videntur
1398 2513 1563 2575 mala,
1611 2525 1712 2580 pro
1756 2526 1820 2565 eo
1848 2510 1994 2579 quod

408 2613 733 2669 divisionem
758 2612 902 2666 inter
936 2625 996 2665 se
1028 2623 1213 2664 rerum
1242 2607 1419 2662 fecere
1453 2604 1846 2667 communium,
1874 2618 1995 2673 qua:

406 2705 695 2769 deberent,
749 2712 808 2757 ut
852 2703 955 2767 ais,
1004 2702 1078 2756 ita
1126 2716 1250 2756 esse
1291 2699 1632 2760 communia,
1682 2704 1740 2750 ut
1794 2711 1887 2751 aer
1942 2705 1995 2751 et

412 2797 672 2868 splendor
706 2797 873 2863 solis;
910 2800 1042 2865 puto
1076 2792 1222 2864 quod
1259 2808 1370 2846 non
1398 2790 1624 2845 debean:
1653 2790 1749 2844 tibi
1775 2789 1995 2844 aliunde

410 2890 746 2945 asscrtioncs
780 2886 1063 2950 adhibere,
1099 2884 1204 2939 nisi
1232 2899 1298 2938 ex
1341 2882 1426 2936 liis
1460 2881 1768 2951 disciplinis
1795 2878 1995 2947 quibus

413 2982 529 3052 ipse
565 2980 740 3035 uteris
773 2986 827 3034 et
858 2992 998 3049 quas
1048 2977 1165 3045 ipse
1221 2972 1548 3036 conﬁrmas,
1585 2980 1638 3026 et
1688 2970 1993 3025 indubitata

2102 1866 2175 1919 ita
2198 1861 2318 1919 est?
2348 1860 2414 1914 Et
2441 1866 2598 1929 pater
2629 1855 2913 1927 respondit
2958 1868 2971 1903 :
3015 1850 3091 1905 Ita
3121 1858 3225 1914 est,
3256 1848 3352 1910 lili,
3384 1860 3481 1900 nec
3513 1843 3646 1895 aliter

2100 1951 2218 2006 fieri
2252 1955 2453 2021 potest.
2498 1947 2639 2001 Tum
2678 1960 2779 2015 ego
2816 1962 2827 1997 :
2860 1942 3000 2008 Quia
3040 1955 3170 2012 ergo
3220 1953 3250 1991 a
3298 1938 3455 1992 bonis
3482 1931 3645 1993 stellis,

2096 2044 2231 2101 Jove
2276 2044 2401 2099 dico
2447 2049 2503 2098 et
2532 2039 2777 2103 Venere,
2823 2039 2966 2093 bona
3015 2034 3132 2089 ﬁeri
3168 2032 3373 2094 dicitis,
3405 2027 3649 2084 videamus

2104 2151 2448 2208 unaquaeque
2479 2134 2749 2189 malarum
2783 2131 3066 2187 stellarum
3098 2142 3224 2182 cum
3258 2125 3485 2179 admista
3516 2120 3649 2175 fuerit

2099 2231 2280 2295 bonis,
2307 2229 2439 2301 quid
2467 2236 2553 2284 est
2580 2226 2725 2297 quod
2749 2223 2946 2289 etIicit;
2977 2231 3032 2279 et
3068 2221 3201 2276 illud
3245 2234 3369 2275 esse
3414 2215 3651 2284 intelliga—

2101 2340 2228 2379 mus
2258 2323 2487 2378 malum.
2518 2320 2733 2374 Etenim
2780 2317 3003 2387 nuptias
3049 2314 3230 2369 facere
3280 2311 3531 2367 Venerem
3570 2320 3653 2376 po-

2098 2420 2265 2486 nitis;
2305 2433 2429 2488 qua:
2461 2416 2506 2471 si
2554 2413 2744 2469 Jovem
2776 2411 2976 2466 habeat
3020 2409 3076 2463 in
3108 2408 3391 2463 schemate
3428 2416 3543 2465 suo,
3566 2413 3651 2469 pu-

2098 2514 2252 2569 dicas
2276 2511 2505 2576 eliiciat,
2540 2507 2676 2564 Jove
2719 2515 2903 2560 autem
2958 2518 3071 2557 non
3115 2500 3474 2571 respiciente,
3510 2496 3549 2549 si
3576 2492 3655 2546 ad-

2099 2608 2264 2663 fuerit
2296 2606 2462 2669 Mars,
2496 2601 2777 2672 corrumpi
2820 2599 3043 2669 nuptias
3076 2611 3172 2666 per
3201 2592 3520 2649 adulterium
3546 2600 3653 2657 pro-

2098 2698 2388 2755 nuntiatis.
2424 2695 2489 2750 Et
2518 2703 2673 2766 pater
2702 2712 2715 2747 :
2743 2690 2820 2745 Ita
2854 2706 2947 2756 se,
2974 2688 3192 2759 inquit,
3234 2686 3417 2741 habet.
3457 2680 3558 2750 Ego
3584 2691 3653 2729 re-

2098 2791 2296 2863 spondi
2334 2810 2345 2845 :
2379 2788 2526 2859 Ergo
2569 2786 2776 2841 malum
2812 2792 2896 2839 est
2940 2781 3275 2835 adulterium
3299 2819 3315 2843 ,
3342 2767 3653 2847 quandoqui-

2098 2885 2219 2938 dem
2245 2897 2311 2937 ex
2338 2882 2605 2935 malarum
2627 2878 2910 2934 stellarum
2940 2873 3275 2930 admistione
3298 2867 3651 2926 committitur;

2099 2985 2153 3031 et
2180 2984 2239 3029 ut
2270 2973 2721 3045 compendiosius
2747 2968 3112 3040 explicemus,
3141 2966 3327 3022 onmia
3350 2977 3468 3037 qua:
3500 2954 3652 3012 dicitis

413 3074 509 3127 tibi
547 3075 659 3127 sint
703 3085 826 3142 qua:
872 3046 1155 3124 dicuntur.
1182 3064 1442 3120 Omnium
1488 3065 1886 3119 elementorum
1938 3069 1995 3117 et
2022 3086 2065 3144 ο
2097 3085 2165 3125 ex
2218 3068 2487 3122 malarum
2550 3063 2881 3119 admistione
2922 3060 3205 3116 stellarum
3259 3059 3431 3113 bonas
3477 3046 3651 3123 perpeti

410 3165 694 3218 stellarum
733 3167 912 3216 certos
948 3157 1155 3230 ponitis
1191 3156 1348 3220 fines,
1393 3170 1642 3225 quasque
1688 3154 1874 3209 stellas
1906 3152 1995 3209 di-

409 3258 535 3311 citis
569 3258 625 3311 in
659 3253 986 3326 quibusdam
1014 3253 1225 3315 absque
1251 3263 1393 3304 noxa
1415 3248 1566 3302 coire
1593 3248 1737 3302 sicut
1772 3247 1829 3302 in
1863 3262 1987 3301 con-

406 3349 596 3419 jugiis,
628 3348 681 3400 in
705 3346 829 3401 aliis
856 3359 987 3399 vero
1009 3344 1171 3398 noxie
1196 3340 1415 3396 misceri
1442 3342 1585 3394 sicut
1610 3339 1661 3392 iu
1691 3338 1995 3397 adulteriis.

414 3439 482 3495 Et
527 3438 715 3495 dicitis
746 3437 997 3511 quaedam
1043 3435 1325 3507 generalia
1359 3449 1482 3489 esse
1526 3434 1770 3489 omnium
1793 3473 1809 3497 ,
1846 3450 1997 3507 quae-

412 3533 539 3588 dam
588 3549 718 3588 vero
761 3548 868 3586 non
913 3532 1158 3586 omnium
1213 3545 1389 3600 neque
1434 3530 1727 3599 generalia.
1772 3528 1878 3584 Sed
1927 3546 1997 3585 ne

410 3626 623 3695 prolixa
661 3623 963 3695 disputatio
1014 3622 1142 3685 flat,
1194 3620 1436 3676 breviter
1473 3631 1527 3676 et
1577 3622 1644 3676 de
1700 3637 1761 3677 re
1790 3623 1992 3679 dicam.

409 3715 581 3774 Terra
608 3734 731 3789 qua:
754 3716 907 3773 arida
941 3724 1049 3778 est,
1075 3715 1333 3785 conjugio
1356 3724 1411 3771 et
1432 3715 1763 3773 admistione
1789 3717 1997 3788 indiget

410 3826 586 3880 aquze,
615 3820 673 3863 ut
708 3810 884 3879 possit
928 3824 1192 3881 generare
1228 3808 1471 3875 fructus,
1509 3810 1629 3866 sine
1653 3812 1856 3882 quibus
1883 3812 1995 3866 vita

412 3902 727 3959 hominibus
762 3917 875 3956 non
908 3908 1027 3968 est;
1056 3908 1143 3956 est
1176 3916 1308 3973 ergo
1334 3901 1451 3957 base
1484 3903 1725 3974 legitima
1761 3905 1996 3975 conjun-

410 3996 539 4050 etio.
568 3994 807 4049 Ecoutra
844 3995 891 4049 si
927 4006 1021 4051 aut
1051 3996 1260 4065 pruina:
1295 3994 1471 4065 frigus
1507 4007 1666 4051 terra:
1700 3997 1996 4053 misceatur

408 4095 505 4142 aut
537 4088 689 4142 calor
724 4089 903 4158 aquis.
933 4088 1249 4158 huiusmodi
1278 4089 1596 4159 conjunctio
1622 4090 1993 4160 corruptelam

410 4176 575 4243 facit;
602 4185 656 4232 et
691 4177 795 4233 hoc
822 4179 874 4231 in
908 4179 1109 4233 talibus
1136 4179 1465 4234 adulterium
1495 4188 1599 4235 est.

480 4267 617 4325 Vill.
648 4269 713 4324 Et
749 4279 901 4341 pater
927 4272 1209 4343 respondit
1248 4288 1261 4324 :
1292 4272 1400 4327 Sed
1427 4272 1572 4328 sicut
1593 4273 1993 4329 elementorum

410 4363 491 4415 vel
520 4362 803 4417 stellarum
854 4363 1174 4419 inconsonae
1206 4365 1616 4434 conjunctionis
1651 4366 1838 4420 statim
1868 4380 1995 4435 pro-

407 4453 557 4506 ditur
585 4469 750 4517 noxa,
776 4459 852 4507 ita
877 4455 1100 4511 deberet
1123 4467 1177 4511 et
1204 4457 1536 4511 adulterium
1569 4458 1752 4513 statim
1775 4456 1992 4512 ostendi
2025 4437 2069 4493 D

408 4559 572 4614 quam
609 4547 811 4601 malum
836 4560 939 4603 est.
974 4547 1040 4601 Et
1067 4563 1169 4619 ego
1193 4550 1280 4603 aio
1309 4564 1321 4601 :
1354 4549 1469 4605 Hoc
1502 4550 1636 4605 mihi
1662 4550 1841 4621 primo
1866 4565 1995 4606 con-

413 4635 597 4698 ﬁrma,
626 4636 694 4699 si,
725 4646 785 4691 ut
808 4641 971 4693 etiam
1002 4640 1119 4709 ipse
1151 4639 1443 4696 confessus
1480 4656 1563 4704 es,
1595 4656 1662 4695 ex
1688 4640 1992 4711 incongrua

407 4735 462 4779 et
487 4727 789 4782 inconsona
832 4728 1164 4787 admistione
1199 4728 1513 4787 ciliciuntur
1554 4733 1721 4800 mala,
1751 4740 1804 4789 et
1839 4732 1991 4787 istud

409 4818 465 4871 in
499 4821 966 4889 consequentibus
1001 4825 1331 4893 requiretur.
1359 4824 1425 4877 Et
1478 4832 1633 4895 pater
1678 4825 1754 4877 ait
1785 4844 1797 4878 :
1825 4823 1897 4878 Ut
1931 4840 1990 4879 se

408 4910 572 4965 habet
598 4913 676 4967 rei
723 4920 942 4977 natura,
974 4914 1048 4968 ita
1097 4916 1201 4979 ais,
1240 4915 1335 4973 flli.
1365 4915 1503 4971 Tum
1542 4933 1643 4987 ego
1678 4915 1938 4987 respondi
1974 4934 1986 4969 :

409 5000 547 5067 Quia
589 5019 719 5074 ergo
751 5003 969 5061 discere
1014 5010 1169 5078 cupis
1216 5010 1283 5064 de
1311 5009 1419 5077 bis,
1470 5011 1594 5065 vide
1639 5017 1845 5079 quanta
1880 5010 1991 5063 sint

2099 3162 2309 3226 Stellas,
2343 3159 2486 3213 mala
2537 3172 2661 3213 esse
2703 3155 2823 3212 sine
2872 3154 3040 3209 dubio
3080 3148 3483 3222 pronuntianda
3528 3148 3650 3199 sunt.

2100 3252 2220 3307 lstze
2247 3266 2379 3321 ergo
2408 3249 2583 3304 stella:
2608 3261 2841 3318 quarum
2869 3243 3199 3299 admistione
3219 3240 3462 3295 diximus
3483 3236 3652 3294 febres,

2098 3346 2376 3410 incendia,
2408 3351 2464 3397 et
2502 3350 2697 3397 (uetera
2724 3339 2810 3394 his
2846 3337 3054 3393 similia
3086 3335 3226 3390 eilici
3255 3334 3419 3398 mala,
3449 3330 3564 3399 ipsa:
3584 3337 3653 3377 se-

2096 3439 2340 3495 cundum
2372 3451 2470 3491 vos
2501 3436 2668 3491 etiam
2702 3430 3020 3495 homicidia,
3056 3427 3351 3490 adulteria,
3387 3424 3521 3477 furta
3546 3430 3655 3488 ope-

2100 3540 2315 3597 rantur,
2338 3537 2629 3599 protervos
2655 3527 2822 3582 etiam
2845 3532 2901 3580 et
2930 3521 3164 3579 stolidos
3196 3523 3336 3592 ipsa:
3358 3515 3597 3574 efﬁciunt.

2168 3622 2236 3679 Χ.
2271 3623 2339 3677 Et
2372 3631 2566 3695 pater:
2600 3619 2774 3687 Vere,
2809 3619 3018 3689 inquit,
3054 3616 3302 3672 breviter
3328 3622 3382 3669 et
3410 3614 3654 3675 incompa»

2099 3718 2355 3774 rabiliter
2376 3715 2689 3780 ostendisti,
2725 3714 2853 3784 quia
2896 3714 3009 3768 sint
3040 3710 3183 3765 mala
3227 3708 3287 3763 in
3320 3706 3547 3763 actibus,
3576 3695 3652 3752 sed

2098 3812 2203 3866 hoc
2257 3810 2439 3865 adhuc
2483 3809 2647 3864 velim
2693 3806 2928 3872 discere,
2968 3801 3250 3874 quomodo
3295 3800 3445 3870 juste
3476 3790 3656 3862 iudicat

2096 3905 2246 3961 Deus
2272 3918 2368 3959 eos
2391 3902 2484 3974 qui
2516 3907 2749 3971 peccant
2768 3943 2782 3967 ,
2810 3900 2952 3955 sicut
2984 3912 3086 3953 vos
3120 3896 3342 3957 dicitis,
3384 3892 3428 3947 si
3457 3895 3652 3960 peccare

2097 4012 2193 4053 eos
2225 3994 2445 4065 genesis
2492 3993 2676 4064 cogit?
2702 3990 2841 4045 Tum
2872 4005 2973 4060 ego
3014 3986 3278 4057 respondi
3312 4004 3325 4040 :
3364 3983 3551 4038 Vereor
3580 3974 3652 4029 di-

2097 4105 2223 4145 cere
2271 4088 2365 4143 tibi
2403 4087 2632 4159 aliquid,
2660 4091 2839 4157 pater,
2876 4082 3008 4155 quia
3056 4081 3115 4136 in
3162 4079 3320 4135 omni
3382 4085 3433 4131 te
3478 4074 3653 4127 honore

2097 4182 2286 4237 haberi
2319 4198 2351 4235 a
2389 4196 2476 4235 me
2515 4180 2706 4244 decet,
2739 4178 2986 4248 alioquin
3019 4182 3137 4231 erat
3180 4175 3333 4244 quod
3368 4169 3562 4244 possim
3589 4161 3655 4216 di~

2097 4288 2222 4327 cere
2252 4273 2299 4327 si
2330 4272 2568 4327 deceret.
2603 4269 2670 4324 Et
2697 4278 2854 4342 pater
2881 4268 2960 4322 ait
3004 4287 3018 4322 :
3054 4266 3151 4321 Dic
3182 4266 3333 4337 quod
3366 4262 3458 4316 tibi
3488 4265 3652 4312 occur-

2098 4365 2193 4426 rit,
2221 4363 2296 4417 fili
2319 4403 2334 4429 ,
2363 4363 2581 4418 etiamsi
2628 4363 2961 4431 iniuriosum
2988 4360 3247 4427 videtur;
3282 4373 3393 4413 non
3426 4352 3556 4410 enim
3584 4356 3650 4403 tu.

2099 4456 2196 4512 sed
2244 4456 2566 4526 quaestionis
2609 4454 2751 4509 ratio
2788 4453 3052 4523 iniuriam
3090 4451 3262 4515 facit,
3312 4450 3453 4505 sicut
3487 4439 3652 4515 pudica

2100 4549 2299 4604 mulier
2326 4545 2711 4617 intemperanti
2742 4544 2882 4609 viro,
2915 4544 2961 4599 si
3004 4559 3105 4615 pro
3161 4546 3343 4598 salute
3378 4538 3654 4608 indignetur

2099 4649 2154 4697 et
2176 4641 2483 4696 honestate.
2535 4638 2601 4692 Et
2646 4653 2748 4709 ego
2796 4637 3055 4708 respondi
3092 4656 3104 4689 :
3140 4634 3200 4689 Si
3250 4636 3424 4705 prima
3456 4635 3653 4699 quie‘lue

2101 4735 2246 4790 inter
2270 4749 2372 4790 nos
2400 4732 2723 4788 confirmata
2748 4739 2804 4787 et
2832 4730 3089 4786 confessa
3132 4744 3248 4784 non
3280 4728 3417 4783 bene
3442 4719 3650 4779 retinea-

2102 4842 2247 4893 mus,
2282 4827 2380 4881 sed
2411 4840 2628 4896 semper
2663 4839 2785 4896 qua!
2811 4824 3037 4880 definita
3066 4829 3196 4879 sunt
3223 4822 3554 4877 resolvantur
3574 4822 3651 4881 per

2101 4917 2452 4980 oblivionem,
2487 4915 2797 4971 videbimur
2835 4916 2999 4971 telam
3047 4922 3233 4970 texere
3272 4910 3573 4977 Penelopes,
3599 4914 3649 4952 ea

2098 5022 2219 5078 quae
2247 5007 2520 5062 texuimus
2546 5007 2915 5073 resolventes;
2945 5012 2999 5062 et
3018 5004 3141 5061 ideo
3161 5003 3424 5059 debemus
3450 5003 3533 5051 aut
3560 5004 3648 5044 non

1708 5254 2080 5312 COTELEIHI
2114 5256 2346 5312 ΝΟΤΑΞ.

483 5451 554 5573 φ)
596 5446 831 5505 Humido
861 5449 1117 5535 Saturno.
1145 5452 1292 5511 Idem
1320 5457 1388 5513 de
1418 5456 1677 5521 Saturno,
1706 5459 1985 5515 humidam

483 5551 486 5571 :
514 5524 617 5573 Iam
645 5538 787 5573 esse.
808 5524 1323 5573 sentiuntCIemenn
1354 5529 1758 5573 Alexandrinum
1783 5529 1983 5573 ernm-

407 5524 617 5577 stellam
645 5538 787 5587 esse,
808 5524 1051 5580 sentiunt
1068 5524 1323 5583 Clemens
1350 5529 1758 5585 Alexandrinus
1782 5529 1983 5585 Strom.

409 5610 459 5649 ν.
504 5610 555 5649 D.
597 5591 729 5649 564:
774 5592 1003 5649 Nonnus
1033 5598 1396 5649 Διονυσιακῶν
1430 5601 1523 5649 lib-
1551 5618 1709 5649 mn-
1762 5618 1814 5649 η-
1847 5601 1978 5649 500:

409 5610 459 5676 πί,
504 5610 557 5673 p.
597 5601 729 5659 564;
774 5601 1003 5677 Nonnus
1033 5601 1396 5652 Διονυσιακῶν
1430 5601 1523 5655 ΙΗ).
1551 5618 1709 5659 XVIII.
1762 5618 1814 5671 p.
1847 5601 1978 5657 500;

408 5660 633 5742 δενκζιιξξ
683 5661 1030 5742 adﬁaorgtc.
1067 5667 1351 5742 i,_12._15,
1383 5679 1437 5725 et
1466 5670 1728 5742 Platonici
1763 5672 1984 5742 quidam

929 5722 939 5734 ι

410 5733 549 5800 apud
584 5732 1040 5792 Macrobium‘lib.
1075 5754 1090 5792 ι
1124 5736 1177 5791 ἰη
1212 5736 1485 5795 Somnium
1518 5732 1862 5817 ScipionisC.
1902 5742 1984 5795 il.

2093 5456 2296 5512 Verum
2328 5458 2474 5514 Julio
2504 5458 2745 5515 Firmico
2791 5460 2885 5515 lib.
2923 5475 2985 5523 ιι,
3031 5477 3081 5515 c.
3119 5462 3203 5525 10,
3239 5468 3325 5515 est
3358 5478 3372 5522 ;
3412 5454 3641 5510 Saturnus

2090 5542 2290 5583 natura
2329 5532 2536 5600 quidem
2563 5531 2791 5600 frigidus
2831 5543 2883 5585 et
2926 5533 3117 5591 siccus,
3151 5549 3212 5584 ea:
3258 5525 3641 5600 accidenti}er

2088 5586 2401 5672 quandoque
2428 5586 2696 5672 humidis.
2746 5601 3043 5672 Eidemque
3072 5586 3261 5671 Κρόνῳ
3293 5586 3640 5672 tribuit

2092 5659 2454 5799 ἐξέῗξέῖρον
2510 5671 2738 5729 Proclus
2789 5674 2882 5729 lib.
2926 5659 3031 5729 I'in
3087 5659 3440 5729 T'etrdbiblum
3489 5659 3640 5720 91016⁸

2091 5757 2209 5797 [DEI
2241 5758 2291 5799 c.
2322 5757 2378 5799 δ.
