3888 6192
352 383 489 441 1125

1590 374 2156 434 BECOGNITIONUM
2190 373 2320 429 LIB.
2358 373 2424 431 X.

3485 372 3619 427 I426

350 497 513 555 facile
543 494 917 567 acquiescere,
944 494 1267 566 priusquam
1296 492 1585 563 diligenter
1601 487 1945 545 examinetur
1972 496 2019 552 Α
2048 488 2166 543 sine
2216 489 2404 555 dubio,
2455 489 2583 559 quia
2629 495 2873 561 tempora
2916 495 3007 542 tua
3036 489 3339 546 malitiosus
3373 492 3617 561 suscepit

349 604 531 647 sermo
562 587 900 660 propositus,
931 593 1026 640 aut
1069 587 1114 641 si
1141 586 1254 656 jam
1301 584 1674 655 acquievimus
1706 590 1758 638 et
1786 597 1924 637 con—

348 684 563 739 ﬁrmata
613 681 886 737 sententia
936 688 1041 745 est,
1087 694 1309 735 scrvare
1338 693 1555 748 semper
1583 677 1728 748 quod
1762 677 1929 731 semel

346 778 633 837 deﬁnitum
674 787 759 833 est
784 818 799 840 ,
846 784 909 831 ut
949 776 1231 847 possimus
1269 780 1324 829 et
1367 773 1434 829 de
1486 774 1609 828 aliis
1660 788 1924 843 quaerere.

344 869 411 926 Et
450 878 605 942 pater
628 868 742 941 (10)
774 868 890 923 ait:
921 867 1065 923 Bene
1100 868 1261 931 dicis,
1296 866 1391 932 ﬁli,
1436 873 1489 921 et
1520 867 1634 921 scio
1665 880 1827 935 quam
1858 865 1928 919 ob

345 979 571 1019 causam
604 964 765 1027 dicis,
799 962 927 1032 quia
958 962 1214 1016 hesterno
1242 960 1330 1014 die
1369 959 1436 1014 de
1468 959 1815 1013 naturalibus
1844 956 1929 1011 di-

345 1064 577 1126 sputans
609 1056 814 1117 causis,
842 1052 1130 1109 ostendisti
1163 1053 1289 1121 quia
1319 1052 1495 1106 virtus
1535 1051 1784 1121 quaedam
1810 1065 1927 1103 ma-

345 1148 495 1219 ligna
531 1145 937 1202 transformans
959 1162 1017 1201 se
1048 1146 1101 1199 in
1142 1146 1389 1200 ordinem
1420 1145 1699 1200 stellarum
1736 1145 1928 1198 huma-

342 1258 445 1297 nas
474 1241 956 1311 concupiscentias
997 1241 1256 1310 exagitat,
1304 1238 1538 1293 diversis
1583 1237 1758 1293 modis
1795 1254 1925 1308 pro-

342 1347 548 1388 vocans
578 1332 645 1385 ad
661 1335 972 1402 "peccatum,
999 1345 1109 1384 non
1138 1339 1318 1383 tamen
1341 1344 1542 1399 cogens
1565 1336 1658 1383 aut
1686 1328 1926 1384 etliciens

342 1435 648 1495 peccatum.
692 1424 792 1479 Cui
845 1439 948 1494 ego
983 1422 1245 1493 respondi
1280 1440 1292 1477 :
1324 1421 1503 1482 Bene,
1542 1421 1670 1492 quia
1712 1428 1767 1476 et
1809 1436 1925 1476 me-

341 1517 547 1571 ministi
580 1524 633 1572 et
667 1531 791 1570 cum
826 1516 1143 1571 memineris
1172 1514 1392 1569 errasti.
1422 1513 1487 1566 Et
1519 1520 1673 1584 pater
1712 1528 1725 1565 :
1767 1512 1925 1584 Igno-

341 1624 453 1673 sce,
485 1610 683 1680 inquit,
710 1609 782 1663 ﬁli
824 1628 837 1665 :
866 1610 1107 1665 nondum
1131 1610 1274 1663 enim
1299 1624 1466 1686 usum.
1490 1609 1720 1663 multum
1754 1610 1807 1663 in
1840 1610 1929 1665 his

340 1698 551 1768 habeo;
587 1716 711 1755 nam
754 1710 807 1756 et
840 1700 1085 1757 hesterni
1117 1716 1401 1756 sermones
1442 1701 1522 1755 tui
1553 1701 1781 1756 veritate
1807 1701 1922 1771 ipsa

338 1796 730 1852 concluserunt
757 1814 842 1853 me
880 1804 939 1852 ut
969 1796 1071 1852 tibi.
1095 1798 1520 1867 acquiescerem,
1554 1798 1610 1851 in
1636 1797 1924 1853 conscien-

339 1888 411 1943 tia
438 1895 615 1944 tamen
646 1905 766 1945 mea
799 1899 925 1945 sunt
953 1890 1109 1960 quasi
1134 1890 1378 1960 quaedam
1402 1889 1643 1959 reliquiae
1667 1888 1919 1956 febrium,

337 1994 461 2048 quae
493 1980 773 2049 paululum
804 1997 889 2035 me
914 1996 943 2034 a
967 1958 1071 2037 lide
1102 1958 1260 2051 quasi
1290 1996 1320 2033 a
1352 1958 1586 2035 sanitate
1610 1979 1917 2037 retrahunt.
1956 1958 1996 2011 Β

336 2068 653 2126 Discrucior
682 2074 850 2139 enim,
892 2076 1019 2145 quia
1070 2074 1187 2129 scio
1234 2074 1403 2127 multa
1448 2074 1618 2136 mihi,
1645 2074 1755 2131 imo
1784 2089 1921 2144 pene

334 2162 519 2217 omnia
550 2165 819 2221 accidisse
850 2168 1148 2221 secundum
1173 2166 1434 2237 genesim.

405 2253 493 2309 Xl.
537 2255 603 2310 Et
638 2272 739 2327 ego
784 2259 1039 2329 respondi
1072 2273 1087 2309 :
1128 2258 1270 2313 Audi
1309 2274 1459 2328 ergo,
1492 2266 1666 2328 pater,
1697 2274 1818 2329 quae
1846 2260 1919 2315 sit

334 2347 599 2403 mathesis
641 2357 860 2415 natura,
899 2358 953 2405 et
993 2351 1159 2405 facito
1187 2349 1489 2406 secundum
1527 2366 1591 2404 ea
1635 2366 1756 2420 quae
1794 2351 1918 2406 dico

332 2439 450 2493 tibi.
484 2438 621 2496 Vide
649 2442 1095 2498 mathematicum
1127 2442 1239 2514 (11)
1264 2452 1313 2498 et
1345 2442 1433 2496 dic
1462 2442 1510 2496 ei
1551 2442 1750 2511 primo,
1787 2443 1915 2510 quia

331 2532 462 2585 talia
502 2534 750 2603 quaedam
796 2535 929 2588 mihi
974 2535 1295 2590 acciderunt»
1336 2537 1478 2590 mala
1520 2538 1572 2590 in
1630 2536 1723 2591 illo
1774 2543 1916 2589 tem--

332 2637 498 2691 pore;
533 2624 680 2679 unde
728 2640 857 2696 ergo
889 2634 983 2680 aut
1023 2642 1133 2697 quo
1160 2627 1323 2681 modo
1359 2635 1451 2681 aut
1483 2644 1745 2699 perrquas
1776 2627 1907 2682 mihi

332 2715 637 2771 acciderint
686 2718 899 2782 stellas,
948 2718 1162 2773 discere
1206 2719 1352 2774 volo.
1398 2718 1770 2792 Respondebit
1811 2720 1907 2775 tibi

2034 580 2181 638 Mars
2210 590 2303 635 aut
2340 579 2644 645 Saturnus,
2675 589 2769 635 aut
2806 580 3007 650 aliquis
3039 572 3229 637 eorum
3269 590 3613 651 apocatasta-

2031 675 2178 730 ticus
2209 674 2310 729 fuit
2341 676 2476 747 (l2),
2509 682 2601 730 aut
2625 674 2826 745 aliquis
2859 690 3062 730 annum
3084 683 3237 730 tuum
3269 676 3480 745 aspexit
3503 674 3624 746 (15)

2032 784 2097 824 ex
2130 769 2394 825 diametro
2426 780 2521 824 aut
2543 771 2876 841 conjunctus
2916 776 3010 825 aut
3059 770 3115 824 in
3145 778 3357 833 centro,
3395 770 3475 825 vel
3509 769 3615 824 alia

2032 860 2119 915 his
2150 861 2355 916 similia
2384 862 2760 932 respondebit,
2800 863 3029 927 addens,
3051 863 3179 934 quia
3222 864 3276 917 in
3322 864 3409 918 his
3436 863 3614 917 omni-

1962 968 1971 974 λ
2031 951 2134 1007 bus
2166 952 2368 1022 aliquis
2412 962 2508 1007 aut
2551 955 2848 1026 asyndetus
2879 956 2981 1011 fuit
3012 972 3137 1011 cum
3187 955 3330 1010 malo
3360 954 3492 1026 (1.1),
3521 961 3614 1008 aut

2032 1046 2342 1112 invisibilis,
2369 1056 2463 1101 aut
2496 1048 2551 1103 in
2577 1048 2878 1113 schemate,
2905 1058 2999 1105 aut
3028 1058 3183 1105 extra
3212 1050 3485 1115 haeresim,
3519 1059 3613 1104 aut

2031 1138 2295 1195 deﬁciens
2318 1140 2453 1212 (15),
2491 1152 2585 1197 aut
2606 1157 2717 1197 non
2747 1144 3093 1215 contingens,
3127 1151 3222 1199 aut
3262 1143 3319 1197 in
3360 1145 3613 1199 obscuris

2030 1233 2226 1297 stellis,
2259 1243 2314 1289 et
2349 1235 2519 1288 multa
2550 1235 2656 1289 alia
2691 1236 2776 1291 his
2808 1238 3007 1292 similia
3034 1236 3340 1292 secundum
3369 1237 3611 1291 rationes

2029 1326 2282 1396 preprias
2312 1328 2660 1397 respondebit
2688 1337 2743 1383 et
2775 1330 2842 1385 de
2864 1330 3098 1398 singulis
3124 1330 3447 1399 assignabit.
3480 1329 3610 1384 Post

2030 1419 2175 1474 hunc
2202 1420 2367 1475 alium
2398 1420 2547 1474 adito
2569 1423 3013 1477 mathematicum
3036 1430 3090 1476 et
3111 1422 3279 1477 dicito
3309 1423 3604 1481 contraria.

2028 1512 2159 1582 quia
2194 1512 2326 1567 illud
2352 1514 2486 1568 mihi
2516 1515 2649 1570 boni
2676 1516 2909 1586 contigit
2943 1516 2997 1571 in
3023 1514 3119 1570 illo
3146 1523 3427 1585 tempore;
3471 1524 3627 1569 tem—.

2030 1621 2131 1675 pus
2159 1612 2340 1660 autem
2384 1606 2487 1660 hoc
2537 1606 2680 1662 idem
2725 1607 2924 1672 dicito,
2968 1615 3024 1661 et
3059 1608 3276 1678 require
3312 1623 3381 1662 ex
3406 1605 3615 1677 quibus.

2028 1697 2276 1766 partibus
2305 1698 2523 1769 genesis
2564 1699 2669 1754 hoc
2695 1699 2795 1753 tibi
2824 1701 3067 1755 evenerit
3099 1699 3247 1763 boni,
3278 1708 3333 1753 et
3361 1709 3606 1769 tempora

2028 1797 2093 1843 ut
2108 1790 2243 1855 dixi,
2274 1790 2465 1847 eadem
2494 1808 2618 1861 qua:
2646 1792 2713 1847 de
2739 1792 2899 1847 malis
2928 1794 3386 1863 interrogaveras.
3421 1798 3606 1845 custo-

2027 1884 2161 1938 dito.
2211 1884 2462 1955 Cumque
2518 1893 2577 1939 tu
2622 1885 2883 1942 fefelleris
2934 1887 3002 1942 de
3058 1885 3423 1956 temporibus,
3482 1887 3606 1939 vide

2026 1988 2229 2048 quanta
2278 1980 2377 2034 tibi
2419 1979 2658 2034 inveniet
2707 1980 3006 2045 schemata,
3053 1996 3150 2050 per
3183 1993 3305 2049 quas
3351 1976 3605 2033 ostendat

2028 2072 2172 2141 quod
2205 2073 2301 2126 tibi
2335 2073 2390 2126 in
2421 2074 2530 2129 illis
2566 2074 2700 2144 ipsis
2753 2074 3092 2144 temporibus
3137 2074 3358 2129 evenire
3400 2072 3605 2127 debite--

2027 2165 2137 2218 rint
2173 2166 2336 2221 bona.
2372 2164 2714 2237 lmpossibile
2754 2167 2899 2221 enim
2930 2175 3015 2221 est
3043 2166 3324 2220 hominum
3358 2164 3604 2236 genesim

2025 2260 2415 2323 tractantibus,
2468 2274 2577 2313 non
2620 2260 2674 2313 in
2734 2260 2885 2313 omni
2932 2273 3098 2330 quam
3141 2258 3331 2313 dicunt
3380 2260 3603 2329 regione

2028 2349 2309 2403 stellarum
2342 2347 2457 2420 (16)
2483 2364 2699 2418 semper
2724 2349 2968 2405 invenire
3013 2347 3281 2420 quasdam
3325 2348 3461 2405 bene
3498 2364 3602 2420 po-

2022 2443 2157 2498 sitas
2207 2444 2415 2508 stellas,
2457 2450 2513 2499 et
2542 2442 2809 2514 quasdam
2857 2445 3034 2511 male;
3064 2444 3306 2500 circulus
3332 2444 3478 2498 enim
3517 2456 3602 2501 est

2021 2536 2304 2606 aequaliter
2346 2551 2410 2590 ex
2456 2537 2605 2592 omni
2649 2544 2803 2607 parte
2848 2537 3113 2593 collectus
3151 2536 3452 2593 secundum
3485 2551 3603 2590 ma-

2012 2630 2247 2693 thesim,
2295 2628 2543 2687 diversas
2586 2639 2641 2687 et
2698 2631 2885 2687 varias
2934 2629 3211 2701 accipiens
3251 2644 3479 2694 causas,
3534 2645 3600 2687 ex

2015 2721 2219 2793 quibus
2249 2723 2595 2779 occasionem
2625 2724 2845 2794 capiant
2882 2721 3101 2779 dicendi
3131 2723 3277 2795 quod
3315 2723 3525 2780 volunt.

1672 2943 2039 3000 COTELERII
2073 2945 2305 3003 NOTAE.

409 3117 517 3200 (-10)
558 3114 821 3200 Elt’pater.
845 3116 997 3200 Iota
1030 3119 1281 3200 περιοχή,
1314 3118 1516 3200 ειλίὒη
1538 3136 1625 3174 xw
1653 3119 1911 3200 Periodo-

2030 3136 2141 3177 tum
2180 3124 2662 3200 apudﬂsiilonium
2695 3124 2789 3177 lib.
2820 3138 2917 3200 vin
2939 3164 2955 3185 ,
2991 3122 3148 3200 epist.
3186 3121 3275 3200 il,
3307 3129 3420 3173 tum
3452 3123 3604 3200 deut-

333 3186 451 3241 rum
490 3186 706 3240 laudata
742 3190 811 3240 ab
841 3186 1073 3256 Origene
1103 3186 1336 3242 tonum
1374 3186 1823 3256 Egrplanationum
1854 3194 1911 3242 in

333 3258 597 3318 Gcnesim,
630 3272 693 3311 ac
730 3254 982 3311 Geneseos
1012 3274 1048 3318 I,
1085 3259 1172 3321 M,
1203 3266 1382 3312 exstat
1409 3254 1722 3311 Phtlocalia:
1742 3275 1793 3313 c.
1816 3260 1906 3317 2‘2.

335 3328 398 3383 Et
427 3329 648 3398 quidem
672 3328 907 3398 rcitantis
935 3328 1098 3382 verba
1130 3329 1329 3397 protuli
1355 3330 1409 3381 in
1434 3328 1788 3384 Testimoniis
1807 3328 1914 3384 Ve-

331 3397 508 3454 terum
545 3418 557 3452 :
591 3397 681 3451 ubi
733 3407 879 3453 recte
934 3398 1196 3469 legebam,
1230 3398 1606 3469 ἐκϐεϐηκέναι,
1628 3399 1783 3469 quod
1827 3417 1914 3454 re-

334 3470 447 3538 peri
483 3476 668 3536 postea
718 3468 769 3521 in
798 3466 1013 3521 duobus
1044 3466 1226 3537 Regiis
1255 3466 1559 3522 codicibus.
1597 3466 1754 3522 Nunc
1783 3485 1913 3525 vero

332 3548 389 3593 ut
425 3539 760 3610 intelligatur
788 3540 1001 3593 facilius
1033 3540 1163 3607 quid
1190 3539 1291 3592 hoc
1323 3541 1440 3592 loco
1464 3554 1570 3592 non
1602 3556 1916 3610 usquequa-

329 3627 439 3680 que
495 3608 688 3663 Graeco
738 3610 1106 3680 respondeat,
1150 3618 1318 3678 utque
1365 3610 1525 3680 notis
1555 3608 1913 3680 sequentibus

333 3678 498 3751 veluti
553 3680 642 3734 fax
686 3678 1027 3750 praeferatur,
1061 3679 1237 3748 placet
1267 3681 1430 3733 citata
1482 3678 1548 3733 ab
1594 3678 1831 3751 Origene
1862 3690 1915 3736 et

334 3750 681 3805 Ruﬁnianam
731 3752 1037 3804 versionem
1091 3758 1337 3804 nostram
1402 3751 1504 3805 sub
1561 3750 1726 3804 unum
1775 3766 1914 3805 enn-

329 3829 579 3891 spectum
609 3822 761 3876 dare.
782 3850 851 3861 -—
893 3819 1025 3886 Quae
1054 3821 1147 3891 hic
1179 3821 1397 3874 exhibet
1440 3820 1746 3876 Cotelerius
1768 3863 1781 3883 ,
1822 3822 1917 3875 ha-

333 3890 431 3947 bes
471 3891 615 4015 insita
651 3894 707 3946 in
757 3892 1073 3962 Appendice
1113 3890 1571 3961 Recognitionibus
1628 3893 1871 3961 subjecta
1898 3931 1913 3957 ,

333 3978 480 4015 num.
552 4002 563 4015 .

330 3978 480 4017 num.
511 3978 563 4015 ὖ.

400 4054 517 4126 (11)
566 4053 693 4109 Vide
719 4056 1169 4126 mathematicum,
1191 4067 1295 4110 etc.
1326 4056 1608 4126 Expressit
1643 4057 1746 4111 ista
1779 4057 1917 4110 scri-

332 4132 456 4196 ptor
485 4124 741 4196 Actorum
783 4125 842 4180 S.
871 4126 1192 4188 Sebastiani,
1229 4141 1346 4179 mea
1388 4124 1607 4195 quidem
1648 4128 1917 4181 sententia

330 4194 472 4267 alius
522 4211 551 4248 a
600 4194 658 4249 S.
694 4196 1003 4252 Ambrosio.
1039 4196 1277 4264 Prwcipe
1322 4194 1492 4258 hcdie,
1536 4198 1734 4267 inquit,
1767 4196 1836 4249 ad
1869 4208 1917 4251 te

331 4265 589 4320 .Ilathesis
620 4267 791 4320 venire
832 4268 1133 4331 doctorem;
1169 4270 1253 4320 cui
1279 4266 1449 4330 dicas,
1486 4268 1580 4320 illo
1612 4265 1837 4336 tempore
1870 4278 1918 4321 te

324 4338 530 4408 asperis
559 4338 770 4391 casibus
804 4337 1111 4408 laborasse;
1142 4349 1191 4393 et
1223 4339 1431 4408 inquire
1459 4354 1549 4406 per
1569 4355 1699 4407 quas
1732 4338 1915 4392 stellas

326 4406 566 4479 hocrtibi
606 4408 835 4479 evenerit
882 4407 1031 4462 mali.
1068 4406 1337 4479 Responsa
1380 4408 1493 4477 ejus
1524 4406 1692 4479 ierunt
1733 4408 1916 4479 procul

2026 3210 2131 3262 que
2180 3188 2297 3248 loco
2342 3193 2660 3247 Philocaliae
2689 3193 2942 3261 superius
2982 3188 3180 3257 allato;
3211 3194 3261 3245 in
3294 3206 3404 3258 quo
3433 3204 3463 3240 e
3495 3188 3599 3244 Re-

2025 3264 2127 3330 giis
2155 3280 2285 3317 mss.
2328 3264 2537 3318 restitui
2569 3262 3076 3326 ἀποκαταστατικός
3102 3276 3199 3329 pro
3228 3262 3602 3314 ἀποκαταστι-

2024 3332 2118 3402 δός
2144 3334 2381 3402 vulgato.
2413 3333 2516 3387 Sed
2543 3332 2752 3387 Sidonii
2776 3335 2937 3387 verba
2968 3347 3075 3385 non
3105 3332 3275 3402 debeo
3303 3331 3596 3402 praeterire.

2026 3400 2173 3455 Illud
2204 3400 2327 3455 sane
2359 3418 2462 3455 non
2490 3402 2659 3455 solum
2687 3402 2949 3472 culpabile
2979 3403 3037 3454 in
3077 3402 3188 3455 viro
3221 3401 3345 3467 fuit,
3368 3400 3455 3472 sed
3483 3417 3602 3468 per-

2020 3474 2373 3541 emptorium;
2426 3472 2564 3541 quod
2614 3472 3014 3525 mathematicos
3062 3473 3328 3541 quondam
3376 3471 3438 3523 de
3482 3472 3601 3523 vita:

2016 3558 2127 3615 sua:
2160 3544 2265 3610 [ine
2290 3542 2579 3615 consuluit,
2606 3542 2817 3615 urbium
2863 3542 2997 3615 ciues
3036 3542 3448 3615 Africanarum;
3483 3549 3599 3615 qui-

2018 3611 2113 3666 bus
2145 3622 2203 3665 ut
2231 3622 2309 3666 est
2339 3612 2502 3682 regio,
2535 3612 2611 3665 sic
2635 3611 2842 3665 animus
2870 3612 3141 3664 ardentior
3171 3628 3189 3665 :
3217 3614 3306 3681 qui
3327 3611 3602 3670 constella-

2020 3684 2156 3736 tione
2175 3682 2563 3751 percunctantis
2591 3683 2844 3749 inspecta,
2866 3683 3067 3751 pariter
3090 3699 3285 3751 armum
3306 3723 3319 3745 ,
3346 3701 3595 3746 niensem.

2017 3752 2256 3828 diemque
2300 3752 2572 3828 dixerunt,
2601 3767 2733 3828 quas
2783 3750 2881 3821 (ut
2927 3752 3077 3805 verba
3108 3750 3413 3828 Matheseos
3436 3765 3550 3809 utar
3581 3764 3597 3828 )

2019 3825 2398 3877 climactericos
2428 3832 2564 3876 esset
2591 3822 2866 3876 habiturus
2897 3838 2915 3874 :
2945 3834 3121 3890 utpote
3154 3823 3341 3893 quibus
3374 3822 3601 3884 themate

2019 3894 2388 3963 oblato,quasi
2414 3893 2775 3962 sanguinaria:
2802 3894 3056 3965 genitura:
3086 3895 3296 3948 schema
3320 3899 3595 3965 patuisset,

2017 3966 2143 4035 quia
2174 3965 2406 4037 videlicet
2432 3964 2592 4037 amici
2624 3964 2886 4037 nascentis
2915 3982 3074 4037 anno,
3103 3982 3455 4037 quemcunque
3497 3964 3601 4023 cle-

2019 4034 2243 4104 ruentem
2281 4035 2663 4104 planeticorum
2702 4034 2935 4088 siderant
2964 4035 3174 4104 globum
3208 4037 3260 4088 in
3286 4034 3601 4092 diastemata

2019 4103 2253 4159 Zodiaco
2275 4121 2492 4173 prosper
2514 4114 2659 4158 ortus
2684 4114 2944 4168 erexerat,
2967 4103 3103 4158 hunc
3129 4107 3181 4157 in
3213 4122 3400 4160 occasu
3425 4125 3601 4162 cruen-

2019 4177 2086 4228 tis
2117 4175 2323 4245 ignibus
2351 4175 2757 4236 inrubescentes,
2796 4192 2885 4228 seu
2922 4191 3078 4244 super
3103 4176 3363 4245 diametro
3389 4176 3601 4233 Mercu-

2020 4244 2149 4317 rius:
2175 4245 2479 4317 asyndetus,
2515 4262 2605 4299 seu
2647 4255 3103 4317 supertelragono
3134 4244 3398 4300 Saturnus
3432 4260 3600 4304 retro-

2018 4314 2361 4386 gradus,'seu
2386 4333 2543 4384 super
2567 4328 2743 4369 centro
2775 4314 2924 4369 Mars
2968 4314 3359 4384 apocatasticus
3386 4334 3601 4373 exacer-

2021 4388 2252 4441 bassent.
2287 4386 2362 4441 De
2397 4386 2857 4449 ἀποκαταστάσει,
2890 4386 2993 4440 hoc
3033 4397 3117 4439 est
3165 4388 3341 4441 reditu
3370 4390 3601 4457 planetae

326 4457 1333 4547 aliotalia;'ijaoa"‘a‘apii'iiia
1359 4457 1689 4531 uastata};
1733 4457 1916 4533 itii-ii
1950 4491 1992 4544 ι,
2020 4457 3117 4547 ξξᾳῄξάξξημξῖξξιιιξιξκεφιξξιομίξξιιξιιρ]
3129 4457 3343 4547 951m»?
3389 4460 3441 4547 in
3468 4476 3534 4547 ,,c-
3565 4464 3601 4547 εξ

326 4557 626 4616 susceptum
675 4558 775 4611 est,
828 4558 919 4602 aut
972 4548 1238 4603 Saturnus
1288 4550 1736 4615 apocatastaticus
1780 4550 1905 4618 fuit,

327 4629 422 4673 aut
452 4636 621 4673 annus
652 4629 772 4671 tuus
802 4634 867 4673 ea:
896 4619 1156 4673 diametro
1185 4630 1455 4688 susceptus
1478 4629 1577 4683 est,
1606 4630 1695 4673 aut
1721 4622 1909 4673 clima-

327 4692 520 4743 cterica
539 4688 632 4742 tibi
663 4690 716 4742 in
746 4700 921 4742 centro
946 4700 1067 4744 sunt
1097 4701 1245 4753 nata,
1270 4702 1362 4743 aut
1390 4690 1637 4758 syndetus
1669 4690 1770 4759 fuit
1790 4707 1909 4743 cum

328 4760 490 4823 malo,
525 4769 616 4812 aut
658 4759 957 4820 inrisibilis,
988 4772 1079 4813 aut
1110 4762 1163 4813 in
1196 4761 1473 4822 schemate,
1508 4770 1598 4813 aut
1626 4761 1910 4814 immobilis

327 4832 470 4884 circa
502 4840 549 4884 te
583 4831 789 4883 exstitit
817 4847 1001 4883 cursus
1033 4833 1087 4884 in
1117 4832 1305 4885 stellis.
1342 4830 1472 4885 Ha’c
1515 4842 1565 4885 et
1605 4831 1685 4884 his
1712 4832 1912 4885 similia

326 4918 447 4955 cum
475 4902 694 4962 dixerit,
726 4902 950 4955 rationis
978 4902 1071 4954 tibi
1100 4902 1381 4955 verisimile
1410 4903 1685 4972 assignare
1715 4903 1910 4955 nititur

320 4973 529 5042 aliquid
558 4981 606 5024 et
631 4971 872 5039 probare.
916 4975 1025 5041 Age
1054 4987 1209 5034 nunc,
1243 4973 1508 5041 interroga
1528 4971 1764 5026 alterum
1797 4990 1912 5025 ma-

329 5044 696 5105 thematicum;
729 5059 811 5094 cut
840 5044 983 5111 ipsas
1011 5044 1189 5097 horas.
1214 5044 1485 5110 ipsumque
1516 5052 1714 5111 tempus
1745 5045 1797 5096 in
1831 5042 1913 5095 bo-

327 5115 408 5166 nis
443 5113 536 5167 tibi
565 5112 880 5167 exuberasse
914 5113 1121 5166 casibus
1165 5112 1313 5167 dicas
1348 5130 1365 5166 :
1397 5114 1539 5166 illico
1569 5114 1766 5168 videbis
1793 5131 1911 5167 eum

327 5184 421 5235 tibi
453 5182 799 5255 rationabilia
827 5184 1095 5255 schemata
1124 5184 1336 5255 inﬁnita
1363 5185 1573 5251 a/ferre,
1606 5184 1793 5255 quibus
1819 5201 1912 5252 ap-

324 5254 526 5320 probet.
557 5255 681 5321 quia
711 5254 763 5306 in
794 5255 920 5320 ipsis
944 5254 1041 5306 tibi
1066 5254 1381 5321 temporibus
1411 5257 1612 5309 evenire
1639 5255 1911 5308 debuerint

326 5333 483 5380 bona.
506 5325 779 5380 Circulum
808 5326 995 5377 etenim
1029 5334 1163 5378 tenet
1185 5340 1249 5377 ea:
1269 5326 1410 5378 omni
1429 5337 1581 5392 parte
1610 5325 1907 5389 collectum,

325 5396 381 5447 in
423 5413 523 5465 quo
572 5394 808 5447 diversas
858 5405 907 5450 et
945 5399 1118 5448 varias
1151 5412 1341 5449 causas
1395 5397 1605 5464 accipit,
1636 5412 1701 5448 ea:
1724 5396 1911 5463 quibus

326 5469 653 5520 occasionem
686 5466 863 5535 capiat
885 5465 1093 5519 dicendi
1122 5467 1259 5535 quod
1284 5468 1526 5523 voluerit.
1559 5466 1701 5520 Nam
1727 5469 1919 5534 futura.

326 5482 653 5520 occasionem
686 5482 863 5587 crypta;
885 5482 1092 5519 arcenai
1122 5482 1258 5535 quoa
1284 5482 1526 5523 valuerit.
1559 5482 1603 5518 tv
1616 5485 1701 5520 am
1727 5482 1902 5534 latura

321 5538 531 5604 penitus
564 5537 723 5604 ρι’ωυί
763 5553 847 5589 ere
883 5554 985 5591 non
1018 5546 1254 5605 possunt,
1295 5537 1675 5592 climactericas
1706 5537 1902 5601 dicunt,

325 5608 379 5659 id
411 5618 488 5662 est
514 5618 721 5660 natura:
759 5608 836 5660 rei
864 5610 1063 5661 incerta
1093 5608 1360 5677 profugia.
1389 5608 1532 5679 Lege
1561 5611 1607 5664 si
1640 5609 1788 5663 lubet
1808 5625 1909 5663 no-

327 5688 414 5733 tas
442 5686 759 5748 sequentes.

398 5768 659 5840 (IﬂliAut
704 5768 896 5840 aliquis
945 5785 1126 5823 eorum
1154 5772 1603 5840 apocatastaticus
1638 5768 1760 5837 fuit.
1791 5767 1910 5823 Non

328 5839 641 5895 mirandum
675 5840 720 5895 si
748 5839 991 5910 ignotam
1038 5839 1227 5895 vocem
1275 5841 1329 5895 in
1372 5842 1695 5910 apostaticus
1733 5852 1895 5893 muta.

332 5912 443 5967 rint
471 5910 702 5975 librarii,
737 5909 849 5968 tum
881 5910 990 5978 hic,
1020 5918 1136 5966 tum
1186 5912 1240 5966 in
1288 5909 1457 5967 Gestis
1491 5912 1548 5967 S.
1585 5909 1905 5976 Sebastiani,

2018 4528 2145 4650 lilbri
2164 4528 2239 4582 Dc
2268 4526 2457 4582 divinis
2479 4526 2800 4590 nominibus,
2820 4525 3121 4583 Columella
3152 4528 3247 4584 lib.
3266 4544 3351 4595 Ill,
3384 4544 3436 4585 c.
3465 4531 3519 4595 6,
3546 4540 3599 4587 et

2018 4614 2044 4650 a
2074 4615 2131 4650 ιι.

2016 4614 2131 4652 (IIII.

2090 4690 2202 4762 (15)
2223 4690 2481 4762 Aspexit.
2509 4690 2696 4744 Graece
2723 4689 3118 4761 ὲπεΟεώρησεν.
3165 4690 3333 4759 Igitur
3366 4692 3419 4745 in
3448 4694 3599 4747 Actis

2020 4759 2351 4826 Sebastiani,
2382 4772 2653 4830 susceptus
2683 4759 3002 4830 corruptum
3026 4770 3110 4815 est
3136 4777 3203 4815 ex
3234 4772 3525 4831 suspectus.

2090 4854 2202 4923 (14)
2247 4852 2309 4908 In
2341 4854 2423 4907 his
2447 4853 2687 4907 omnibus
2716 4853 2909 4923 aliquis
2942 4861 3032 4905 aut
3056 4852 3340 4923 asyndetus
3360 4855 3462 4923 fuit
3482 4873 3600 4908 cum

2017 4925 2181 4977 malo.
2221 4923 2475 4995 Legebat,
2506 4924 2812 4995 ἀσύνδετος,
2847 4924 2993 4993 quod
3038 4939 3203 4995 sensu
3237 4925 3379 4995 idem
3413 4936 3498 4980 est
3537 4943 3599 4980 ac

2016 4992 2327 5058 ἀσύνθετοςῖ
2360 4996 2463 5062 Qui
2514 5003 2695 5048 autem
2748 4994 2837 5048 hic
2866 4992 2933 5049 iet
2977 4995 3032 5048 in
3078 4992 3256 5049 Gcstis
3290 4993 3598 5051 Sebastiani

2017 5065 2270 5135 syndetus
2323 5068 2690 5135 scripserunt,
2719 5065 2848 5135 dum
2896 5064 3175 5133 corrigere
3204 5075 3495 5128 conantur,
3534 5068 3604 5121 ob

2018 5134 2351 5206 imperitiam
2404 5134 2539 5206 lapsi
2591 5143 2739 5190 sunt.
2771 5134 2958 5206 Neque
2988 5150 3118 5189 vero
3146 5136 3324 5189 omitti
3351 5137 3537 5191 debuit
3575 5156 3601 5189 u

2014 5205 2214 5261 Ruﬁno
2240 5223 2341 5261 vox
2366 5206 2709 5272 ἀγαθοποιός.

2088 5299 2196 5367 (15)
2238 5299 2342 5352 Aut
2371 5299 2638 5365 deﬁciens.
2672 5300 2742 5353 Ἢ
2769 5300 2827 5353 ἐν
2857 5298 3114 5368 ἐκλείψει.
3149 5300 3400 5355 Manilius
3427 5299 3522 5354 lib.
3550 5313 3601 5350 ιν

2018 5371 2427 5428 Astronomicbn
2456 5391 2473 5428 :

2128 5464 2339 5530 Peroipe
2358 5479 2495 5516 nunc
2515 5465 2701 5529 etiam,
2721 5479 2840 5533 qua:
2864 5464 2971 5516 sint
2997 5461 3257 5531 Ecliptica
3277 5461 3441 5516 Graio

2128 5534 2377 5596 Nomine,
2402 5550 2518 5603 qua:
2542 5544 2710 5588 certos
2733 5534 2885 5603 quasi
2911 5534 3182 5587 delassata
3202 5550 3294 5603 per
3313 5550 3478 5588 annos

2124 5604 2518 5674 Nonnunquam
2538 5614 2743 5659 cessant
2766 5605 2939 5657 sterili
2962 5606 3221 5673 torpentia
3244 5615 3409 5657 motu.

2014 5698 2190 5767 Atque
2220 5698 2349 5751 hinc
2371 5705 2517 5766 patet
2547 5713 2645 5752 cur
2675 5697 2730 5751 in
2764 5699 2906 5751 Actis
2932 5694 3233 5750 Sebastiani
3273 5696 3539 5751 habeatur
3574 5716 3589 5750 ς

2015 5769 2121 5822 Aut
2150 5767 2436 5823 immobilis
2464 5771 2606 5822 circa
2638 5776 2683 5822 te
2714 5769 2918 5823 exstitit
2949 5782 3134 5821 cursus
3166 5768 3219 5819 in
3244 5767 3434 5821 stellis.

2088 5840 2197 5921 (ιεξ)
2240 5838 2307 5893 1η
2328 5842 2469 5893 omni
2489 5856 2643 5910 quam
2665 5838 2847 5893 dicunt
2863 5841 3070 5908 regions
3087 5838 3383 5893 stellarum.
3400 5836 3590 5907 Χὼςιᾳ,

2013 5927 2119 5965 non
2148 5927 2283 5980 (ειρᾳ.
