3888 6192
441 317 577 372 1427

510 434 623 489 Xll.
660 436 813 490 Sicut
843 436 987 491 enim
1020 435 1135 492 fieri
1165 436 1304 492 solet
1327 435 1419 490 ubi
1444 435 1657 489 somnia
1688 434 1911 505 obliqua
1948 435 2020 487 vi-

437 528 618 583 derint
643 527 914 589 homines,
936 537 989 583 et
1007 527 1297 597 nihil_'certi
1320 527 1651 597 intelligunt,
1675 541 1800 581 cum
1818 526 2017 595 aliquis

436 621 741 674 occurrerit
762 622 941 675 exitus
966 636 1169 685 rerum,
1202 627 1333 674 tunc
1364 618 1431 673 ad
1461 634 1524 674 ea
1554 635 1676 689 qua;
1715 619 2017 673 acciderint

438 720 627 782 aptant
666 714 828 767 etiam
875 713 1075 768 somnii
1126 712 1329 776 visum,
1365 712 1439 765 ita
1479 719 1563 766 est
1604 719 1659 766 et
1708 711 2013 776 mathesis;

434 815 728 875 antequam
779 806 985 877 aliquid
1038 805 1156 868 fiat,
1215 804 1348 859 certi
1406 804 1544 859 nihil
1603 806 2011 874 pronuntiatur,

435 906 625 966 postea
673 914 802 952 vero
838 915 1001 969 quam
1034 900 1239 969 aliquid
1282 899 1565 959 acciderit.
1594 898 1673 952 rei
1701 898 1813 967 jam
1849 903 2016 966 gesta:

431 990 701 1059 colligunt
736 1006 953 1047 causas.
990 990 1234 1061 Denique
1278 989 1593 1061 frequenter
1628 1006 1753 1043 cum
1790 1004 2014 1043 errave-

434 1082 545 1137 rint
566 1090 619 1137 et
657 1082 814 1138 aliter
847 1100 935 1139 res
954 1083 1238 1149 acciderit,
1271 1084 1595 1153 semetipsos
1620 1082 1906 1151 increpant
1937 1081 2017 1135 di-

434 1183 622 1230 centes
651 1176 778 1244 quia
822 1176 912 1229 illa
942 1175 1042 1231 fuit
1074 1176 1227 1231 stella
1267 1191 1388 1246 qua:
1427 1175 1729 1247 impedivit,
1772 1190 1893 1245 quae
1921 1190 2015 1227 oc-

434 1268 633 1331 currit,
658 1275 843 1322 etnon
874 1268 1462 1339 vidimus,ignorantes
1478 1268 1607 1339 quia
1638 1283 1796 1322 error
1823 1282 2013 1323 eorum

434 1375 543 1414 non
579 1375 646 1415 ex
686 1361 821 1416 artis
854 1360 1243 1431 imprudentia,
1276 1360 1370 1417 sed
1401 1378 1465 1417 ex
1511 1362 1683 1417 totius
1713 1376 1898 1416 causa:
1928 1360 2015 1414 in-

434 1451 812 1507 convenientia
856 1452 1181 1510 descendit:
1223 1454 1473 1523 ignorant
1518 1454 1663 1508 enim
1710 1470 1832 1525 qua:
1880 1454 2013 1521 sint,

432 1560 553 1615 quae
575 1543 754 1601 facere
782 1546 1000 1616 quidem
1037 1548 1518 1618 concupiscamus,
1549 1564 1659 1603 non
1700 1555 1881 1603 tamen
1930 1550 2014 1603 in-

432 1638 756 1709 dulgeamus
782 1640 1269 1710 concupiscentiis.
1298 1638 1410 1695 Nos
1436 1648 1617 1696 autem
1650 1641 1741 1711 qui
1767 1642 2013 1712 mysterii

433 1728 599 1798 hujus
634 1727 927 1785 didicimus
956 1729 1245 1793 rationem,
1280 1731 1485 1786 scimus
1523 1738 1577 1785 et
1609 1745 1855 1794 causam,
1883 1729 2012 1801 quia

433 1821 741 1876 libertatem
769 1820 1033 1877 habentes
1056 1822 1271 1877 arbitrii
1304 1823 1580 1877 interdum
1611 1824 2009 1893 concupiscen-

432 1910 526 1966 tiis
568 1911 915 1977 obsistimus,
950 1912 1219 1967 interdum
1249 1913 1530 1969 cedimus:
1569 1921 1623 1969 ct
1654 1914 1777 1969 ideo
1818 1914 2012 1968 huma-

434 2016 629 2055 norum
661 2011 937 2071 gestorum
976 2002 1085 2073 (l7)
1128 2004 1373 2058 incertus
1410 2011 1495 2058 est
1544 2003 1747 2071 exitus,
1778 2004 1907 2074 quia
1956 2004 2011 2057 in

434 2094 683 2151 libertate
714 2095 908 2165 pendet
936 2096 1168 2151 arbitrii.
1198 2094 1333 2149 Nam
1361 2097 1860 2166 concupiscentiam
1890 2097 2011 2166 quis

433 2187 578 2250 dem,
602 2202 763 2257 quam
792 2195 1049 2257 operatur
1077 2189 1313 2259 maligna
1342 2190 1535 2256 virtus,
1568 2198 1745 2259 potest
1770 2190 2013 2246 indicare

434 2279 883 2346 mathematicus;
926 2281 1019 2335 sed
1050 2280 1098 2335 si
1135 2281 1595 2351 concupiscentia:
1639 2282 1805 2350 hujus
1856 2290 2011 2337 actus

431 2370 517 2425 vel
547 2372 725 2427 exitus
759 2371 971 2441 impleri
1016 2373 1190 2442 possit
1219 2389 1411 2438 necne,
1454 2375 1583 2444 quia
1614 2374 1667 2429 in
1708 2374 1917 2428 arbitrii
1949 2375 2013 2427 Ii-

434 2463 644 2519 bertate
669 2470 776 2525 est,
801 2463 930 2518 sciri
964 2472 1088 2519 ante
1116 2464 1369 2519 clIectum
1404 2465 1480 2520 rei
1506 2483 1534 2518 ιι
1559 2466 1710 2520 nullo
1732 2464 2012 2535 potest._Et

431 2554 537 2609 hoc
560 2562 645 2611 est
673 2555 816 2625 quod
838 2556 1153 2625 ignorantes
1184 2558 1443 2628 astrologi
1475 2557 1800 2611 invenerunt
1823 2557 1926 2611 sibi
1954 2564 2015 2610 ut

430 2648 774 2702 climacteras
790 2647 1058 2709 dicerent,
1075 2648 1152 2701 rei
1167 2649 1605 2702 scilicetincertre
1618 2646 1862 2717 perfugia
1877 2647 2009 2717 (l8),

431 2741 574 2797 sicut
606 2738 861 2794 hesterno
898 2740 1212 2809 plenissime
1233 2741 1594 2797 ostendimus.

501 2830 639 2887 XIII.
665 2831 743 2886 Ad
767 2833 881 2886 haec
901 2833 945 2887 si
976 2834 1105 2902 quid
1129 2832 1224 2886 tibi
1248 2832 1536 2887 dicendum
1554 2833 1788 2896 videtur,
1821 2832 2009 2887 dicito.

432 2922 497 2977 Et
526 2932 717 2993 pater:
752 2923 897 2978 Nihil
933 2926 1137 2987 verius,
1186 2924 1382 2993 inquit,
1426 2924 1520 2989 fili,
1554 2924 1641 2979 his
1670 2940 1795 2995 qua:
1824 2939 2015 2993 prose-

431 3024 591 3073 cutus
640 3032 699 3073 es
731 3017 862 3087 (19).
904 3015 1151 3088 Cumque
1182 3016 1296 3071 haec
1333 3017 1679 3087 loqueremur
1723 3018 1865 3073 inter
1888 3034 2010 3083 nos,

430 3110 704 3166 nuntiavit
734 3110 955 3179 quidam
986 3108 1279 3179 plurimum
1300 3118 1446 3164 stare
1472 3112 1733 3181 populum
1758 3110 1892 3166 foris
1918 3112 2012 3182 qui

1269 319 1325 373 S.
1368 315 1770 375 CLEMENTIS
1804 317 1825 372 l
1862 316 2029 375 ROM.

2065 318 2269 375 PONT.
2307 318 2532 375 OPERA
2568 318 2769 377 DUBIA
3530 321 3646 377 μοι

2050 440 2097 497 Α
2124 433 2252 491 fecit
2275 436 2481 490 omnia.
2510 434 2567 490 Si
2583 436 2730 491 enim
2760 434 3018 507 Magister
3036 442 3222 491 noster
3244 433 3381 490 diem
3396 444 3445 491 et
3466 434 3644 504 horam,

2130 542 2161 582 c
2172 528 2300 597 ujus
2331 529 2495 584 etiam
2510 529 2666 599 signa
2685 528 2958 601 praedixit,
2981 527 3201 584 nescire
3216 543 3276 583 se
3291 528 3546 599 professus
3557 538 3645 595 est,

2120 627 2181 672 ut
2216 627 2390 673 totum
2428 630 2709 675 revocaret
2737 620 2802 675 ad
2826 619 3063 685 Patrem,
3096 620 3368 691 quomodo
3403 636 3495 677 nos
3514 631 3648 691 turpe

2119 710 2407 776 ducemus,
2432 713 2479 767 si
2503 713 2683 783 aliqua
2714 728 2813 767 nos
2840 712 3089 783 ignorare
3118 711 3401 776 fateamur,
3428 729 3540 768 cum
3559 713 3651 766 Ma-

2119 806 2275 877 gistri
2300 806 2354 859 in
2370 806 2473 860 hoc
2497 806 2794 861 habeamus
2820 806 3163 876 exemplum?
3184 805 3297 861 Hoc
3313 817 3479 861 tamen
3507 823 3650 863 unum

2082 926 2085 931 -
2120 900 2439 969 profitemur
2470 914 2534 952 ea
2558 914 2660 953 nos
2683 899 2846 961 scire,
2879 915 2999 969 qua:
3029 914 3061 952 a
3098 915 3229 955 vero
3251 900 3495 970 propheta
3533 900 3652 955 didi-

2118 993 2330 1058 cimus;
2364 1006 2428 1047 ea
2449 1002 2628 1047 autem
2650 1007 2680 1045 a
2700 1008 2830 1048 vero
2851 994 3112 1064 propheta
3140 994 3301 1050 nobis
3322 1010 3438 1049 esse
3460 994 3650 1060 tradita,

2118 1100 2237 1155 qum
2262 1084 2517 1140 sufﬁcere
2545 1085 2796 1140 humana:
2824 1087 3067 1140 scientia:
3088 1086 3368 1156 judicavit.

2191 1177 2307 1232 XV.
2345 1178 2482 1233 Tum
2530 1195 2632 1250 ego
2671 1180 2922 1235 Clemens
2965 1180 3147 1236 dicere
3188 1181 3262 1234 ita
3306 1182 3439 1251 (ηαξρὶ
3477 1181 3650 1252 :Apud

2119 1269 2385 1340 Tripolim
2434 1286 2560 1325 cum
2602 1278 2797 1325 contra
2848 1271 3079 1342 gentiles
3108 1270 3432 1341 disputares,
3460 1271 3653 1328 domine

2118 1363 2194 1417 mi
2224 1361 2406 1427 Petre,
2438 1362 2594 1418 valde
2616 1363 2849 1418 miratus
2870 1379 2992 1418 sum
3027 1371 3101 1428 te,
3128 1364 3222 1434 qui
3252 1380 3281 1417 a
3309 1364 3538 1436 patribus
3562 1363 3652 1418 He-

2116 1456 2263 1511 braeo
2310 1456 2419 1509 ritu
2462 1464 2515 1509 et
2559 1456 2926 1512 observantiis
2956 1457 3189 1527 propria:
3234 1458 3363 1527 legis
3411 1457 3650 1521 imbutus,

2115 1546 2321 1602 Graecae
2352 1548 2682 1603 eruditionis
2722 1548 2918 1603 studiis
2958 1549 3015 1602 in
3055 1549 3207 1604 nullo
3245 1549 3545 1618 inquinatus
3568 1564 3650 1612 es,

2116 1639 2393 1711 quomodo
2435 1648 2547 1693 tam
2597 1639 2883 1711 magniﬁce
2926 1648 2982 1695 et
3032 1648 3142 1693 tam
3193 1641 3655 1710 incomparabiliter

2118 1740 2441 1804 prosecutus
2486 1734 2585 1797 sis,
2635 1734 2711 1787 ita
2752 1741 2812 1786 ut
2855 1733 3020 1789 etiam
3053 1732 3299 1804 quaedam
3331 1732 3397 1788 de
3443 1731 3655 1787 historiis

2042 1843 2084 1897 Β
2114 1827 2343 1882 deorum
2375 1842 2498 1896 quae
2528 1826 2583 1880 in
2610 1826 2840 1881 theatris
2874 1824 3154 1881 decantari
3177 1828 3373 1891 solent,
3407 1826 3656 1893 continge-

2115 1934 2223 1973 res.
2252 1916 2452 1973 Verum
2476 1919 2736 1992 quoniam
2767 1920 2915 1974 sensi
2939 1920 3037 1975 tibi
3057 1920 3204 1991 ipsas
3230 1920 3437 1974 fabulas
3463 1928 3513 1974 et
3532 1917 3657 1971 blas-

2112 2013 2362 2084 phemias
2392 2029 2582 2069 eorum
2613 2014 2794 2069 minus
2820 2030 2943 2070 esse
2972 2022 3150 2082 notas,
3173 2014 3240 2068 de
3266 2015 3372 2079 his,
3402 2014 3446 2069 si
3484 2012 3657 2083 placet,

2112 2109 2292 2178 aliqua
2318 2109 2371 2162 in
2396 2109 2585 2163 auditu
2615 2116 2711 2163 tuo
2742 2117 2995 2180 repetens
3024 2109 3090 2164 ab
3127 2110 3243 2180 ipsa
3272 2108 3473 2177 origine
3502 2106 3655 2160 disse-

2115 2212 2251 2250 ram.
2285 2195 2349 2249 Et
2374 2196 2569 2253 Petrus
2605 2214 2617 2248 :
2648 2197 2765 2263 Dic,
2787 2197 2985 2268 inquit,
3009 2198 3145 2252 bene
3178 2196 3315 2251 facis
3339 2199 3523 2265 juvare
3543 2204 3661 2263 pne-

2113 2287 2441 2343 dicationem
2482 2298 2751 2347 nostram.
2785 2291 2923 2345 Tum
2947 2306 3049 2361 ego
3092 2308 3104 2342 :
3154 2289 3342 2344 Dicam
3374 2287 3530 2357 igitur
3554 2283 3661 2352 quia

2108 2379 2302 2448 jubes,
2355 2397 2465 2435 non
2514 2389 2573 2436 ut
2618 2381 2843 2448 docens,
2896 2382 2991 2438 sed
3026 2396 3188 2453 quam
3238 2381 3430 2437 stultas
3468 2377 3530 2432 de
3561 2372 3653 2427 diis

2115 2471 2233 2526 suis
2272 2473 2561 2542 opiniones
2588 2474 2827 2530 habeant
2878 2476 3128 2547 gentiles,
3162 2475 3217 2528 in
3248 2472 3479 2528 medium
3508 2465 3663 2537 profe-

2116 2578 2263 2618 rens.

2188 2655 2325 2713 XVI.
2364 2658 2611 2731 Cumque
2635 2662 2823 2717 vellem
2855 2662 3056 2725 dicere,
3087 2660 3277 2715 Niceta
3308 2656 3514 2713 labrum
3544 2669 3664 2710 mor-

2115 2748 2274 2805 dicus
2316 2750 2615 2821 stringens,
2660 2752 2924 2807 innuebat
2962 2752 3193 2821 mibi_ut
3221 2758 3486 2813 tacerem;
3521 2758 3662 2817 quem

2115 2857 2241 2897 cum
2275 2842 2499 2898 vidisset
2528 2842 2743 2908 Petrus,
2770 2844 2846 2897 ait
2871 2862 2884 2897 :
2915 2842 3027 2897 Cur
3057 2844 3337 2915 ingenium
3387 2841 3591 2897 liberale
3618 2843 3663 2891 et

2117 2949 2438 3005 generosam
2467 2934 2660 2991 laedere
2686 2938 2768 2991 vis
2798 2944 3071 3000 naturam,
3101 2944 3163 2991 ut
3194 2938 3249 2990 in
3272 2936 3521 2990 honorem
3549 2929 3658 2991 mei,

2117 3027 2212 3095 qui
2249 3026 2436 3081 nullus
2466 3034 2583 3091 est,
2627 3036 2808 3081 tacere
2836 3042 2961 3081 eum
2983 3028 3159 3082 velis?
3196 3028 3305 3081 Aut
3334 3026 3525 3086 nescis,
3553 3020 3661 3090 quia

2118 3117 2166 3173 si
2201 3132 2393 3173 omnes
2422 3126 2635 3188 gentes,
2667 3126 2954 3189 postquam
2990 3119 3269 3173 audierint
3304 3134 3334 3171 a
3387 3131 3468 3171 me
3494 3111 3663 3184 praedio

431 3200 687 3255 audiendi
717 3201 890 3271 gratia
916 3199 1295 3261 convenerint,
1324 3205 1379 3252 et
1408 3196 1786 3267 Petrusjussit
1823 3199 1907 3252 his
1930 3200 2011 3251 in-
2039 3194 2081 3249 C
2116 3206 2387 3260 cationem
2418 3207 2667 3262 veritatis
2712 3216 2767 3263 et
2812 3207 3169 3275 crediderint,
3214 3209 3382 3264 velint
3409 3222 3465 3261 se
3491 3205 3550 3258 ad
3576 3203 3661 3257 do-

430 3295 709 3365 grediendi
740 3296 953 3365 copiam
976 3294 1092 3349 dari
1117 3311 1131 3361 ;
1160 3302 1280 3349 erat
1305 3295 1453 3349 enim
1484 3294 1640 3351 locus
1670 3303 2013 3365 opportunus

431 3396 485 3442 et
507 3388 743 3459 amplus.
775 3386 1021 3459 Cumque
1049 3388 1282 3457 ingressi
1315 3386 1571 3453 fuissent,
1597 3388 1673 3441 ait
1697 3388 1763 3442 ad
1792 3404 1893 3443 nos
1914 3386 2014 3442 Pe-

432 3489 551 3536 trus
580 3496 594 3534 :
624 3479 680 3534 Si
715 3480 839 3550 quis
861 3482 1263 3569 vnltlvestrutn,
1299 3480 1464 3535 faciat
1504 3480 1571 3537 ad
1607 3481 1866 3551 populum
1898 3494 2016 3535 ser-

431 3588 647 3626 monem
680 3580 734 3627 et
770 3573 837 3627 de
870 3573 1181 3627 idololatria
1210 3572 1466 3627 disserat.
1499 3572 1601 3626 Cui
1630 3588 1729 3642 ego
1757 3572 2013 3641 Clemens

433 3665 691 3736 respondi
724 3686 737 3719 :
771 3664 937 3721 Multa
960 3666 1272 3736 benignitas
1298 3672 1391 3718 tua
1422 3672 1476 3719 et
1501 3680 1629 3736 erga
1655 3680 1845 3720 omnes
1875 3665 2014 3719 leni-

432 3765 519 3813 tas
558 3773 623 3813 ac
655 3758 914 3828 patientia
949 3758 1194 3827 indulget
1224 3754 1405 3819 nobis,
1433 3763 1493 3808 ut
1530 3756 1829 3810 audeamus
1862 3755 2012 3825 loqui

431 3863 617 3901 coram
646 3857 699 3903 te
727 3856 780 3903 et
819 3864 1010 3918 rogare
1042 3862 1162 3917 qua:
1191 3848 1481 3911 volumus;
1508 3856 1562 3901 et
1593 3846 1740 3911 ideo,
1784 3854 1844 3901 ut
1876 3847 2011 3910 dixi,

434 3957 649 3996 morum
681 3950 898 3996 tuorum
924 3940 1289 3997 mansuetudo
1309 3940 1505 3993 invitat
1527 3954 1716 3995 omnes
1733 3946 1787 3993 et
1810 3939 2013 3993 adhor-

433 4044 580 4090 tatur
601 4035 857 4091 salutaris
882 4034 1143 4089 doctrina:
1159 4040 1427 4104 praecepta
1456 4031 1755 4100 suscipere.
1776 4030 1891 4086 Hoc
1915 4046 2016 4101 ego

432 4143 606 4199 usque
636 4127 703 4181 ad
723 4143 962 4198 praesens
986 4126 1127 4197 apud
1152 4125 1359 4179 nullum
1389 4124 1556 4177 alium
1583 4123 1712 4187 vidi,
1738 4123 1844 4178 nisi
1870 4124 2014 4194 apud

432 4230 485 4277 te
501 4224 698 4288 solum,
715 4221 858 4294 apud
882 4236 1042 4291 quem
1070 4218 1269 4273 invidia
1294 4217 1442 4271 nulla
1460 4224 1542 4271 est
1564 4231 1739 4286 neque
1761 4215 2011 4287 indigna-

433 4315 537 4377 tio;
571 4324 664 4369 aut
691 4313 823 4384 quid
853 4313 950 4367 tibi
982 4312 1230 4366 videtur"?

503 4406 644 4461 XIV.
680 4408 745 4463 Et
775 4407 972 4462 Petrus
1008 4423 1019 4456 :
1060 4404 1178 4459 Non
1220 4407 1398 4460 solum
1440 4405 1555 4458 haec
1582 4418 1647 4457 ex
1690 4402 1892 4457 invidia
1922 4409 2014 4456 aut

435 4499 813 4569 indignatione
854 4498 1102 4561 veniunt,
1136 4497 1231 4552 sed
1254 4495 1528 4551 interdum
1561 4495 1703 4551 inest
1733 4495 2015 4565 aliquibus

432 4592 785 4655 verecundia,
811 4606 880 4647 ne
907 4591 1045 4645 forte
1074 4589 1141 4645 de
1181 4590 1266 4645 his
1288 4604 1410 4659 qua:
1430 4596 1831 4659 proponuntur,
1858 4590 2016 4660 plene

434 4689 766 4759 respondere
794 4704 903 4744 non
936 4686 1238 4758 possint,et
1255 4684 1469 4755 fugiunt
1493 4683 1779 4754 imperitiae
1804 4692 2013 4741 notam.

437 4778 545 4835 Sed
573 4795 681 4835 non
705 4778 865 4832 debet
887 4792 986 4846 pro
1012 4775 1115 4831 hoc
1145 4775 1269 4845 quis
1305 4773 1691 4828 verecundiam
1723 4774 1853 4842 pati,
1888 4775 2015 4843 quia

435 4886 535 4925 nec
562 4880 647 4925 est
678 4868 879 4938 aliquis
911 4866 1193 4921 hominum
1215 4866 1309 4934 qui
1338 4864 1582 4933 profiteri
1608 4862 1805 4918 debeat
1831 4867 2015 4920 omnia

436 4980 495 5022 se
520 4965 698 5028 scire;
731 4978 874 5017 unus
896 4963 1041 5016 enim
1076 4968 1161 5015 est
1180 4960 1273 5030 qni
1306 4960 1409 5013 scit
1440 4957 1647 5021 omnia,
1676 4957 1925 5027 ipsequi
1958 4967 2013 5013 et

2116 3300 2353 3354 cendum
2395 3301 2670 3369 conferre,
2702 3303 2838 3357 mihi
2880 3304 3147 3374 majorem
3199 3306 3415 3375 pariunt
3438 3301 3656 3374 gloriam,

2116 3389 2388 3460 siquidem
2420 3392 2607 3463 gloria:
2625 3408 2709 3448 me
2732 3394 2987 3465 cupidum
3019 3397 3222 3465 putas?
3249 3395 3386 3460 Quid
3410 3394 3542 3449 enim
3568 3400 3661 3443 tam

2112 3482 2415 3554 gloriosum
2435 3500 2599 3555 quam
2630 3485 2853 3541 Christo
2879 3486 3182 3557 discipulos
3208 3498 3547 3557 praeparasse,
3568 3494 3660 3534 non

2118 3576 2212 3645 qui
2257 3583 2476 3631 taceant
2509 3584 2566 3631 et
2606 3578 2708 3633 soli
2747 3579 2886 3634 salvi
2938 3579 3091 3645 fiant,
3134 3578 3236 3634 sed
3275 3578 3364 3649 qui
3405 3578 3664 3645 loquantur

2115 3682 2238 3737 quae
2275 3668 2606 3735 didicerunt,
2640 3680 2694 3726 et
2721 3671 2909 3727 multis
2951 3672 3204 3742 prosint?
3234 3669 3444 3726 Utinam
3468 3664 3659 3736 quidem

2115 3767 2170 3817 et
2192 3760 2497 3827 tu,Niceta,
2532 3763 2627 3819 sed
2654 3774 2708 3819 et
2735 3772 2817 3829 tu,
2844 3765 3164 3821 dulcissime
3194 3764 3408 3834 Aquila,
3434 3755 3663 3828 juvaretis

2117 3866 2204 3907 me
2234 3854 2301 3907 ad
2338 3854 2743 3923 praedicandum
2780 3855 3003 3910 verbum
3039 3854 3161 3922 Dei,
3201 3869 3267 3910 eo
3304 3852 3468 3921 magis
3490 3861 3585 3917 quo
3608 3856 3661 3897 ea

2119 3944 2173 3999 in
2193 3945 2394 4015 quibus
2410 3954 2600 4001 errant
2629 3946 2880 4017 gentiles,
2912 3947 3049 4003 bene
3070 3948 3233 4003 vobis
3250 3948 3511 4015 comperta
3530 3941 3657 3993 sunt:

2117 4047 2173 4094 et
2215 4054 2325 4093 non
2371 4040 2550 4095 solum
2588 4056 2708 4105 vos,
2743 4039 2837 4096 sed
2870 4047 2925 4095 et
2961 4055 3157 4097 omnes
3195 4041 3289 4110 qui
3317 4036 3529 4092 audiunt
3567 4044 3657 4091 me,

2115 4140 2266 4202 Opto,
2338 4139 2398 4184 ut
2440 4131 2700 4198 dixiqita
2740 4132 2931 4187 audire
2956 4141 3009 4187 et
3046 4122 3286 4196 discere,
3332 4139 3387 4184 ut
3418 4136 3468 4183 et
3494 4125 3662 4180 docere

2116 4225 2361 4295 possint;
2397 4225 2585 4279 multis
2624 4239 2861 4295 namque
2894 4225 3244 4295 adjutoribus
3285 4223 3479 4291 indiget
3517 4229 3656 4269 mun-

2117 4316 2243 4379 dus,
2263 4317 2463 4387 quibns
2479 4316 2731 4371 homines
2755 4316 2822 4370 ab
2853 4331 3041 4371 errore
3067 4321 3409 4370 revocentur.
3448 4311 3658 4374 Cumque

2120 4405 2237 4461 haec
2271 4406 2522 4472 dixisset,
2555 4407 2632 4460 ait
2660 4407 2728 4461 ad
2769 4422 2891 4462 me:
2933 4405 3014 4460 Tu
3046 4422 3203 4478 ergo,
3238 4404 3497 4464 Clemens,
3524 4409 3657 4451 exsc‘

2046 4540 2095 4597 υ
2120 4514 2289 4568 quere
2309 4515 2431 4570 quae
2451 4499 2689 4569 cmpisti.

2192 4592 2358 4649 XVII.
2394 4594 2459 4648 Et
2498 4610 2598 4664 ego
2633 4594 2896 4647 continuo
2934 4592 3196 4663 subjunxi
3241 4608 3253 4641 :
3295 4589 3567 4656 Quoniam,
3608 4584 3657 4629 υι

2120 4687 2255 4752 dixi,
2275 4688 2419 4758 apud
2442 4686 2705 4757 Tripolim
2726 4687 3033 4757 disputans,
3055 4688 3227 4740 multa
3243 4683 3309 4739 de
3329 4680 3429 4736 diis
3448 4673 3654 4748 gentium

2122 4780 2333 4835 utiliter
2367 4791 2415 4836 et
2443 4781 2760 4835 necessario
2788 4778 3125 4843 disseruisti,
3164 4777 3323 4846 cupio
3371 4773 3433 4826 de
3474 4766 3651 4834 origine

2118 4884 2309 4924 eorum
2345 4872 2577 4925 ridicula
2626 4879 2681 4925 te
2732 4885 2918 4924 coram
2955 4882 3253 4939 exponere,
3306 4873 3362 4920 ut
3398 4874 3556 4931 neque
3606 4862 3650 4906 te

2120 4963 2284 5017 lateat
2311 4979 2463 5018 vanae
2484 4964 2647 5033 hujus
2678 4963 3085 5033 superstitionis
3116 4964 3488 5016 commentum,
3507 4959 3551 5004 et
3570 4960 3649 4999 au-

1724 5116 2089 5179 COTELERII
2135 5119 2370 5176 ΝΟΤᾸΞ.

510 5290 620 5360 (l7)
663 5286 730 5360 Et
758 5286 871 5339 ideo
902 5287 1255 5360 humanorum
1276 5295 1562 5360 gestorum,
1594 5294 1702 5360 etc.
1736 5285 1837 5340 llic
1867 5285 2018 5340 Ruﬁ-

435 5356 541 5415 nus
572 5356 827 5413 Rufinum
860 5359 989 5424 agit,
1024 5356 1127 5427 hoc
1154 5366 1256 5415 est,
1305 5357 1483 5409 laxum
1537 5359 1849 5427 malumque
1885 5373 2018 5427 pra:-

436 5431 628 5486 sertim
660 5431 716 5482 in
747 5426 1163 5481 obscurioribus
1194 5427 1567 5495 interpretem.

508 5499 619 5570 (l8)
665 5496 1403 5570 Ut__climactert_zsdicerent,
1440 5498 2017 5570 rei‘scilirgtiincertcer

437 5566 707 5639 eerfugia.
732 5567 874 5622 Hinc
905 5567 1097 5639 scribi
1121 5567 1259 5622 forte
1307 5567 1501 5639 debeat
1530 5568 1585 5622 in
1616 5568 1674 5623 S.
1707 5566 2015 5623 Sebastiani

440 5636 641 5696 Actis:
672 5638 1021 5693 Climacteras
1046 5636 1247 5700 dicunt,
1281 5637 1335 5688 id
1366 5647 1441 5691 est
1475 5650 1667 5692 natura
1699 5639 1773 5692 rei
1804 5640 2015 5692 incerta:

442 5711 694 5780 perfugia.
728 5708 888 5762 Aliud
936 5716 1131 5780 sonant
1172 5707 1410 5780 Graeca;
1459 5710 1596 5771 Τοὺς
1637 5708 2015 5780 κλιμακτῆρας

444 5777 760 5849 ὶπενᾶησαν,
791 5781 869 5842 εἰς
913 5777 1207 5850 ἀδηλότητα
1240 5778 1543 5850 ποιούμενοι
1575 5782 1653 5835 vel
1692 5777 2012 5852 μεταποιού-

2126 5302 2278 5356 μενοι
2303 5286 2403 5356 τὴν
2429 5284 2767 5356 προαίρεσιν.
2789 5281 2992 5356 Nempe
3011 5299 3025 5334 :
3044 5280 3386 5356 “insectere:
3410 5266 3648 5356 Cll’ff’jf’i“

2122 5342 2265 5422 sunt,
2298 5342 2518 5409 (ilict-ant
2547 5342 2774 5409 hominis
2800 5342 3119 5407 voluntatem
3140 5351 3195 5403 in
3214 5350 3396 5402 incerto
3414 5342 3644 5408 ponentes,

2122 5435 2217 5480 aut
2245 5428 2300 5479 in
2328 5442 2439 5480 rem
2467 5426 2725 5479 incertam
2755 5430 3161 5478 commutantes.

2191 5497 2305 5570 (19)
2347 5495 2501 5570 Nihil
2530 5496 2723 5558 verius,
2754 5496 2945 5570 inquit,
2987 5490 3211 5570 ﬁ_lt',nhis
3251 5500 3359 5570 qua:
3379 5482 3645 5570 pro-siculi?

2118 5540 2477 5638 es.‘Xl'icujus
2509 5540 2770 5621 momenti
2792 5540 2883 5638 est
2912 5540 3282 5638 ιέέιὶοῖὶςξιςοὸ
3325 5540 3636 5638 duornilqgg

2679 5635 3028 5705 ἁπεκρίνατο,
3068 5630 3231 5700 μηδὲν
3271 5623 3456 5678 τούτων
3484 5609 3645 5686 tibi“

2127 5726 2314 5780 στερον
2344 5706 2479 5763 εἶναι
2508 5702 2582 5764 ὧν
2615 5705 2783 5760 εἶπεν.
