3888 6192
308 296 332 351 I
344 294 446 352 329

1540 291 2104 349 RECOGNITIONUM
2136 293 2264 350 LIB.
2300 293 2362 352 Χ.

3418 289 3550 345 1130

304 408 511 465 ditores
532 409 627 479 qui
656 407 925 485 assistunt
950 407 1156 464 erroris
1179 406 1265 463 sui
1289 408 1487 478 probra
1518 416 1873 479 cognoscant.
1907 416 1952 472 Α
1987 410 2094 465 tior
2141 410 2259 479 ipso
2310 409 2529 464 futurus
2580 417 2728 464 esset
2764 424 3039 481 regnoque
3066 426 3189 466 eum
3235 406 3551 477 depelleret,

303 499 474 555 Aiunt
514 515 644 571 ergo
662 501 754 571 qui
778 500 1138 571 sapientiores
1166 510 1293 557 sunt
1313 502 1454 559 inter
1496 502 1746 573 gentiles,
1764 504 1878 573 pri-
1977 517 2171 559 omnes
2204 502 2298 573 qui
2328 501 2379 556 ei
2424 510 2785 558 nascerentur
2816 502 2956 559 ﬁlios
2994 503 3269 570 devorare,
3292 497 3548 555 instituit.

300 606 393 647 mo
422 594 666 648 omnium
698 595 867 650 chaos
900 594 1097 652 fuisse:
1131 596 1235 651 hoc
1264 612 1359 667 per
1405 597 1634 651 multum
1660 605 1875 666 tempus

298 686 604 740 exteriores
636 690 719 742 sui
746 688 990 744 solidans
1010 696 1212 758 partes,
1247 689 1388 745 ﬁnes
1431 690 1533 745 sibi
1558 700 1613 744 et
1644 687 1873 743 fundum

296 776 590 845 quemdam
622 777 817 834 fecisse
844 788 1105 851 tanquam
1137 780 1193 833 in
1223 780 1310 835 ovi
1354 781 1610 837 immanis
1652 780 1873 834 modum

297 869 642 941 formamque
670 873 984 936 collectum,
1020 874 1165 927 intra
1200 872 1347 943 quod
1389 874 1561 927 multo
1593 873 1875 928 nihilomi-

295 979 404 1018 nus
427 971 689 1034 tempore,
717 966 875 1035 quasi
896 966 1038 1020 intra
1069 969 1155 1023 ovi
1189 973 1407 1030 testam,
1436 966 1606 1021 fotum
1637 966 1875 1020 viviﬁca-

295 1064 521 1127 tumque
549 1072 670 1111 esse
690 1058 889 1111 animal
911 1058 1183 1129 quoddam
1204 1078 1219 1127 ;
1237 1060 1592 1129 disruptoque
1614 1066 1737 1129 post
1760 1060 1873 1114 haec

294 1147 525 1203 immani
570 1149 664 1203 illo
713 1150 876 1220 globo
904 1152 1248 1220 processisse
1299 1152 1535 1223 speciem
1576 1150 1870 1222 quamdam

292 1241 535 1297 hominis
563 1242 799 1312 duplicis
823 1244 1030 1311 formae,
1051 1261 1212 1314 quam
1230 1246 1309 1299 illi
1335 1245 1871 1301 masculo—feminam

292 1341 522 1401 vocant;
551 1334 696 1390 hunc
725 1338 891 1392 etiam
918 1337 1216 1394 Phanetam
1248 1338 1359 1409 (‘20)
1393 1338 1769 1403 nominarunt,
1803 1340 1872 1394 ab

292 1426 631 1494 apparendo,
660 1444 787 1497 quia
814 1444 940 1483 cum
989 1430 1358 1501 apparuisset,
1414 1432 1688 1501 inquiunt,
1740 1439 1871 1485 tunc

288 1517 457 1572 etiam
514 1518 606 1572 lux
665 1519 890 1575 etfulsit.
933 1520 999 1575 Et
1050 1538 1118 1577 ex
1165 1522 1271 1577 hoc
1301 1522 1492 1577 dicunt
1529 1525 1868 1594 progenitam

290 1624 415 1666 esse
444 1615 834 1681 substantiam,
868 1616 1233 1686 prudentiam,
1266 1625 1497 1681 motum,
1528 1619 1762 1673 coitum:
1803 1632 1869 1671 ex

287 1702 377 1756 bis
406 1702 611 1758 factum
644 1707 844 1760 ccelum
893 1717 945 1763 et
984 1716 1208 1763 terram.
1268 1708 1346 1763 Ex
1391 1709 1530 1763 coelo
1592 1724 1688 1764 sex
1741 1722 1869 1778 pro-

1979 593 2118 648 Huic
2152 609 2285 663 ergo
2318 596 2531 666 primus
2565 595 2813 651 nascitur
2849 593 3012 660 ﬁlius,
3044 610 3205 665 quem
3248 591 3422 646 Aiden
3452 604 3550 659 ap-

1974 686 2266 755 pellarunt,
2301 686 2395 755 qui
2426 686 2567 756 apud
2590 701 2691 741 nos
2713 685 2888 742 Orcus
2911 687 3243 749 nominatur,
3270 698 3430 754 quem
3454 694 3551 751 pro

1974 782 2161 833 causis
2198 777 2401 848 quibus
2437 794 2605 850 supra
2635 778 2898 846 diximus,
2937 784 3281 847 assumptum
3324 774 3550 829 devorat

1975 877 2149 939 pater.
2177 869 2310 925 Post
2335 871 2483 925 hunc
2506 870 2806 927 secundum
2830 870 3039 941 genuit,
3059 884 3221 939 quem
3239 866 3550 936 Neptunum

1972 960 2186 1026 dicunt,
2232 976 2509 1032 quemque
2551 962 2719 1018 simili
2765 963 2926 1016 modo
2958 962 3260 1015 devoravit.
3306 954 3551 1012 Novissi-

1970 1067 2119 1106 nlum
2151 1054 2335 1123 genuit
2354 1069 2499 1118 eum,
2536 1070 2697 1124 quem
2740 1052 2924 1109 Jovem
2956 1053 3249 1124 appellant,
3281 1051 3375 1107 sed
3406 1051 3552 1105 hunc

1971 1152 2144 1197 mater
2176 1144 2450 1199 miserans
2503 1141 2675 1209 Rhea,
2711 1161 2808 1216 per
2838 1154 3009 1200 artem
3045 1146 3377 1201 devoraturo
3426 1143 3553 1197 sub.

1969 1236 2139 1290 trahit
2170 1236 2332 1306 patri,
2365 1244 2421 1291 et
2448 1237 2625 1307 primo
2673 1238 2900 1308 quidem
2942 1253 3009 1293 ne
3035 1239 3252 1308 vagitus
3277 1236 3432 1307 pueri
3468 1236 3551 1289 in-

1970 1335 2303 1395 notesceret,
2336 1327 2682 1399 Corybantas
2727 1328 2996 1399 quosdam
3028 1328 3278 1400 cymbala
3326 1328 3457 1382 fecit
3485 1342 3551 1382 ac

1968 1429 2225 1493 tympana
2255 1431 2560 1492 percutere,
2593 1431 2653 1477 ut
2678 1424 3032 1494 obstrepente
3087 1422 3273 1477 sonitu
3334 1421 3549 1493 vagitus

1969 1528 2078 1567 non
2104 1514 2388 1569 audiretur
2414 1514 2663 1571 infantis.

2038 1605 2174 1660 XIX.
2219 1606 2327 1662 Sed
2361 1624 2484 1664 cum
2508 1624 2576 1663 ex
2600 1608 2743 1664 uteri
2773 1607 3157 1663 imminutione
3191 1606 3550 1662 intellexisset

1968 1709 2122 1768 pater
2161 1701 2371 1757 editum
2408 1709 2647 1772 partum,
2692 1701 2977 1770 expetebat
3018 1700 3086 1754 ad
3128 1697 3545 1761 devorandum;

285 1796 504 1864 genitos
528 1812 729 1863 mares,
772 1814 911 1868 quos
943 1808 996 1855 et
1039 1800 1265 1856 Titanas
1300 1801 1410 1872 (2|)
1443 1770 1758 1872 appellant;
1788 1802 1864 1856 si-
1900 1770 1940 1824 Β
1969 1805 2095 1850 tunc
2122 1794 2268 1850 Rhea
2288 1770 2520 1866 lapidem
2543 1797 2592 1850 ei
2621 1794 2856 1850 oﬂ‘erens
2878 1810 3154 1865 magnum,
3177 1792 3334 1847 Hunc
3359 1794 3545 1864 genui,

284 1886 493 1941 militer
522 1896 575 1943 et
605 1889 672 1944 de
699 1897 847 1945 terra
889 1907 985 1947 sex
1014 1891 1268 1956 teminas,
1293 1907 1431 1961 quas
1455 1891 1737 1948 Titanidas
1762 1909 1861 1947 vo-

284 1975 556 2045 citarunt,
602 1987 657 2035 et
698 1988 829 2035 sunt
870 1982 1096 2035 nomina
1142 1998 1336 2037 eorum
1380 1982 1600 2054 quidem
1650 1984 1744 2054 qui
1795 1999 1861 2039 ex

281 2068 426 2124 coelo
454 2071 558 2124 orti
583 2078 711 2125 sunt
733 2072 886 2129 haec:
918 2071 1188 2141 Oceanus,
1220 2072 1407 2139 Catus,
1450 2076 1632 2141 Crios,
1677 2076 1860 2148 Hype-

279 2162 427 2226 rion,
460 2161 694 2232 lapetos,
720 2163 954 2229 Cronos,
980 2167 1075 2235 qui
1096 2166 1241 2237 apud
1259 2183 1360 2224 nos
1388 2167 1661 2223 Saturnus
1684 2168 1862 2223 nomi-

278 2262 467 2309 natur.
505 2253 771 2310 Similiter
815 2265 870 2311 et
908 2272 1098 2312 earum
1142 2275 1264 2329 qua;
1300 2274 1331 2314 e
1370 2268 1517 2315 terra
1561 2267 1696 2314 ortae
1734 2270 1863 2315 sunt

278 2345 505 2399 nomina
540 2354 669 2400 sunt
698 2346 812 2401 haec
846 2366 861 2400 ε
892 2346 1082 2414 Theia,
1116 2350 1288 2413 Rhea.
1325 2349 1569 2418 Themis,
1618 2350 1861 2407 Mnemo-

277 2453 436 2509 syne,
473 2437 673 2509 Tethys
706 2438 837 2509 (22),
878 2438 1028 2497 Hebe
1060 2440 1193 2513 (25).

353 2527 540 2583 XVIII.
569 2525 648 2583 Ex
672 2530 758 2586 his
784 2532 1041 2587 omnibus
1071 2536 1164 2604 qui
1194 2536 1403 2604 primus
1446 2533 1624 2590 fuerat
1648 2549 1679 2590 e
1719 2533 1860 2589 caelo

276 2628 465 2684 natus,
506 2622 739 2691 primam
762 2628 923 2676 terrae
952 2623 1117 2678 ﬁliam
1148 2626 1356 2695 accepit
1378 2640 1628 2691 uxorem,
1661 2641 1861 2682 secun--

276 2713 384 2768 dus
413 2713 709 2768 secundam
737 2722 792 2770 et
814 2716 997 2771 caeteri
1028 2717 1281 2771 similiter
1307 2733 1404 2788 per
1433 2717 1708 2772 ordinem.
1738 2716 1860 2771 Pri-

276 2819 402 2860 mus
424 2820 554 2877 ergo
571 2808 663 2875 qui
687 2809 918 2877 primam
938 2808 1190 2874 duxerat,
1217 2818 1438 2879 propter
1452 2824 1571 2862 eam
1593 2810 1859 2865 deductus

275 2903 364 2952 est
392 2896 681 2965 deorsum;
716 2899 957 2954 secunda
986 2915 1116 2955 vero
1137 2908 1356 2971 propter
1379 2916 1503 2955 eum
1546 2902 1634 2957 cui
1659 2920 1859 2973 nupse-

276 2996 386 3052 rat,
433 2990 682 3045 ascendit
720 3006 974 3059 sursum;
1022 3000 1078 3047 et
1115 2992 1189 3045 ita
1229 2992 1432 3062 singuli
1479 3008 1575 3061 per
1609 2993 1855 3048 ordinem

278 3079 567 3147 facientes,
615 3090 940 3139 manserunt
992 3084 1046 3137 in
1078 3084 1164 3139 his
1195 3084 1288 3153 qui
1328 3084 1408 3137 eis
1439 3084 1669 3153 nuptiali
1704 3091 1856 3139 sorte
1883 3116 1924 3173 ο

276 3173 617 3229 obvenerant
648 3176 804 3233 locis.
840 3176 916 3230 Ex
946 3176 1176 3232 istorum
1204 3174 1687 3244 coniunctionibus
1718 3177 1855 3231 alios

275 3282 496 3337 quoque
517 3267 837 3322 innumeros
868 3276 1123 3321 asserunt
1144 3266 1482 3335 progenitos.
1514 3263 1620 3320 Sed
1648 3266 1716 3320 de
1745 3267 1852 3321 illis

275 3372 373 3412 sex
402 3359 644 3414 maribus
670 3376 831 3426 unus,
862 3359 957 3428 qui
988 3358 1189 3412 dicitur
1215 3355 1508 3419 Saturnus,
1550 3358 1605 3411 in
1641 3358 1835 3427 conju-

273 3449 424 3518 gium
472 3450 686 3519 accepit
724 3448 953 3511 Rheam,
1005 3454 1060 3503 et
1114 3463 1239 3501 cum
1294 3463 1560 3517 responso
1611 3449 1848 3518 quodam

274 3541 643 3597 commonitus
668 3550 834 3606 esset,
868 3539 1014 3613 quod
1048 3540 1142 3611 qui
1167 3554 1233 3596 ex
1270 3554 1335 3595 ea
1368 3548 1692 3597 nasceretur
1733 3542 1846 3596 for-

1965 1888 2162 1958 inquit.
2195 1889 2264 1942 At
2294 1889 2385 1943 ille
2414 1889 2695 1960 accipiens
2720 1890 3026 1952 absorbuit,
3059 1895 3113 1943 et
3146 1888 3283 1958 lapis
3314 1887 3547 1943 devora-

1964 1989 2053 2038 tus
2082 1996 2177 2037 eos
2198 1996 2335 2051 quos
2360 1982 2537 2051 primo
2566 1980 2922 2035 absorbuerat
2940 1980 3100 2044 ﬁlios,
3122 1979 3352 2033 trusitet
3372 1980 3550 2050 coegit

1962 2075 2132 2151 exire.
2163 2071 2381 2127 Primus
2417 2088 2549 2143 ergo
2591 2072 2896 2142 procedens
2926 2070 3211 2127 descendit
3247 2068 3443 2134 Orcus,
3492 2079 3549 2126 et

1961 2165 2243 2230 inferiora,
2291 2165 2397 2219 hoc
2428 2172 2512 2219 est
2544 2164 2759 2221 inferna
2782 2172 3022 2234 occupat
3075 2164 3216 2218 loca.
3259 2161 3546 2218 Secundus

1962 2267 2151 2329 utpote
2182 2259 2276 2313 illo
2293 2258 2545 2328 superior
2560 2274 2727 2328 super
2750 2272 2921 2327 aquas
2946 2256 3279 2321 detruditur,
3312 2256 3359 2311 is
3381 2271 3545 2324 quem

1960 2350 2270 2422 Neptunum
2295 2358 2511 2406 vocant.
2551 2349 2769 2406 Tertius
2824 2350 2918 2420 qui
2968 2356 3086 2404 arte
3133 2346 3323 2402 matris
3379 2345 3546 2400 Rheae

1961 2443 2254 2514 superfuit,
2307 2443 2376 2498 ab
2424 2442 2544 2512 ipsa
2601 2455 2779 2512 capra:
2830 2438 3212 2511 superpositus
3258 2438 3316 2491 in
3344 2437 3543 2493 C(Blum

1960 2536 2197 2592 emissus
2233 2543 2335 2590 est.

2031 2624 2147 2679 XX.
2181 2625 2456 2683 Hactenus
2479 2626 2639 2681 anilis
2668 2625 2953 2697 gentilium
2983 2623 3168 2679 fabula
3203 2631 3257 2679 et
3288 2623 3543 2695 genealo-

1960 2720 2046 2791 gia
2080 2720 2441 2790 processerit;
2467 2721 2586 2775 sine
2611 2720 2716 2775 ﬁne
2754 2720 2899 2775 enim
2930 2727 3035 2783 est,
3068 2719 3113 2771 si
3137 2717 3301 2771 velim
3342 2731 3534 2772 omnes

1959 2812 2343 2881 generationes
2382 2828 2572 2868 eorum
2604 2827 2743 2881 quos
2784 2812 2915 2865 deos
2950 2810 3255 2881 appellant,
3286 2816 3341 2863 et
3371 2809 3541 2880 impia

1960 2909 2111 2970 gesta
2141 2902 2406 2972 proferre.
2433 2901 2539 2957 Sed
2568 2902 2799 2970 exempli
2830 2902 3025 2971 gratia,
3060 2901 3284 2956 omissis
3305 2901 3540 2968 caneris,

1961 2994 2126 3049 unius
2147 3009 2309 3061 quem
2339 2995 2637 3048 maximum
2656 3003 2709 3049 et
2733 2993 3065 3063 praecipuum
3095 2993 3320 3056 habent,
3348 3009 3542 3062 quem-

1959 3099 2064 3153 que
2097 3081 2285 3139 Jovem
2341 3084 2645 3147 nominant,
2704 3083 2971 3153 ﬂagitiosa
3026 3089 3176 3152 gesta
3236 3083 3533 3152 replicabo.

1959 3176 2117 3232 Hunc
2155 3178 2299 3232 enim
2345 3177 2543 3231 cmlum
2596 3176 2785 3230 dicunt
2812 3184 2999 3230 tenere
3031 3183 3290 3244 tanquam
3320 3175 3536 3230 caeteris

1953 3270 2256 3335 meliorem,
2307 3268 2402 3338 qui
2446 3269 2627 3323 statim
2677 3274 2737 3322 ut
2790 3267 3044 3331 adolevit,
3102 3282 3347 3321 sororem
3406 3283 3535 3337 pro-

1948 3360 2157 3430 priam,
2215 3375 2379 3431 quam
2435 3360 2704 3416 Junonem
2764 3358 2987 3426 dicunt,
3051 3359 3207 3414 duxit
3260 3374 3523 3426 uxorem,

1944 3450 2002 3506 in
2064 3468 2172 3523 quo
2230 3453 2420 3523 utique
2482 3453 2668 3508 statim
2722 3451 2781 3507 ﬁt
2845 3454 3037 3509 similis
3108 3453 3324 3523 pecudi.
3388 3453 3533 3509 Juno

1944 3544 2251 3603 Vulcanum
2304 3545 2471 3619 parit.
2539 3546 2676 3602 sed.
2708 3553 2769 3600 ut
2822 3545 3076 3614 tradunt,
3131 3562 3242 3601 non
3275 3562 3341 3602 ex
3398 3544 3533 3604 Jove

1571 3677 1939 3737 COTELERII
1972 3683 2201 3740 NOTAE.

348 3823 460 3891 (20)
491 3824 803 3906 Phanetam.
826 3825 1041 3881 Phanes
1067 3826 1307 3950 ὠογενἾς
1343 3825 1559 3895 Orpheo
1589 3825 1641 3878 in
1679 3825 1847 3893 Hym-

348 3910 384 3950 ς.
420 3896 484 3947 ὲκ
515 3913 608 3948 του
638 3896 744 3948 ὠου
790 3895 1080 3950 ποογυθείς
1120 3898 1255 3950 Anni
1308 3896 1706 3950 Athenagoram
1740 3893 1841 3947 Le-

276 3894 384 3956 nis,
420 3896 484 3947 ὲκ
515 3897 608 3948 τοῦ
638 3896 744 3966 ᾠοῦ
790 3895 1080 3966 προχυθείς
1120 3893 1275 3966 Apud
1308 3893 1706 3966 Athenagoram
1732 3893 1841 3966 »ιε-

274 3966 483 4041 gatione
513 3982 606 4041 pro
636 3964 1009 4041 ‘Cltristiaiiis;
1043 3964 1183 4041 quia
1217 3964 1683 4041 m_as_culo_femina,
1716 3964 1850 4041 ideo

277 4035 531 4105 (opinorf
548 4036 598 4087 in
628 4035 880 4105 Orphicis
905 4037 1238 4091 carminibus
1264 4035 1851 4105 inducebatunhabens

274 4103 473 4178 αἰδοζθν
508 4103 859 4178 ὀπζςςῳξπερὶ
902 4106 1000 4178 τὴν
1035 4108 1416 4178 πυγήνπιεειθ
1462 4105 1586 4178 Elia
1605 4103 1852 4158 Cretensi

275 4176 343 4227 ad
378 4173 622 4242 Gregorii
657 4173 985 4229 Nazianzeiii
1010 4173 1147 4230 orat.
1171 4173 1220 4232 '5
1255 4175 1365 4242 (ubi
1408 4176 1546 4229 male
1575 4176 1760 4242 legunt
1788 4188 1851 4227 ac

824 4244 956 4326 γῆν)
1006 4256 1059 4326 et
1106 4244 1449 4326 {>7;_Normo
1492 4245 1557 4298 ad
1603 4244 1849 4326 eamdem

273 4244 700 4312 interpretantur

841 4315 963 4369 uida
1008 4317 1060 4368 in
1100 4315 1316 4369 Lexico.
1356 4316 1493 4369 Cum
1527 4321 1706 4368 autem
1753 4326 1854 4366 no-

274 4315 576 4367 orationem
609 4316 663 4378 5,
700 4326 752 4369 et

273 4398 397 4453 men
449 4385 628 4453 Φάνης
658 4387 958 4439 deducatur
1005 4400 1035 4437 a
1079 4388 1241 4439 verbo
1289 4385 1520 4453 φαίνειν,
1562 4384 1775 4438 diversa
1820 4398 1852 4436 a

272 4451 506 4525 diversis
548 4451 890 4525 etymologiae
934 4455 1073 4508 ratio
1112 4451 1353 4525 aﬁ‘ertur.
1397 4454 1645 4525 Orpheus
1697 4454 1852 4507 initio

268 4521 750 4643 Argéonauticorum
773 4521 1033 4596 ε’πρῶτος
1058 4525 1165 4596 γὰρ
1193 4524 1418 4595 ἐφάνθη.
1447 4521 1657 4594 Hymno
1692 4525 1851 4594 Πρω-

268 4606 365 4644 τογ
398 4609 522 4644 νουε

333 4609 365 4634 ν
398 4610 410 4625 ε
509 4612 522 4647 ε

266 4606 535 4746 ἵσίιῗέτῗὸν
550 4676 696 4743 ἄγων
712 4674 846 4743 φάος
867 4675 1047 4743 ἁγνὸν,
1060 4676 1152 4742 ἀφ’
1163 4669 1223 4729 οὗ
1242 4692 1300 4728 σε
1317 4677 1533 4747 Φάνητα
1548 4678 1844 4751 κικλήσκω.

268 4766 327 4822 In
353 4765 693 4821 Clementinis
728 4780 745 4836 ξ
781 4768 900 4821 Ὅτι
932 4766 1096 4819 αὑτοῦ
1128 4768 1403 4835 φανέντος,
1436 4771 1497 4822 τὸ
1529 4773 1637 4825 πᾶν
1664 4772 1724 4836 ἐξ
1751 4774 1850 4824 αὐ-

264 4837 363 4892 τοῦ
399 4837 659 4908 ἔλαμψεν.
725 4835 1045 4908 Lactantius
1094 4838 1186 4892 lib.
1220 4854 1256 4901 1,
1304 4854 1354 4894 c.
1388 4841 1421 4895 5
1456 4860 1467 4894 :
1504 4835 1847 4907 Quod,7cum

269 4908 442 4962 adhuc
470 4909 792 4980 nihil_esset,
832 4907 1034 4980 printus
1080 4923 1143 4961 ex
1191 4910 1403 4978 inﬁnito
1446 4914 1748 4980 apparuerit
1798 4924 1849 4967 et

269 4980 569 5041 exstiterit;
600 4976 828 5049 Procius
854 4978 910 5031 in
939 4977 1192 5049 Timaeum
1221 4976 1259 5032 ε’
1286 4980 1373 5043 Ὠς
1389 4976 1713 5049 ἐκφαίνοντα
1748 4984 1849 5047 τὰς

267 5050 464 5117 νοητὰς
503 5049 714 5119 ἐνάδας.
765 5048 1074 5103 Macrobius
1102 5047 1338 5119 denique
1373 5052 1447 5105 lib
1470 5047 1494 5105 ‘1
1529 5052 1806 5108 Saturnal.
1830 5094 1845 5118 ,

270 5134 321 5173 c.
351 5120 418 5172 I7
446 5137 459 5173 :
491 5118 733 5189 Phaneta
782 5119 1043 5187 appellant
1095 5119 1202 5172 ἀπὸ
1250 5118 1345 5173 τοῦ
1391 5122 1624 5189 φαίνειν,
1657 5134 1707 5177 et
1740 5126 1851 5178 Φα-

269 5193 433 5254 ναῖον,
475 5188 661 5260 ἐπειδὴ
710 5190 953 5260 φαίνεται
991 5189 1129 5260 νέος,
1168 5198 1222 5244 et
1252 5204 1302 5245 c.
1334 5192 1438 5246 18:
1476 5191 1715 5247 Phaneta
1743 5196 1849 5250 ἀπὸ

269 5260 362 5312 τοῦ
394 5261 570 5328 φωτὸς
604 5258 697 5314 καὶ
723 5258 978 5331 φανεροῦ.
1016 5258 1140 5315 Haec
1174 5260 1243 5315 ad
1274 5261 1436 5318 istius
1467 5264 1572 5317 loci
1612 5266 1850 5320 illustra-

271 5331 495 5385 tionem.

340 5399 454 5478 (2_l)
497 5398 1071 5478 Titgnas.__7_‘itaai_d__as.
1124 5401 1614 5478 Animadversioue
1647 5406 1848 5478 dignus

271 5469 358 5545 est
397 5469 550 5545 lucus
583 5469 904 5545 Tertulliani
952 5471 1045 5525 lib.
1087 5487 1138 5545 Διι
1177 5471 1247 5527 ad
1277 5471 1554 5545 Nationes,
1616 5469 1737 5545 (εθρῖ
1767 5479 1843 5533 2;

270 5539 443 5613 {Eque
485 5542 781 5596 Actesitaus
826 5543 1023 5613 ttjnam
1072 5542 1630 5613 formam_divinitatis
1677 5539 1844 5613 ducit,

272 5610 566 5682 Olympios,
619 5613 800 5675 Astra,
850 5610 1128 5678 Titaneos,
1181 5613 1245 5667 de
1291 5611 1431 5669 Caelo
1460 5625 1508 5669 et
1541 5615 1705 5670 Terra
1734 5634 1752 5671 :
1783 5610 1848 5673 ea;

269 5681 373 5744 his,
406 5682 639 5738 Saturno
662 5693 713 5751 et
742 5682 871 5753 0pc,
901 5681 1222 5751 Neptunum,
1251 5683 1456 5749 Jovem,
1479 5695 1533 5740 et
1557 5686 1775 5750 Oreum,
1794 5699 1845 5744 et

271 5761 515 5807 steteram
543 5756 943 5811 successionem.
981 5753 1301 5812 Xenocrates
1334 5755 1677 5815 Academicus
1705 5758 1843 5829 bifa-

1955 3822 2268 3892 ﬁamfacit,
2289 3821 2561 3892 Utympios
2579 3830 2627 3875 et
2647 3820 2907 3892 Titanios,
2928 3823 3015 3889 qui
3034 3820 3096 3874 de
3113 3818 3253 3875 Caelo
3270 3830 3320 3875 et
3347 3821 3529 3877 Terra.

1956 3891 2170 3947 Etenim
2202 3890 2568 3947 Gothofredus
2596 3891 2785 3954 edidit,
2813 3893 3134 3951 Actesilaus,
3162 3894 3403 3947 correxit
3434 3909 3533 3947 au—

1956 3970 2063 4017 tem
2112 3963 2167 4016 in
2206 3963 2373 4027 notis,
2418 3963 2720 4016 Arcesilaus
2747 3978 2764 4014 :
2796 3963 3037 4030 adeoque
3081 3962 3387 4017 emendatio
3416 3966 3534 4032 pla-

1956 4033 2072 4086 cuit
2118 4032 2375 4107 Rigaltio,
2426 4040 2487 4087 ut
2540 4047 2659 4107 eam
2698 4034 2756 4086 in
2800 4041 3003 4107 textum
3030 4032 3293 4107 insereret
3320 4049 3532 4107 :_pravo

1957 4117 2090 4158 sane
2141 4102 2390 4166 extemplo
2421 4122 2433 4158 :
2466 4118 2590 4157 cum
2642 4103 2799 4166 longe
2843 4102 3194 4156 verisimilior
3234 4103 3392 4157 lectio
3436 4105 3529 4166 sit.

1946 4168 2253 4239 ﬁctisilau‘s.
2283 4168 2491 4239 Collige
2525 4170 2576 4224 id
2607 4187 2676 4225 ex
2709 4168 3066 4239 Etymologici
3096 4172 3274 4239 magni
3304 4170 3482 4223 verbis
3511 4191 3527 4228 :

1944 4237 2107 4311 κοῖος
2135 4239 2162 4290 ὂ
2197 4241 2387 4311 -πατὴρ
2418 4237 2629 4310 Λητοῦς
2674 4237 2823 4311 παρὰ
2860 4240 2921 4311 τὸ
2961 4237 3105 4311 ﬁcosi};
3126 4279 3139 4301 ,
3245 4238 3365 4311 east
3385 4242 3529 4311 νοεῖν

1946 4308 2040 4359 καὶ
2063 4309 2319 4362 συνιέναι·
2340 4307 2368 4363 ὅ
2386 4307 2501 4362 ἐστι
2524 4307 2765 4373 συνετός.
2788 4310 2946 4363 Κοῖόν
2962 4326 3021 4360 τε
3040 4309 3237 4373 Κρεῖον
3259 4307 3305 4359 θ’
3338 4309 3471 4361 Ὑπε

1945 4375 2059 4429 ίονά
2084 4377 2130 4430 τ’
2167 4379 2403 4443 Ἰαπετόν
2429 4397 2509 4433 τε.
2542 4381 2605 4437 Οἱ
2652 4381 2858 4443 Αἰολεῖς
2886 4378 2962 4443 τῷ
3005 4396 3040 4430 κ
3084 4375 3205 4430 ἀντὶ
3234 4376 3326 4429 τοῦ
3356 4390 3401 4429 π
3432 4375 3527 4431 κέ-

1939 4463 2189 4537 χιρηνται.
2210 4441 2369 4537 Οὗτοι
2473 4449 2808 4537 Τιτέινεὲὶκῇὶ
2830 4441 3106 4537 Τιτανίδες
3128 4448 3433 4537 καλοῦνται,
3449 4446 3529 4533 si);

1956 4517 2305 4590 ᾼκουσίλαος.
2325 4519 2643 4590 Ἀλληγορία
2658 4520 2734 4581 δὲ,
2752 4522 2912 4572 Κοῖον
2928 4519 3025 4588 τὴν
3044 4519 3528 4590 ποιότηταΚρεζον

1938 4585 1993 4660 se
2023 4586 2122 4660 τῂν
2152 4588 2351 4660 κρίᾳιν,
2395 4585 2687 4660 ’Υᾱτερίονα
2720 4585 3046 4660 κουφότητα,
3069 4585 3245 4660 Ατὸνέδὲ
3281 4585 3520 4660 Ἰατιετὸν

1942 4604 1993 4637 οε
2023 4604 2122 4657 την
2152 4604 2351 4659 κρισιν,
2397 4604 2687 4660 ’[περιονα
2720 4604 3046 4710 κουφοτῖιὶτα,
3074 4604 3160 4640 τον
3190 4604 3245 4639 οε
3286 4604 3520 4641 ἰαπετον

1942 4654 2235 4727 βαρύτητα.
2253 4658 2494 4723 Ἠσίοδος
2518 4662 2576 4712 ὲν
2593 4661 2893 4727 Θεογονίᾳ.
2943 4658 3137 4727 κιειόῃει
3162 4658 3356 4727 hgecah
3378 4658 3522 4727 Acu-

1952 4723 2088 4785 siIao
2119 4723 2173 4783 in
2204 4729 2405 4783 celebri
2428 4723 2753 4797 opereililsp‘t
2779 4723 3154 4797 γενεαλογιὼν.
3189 4723 3346 4797 Vide,
3379 4726 3423 4778 si
3448 4727 3530 4797 lu-

1952 4801 2063 4861 bet,
2088 4792 2569 4869 diligentissim'um
2602 4792 2857 4869 Voésiun'i
2889 4794 3284 4869 De_histori_cis_
3305 4792 3525 4869 (ἐπιθείς.

2021 4870 2133 4941 (22)
2176 4862 2393 4941 Tethys.
2433 4868 2511 4922 lta
2563 4866 2934 4941 scribendum.
2961 4864 3146 4920 Graece
3180 4863 3379 4941 Τηθύς.
3418 4862 3526 4941 Sed

1954 4933 2265 5012 trelluenter
2295 4933 2349 5012 i'n
2383 4940 2485 5012 hoc
2504 4938 2755 5012 nomine
2785 4933 3278 5012 labunturcperae.
3322 4933 3429 5012 Sic
3449 4934 3527 5012 ,in

1951 4995 2254 5084 ThEophﬂo
2304 5009 2645 5084 Antiocheno
2701 5006 2795 5060 lib.
2858 5021 2928 5069 ιι,
2978 4995 3300 5084 ediderunt“
3322 4995 3526 5075 Τηθήν,

1949 5073 2150 5155 Θηθύν,
2176 5081 2416 5151 Thetym.
2454 5079 2671 5134 Ttetzes
2699 5085 2941 5131 extrema
2971 5075 3237 5139 Chiliade,
3269 5073 3301 5127 6
3328 5091 3340 5125 :

2022 5176 2115 5227 Ὧν
2152 5173 2391 5245 Ἀχιλεὺς
2411 5173 2510 5243 τῆς
2531 5170 2745 5245 Θέτιδος
2769 5172 2869 5245 κοιλἶ
2883 5167 2977 5245 τοῦ
3002 5167 3223 5237 Πηλέως
3244 5165 3420 5245 γᾴνος,

2049 5246 2122 5299 Οὐ
2145 5238 2246 5315 τῆς
2267 5238 2535 5314 θαλάττης
2558 5241 2795 5304 Θέτιδος,
2822 5238 2956 5292 ἀλλά
2976 5255 3115 5301 τινος
3137 5238 3378 5305 γυναίου.

1950 5336 2097 5391 Mare
2124 5353 2235 5391 non
2264 5344 2347 5391 est
2378 5334 2599 5395 Thetis,
2634 5333 2727 5389 sed
2752 5330 2976 5401 Tethys.
3008 5327 3239 5400 Scripsit
3259 5344 3410 5400 ergo,
3439 5338 3533 5381 aut

1950 5408 2191 5463 scribere
2219 5406 2426 5469 debuit,
2460 5405 2728 5475 θαλάττης
2751 5400 2978 5475 Τηθύος.

2022 5478 2133 5548 (25)
2176 5476 2339 5548 Hebe.
2373 5467 2693 5548 Legendum'
2714 5467 2990 5548 videretur
3023 5470 3180 5548 mihi,
3212 5467 3423 5548 Phoebe,
3457 5483 3533 5530 ex

1950 5538 2187 5621 Orpheo,
2240 5538 2499 5621 Hesiodo,
2541 5545 2778 5621 Diodoro
2826 5541 3010 5621 Siculo
3056 5538 3525 5621 etuApollodox-u;

1948 5608 2056 5673 nisi
2087 5608 2286 5691 scirem
2315 5608 2539 5691 deorum
2572 5617 2633 5691 in
2656 5613 2989 5691 genealogiis
3034 5611 3169 5691 nihil
3199 5626 3320 5665 esse
3357 5608 3525 5691 ﬁxum

1951 5704 2015 5743 ac
2060 5689 2273 5745 stabile.
2310 5688 2581 5753 Quocirca
2622 5680 2685 5742 iii
2726 5680 3084 5741 Cleméntinis
3132 5682 3311 5735 locum
3359 5680 3526 5751 hujus

1951 5758 2163 5816 feminae
2196 5766 2429 5829 occupat
2448 5758 2634 5814 Ceres.
