3888 6192
406 314 537 370 1431

1257 304 1313 365 S.
1350 307 1747 364 CLEMENTIS
1779 307 1799 361 l
1832 307 1998 364 BOM.
2032 305 2237 363 PONT.
2271 302 2499 361 OPERA
2531 302 2754 359 DUBIA.

3510 303 3631 359 H5!

402 437 750 500 conceptum.
800 426 878 483 Ex
912 427 1031 497 ipso
1061 432 1245 481 autem
1295 423 1429 479 Jove
1477 424 1722 480 Medeam
1770 426 1979 497 genuit,
2012 428 2059 483 Α
2085 421 2261 487 nanti,
2286 435 2352 475 ex
2382 434 2490 489 qua
2518 419 2765 474 nascitur
2790 417 2982 486 Belus;
3013 414 3295 482 Latonam,
3330 432 3394 473 ex
3415 434 3515 489 qua
3541 435 3630 475 na-

404 534 566 590 quam
597 532 864 587 responso
888 524 1135 587 accepto,
1168 515 1316 586 quod
1346 516 1443 586 qui
1474 531 1540 570 ex
1566 530 1631 571 ea
1662 523 1987 571 nasceretur

408 611 600 665 fortior
632 610 749 679 ipso
782 616 929 664 esset
952 616 1008 663 et
1030 622 1196 678 regno
1214 623 1340 663 eum
1362 608 1676 677 depelleret,
1698 622 1987 664 assumens

405 703 571 757 etiam
606 704 723 772 ipse
752 702 1012 767 devorat;
1051 708 1106 757 et
1136 716 1354 755 rursum
1402 701 1589 771 genuit
1637 701 1704 755 de
1760 702 1987 757 cerebro

407 792 628 862 quidem
684 790 1000 853 Minervam,
1034 789 1102 845 de
1131 790 1336 845 femore
1366 806 1494 846 vero
1546 790 1821 846 Liberum.
1855 790 1988 847 Post

408 883 523 939 haec
547 883 831 939 Thetidem
872 899 996 937 cum
1026 883 1368 948 adamasset,
1410 884 1565 938 aiunt
1600 883 1985 940 Prometheum

409 977 795 1047 pronuntiasse
809 976 881 1039 ei,
902 974 1048 1045 quod
1066 976 1112 1031 si
1144 976 1532 1030 concubuisset
1550 990 1673 1029 cum
1695 990 1780 1040 ea,
1800 976 1892 1045 qui
1918 991 1986 1029 ex

408 1080 473 1122 ea
509 1075 826 1121 nasceretur
856 1068 1049 1120 l‘ortior
1078 1074 1226 1121 esset
1257 1074 1431 1135 patre,
1456 1073 1509 1121 et
1540 1067 1610 1121 ob
1644 1066 1747 1121 hoc
1780 1068 1986 1121 veritus

409 1158 571 1216 Peleo
592 1160 807 1215 cuidam
827 1159 920 1213 dat
937 1174 1054 1215 eam
1088 1160 1145 1213 in
1167 1160 1609 1227 matrimonium;
1638 1160 1836 1215 dehinc
1861 1159 1989 1215 Per-

411 1252 688 1320 sephonm,
732 1266 853 1320 quae
907 1250 955 1305 ei
1000 1266 1067 1304 ex
1099 1250 1299 1305 Cerere
1342 1252 1519 1305 fuerat
1564 1260 1841 1321 suscepta,
1883 1253 1987 1307 mi-

411 1350 616 1403 scetur,
665 1357 729 1395 ex
771 1358 877 1410 qua
910 1340 1229 1413 Dionysium
1254 1343 1555 1413 genuitqui
1585 1360 1616 1397 a
1647 1341 1861 1399 Titanis
1897 1344 1986 1399 di-

411 1442 665 1503 scerptus
696 1444 799 1488 est.
833 1432 939 1488 Sed
969 1434 1310 1499 recordatus,
1340 1434 1539 1505 inquit,
1576 1451 1644 1490 ne
1677 1436 1814 1490 forte
1834 1444 1988 1506 pater

411 1546 545 1585 suus
568 1528 840 1585 Saturnus
873 1530 1040 1583 alium
1080 1529 1251 1583 ﬁlium
1282 1538 1588 1601 generaret,
1616 1530 1707 1601 qui
1730 1532 1897 1586 etiam
1927 1546 1989 1587 se

410 1624 606 1680 fortior
644 1632 971 1680 nasceretur
999 1639 1279 1695 regnoque
1304 1625 1621 1695 depelleret,
1668 1640 1988 1696 oppugnare

411 1718 724 1789 aggreditur
748 1727 956 1787 patrem
997 1732 1103 1771 una
1132 1732 1258 1771 eum
1291 1715 1550 1772 fratribus
1588 1718 1710 1788 ejus
1737 1718 1984 1785 Titanis;

2089 516 2263 569 scitur
2284 512 2476 581 Apollo
2504 520 2558 567 et
2586 511 2789 577 Diana;
2812 511 3106 567 Leanidam
3135 510 3557 584 Eurymedontis,
3575 530 3631 570 ex

2088 622 2197 676 qua
2232 605 2483 660 nascitur
2506 604 2725 671 Coron;
2779 603 3090 675 Lysitheam
3118 602 3304 667 Eveni,
3336 619 3400 659 ex
3426 619 3526 673 qua
3548 621 3635 659 na-

2088 698 2263 753 scitur
2293 695 2566 761 Helenus;
2623 695 3038 767 Hippodamiam
3066 696 3175 767 (50)
3207 694 3634 766 Bellerophontis,

2086 806 2153 846 ex
2183 805 2291 861 qua
2322 791 2572 845 nascitur
2602 788 2917 860 Sarpedon;
2951 788 3265 861 Megacliten
3297 789 3543 851 Macarei.
3577 805 3634 843 ex

2086 899 2196 955 qua
2236 884 2484 939 nascitur
2525 882 2713 939 Thebe
2746 890 2800 938 et
2833 883 3071 949 Locrus;
3114 881 3321 939 Nioben
3364 883 3631 950 Phoronei,

2086 993 2151 1032 ex
2172 990 2279 1047 qua
2319 976 2571 1031 nascitur
2601 974 2785 1048 Argus
2801 975 3522 1048 etPelasgus;Olympiadam
3539 978 3633 1048 (3i)

2085 1067 2448 1139 Neoptolemi,
2500 1084 2568 1124 ex
2598 1084 2706 1139 qua
2736 1070 2984 1125 nascitur
3013 1071 3352 1133 Alexander;
3397 1069 3635 1141 Pyrrham

2086 1158 2395 1215 Promethei
2448 1160 2583 1232 (52),
2633 1177 2699 1215 ex
2742 1176 2848 1232 qua
2881 1161 3128 1216 nascitur
3157 1160 3634 1233 Helmetheus(33);

2086 1251 2471 1323 Protogeniam
2524 1261 2579 1307 et
2638 1252 2945 1308 Pandoram
2984 1253 3327 1310 Deucalionis
3383 1254 3533 1316 ﬁlias.
3579 1270 3635 1309 ex

2086 1346 2288 1416 quibus
2318 1346 2507 1416 genuit
2542 1344 2842 1400 Ethelium
2874 1346 2987 1417 (54)
3010 1353 3065 1400 et
3095 1344 3296 1400 Dorum
3327 1355 3381 1401 et
3411 1345 3635 1401 Meleram

2086 1448 2142 1493 et
2179 1438 2524 1507 Pandorum;
2566 1440 2947 1494 Thaicruciam
2989 1439 3194 1501 Protei,
3244 1456 3309 1494 ex
3337 1456 3443 1511 qua
3477 1440 3638 1494 nasci-

2087 1538 2178 1586 tur
2202 1531 2550 1603 Nympheus;
2588 1530 2918 1586 Salaminam
2950 1532 3118 1602 Asopi
3152 1533 3283 1603 ('55),
3324 1549 3386 1588 ex
3423 1547 3521 1602 qua
3555 1549 3636 1585 na-

2088 1622 2263 1678 scitur
2293 1623 2573 1679 Saracon:
2608 1622 2905 1694 Taygeten,
2940 1621 3230 1686 Electram.
3290 1623 3500 1689 Maiam,
3527 1622 3637 1678 Plu—

2087 1716 2238 1771 tiden
2288 1716 2423 1787 (56),
2483 1716 2722 1772 Atlantis
2772 1717 2934 1783 ﬁlias,
2986 1733 3052 1772 ex
3100 1717 3303 1787 quibus
3353 1719 3531 1788 genuit
3578 1733 3635 1771 ex

410 1812 610 1881 quibus
643 1810 940 1879 oppressis,
982 1808 1049 1862 ad
1075 1809 1327 1863 ultimum
1350 1809 1512 1863 etiam
1548 1818 1755 1880 patrem
1786 1812 1840 1866 in
1862 1812 1985 1867 vin-
2018 1811 2059 1866 Β
2090 1806 2332 1879 Taygete
2371 1808 2592 1879 quidem
2625 1808 3092 1873 Lacedaamonem,
3122 1825 3190 1863 ex
3214 1808 3427 1865 Electra
3458 1809 3635 1863 Darda-

411 1902 531 1957 eula
562 1903 817 1971 conjecit,
845 1902 1171 1972 desectaque
1192 1904 1311 1971 ejus
1339 1903 1595 1973 genitalia
1620 1904 1674 1958 in
1692 1920 1842 1960 mare
1864 1919 1979 1974 pro-

408 1996 557 2066 jecit.
602 1994 707 2048 Sed
738 2010 903 2049 cruor
938 1994 1031 2065 qui
1058 1994 1284 2051 deﬂuxit
1326 2012 1395 2050 ex.
1419 1997 1665 2063 vulnere,
1700 2004 1990 2066 susceptus

412 2086 669 2145 ﬂuctibus
704 2094 757 2141 et
780 2086 1051 2156 frequenti
1081 2088 1369 2142 collisione
1401 2090 1457 2141 in
1494 2102 1745 2157 spumam
1775 2104 1987 2153 versus,

412 2179 723 2249 procreavit
754 2193 873 2231 eam
906 2193 1069 2246 quam
1099 2177 1293 2232 dicunt
1312 2178 1683 2248 Apliroditen,
1714 2195 1991 2250 quamque

413 2269 555 2338 apud
587 2284 685 2323 nos
726 2266 992 2323 Venerem
1024 2270 1318 2339 appellant.
1374 2270 1454 2325 Ex
1488 2272 1653 2341 hujus
1692 2273 1989 2328 concubitu

412 2373 532 2429 qua‘.
560 2369 677 2412 erat
716 2359 904 2427 utique
934 2373 1115 2424 soror,
1152 2359 1299 2415 hunc
1354 2359 1533 2432 ipsum
1585 2360 1774 2417 Jovem
1809 2362 1991 2418 ferunt

412 2451 667 2521 genuisse
683 2450 910 2520 Cyprin,
938 2468 1006 2507 ex
1040 2469 1145 2521 qua
1175 2454 1328 2507 aiunt
1364 2454 1752 2524 etCupidinem
1776 2465 1987 2513 natum.

486 2541 623 2597 XXI.
659 2542 783 2596 Haec
812 2543 1031 2613 quidem
1062 2545 1128 2599 de
1159 2545 1384 2600 incestis
1412 2546 1564 2616 ejus;
1596 2548 1721 2602 audi
1754 2564 1901 2604 nunc
1938 2554 1993 2603 et

413 2632 481 2686 de
514 2633 795 2690 adulteriis
819 2635 951 2705 (24).
980 2635 1252 2707 Europam
1279 2636 1479 2693 Oceani
1509 2639 1797 2709 conjugem
1812 2641 1988 2705 vitiat,

413 2740 476 2780 ex
509 2739 615 2793 qua
644 2726 1353 2800 nasoitnrDodonaeusﬂS);
1386 2730 1646 2787 Helenam
1669 2731 1989 2797 Pandionis,

412 2834 479 2872 ex
496 2834 602 2887 qua
628 2821 875 2874 nascitur
902 2820 1166 2889 Musaeus;
1201 2822 1546 2894 Eurynomen
1571 2826 1740 2896 Asopi
1760 2866 1775 2889 ,
1797 2841 1863 2881 ex
1883 2842 1990 2897 qua

414 2910 663 2963 nascitur
706 2908 979 2981 Ogygias;
1022 2912 1354 2969 Hermionen
1393 2914 1617 2981 Oceani,
1653 2932 1720 2972 ex
1755 2934 1861 2987 qua
1896 2936 1993 2973 na-

415 3014 643 3059 scuntur
665 3007 938 3071 Charites,
965 3008 1176 3075 Thalia,
1210 3010 1819 3084 Euphrosyne,Aglaia;
1849 3012 1992 3068 The—

416 3097 527 3151 min
553 3114 797 3154 sororem
828 3117 1006 3163 suam,
1036 3118 1105 3157 ex
1134 3118 1241 3173 qua
1272 3113 1572 3160 nascuntur
1608 3106 1785 3169 Horae,
1818 3105 1993 3181 Eury-

2091 1914 2244 1960 num.
2289 1915 2355 1954 ex
2394 1899 2529 1954 Maia
2576 1899 2930 1967 Mercurium,
2976 1917 3040 1956 ex
3084 1899 3300 1957 Plutide
3336 1901 3632 1963 Tantalum;

2089 1989 2338 2044 Phthiam
2358 1989 2653 2054 Phoronei,
2673 2006 2738 2045 ex
2756 2006 2862 2060 qua
2877 1991 3063 2061 genuit
3082 1992 3361 2054 Achaeum;
3381 1992 3634 2064 [Choniani

2089 2082 2335 2138 Aramni.
2370 2097 2436 2137 ex
2453 2098 2559 2152 qua
2590 2083 2779 2153 genuit
2811 2082 3139 2155 Laconem;]
3191 2084 3477 2139 Chaleeam
3507 2101 3639 2151 nym-

2094 2174 2282 2245 pham,
2307 2188 2373 2229 ex
2405 2188 2513 2243 qua
2547 2175 2793 2229 nascitur
2823 2172 3115 2245 Olympus;
3167 2174 3481 2229 Charidiam
3507 2190 3638 2246 nym-

2093 2267 2252 2335 pham
2278 2282 2345 2320 ex
2368 2281 2476 2336 qua
2500 2268 2746 2322 nascitur
2781 2265 3088 2331 Alchanus;
3129 2268 3370 2331 Clorida,
3403 2283 3516 2337 quae
3555 2267 3637 2319 fuit

2090 2357 2346 2427 Ampyei,
2381 2372 2446 2410 ex
2484 2372 2590 2425 qua
2611 2357 2854 2411 nascitur
2878 2356 3133 2427 Mopsus;
3172 2356 3457 2413 Cotonium
3479 2355 3635 2421 Lesbi,

2090 2462 2156 2503 ex
2188 2464 2293 2518 qua
2323 2448 2571 2503 nascitur
2590 2447 2910 2520 Polymedes
2937 2470 2951 2516 ;
2974 2450 3386 2521 Hippodamiam
3410 2451 3633 2516 Aniceti:

2090 2540 2515 2611 Chrysogeniam
2550 2540 2734 2606 Penei,
2765 2558 2831 2597 ex
2862 2558 2969 2613 qua
3000 2545 3244 2599 nascitur
3265 2544 3546 2600 Thissa’us.

2164 2632 2323 2687 XXII.
2357 2632 2463 2689 Sed
2497 2642 2553 2690 et
2581 2635 2683 2689 alia
2717 2645 2845 2691 sunt
2880 2638 3109 2706 plurima
3133 2638 3253 2706 ejus
3293 2638 3562 2698 adulteria,
3583 2651 3638 2690 ex

2091 2726 2291 2796 quibus
2336 2743 2437 2781 nec
2480 2729 2794 2798 progeniem
2851 2730 3118 2799 suscepit,
3172 2747 3298 2801 quae
3351 2743 3637 2786 enumerare

2093 2818 2228 2873 satis
2258 2819 2477 2887 longum
2504 2828 2609 2874 est.
2643 2818 2843 2875 Verum
2873 2836 2939 2876 ex
2972 2821 3056 2877 bis
3085 2823 3344 2878 omnibus
3382 2838 3510 2893 quas
3524 2835 3636 2875 enu-

2093 2910 2444 2973 meravimus,
2466 2910 2758 2965 nonnullas
2782 2910 3224 2978 transformatus,
3249 2922 3431 2983 utpote
3452 2926 3633 2981 magus,

2094 3001 2322 3057 vitiavit.
2342 3000 2584 3070 Denique
2603 3001 2871 3072 Antiopen
2900 3001 3088 3074 Nyctei
3115 3019 3307 3061 versus
3330 3007 3385 3060 in
3419 3014 3631 3074 satyrum

2096 3094 2363 3162 corrupit,
2402 3108 2470 3150 ex
2499 3110 2607 3165 qua
2645 3104 2952 3150 nascuntur
2989 3095 3268 3166 Amphion
3324 3104 3378 3151 et
3427 3094 3633 3156 Zethus;

417 3190 597 3243 nomia
631 3189 765 3259 (26),
804 3189 951 3253 Dice,
984 3191 1169 3257 nene;
1217 3190 1497 3247 Themisto
1538 3194 1651 3266 (27)
1687 3196 1891 3260 Inachi,
1928 3178 1991 3252 ἐκ
2021 3178 2061 3234 C
2097 3186 2413 3240 Alcmenam
2461 3194 2708 3241 mutatus
2733 3187 2787 3240 in
2816 3188 2994 3242 virum
3025 3188 3147 3258 ejus
3176 3189 3630 3260 Amphitryonem,

417 3292 525 3347 qua
559 3281 809 3333 nascitur
838 3280 1038 3346 Arcas;
1081 3280 1260 3336 ldeam
1303 3282 1520 3349 Minois,
1562 3302 1629 3341 ex
1669 3304 1775 3357 qua
1809 3288 1995 3343 nasci-

418 3378 510 3429 tur
533 3370 787 3427 Asterion
810 3390 824 3438 ;
844 3372 1188 3429 Phoenissam
1208 3375 1515 3445 Alphionis,
1532 3394 1597 3433 ex
1626 3396 1732 3448 qua
1752 3383 1995 3437 nascitur

419 3461 756 3533 Endymion;
799 3463 852 3519 lo
882 3464 1103 3531 Inachi,
1138 3484 1203 3522 ex
1252 3482 1360 3538 qua
1402 3470 1651 3524 nascitur
1696 3471 1993 3543 Epaphus;

420 3551 832 3623 Hippodamiam
857 3565 909 3609 et
931 3552 1147 3612 lsionen
1170 3556 1343 3612 Danai
1378 3559 1538 3625 ﬁlias,
1568 3577 1799 3630 quarum
1827 3579 1992 3618 unam

418 3643 831 3715 Hippodamiam
855 3644 1079 3715 Olenus,
1098 3647 1316 3704 lsionen
1328 3666 1458 3706 vero
1479 3650 1858 3711 Orchomenus
1880 3657 1994 3711 sive

417 3735 656 3806 Chryses
687 3737 904 3803 habuit;
930 3738 1159 3794 Carmen
1197 3738 1494 3806 Phoenicis,
1520 3760 1585 3797 ex
1608 3760 1714 3813 qua
1748 3748 1995 3801 nascitur

417 3827 764 3885 Britomartis
793 3830 929 3901 (28),
966 3849 1089 3902 qua:
1141 3832 1242 3887 fuit
1277 3835 1482 3889 sodalis
1517 3835 1734 3905 Dianae;
1764 3837 1993 3893 Callisto

418 3918 709 3991 Lycaonis,
739 3937 805 3979 ex
839 3938 947 3994 qua
979 3924 1229 3978 nascitur
1249 3923 1453 3991 Orcas;
1485 3925 1701 3997 Lyheen
1731 3930 1842 4000 (29)
1876 3930 1993 3983 Mu-

2095 3293 2159 3333 ex
2194 3293 2299 3348 qua
2331 3280 2577 3334 nascitur
2610 3278 2900 3345 Hercules;
2935 3279 3190 3350 Aiginam
3229 3282 3397 3352 Asopi
3426 3288 3635 3336 mutatus

2098 3372 2153 3425 in
2182 3371 2444 3441 aquilam,
2473 3388 2539 3427 ex
2568 3388 2675 3443 qua
2708 3374 2961 3429 nascitur
2990 3374 3216 3430 :Eacus.
3265 3372 3372 3429 Sed
3409 3382 3460 3427 et
3483 3372 3635 3440 Gany-

2098 3463 2310 3518 medem
2357 3463 2619 3529 Dardani,
2661 3474 2908 3521 mutatus
2945 3466 3305 3522 nihilominus
3344 3465 3398 3519 in
3432 3463 3633 3534 aquilam

2099 3565 2353 3627 stuprat;
2406 3557 2710 3613 Mantheam
2754 3557 2926 3613 Phoci
2961 3568 3204 3614 mutatus
3258 3561 3313 3614 in
3366 3567 3635 3617 ursum,ex

2096 3666 2204 3721 qua
2228 3651 2475 3705 nascitur
2500 3650 2733 3717 Arctos;
2766 3650 2985 3706 Danaen
3007 3652 3203 3707 Acrisii
3233 3658 3464 3705 mutatus
3485 3648 3532 3700 in
3553 3659 3634 3698 au-

2095 3759 2237 3807 rum,
2271 3758 2336 3797 ex
2386 3757 2491 3812 qua
2531 3742 2775 3799 nascitur
2812 3742 3077 3810 Perseus;
3116 3743 3369 3813 Europen
3398 3735 3633 3793 Phoenicis

2096 3842 2341 3889 mutatus
2375 3836 2426 3887 in
2461 3841 2701 3899 taurum,
2732 3850 2799 3889 ex
2820 3851 2928 3905 qua
2968 3836 3217 3890 nascitur
3257 3834 3426 3889 Minos
3442 3839 3489 3885 et
3512 3826 3632 3881 Rha-

2096 3928 2408 3988 damantus,
2430 3922 2851 3997 Sarpedonque;
2872 3924 3305 3998 Eurymedusam
3324 3921 3519 3979 Aehelai
3538 3914 3628 3988 (57)

1670 4128 2037 4185 COTELERH
2072 4127 2303 4184 ΝΟΤᾹΣ.

496 4302 605 4375 (24)
645 4303 786 4357 Audi
830 4320 981 4376 nunc»
1013 4313 1063 4359 et
1094 4304 1169 4376 de
1197 4305 1495 4361 adulteriis.
1520 4304 1579 4361 In
1619 4306 1879 4376 Catalogo
1908 4323 1996 4363 se-

418 4374 607 4445 quenti
656 4385 852 4443 praeter
894 4374 1163 4446 vulgaria,
1196 4377 1365 4429 multa
1416 4384 1545 4431 sunt
1590 4374 1997 4446 nomina‘igno-r

2102 4321 2225 4361 esse
2272 4305 2621 4360 librariorum
2670 4306 2812 4360 idem
2850 4312 3044 4359 auctor
3072 4302 3330 4356 observat
3358 4318 3372 4351 :
3404 4295 3626 4367 pejusque

2105 4376 2246 4445 apud
2271 4376 2501 4431 Cwlium
2546 4375 2913 4446 Rhodiginum
2945 4376 3039 4428 lib.
3074 4387 3233 4437 xviii,
3267 4388 3314 4425 c.
3341 4364 3629 4422 2620:10-

419 4449 557 4518 tiora
589 4464 600 4475 -
634 4460 743 4518 non
770 4460 943 4514 pauca
975 4444 1161 4515 (quod
1209 4446 1374 4518 etiam
1401 4448 1719 4518 lectionum
1760 4444 1997 4504 vari—etas
2106 4444 2749 4518 niartin,_quropapuv
2770 4447 2945 4518 legere
2972 4454 3076 4499 est.

419 4514 664 4584 indicat)
696 4515 991 4584 depravata
1042 4514 1055 4567 ξ
1103 4517 1351 4584 quaedam
1393 4515 1580 4572 lorsan

418 4592 569 4640 stant
596 4585 748 4640 alibi.
771 4585 885 4654 Ego
908 4600 1033 4639 vero
1054 4585 1418 4640 dilliciliorum
1448 4585 1728 4643 nonnullis
1753 4589 1997 4641 illustra-

421 4660 490 4709 tis
532 4663 585 4709 et
632 4656 917 4717 correctis.
944 4663 1137 4709 caetera
1168 4656 1506 4712 doctioribus
1537 4667 1591 4712 et
1616 4658 1798 4713 minus
1826 4672 1994 4711 oceu-

420 4726 907 4801 patis___ho_minibus
930 4726 1125 4801 reliqui
1154 4725 1506 4801 expendenda
1535 4730 1957 4801 quaerendique.

491 4796 615 4867 (25)
644 4796 963 4867 Ποαοηαειιεζ
983 4796 1114 4867 Ἀπὸ
1140 4796 1395 4867 ᾼωδώνου
1417 4798 1510 4849 τοῦ
1544 4796 1662 4863 Ᾱιὸς
1684 4800 1777 4852 καὶ
1810 4796 1996 4867 Εὔρώ-

424 4864 897 4950 πη-ςξηξιςριιειηυε
927 4866 1003 4950 ρο
1026 4864 1267 4950 urbibus,
1285 4868 1353 4950 'i‘n
1380 4867 1626 4946 ᾼωδώνῃ.

492 4934 602 5007 (9.6)
634 4934 1008 5016 Eurynomia.“
1046 4936 1231 5016 (3-0ng
1282 4934 1485 5016 Regius
1531 4934 1786 4994 et'Petiti
1833 4935 1997 4993 Liber

423 5005 714 5077 Euromia;
746 5005 811 5060 ex
846 5022 953 5077 quo
984 5006 1124 5060 facio
1160 5005 1445 5059 Eunomia.

494 5078 605 5149 (27)
650 5076 935 5149 Themisto.
971 5077 1281 5149 Stephanus
1311 5078 1366 5130 in
1390 5077 1635 5149 'Apxdsv.’
1686 5078 1898 5148 Ἴστρος
1916 5078 1992 5144 δὲ,

422 5146 605 5219 φησὶῆ
630 5147 929 5219 ῥεμιστοῦς
952 5148 1044 5219 κει).
1067 5147 1186 5211 Διὸς
1207 5148 1235 5199 ὁ
1270 5146 1467 5219 Ἀρξὰξ
1492 5149 1723 5219 ἐγένεικεοἶ

493 5218 603 5288 (28)
644 5215 938 5271 Carmen...
972 5215 1345 5288 Britomartis.
1376 5215 1646 5273 DiodOrus
1696 5216 1917 5272 Siculus
1941 5227 1996 5272 et

422 5286 725 5343 Pausanias
742 5288 1092 5341 Britomartin
1117 5287 1302 5342 Diana:
1332 5290 1558 5349 stieiam,
1592 5289 1757 5343 ﬁliam
1788 5288 1996 5342 faciunt

420 5356 572 5414 .lovis
605 5374 636 5413 e
664 5360 861 5414 Carme
904 5356 1102 5412 Eubuli
1150 5358 1298 5426 ﬁlia;
1349 5358 1561 5430 Virgilii
1606 5373 1736 5413 vero
1783 5360 1838 5413 in
1881 5356 1997 5413 Ciri

422 5444 617 5484 \‘CI‘SUS
645 5440 729 5484 OSl
765 5449 776 5483 ε

565 5500 739 5570 Quam
762 5499 921 5553 simul
945 5498 1416 5570 Ogygii_l_’haeniris
1436 5500 1550 5567 ﬁlia
1569 5497 1775 5553 Carme.

426 5569 568 5624 Sane
598 5572 650 5622 in
676 5566 1074 5638 Supplemento
1128 5566 1383 5638 Thesauri
1412 5566 1583 5623 critici
1614 5571 1875 5638 scriptum
1896 5569 1993 5638 Ain-

423 5642 581 5693 venio
613 5654 641 5692 a
668 5636 873 5694 Jaco'bo
899 5638 1121 5693 Nieolao
1150 5637 1344 5693 Loensi
1372 5640 1462 5692 lib.
1495 5656 1610 5701 vni,
1643 5655 1694 5694 c.
1724 5636 1794 5693 $6
1829 5660 1840 5694 :
1874 5636 1997 5693 Cle-

427 5726 567 5761 mens
612 5707 879 5762 Romanus
913 5709 1262 5762 Britomartin
1290 5710 1540 5763 Charmes
1564 5719 1614 5762 et
1644 5708 1791 5763 locis
1823 5711 1993 5778 filiam

430 5780 591 5847 {uisse
619 5779 768 5833 dicit.
800 5778 863 5834 Et
885 5778 1222 5833 Critomartis
1258 5794 1356 5849 pro
1384 5780 1724 5834 Britomartis
1750 5795 1989 5837 errorem

1613 4534 1733 4587 quae
1765 4532 1875 4570 non
1903 4533 1996 4572 ex-
2026 4519 2071 4573 D

2173 4516 2286 4589 (29)
2327 4514 2788 4589 Euboea-Melita,
2818 4514 3037 4589 Libyen-
3104 4586 3117 4589 _
3219 4584 3229 4589 _
3396 4577 3452 4589 -.

2330 4575 2784 4654 Hippodamiamf
2812 4575 2943 4640 Alii"
2973 4584 3346 4640 Laodamiam.
3396 4575 3624 4632 Diodorus

2100 4654 2697 4739 δίςξιὲίθεέὲηῖδάμεεαν·
2753 4726 2792 4739 -
2899 4726 2962 4739 η,
3092 4726 3177 4739 ..
3317 4724 3329 4738 .

2193 4727 2281 4799 5i)
2326 4715 2719 4799 Qljmpiadam.
2753 4726 2860 4782 Pro
2891 4726 3278 4799 Olympiadem.
3313 4715 3619 4799 ῘΟᾏυμπιῄδᾳι

2193 4727 2281 4791 51)
2326 4727 2719 4795 Olympiadam.
2753 4727 2860 4782 Pro
2891 4727 3278 4799 Olympiadem.
3317 4727 3619 4794 'Olupmaaa.

2169 4727 2281 4869 l3?!)
2326 4796 2589 4869 Pyrrham
2620 4797 2939 4853 Promethei.
2984 4800 3069 4852 AI.
3100 4795 3381 4869 Erimethej
3409 4805 3495 4859 pro
3512 4788 3621 4869 ’ρξριξ

2097 4856 2302 4953 met/felt
2329 4856 2691 4953 Apollodorus
2721 4870 2815 4923 lih.
2860 4886 2898 4933 i,
2944 4870 3163 4941 Πύρῤαν
3183 4867 3279 4938 τὴν
3328 4856 3620 4931 Ἐτξιμηθέως

2096 4939 2191 4990 καὶ
2212 4939 2525 5009 Πανδώρας.
3034 4939 3039 4941 ⁷

2170 5009 2281 5078 (55)
2325 5007 2673 5064 Helmethius.
2705 5007 2937 5063 Videtur
2964 5009 3067 5065 iste
3093 5024 3215 5064 esse
3242 5005 3440 5067 Hellen,
3483 5015 3508 5051 3
3531 5009 3617 5064 (ιυο

2101 5078 2507 5150 Ἔλληνεςῷᾲίςιί
2518 5121 2531 5134 .
2682 5148 2693 5150 _
3006 5149 3009 5150 ν
3262 5145 3303 5150 _
3337 5145 3345 5150 _
3370 5146 3397 5150 -_
3523 5137 3533 5150 .

2166 5132 2279 5220 (δέ)
2318 5132 2633 5204 ιΞΕιΙτειὶἠηι.
2666 5148 2882 5219 Optima
2904 5149 3202 5220 scriptura,
3232 5145 3493 5203 Ethlium,
3523 5132 3615 5187 Ἀέ-

2317 5287 2649 5345 Salaminam
2697 5291 2878 5361 Asopi.
2929 5289 3221 5362 Σαλαμῖνα.
3270 5279 3535 5342 Pausanias
3566 5274 3610 5325 in

2103 5357 2590 5502 ΑἵὲἓῖῬΙαεὶάεη.
2640 5431 2874 5502 Plutide.
2903 5427 3046 5502 Infra
3077 5446 3129 5486 c.
3150 5430 3248 5502 25,
3267 5426 3474 5502 _Plu_ten..
3496 5416 3609 5502 Td}?

2092 5484 2394 5614 Eﬁiwl‘w
2412 5518 2471 5554 τε
2494 5484 2589 5556 atat
2611 5484 2897 5565 Hlouroﬁc,
2926 5484 3244 5555 Pausanias.
3264 5499 3316 5551 in
3355 5484 3612 5550 Corinthia-

2166 5641 2275 5714 (57)
2318 5641 2737 5714 Eurymedusam
2754 5641 2992 5714 Achelai.
3009 5640 3090 5714 Ex
3107 5633 3457 5714 Clementinis.
3470 5624 3607 5714 Atil:

2098 5698 2189 5764 ιοὶξ
2220 5698 2289 5765 A't
2332 5698 2597 5781 Clementi
2646 5713 3036 5776 Alexandrino,
3080 5711 3343 5781 Κλήτυρος
3370 5724 3380 5757 :
3412 5698 3605 5763 indeque

2099 5782 2356 5852 Arnobio,
2388 5776 2427 5838 C
2435 5784 2626 5839 litoris.
