3888 6192
243 332 389 390 1457

1504 335 2071 394 RECOGNITIONUM
2107 332 2230 389 LIB.
2269 330 2310 385 Χ

3399 327 3422 382 1
3432 327 3528 383 ίῦὃ

248 460 363 515 quo
407 446 593 501 omnia
629 447 770 504 facta
804 452 967 516 sunt;
994 446 1101 503 hoc
1139 464 1270 505 sane
1318 451 1499 518 ipsum
1535 447 1707 503 chaos
1738 463 1847 502 non
1878 453 1924 510 Α
1952 445 2104 501 Hanc
2139 459 2283 522 ergo
2323 456 2589 513 aquarum
2645 440 2973 504 libertatem,
3031 454 3153 509 quae
3189 437 3343 509 prius
3379 439 3526 493 bulla

248 540 510 595 tenebras
539 540 678 595 dixit
707 556 851 605 esse,
883 557 993 596 non
1019 541 1223 605 lucem,
1257 557 1366 596 non
1398 540 1704 607 humidum,
1732 556 1840 594 non

248 632 488 697 aridum,
543 644 656 686 non
704 633 967 696 calidum,
1022 648 1134 687 non
1179 632 1462 703 frigidum,
1505 630 1600 687 sed
1657 632 1841 685 omnia

249 725 413 780 simul
458 723 643 790 mista,
680 731 735 778 et
784 738 999 791 semper
1036 740 1202 779 unum
1237 724 1406 779 fuisse
1448 722 1711 788 informe;
1742 722 1843 777 ali-

248 817 479 886 quando
532 828 717 873 tamen
750 819 908 887 quasi
950 816 1017 871 ad
1048 819 1136 871 ovi
1176 817 1435 872 immanis
1470 818 1714 879 modum,
1746 834 1843 887 per

250 909 519 963 immensa
554 918 804 980 tempora
844 909 1091 963 effectam
1134 908 1414 979 peperisse
1451 924 1514 963 ac
1547 909 1843 979 protulisse

246 1015 316 1054 ex
348 1016 407 1054 se
445 1001 717 1071 duplicem
753 1001 1049 1071 quamdam
1082 1002 1343 1070 speciem,
1379 1018 1542 1072 quam
1590 1002 1664 1055 illi
1696 1016 1842 1056 mas-

248 1092 635 1147 eulofeminam
664 1101 965 1157 vocant,ex
993 1095 1271 1148 contraria
1299 1095 1628 1150 admistione
1656 1093 1844 1163 hujus-

249 1185 401 1240 modi
455 1185 795 1241 diversitatis
840 1186 1074 1256 speciem
1107 1194 1452 1254 concretam;
1488 1188 1675 1242 ethoc
1718 1204 1842 1243 esse

248 1277 581 1347 principium
613 1279 881 1340 omnium,
912 1279 1058 1347 quod
1104 1280 1342 1349 primum
1386 1295 1454 1335 ex
1489 1282 1713 1335 materia
1742 1298 1843 1350 pu-

250 1369 396 1423 riore
437 1372 793 1439 processerit,
822 1370 1078 1441 quodque
1112 1369 1415 1440 procedens
1456 1370 1843 1427 discretionem

250 1467 494 1529 quatuor
544 1462 944 1515 elementorum
1002 1462 1234 1525 dederit,
1260 1470 1315 1515 et
1356 1477 1423 1516 ex
1466 1461 1681 1518 duobus
1722 1480 1843 1533 qua:

249 1551 425 1621 prima
458 1560 587 1607 sunt
621 1552 907 1607 elementis
932 1552 1121 1607 fecerit
1152 1554 1374 1617 coelum,
1408 1569 1474 1607 ex
1506 1555 1629 1610 aliis
1659 1564 1840 1609 autem

248 1648 477 1705 terram,
507 1657 574 1695 ex
634 1642 837 1711 quibus
889 1641 1001 1712 jam
1055 1642 1239 1695 omnia
1289 1644 1710 1713 participatione
1755 1643 1842 1699 sui

248 1732 485 1788 invicem
515 1735 668 1788 nasci
707 1734 843 1789 dicit
871 1742 925 1790 et
946 1734 1118 1805 gigni.
1147 1733 1274 1789 Haec
1312 1734 1531 1804 quidem
1567 1734 1839 1806 Orpheus.

1942 544 2230 613 obtegente
2262 538 2636 611 premebatur,
2661 544 2952 607 postquam
2991 534 3081 589 illa
3114 533 3309 590 inferni
3333 533 3529 590 sortita

1941 643 2025 690 est
2078 634 2282 698 locum,
2338 631 2656 703 Neptunum
2694 644 2816 685 esse
2859 626 3206 697 appellatam.
3246 624 3377 681 Post
3423 623 3529 679 hoc

1942 740 2066 779 cum
2105 726 2436 780 elementum
2473 721 2732 792 frigidum
2763 734 2860 789 per
2890 717 3296 772 concretionem
3328 716 3531 785 glacia-

1943 822 2008 877 lis
2036 820 2196 875 bullae
2228 820 2292 873 ad
2319 818 2580 872 inferiora
2620 816 2820 871 fuisset
2847 813 3186 882 absorptum,
3215 818 3270 865 et
3313 812 3527 865 aridum

1941 912 2137 966 fuisset
2191 910 2592 979 humidumque
2630 906 2955 969 discretum,
2997 904 3149 957 nullo
3186 901 3300 969 jam
3358 901 3530 971 impe-

1940 1005 2145 1064 diente,
2193 1003 2521 1057 elementum
2582 998 2820 1055 calidum
2864 998 3007 1067 ignis
3048 1004 3238 1067 utpote
3265 995 3448 1066 vigore
3477 1005 3531 1050 et

1939 1096 2158 1150 levitate
2181 1096 2246 1147 ad
2274 1094 2558 1163 superiora
2586 1091 3078 1153 convolavitaeris,
3100 1090 3295 1159 spiritu
3321 1098 3372 1143 et
3402 1102 3530 1159 pro-

1941 1186 2078 1240 cella
2125 1187 2467 1242 subvectum.
2502 1182 2656 1236 Hanc
2690 1198 2817 1253 ergo
2849 1181 3167 1253 procellam,
3193 1196 3315 1250 quae
3350 1194 3532 1232 καται-

1940 1283 2028 1349 γίς
2049 1281 2235 1337 Grmce
2294 1282 2622 1353 appellatur,
2655 1296 2822 1351 regem
2845 1321 2860 1346 ,
2894 1280 2947 1333 id
2993 1287 3077 1333 est
3123 1294 3345 1347 capram
3376 1278 3532 1332 dixe-

1941 1387 2091 1438 runt,
2122 1382 2175 1430 et
2219 1376 2399 1446 ignem
2437 1378 2529 1443 qui
2563 1373 2631 1427 ad
2666 1387 2902 1443 superna
2936 1371 3276 1433 conscendit,
3308 1369 3528 1439 Jovem;

1940 1476 1995 1520 et
2026 1467 2146 1521 ideo
2177 1482 2303 1521 eum
2343 1481 2508 1536 capra
2557 1466 2879 1521 subvectum
2913 1462 3306 1519 conscendisse
3338 1461 3528 1534 Olym-

1942 1574 2070 1630 pum
2102 1559 2313 1614 dicunt.

2016 1646 2258 1703 XXXIII.
2292 1647 2477 1719 Ipsum
2508 1664 2640 1704 vero
2670 1646 2858 1703 Jovem
2891 1645 3065 1701 Graeci
3108 1646 3327 1717 quidem
3373 1661 3404 1699 a
3448 1645 3532 1700 vi-

1942 1740 2120 1794 vendo
2149 1741 2234 1795 vel
2264 1741 2433 1795 vitam
2472 1741 2675 1805 dando,
2709 1740 2884 1795 nostri
2920 1755 2950 1793 a
2988 1739 3234 1809 juvando
3273 1739 3530 1793 nomina-

323 1823 515 1879 ΧΧΧΙ.
548 1824 841 1897 Subjungit
890 1836 1073 1881 autem
1133 1826 1221 1882 his
1273 1836 1328 1882 et
1367 1825 1670 1891 Hesiodus,
1716 1832 1841 1897 post
1874 1809 1914 1862 Β
1947 1839 2061 1887 tum
2094 1834 2303 1889 volunt.
2338 1831 2490 1886 Hanc
2527 1846 2658 1903 ergo
2690 1846 2813 1887 esse
2856 1831 3132 1886 viventem
3167 1830 3530 1885 substantiam

247 1918 419 1973 chaos
460 1918 644 1973 statim
680 1920 882 1973 coelum
910 1920 1103 1976 dicens
1148 1919 1355 1975 factum
1379 1936 1502 1977 esse
1531 1928 1584 1975 et
1614 1928 1838 1985 terram,

244 2024 313 2063 ex
355 2009 558 2079 quibus
596 2011 673 2064 ait
704 2012 1019 2080 progenitos
1052 2012 1175 2067 illos
1206 2011 1482 2076 undecim,
1504 2027 1642 2082 quos
1671 2012 1840 2067 inter-

245 2099 379 2154 dum
411 2108 467 2154 et
496 2100 787 2156 duodecim
826 2102 961 2156 dicit
995 2102 1134 2174 (57),
1168 2120 1234 2158 ex
1261 2104 1462 2173 quibus
1508 2120 1602 2160 sex
1638 2120 1839 2171 mares,

245 2191 490 2263 quinque
538 2191 771 2249 feminas
830 2193 1014 2263 ponit;
1068 2196 1292 2250 nomina
1333 2207 1512 2249 autem
1547 2194 1641 2248 dat
1678 2196 1844 2248 mari-

244 2285 351 2341 bus
394 2303 407 2340 :
446 2282 719 2350 Oceanus,
771 2288 958 2351 C(eus,
1004 2286 1199 2351 Crius,
1244 2285 1541 2357 Hyperion,
1602 2288 1839 2357 Iapetus,

242 2377 483 2443 Cronus,
508 2380 668 2449 quiet
689 2378 965 2437 Saturnus
989 2399 1002 2448 ;
1027 2383 1157 2435 item
1188 2379 1448 2437 feminis:
1478 2380 1636 2443 Thia,
1666 2380 1839 2446 Rhea,

244 2468 496 2536 Themis,
525 2470 896 2543 Mnemosyne,
930 2471 1151 2543 Thetys,
1184 2488 1305 2541 quae
1335 2473 1557 2527 nomina
1582 2488 1675 2542 per
1709 2473 1842 2527 alle-

244 2563 458 2634 goriam
478 2563 583 2617 hoc
608 2562 771 2617 modo
804 2564 1237 2633 interpretantur
1267 2584 1278 2618 :
1310 2580 1597 2619 numerum
1620 2564 1841 2634 quidem

247 2654 505 2709 undecim
543 2655 625 2708 vel
660 2654 973 2718 duodecim,
1012 2654 1185 2724 ipsam
1231 2654 1423 2709 dicunt
1466 2655 1697 2725 primam
1743 2670 1842 2709 na-

248 2752 449 2812 turam,
483 2760 645 2814 quam
679 2752 733 2800 et
776 2744 983 2801 Rheam
1036 2762 1065 2799 a
1095 2744 1315 2801 fluendo
1352 2747 1558 2802 dictam
1605 2747 1835 2814 volunt;

252 2837 500 2905 reliquos
544 2846 727 2891 autem
757 2838 943 2893 decem
994 2840 1303 2894 accidentia
1333 2839 1454 2911 ejus
1484 2842 1673 2895 dicunt
1705 2856 1842 2912 quas

245 2938 300 2983 et
330 2930 625 2999 qualitates
653 2932 964 3000 appellant;
1000 2931 1388 2987 duodecimum
1420 2941 1603 2987 tamen
1630 2933 1841 2988 addunt

245 3028 300 3073 et
327 3020 571 3076 Cronum
604 3038 767 3091 quem
801 3022 945 3093 apud
974 3039 1076 3079 nos
1115 3023 1411 3080 Saturnum
1444 3025 1632 3079 dicunt
1654 3045 1668 3093 ;
1694 3027 1841 3081 hunc

247 3128 346 3183 pro
380 3122 625 3183 tempore
678 3114 977 3184 accipiunt.
1033 3113 1333 3170 Saturnum
1392 3132 1520 3187 ergo
1549 3127 1601 3171 et
1630 3115 1836 3172 Rheam
1865 3148 1908 3205 ο

247 3217 464 3273 tempus
491 3211 704 3273 ponunt
730 3213 784 3258 et
816 3205 1125 3270 materiam,
1152 3223 1274 3276 quae
1305 3207 1396 3261 ubi
1437 3222 1560 3261 cum
1615 3207 1839 3264 humido

245 3303 302 3349 et
350 3296 507 3350 arido
536 3304 590 3351 et
621 3296 800 3351 calido
829 3305 884 3353 et
915 3298 1115 3369 frigido
1142 3307 1392 3370 tempore
1432 3299 1639 3353 fuerint
1667 3301 1842 3354 admi-

245 3399 355 3470 sta,
382 3394 564 3447 omnia
603 3400 888 3464 generant.

316 3478 533 3538 XXXII.
561 3483 687 3539 Haec
714 3500 870 3556 ergo,
902 3485 1101 3556 inquit,
1127 3487 1304 3557 primo
1326 3488 1569 3542 omnium
1599 3495 1842 3559 tempore

252 3580 431 3635 multo
473 3589 787 3635 concretam
835 3582 1022 3651 genuit
1067 3584 1359 3652 quamdam
1412 3584 1569 3653 quasi
1612 3584 1838 3651 bullam,

243 3684 371 3739 qua:
410 3684 476 3724 ex
507 3669 703 3738 spiritu
735 3670 831 3739 qui
862 3670 919 3725 in
954 3671 1112 3740 aquis
1144 3679 1284 3734 erat,
1322 3672 1582 3741 paulatim
1614 3674 1840 3729 collecta

247 3760 529 3826 intumuit,
546 3771 597 3815 et
618 3761 896 3831 aliquanto
919 3774 1161 3832 tempore
1180 3763 1513 3817 circumacta
1536 3780 1631 3834 per
1660 3783 1843 3837 super-

247 3850 424 3906 ﬁciem
455 3852 718 3917 materiaa,
745 3868 811 3907 ex
846 3867 953 3923 qua
983 3854 1143 3924 quasi
1182 3870 1250 3908 ex
1274 3854 1442 3909 vulva
1472 3864 1838 3925 processerat,

246 3942 431 4013 rigore
473 3942 696 4015 frigoris
746 3944 1016 3999 obdurata
1063 3954 1117 4001 et
1168 3946 1491 4017 glacialibus
1533 3950 1841 4018 augmentis

245 4047 473 4103 semper
509 4035 851 4099 increscens,
886 4037 1119 4106 abrupta
1156 4038 1375 4092 tandem
1417 4038 1755 4111 demergitur
1785 4042 1840 4097 in

244 4124 609 4195 profundum,
640 4142 705 4181 ac
737 4126 977 4196 pondere
1020 4128 1140 4196 ipso
1170 4137 1446 4199 pertracta
1478 4130 1533 4184 in
1564 4131 1839 4187 infernum

244 4218 555 4282 descendit,
591 4228 646 4273 et
678 4219 807 4289 quia
864 4219 1160 4275 invisibilis
1213 4219 1357 4275 facta
1393 4230 1500 4287 est,
1533 4223 1699 4279 Aides
1739 4242 1839 4296 ap-

245 4308 447 4378 pellata
477 4316 581 4371 est,
605 4310 700 4379 qui
730 4316 784 4364 et
804 4308 980 4365 Orcus
1004 4311 1086 4365 vel
1116 4310 1277 4366 Pluto
1308 4313 1644 4371 nominatur.
1672 4315 1839 4371 Cum-

252 4419 365 4473 que
407 4406 475 4460 de
521 4407 902 4476 superioribus
946 4417 1285 4480 mergeretur
1308 4410 1363 4464 in
1396 4409 1633 4474 inferna,
1659 4411 1837 4465 locum

1944 1925 2149 1989 ferunt,
2185 1940 2305 1994 quae
2336 1924 2389 1977 in
2422 1923 2804 1993 superioribus
2840 1924 3040 1993 posita,
3074 1922 3125 1975 vi
3162 1922 3363 1975 caloris
3385 1920 3534 1975 velut

1943 2017 2153 2074 cerebri
2209 2016 2417 2069 ambitu
2461 2014 2529 2067 ad
2573 2030 2632 2068 se
2662 2015 2885 2069 trahens
2915 2023 3129 2068 cuncta.
3167 2019 3220 2066 et
3244 2010 3531 2080 cujusdam

1945 2108 2360 2179 temperamenti
2414 2108 2789 2162 moderatione
2851 2120 3210 2176 componens,
3242 2104 3309 2159 de
3354 2103 3532 2173 capite

1944 2204 2145 2259 dicitur
2164 2203 2420 2273 genuisse
2439 2203 2786 2271 sapientiam,
2808 2216 2970 2271 quam
2987 2199 3284 2253 Minervam
3310 2202 3529 2260 vocant,

1943 2312 2066 2367 qua:
2114 2311 2146 2349 a
2191 2294 2397 2351 Graecis
2438 2295 2640 2367 Ἀθήνη
2671 2302 2894 2365 propter
2925 2290 3387 2346 immortalitatem
3418 2287 3531 2358 (58)

1944 2388 2224 2444 nominata
2252 2396 2367 2454 est;
2393 2402 2514 2458 quae
2561 2387 2687 2457 quia
2719 2394 2871 2456 pater
2915 2383 3157 2437 omnium
3183 2397 3280 2452 per
3315 2379 3534 2449 sapien-

1945 2481 2073 2535 tiam
2125 2494 2279 2535 suam
2321 2486 2521 2533 cuncta
2567 2476 2834 2539 condidit,
2868 2482 2921 2528 et
2950 2490 3016 2528 ex
3042 2473 3161 2543 ipso
3191 2472 3368 2541 capite
3411 2469 3532 2538 ejus

1942 2576 1997 2624 et
2036 2569 2325 2641 principali
2349 2569 2592 2623 omnium
2624 2569 2807 2637 genita
2838 2565 3042 2619 dicitur
3078 2564 3217 2628 loco,
3241 2570 3294 2617 et
3327 2571 3534 2631 tempe-

1944 2669 2064 2715 rata
2111 2659 2442 2715 admistione
2485 2658 2882 2713 elementorum
2916 2656 3233 2710 universum
3265 2653 3534 2708 formasse

1944 2753 2209 2810 mundum
2260 2761 2313 2808 et
2364 2752 2663 2806 adornasse
2719 2748 3067 2819 perhibetur.
3113 2747 3284 2817 Igitur
3321 2746 3532 2815 species

1944 2864 2068 2919 quae
2112 2846 2359 2901 materize
2407 2845 2595 2899 inditae
2642 2850 2793 2904 sunt,
2827 2854 2886 2897 ut
2929 2841 3080 2894 fieret
3106 2839 3368 2901 mundus,
3403 2838 3532 2907 quia

1943 2940 1997 2993 vi
2052 2938 2251 2993 caloris
2304 2935 2782 3004 constringuntur,
2819 2932 2974 2987 Jovis
3020 2932 3230 2985 viribus
3260 2925 3531 2983 contineri

1944 3032 2222 3086 dicuntur.
2258 3027 2389 3094 Quae
2429 3026 2687 3096 quoniam
2722 3023 3052 3078 sufﬁcienter
3086 3036 3145 3076 se
3180 3021 3403 3083 habent,
3429 3033 3531 3072 nec

1944 3123 2088 3176 ultra
2141 3118 2267 3172 addi
2315 3118 2420 3173 sibi
2458 3117 2703 3186 indigent
2757 3115 2961 3184 aliquid
3016 3113 3165 3179 novi,
3198 3111 3293 3165 sed
3329 3126 3529 3164 unum-

1943 3214 2202 3283 quodque
2248 3210 2475 3267 seminis
2508 3210 2593 3264 sui
2626 3208 2945 3279 posteritate
2990 3215 3295 3277 reparatur,
3331 3206 3528 3261 vinctae

1943 3320 2063 3360 esse
2102 3318 2132 3356 a
2159 3300 2293 3356 Jove
2347 3300 2569 3356 Saturni
2612 3316 2808 3354 manus
2865 3298 3126 3353 dicuntur
3164 3316 3177 3351 :
3211 3297 3340 3367 quia
3387 3297 3526 3351 nihil

1943 3397 2070 3452 novi
2111 3396 2248 3466 jam,
2283 3404 2339 3448 ut
2358 3393 2513 3462 Ldixi,
2537 3409 2602 3449 ex
2629 3391 2859 3447 materia
2885 3398 3101 3461 tempus
3131 3390 3400 3460 producit,
3428 3388 3523 3443 sed

1943 3489 2093 3543 calor
2153 3486 2425 3542 seminum
2478 3484 2778 3540 secundum
2862 3484 2947 3540 sui
3012 3482 3252 3554 speciem
3321 3487 3522 3536 cuncta

1944 3578 2208 3642 restituit,
2238 3592 2339 3633 nec
2370 3576 2516 3631 ultra
2567 3574 2731 3629 Rheae
2776 3582 2988 3645 partus,
3016 3575 3118 3629 hoc
3166 3581 3248 3628 est
3280 3586 3522 3643 propago

1944 3669 2185 3724 materia:
2230 3667 2470 3731 fluentis,
2507 3666 2774 3729 ascendit,
2822 3672 2875 3720 et
2926 3665 3045 3719 ideo
3082 3663 3254 3733 ipsam
3289 3664 3521 3733 primam

1943 3762 2339 3817 elementorum
2369 3758 2697 3814 divisionem
2748 3756 3113 3811 abscisionem
3152 3752 3371 3809 Saturni
3416 3769 3520 3808 tio--

1944 3853 2186 3917 minant,
2237 3852 2396 3922 quasi
2442 3851 2538 3920 qui
2588 3851 2732 3904 ultra
2779 3848 3043 3904 mundum
3104 3862 3366 3918 generare
3410 3861 3522 3899 non

1943 3945 2140 4015 possit.

2013 4034 2252 4093 XXXIV.
2299 4034 2434 4089 Nam
2484 4034 2552 4090 de
2605 4032 2817 4089 Venere
2860 4032 2965 4087 hoc
3003 4032 3167 4086 modo
3207 4031 3517 4101 allegoriam

1942 4135 2169 4190 tradunt
2202 4152 2215 4186 :
2252 4129 2375 4195 Ubi,
2407 4130 2582 4194 aiunt,
2613 4128 2802 4183 aetheri
2834 4127 3143 4195 subjectum
3169 4134 3251 4178 est
3271 4126 3518 4195 pelagus,

1941 4241 2066 4281 cum
2092 4239 2452 4295 repercussus
2484 4221 2642 4292 aquis
2679 4220 2939 4290 splendor
2969 4219 3094 4273 cmli
3125 4218 3331 4288 gratior
3353 4217 3521 4270 reful-

1942 4319 2389 4379 sisset,venustas
2419 4328 2598 4368 rerum
2624 4327 2746 4381 qua:
2767 4325 2829 4365 ex
2864 4311 3021 4379 aquis
3046 4308 3325 4379 pulchrior
3354 4322 3522 4378 appa-

1941 4416 2148 4475 ruerat,
2185 4406 2366 4461 Venus
2406 4404 2685 4460 nominata
2727 4411 2812 4457 est
2842 4400 2979 4472 (59),
3002 4415 3124 4471 qua:
3151 4399 3339 4454 aetheri
3393 4407 3518 4451 tan-

249 4500 564 4557 confluendi
593 4503 815 4558 humido
842 4504 1075 4574 praebuit
1102 4506 1395 4569 elemento,
1425 4513 1479 4561 et
1513 4523 1641 4577 pars
1685 4524 1836 4563 cras-
1870 4492 1915 4546 θ
1943 4517 2106 4574 quam
2138 4500 2293 4555 fratri
2323 4514 2426 4555 suo
2466 4497 2696 4561 sociata,
2722 4494 2868 4566 quod
2904 4493 3328 4565 concupiscibile
3350 4492 3519 4549 decus

247 4594 383 4657 sior,
421 4608 543 4664 qua:
565 4603 649 4650 est
672 4602 839 4659 terra,
871 4597 1028 4667 aquis
1061 4597 1381 4653 cedentibus
1404 4598 1676 4668 patefacta
1728 4612 1834 4656 est.

1943 4595 2206 4658 effecerit,
2247 4591 2574 4662 Cupidinem
2636 4589 2890 4659 genuisse
2931 4592 3230 4642 memorata
3268 4592 3372 4641 est.
3405 4581 3519 4638 Hoc

1558 4732 1927 4788 COTELERII
1962 4731 2195 4788 NOTAE.

317 4890 435 5014 (57%
474 4890 608 4944 Illos
641 4890 904 4951 undecim,
933 4908 1061 4961 quos
1093 4892 1357 4946 interdum
1380 4904 1427 4946 et
1455 4892 1731 4947 duodecim
1754 4894 1829 4946 di-

323 5002 339 5014 .
444 4963 721 5014 heoeonim
766 4977 912 5014 vers.
970 4963 1108 5014 155.
1165 4972 1272 5014 etc.
1319 4964 1599 5014 Ὠκεανὸν.
1644 4967 1825 5014 Κοῖον.

242 4968 339 5020 cit.
393 4963 721 5030 Theogonize
766 4977 912 5015 vers.
970 4963 1108 5027 l55,
1165 4972 1272 5017 etc.
1319 4964 1599 5025 Ὠκεανὸν,
1644 4967 1825 5027 Κοῖον,

243 5034 465 5108 Κρεῖον,
498 5033 816 5108 ΪΥπερέονα,
862 5033 1343 5108 Ἰα-πέῖὸνηβεξαν,
1393 5035 1591 5108 ξΡείαν,
1637 5034 1825 5108 Θέμιν,

242 5102 635 5173 Μνημοσύνην,
662 5102 880 5173 Φοίϐην,
908 5103 1108 5173 Τηθὺν,
1134 5105 1362 5174 Κρόνον.
1394 5104 1570 5174 Supra
1597 5122 1645 5159 c.
1682 5102 1746 5157 l7
1776 5114 1830 5159 et

244 5176 694 5244 Clementinorum
720 5174 906 5227 homil.
943 5190 1015 5236 VI,
1040 5190 1093 5228 n.
1128 5180 1181 5235 τε,
1206 5174 1493 5228 duodecim
1525 5184 1826 5244 ponuntur.

244 5243 518 5300 Diodorus
541 5243 764 5299 Siculus
795 5245 889 5298 lib.
917 5261 949 5296 γ
984 5252 1270 5315 enumerat
1300 5243 1574 5309 undecim,
1603 5246 1828 5315 Κρόνον,

255 5315 564 5386 Ὑπερίονα,
598 5316 779 5386 Κοῖον,
813 5314 1078 5375 Ἰαπετὸν,
1117 5315 1305 5385 Κριὸν,
1345 5317 1613 5377 Ὠκεανὸν,
1650 5314 1824 5378 Ῥέαν,

240 5384 433 5468 θέμιν,
482 5384 870 5507 Μνημοσύν-Ριν,
925 5384 1407 5455 Φοίϐην,“Τηθύν.
1460 5386 1827 5454 Apollodorus

242 5458 340 5507 lib.
378 5471 416 5507 ι.
451 5456 734 5507 tredecim.
834 5455 1046 5507 κεανὸν.
1080 5457 1262 5507 Κοῖον.
1301 5457 1607 5507 Ὑπερίονα.
1637 5458 1824 5507 Κοῖον.

242 5455 340 5512 lib.
378 5471 416 5519 l,
451 5456 734 5517 tredecim,
773 5455 1046 5516 Ὠκεανὸν,
1080 5457 1262 5519 Κοῖον,
1301 5457 1607 5525 Ὑπερίονα,
1637 5458 1824 5525 Κρῖον,

256 5526 518 5597 Ἰαπετὸν,
546 5527 774 5597 Κρόνον,
795 5526 996 5597 Τηθὺν,
1027 5525 1201 5588 Ῥέαν,
1225 5526 1295 5597 Θέ
1305 5544 1416 5597 μιν,
1436 5525 1825 5597 Μνημοσύνην,

238 5596 460 5667 Φοίϐην,
486 5594 713 5667 Διώνην,
741 5594 919 5650 Θείαν.
952 5594 1201 5667 Orpheus
1232 5594 1467 5666 denique
1494 5594 1829 5666 quatuorde-

240 5670 374 5735 clm,
391 5666 583 5737 Θέμιν,
607 5666 809 5737 Τηθὺν,
836 5666 1224 5738 Μνημοσύνην,
1258 5668 1438 5730 Θείαν,
1462 5667 1687 5738 Διώνην,
1709 5666 1827 5719 Φοί-

242 5714 374 5809 6r“):
416 5714 615 5809 Ῥέίην,
657 5714 838 5799 Κοῖον,
882 5714 1067 5847 Κρὶὸν.
1105 5714 1333 5806 Φέρκυν,
1374 5738 1599 5809 Κρόνον,
1624 5716 1825 5792 ’Ὠκεα-

242 5808 349 5847 υλδν
394 5807 679 5847 ’Υιπεηῖηυη
736 5808 977 5847 Were—cem

240 5807 357 5875 νδν,
394 5807 704 5879 Ὑπερίονα,
736 5807 996 5875 Ἰαπετόν.

2004 4891 2116 4959 (g3)
2167 4889 2387 4962 Ἀθήνη,
2420 4897 2628 4958 propter
2650 4884 3131 4962 i_ntmort_alitaten_t.
3158 4883 3508 4962 ulgentius:

1938 4957 2175 5021 Minerva
2220 4957 2439 5030 denique
2489 4970 2537 5016 et
2594 4960 2790 5030 Ἀθήνη
2842 4957 3020 5030 Gru-ce
3070 4959 3305 5030 dicitur,
3361 4975 3513 5027 quast

1934 5038 2199 5099 ἀθάνατος
2232 5028 2515 5106 παρθένος,
2548 5032 2601 5085 id
2626 5028 3050 5106 est’immorlalis
3077 5028 3242 5106 virgo.

2007 5109 2119 5177 (59)
2156 5098 2412 5177 Venustas
2444 5118 2641 5177 rerum,
2677 5118 2795 5169 qua:
2822 5116 2885 5153 ex
2914 5100 3065 5177 aquis
3100 5098 3373 5177 pulo/trior
3421 5113 3487 5164 ap

1934 5168 2209 5246 paruerat,
2252 5174 2421 5246 Venus
2473 5168 2747 5246 nominem
2796 5181 2895 5246 est:
2948 5169 3124 5246 llahes
3176 5168 3263 5221 hic
3289 5182 3514 5246 quoque

1939 5237 2223 5301 Rufiniana
2259 5244 2620 5317 Clementinis,
2651 5240 2838 5317 Grteca
2875 5238 3083 5317 Latinis
3131 5253 3237 5291 non
3287 5237 3516 5317 inscite,

1937 5318 2129 5372 audaci
2179 5318 2304 5371 licet
2346 5319 2398 5368 in
2436 5310 3185 5382 interpretationefacinore,
3233 5310 3511 5382 permista.

1938 5386 2008 5444 Ut
2053 5388 2197 5440 enim
2261 5385 2427 5440 Venus
2470 5402 2500 5439 a
2545 5376 2828 5437 venustate
2877 5380 3121 5441 dicatur,
3154 5378 3297 5445 quod
3348 5376 3512 5429 etiam

1936 5457 2100 5512 tradit
2132 5456 2421 5520 Firmieus,
2453 5453 2649 5526 refellit
2677 5467 2806 5526 vero
2833 5450 3060 5515 Cicero;
3098 5446 3384 5526 Ἀφροδίτη
3431 5446 3513 5526 al-

1935 5529 2107 5582 terius
2132 5527 2358 5609 originis
2372 5518 2473 5589 est,
2493 5525 2562 5579 ab
2581 5521 2962 5609 dcppﬁspupta,
2982 5526 3047 5609 In:
3064 5518 3232 5609 vulg:

1936 5608 2103 5666 utque
2126 5586 2408 5668 colligitur
2425 5586 2490 5649 ex
2518 5586 2644 5664 cap:
2663 5586 2756 5647 '2'0
2781 5586 2944 5661 hujus
2978 5589 3124 5646 libri.
3156 5586 3512 5668 Macrobius}

1940 5656 2218 5721 Salurnal.
2249 5656 2285 5721 ἕ
2316 5685 2329 5720 :
2373 5656 2646 5731 Venerem,
2691 5656 2868 5733 quieti
2890 5675 3080 5733 spuma
3106 5656 3511 5733 ιᾳιάω-εοαιαξξ,

1938 5737 2235 5860 Αρῗεοάὶιε
2266 5752 2451 5791 nomen
2478 5725 2714 5804 accepit."
2733 5732 2862 5788 Vide
2890 5725 3239 5796 Clementina,
3269 5726 3416 5811 hom.
3455 5725 3511 5794 6,

1938 5824 1987 5861 c.
2058 5824 2106 5861 ο.

1976 5849 1987 5864 ι
2026 5824 2106 5863 ιο.
