3888 6192
460 349 591 407 “39

1340 346 1394 404 δ.
1432 348 1829 405 CLEMENTIS
1866 349 1880 402 l
1916 347 2083 404 ROM.
2120 346 2321 402 ΡΟΝΤ.
2358 344 2584 401 OPERA
2618 343 2847 401 DUBIA.

3567 340 3669 399 tuo

454 486 584 541 ergo
622 471 785 525 modo
822 486 915 540 per
945 470 1256 541 allegoriam
1286 470 1525 524 Cronum
1563 469 1808 539 quidem,
1839 468 2047 538 quiest
2076 472 2123 529 Α
2156 466 2436 530 vorantis,
2495 471 2548 519 et
2597 463 2853 518 occultati
2908 461 3059 532 pueri
3119 476 3219 531 per
3258 459 3585 529 Corybantum
3629 469 3667 514 et

458 560 750 625 Saturnus,
783 571 995 631 tempus
1016 578 1161 627 esse,
1195 570 1252 615 ut
1273 562 1533 624 diximus,
1558 560 1801 621 tradunt,
1832 560 2037 615 Rheam

459 653 765 716 materiam,
784 653 979 715 Aiden,
1018 652 1070 706 id
1098 666 1179 708 est
1208 651 1433 715 Orcum,
1462 652 1659 707 inferni
1688 650 2040 722 profundum,

456 742 769 813 Neptunum
804 762 1023 814 aquam,
1075 745 1265 801 Jovem
1310 749 1595 809 mlierem,
1635 745 1687 800 id
1726 758 1809 801 est
1842 746 2043 800 caloris

454 836 810 899 olenientum,
845 836 1109 892 Venerem
1165 847 1507 893 venustatem
1567 854 1775 903 rerum,
1818 838 2044 907 Cupidi-

457 943 578 981 nem
600 930 1123 998 concupiscentiam,
1144 946 1263 999 qua:
1292 932 1433 985 inest
1460 932 1622 985 rebus
1644 930 1921 995 omnibus,
1948 944 2045 999 per

455 1038 619 1091 quam
679 1023 971 1091 posteritas
1020 1032 1328 1092 reparatur,
1361 1025 1444 1078 vel
1489 1026 1650 1078 etiam
1685 1039 1864 1077 rerum
1901 1022 2043 1076 ratio

456 1128 577 1183 quae
601 1114 878 1184 sapienter
922 1114 1167 1182 inspecta
1202 1114 1457 1168 delectat.
1499 1114 1661 1179 Hera,
1694 1114 1743 1168 id
1767 1123 1851 1169 est
1876 1112 2039 1177 Juno,

457 1222 550 1262 aer
580 1207 681 1262 iste
718 1206 953 1269 medius,
992 1207 1085 1276 qui
1123 1207 1191 1262 de
1221 1210 1362 1262 cmlo
1394 1224 1566 1277 usque
1598 1209 1663 1262 ad
1688 1215 1892 1262 terram
1916 1207 2044 1261 des-

457 1300 663 1365 cendit,
695 1301 939 1370 ponitur.
996 1300 1202 1363 Dianm,
1235 1317 1398 1371 quam
1449 1302 1621 1371 ipsam
1655 1300 2041 1370 Proserpinam

454 1391 677 1455 dicunt,
726 1408 903 1446 aerem
964 1392 1176 1447 inferne
1219 1392 1461 1446 tradunt.
1494 1393 1798 1464 Apollinem
1862 1394 2040 1460 ipsum

454 1485 618 1537 etiam
649 1485 818 1539 solem
855 1484 1063 1546 dicunt,
1097 1485 1528 1538 circumeuntem
1572 1488 1790 1553 polum;
1820 1483 2037 1538 Hercu-

455 1580 594 1631 rium
648 1579 897 1635 verbum.
959 1593 1067 1645 quo
1120 1579 1261 1631 ratio
1305 1578 1373 1632 de
1432 1580 1668 1648 singulis
1726 1578 2039 1648 quibusque

455 1669 748 1735 reddatur;
786 1670 1011 1723 Martem
1043 1670 1462 1738 intetnperatum
1497 1671 1698 1739 ignem,
1719 1671 1812 1741 qui
1840 1677 2038 1724 cuncta

454 1770 762 1817 consumat.
810 1762 915 1815 Sed
961 1776 1029 1815 ne
1076 1762 1291 1832 singula
1348 1763 1724 1818 enumerando
1777 1765 2034 1820 immore-

453 1870 596 1915 mur,
627 1855 693 1908 ad
751 1855 891 1907 hanc
952 1855 1226 1925 allegoria:
1283 1858 1521 1926 speciem
1572 1857 1639 1912 de
1703 1872 2035 1928 unoquoque

450 1962 641 2001 eorum
689 1962 828 2016 quos
882 1946 1093 2009 colunt,
1132 1948 1186 2000 hi
1220 1948 1419 2017 quibus
1452 1950 1717 2003 secretior
1743 1948 1807 2001 de
1834 1950 2036 2005 talibus

452 2036 593 2091 inest
642 2038 854 2106 peritia,
897 2037 1159 2091 honestas
1196 2040 1299 2093 sibi
1335 2040 1590 2093 videntur
1628 2040 1880 2110 etjustas
1909 2042 2035 2095 red-

450 2130 581 2186 dere
618 2134 881 2187 rationes.

522 2222 737 2279 XXXV.
771 2224 897 2279 Haec
921 2241 1045 2280 cum
1070 2227 1257 2281 Niceta
1289 2227 1540 2292 dixisset,
1572 2230 1769 2301 Aquila
1801 2246 2034 2300 respon-

450 2313 565 2369 dit:
598 2314 763 2371 Valde
796 2318 928 2371 milii
962 2318 1197 2383 videtur,
1223 2321 1479 2391 quisquis
1515 2324 1605 2377 ille
1630 2331 1715 2377 est
1748 2332 1943 2379 auctor
1982 2335 2037 2378 ct

420 2394 702 2463 hinventor
751 2411 969 2476 horum,
1032 2415 1233 2484 impius
1291 2419 1591 2481 exstitisse,
1648 2420 1695 2473 si
1749 2420 1863 2474 haec
1914 2436 2036 2489 qua:

451 2508 606 2569 grata
632 2510 684 2555 et
715 2504 941 2561 honesta
964 2508 1225 2563 videntur
1248 2513 1560 2576 abscondit,
1595 2522 1649 2566 et
1687 2515 2039 2584 superstitio-

452 2594 537 2647 nis
567 2610 679 2650 sua:
706 2598 872 2653 ritum
911 2600 964 2654 in
1001 2602 1354 2659 dedccorosis
1384 2614 1437 2660 et
1461 2606 1711 2675 turpibus
1736 2608 2035 2661 observan-

450 2687 544 2742 tiis
600 2690 912 2753 Collocavit,
970 2709 1094 2747 cum
1151 2711 1213 2749 ea
1257 2713 1379 2765 qua:
1430 2698 1733 2751 secundum
1792 2699 2032 2752 litteram

451 2780 655 2849 scripta
688 2789 835 2847 sunt,
866 2784 1156 2839 manifeste
1195 2789 1482 2843 inhonesta
1512 2790 1623 2845 sint
1654 2805 1708 2845 et
1746 2793 1948 2861 turpia,
1980 2798 2035 2846 et

450 2878 560 2924 tota
600 2872 882 2940 religionis
920 2892 1110 2930 eorum
1144 2880 1496 2934 observantia
1529 2883 1580 2935 in
1625 2882 1763 2952 ipsrs
1797 2891 2033 2949 constet,

451 2971 510 3017 ut
550 2981 645 3035 per
692 2966 1010 3033 bujusmodi
1052 2975 1261 3027 scelera
1291 2985 1343 3029 et
1374 2976 1681 3045 impietates
1724 2977 1859 3033 deos
1902 2994 2034 3033 suos

450 3071 587 3125 quos
624 3060 833 3127 colunt,
870 3058 1103 3119 doceant
1148 3068 1374 3124 imitari.
1417 3068 1551 3123 Nam
1589 3072 1642 3125 in
1679 3072 1801 3128 istis
1832 3074 2035 3145 allego-

2147 559 2393 629 cymbala
2445 567 2499 612 et
2569 567 2951 629 tympanorum
3028 556 3277 617 sonitus,
3350 554 3669 622 exprimuntur

2148 649 2436 720 imagines.
2471 649 2544 704 De
2592 650 2903 705 abscisione
2946 664 3076 703 vero
3120 646 3372 708 Saturni,
3404 660 3511 713 qua:
3533 645 3670 713 major

2144 742 2248 797 erit
2297 744 2548 813 probatio
2596 744 2865 806 veritatis,
2898 758 3062 813 quam
3119 749 3177 795 ut
3227 740 3281 795 in
3331 747 3565 794 honorem
3604 740 3668 794 dei

2147 836 2254 899 sui,
2288 836 2454 891 simili
2515 836 2855 891 infelicitatis
2914 844 3063 891 sorte
3122 834 3498 889 abscindantur
3540 832 3669 885 etiam

2145 926 2425 981 cultores?
2452 926 2589 981 Cum
2620 943 2751 997 ergo
2790 928 2903 982 haec
2938 927 3226 981 manifeste
3256 933 3549 986 cernantur,
3575 925 3672 992 quis

2146 1028 2257 1072 tam
2311 1020 2494 1089 exigui
2539 1035 2756 1084 sensus,
2790 1021 2901 1074 imo
2932 1028 3041 1073 tam
3077 1018 3261 1074 stolidi
3286 1017 3580 1075 invenietur,
3603 1016 3672 1069 cui

2145 1127 2254 1165 non
2287 1113 2465 1182 palam
2498 1114 2590 1176 sit,
2631 1114 2747 1167 haec
2778 1113 2954 1183 magis
2997 1127 3125 1167 vera
3167 1127 3289 1166 esse
3319 1110 3384 1164 de
3413 1108 3675 1163 infelicibus

2143 1204 2269 1269 diis,
2306 1222 2426 1277 qua:
2456 1206 2789 1261 infeliciores
2820 1208 3069 1262 cultores
3086 1206 3247 1260 etiam
3273 1216 3544 1273 corporum
3568 1214 3672 1255 suo-

2146 1315 2265 1352 rum
2302 1302 2629 1356 vulneribus
2662 1312 2715 1356 et
2744 1302 3060 1357 abscisione
3082 1298 3387 1354 testantur?

2216 1392 2502 1449 XXXVIII.
2533 1395 2685 1462 Quod
2721 1395 2788 1460 si,
2813 1398 2891 1449 'ut
2920 1394 3131 1453 dicunt.
3163 1393 3277 1447 haec
3310 1392 3382 1445 ita
3415 1390 3611 1443 honeste
3632 1393 3676 1439 et

2143 1487 2229 1557 pie
2268 1496 2419 1557 gesta
2456 1496 2565 1540 tam
2601 1489 2890 1542 inhonesto
2921 1488 3026 1541 ritu
3059 1486 3500 1541 ministrantnret
3522 1480 3672 1550 impio,

2144 1580 2445 1649 sacrilegus
2487 1579 2733 1648 profecto
2786 1588 2892 1643 est,
2928 1579 3179 1648 quisquis
3223 1576 3313 1631 ille
3342 1575 3420 1629 vel
3448 1590 3505 1629 ex
3551 1572 3674 1625 initio

2144 1670 2261 1725 haec
2315 1672 2560 1734 tradidit,
2601 1672 2683 1726 vel
2731 1686 2878 1726 nunc
2933 1672 3077 1724 male
3126 1671 3323 1724 tradita
3353 1666 3572 1738 persistit
3591 1666 3673 1717 im-

2142 1764 2309 1831 plere.
2347 1763 2488 1830 Quid
2545 1772 2726 1819 autem
2758 1773 2811 1819 et
2849 1763 2918 1818 de
2967 1763 3123 1818 libris
3151 1764 3384 1817 dicimus
3410 1755 3681 1830 poetarum?-

2138 1857 2329 1912 Nonne
2380 1867 2701 1929 oportuerat
2758 1874 2874 1921 eos,
2910 1857 2957 1913 si
3021 1856 3249 1910 honesta
3291 1864 3343 1909 et
3383 1854 3467 1923 pia
3492 1851 3676 1906 deorum

2140 1963 2289 2022 gesta
2340 1953 2594 2021 turpibus
2650 1951 2849 2005 fabulis
2890 1948 3246 2011 infamarunt,
3279 1946 3437 2015 abjici
3472 1943 3680 2014 protinus

2140 2055 2303 2116 atque
2334 2046 2388 2100 in
2415 2047 2591 2116 ignem
2625 2046 2763 2108 dari,
2796 2059 2863 2099 ne
2892 2044 3287 2113 persuaderent
3327 2052 3512 2095 tenera:
3538 2034 3676 2089 adhuc

2138 2140 2281 2194 aetati
2334 2155 2625 2210 puerorum
2654 2180 2667 2201 ,
2697 2137 2882 2192 Jovem
2922 2138 3100 2208 ipsum
3134 2135 3360 2190 deorum
3402 2132 3675 2203 principem.

2139 2233 2469 2303 parricidam
2513 2248 2642 2301 erga
2698 2239 2971 2301 parentes,
3018 2231 3292 2283 incestum
3334 2242 3455 2298 erga
3500 2236 3683 2280 sorores

2138 2335 2191 2380 et
2221 2325 2379 2389 filias,
2411 2324 2684 2394 impurum
2707 2324 2869 2378 etiam
2902 2324 2955 2376 in
2991 2338 3187 2391 pueros
3215 2321 3487 2375 exstitisse
3507 2358 3520 2379 ,
3543 2315 3679 2371 Vene-

2138 2437 2253 2475 rem
2306 2433 2431 2472 cum
2488 2418 2661 2472 Marte
2710 2418 3011 2478 adulteros,
3041 2423 3095 2469 et
3125 2415 3308 2467 omnia
3342 2414 3428 2467 illa
3458 2426 3564 2483 qua:
3585 2410 3673 2479 jam

2139 2516 2393 2585 smerius
2421 2515 2570 2569 dicta
2609 2512 2775 2568 sunt?
2794 2511 2897 2564 Aut
2944 2508 3074 2581 quid
3109 2508 3203 2563 tibi
3232 2508 3477 2571 videtur,
3502 2503 3685 2557 domine

2142 2610 2209 2661 lltl
2238 2607 2432 2661 Putre?

2212 2699 2453 2754 XXXIX.
2480 2697 2634 2753 Tunc
2664 2699 2754 2753 ille
2783 2697 3064 2768 respondit
3088 2717 3098 2751 :
3123 2695 3324 2751 Certus
3352 2703 3483 2756 esto,
3511 2689 3679 2746 dulcis-

2140 2794 2277 2848 sime
2319 2794 2538 2862 Aquila,
2570 2794 2696 2862 quia
2746 2792 2930 2845 omnia
2958 2806 3054 2860 per
3077 2791 3277 2843 bonam
3311 2788 3401 2843 Dei
3435 2782 3675 2858 providen-

2140 2886 2270 2937 tiam
2321 2896 2472 2954 gcsta
2521 2893 2670 2947 sunt,
2714 2892 2775 2937 ut
2805 2900 2912 2937 non
2946 2884 3124 2937 solum
3162 2882 3379 2935 inﬁrma
3407 2889 3457 2935 et
3490 2876 3674 2945 fragilis,

2140 2993 2325 3033 Verum
2372 2989 2424 3032 et
2472 2979 2646 3048 turpis
2681 2986 2827 3033 esset
2860 2992 3027 3033 causa
3066 2992 3186 3046 quae
3222 2975 3407 3029 futura
3438 2981 3542 3027 erat
3573 2983 3676 3022 con-

2139 3075 2306 3126 traria
2362 3073 2597 3126 veritati.
2654 3071 2712 3125 Si
2776 3071 2923 3125 enim
2980 3071 3212 3124 validior
3265 3078 3319 3124 et
3374 3062 3677 3121 verisimilior

450 3149 549 3204 riis
591 3168 712 3221 quae
751 3155 831 3209 eis
874 3156 1085 3213 utilitas
1128 3161 1270 3214 erit?
1309 3178 1430 3231 qua:
1482 3164 1731 3233 quamvis
1790 3164 2033 3221 honestae
2060 3167 2101 3223 C
2142 3165 2334 3218 fuisset
2385 3165 2591 3219 erroris
2643 3163 2899 3225 assertio,
2934 3162 3079 3215 haud
3123 3161 3285 3215 facile
3313 3159 3579 3229 quisquam
3604 3151 3679 3222 qui

451 3242 745 3311 finguntur,
792 3248 975 3303 nullus
1012 3258 1191 3305 tamen
1221 3270 1287 3307 ex
1320 3255 1399 3307 eis
1431 3264 1527 3308 aut
1561 3272 1695 3311 usus
1723 3258 1788 3311 ad
1816 3258 2026 3313 cultum

448 3337 696 3402 pervenit
740 3347 833 3391 aut
863 3340 928 3391 ad
962 3357 1143 3397 mores
1170 3346 1484 3401 emendatio

518 3424 756 3485 XXXVI.
812 3429 965 3487 Unde
1019 3437 1198 3506 magis
1247 3448 1482 3503 constat,
1544 3444 1688 3512 quod
1735 3445 2029 3515 prudentes

446 3515 549 3570 viri
574 3534 697 3573 cum
736 3523 977 3579 viderent
1006 3544 1353 3584 communem
1404 3536 1851 3601 superstitionem
1918 3548 2028 3594 tam

448 3614 768 3682 probrosam
800 3635 944 3684 esse,
972 3629 1079 3676 tam
1107 3631 1344 3694 turpem,
1382 3644 1481 3683 nec
1510 3638 1691 3685 tamen
1722 3635 2030 3704 corrigendi

446 3705 668 3760 modum
705 3710 941 3780 aliquem
1000 3716 1086 3769 vel
1132 3718 1417 3772 scientiam
1460 3720 1804 3787 didicissent,
1828 3727 2030 3795 quibus

446 3804 752 3864 potuerunt
795 3809 1133 3873 argumentis
1170 3818 1224 3862 et
1257 3810 1800 3882 interpretationibus
1847 3821 2028 3873 conati

446 3894 575 3940 sunt
599 3903 687 3943 res
716 3890 1033 3949 inhonestas
1058 3898 1288 3954 honesto
1315 3917 1568 3960 sermone
1597 3908 1799 3972 velare,
1822 3916 1875 3963 et
1896 3926 2028 3977 non,

445 3983 506 4029 ut
547 3977 760 4039 dicunt.
792 3982 1054 4040 honestas
1091 3991 1334 4046 rationes
1371 3994 1676 4051 inhonestis
1706 3997 1907 4055 fabulis
1936 4016 2031 4055 oc-

445 4069 686 4137 cultare;
736 4075 883 4143 quod
933 4077 978 4132 si
1035 4090 1200 4145 esset,
1248 4100 1527 4156 nunquam
1575 4092 1759 4160 utique
1791 4093 1906 4163 ipsa
1937 4110 2023 4149 eo—

445 4172 565 4211 rum
594 4161 889 4217 simulacra
925 4178 1088 4236 atque
1130 4171 1260 4240 ipsa:
1287 4175 1353 4229 de
1391 4177 1470 4232 eis
1502 4179 1727 4247 pictura:
1754 4161 1878 4237 cum
1914 4187 2029 4242 suis

443 4248 589 4303 vitiis
624 4260 677 4303 et
707 4255 1032 4314 criminibus
1068 4260 1453 4322 formarentur.
1484 4268 1602 4324 Non
1636 4288 1843 4344 cycnus
1874 4278 2030 4332 adul-

442 4347 526 4394 ter
567 4340 746 4408 Ledte,
807 4363 907 4402 nec
951 4358 1142 4409 taurus
1186 4357 1519 4415 formaretur
1568 4340 1819 4436 Europae,
1866 4379 1922 4425 et
1974 4372 2029 4426 in

444 4434 591 4488 mille
646 4448 892 4494 monstra
944 4458 1092 4509 eum,
1122 4464 1281 4516 quem
1314 4460 1507 4521 putant
1555 4459 1832 4513 meliorem
1858 4464 2032 4517 cinni-

442 4523 566 4591 bus,
603 4538 895 4586 verterent.
929 4534 1085 4601 Quod
1136 4540 1321 4610 utique
1353 4545 1398 4597 si
1439 4550 1620 4616 magni
1658 4558 1711 4603 et
1748 4554 2023 4622 sapientes

443 4619 535 4687 qui
580 4632 708 4675 sunt
754 4627 895 4694 apud
944 4644 1038 4685 eos
1096 4634 1218 4697 viri,
1254 4636 1435 4691 fictum
1488 4642 1693 4696 scirent
1726 4661 1871 4711 esse,
1912 4666 2020 4704 non

441 4726 853 4777 verum,nonne
881 4719 1179 4791 impietatis
1211 4741 1503 4797 arguerent
1524 4741 1577 4787 et
1606 4738 1877 4809 sacrilegii
1902 4757 2019 4808 eos,

440 4804 533 4871 qui
578 4806 643 4859 ad
706 4809 961 4878 injuriam
1014 4816 1241 4873 deorum
1274 4822 1586 4891 liujusmodi
1620 4838 1712 4883 aut
1752 4833 2020 4901 picturam

441 4908 706 4964 ponerent
739 4912 831 4955 aut
865 4906 1179 4977 sculperent
1208 4915 1807 4994 simulacraYDenique
1839 4943 2019 4998 regem

442 4992 703 5058 temporis
732 4996 814 5048 sui
839 4996 1137 5071 depingunt
1167 5004 1219 5059 in
1254 5007 1409 5063 bovis
1442 5009 1638 5077 forma,
1666 5018 1751 5071 vel
1782 5022 2019 5088 anseris,

440 5082 523 5136 vel
553 5081 814 5151 formica,
850 5094 929 5146 vel
955 5096 1211 5161 vulturis,
1233 5108 1286 5153 et
1310 5105 1554 5160 scribant
1578 5124 1742 5178 super
1765 5114 1908 5182 regis
1934 5116 2021 5169 sui

437 5189 660 5241 nomen,
681 5182 1176 5253 atquelmjusmodi
1208 5194 1290 5246 vel
1322 5201 1560 5251 statuam
1608 5203 1691 5255 vel
1724 5203 2017 5275 imaginem

434 5268 737 5337 collocent;
772 5285 823 5329 et
890 5279 1150 5349 injuriam
1192 5282 1319 5339 facti
1375 5290 1612 5345 sentient
1664 5302 1719 5348 et
1764 5268 2021 5352 vindictae

436 5362 894 5429 magnitudinem.

508 5452 772 5513 XXXVII.
806 5460 911 5517 Sed
964 5470 1224 5536 quoniam
1280 5489 1405 5528 vera
1468 5477 1582 5533 lure
1634 5482 1810 5552 magis
1867 5492 2016 5550 sunt,

436 5566 559 5620 qua:
588 5553 802 5621 publica
835 5562 1118 5632 turpitudo
1148 5576 1399 5637 testatur,
1420 5582 1473 5629 et
1509 5577 1576 5629 ad
1608 5580 2016 5636 excusationem

438 5658 467 5695 a
524 5647 658 5703 viris
705 5652 1068 5719 prudentibus
1117 5666 1465 5721 sermonibus
1498 5668 1744 5727 honestis
1791 5675 2017 5743 qtuPsita

438 5745 567 5790 sunt
592 5748 645 5794 et
666 5746 992 5803 concinnata
1013 5752 1303 5820 velamina,
1324 5757 1529 5814 idcirco
1561 5778 1669 5816 non
1702 5766 1876 5819 solum
1904 5783 2015 5831 non

441 5833 815 5909 prohibentur,
840 5844 1005 5899 sedet
1039 5845 1170 5916 ipsis
1206 5854 1480 5921 mysteriis
1504 5854 1723 5913 Saturni
1756 5860 1895 5915 filios
1926 5862 2018 5917 de-

454 6080 489 6107 Ε

2134 3259 2189 3309 in
2238 3271 2303 3310 eo
2358 3256 2619 3325 deceptus
2678 3264 2851 3319 esset,
2892 3255 2959 3309 ad
3009 3254 3111 3309 iter
3134 3254 3385 3308 veritatis
3414 3243 3677 3305 rediret.Si

2131 3349 2278 3401 enim
2328 3363 2499 3408 nunc,
2519 3363 2642 3401 cum
2689 3354 2801 3401 tam
2851 3347 3021 3400 multa
3052 3347 3257 3417 probra
3284 3355 3338 3401 et
3366 3345 3602 3399 dedecora
3625 3340 3676 3393 de

2134 3441 2240 3494 diis
2282 3441 2524 3510 gentium
2567 3439 2940 3510 proferuntur,
2975 3441 3063 3494 vix
3095 3440 3300 3509 aliquis
3330 3447 3525 3506 turpem
3552 3434 3675 3486 dere-

2137 3534 2335 3596 Iinquit
2366 3548 2630 3593 errorem,
2667 3541 2876 3601 quanto
2916 3534 3088 3602 magis
3137 3532 3185 3587 si
3220 3538 3367 3587 esset
3411 3528 3477 3582 ibi
3508 3519 3677 3592 aliquid

2134 3626 2423 3681 honestum
2475 3634 2529 3680 et
2564 3625 2897 3680 verisimile?
2934 3624 3234 3680 Diﬂiculter
3272 3636 3493 3693 namque
3525 3631 3665 3672 trans-

2135 3718 2309 3773 fertur
2343 3720 2561 3773 animus
2615 3719 2684 3771 ab
2740 3718 2846 3782 his,
2908 3721 2961 3772 in
3012 3718 3220 3788 quibus
3263 3734 3293 3771 a
3343 3716 3501 3786 prima
3546 3714 3673 3765 aelate

2135 3822 2442 3882 praeventus
2463 3821 2576 3878 est;
2612 3819 2664 3865 et
2702 3813 2771 3865 ob
2811 3812 2935 3877 hoc,
2970 3822 3027 3865 ut
3056 3811 3190 3874 dixi,
3227 3812 3408 3865 divina
3424 3803 3673 3862 Providen-

2134 3906 2207 3956 tia
2236 3904 2436 3957 factum
2472 3912 2555 3956 est
2582 3910 2641 3955 ut
2670 3904 2873 3955 erroris
2904 3900 3217 3955 substantia
3248 3909 3304 3954 et
3335 3895 3531 3951 infirma
3555 3897 3669 3943 esset

2134 4005 2186 4049 et
2217 3995 2415 4066 turpis.
2463 3993 2567 4049 Sed
2598 4003 2651 4049 et
2684 4006 2875 4049 caetera
2907 3996 3085 4047 omnia
3114 3993 3284 4046 simili
3313 3991 3463 4045 modo
3488 3998 3668 4052 compc-

2136 4098 2313 4144 tenter
2359 4098 2413 4142 ct
2463 4090 2749 4143 commode
2784 4088 3067 4157 dispensat
3119 4087 3310 4140 divina
3349 4075 3667 4138 Providentia.

2137 4179 2264 4231 licet
2294 4179 2453 4233 nobis
2488 4176 2869 4247 ignorantibus
2909 4192 3091 4230 rerum
3138 4191 3341 4230 causas
3366 4177 3508 4227 bona:
3529 4173 3667 4233 etop-

2136 4273 2280 4325 tinne
2312 4272 2745 4341 dispensationis
2776 4270 2974 4325 divinae
3005 4285 3115 4323 non
3151 4271 3355 4340 liqueat
3383 4268 3525 4321 ratio.

2204 4363 2316 4418 XL.
2363 4364 2499 4417 Cum
2554 4364 2669 4417 haec
2731 4361 2925 4418 Petrus
2982 4362 3236 4427 dixisset,
3305 4375 3403 4430 ego
3458 4356 3666 4411 Clemens

2134 4458 2373 4513 Nicctam
2408 4458 2685 4529 rogabam,
2725 4467 2783 4511 ut
2816 4457 2993 4527 aliqua
3027 4457 3093 4510 de
3126 4456 3398 4525 allegoriis
3430 4446 3661 4522 gentilium

2132 4570 2273 4623 quas
2306 4554 2592 4623 diligenter
2615 4553 2890 4622 attigerat,
2925 4551 3260 4621 agnoscendi
3286 4548 3449 4620 gratia
3472 4553 3659 4612 expone-

2128 4654 2238 4713 ret;
2272 4646 2403 4700 utile
2437 4648 2582 4701 enim
2614 4652 2720 4711 est,
2751 4653 2810 4698 ut
2837 4644 3055 4714 quando
3072 4657 3198 4697 cum
3220 4635 3664 4713 gentilibusdispu-

2127 4747 2329 4805 tamus,
2362 4740 2528 4793 etiam
2570 4740 2674 4793 ista
2722 4753 2824 4792 nos
2858 4737 3085 4791 minime
3116 4738 3342 4789 lateant.
3377 4730 3437 4785 Et
3464 4728 3619 4781 Niceta
3648 4739 3658 4773 :

2128 4833 2206 4896 Si,
2245 4835 2445 4903 inquit,
2480 4832 2744 4904 permittit
2774 4831 3031 4885 dominus
3058 4844 3214 4885 meus
3245 4827 3447 4885 Petrus,
3475 4830 3660 4891 possunt

2125 4928 2328 4982 dicere.
2365 4926 2503 4980 Tum
2542 4926 2739 4980 Petrus
2772 4944 2785 4981 :
2819 4922 3025 4990 Hodie,
3049 4923 3275 4991 tinquit.
3300 4916 3506 4991 permisi
3536 4909 3659 4965 vobis

2124 5019 2308 5073 dicere
2342 5019 2633 5074 adversum
2659 5019 2911 5089 gentiles,
2948 5025 3006 5070 ut
3037 5018 3234 5070 nostis.
3269 5014 3331 5067 Et
3364 5011 3531 5065 Niceta
3558 5003 3653 5056 ait:

2126 5112 2219 5165 Dic
2248 5128 2398 5181 ergo,
2426 5112 2701 5175 Clemens,
2736 5110 2802 5165 de
2848 5111 3047 5179 quibus
3076 5106 3269 5162 audire
3296 5103 3439 5159 velis.
3469 5098 3553 5153 Cui
3578 5106 3655 5160 ego

2126 5206 2212 5257 aio
2248 5187 2274 5253 ξ’
2300 5202 2585 5267 Quomodo
2633 5202 2855 5255 tradunt
2897 5201 2964 5255 de
3006 5200 3233 5253 deorum
3262 5209 3413 5250 ccena
3444 5185 3652 5261 gentiles.

2123 5312 2286 5367 quam
2322 5298 2374 5349 in
2407 5293 2552 5349 Pelei
2589 5296 2795 5365 nuptiis
2830 5294 3138 5348 habuerunt
3167 5300 3222 5345 et
3251 5288 3501 5345 Thetidis,
3522 5292 3650 5349 quem

2123 5392 2317 5445 dicunt
2345 5408 2467 5447 esse
2502 5390 2747 5446 Paridem
2781 5399 3083 5461 pastorem,
3108 5397 3164 5442 et
3194 5402 3330 5457 quas
3366 5371 3650 5453 ponuntJu-

2123 5500 2343 5549 nonem,
2401 5481 2700 5537 Minervam
2756 5491 2810 5535 et
2868 5479 3157 5544 Venerem,
3204 5491 3323 5548 quae.
3376 5468 3505 5542 apud
3551 5474 3649 5519 eum

2117 5581 2457 5650 judicantur,
2483 5596 2713 5652 quemve
2735 5576 3083 5643 Mercurium,
3118 5574 3203 5629 vel
3226 5569 3364 5642 quod
3397 5564 3589 5619 malum,
3608 5560 3648 5605 et

2122 5684 2315 5728 mtera
2365 5689 2487 5743 qua:
2548 5686 2644 5743 per
2703 5670 2952 5725 ordinem
3013 5670 3437 5736 consequuntur.
3487 5661 3646 5708 91‘3""

2124 5769 2301 5822 nobis.

2204 5858 2336 5914 XLI.
2374 5859 2508 5915 Tum
2562 5859 2749 5915 Niceta
2808 5880 2819 5915 :
2864 5858 3048 5916 Cmnze
3094 5854 3317 5909 deorum
3369 5853 3518 5900 causa
3565 5834 3643 5889 ὶιυε
