3888 6192
217 288 355 345 II“

1471 284 2041 341 RECOGNITIONUM
2077 283 2205 340 LIB.
2262 283 2326 338 Χ.

3368 285 3391 339 I
3403 282 3510 338 ΗΞ

212 400 376 454 modo
414 413 475 453 se
527 397 710 453 habet.
735 395 1062 452 Convivium
1104 394 1369 450 mundum
1405 395 1653 458 tradunt,
1685 395 1803 449 dis-
1837 403 1877 457 Α
1912 394 1988 448 tia
2035 394 2240 465 attigit,
2280 394 2347 448 ad
2381 392 2745 448 assertionem
2785 393 2898 447 veri
2946 393 3219 463 dogmatis
3241 396 3509 459 conferat.

210 488 507 546 cumbendi
554 488 804 543 ordinem
834 487 1065 544 deorum
1121 486 1404 542 stellarum
1440 487 1805 557 positionem;

212 597 354 651 quos
385 579 659 635 Hesiodus
690 580 817 635 cceli
847 588 900 635 et
938 590 1098 635 terrae
1127 579 1336 650 primos
1368 577 1510 633 ﬁlios
1539 579 1807 644 nominat,

213 675 269 728 in
326 672 529 744 quibus
572 688 667 728 sex
716 687 899 728 mares
939 680 995 728 et
1038 686 1133 728 sex
1160 671 1395 728 feminas
1418 673 1487 728 ad
1515 672 1808 726 duodecim

212 763 495 834 signorum
527 774 815 817 numerum
866 762 1133 826 referunt,
1165 779 1287 833 quae
1331 764 1649 818 universum
1702 763 1810 818 cir-

214 863 477 911 cumeunt
524 855 811 911 mundum.
842 854 1023 925 'Dapes
1055 862 1236 910 autem
1284 856 1522 911 convivii
1565 857 1811 912 rationes

206 958 339 1001 esse
384 953 438 1000 et
473 959 673 999 causas
718 944 902 999 rerum
955 945 1181 999 tradunt
1212 946 1404 1002 dulces
1437 954 1493 1001 et
1515 950 1811 1018 concupis-

215 1037 431 1098 cibiles,
486 1051 609 1106 quae
665 1036 904 1105 qualiter
954 1045 1181 1106 regatur
1224 1046 1277 1092 et
1318 1032 1672 1105 gubernetur
1719 1038 1813 1093 hic

216 1128 478 1191 mundus,
509 1141 574 1181 ex
618 1126 902 1196 signorum
942 1126 1215 1195 positione
1243 1136 1297 1182 et
1319 1135 1595 1182 astrorum
1629 1129 1811 1184 cursi-

216 1222 320 1276 bus
338 1220 690 1289 colliguntur.
717 1218 801 1273 Ad
832 1218 1102 1273 libertatis
1116 1225 1303 1273 tamen
1329 1221 1565 1274 convivii
1588 1222 1809 1277 modum

211 1310 410 1366 dicunt
440 1311 546 1365 ista
570 1317 850 1371 constare,
871 1324 972 1377 pro
994 1324 1065 1364 eo
1087 1309 1235 1378 quod
1266 1316 1591 1380 potestatem
1613 1311 1812 1366 habeat

221 1403 655 1472 uniuscujusque
686 1416 903 1465 sensus,
938 1401 983 1455 si
1020 1402 1152 1454 velit
1177 1401 1472 1472 degustare
1503 1402 1710 1472 aliquid
1741 1416 1810 1457 ex

218 1496 541 1565 hujusmodi
570 1495 805 1550 scientia
838 1500 933 1548 aut
962 1493 1009 1548 si
1034 1493 1201 1560 nolit;
1226 1502 1279 1548 et
1306 1496 1451 1549 sicut
1482 1495 1537 1549 in
1559 1495 1812 1550 convivio

221 1604 384 1644 nemo
434 1588 675 1658 cogitur,
707 1586 802 1642 sed
854 1586 1112 1641 vescendi
1147 1586 1372 1642 libertas
1410 1602 1577 1657 penes
1609 1603 1809 1641 unum-

221 1696 494 1751 quemque
518 1689 623 1743 est,
659 1680 736 1734 ita
764 1686 818 1734 et
842 1678 1267 1750 philosophandi
1321 1680 1464 1734 ratio
1510 1681 1712 1750 pendet
1752 1680 1809 1735 in

216 1773 522 1827 voluntatis
591 1772 841 1827 arbitrio.
899 1770 1241 1827 Discordiam
1306 1774 1812 1843 concupiscentiam

221 1864 408 1919 carnis
463 1863 675 1926 dicunt,
709 1880 829 1934 quae
871 1864 1109 1935 insurgit
1148 1865 1437 1921 adversum
1476 1866 1817 1936 propositum

223 1956 424 2008 mentis
475 1960 530 2007 et
585 1954 1011 2025 pliilOSOphandi
1072 1954 1301 2024 impedit
1352 1957 1635 2022 studium;
1694 1957 1817 2011 ideo

222 2043 457 2114 denique
487 2051 541 2100 et
588 2052 804 2113 tempus
836 2044 969 2098 illud
996 2058 1120 2099 esse
1152 2044 1329 2107 aiunt,
1369 2046 1425 2099 in
1459 2060 1569 2115 quo
1601 2046 1669 2099 de
1715 2062 1817 2100 nu-

222 2136 357 2207 ptiis
408 2136 606 2207 agitur.
655 2135 878 2191 Peleum
933 2152 1064 2191 vero
1094 2143 1149 2192 et
1179 2135 1465 2192 Thetidem
1496 2138 1815 2209 nympham,

224 2225 445 2280 aridum
474 2233 527 2280 et
556 2226 839 2280 humidum
864 2222 1073 2297 ponunt
1104 2229 1456 2293 elementum,
1486 2245 1553 2284 ex
1585 2244 1816 2299 quorum

224 2316 554 2373 admistione
616 2318 928 2375 substantia
984 2333 1276 2390 corporum
1337 2327 1573 2375 constat.
1601 2320 1818 2376 Mercu-

226 2409 370 2464 rium
418 2410 646 2465 verbum
701 2425 825 2467 esse
865 2412 1127 2477 tradunt,
1159 2427 1255 2482 per
1285 2413 1430 2482 quod
1465 2413 1654 2468 sensui
1688 2413 1820 2468 doc-

220 2502 373 2556 trina
431 2500 733 2566 confertur,
786 2500 1052 2557 Junonem
1106 2502 1464 2573 pudicitiam,
1518 2503 1819 2558 Minervam

224 2595 605 2651 fortitudinem
633 2636 649 2660 ,
706 2596 973 2651 Venerem
1006 2596 1285 2651 libidinem
1329 2595 1539 2660 dicunt,
1564 2595 1821 2650 Paridem

229 2703 474 2745 sensum.
510 2686 568 2741 Si
604 2703 755 2759 ergo,
790 2688 964 2752 aiunt,
1000 2686 1214 2741 accidat
1264 2686 1319 2740 in
1362 2686 1585 2743 homine
1623 2687 1821 2740 barba-

230 2796 354 2835 rum
383 2796 508 2837 esse
534 2788 588 2835 et
614 2781 929 2851 imperitum
954 2795 1201 2843 sensum,
1227 2787 1280 2833 et
1313 2786 1521 2832 rectum
1548 2779 1819 2848 judicium

230 2874 586 2936 nescientem,
612 2878 795 2941 spreta
827 2870 1087 2941 pudicitia
1119 2877 1173 2925 et
1203 2871 1425 2933 virtute,
1460 2872 1674 2925 libidini
1704 2872 1821 2942 pal-

233 2981 403 3026 mam,
436 2965 578 3035 quod
612 2972 696 3018 est
727 2965 954 3028 malum,
988 2962 1160 3027 dabit,
1197 2979 1291 3032 per
1316 2962 1461 3033 quod
1498 2978 1608 3016 non
1643 2964 1818 3017 solum

227 3058 363 3125 sibi,
388 3058 483 3112 sed
513 3065 566 3112 et
602 3057 818 3112 civibus
847 3065 896 3111 et
934 3056 1205 3110 universae
1235 3056 1383 3126 genti
1434 3057 1723 3111 subversio
1763 3063 1818 3110 et

230 3150 503 3223 pernicies
542 3149 735 3205 aderit.
764 3147 888 3202 llaec
919 3163 1047 3219 ergo
1087 3149 1213 3204 licet
1247 3149 1354 3202 illis
1386 3164 1714 3218 componere
1752 3165 1816 3203 ex

232 3245 481 3316 qualibet
509 3244 737 3307 materia
779 3244 958 3298 visum
984 3242 1074 3306 sit,
1109 3249 1291 3295 tamen
1317 3242 1492 3311 aptari
1516 3241 1583 3295 ad
1610 3257 1825 3296 omnem

232 3338 506 3395 hominem
521 3336 909 3406 possunt,quia
931 3336 975 3390 si
989 3334 1111 3405 quis
1132 3333 1461 3403 pastoralem
1478 3341 1531 3387 et
1552 3333 1819 3387 rusticum

234 3437 398 3498 atque
414 3426 723 3496 imperitum
748 3425 943 3479 habeat
965 3439 1188 3479 sensum
1208 3438 1310 3477 nec
1330 3423 1461 3477 velit
1476 3422 1705 3486 erudiri,
1731 3423 1824 3478 ubi

234 3518 483 3589 corporis
530 3517 679 3572 calor
712 3515 779 3571 de
827 3516 1067 3570 libidinis
1127 3515 1397 3569 suavitate
1457 3515 1814 3584 suggesserit,

234 3612 524 3673 continuo,
567 3609 768 3680 spretis
798 3609 1103 3664 studiorum
1156 3607 1453 3665 virtutibus
1483 3618 1537 3662 et
1584 3608 1825 3663 scientiae

234 3703 417 3766 bonis,
447 3701 516 3756 ad
560 3700 868 3770 voluptates
910 3700 1159 3770 corporis
1203 3700 1446 3753 animum
1491 3697 1724 3756 confert.
1758 3697 1824 3751 Et

238 3796 367 3849 hinc
414 3800 499 3849 est
532 3792 678 3847 unde
732 3792 1003 3863 impacata
1066 3792 1206 3846 bella
1267 3799 1625 3860 consurgunt,
1660 3789 1822 3844 urbes

238 3892 429 3951 ruunt,
461 3886 649 3956 patria:
694 3883 1017 3949 concidunt,
1052 3882 1197 3938 sicut
1225 3892 1277 3936 et
1306 3880 1485 3942 Paris,
1518 3889 1669 3950 rapta
1718 3878 1823 3935 Ile-

238 3979 397 4043 lena,
450 3976 519 4032 ad
568 3985 818 4031 mutuum
870 3974 1091 4030 Graecos
1147 3983 1201 4031 et
1258 3974 1521 4029 barbaros
1589 3973 1823 4026 armavit

236 4070 487 4126 exitibm.

310 4158 466 4218 XLII.
511 4160 577 4217 Et
596 4159 1159 4224 Petrus,collaudans
1208 4157 1645 4230 prosecutionem
1678 4157 1816 4227 ejus,

239 4252 353 4308 ait:
385 4252 603 4319 Multas,
636 4262 696 4309 ut
725 4254 905 4319 video,
929 4254 1195 4325 ingeniosi
1223 4252 1474 4307 homines
1498 4267 1563 4306 ex
1592 4251 1677 4306 his
1699 4266 1821 4321 quae

236 4345 425 4418 legunt
464 4346 975 4403 verisimilitudines
1026 4349 1272 4416 capiunt,
1301 4354 1354 4400 et
1376 4345 1500 4399 ideo
1526 4342 1816 4413 diligenter

235 4437 641 4495 observandum
684 4446 789 4502 est,
822 4446 880 4493 ut
930 4438 1017 4493 lex
1042 4437 1138 4493 Dei
1173 4452 1299 4491 cum
1322 4436 1543 4507 legitur,
1575 4450 1683 4489 non
1734 4449 1820 4489 se-

236 4529 480 4585 cundum
509 4530 713 4601 proprii
751 4530 952 4601 ingenii
984 4529 1397 4600 intelligentiam
1428 4528 1658 4597 legatur.
1681 4524 1821 4580 Sunt

235 4622 385 4677 enim
413 4623 583 4677 multa
609 4622 775 4679 verba
796 4624 850 4677 in
876 4621 1177 4693 Scripturis
1203 4621 1425 4686 divinis,
1449 4636 1571 4691 quae
1591 4626 1822 4690 possunt

237 4712 385 4767 trahi
406 4712 475 4768 ad
501 4729 625 4769 eum
650 4729 895 4779 sensum,
913 4729 1072 4784 quem
1105 4712 1207 4767 sibi
1227 4713 1605 4782 unusquisque
1628 4717 1822 4781 sponte

237 4807 621 4877 praesumpsit;
668 4809 813 4877 quod
875 4807 994 4861 ﬁeri
1050 4821 1162 4860 non
1210 4812 1449 4876 oportet.
1502 4802 1623 4859 Non
1674 4804 1820 4859 enim

238 4914 464 4956 sensum
490 4914 653 4970 quem
679 4899 1021 4954 extrinsecus
1043 4897 1294 4953 attuleris
1316 4897 1554 4952 alienum
1577 4903 1629 4951 et
1649 4903 1826 4951 extra-

237 5006 404 5047 neum
432 4991 599 5048 debes
627 5006 871 5061 quaerere
896 5030 911 5055 ,
943 5005 1106 5061 quem
1153 5004 1220 5045 ex
1268 4987 1678 5059 Scripturarum
1724 5002 1823 5041 au-

237 5083 494 5140 ctoritate
523 5082 833 5149 conﬁrmes,
862 5082 955 5139 sed
1002 5098 1068 5138 ex
1098 5082 1231 5151 ipsis
1261 5079 1564 5151 Scripturis
1598 5093 1821 5134 sensum

237 5192 439 5248 capere
483 5176 764 5243 veritatis;
796 5184 851 5230 et
884 5175 1007 5231 ideo
1052 5181 1270 5244 oportet
1307 5174 1378 5228 ab
1418 5188 1484 5228 eo
1514 5172 1822 5242 intelligen-

239 5272 374 5325 tiam
415 5268 633 5327 discere
677 5267 1115 5339 Scripturarum,
1170 5266 1265 5337 qui
1297 5281 1418 5323 eam
1449 5280 1480 5319 a
1518 5266 1821 5337 majoribus

238 5362 543 5417 secundum
595 5360 884 5416 veritatem
943 5359 1050 5415 sibi
1100 5358 1359 5412 traditam
1420 5364 1623 5421 servat,
1654 5364 1715 5411 ut
1767 5361 1822 5411 et

238 5458 359 5526 ipse
386 5454 561 5525 possit
598 5469 663 5510 ea
700 5469 821 5524 quae
848 5460 998 5508 recte
1027 5451 1293 5522 suscepit,
1326 5457 1701 5521 competenter
1730 5464 1821 5505 as—

236 5563 445 5613 serere.
491 5547 628 5603 Cum
672 5547 818 5602 enim
872 5561 939 5601 ex
980 5544 1181 5600 divinis
1213 5542 1513 5614 Scripturis
1553 5544 1819 5613 integram

237 5641 366 5711 quis
388 5639 693 5711 susceperit
728 5646 785 5693 et
812 5637 1023 5692 ﬁrmam
1053 5636 1297 5709 regulam
1322 5636 1589 5698 veritatis,
1625 5635 1821 5689 absur-

238 5733 373 5787 dum
414 5748 525 5788 non
567 5733 692 5797 erit,
723 5731 769 5787 si
800 5729 1004 5800 aliquid
1037 5728 1199 5784 etiam
1231 5744 1296 5784 ex
1328 5729 1640 5784 eruditione
1668 5742 1821 5782 com-

242 5825 393 5880 muni
423 5838 486 5880 ae
526 5823 591 5882 de
620 5821 935 5879 liberalibus
972 5819 1192 5888 studiis,
1223 5836 1345 5893 quae
1373 5819 1515 5876 forte
1542 5820 1597 5875 in
1623 5817 1816 5889 pueri-

1914 487 1989 541 ita
2036 496 2217 542 tamen
2274 495 2332 541 ut
2382 487 2474 542 ubi
2525 501 2654 541 veru
2699 485 2931 551 didicit,
2970 485 3108 542 falsa
3160 495 3213 543 et
3258 489 3515 546 simulata

1912 581 2169 635 declinet.

1985 689 2172 746 XLIII.
2205 689 2271 744 Et
2303 706 2427 745 cum
2468 691 2584 746 hare
2609 691 2859 757 dixisset,
2904 692 2975 745 ad
3008 700 3218 762 patrem
3258 700 3514 747 nostrum

1925 782 2249 852 respiciens,
2284 783 2360 836 ait
2407 802 2420 837 :
2474 781 2555 837 Tu
2588 798 2746 853 ergo,
2794 798 2985 848 senex,
3022 784 3068 840 si
3096 784 3315 855 quidem
3349 782 3513 839 saluti

1913 878 2108 932 animae
2125 886 2232 932 tuae
2260 876 2529 938 consulis,
2555 883 2615 930 ut
2645 892 2768 930 cum
2798 892 3027 946 corpore
3057 876 3225 931 fuerit
3248 878 3513 940 resoluta,

1914 987 2015 1043 pro
2066 972 2216 1027 brevi
2264 972 2366 1026 hac
2420 971 2782 1026 conversione
2808 971 3054 1039 requiem
3098 970 3343 1024 inveniat
3373 986 3516 1026 sem-

1913 1064 2186 1133 piternam
2209 1103 2223 1124 ,
2257 1064 2475 1132 require
2501 1062 2567 1117 de
2596 1062 2884 1131 quibusvis
2919 1070 2972 1116 et
3003 1062 3231 1118 consule
3251 1101 3267 1126 ,
3300 1068 3359 1116 ut
3389 1076 3517 1132 pos-

1914 1153 1992 1207 sis
2020 1154 2065 1209 si
2106 1153 2239 1224 quid
2271 1155 2325 1207 in
2356 1162 2409 1210 te
2432 1163 2516 1209 est
2540 1153 2905 1209 dubitationis
2944 1154 3206 1223 abjicere.
3241 1153 3515 1209 Incertum

1910 1245 2057 1299 enim
2096 1254 2180 1300 est
2237 1246 2401 1301 etiam
2442 1247 2737 1317 juvenibus
2786 1248 2913 1300 vitae
2969 1254 3209 1317 tempus,
3286 1247 3516 1303 senibus

1914 1349 2093 1393 autem
2135 1339 2248 1408 jam
2292 1355 2393 1395 nec
2420 1341 2694 1395 incertum
2722 1348 2841 1407 est;
2875 1356 2985 1395 non
3016 1342 3163 1394 enim
3194 1340 3512 1411 dubitatur,

1914 1433 2046 1502 quin
2084 1441 2570 1505 quantumcunque
2609 1433 2869 1505 estquod
2902 1442 3129 1505 putatur
3185 1449 3510 1503 superesse,

1909 1524 2080 1582 breve
2127 1528 2219 1582 sit.
2262 1525 2329 1580 Et
2378 1527 2502 1582 ideo
2533 1535 2642 1581 tam
2666 1528 2897 1597 juvenes
2920 1543 3082 1598 quam
3115 1541 3274 1580 senes
3295 1536 3513 1597 Oportet

1914 1618 1981 1674 de
2012 1619 2373 1674 conversione
2421 1626 2475 1673 et
2513 1620 2837 1689 poenitentia
2881 1619 3039 1675 valde
3067 1634 3190 1674 esse
3226 1619 3510 1685 sollicitos,

1846 1748 1886 1804 Β
1916 1720 1970 1767 et
2007 1720 2257 1783 satagere
2294 1720 2351 1767 ut
2385 1714 2451 1769 de
2478 1714 2694 1784 reliquo
2723 1724 2921 1769 ornent
2957 1716 3195 1769 animam
3233 1727 3388 1768 suam
3422 1730 3511 1769 or-

1920 1806 2192 1860 namentis
2239 1804 2599 1876 dignissimis,
2637 1806 2691 1860 id
2726 1814 2811 1862 est
2845 1808 3193 1878 dogmatibus
3241 1810 3510 1874 veritatis,

1919 1896 2116 1951 decore
2153 1896 2452 1966 pudicitiae,
2508 1897 2801 1966 splendore
2840 1898 3091 1967 justitiae,
3120 1903 3363 1958 candore
3393 1903 3508 1972 pie-

1920 1989 2071 2049 tatis,
2110 1989 2343 2058 aliisque
2372 1990 2631 2045 omnibus
2665 1990 2868 2059 quibus
2901 2004 3174 2063 comptam
3209 1996 3364 2050 decet
3391 2009 3515 2050 esse

1919 2080 2301 2134 rationabilem
2365 2088 2637 2150 mentem;
2686 2090 2803 2137 tum
2871 2092 3135 2154 praetcrea
3170 2086 3449 2141 declinare
3482 2100 3511 2139 a

1921 2171 2215 2226 consortiis
2267 2171 2576 2228 inhonestis
2620 2180 2675 2227 et
2724 2173 3060 2240 inﬁdelibus,
3098 2184 3153 2230 et
3217 2177 3514 2232 societates

1920 2261 2123 2315 habere
2160 2261 2398 2315 ﬁdelium
2435 2272 2597 2332 atque
2638 2264 2764 2318 illos
2799 2262 3150 2334 frequentare
3184 2275 3510 2332 conventus,

1920 2350 1973 2403 in
2009 2350 2207 2418 quibus
2243 2350 2309 2404 de
2344 2352 2638 2420 pudicitia,
2668 2353 2736 2407 de
2764 2353 3003 2421 justitia,
3041 2355 3109 2410 de
3143 2356 3346 2426 pietate
3398 2366 3514 2411 tra-

1920 2451 2143 2509 ctatur;
2185 2460 2345 2499 orare
2381 2461 2597 2515 semper
2640 2445 2811 2501 Deum
2850 2464 2916 2503 ex
2963 2449 3129 2504 corde
3159 2457 3214 2504 et
3276 2452 3344 2505 ab
3393 2451 3514 2522 ipso

1921 2541 2105 2602 petere
2153 2550 2274 2603 qua:
2308 2535 2463 2589 decet
2494 2551 2524 2588 a
2557 2535 2668 2591 Deo
2700 2539 2849 2607 posci
2878 2557 2892 2605 ;
2930 2539 3035 2610 ipsi
3087 2542 3294 2610 gratias
3329 2558 3510 2613 agere,

1920 2642 2103 2681 veram
2134 2627 2529 2696 paenitudinem
2555 2645 2744 2698 gerere
2774 2632 3172 2701 praeteritorum
3197 2642 3513 2704 gestorum;

1922 2718 2320 2789 aliquantulum
2381 2721 2566 2783 etiam,
2606 2722 2651 2776 si
2701 2724 2965 2792 possibile
2997 2733 3104 2785 est,
3154 2742 3253 2797 per
3299 2728 3515 2783 miseri-

1920 2811 2140 2865 cordias
2194 2825 2493 2880 pauperum
2554 2812 2752 2881 juvare
2804 2816 3218 2884 paenitentiam;
3258 2833 3355 2888 per
3399 2819 3514 2874 haec

1921 2904 2065 2958 enirn
2130 2903 2342 2957 facilior
2405 2906 2562 2958 venia
2606 2907 2833 2961 dabitur
2890 2915 2945 2964 et
2976 2909 3300 2981 indulgenti
3350 2913 3515 2968 citius

1921 2994 2318 3064 indulgebitur.

1847 3090 1891 3151 ο
1992 3102 2179 3161 XLIV.
2215 3105 2371 3172 Quod
2422 3107 2467 3162 si
2504 3107 2865 3177 provectioris
2910 3108 3089 3169 aetatis
3128 3111 3200 3165 sit
3238 3110 3284 3165 is
3318 3112 3412 3180 qui
3444 3111 3511 3166 ad

1930 3198 2310 3266 pcenitentiam
2358 3198 2527 3264 venit,
2563 3214 2630 3252 eo
2658 3199 2834 3268 magis
2884 3201 3090 3271 gratias
3146 3216 3309 3272 agere
3355 3201 3515 3257 debet

1933 3287 2060 3350 Deo,
2097 3285 2241 3355 quod
2289 3295 2582 3357 postquam
2631 3288 2839 3345 fractus
2896 3299 2981 3344 est
3033 3291 3215 3345 omnis
3279 3292 3515 3361 impetus

1928 3379 2388 3448 concupiscentia
2419 3381 2680 3444 carnalis,
2715 3382 2945 3437 scientia
2977 3383 3228 3437 veritatis
3262 3392 3511 3453 accepta,

1926 3471 2075 3525 nulla
2112 3473 2160 3525 ei
2208 3473 2456 3527 imminet
2496 3489 2673 3544 pugna
2710 3475 3053 3540 certaminis,
3097 3492 3193 3546 per
3228 3492 3391 3546 quam
3428 3477 3515 3532 iu-

1928 3576 2212 3636 surgentcs
2278 3568 2544 3623 adversus
2609 3570 2851 3623 animum
2930 3570 3192 3640 reprimat
3260 3572 3511 3640 corporis

1926 3658 2258 3726 voluptates.
2308 3656 2566 3728 Superest
2608 3676 2739 3730 ergo
2772 3661 2825 3715 in
2861 3662 3138 3731 agnitione
3178 3661 3426 3716 veritatis
3458 3669 3511 3716 et

1926 3749 2318 3805 misericordia:
2351 3751 2610 3820 operibus
2667 3751 2937 3815 exerceri,
2971 3759 3031 3805 ut
3074 3750 3263 3805 afferat
3297 3750 3508 3807 fructus

1924 3842 2119 3914 dignos
2150 3845 2504 3913 pmnitentiae,
2539 3858 2640 3898 nec
2670 3850 2821 3914 putet
2850 3844 2977 3913 quia
3011 3845 3063 3897 in
3098 3843 3362 3914 temporis
3394 3844 3511 3899 lon-

1924 3936 2168 4005 gitudine
2215 3936 2603 3991 documentum
2653 3935 3034 3990 conversionis
3085 3935 3415 4000 ostenditur,
3458 3944 3513 3991 et

1923 4044 2031 4082 non
2066 4028 2119 4083 in
2152 4028 2460 4084 devotionis
2505 4044 2569 4083 ac
2610 4028 2875 4099 propositi
2905 4027 3184 4084 ﬁrmitate.
3220 4028 3328 4083 Deo
3362 4029 3509 4083 enim

1924 4120 2228 4175 manifesta:
2271 4128 2400 4175 sunt
2432 4129 2665 4183 mentes,
2704 4120 2795 4190 qui
2842 4135 2949 4173 non
2996 4126 3302 4188 temporum
3342 4120 3510 4174 ratio-

1923 4227 2046 4266 nem
2080 4213 2312 4283 colligit,
2350 4211 2444 4267 sed
2489 4212 2833 4267 animorum:
2879 4210 2995 4280 ipse
3042 4210 3186 4264 enim
3225 4210 3435 4278 probat,
3464 4210 3510 4265 si

1922 4305 2046 4374 quis
2069 4305 2250 4376 agnita
2272 4304 2521 4360 veritatis
2540 4304 2928 4374 prmdicatione
2955 4318 3065 4355 non
3089 4301 3304 4355 distulit
3335 4318 3511 4373 neque

1921 4408 2137 4469 tempus
2169 4399 2493 4469 negligenda
2524 4396 2887 4466 consumpsit,
2921 4394 3015 4449 sed
3047 4395 3231 4449 statim
3263 4402 3316 4449 et
3349 4395 3395 4449 si
3427 4394 3511 4449 di-

1852 4499 1895 4555 D
1925 4491 1973 4545 ci
2007 4499 2183 4561 potest
2208 4491 2399 4546 eodem
2431 4499 2725 4550 momento,
2756 4488 3029 4558 praeterita
3058 4487 3507 4557 perhorrescens,

1928 4582 2234 4636 futurorum
2287 4581 2619 4637 desiderium
2670 4580 2840 4649 erepit
2888 4586 2942 4633 et
2988 4578 3042 4631 in
3084 4593 3326 4634 amorem
3354 4578 3509 4651 regni

1924 4676 2167 4730 caelestis
2196 4675 2423 4730 exarsit.

1992 4789 2154 4845 XLV.
2197 4789 2426 4860 Propter
2450 4789 2596 4860 quod
2628 4805 2788 4845 nemo
2815 4798 3058 4844 vestrum
3083 4790 3227 4843 ultra
3246 4788 3513 4845 dissimu-

1925 4884 1997 4938 let
2045 4897 2147 4937 nec
2195 4889 2346 4937 retro
2391 4882 2669 4952 respiciat,
2703 4879 2801 4936 sed
2852 4880 2917 4935 ad
2949 4880 3304 4950 Evangelium
3356 4883 3511 4951 regni

1925 4974 2020 5029 Dei
2050 4974 2283 5029 libenter
2312 4972 2557 5027 accedat.
2587 4970 2707 5025 Non
2755 4971 2903 5026 dicat
2952 4985 3179 5041 pauper,
3210 4970 3339 5040 quia
3388 4986 3510 5024 cum

1924 5067 2076 5122 dives
2106 5064 2285 5121 factus
2318 5065 2492 5130 fuero,
2525 5075 2656 5119 tunc
2686 5071 3014 5129 convertar;
3066 5078 3175 5117 non
3211 5061 3448 5133 requirit
3480 5077 3508 5123 a

1925 5170 1979 5219 te
2022 5164 2169 5220 Deus
2213 5164 2523 5235 pecuniam,
2557 5162 2651 5219 sed
2700 5163 2942 5216 animum
2995 5159 3409 5216 misericordem
3456 5163 3510 5212 et

1924 5257 2070 5329 piam
2101 5265 2356 5313 mentem.
2384 5255 2571 5327 Neque
2597 5255 2748 5311 dives
2776 5255 3189 5311 conversionem
3216 5266 3372 5308 suam
3402 5247 3509 5304 dif-

1926 5348 2065 5405 ferat
2112 5364 2211 5421 pro
2256 5349 2626 5405 sollicitudine
2661 5347 2931 5412 saeculari,
2964 5346 3092 5400 dum
3138 5344 3342 5414 cogitat
3372 5355 3509 5411 quo-

1925 5440 2089 5495 modo
2119 5440 2402 5511 dispenset
2431 5436 2825 5512 abundantiam
2871 5440 3086 5507 frugum
3112 5453 3126 5502 ;
3152 5448 3330 5502 neque
3360 5431 3508 5486 dicat

1928 5533 2071 5587 intra
2101 5533 2455 5602 semetipsum
2483 5573 2497 5598 ,
2531 5529 2673 5597 Quid
2698 5529 2896 5599 faciam
2920 5571 2934 5595 ,
2959 5527 3049 5580 ubi
3079 5524 3364 5581 recondam
3389 5523 3509 5593 fru-

1925 5633 2040 5677 ctus
2076 5624 2258 5678 meos?
2292 5621 2477 5691 Neque
2505 5620 2654 5674 dicat
2686 5620 2880 5673 anima:
2926 5632 3040 5671 sua:
3063 5657 3078 5683 ,
3121 5614 3297 5668 Habes
3334 5612 3506 5666 ntulta

1927 5716 2064 5770 bona
2107 5717 2339 5785 reposita
2392 5715 2447 5768 in
2493 5730 2660 5768 annos
2704 5713 2897 5766 multo:
2923 5752 2937 5775 ,
2982 5710 3229 5780 epulare,
3283 5707 3502 5770 laztarc;

1926 5827 2052 5867 nam
2084 5810 2298 5867 dicetur
2315 5808 2365 5865 ei
2403 5828 2415 5862 :
2450 5806 2623 5862 Stulte
2645 5848 2658 5875 ,
2686 5805 2784 5861 hac
2825 5815 2972 5861 nocte
3012 5802 3283 5873 auferetur
3319 5800 3413 5853 ab:
3448 5810 3495 5855 ιι
