3888 6192
453 291 585 346 H13

1264 286 1318 342 S.
1360 284 1751 343 CLEMENTIS
1786 283 1804 337 ι
1838 283 2001 341 ROM.
2038 284 2238 341 PONT.
2266 284 2493 339 OPEBA
2553 284 2788 341 DL'BIA.‘

3547 289 3655 345 HN

451 424 629 463 anima
670 416 784 473 tua,
816 415 867 463 et
888 422 1004 477 quia
1032 408 1355 476 pmparasti
1382 407 1534 476 cujus
1570 414 1720 459 erunt
1756 404 2037 471 "?ltaqne
2066 406 2111 463 Α
2141 409 2350 456 rectum
2378 403 2668 458 consilium
2703 402 2921 473 perdat;
2963 404 3054 458 illa
3091 419 3225 459 vero
3262 419 3379 475 qua:
3404 404 3556 458 malos
3580 420 3659 473 pu-

448 499 669 556 fcstinet
701 500 765 553 ad
803 500 1181 569 pmnitentiam
1226 500 1405 554 omnis
1445 506 1600 558 aetas,
1636 498 1816 550 omnis
1848 511 2031 558 sexus,

450 594 740 663 omnisque
766 592 1029 656 conditio,
1064 600 1123 645 ut
1154 593 1317 646 vitam
1347 599 1721 661 consequatur
1752 599 2030 644 mternam.

447 680 685 737 Iuvenes
715 681 935 753 quidem
966 683 1019 736 in
1048 698 1113 737 eo
1145 683 1286 753 grati
1319 682 1451 745 sint,
1484 682 1629 751 quod
1677 682 1730 735 in
1780 683 1901 750 ipso
1935 682 2036 734 im-

450 786 577 846 petu
626 777 1025 832 desideriorum
1073 778 1319 832 cervices
1371 792 1501 833 suas
1550 777 1683 848 jugo
1734 778 2036 847 subjiciunt

450 868 774 938 disciplinze.
804 866 975 921 Senes
1005 875 1059 922 et
1087 868 1188 937 ipsi
1217 867 1540 932 laudabiles,
1566 870 1696 938 quia
1718 870 1873 923 multi
1894 879 2033 924 tem-

450 962 602 1033 poris
632 958 1111 1024 consuetudinem,
1149 962 1202 1012 in
1252 974 1360 1029 qua
1402 960 1545 1014 male
1592 963 1851 1032 prmventi
1883 969 2033 1027 sunt,

452 1071 551 1127 pro
580 1053 671 1107 Dei
704 1054 901 1107 timore
932 1062 1288 1106 commutant.

522 1143 705 1199 XLVI.
740 1144 908 1198 Nemo
938 1159 1069 1214 ergo
1096 1143 1333 1210 dill‘erat,
1368 1161 1530 1200 nemo
1562 1155 1883 1215 cunctetur;
1914 1165 2036 1219 qua:

449 1236 596 1291 enim
626 1250 793 1288 causa
824 1235 1119 1288 cunctandi
1151 1244 1234 1290 est
1253 1237 1321 1289 ad
1344 1236 1481 1291 bene
1508 1238 1817 1307 agendum?
1844 1249 1937 1294 aut
1966 1241 2035 1293 ti-

452 1341 587 1390 mes,
617 1340 683 1379 ne
707 1340 832 1378 cum
863 1324 999 1379 bene
1030 1327 1247 1389 feceris,
1278 1327 1351 1381 ibi
1389 1329 1891 1383 remunerationem
1922 1346 2033 1385 non

454 1415 700 1470 invenias
753 1424 810 1467 ut
854 1415 1098 1485 putasti?
1139 1415 1201 1468 Et
1236 1416 1366 1486 quid
1397 1420 1604 1473 senties
1634 1418 1947 1475 detrimenti
1985 1422 2031 1475 si

454 1507 591 1562 bene
625 1505 818 1560 feceris
845 1505 1037 1575 gratis,
1066 1521 1246 1561 nonne
1269 1511 1431 1561 etiam
1461 1509 1576 1562 sola
1604 1509 1658 1563 in
1698 1510 1784 1565 his
1810 1511 2032 1565 snl‘lice-

453 1607 537 1652 ret
592 1597 967 1651 conscientia?
1008 1596 1164 1662 Quod
1199 1599 1242 1651 si
1292 1599 1567 1653 inveneris
1610 1607 1670 1653 ut
1720 1602 2028 1670 praesumis,

453 1704 636 1743 nonne
664 1704 763 1758 pro
777 1690 956 1759 parvis
980 1705 1192 1759 magna,
1212 1697 1265 1743 et
1290 1705 1388 1760 pro
1412 1693 1803 1761 temporalibus
1828 1701 2031 1748 acterna

453 1783 724 1853 recipies?
758 1798 945 1837 verum
980 1799 1079 1853 ego
1128 1784 1241 1838 haec
1278 1793 1504 1854 propter
1542 1785 1856 1843 incredulos
1898 1788 2029 1843 dixi.

452 1874 564 1929 Nos
597 1884 777 1929 autem
821 1890 942 1945 quas
988 1876 1371 1944 pradicamus,
1416 1879 1488 1931 ita
1535 1892 1594 1933 se
1634 1878 1856 1945 habent,
1906 1881 2034 1949 quia

453 1980 555 2020 nec
587 1966 746 2020 aliter
775 1981 898 2020 esse
931 1974 1183 2036 possunt,
1231 1984 1352 2038 qua:
1390 1970 1709 2039 prophetica
1748 1986 1880 2026 voce
1909 1988 2037 2042 pro-

454 2058 621 2112 missa
652 2065 799 2113 sunt.

528 2149 734 2205 XLVII.
764 2150 819 2203 Si
846 2152 969 2220 quis
999 2166 1129 2205 vero
1175 2154 1329 2224 cupit
1370 2155 1704 2210 examussim
1751 2156 2036 2209 veritatem

455 2251 661 2297 nostra:
710 2243 1119 2313 praedicationis
1153 2260 1471 2315 agnoscere,
1508 2248 1799 2301 conveniat
1833 2248 1899 2300 ad
1941 2263 2038 2300 au-

456 2334 738 2399 diendum,
770 2344 824 2390 et
858 2338 990 2406 quid
1024 2339 1095 2393 sit
1127 2354 1288 2393 verus
1329 2341 1593 2410 propheta
1631 2349 1953 2410 cognoscat,
1984 2348 2038 2395 et

456 2430 589 2478 tunc
611 2426 830 2479 demum
858 2428 1038 2481 omnis
1069 2429 1122 2481 in
1148 2444 1213 2484 eo
1243 2431 1480 2484 cessabit
1513 2430 1935 2499 ambiguitas;si
1960 2438 2041 2482 ta-

456 2532 582 2573 men
632 2534 743 2572 non
786 2518 1079 2573 obstinatis
1112 2520 1312 2574 animis
1350 2521 1572 2574 resistat
1606 2522 1711 2583 his,
1744 2537 1865 2590 qua:
1912 2539 2039 2576 vera

454 2626 578 2665 esse
590 2613 933 2679 compererit.
953 2609 1090 2665 Sunt
1108 2614 1251 2666 enim
1272 2614 1493 2681 quidam
1513 2615 1603 2682 qui
1624 2615 1864 2682 quolibet
1880 2617 2041 2670 modo

458 2700 527 2755 2d
558 2701 658 2755 hoe
689 2709 899 2755 tantum
932 2704 1233 2773 respiciunt
1260 2712 1319 2757 ut
1349 2704 1592 2767 vincant,
1618 2714 1671 2759 ct
1696 2706 1909 2760 laudem
1944 2723 2041 2775 pro

457 2794 563 2850 hoc
588 2796 760 2865 magis
783 2811 945 2865 quam
974 2796 1205 2849 salutem
1230 2806 1498 2865 quaerant,
1532 2797 1732 2866 quibus
1770 2813 1877 2850 non
1916 2814 2041 2853 eve—

458 2885 575 2939 niat
606 2888 687 2940 vel
719 2886 827 2939 dici
870 2885 1100 2955 aliquid,
1149 2901 1218 2941 ne
1262 2892 1318 2940 et
1349 2902 1529 2941 sermo
1569 2887 1769 2941 nobilis
1807 2888 2043 2956 patiatur

460 2977 739 3045 injuriam,
773 2984 825 3031 et
857 2977 1071 3045 injuria:
1113 2994 1225 3032 suae
1260 2994 1414 3033 reum
1457 2988 1659 3032 aeterna
1694 2989 1866 3033 morte
1904 2994 2035 3033 con-

2141 496 2239 557 nit,
2266 496 2741 565 perturbationem
2765 497 2939 550 menti
2970 512 3079 549 non
3111 494 3301 559 infert,
3336 495 3424 551 sed
3448 510 3590 560 unus,
3618 501 3661 547 ut

2140 589 2213 641 ita
2238 588 2490 652 dixerim,
2530 587 2783 658 idemque
2808 589 3035 645 affectus
3059 596 3165 651 est,
3204 589 3294 659 qui
3326 596 3375 643 et
3405 588 3545 643 bonis
3559 602 3664 657 pra?-

2139 682 2245 734 mia
2273 691 2326 734 et
2348 680 2505 735 malis
2538 681 2791 735 retribuit
2822 697 3074 751 pmnam;
3108 697 3232 735 nam
3257 680 3299 735 si
3330 681 3478 735 bonis
3503 688 3549 733 et
3572 696 3663 733 uia-

2137 771 2206 825 lis
2230 772 2369 825 bona
2398 774 2673 838 restituat,
2706 782 2760 827 et
2794 774 2959 827 simili
2984 774 3420 828 remuneratione
3442 788 3552 841 erga
3569 772 3663 841 pios

2139 874 2325 919 utatur
2350 874 2403 920 et
2432 865 2654 937 impios,
2682 867 2921 936 injustus
2952 868 3134 937 potius
3163 883 3324 937 quam
3359 867 3521 921 bonus
3544 864 3666 920 vide-

2138 957 2307 1011 bitur.

2208 1046 2391 1102 XLIX.
2428 1046 2533 1103 Sed
2560 1049 2642 1104 ais
2669 1070 2680 1104 :
2712 1067 2812 1106 nec
2855 1049 2999 1104 Deus
3042 1049 3231 1103 debuit
3266 1047 3441 1101 facere
3478 1044 3665 1099 malum.

2138 1142 2339 1197 Verum
2380 1140 2554 1209 dicis;
2607 1158 2782 1213 neque
2841 1141 2989 1197 fecit.
3035 1140 3140 1195 Sed
3168 1140 3261 1210 qui
3310 1139 3379 1193 ab
3426 1153 3485 1192 eo
3532 1134 3669 1189 creati

2136 1244 2286 1300 sunt,
2327 1236 2454 1291 dum
2499 1235 2826 1308 judicandos
2868 1251 2927 1291 se
2968 1250 3091 1288 esse
3120 1247 3228 1287 non
3260 1226 3669 1293 crcdunt,indul-

2137 1335 2323 1397 gentes
2348 1328 2717 1398 voluptatibus
2742 1327 2888 1391 suis,
2914 1340 2942 1378 a
2966 1325 3165 1394 pietate
3210 1330 3263 1377 et
3301 1322 3499 1391 iustitia
3537 1317 3672 1372 devo-

2136 1418 2234 1472 luti
2270 1426 2417 1473 sunt.
2462 1418 2569 1472 Sed
2600 1418 2785 1472 dices:
2823 1415 2877 1473 Si
2918 1416 3127 1485 justum
3160 1422 3243 1469 est
3285 1413 3470 1483 punire
3508 1408 3667 1471 malos,

2136 1512 2320 1565 statim
2343 1519 2400 1565 ut
2425 1511 2565 1565 male
2595 1519 2761 1580 agunt
2791 1508 2975 1578 pttniri
2999 1508 3216 1562 debent.
3236 1504 3317 1560 Tu
3336 1504 3538 1576 quidem
3559 1503 3670 1557 bene

2136 1602 2403 1671 festinas;
2435 1604 2529 1659 sed
2555 1604 2644 1657 ille
2667 1603 2761 1673 qui
2791 1608 3030 1657 reternus
3070 1608 3155 1655 est
3185 1606 3237 1654 et
3265 1613 3426 1670 quem
3453 1596 3571 1650 nihil
3603 1596 3667 1647 la-

2137 1705 2235 1760 tet,
2275 1704 2481 1767 quanto
2510 1696 2695 1749 nullus
2724 1694 2773 1749 ei
2806 1695 2953 1757 ﬁnis,
2985 1701 3139 1747 tanto
3174 1699 3229 1745 et
3264 1690 3469 1761 prolixa
3494 1690 3669 1759 patien-

2139 1790 2213 1844 tia
2248 1798 2351 1847 est.
2381 1800 2434 1844 et
2466 1805 2574 1843 non
2604 1787 2669 1841 ad
2703 1788 3049 1841 velocitatem
3092 1785 3365 1847 vindictae,
3400 1781 3490 1836 sed
3522 1780 3575 1832 ad
3601 1793 3671 1832 sa-

2138 1883 2267 1937 lutis
2324 1881 2546 1951 respicit
2594 1894 2824 1944 causas;
2892 1877 3196 1932 delectatur
3257 1875 3403 1929 enim
3446 1888 3543 1927 non
3584 1877 3675 1923 tam

2138 1977 2335 2033 morte,
2361 1984 2523 2039 quam
2553 1968 2915 2022 conversione
2940 1967 3216 2037 peccantis
3234 1965 3305 2019 ".
3339 1963 3460 2018 Ideo
3482 1960 3676 2029 denique

2138 2065 2193 2111 et
2250 2065 2503 2111 sanctum
2551 2057 2825 2126 baptisma
2870 2056 3102 2127 largitus
3146 2063 3231 2109 est
3274 2052 3590 2114 hominibus,
3622 2048 3673 2101 ad

2139 2147 2289 2217 quod
2330 2150 2375 2201 si
2405 2148 2530 2217 quis
2560 2148 2745 2201 venire
2772 2145 3014 2209 festinet,
3044 2153 3098 2199 et
3126 2145 3194 2199 de
3242 2145 3451 2214 reliquo
3499 2146 3677 2196 maneat

2140 2240 2485 2303 emendatus,
2516 2239 2770 2295 delentur
2803 2254 2869 2292 ex
2898 2252 2963 2292 eo
2994 2237 3177 2291 omnia
3207 2244 3449 2307 peccata,
3478 2248 3585 2305 quae
3604 2246 3678 2302 per

2142 2332 2505 2401 ignorantiam
2537 2332 2832 2387 commissa
2865 2338 3013 2384 sunt.

2213 2421 2274 2477 L.
2300 2422 2433 2476 Nam
2458 2422 2769 2493 philosophi
2799 2420 2929 2491 quid
2956 2421 3309 2477 contulerunt
3352 2418 3478 2472 vita:
3517 2419 3677 2469 morta-

2156 2516 2314 2579 lium,
2348 2516 2585 2571 dicendo
2618 2517 2934 2571 hominibus
2974 2532 3080 2571 non
3112 2516 3275 2569 irasci
3303 2511 3681 2575 Deunﬂnempe

2145 2619 2204 2662 ut
2258 2610 2517 2664 d0ccrent
2564 2625 2659 2665 eos
2696 2611 2906 2664 nullum
2948 2610 3150 2664 habere
3188 2609 3441 2661 vindicta:
3487 2598 3681 2667 alicujus

2144 2701 2229 2754 vel
2267 2701 2461 2770 judicii
2509 2710 2734 2763 metum,
2788 2709 2842 2754 et
2888 2716 2987 2770 per
3028 2701 3133 2753 hoc
3189 2708 3303 2753 tota
3366 2692 3681 2767 peccantibus

2146 2790 2298 2845 frena
2321 2792 2593 2847 laxarcnt.
2627 2792 2734 2843 Aut
2762 2791 2891 2860 quid
2923 2791 2999 2845 illi
3034 2791 3335 2843 humanum
3363 2800 3526 2857 genus
3558 2783 3682 2849 juva-

2145 2892 2297 2944 runt,
2330 2883 2423 2952 qtti
2465 2882 2728 2935 dixerunt
2758 2897 2868 2935 nor.
2896 2898 3019 2935 csse
3040 2880 3234 2946 Deum,
3260 2880 3355 2936 sed
3381 2895 3505 2934 casu
3536 2873 3683 2928 omnia

2146 2982 2199 3028 et
2230 2974 2454 3027 fortuito
2488 2975 2609 3043 agi?
2640 2990 2818 3029 nonne
2851 2982 2909 3027 ut
2940 2974 3056 3027 haec
3091 2974 3379 3027 audientes
3401 2969 3685 3025 homineset

460 3071 699 3125 demnet.
736 3069 879 3135 Quid
910 3070 1056 3124 enim
1094 3078 1178 3125 est
1210 3070 1265 3123 in
1304 3085 1413 3140 quo
1459 3070 1740 3124 adversari
1783 3071 2045 3139 praedica-
2072 3085 2114 3142 (ς
2149 3068 2478 3122 arbitrantes
2522 3067 2730 3120 nullum
2762 3082 2884 3122 esse
2911 3067 3176 3136 judieem,
3231 3065 3440 3118 nullum
3478 3059 3686 3131 proviso-

461 3163 595 3217 tioni
628 3168 831 3215 nostra:
872 3162 997 3231 quis
1036 3160 1262 3215 debeat?
1309 3167 1403 3214 aut
1444 3160 1500 3214 in
1550 3176 1661 3231 quo
1709 3168 1899 3213 contra
1933 3162 2045 3215 veri

461 3256 791 3323 honestique
838 3252 999 3307 fidem
1044 3267 1226 3306 sermo
1262 3251 1673 3322 praedicationis
1714 3262 1915 3306 nostra?
1948 3252 2044 3306 de-

462 3342 867 3415 prehenditur?
897 3342 990 3413 qui
1040 3343 1173 3397 dicit
1215 3343 1597 3397 honorandum
1630 3358 1755 3397 esse
1788 3342 1961 3396 Deum
1993 3348 2046 3395 et

464 3432 680 3489 Patrem
723 3436 968 3488 omnium
1010 3434 1371 3498 conditorem,
1408 3434 1638 3503 ejusque
1680 3433 1901 3499 Filium,
1953 3434 2045 3503 qui

465 3526 619 3582 solus
650 3543 774 3580 eum
806 3536 859 3581 et
887 3526 1223 3581 voluntatem
1257 3526 1379 3594 ejus
1414 3526 1587 3590 novit,
1614 3527 1815 3595 cuique
1843 3526 1944 3579 soli
1980 3526 2048 3579 de

464 3616 723 3670 omnibus
755 3614 1091 3669 credendum
1123 3624 1208 3669 est
1239 3631 1359 3685 quae
1391 3617 1683 3685 praecepit;
1718 3615 1870 3670 solus
1900 3616 2047 3669 enim

463 3714 550 3763 est
579 3710 663 3762 lex
693 3714 747 3761 et
769 3708 1047 3777 legislator
1070 3717 1123 3764 et
1150 3709 1316 3777 judex
1337 3709 1544 3778 justus.
1570 3709 1727 3777 cujus
1756 3708 1837 3761 lex
1858 3707 2048 3761 decer-

465 3799 549 3852 nit
577 3798 959 3851 honoraudum
991 3814 1113 3853 esse
1144 3799 1314 3853 Deum
1356 3798 1643 3852 Dominum
1672 3799 1915 3851 omnium
1952 3813 2050 3867 per

466 3890 634 3941 vitam
668 3887 906 3943 sobriam
931 3927 944 3950 ,
985 3897 1225 3950 castam,
1261 3888 1486 3957 justam,
1524 3888 1956 3958 misericordem,
1993 3896 2048 3943 et

467 3978 523 4034 in
559 3980 679 4048 ipso
713 3979 829 4033 solo
857 3995 1072 4033 omnem
1103 3980 1471 4034 collocandam
1509 3996 1679 4049 spem.

541 4066 771 4121 XLVIII.
828 4066 933 4121 Sed
980 4069 1124 4121 dicet
1174 4069 1394 4138 aliquis,
1428 4071 1590 4124 etiam
1639 4087 1669 4123 a
1706 4072 2049 4141 philosophis

470 4158 783 4229 hujusmodi
811 4166 1083 4229 prrecepta
1114 4160 1257 4215 dari.
1291 4160 1437 4216 Mltil
1468 4171 1552 4216 cst
1588 4163 1797 4230 simile;
1824 4179 1950 4217 nam
1983 4164 2051 4218 de

384 4324 387 4327 _
469 4256 678 4311 iustitia
710 4255 930 4323 quidem
978 4255 1047 4309 ab
1078 4258 1159 4311 eis
1188 4265 1242 4311 et
1272 4259 1573 4313 sobrietate
1606 4261 1918 4326 mandatur,
1953 4261 2049 4316 sed

468 4354 932 4401 remuneratorem
956 4346 1124 4402 Deum
1152 4358 1429 4420 gestorum
1454 4353 1721 4406 bonorum
1753 4355 2051 4409 malorum-

2146 3174 2260 3214 rem
2303 3173 2507 3223 rerum,
2548 3157 2616 3210 ad
2653 3172 2814 3211 omne
2857 3156 3093 3219 facinus,
3139 3155 3289 3224 quod
3319 3154 3401 3207 vel
3442 3152 3579 3205 furor
3616 3143 3685 3200 vel

2146 3251 2375 3305 avaritia
2424 3250 2507 3303 vel
2554 3249 2721 3303 libido
2788 3247 3090 3310 dictasset,
3155 3250 3428 3301 neminem
3489 3239 3687 3297 verendo

2146 3344 2456 3413 praecipites
2486 3345 2813 3413 agerentur?
2834 3342 2969 3397 Nam
3000 3343 3075 3397 illi
3110 3341 3347 3394 multum
3372 3352 3544 3392 revera
3561 3335 3689 3404 juve-

2147 3445 2278 3489 runt
2340 3436 2655 3489 mortalium
2703 3436 2898 3499 vitam,
2932 3434 3025 3503 qui
3087 3433 3352 3486 dixerunt
3391 3429 3518 3483 nihil
3558 3436 3689 3494 posse

2147 3526 2265 3580 sine
2290 3528 2474 3596 genesi
2506 3526 2643 3591 fieri,
2675 3527 2887 3581 scilicet
2917 3534 2976 3580 ut
3004 3524 3389 3593 unusquisque
3416 3511 3687 3590 μεθωιίευὶ

2146 3633 2370 3673 causam
2402 3620 2588 3688 genesi
2613 3618 2919 3681 ascribens,
2947 3617 3308 3684 semetipsum
3343 3614 3398 3666 in
3431 3607 3688 3666 sceleribus

2146 3711 2264 3767 suis
2293 3710 2673 3779 pronuntiaret
2711 3708 3014 3767 innoxium,
3045 3706 3176 3759 dum
3200 3703 3410 3757 crimen
3439 3711 3581 3754 suum
3602 3705 3689 3746 non

2148 3802 2465 3871 paenitendo
2496 3800 2682 3865 diluit,
2718 3800 2812 3855 sed
2844 3799 3015 3853 fatum
3046 3795 3328 3865 culpando
3365 3788 3688 3860 congeminat.

2147 3893 2283 3949 Nam
2314 3895 2382 3949 de
2415 3895 2521 3948 illis
2552 3894 2683 3964 quid
2707 3893 2887 3947 dicam
2930 3889 3304 3961 philosophis,
3334 3886 3425 3957 qui
3456 3884 3575 3938 deos
3613 3890 3690 3931 co-

2149 3986 2345 4040 lendos
2396 4001 2520 4040 esse
2571 3986 3019 4039 introduxerunt.
3068 3990 3121 4035 ct
3162 3980 3308 4035 tales
3349 3979 3496 4041 deos,
3536 3970 3689 4043 quale!

2150 4077 2311 4145 paulo
2340 4087 2465 4131 ante
2496 4077 2769 4131 audistis?
2794 4073 2936 4140 Quid
2968 4072 3071 4126 fuit
3093 4072 3245 4125 aliud
3280 4070 3578 4127 decernere,
3600 4058 3689 4115 nisi

2149 4177 2210 4222 ut
2244 4168 2391 4235 vitia,
2416 4169 2521 4223 nisi
2556 4180 2615 4222 ut
2643 4169 2896 4233 crimina,
2933 4168 3040 4223 nisi
3072 4176 3131 4220 ut
3162 4164 3371 4235 ﬂagitia
3396 4145 3692 4215 colerentur?

2147 4256 2320 4313 Pudet
2348 4260 2676 4328 miseretque
2716 4275 2801 4312 me
2835 4260 3022 4322 vestri,
3055 4257 3100 4312 si
3141 4256 3369 4311 creditis
3396 4248 3530 4321 quod
3574 4239 3690 4297 indi-

2147 4364 2253 4420 gna
2299 4350 2412 4403 haec
2453 4359 2637 4403 essent
2682 4359 2735 4403 et
2784 4350 2951 4419 impia
3003 4357 3167 4416 atque
3216 4339 3589 4402 exsecrabilis,
3619 4335 3695 4385 Iul

469 4450 577 4505 que
615 4452 724 4490 non
768 4449 989 4507 norunt,
1028 4448 1083 4493 et
1124 4440 1245 4497 ideo
1275 4443 1421 4512 leges
1449 4455 1501 4498 et
1539 4456 1804 4513 praecepta
1860 4461 2047 4501 eorum
2082 4424 2124 4479 D
2148 4456 2258 4496 non
2306 4440 2737 4511 deprehendistis
2788 4442 3089 4505 hactenus,
3149 4448 3250 4494 aut
3302 4436 3614 4507 deprehensa
3650 4429 3693 4474 el

470 4537 847 4582 accusatorem
867 4530 1245 4585 tantummodo
1261 4533 1538 4602 publicum
1554 4535 1745 4599 vitant,
1761 4540 2048 4594 conscien-

470 4618 601 4673 tiam
632 4636 761 4675 vero
790 4623 1081 4691 puriﬁcare
1110 4638 1214 4676 non
1243 4636 1492 4694 possunt.
1519 4626 1660 4692 Quid
1686 4629 1830 4681 enim
1864 4631 2051 4686 timeat

472 4710 529 4765 in
559 4714 775 4797 occulto
806 4731 1055 4784 peccare,
1094 4717 1185 4787 qui
1237 4718 1575 4772 occultorum
1628 4736 1749 4775 esse
1784 4722 2049 4777 arbitrum

471 4811 527 4858 et
546 4803 787 4872 judicem
824 4808 1041 4862 nescit?
1086 4808 1310 4862 Addunt
1346 4819 1605 4879 prazterea
1636 4813 1945 4883 philosophi
1994 4816 2050 4870 in

473 4898 761 4966 praeceptis
791 4896 929 4961 suis,
956 4899 1121 4952 etiam
1153 4899 1286 4954 deos
1310 4902 1403 4969 qui
1431 4910 1559 4955 sunt
1585 4904 1859 4958 daemones
1880 4906 2051 4960 hono-

472 4986 698 5051 randos,
730 4987 876 5056 quod
909 4989 1112 5055 solum,
1140 4991 1355 5044 etiamsi
1389 4992 1443 5045 in
1475 4994 1599 5047 aliis
1629 4996 1941 5063 probabiles
1970 4998 2051 5052 vi-

473 5074 761 5140 derentur,
792 5079 1131 5147 gravissima:
1159 5095 1256 5136 eos
1285 5089 1466 5151 potest
1496 5084 1792 5153 impietatis
1822 5102 2053 5158 arguere

473 5180 528 5229 et
549 5174 790 5245 propriis
806 5174 1175 5230 condemnare
1196 5178 1506 5241 sententiis,
1532 5180 1623 5249 qui
1639 5194 1809 5234 unum
1831 5181 2054 5251 quidem

471 5282 599 5324 esse
624 5269 981 5337 pronuntiant
1008 5267 1198 5333 Deum,
1229 5283 1330 5339 pro
1362 5273 1732 5326 assentatione
1762 5280 1945 5329 tamen
1967 5289 2055 5329 er-

473 5362 620 5425 roris
645 5362 872 5416 humani
896 5361 1081 5432 plures
1104 5363 1366 5418 mandunt
1389 5365 1670 5421 colendos.
1688 5364 1855 5423 Aiunt
1870 5374 2050 5422 autem

474 5462 533 5509 et
579 5454 717 5509 illud
764 5454 1097 5525 philosophi,
1143 5454 1315 5510 Deum
1358 5472 1468 5512 non
1511 5459 1698 5525 irasci,
1744 5460 2051 5516 nescientes

475 5545 608 5615 quid
626 5545 832 5603 dicant.
854 5547 940 5603 Ira
962 5550 1106 5605 enim
1125 5552 1268 5605 mala
1285 5559 1388 5616 est,
1408 5551 1498 5606 ubi
1513 5561 1749 5610 mentem
1769 5554 1974 5619 turbat,
1993 5562 2054 5611 ut

545 5732 594 5764 "
621 5731 757 5789 Luc.
795 5748 893 5804 xtl,
932 5735 1022 5803 I7,
1061 5738 1145 5802 i9,
1176 5736 1267 5791 '20.
1347 5735 1392 5766 "
1422 5734 1616 5791 Ezech.
1650 5752 1809 5803 xvn',
1838 5738 1906 5794 33

2151 4533 2419 4588 intellecta
2450 4534 2590 4587 mala
2626 4549 2724 4603 pro
2760 4534 2923 4588 bonis
2947 4543 3002 4587 et
3030 4532 3259 4601 optimis
3285 4523 3542 4584 coluistis.

2228 4623 2315 4677 LI.
2344 4621 2483 4675 Tum
2516 4630 2780 4691 praeterea
2814 4626 2868 4673 et
2898 4616 3034 4671 illud
3063 4616 3227 4685 quale
3275 4620 3380 4675 est,
3423 4605 3554 4678 quod
3580 4614 3691 4691 Pr?

2157 4690 2793 4785 sumpseruntinnnnulli
2827 4709 3287 4785 phil050phorum
3314 4703 3400 4757 vel
3428 4701 3492 4755 de
3515 4690 3690 4791 [ξω-ιγ

2156 4813 2433 4881 qui,cum
2465 4810 2577 4862 sint
2604 4806 2887 4868 mortales,
2921 4811 2973 4857 et
3002 4784 3263 4871 opinione
3299 4796 3413 4851 sola
3441 4792 3503 4847 de
3535 4784 3692 4881 iurisi-

2157 4874 2364 4958 bilibus
2404 4902 2588 4955 dicere
2619 4898 2702 4950 vel
2734 4896 2802 4950 de
2841 4893 3033 4948 mundi
3061 4891 3298 4959 origine,
3331 4886 3423 4942 ubi
3451 4895 3553 4939 non
3588 4874 3692 4929 2ἀο-

2152 5005 2279 5052 rant
2311 5011 2435 5051 cum
2480 4995 2658 5054 fieret,
2693 4990 2780 5045 vel
2818 4988 2886 5042 de
2924 4987 3034 5041 line
3064 4986 3186 5054 ejus
3220 4985 3309 5037 vel
3339 4980 3406 5034 de
3429 4977 3691 5069 animat-uta

2155 5091 2213 5144 in
2235 5088 2468 5143 infernis
2496 5083 2909 5154 dispensatione
2934 5088 2991 5134 et
3005 5077 3242 5147 judicio,
3278 5072 3570 5129 nescientes
3588 5069 3690 5131 qui!

2157 5180 2451 5252 praesentia
2474 5177 2696 5249 quidem
2718 5182 2774 5231 et
2816 5172 3057 5229 visibilia
3087 5184 3258 5225 nam
3284 5162 3511 5222 hominis

2156 5241 2461 5335 iionabilis,
2492 5241 2786 5341 praterita
2822 5279 2956 5321 vero
3006 5269 3077 5318 et'
3105 5261 3293 5316 futura
3344 5266 3397 5314 et
3441 5241 3689 5310 invisibilia

2160 5366 2326 5430 scire,
2357 5365 2533 5421 solius
2571 5360 2909 5433 prophetica:
2934 5355 3296 5429 praseientite
3320 5358 3419 5407 est.
3452 5345 3560 5401 Non
3583 5346 3688 5436 ergo

2160 5462 2277 5516 haec
2317 5457 2655 5529 conjecturis
2680 5463 2737 5511 et
2766 5451 3127 5524 opinionibus
3160 5442 3463 5518 colligenda
3490 5438 3687 5534 δῑξιιῇιξ

2162 5555 2361 5626 quibus
2386 5528 2541 5609 valde
2563 5550 2829 5607 falluntur
2852 5544 3126 5611 homines,
3158 5541 3255 5597 sed
3278 5539 3381 5596 Iide
3407 5528 3689 5607 [mpm
