3888 6192
263 280 398 338 1445

1502 279 2070 336 RECOGNITIONUM
2104 280 2231 335 LIB.
2285 280 2346 333 Χ.

3384 265 3516 321 1446

254 394 527 461 veritatis.
562 396 707 451 sicut
745 412 807 453 se
843 397 1009 453 habet
1038 397 1154 452 haec
1188 402 1377 451 nostra
1405 396 1679 451 doctrina.
1721 395 1832 451 Nos
1861 403 1908 458 Α
1938 397 2229 452 lectatione
2257 396 2375 465 ipsa
2405 393 2670 449 doctrinae
2691 398 2745 447 et
2777 390 3044 447 suavitate
3074 384 3362 440 verborum
3393 397 3514 452 per-

254 490 402 543 enim
436 489 573 543 nihil
602 505 669 544 cx
698 490 857 546 nobis
878 490 1175 561 loquimur,
1208 504 1308 545 nec
1338 489 1576 543 humana
1605 490 1838 544 aestima-

255 579 404 636 tione
439 582 668 637 collecta
700 584 1115 646 annuntiamus,
1148 583 1253 637 hoc
1285 584 1431 637 enim
1472 583 1722 653 decipere
1752 591 1836 638 est

255 672 572 740 auditores;
601 675 696 729 sed
724 675 836 729 veri
871 674 1149 745 propheta:
1184 675 1507 730 auctoritate
1534 676 1692 731 nobis
1721 685 1835 729 tra-

254 766 368 819 dita
384 765 797 821 etmanifestata
816 767 1196 837 praedicamus.
1224 753 1476 836 Decujus
1494 767 1833 836 praescientia

259 866 315 913 et
342 859 546 913 virtute
576 860 915 929 prophetica,
948 861 994 916 si
1021 862 1167 931 quis,
1201 869 1261 915 ut
1298 861 1431 924 dixi,
1465 860 1531 914 ad
1563 860 1831 928 liquidum

251 951 369 1004 vult
413 951 744 1006 documenta
785 952 1092 1024 suscipere,
1119 953 1391 1011 sollicitus
1430 953 1740 1015 conveniat,
1778 960 1832 1008 et

253 1040 485 1110 impiger
523 1042 594 1096 sit
646 1041 715 1095 ad
758 1044 1113 1109 audiendum,
1156 1051 1211 1100 et
1248 1045 1526 1099 evidentes
1578 1043 1832 1098 dabimus

251 1134 627 1203 probationes,
678 1136 880 1205 quibus
928 1136 1039 1191 vim
1090 1137 1422 1209 prophetica:
1475 1135 1832 1205 praescientiae

251 1239 360 1279 non
410 1226 585 1281 solum
614 1227 841 1284 auribus
883 1230 1096 1296 audire,
1131 1232 1227 1286 sed
1258 1239 1311 1286 et
1345 1232 1520 1286 oculis
1554 1232 1719 1285 etiam
1748 1231 1831 1285 vi-

251 1318 381 1373 dere
425 1333 490 1373 ac
532 1336 698 1376 manu
734 1329 1079 1379 contrectare
1127 1340 1186 1380 se
1216 1324 1424 1380 credat.
1458 1324 1534 1380 De
1564 1340 1674 1395 quo
1704 1339 1830 1379 cum

254 1418 458 1466 certam
496 1412 657 1468 fidem
687 1416 1022 1486 conceperit,
1049 1418 1239 1489 jugum
1280 1419 1510 1488 justitiae
1538 1428 1591 1475 et
1612 1420 1830 1490 pietatis

252 1502 459 1573 absque
511 1505 622 1559 ullo
663 1507 851 1563 labore
892 1510 1155 1580 suscipiet
1192 1512 1259 1576 ⁷⁷,
1301 1518 1619 1583 tantamque
1662 1514 1717 1567 in
1762 1529 1830 1569 eo

252 1597 451 1651 sentiet
481 1598 825 1666 suavitatem,
855 1608 913 1655 ut
941 1617 1049 1657 non
1078 1603 1255 1658 solum
1287 1605 1422 1659 nihil
1448 1605 1500 1659 ei
1525 1606 1726 1660 laboris
1749 1607 1832 1660 in-

250 1704 374 1744 esse
409 1699 689 1755 causetur,
724 1708 912 1748 verum
962 1703 1017 1750 et
1048 1696 1282 1766 amplius
1324 1697 1529 1769 aliquid
1572 1698 1696 1753 addi
1724 1700 1829 1753 sibi

249 1781 521 1838 desideret
542 1792 597 1839 et
620 1786 845 1857 imponi.

320 1873 431 1931 Lll.
467 1875 713 1949 Cumque
755 1879 869 1935 haec
896 1887 950 1935 et
978 1881 1088 1935 alia
1129 1881 1216 1938 his
1254 1882 1454 1937 similia
1486 1882 1737 1949 dixisset,
1778 1893 1832 1940 et

249 1968 545 2023 nonnullos
578 1985 643 2025 ex
681 1970 767 2026 his
801 1974 895 2042 qui
929 1973 1155 2028 aderant
1201 1974 1448 2030 infirmos
1487 1984 1541 2030 et
1570 1976 1835 2030 daemoni-

249 2060 355 2115 bus
386 2062 643 2118 obsessos
673 2075 943 2130 curasset,
974 2067 1314 2136 gratulantes
1336 2074 1390 2123 et
1420 2067 1588 2122 Deum
1625 2070 1833 2123 collau-

250 2152 444 2210 danles
485 2157 673 2211 turbas
701 2158 927 2223 dimisit,
950 2160 1271 2229 praecipiens
1301 2162 1381 2217 eis
1405 2170 1464 2216 ut
1492 2162 1559 2216 ad
1583 2162 1831 2217 eumdem

250 2245 431 2299 locum
462 2248 624 2300 etiam
660 2250 1123 2319 consequentibus
1150 2250 1343 2307 diebus
1373 2252 1626 2306 audiendi
1658 2254 1833 2324 gratia

252 2340 630 2395 convenirent.
656 2340 903 2411 Cumque
944 2342 1094 2397 domi
1134 2344 1248 2412 jam
1279 2344 1423 2399 inter
1450 2360 1552 2400 nos
1583 2361 1832 2402 essemus

252 2446 317 2486 ac
363 2448 799 2503 praepararemus
845 2436 911 2489 ad
949 2434 1243 2501 edendum,
1285 2436 1567 2507 ingressus
1609 2438 1830 2508 quidam

252 2525 471 2578 nuntiat
517 2524 818 2595 Appionem
868 2526 1324 2584 Plistonicensem
1359 2528 1473 2601 (60)
1509 2546 1633 2584 cum
1678 2531 1831 2584 Anu-

255 2615 419 2672 bione
452 2635 630 2689 nuper
661 2619 876 2675 venisse
906 2620 975 2674 ab
1002 2622 1317 2689 Antiochia,
1340 2629 1394 2677 et
1418 2622 1683 2692 hospitari
1708 2638 1831 2676 cum

255 2708 498 2767 Simone.
534 2712 671 2767 Tum
692 2722 846 2783 pater
877 2714 1107 2770 audiens
1139 2716 1360 2785 gavisus
1413 2724 1518 2783 est,
1550 2723 1603 2772 et
1634 2716 1709 2769 ait
1734 2715 1834 2770 Pe-

253 2810 340 2856 tro
368 2823 378 2855 :
415 2801 472 2856 Si
498 2804 793 2873 permittis,
826 2805 951 2859 volo
988 2805 1068 2860 ire
1103 2812 1156 2859 ct
1195 2806 1435 2861 salutare
1455 2806 1753 2876 Appionem
1780 2815 1835 2862 et

250 2890 623 2960 Anubionem,
655 2895 785 2966 quia
822 2895 979 2950 valde
1008 2894 1173 2949 amici
1212 2894 1344 2948 mibi
1370 2902 1529 2960 sunt;
1582 2894 1835 2951 fortassis

253 2995 433 3038 autem
468 2986 811 3041 Anubionem
852 2986 1016 3042 etiam
1067 2986 1298 3041 suadere
1341 2993 1531 3056 potero
1553 2986 1834 3056 disputare

1939 489 2129 558 vigiles
2162 487 2484 541 mansimus.
2509 484 2575 537 Et
2601 498 2726 537 cum
2753 482 2865 551 jam
2896 484 3292 537 auroresceret,
3314 472 3515 529 Petrus

1938 582 2163 636 intuens
2196 596 2282 635 me
2312 594 2377 633 ac
2413 578 2610 632 fratres
2634 590 2805 638 meos,
2836 574 2910 627 ait
2938 592 2949 627 :
2981 571 3147 625 Miror
3178 568 3306 639 quid
3334 569 3513 621 visum

1937 674 2010 728 sit
2045 673 2183 743 patri
2222 680 2427 727 vestro.
2469 670 2719 739 Cumque
2762 667 2878 721 haec
2916 667 3143 731 diceret,
3198 660 3515 732 supervenit

1936 775 2091 836 pater
2146 763 2455 830 etz‘invenit
2500 760 2722 815 Petrum
2766 759 2926 813 nobis
2966 757 3032 811 de
3071 772 3129 811 se
3177 755 3510 823 loquentem.

1934 858 2185 927 Cumque
2236 857 2555 919 salutasset,
2606 852 2926 908 satisfacere
2972 849 3141 918 coepit
3183 854 3236 901 et
3290 859 3513 899 causam

1934 966 2226 1021 exponere,
2258 950 2329 1004 ob
2360 964 2525 1019 quam
2560 945 2694 1001 foris
2728 944 3041 998 mansisset.
3068 939 3177 995 Nos
3219 948 3396 992 autem
3428 952 3515 990 re-

1935 1043 2231 1112 spicientes
2251 1042 2315 1095 ad
2339 1056 2462 1095 eum
2494 1038 2834 1108 expavimus,
2853 1036 3063 1088 vultum
3090 1034 3144 1087 in
3172 1046 3237 1086 eo
3272 1028 3515 1085 Simonis

1933 1137 2184 1190 videntes
2218 1131 2351 1205 (6i),
2384 1146 2572 1185 vocem
2608 1137 2790 1183 tamen
2822 1126 2993 1197 patris
3038 1123 3208 1178 nostri
3254 1122 3517 1176 audieba-

1933 1244 2077 1283 mus.
2131 1226 2381 1295 Cumque
2422 1223 2801 1295 refugeremus
2830 1236 2954 1274 eum
2987 1224 3040 1271 et
3072 1228 3511 1276 exsecraremur,

1934 1323 2187 1394 stupebat
2220 1328 2374 1390 pater
2405 1316 2551 1386 quod
2582 1322 2692 1368 tam
2725 1318 2943 1367 austere
2978 1324 3103 1363 cum
3133 1322 3199 1362 eo
3226 1320 3515 1375 ageremus

1933 1424 1986 1473 ct
2028 1418 2279 1472 barbare.
2336 1413 2500 1467 Solus
2545 1417 2729 1464 tamen
2765 1406 2962 1461 Petrus
2990 1418 3129 1466 erat,
3178 1401 3272 1471 qui
3303 1401 3515 1454 vultum

1933 1509 2055 1579 ejus
2088 1506 2392 1561 naturalem
2446 1502 2709 1557 videbat:
2748 1498 2843 1569 qui
2876 1506 2931 1552 et
2982 1497 3059 1550 ait
3109 1494 3176 1548 ad
3233 1509 3334 1548 nos
3364 1512 3376 1547 :
3404 1490 3517 1546 Cur

1933 1600 2297 1658 exsecramini
2353 1604 2563 1667 patrem
2617 1591 2902 1650 vestrum?
2941 1589 3041 1644 Cui
3082 1604 3185 1643 nos
3233 1602 3341 1641 una
3388 1601 3516 1640 cum

1933 1699 2108 1747 matre
2136 1689 2522 1758 respondimus
2558 1704 2570 1739 :
2611 1683 2711 1738 Hic
2741 1682 2901 1737 nobis
2939 1679 3127 1734 Simon
3151 1678 3387 1739 videtur,
3419 1690 3518 1730 vo-

1935 1802 2050 1842 cem
2084 1784 2289 1838 habens
2322 1780 2490 1851 patris
2526 1777 2721 1833 nostri.
2758 1774 2823 1828 Et
2847 1772 3041 1828 Petrus
3066 1790 3079 1826 :
3104 1769 3274 1825 Vobis
3297 1769 3517 1839 quidem

1934 1894 2039 1933 vox
2070 1877 2190 1947 ejus
2219 1892 2342 1946 quae
2370 1872 2660 1928 maleficiis
2701 1875 2912 1923 mutata
2961 1880 3070 1919 non
3099 1872 3204 1927 est,
3240 1864 3355 1919 sola
3387 1871 3517 1917 nota

1934 1980 2050 2037 est;
2085 1969 2217 2023 mihi
2253 1975 2435 2021 autem
2479 1965 2643 2019 etiam
2691 1962 2876 2015 vultus
2908 1957 3050 2028 ejus,
3094 1956 3188 2026 qui
3229 1954 3355 2009 aliis
3400 1961 3519 2009 arte

1937 2063 2177 2118 Simonis
2200 2058 2446 2114 mutatus
2479 2061 2727 2127 apparet.
2763 2048 3105 2105 Faustiniani
3141 2048 3315 2117 patris
3345 2044 3517 2101 vestri

1934 2161 2097 2209 notus
2121 2160 2224 2208 est.
2263 2150 2328 2204 Et
2351 2150 2569 2202 intuens
2596 2153 2803 2215 patrem
2827 2140 2904 2194 ait
2940 2160 2952 2194 :
2982 2139 3159 2193 Causa
3185 2153 3305 2207 quae
3326 2151 3519 2205 conju-

1933 2264 2054 2319 gem
2088 2254 2236 2300 tuam
2268 2242 2561 2299 conturbat
2586 2253 2649 2291 ac
2688 2234 2854 2298 ﬁlios,
2890 2233 3005 2287 haec
3029 2241 3132 2293 est,
3161 2230 3373 2300 species
3398 2229 3518 2283 vul-

1935 2350 2024 2396 tus
2057 2340 2110 2394 in
2140 2348 2193 2394 te
2223 2354 2335 2393 non
2364 2336 2581 2390 videtur
2608 2332 2699 2386 illa
2725 2345 2846 2401 quae
2872 2327 2995 2391 fuit,
3032 2326 3127 2381 sed
3161 2324 3331 2379 facies
3358 2337 3518 2379 exse-

1933 2432 2124 2486 crandi
2168 2428 2408 2484 Simonis
2440 2428 2495 2481 in
2521 2434 2573 2480 te
2608 2430 2855 2493 apparet.

2005 2520 2140 2575 LlV.
2176 2520 2243 2572 Et
2282 2534 2406 2573 cum
2442 2516 2560 2570 haec
2588 2515 2827 2581 diceret,
2860 2524 3145 2579 regressus
3181 2506 3405 2577 quidam
3449 2520 3519 2560 ex

1933 2615 2020 2669 his
2049 2613 2143 2683 qui
2176 2608 2519 2665 Antiochiam
2570 2609 2993 2675 praecesserunt,
3035 2599 3255 2655 dicebat
3294 2597 3363 2651 ad
3411 2595 3516 2652 Pe-

1934 2714 2079 2761 trum
2112 2725 2125 2759 :
2163 2703 2316 2757 Scire
2346 2712 2398 2754 te
2422 2700 2568 2762 volo,
2599 2697 2819 2751 domine
2845 2693 2917 2747 mi
2954 2692 3135 2757 Petre,
3166 2691 3297 2761 quia
3329 2689 3519 2745 Simon

1935 2798 2077 2870 apud
2100 2795 2442 2850 Antiochiam
2473 2790 2691 2862 publice
2723 2788 2893 2842 multa
2915 2785 3123 2840 faciens
3144 2785 3297 2855 signa
3322 2792 3375 2837 et
3392 2796 3513 2853 pro-

1934 2894 2101 2964 digia,
2144 2892 2281 2946 nihil
2313 2890 2462 2944 aliud
2494 2887 2694 2957 populo
2738 2883 3015 2954 persuasit
3050 2881 3159 2935 nisi
3190 2894 3310 2949 qua:
3336 2880 3404 2935 ad
3438 2877 3518 2933 tui

1935 2970 2119 3040 odium
2152 2982 2450 3054 pertinent,
2487 2995 2704 3048 magum
2738 2986 2791 3031 te
2831 2976 3147 3036 nominans,
3183 2970 3514 3032 maleficum,

250 3090 378 3130 cum
411 3076 689 3134 Clemente
713 3079 780 3134 de
808 3080 1016 3150 genesi.
1049 3078 1116 3133 Et
1148 3080 1347 3137 Petrus
1383 3101 1395 3137 :
1430 3081 1713 3147 Permitto,
1747 3083 1833 3136 in»
1858 3090 1904 3151 ο
1936 3079 2290 3139 homicidam,
2321 3084 2375 3129 et
2404 3075 2460 3128 in
2502 3079 2718 3127 tantum
2751 3085 2847 3124 eos
2897 3069 3186 3123 adversum
3229 3072 3283 3118 te
3330 3062 3517 3117 odium

253 3170 394 3240 quit,
420 3178 475 3225 et
507 3172 670 3227 laudo
699 3173 843 3240 quod
877 3174 1086 3229 amicos
1110 3174 1274 3241 colis;
1296 3182 1675 3229 verumtamen
1693 3190 1827 3229 con-

250 3263 458 3328 sidera,
490 3264 763 3334 quomodo
796 3280 890 3334 per
931 3265 1328 3335 providentiam
1370 3264 1466 3321 Dei
1495 3266 1680 3320 omnia
1729 3266 1829 3320 tibi

253 3371 321 3411 ex
351 3358 623 3412 sententia
650 3366 1019 3426 concurrant;
1048 3374 1181 3415 ecce
1204 3360 1352 3414 enim
1386 3376 1498 3414 non
1527 3360 1704 3415 solum
1743 3359 1828 3414 af-

254 3448 420 3505 fectio
448 3450 546 3504 tibi
578 3450 821 3521 propria,
854 3450 965 3507 Deo
993 3459 1574 3522 praestante,reparata
1597 3459 1700 3516 est,
1733 3452 1829 3507 sed

251 3548 310 3596 et
343 3541 643 3596 amicorum
675 3543 965 3612 praesentia
996 3554 1343 3610 procuratur.
1374 3543 1441 3597 Et
1465 3551 1617 3614 pater
1646 3562 1658 3598 :
1697 3542 1852 3609 Vere,

254 3634 452 3704 inquit,
485 3633 708 3690 adverto
735 3636 810 3691 ita
830 3650 972 3700 esse,
1006 3643 1067 3691 ut
1095 3636 1253 3692 dicis.
1286 3635 1499 3690 Etcum
1524 3635 1640 3690 haec
1660 3635 1827 3691 dixis-

252 3734 358 3789 set,
390 3725 526 3781 abiit
553 3726 621 3781 ad
651 3724 1015 3781 Anubionem.

324 3817 459 3875 Llll.
489 3818 600 3874 Nos
629 3826 811 3874 autem
841 3834 964 3874 cum
990 3816 1152 3873 Petro
1181 3818 1346 3890 positi
1384 3832 1481 3890 per
1531 3825 1696 3873 totam
1728 3832 1829 3872 no-

254 3920 399 3968 ctem
421 3910 809 3983 interrogando
831 3911 899 3967 de
920 3910 1154 3967 diversis
1176 3916 1231 3965 et
1250 3908 1511 3964 discendo
1531 3908 1602 3963 ab
1619 3922 1705 3972 eo,
1729 3906 1825 3961 de-

363 4092 406 4121 ”
431 4088 621 4144 Matth.
650 4103 729 4155 ιι,
757 4088 846 4142 50.

1934 3166 2251 3229 concitavit,
2287 3174 2349 3220 ut
2404 3176 2735 3234 magnopere
2762 3159 3096 3219 desiderent,
3132 3154 3178 3211 si
3203 3163 3254 3208 te
3281 3166 3517 3221 usquam

1934 3260 2178 3315 invenire
2209 3264 2433 3326 queant,
2458 3255 2622 3309 etiam
2656 3265 2852 3306 carnes
2884 3257 3005 3302 tuas
3033 3247 3332 3310 devorare;
3361 3250 3415 3297 et
3445 3243 3517 3297 ob

1934 3351 2038 3405 hoc
2065 3363 2169 3404 nos
2197 3348 2290 3418 qui
2323 3344 2593 3417 praemissi
2624 3357 2817 3397 sumus
2838 3380 2852 3403 ,
2889 3337 3138 3392 videntes
3175 3335 3334 3389 valde
3364 3348 3518 3388 com-

1932 3449 2137 3498 motam
2168 3448 2362 3495 contra
2392 3445 2444 3491 te
2474 3437 2776 3499 civitatem,
2808 3430 3026 3485 occulte
3069 3429 3123 3482 in
3169 3442 3341 3482 unum
3381 3441 3517 3481 con-

1934 3536 2215 3590 venientes
2245 3529 2730 3587 considerabamus
2762 3523 2893 3594 quid
2930 3521 3048 3576 fieri
3075 3525 3372 3589 oporteret.

2006 3625 2119 3681 LV.
2150 3625 2399 3693 Cumque
2435 3621 2647 3676 nullum
2684 3618 2998 3671 videremus
3035 3614 3244 3668 exitum
3290 3611 3390 3676 rei,
3422 3625 3517 3665 su-

1932 3718 2181 3791 pervenit
2234 3714 2525 3771 Cornelius
2570 3710 2843 3774 centurio,
2893 3707 3097 3761 missus
3132 3719 3163 3757 a
3204 3702 3419 3759 Caesare
3447 3700 3516 3755 ad

1932 3810 2220 3882 praesidem
2245 3808 2508 3863 Caesareae
2538 3802 2741 3874 publici
2767 3799 2969 3871 negotii
2998 3797 3173 3869 gratia
3197 3813 3211 3864 ;
3245 3796 3393 3849 hunc
3422 3807 3518 3847 ac-

1934 3902 2205 3958 cersimus
2240 3900 2308 3954 ad
2337 3913 2439 3953 nos
2484 3895 2683 3958 solum,
2719 3904 3053 3959 causamque
3091 3887 3141 3943 ei
3191 3901 3298 3957 qua
3332 3886 3515 3940 maesti

1516 4224 1879 4285 COTELERII
1948 4221 2173 4277 NOTAE.

326 4423 741 4512 (60)Appionem
766 4423 1211 4472 Plistonicensem.
1271 4423 1545 4482 Epitomes
1585 4423 1635 4463 c.
1671 4423 1777 4462 to.)
1812 4426 1824 4461 :

264 4496 507 4549 Ἀππιων
528 4497 555 4547 ὁ
576 4486 1451 4559 Illam-cavum;7Cleme_ntmorun}
1475 4497 1549 4559 iv,
1580 4478 1613 4532 6
1643 4499 1657 4533 :
1698 4480 1825 4531 Ἀπο

255 4568 432 4619 πίωνα
451 4566 541 4618 τὸν
568 4551 951 4629 Πλειστονίκτίν
969 4551 1195 4627 .lnsigni
1216 4551 1519 4629 tamenuisti
1551 4564 1821 4620 gramma-

254 4639 384 4697 tico,
410 4636 503 4705 qui
529 4650 559 4688 a
581 4632 622 4687 Τ
632 4623 1135 4705 iberioAcymbalum
1166 4625 1354 4705 mundi
1384 4623 1686 4705 dicebatur,
1707 4635 1828 4705 pro-

254 4708 341 4762 cul
369 4692 534 4760 dubio
564 4717 761 4757 nomen
793 4692 894 4754 fuit
928 4700 1146 4761 Ἀπίων,
1193 4697 1392 4766 Apion,
1446 4700 1506 4747 ut
1551 4692 1824 4766 interdum

254 4760 512 4831 exhibent
535 4773 754 4828 codices
783 4786 915 4825 mss.
942 4760 1143 4839 quibus
1172 4760 1258 4821 usi
1290 4771 1698 4839 sumus,utq~ue_
1714 4760 1827 4814 fere

254 4862 470 4915 semper
502 4846 555 4898 in
579 4842 779 4915 Graecis
810 4831 976 4915 libris:
1001 4841 1266 4915 scriptum
1296 4831 1701 4915 invenies."Sed
1734 4846 1825 4912 er-

252 4902 449 4969 rarunt
482 4911 777 4984 aliquando
805 4909 978 4984 _Graaci
1009 4902 1180 4984 etiam
1219 4904 1535 4984 antiquarii.
1568 4902 1726 4984 _Unde
1770 4902 1825 4955 in

254 4985 489 5041 Tatiano
535 4974 680 5039 recte
727 4982 948 5052 quidem
996 4996 1049 5050 p.
1086 4978 1188 5033 164
1229 4974 1428 5052 legitur
1462 4974 1742 5036 Ἀπίωνος,
1773 4981 1829 5052 at

254 5071 542 5126 perperam
574 5070 628 5126 pg.
672 5044 775 5107 ΗΞ
814 5044 1470 5126 excusum_e_st’A1E1:lmy,
1508 5060 1630 5125 cum
1684 5044 1827 5126 apud

258 5114 555 5180 'Eus'ebium
575 5114 830 5192 'Prrepar.
862 5138 1068 5191 evang.,
1100 5120 1202 5192 lib.
1228 5134 1284 5181 x,
1309 5133 1376 5192 _c.
1412 5116 1500 5192 il,
1551 5114 1607 5192 in
1638 5119 1827 5168 eodem

257 5196 474 5249 Tatiani
504 5196 624 5249 loco
646 5184 844 5247 Ἀἆτίων
863 5184 1138 5247 cernatur.
1170 5189 1325 5256 Quod
1354 5195 1421 5240 ad
1449 5184 1673 5238 Latinos
1702 5199 1827 5253 spc-

253 5272 391 5330 ctat,
418 5267 623 5335 Appian
646 5271 825 5335 potest
844 5276 968 5335 esse
978 5267 1283 5335 auctorum
1303 5262 1829 5335 error,__potest'esse

258 5321 821 5391 librarioruin.'Certe
870 5334 923 5385 in
975 5330 1151 5385 Plinio
1184 5330 1352 5399 Apion
1382 5321 1826 5399 scribitur._ltem

256 5406 311 5458 in
337 5406 544 5462 Adonis
569 5399 849 5464 Chronico,
872 5402 928 5456 in
948 5400 1176 5456 Honorii
1198 5394 1716 5470 Augustodunensjs
1730 5395 1838 5450 Ca-

247 5472 453 5543 talogo,
489 5484 543 5531 et
572 5478 624 5529 in
654 5463 984 5543 quibuSdam
1022 5487 1158 5526 mss.
1191 5486 1254 5543 ac
1282 5463 1618 5543 editionibus
1644 5463 1829 5543 Histo-

257 5534 702 5602 riw'Eusebianae
743 5559 776 5598 a
825 5543 1021 5598 Rulino
1069 5542 1367 5603 translatae,
1412 5538 1507 5593 lib.
1533 5550 1617 5598 ιιι,
1656 5549 1705 5587 c.
1736 5534 1824 5588 38.

255 5615 413 5674 ADud
445 5615 707 5670 Senecam
748 5630 899 5680 vero,
930 5612 1234 5683 Agellium,
1250 5609 1668 5683 Tertullianum,
1699 5602 1827 5657 Ilie-

258 5700 568 5757 ronymum,
613 5676 910 5757 Josephum
942 5676 1145 5757 Rufini,
1190 5676 1824 5757 Haymonemaliosgue,

259 5743 383 5811 cuni
410 5743 610 5827 duplici
629 5743 989 5825 pediderunt.
1015 5743 1290 5809 Hactenus
1320 5751 1387 5806 de
1416 5746 1656 5804 nomine.
1675 5743 1829 5799 Nunc

456 4422 741 4493 Appionem
766 4416 1211 4493 Plistonicensem.
1271 4411 1545 4482 Epitomes
1582 4423 1635 4493 ε.
1671 4409 1777 4493 1.ξῦ
1812 4426 1824 4461 :
1862 4434 1903 4489 ο
1933 4405 2000 4460 de
2030 4414 2414 4488 cognomento.
2438 4402 2829 4493 Πλεισςιτονίκηγ¹
2848 4414 2957 4493 112p
2981 4396 3233 4480 verterim
3267 4396 3511 4455 Plistoni—

1932 4469 2155 4543 censen'z,
2186 4478 2343 4546 quasi
2379 4493 2442 4531 ex
2480 4474 2689 4546 patria;
2737 4469 2831 4526 sed
2871 4469 3232 4546 Plistonicem,
3286 4480 3509 4526 secutus

1927 4540 2165 4601 Plinium
2195 4540 2250 4601 et
2277 4540 2565 4617 Agelliu'm.
2601 4542 2892 4617 Sicautem
2931 4540 3194 4617 Apionem
3225 4544 3510 4617 cognomi-

1926 4627 2128 4671 narunt
2184 4610 2337 4687 quod
2378 4620 2432 4670 in
2481 4613 2782 4687 certamine
2830 4610 3510 4687 litterario_saepe_victor

1926 4679 2265 4757 exstitisset;
2299 4703 2422 4757 quae
2453 4694 2537 4741 est
2562 4685 2857 4757 multorum
2891 4679 3194 4757 sententia:
3230 4680 3313 4757 vel
3345 4696 3372 4734 a
3410 4697 3509 4750 pa-

1928 4764 2009 4813 tre
2057 4748 2378 4823 Plistonice;
2425 4757 2579 4825 juxta
2629 4753 3018 4825 doctissimum
3069 4748 3507 4825 Salmasinm'ad

1926 4828 2333 4896 Inscriptionem
2360 4820 2593 4893 Remum,
2619 4840 2677 4896 p.
2710 4824 2780 4896 90
2804 4831 2857 4876 et
2881 4820 3198 4896 praefatione
3224 4820 3278 4873 in
3308 4821 3507 4896 librum

1934 4898 2007 4952 De
2042 4890 2372 4967 lio-monymis
2407 4890 2572 4967 Hyles
2605 4890 2847 4967 Iatricm,
2881 4892 3031 4967 p_._40
3049 4906 3115 4945 ex
3143 4890 3252 4952 his,
3284 4892 3505 4967 opinor,

1932 4961 2368 5032 Suidie,‘A1€iwv,
2414 4961 2877 5020 ὁἯλειστονίκου.
2914 4961 3113 5016 Verum
3166 4975 3292 5032 cum
3340 4961 3509 5015 Suida

1931 5029 2257 5094 Salinasium
2312 5029 2567 5093 refellunt
2618 5034 2871 5089 Justinus
2911 5032 3113 5094 Martyr
3136 5029 3511 5087 Cohorlatione

1929 5109 1999 5162 ad
2027 5109 2260 5171 Graecos,
2294 5124 2351 5177 p.
2380 5110 2436 5171 9,
2472 5114 2526 5162 et
2557 5107 2851 5177 Africanus
2886 5103 3027 5170 apud
3048 5101 3509 5177 Eusebii-Inneum

1929 5181 2024 5237 lib.
2056 5199 2091 5236 x
2122 5168 2663 5248 Ρτωῂὰναιξευαηφ,
2690 5192 2738 5230 c.
2773 5174 2863 5248 16,
2901 5168 3017 5227 tum
3046 5168 3331 5248 Χρρνικῶχ
3367 5168 3511 5248 Afiqu

1929 5251 2149 5323 πρώτῳ,
2188 5238 2311 5321 pag.
2345 5249 2437 5313 26,
2470 5238 2603 5303 dum
2641 5238 2833 5315 Ap;oni
2864 5251 3075 5314 patrem
3103 5238 3249 5293 'dant
3282 5238 3510 5295 Posido-

1928 5338 2101 5375 lllllm.

2002 5392 2114 5462 (61)
2165 5390 2385 5445 Vultum
2434 5392 2487 5444 in
2530 5405 2594 5462 eo
2620 5384 3152 5462 _Simoniaprdentes,
3185 5388 3291 5435 etc.
3326 5378 3509 5462 Indili-

1929 5452 2063 5533 gens
2098 5452 2188 5518 est
2235 5464 2289 5516 in
2322 5462 2489 5530 hujus
2528 5460 2632 5533 loci
2652 5466 2716 5533 et
2746 5456 2969 5533 fabellae
2986 5452 3509 5533 commemoratione

1930 5517 2277 5596 iliacinarus,
2312 5517 2520 5588 relatus
2564 5532 2619 5583 in
2651 5520 3315 5596 Testimoniis‘Veterum.
3368 5517 3509 5596 Lege

1928 5588 2424 5727 etiaerEQCedrenum
2454 5622 2510 5676 p.
2543 5600 2667 5661 I73.
2696 5607 2750 5655 et
2782 5593 3154 5657 Anastasium,
3188 5596 3382 5661 quaest.
3412 5588 3508 5654 20,

1930 5691 1984 5727 υ.
2134 5717 2145 5727 .
