3888 6192
484 288 619 349 ΗΠ

452 418 702 463 essemus
730 415 1088 472 exponimus,
1125 411 1189 451 ac
1240 410 1287 450 st
1319 393 1450 465 quid
1494 401 1717 462 posset,
1747 398 1805 442 ut
1831 389 2049 457 juvaret

454 499 760 553 hortamur.
808 492 949 547 Tum
1004 492 1095 545 ille
1149 486 1555 559 promptissime
1607 481 1936 551 repromittit
1985 494 2045 534 se

452 608 576 648 eum
627 592 877 662 protinus
924 585 1263 655 fugaturum,
1316 579 1363 634 si
1400 587 1585 632 tamen
1633 574 1869 632 consilio
1923 572 2045 641 ejus

453 660 757 737 etiaminos
797 675 1198 730 adniteremur.
1232 667 1481 735 Cumque
1516 678 1617 717 nos
1659 660 2046 733 polliceremur

455 770 685 841 impigre
715 778 913 824 cuncta
949 774 1223 837 gesturos,
1258 763 1334 817 ait
1360 781 1372 815 :
1397 759 1583 815 Cazsar
1615 759 1667 811 in
1710 755 1843 810 urbe
1873 752 2044 806 Roma

454 872 509 919 et
537 879 630 933 per
655 861 966 931 provincias
991 857 1270 913 maleficos
1301 853 1506 923 inquiri
1534 850 1701 919 jussit
1725 863 1788 902 ac
1828 845 2042 917 perimi,

454 971 520 1010 ex
550 955 749 1024 quibus
780 952 1000 1022 plurimi
1022 951 1133 1020 jam
1165 946 1430 1019 perempti
1460 950 1609 999 sunt.
1643 940 1756 1011 Ego
1783 939 1949 1010 igitur
1970 938 2050 992 di-

358 1044 365 1051 ’
456 1047 694 1117 vulgabo
722 1061 817 1115 per
854 1045 1086 1107 amicos,
1122 1057 1207 1095 me
1247 1040 1492 1093 utistum
1547 1049 1764 1104 magum
1796 1045 2047 1100 caperem

460 1142 701 1197 venisse,
742 1145 796 1191 et
823 1136 893 1189 ob
922 1137 1023 1187 hoc
1055 1133 1282 1187 missum
1321 1146 1350 1183 a
1374 1129 1609 1190 Caesare,
1643 1141 1751 1195 quo
1771 1125 1934 1178 etiam
1960 1123 2047 1177 hic

459 1246 581 1284 cum
618 1230 830 1282 caeteris
870 1227 986 1281 suis
1019 1225 1187 1280 sociis
1234 1224 1515 1294 puniatur.
1551 1218 1737 1273 Vestri
1780 1233 1910 1286 ergo
1953 1214 2046 1285 qui

462 1336 587 1375 cum
623 1320 742 1388 ipso
772 1326 899 1372 sunt
929 1317 1142 1370 occulte
1168 1316 1321 1385 quasi
1357 1312 1722 1379 undecunque
1753 1307 2045 1368 audierint,

469 1412 711 1465 indicent
742 1410 790 1463 ei
818 1408 964 1478 quod
995 1423 1097 1477 ego
1129 1406 1195 1461 ad
1246 1406 1423 1476 ipsum
1481 1402 1810 1471 capiendum
1848 1398 2048 1452 missus

463 1504 591 1567 sim,
623 1511 676 1557 et
706 1511 911 1555 certum
945 1508 1049 1562 est,
1079 1500 1225 1569 quod
1254 1513 1377 1552 cum
1414 1495 1667 1559 audierit,
1705 1493 1877 1563 fugiat
1910 1511 1922 1545 :
1957 1498 2049 1545 aut

459 1597 504 1649 si
534 1611 631 1649 vos
660 1594 865 1664 aliquid
895 1582 1093 1648 melius
1116 1591 1337 1653 videtis,
1364 1589 1552 1643 dicite.
1584 1586 1723 1653 Quid
1758 1585 1952 1655 plura?
1975 1584 2049 1637 ita

460 1687 662 1741 factum
692 1694 822 1740 esta
859 1687 1065 1740 nostris
1098 1684 1338 1754 quicum
1370 1683 1489 1751 ipso
1514 1688 1693 1742 erant,
1727 1677 2048 1748 explorandi

458 1781 630 1849 gratia
663 1778 928 1833 simulati.
972 1775 1076 1831 Ubi
1106 1776 1296 1829 didicit
1330 1772 1517 1826 Simon
1560 1782 1778 1825 ventum
1824 1785 1946 1823 esse
1978 1768 2044 1822 ad

459 1886 538 1931 se,
573 1879 828 1935 tanquam
862 1868 1053 1935 ingens
1084 1864 1186 1919 sibi
1221 1862 1545 1918 beneficium
1578 1861 1839 1913 collatum
1874 1858 1943 1911 ab
1964 1858 2043 1911 eis

460 1960 753 2027 accipiens,
784 1958 836 2010 in
873 1957 1054 2026 fugam
1078 1970 1273 2009 versus
1301 1962 1404 2009 est.
1451 1952 1747 2005 Discedens
1782 1949 1949 2017 igitur
1978 1964 2042 2002 ex

458 2052 769 2112 Antiochia,
814 2064 938 2104 cum
973 2047 1329 2103 Athenodoro
1364 2047 1471 2099 huc
1515 2043 1665 2097 venit
1710 2042 1853 2096 sinut
1886 2040 2047 2093 audi—

458 2157 657 2197 VlmUS.

529 2230 660 2285 LVI.
697 2228 809 2283 Hoc
838 2245 969 2299 ergo
998 2229 1175 2284 visum
1210 2235 1297 2283 est
1322 2227 1478 2280 nobis
1507 2224 1766 2280 omnibus
1795 2223 1887 2291 qui
1911 2236 2048 2291 prte-

458 2325 750 2385 cessimus,
786 2330 842 2375 ut
867 2322 1084 2375 interim
1103 2336 1251 2374 nunc
1266 2335 1373 2373 non
1392 2317 1659 2373 ascendas
1677 2313 2046 2371 Antiochiam.

459 2430 747 2487 usquequo
775 2414 1061 2469 videamus
1096 2413 1142 2467 si
1196 2412 1291 2466 illo
1340 2409 1654 2465 discedente
1683 2407 1869 2461 odium
1902 2401 2048 2474 quod

460 2510 531 2563 de
556 2517 608 2563 te
651 2509 853 2579 populo
884 2506 1198 2567 seminavit,
1234 2504 1415 2573 aliqua
1449 2518 1514 2555 ex
1562 2509 1719 2571 parte
1761 2507 2044 2552 vacuetur.

458 2602 596 2656 Cum
628 2600 740 2654 hrcc
769 2599 1099 2653 insinuasset
1132 2598 1179 2650 is
1224 2597 1317 2665 qui
1356 2594 1423 2647 de
1467 2591 1761 2645 Antiochia
1799 2595 2047 2652 venerat,

460 2689 659 2744 Petrus
699 2688 1007 2757 respiciens
1036 2685 1102 2739 ad
1135 2692 1345 2754 patrem
1380 2690 1631 2737 nostrum
1664 2682 1741 2735 ait
1780 2700 1791 2734 :
1827 2678 2042 2732 Fausti-

460 2782 646 2845 niane,
699 2796 728 2833 a
790 2780 1016 2833 Simone
1060 2774 1218 2847 Mago
1248 2774 1677 2829 transformatus
1729 2779 1815 2825 est
1865 2770 2050 2823 vultus

459 2879 614 2935 tuus,
654 2872 797 2925 sicut
837 2876 1097 2939 apparet;
1157 2876 1356 2936 putans
1389 2868 1533 2920 enim
1584 2864 1733 2934 quod
1776 2879 1805 2916 a
1834 2862 2051 2916 Caesare

461 2971 798 3034 quaereretur
825 2962 890 3014 ad
924 2974 1162 3029 pmnam,
1194 2959 1421 3013 territus
1454 2957 1591 3026 fugit
1635 2964 1688 3010 et
1733 2969 1894 3009 suum
1932 2951 2053 3005 vul-

460 3061 575 3106 tmn
601 3053 697 3106 tibi
743 3051 1025 3119 imposuit,
1060 3050 1105 3104 si
1134 3049 1273 3103 forte
1298 3060 1354 3103 tu
1389 3064 1487 3118 pro
1519 3048 1639 3117 ipso
1674 3044 1952 3115 cape-reris
1998 3046 2051 3097 et

1337 279 1374 331 S
1428 274 1822 333 CLEMENTIS
1855 276 1874 329 l
1908 274 2073 331 R031.
2110 271 2311 327 PONT.
2346 270 2577 327 OPERA
2612 269 2834 324 DUBIA.

3560 264 3668 320 ωδ

2077 397 2123 451 Α
2153 381 2251 435 tibi
2280 380 2505 450 tamicos
2544 394 2574 433 a
2616 394 2785 449 puero
2826 378 2996 432 fuisse
3032 377 3272 439 dixeras,
3308 392 3408 430 non
3435 384 3593 430 tamen
3627 384 3672 429 ut

2147 488 2274 527 cum
2310 472 2533 527 Simone
2570 470 2894 539 loquereris.
2934 468 2999 522 Et
3024 477 3177 540 pater
3203 487 3217 523 :
3248 467 3482 532 Peccavi,
3510 469 3671 538 inquit,

2149 566 2344 619 fateor.
2403 564 2541 618 Tum
2584 563 2877 617 Anubion:
2912 561 2977 614 Et
3020 577 3141 632 ego,
3189 562 3384 631 inquit,
3429 577 3539 614 cum
3580 564 3675 630 ipso

2148 674 2279 727 rogo
2312 664 2365 710 et
2392 656 2655 726 deprecor
2684 663 2757 718 te,
2795 663 2854 707 ut
2888 655 3142 724 ignoscas
3175 655 3312 713 seni.
3342 655 3452 707 viro
3475 654 3599 707 bono
3632 664 3676 708 et

2148 765 2450 821 generoso;
2482 730 2741 803 seductus
2770 759 2853 802 est
2892 746 3074 801 infelix
3120 753 3176 801 et
3207 746 3437 801 ludibrio
3468 746 3621 800 factus
3653 760 3676 797 a

2148 844 2429 896 nominato
2460 855 2647 910 mago;
2674 839 2851 893 dicam
2873 840 3016 893 enim
3036 839 3307 908 quomodo
3328 854 3411 893 res
3430 844 3565 908 gesta
3583 845 3673 891 est:

2151 932 2255 987 Ubi
2306 934 2453 986 venit
2511 930 2577 985 ad
2627 931 2948 985 salutandos
2988 946 3110 994 nos,
3156 930 3386 1000 contigit
3420 938 3474 983 ut
3514 931 3561 982 in
3588 930 3679 998 ipsa

2150 1024 2282 1077 hora
2310 1022 2799 1076 circumstaremus
2835 1020 3139 1085 Simonem,
3176 1020 3454 1073 audientes
3484 1033 3591 1073 eum
3614 1018 3679 1071 di-

2150 1121 2363 1168 centem
2405 1110 2551 1181 quod
2608 1110 2795 1180 fugere
2840 1110 2972 1163 velit
3018 1110 3072 1163 in
3121 1109 3238 1179 ipsa
3281 1117 3469 1174 nocte;
3501 1108 3681 1162 audisse

2149 1205 2295 1257 enim
2331 1218 2409 1265 se,
2439 1201 2585 1273 quod
2608 1201 2855 1256 venerint
2887 1200 3109 1270 quidam
3140 1203 3304 1256 etiam
3330 1201 3397 1254 ad
3425 1202 3551 1254 hanc
3572 1199 3679 1251 Lao-

2149 1296 2307 1350 dicia:
2336 1297 2635 1362 civitatem,
2676 1294 2770 1364 qui
2799 1310 2924 1348 eum
2965 1310 3031 1348 ex
3080 1302 3349 1363 praecepto
3378 1291 3682 1363 imperatoris

2150 1387 2707 1457 comprehenderent;
2730 1386 2869 1440 velle
2893 1392 3075 1440 autem
3101 1401 3159 1441 se
3189 1386 3242 1439 in
3276 1385 3419 1439 hunc
3445 1384 3527 1453 qui
3544 1396 3683 1450 nuper

2152 1482 2437 1551 ingressus
2469 1491 2551 1536 est
2576 1480 2993 1534 Faustinianum
3033 1494 3247 1534 omnem
3284 1486 3583 1532 convertere
3618 1476 3684 1530 fu-

2152 1589 2353 1629 rorem.
2402 1573 2467 1625 Et
2505 1574 2582 1626 ait
2616 1572 2685 1626 ad
2726 1588 2828 1627 nos
2855 1588 2869 1624 :
2901 1571 3162 1633 Tantum,
3207 1571 3402 1640 inquit,
3440 1586 3526 1623 vos
3554 1568 3682 1622 facile

2151 1682 2274 1720 eum
2306 1680 2527 1721 coenare
2550 1665 2859 1729 nobiscum,
2896 1672 2950 1719 et
2979 1680 3079 1734 ego
3110 1672 3439 1733 unguentum
3458 1660 3684 1733 quoddam

2080 1758 2120 1815 Β
2150 1774 2495 1828 componam,
2530 1774 2638 1828 quo
2661 1766 2913 1814 uenatus
2947 1770 3213 1827 perungat
3243 1757 3432 1811 faciem
3463 1770 3614 1815 suam,
3639 1764 3684 1809 ut

2146 1868 2211 1906 ex
2240 1866 2303 1905 eo
2334 1866 2513 1905 meum
2548 1851 2758 1905 vultum
2788 1851 3049 1905 omnibus
3082 1850 3285 1905 habere
3320 1850 3582 1912 videatur;
3609 1863 3687 1901 vos

2148 1948 2326 1995 autem
2375 1942 2559 1996 herbae
2608 1940 2894 2009 cujusdam
2931 1956 3097 1995 succo
3147 1942 3318 1995 facies
3362 1937 3688 2011 perungemni

2149 2033 2325 2103 prius,
2361 2042 2419 2086 ut
2445 2048 2552 2086 non
2585 2031 2850 2085 fallamini
2882 2032 2949 2086 de
2982 2032 3362 2087 immutatione
3390 2033 3558 2086 vultus
3575 2029 3687 2098 ejus,

2150 2126 2223 2178 ita
2256 2133 2334 2188 ut,
2371 2123 2617 2195 exceptis
2640 2122 2816 2184 vobis,
2852 2122 2975 2178 aliis
3012 2123 3269 2176 omnibus
3297 2122 3479 2177 Simon
3505 2135 3607 2175 esse
3626 2118 3689 2169 vi-

2148 2218 2361 2273 deatur.

2221 2308 2355 2364 LIX.
2406 2309 2627 2364 Etcum
2675 2310 2763 2364 ille
2822 2310 2936 2364 haec
2982 2308 3192 2363 diceret
3230 2306 3321 2361 aio
3362 2306 3429 2360 ad
3470 2299 3691 2360 eumzl-Zt

2150 2403 2281 2473 quid
2318 2403 2415 2456 tibi
2437 2419 2500 2457 ex
2527 2402 2630 2457 hoc
2656 2400 2801 2457 facto
2833 2400 3115 2455 confertur
3140 2401 3316 2455 lucri?
3338 2398 3472 2452 Tum
3503 2397 3687 2450 Simon:

2150 2495 2356 2559 Primo,
2410 2496 2608 2565 inquit,
2662 2504 2719 2548 ut
2771 2494 2952 2563 ipsum
3005 2492 3474 2562 comprehendant
3510 2488 3591 2558 qui
3618 2499 3687 2538 me

2151 2596 2427 2659 quazrunt,
2455 2594 2509 2642 et
2544 2603 2628 2641 me
2658 2586 2913 2641 desinant
2943 2599 3205 2655 quaerere.
3251 2582 3311 2637 Si
3348 2598 3468 2636 vero
3510 2578 3692 2650 punitus

2152 2680 2318 2733 fuerit
2347 2695 2374 2732 a
2408 2680 2646 2741 Ctesare,
2678 2686 2739 2731 ut
2779 2677 2989 2731 luctum
3022 2675 3323 2729 maximum
3366 2675 3582 2727 habeant
3619 2668 3691 2722 filii

2152 2772 2257 2835 sui,
2290 2772 2407 2841 qui,
2445 2786 2530 2824 me
2560 2772 2846 2835 derelicto,
2880 2768 3255 2837 confugerunt
3305 2766 3371 2819 ad
3416 2763 3612 2819 Petrum
3651 2766 3693 2813 et

2152 2873 2279 2919 sunt
2311 2863 2470 2916 modo
2510 2862 2792 2931 adjutores
2834 2862 3027 2931 ipsius.
3079 2859 3191 2930 Ego
3236 2869 3416 2913 autem
3476 2855 3695 2910 conﬁteor

2153 2957 2274 3018 tibi,
2307 2955 2488 3019 Petre,
2518 2956 2665 3025 quod
2682 2971 2869 3010 verum
2897 2963 3013 3021 est;
3035 2954 3193 3008 timui
3226 2963 3355 3007 tunc
3383 2946 3693 3003 Faustiniano

2163 3048 2411 3102 indicare
2440 3047 2577 3109 hinc,
2613 3048 2704 3103 sed
2745 3062 2919 3116 neque
2955 3045 3192 3116 spatium
3223 3046 3386 3099 nobis
3407 3045 3513 3112 ipse
3543 3040 3692 3093 Simon

462 3146 530 3199 ad
558 3152 787 3200 mortem
820 3144 945 3197 duci
979 3158 1194 3213 posses,
1229 3149 1287 3195 ut
1320 3142 1444 3194 filiis
1470 3139 1579 3193 tuis
1620 3137 1901 3191 tristitiam
1930 3149 2046 3187 mo—
2072 3111 2115 3168 ο
2148 3139 2318 3205 dedit,
2352 3147 2412 3193 ut
2441 3155 2728 3209 possemus
2758 3111 3025 3195 secretius
3050 3139 3195 3207 loqui
3218 3146 3276 3192 et
3296 3137 3501 3208 plenius
3526 3134 3569 3187 ei
3590 3144 3693 3184 cou-

460 3246 633 3291 veret.
685 3235 847 3290 Pater
880 3251 1009 3290 vero
1043 3234 1135 3289 ubi
1172 3234 1285 3287 lucc
1328 3232 1559 3297 audivit,
1606 3246 1729 3285 cum
1786 3227 2045 3299 lacrymis

462 3329 776 3383 exclamans
804 3346 815 3379 :
845 3325 1030 3389 Recte,
1066 3326 1265 3395 inquit,
1298 3323 1604 3387 mstimasti,
1631 3321 1806 3383 Petre,
1840 3336 1963 3375 nam
1993 3327 2046 3372 et

463 3421 718 3476 Anubion
742 3421 870 3489 quia
904 3419 1035 3472 mihi
1060 3419 1214 3472 valde
1237 3418 1451 3471 amicus
1483 3424 1622 3478 crat,
1653 3417 1755 3470 sub
1786 3413 2046 3484 mysterio

461 3508 699 3580 qundam
728 3508 861 3561 mihi
886 3508 1131 3562 indicare
1160 3515 1403 3575 cceperat
1436 3505 1500 3558 de
1524 3503 1738 3557 insidiis
1761 3502 1904 3570 ejus,
1950 3500 2045 3553 sed

462 3603 650 3658 infelix
684 3618 792 3656 non
814 3602 1136 3671 credebam,
1166 3602 1297 3669 quia
1330 3599 1468 3652 nihil
1510 3599 1563 3652 in
1594 3612 1719 3651 eum
1754 3594 2044 3649 commise-

462 3711 578 3749 ram
611 3695 758 3748 mali.

534 3785 690 3840 LVII.
716 3788 964 3855 Cumque
996 3801 1187 3840 omnes
1225 3798 1334 3837 una
1375 3799 1497 3837 cum
1549 3789 1701 3851 patre
1732 3780 1953 3835 tristitia
1993 3788 2047 3831 et

461 3879 716 3948 Iacrymis
740 3893 1046 3947 ageremur,
1073 3879 1282 3931 interea
1307 3882 1358 3927 et
1384 3875 1635 3929 Anubion
1661 3874 1806 3927 venit
1837 3873 1902 3925 ad
1922 3887 2042 3934 nos,

462 3968 713 4022 indicans
768 3970 926 4023 nobis
959 3967 1237 4022 Simonem
1284 3969 1489 4035 fugisse
1544 3981 1640 4034 per
1689 3973 1924 4026 noctem,
1958 3962 2046 4016 Ju-

460 4060 633 4114 daaam
686 4068 983 4130 petentem.
1032 4058 1238 4115 Videns
1283 4066 1469 4112 autem
1528 4068 1735 4127 patrem
1794 4064 2043 4111 nostrum

460 4151 803 4220 plangentem
834 4158 887 4204 et
928 4151 1313 4204 lamentantem
1348 4163 1407 4201 se
1431 4163 1491 4201 ac
1516 4148 1786 4201 dicentem
1825 4166 1836 4200 :
1867 4145 2046 4201 Infeli-

460 4256 577 4295 cem
610 4257 717 4302 me,
756 4242 849 4311 qui
883 4257 1007 4295 eum
1034 4256 1250 4311 magum
1287 4241 1517 4295 audiens
1568 4255 1677 4292 non
1722 4238 2043 4305 credebam;

459 4333 591 4403 quid
621 4334 751 4388 mihi
791 4335 993 4390 misero
1018 4336 1236 4399 accidit,
1269 4343 1329 4389 ut
1371 4350 1476 4389 una
1511 4335 1597 4388 die
1632 4335 1945 4403 recognitus
1977 4335 2045 4386 ab

460 4442 630 4482 uxore
652 4436 705 4483 et
738 4428 887 4491 filiis,
916 4429 1086 4482 laetari
1122 4445 1228 4483 non
1272 4428 1542 4498 potuerim
1571 4444 1694 4481 cum
1718 4428 1820 4488 eis,
1856 4425 1949 4481 sed
1978 4425 2045 4479 ad

458 4520 671 4588 priores
709 4519 961 4574 miserias
1008 4534 1147 4588 quas
1187 4519 1241 4572 in
1275 4534 1463 4573 errore
1501 4519 1725 4587 pertuli,
1766 4519 2045 4572 revolutus

460 4611 601 4664 sim?
632 4608 803 4663 Mater
833 4618 1016 4664 autem
1048 4612 1222 4665 multo
1246 4612 1469 4681 gravius
1510 4612 1719 4679 sparsis
1760 4620 1814 4665 et
1837 4611 2047 4664 lacera-

457 4708 530 4760 tis
562 4707 810 4761 crinibus
845 4707 1170 4776 plangebat;
1200 4722 1301 4761 nos
1321 4722 1541 4776 quoque
1566 4708 1620 4759 in
1646 4706 2046 4775 permutatione

457 4800 642 4853 vultus
697 4799 867 4868 patris
920 4806 1205 4868 stupentes
1253 4800 1412 4869 quasi
1456 4798 1672 4852 attoniti
1721 4813 1942 4852 eramus
1993 4808 2045 4852 et

458 4899 724 4955 amentes,
768 4907 869 4946 nec
897 4892 1028 4962 quid
1074 4892 1151 4946 rei
1196 4899 1343 4947 esset
1373 4892 1675 4960 intelligere
1706 4898 2039 4960 poteramus.

456 4982 567 5039 Sed
596 4992 652 5039 et
680 4982 933 5038 Anubion
964 4999 1158 5039 omnes
1194 5000 1296 5039 nos
1329 4984 1403 5036 ita
1444 4983 1637 5038 videns
1668 4983 1849 5053 affligi,
1894 4983 2042 5036 velut

456 5083 642 5129 muttis
682 5076 877 5129 stabat.
911 5073 1068 5129 Tunc
1097 5074 1296 5130 Petrus
1334 5090 1436 5129 nos
1471 5076 1695 5130 intuens
1739 5076 1882 5129 filios
1921 5075 2041 5142 ejus

457 5166 534 5217 ait
566 5182 579 5218 ι
613 5161 743 5217 Mihi
774 5165 1003 5228 credite,
1044 5165 1191 5234 quod
1225 5165 1314 5221 hic
1354 5167 1470 5236 ipse
1514 5175 1598 5221 est
1632 5175 1787 5236 pater
1828 5176 2038 5231 vester;

456 5262 679 5325 propter
706 5255 850 5324 quod
881 5263 936 5309 et
964 5270 1161 5310 moneo
1188 5271 1307 5318 vos,
1342 5264 1401 5311 ut
1433 5260 1589 5327 quasi
1615 5266 1823 5329 patrem
1854 5273 2039 5314 serve-

456 5347 527 5402 tis
548 5363 693 5424 eutn.
729 5346 885 5401 Dabit
912 5348 1057 5402 enim
1089 5347 1232 5403 Deus
1259 5351 1605 5407 occasionem
1635 5352 1895 5421 aliquam,
1928 5367 2039 5422 qua

455 5438 704 5509 deposito
744 5438 983 5495 Simonis
1010 5440 1162 5495 vultu
1191 5441 1497 5497 evidentem
1533 5445 1705 5513 patris
1753 5446 1940 5507 vestri,
1981 5445 2035 5500 id

454 5536 539 5584 est
568 5546 723 5584 suam
744 5570 758 5593 ,
793 5547 1113 5601 recuperare
1143 5534 1315 5602 possit
1347 5532 1595 5603 effigiem.

523 5616 702 5673 LVIII.
732 5618 797 5672 Et
827 5620 891 5673 ad
925 5630 1133 5690 patrem
1163 5638 1463 5678 conversus
1494 5625 1570 5676 ait
1606 5643 1617 5678 :
1657 5624 1764 5693 Ego
1788 5625 1885 5678 tibi
1914 5641 2037 5694 per-

456 5711 708 5763 miseram
749 5710 987 5766 salutare
1028 5712 1327 5782 Appionem
1375 5720 1429 5767 et
1475 5714 1841 5779 Anubionem,
1893 5731 2033 5784 quos

2149 3233 2336 3288 silium
2379 3231 2625 3287 Simonis
2654 3234 2888 3303 aperire.
2918 3231 3129 3286 Interea
3152 3232 3305 3286 circa
3348 3230 3563 3285 mediam
3589 3238 3697 3278 noc-

2150 3334 2284 3389 tem,
2315 3325 2503 3380 Simon
2534 3325 2776 3380 Juda‘am
2814 3335 3006 3396 petens
3046 3323 3284 3395 aufugit.
3312 3320 3526 3378 Deduxit
3549 3324 3691 3371 autem

2158 3433 2287 3471 cum
2329 3418 2718 3472 Athenodorus
2746 3426 2799 3473 et
2835 3417 3070 3488 Appion,
3116 3433 3217 3488 ego
3268 3424 3444 3471 autem
3488 3404 3694 3467 simulavi

2147 3509 2572 3578 inaequalitatem
2601 3510 2874 3579 corporis,
2907 3519 2965 3563 ut
2992 3509 3138 3563 domi
3185 3522 3479 3563 remanens
3499 3504 3693 3557 facerem

2147 3602 2295 3656 hunc
2325 3602 2567 3657 velocius
2606 3602 2675 3657 ad
2701 3618 2798 3656 vos
2839 3601 3039 3669 redire,
3070 3600 3118 3656 si
3161 3600 3309 3656 forte
3351 3594 3514 3670 possit
3542 3593 3695 3662 aliquo

2147 3696 2311 3749 modo
2355 3695 2623 3749 occultari
2661 3695 2805 3765 apud
2837 3710 2935 3750 vos
2956 3735 2971 3757 ,
3012 3711 3081 3749 ne
3112 3694 3181 3748 ab
3213 3694 3307 3749 bis
3335 3694 3423 3763 qui
3461 3689 3692 3744 Simonem

2144 3796 2399 3858 quaerunt
2422 3788 2874 3858 comprehensus,
2911 3788 2977 3843 ad
3005 3788 3283 3843 Caesarem
3322 3786 3619 3857 perducatur
3647 3784 3690 3828 et

2146 3889 2332 3949 pereat
2355 3881 2546 3949 gratis,
2580 3889 2633 3935 et
2663 3895 2809 3935 nunc
2837 3880 3105 3935 sollicitus
3131 3895 3238 3949 pro
3269 3880 3389 3949 ipso
3416 3871 3692 3931 veuividera

2146 3988 2269 4025 eum
2294 3980 2347 4026 et
2377 3972 2556 4026 redire
2585 3981 2877 4042 antequam
2906 3972 3393 4042 snperveniantilli
3412 4011 3426 4035 ,
3449 3969 3533 4039 qui
3555 3961 3694 4021 dedu-

2147 4081 2348 4127 xerunt
2379 4071 2681 4127 Simonem.
2706 4070 2772 4124 Et
2801 4087 3103 4127 conversus
3130 4071 3197 4125 ad
3225 4088 3328 4126 nos
3357 4069 3587 4125 Anubion
3603 4062 3687 4116 ait:

2146 4163 2259 4235 Ego
2275 4163 2527 4218 Anubion
2548 4164 2713 4233 patris
2733 4164 2899 4218 vestri
2919 4180 3105 4218 verum
3123 4165 3336 4217 vultmn
3361 4163 3505 4217 video
3519 4168 3687 4213 revera.

2146 4256 2273 4324 quia
2297 4262 2600 4325 perunctus
2623 4270 2744 4308 sum
2785 4254 2938 4324 prius
2968 4254 3037 4307 ab
3058 4256 3175 4324 ipso
3200 4255 3422 4308 Simone
3439 4251 3567 4305 sicut
3592 4258 3690 4297 nar-

2147 4349 2261 4401 ravi
2282 4348 2456 4409 vobis,
2476 4354 2533 4399 ut
2549 4348 2725 4401 oculis
2742 4347 2879 4401 meis
2895 4364 3020 4401 vera
3036 4346 3382 4403 Faustiniani
3402 4346 3551 4400 facies
3565 4349 3691 4408 appa-

2078 4456 2122 4509 ι)
2150 4449 2316 4503 reret,
2342 4441 2485 4494 unde
2518 4440 2654 4495 satis
2677 4447 2872 4510 stupeo
2903 4448 2957 4495 et
2997 4440 3244 4495 admiror
3290 4448 3455 4495 artem
3490 4429 3687 4490 Simonis

2152 4528 2315 4599 Magi,
2350 4529 2496 4599 quod
2524 4545 2621 4583 vos
2648 4537 2856 4584 stantes
2881 4530 3045 4583 modo
3069 4544 3178 4584 non
3203 4528 3495 4601 agnoscitis
3519 4530 3689 4596 patrem

2149 4627 2417 4675 vestrum.
2453 4620 2736 4677 Flentibus
2765 4628 2947 4675 autem
2979 4632 3133 4690 patre
3160 4632 3215 4677 et
3257 4630 3427 4676 matre
3476 4632 3533 4672 ac
3561 4610 3688 4668 nobis

2148 4714 2404 4767 omnibus
2428 4729 2527 4783 pro
2552 4715 2636 4768 his
2667 4728 2789 4784 quze
2818 4713 3159 4781 acciderant,
3180 4726 3364 4769 motus
3386 4706 3688 4767 miseratione

2145 4807 2312 4858 etiam
2341 4804 2599 4859 Anubion
2630 4804 2813 4861 flebat.

2216 4896 2327 4951 LX.
2351 4896 2491 4951 Tum
2524 4896 2743 4962 Petrus,
2764 4898 3147 4957 misericordia
3169 4904 3469 4968 permotus,
3497 4888 3684 4948 restitu-

2144 4996 2327 5042 turum
2360 5005 2418 5043 se
2449 4990 2721 5059 promittit
2752 4988 2946 5047 faciem
2989 4992 3161 5062 patris
3199 4991 3395 5053 nostri,
3449 4989 3609 5043 dicens
3631 4976 3683 5031 ad

2143 5094 2269 5134 eum
2299 5100 2310 5133 :
2342 5081 2505 5143 Audi,
2539 5079 2919 5148 Faustiniane,
2946 5098 3070 5138 cum
3114 5083 3276 5137 nobis
3306 5082 3452 5152 prius
3474 5068 3680 5133 utilitatis

2143 5171 2349 5240 aliquid
2374 5172 2668 5227 contulerit
2694 5189 2851 5228 error
2887 5174 2992 5230 iste
3022 5166 3400 5229 transformari
3438 5169 3597 5223 νυιιιιε
3621 5158 3681 5213 tni

2142 5270 2197 5317 et
2229 5263 2627 5319 ministraverit
2669 5266 2735 5318 ad
2771 5281 2835 5320 ea
2870 5281 2993 5337 quae
3022 5265 3301 5329 volumus,
3343 5274 3463 5318 tunc
3487 5270 3570 5330 ego
3610 5263 3681 5303 τε-

2140 5372 2257 5409 ram
2280 5356 2377 5410 tibi
2397 5358 2579 5412 vultus
2610 5356 2689 5409 tui
2713 5358 3002 5428 imaginem
3022 5358 3270 5423 reddam,
3297 5357 3343 5413 si
3372 5364 3536 5409 tamen
3558 5346 3677 5419 βτί¹¹⁵

2139 5462 2260 5516 quae
2284 5463 2315 5501 a
2347 5464 2433 5501 me
2453 5450 2551 5503 tibi
2587 5448 2789 5504 fuerint
2813 5449 3101 5519 imperata,
3133 5445 3511 5520 profligaveris.
3539 5440 3674 5495 Cutil'

2144 5554 2251 5609 que
2272 5547 2432 5609 pater
2460 5556 2618 5596 meus
2660 5540 3014 5610 impleturum
3051 5558 3111 5597 se
3138 5548 3337 5596 cuncta
3363 5552 3476 5609 qua:
3500 5532 3673 5604 jubcrel

2141 5632 2295 5685 omni
2326 5632 2673 5702 promitteret
2704 5632 2852 5697 nisu,
2884 5642 3094 5688 tantum
3124 5642 3182 5687 ut
3204 5632 3468 5704 propriam
3488 5634 3673 5691 recupe—

2139 5728 2284 5776 raret
2324 5721 2576 5794 effigiem,
2623 5722 2822 5782 Petrus
2860 5726 2935 5781 ita
2965 5726 3129 5796 coepit
3161 5744 3175 5780 :
3213 5723 3333 5795 Ipse
3360 5722 3566 5778 auribus
3588 5709 3673 5766 ιιιίε
