  <div class='ocr_page' id='page_1' title='image "/cluster/home/n/w/nwhite01/storage/ocr_20150623/1/nnc1.0022106693/780.png"; bbox 0 0 3888 6192; ppageno 0'>
   <div class='ocr_carea' id='block_1_1' title="bbox 312 327 1854 412">
    <p class='ocr_par' dir='ltr' id='par_1_1' title="bbox 312 327 1850 389">
     <span class='ocr_line' id='line_1_1' title="bbox 312 327 1850 389; baseline 0.002 -6"><span class='ocrx_word' id='word_1_1' title='bbox 312 327 448 384; x_wconf 70' lang='grc'><strong>1449</strong></span> <span class='ocrx_word' id='word_1_2' title='bbox 1507 329 1850 389; x_wconf 81' lang='lat' dir='ltr'><strong>RECOGNIT</strong></span> 
     </span>
    </p>
   </div>
   <div class='ocr_carea' id='block_1_2' title="bbox 1960 327 3563 412">
    <p class='ocr_par' dir='ltr' id='par_1_2' title="bbox 1960 330 3563 412">
     <span class='ocr_line' id='line_1_2' title="bbox 1960 330 3563 412; baseline 0.01 -31"><span class='ocrx_word' id='word_1_3' title='bbox 1960 330 2068 387; x_wconf 75' lang='lat' dir='ltr'><strong>mu</strong></span> <span class='ocrx_word' id='word_1_4' title='bbox 2120 331 2247 390; x_wconf 80' lang='lat' dir='ltr'><strong>LIB.</strong></span> <span class='ocrx_word' id='word_1_5' title='bbox 2280 333 2346 389; x_wconf 72' lang='grc' dir='ltr'><strong>Χ.</strong></span> <span class='ocrx_word' id='word_1_6' title='bbox 3425 353 3563 412; x_wconf 65' lang='grc' dir='ltr'>ηδο</span> 
     </span>
    </p>
   </div>
   <div class='ocr_carea' id='block_1_3' title="bbox 307 440 3557 533">
    <p class='ocr_par' dir='ltr' id='par_1_3' title="bbox 307 440 3557 533">
     <span class='ocr_line' id='line_1_3' title="bbox 307 440 3557 533; baseline 0.013 -45"><span class='ocrx_word' id='word_1_7' title='bbox 307 440 509 497; x_wconf 79' lang='lat' dir='ltr'><strong>audisti</strong></span> <span class='ocrx_word' id='word_1_8' title='bbox 541 440 687 513; x_wconf 83' lang='lat' dir='ltr'><strong>quod</strong></span> <span class='ocrx_word' id='word_1_9' title='bbox 718 457 863 498; x_wconf 90' lang='lat' dir='ltr'><strong>unus</strong></span> <span class='ocrx_word' id='word_1_10' title='bbox 900 456 965 497; x_wconf 82' lang='lat' dir='ltr'><strong>ex</strong></span> <span class='ocrx_word' id='word_1_11' title='bbox 989 440 1076 499; x_wconf 87' lang='lat' dir='ltr'><strong>his</strong></span> <span class='ocrx_word' id='word_1_12' title='bbox 1099 443 1193 512; x_wconf 87' lang='lat' dir='ltr'><strong>qui</strong></span> <span class='ocrx_word' id='word_1_13' title='bbox 1232 445 1501 514; x_wconf 63' lang='lat' dir='ltr'><strong>praemissi</strong></span> <span class='ocrx_word' id='word_1_14' title='bbox 1532 446 1772 516; x_wconf 77' lang='lat' dir='ltr'><strong>fuerant,</strong></span> <span class='ocrx_word' id='word_1_15' title='bbox 1804 464 1888 505; x_wconf 82' lang='lat' dir='ltr'><strong>re-</strong></span> <span class='ocrx_word' id='word_1_16' title='bbox 1912 455 1962 513; x_wconf 79' lang='grc' dir='ltr'>Α</span> <span class='ocrx_word' id='word_1_17' title='bbox 1990 456 2100 502; x_wconf 89' lang='lat' dir='ltr'><strong>tres</strong></span> <span class='ocrx_word' id='word_1_18' title='bbox 2128 463 2279 505; x_wconf 91' lang='lat' dir='ltr'><strong>meos</strong></span> <span class='ocrx_word' id='word_1_19' title='bbox 2311 448 2587 519; x_wconf 79' lang='lat' dir='ltr'><strong>proﬁcisci</strong></span> <span class='ocrx_word' id='word_1_20' title='bbox 2621 468 2747 509; x_wconf 84' lang='lat' dir='ltr'><strong>cum</strong></span> <span class='ocrx_word' id='word_1_21' title='bbox 2778 456 2899 528; x_wconf 91' lang='lat' dir='ltr'><strong>ipso</strong></span> <span class='ocrx_word' id='word_1_22' title='bbox 2923 460 3099 533; x_wconf 89' lang='lat' dir='ltr'><strong>jubet,</strong></span> <span class='ocrx_word' id='word_1_23' title='bbox 3123 482 3187 523; x_wconf 91' lang='lat' dir='ltr'><strong>ac</strong></span> <span class='ocrx_word' id='word_1_24' title='bbox 3220 468 3557 529; x_wconf 76' lang='lat' dir='ltr'><strong>Matthidiam</strong></span> 
     </span>
    </p>
   </div>
   <div class='ocr_carea' id='block_1_4' title="bbox 302 533 3569 622">
    <p class='ocr_par' dir='ltr' id='par_1_4' title="bbox 302 533 3569 622">
     <span class='ocr_line' id='line_1_4' title="bbox 302 533 3569 622; baseline 0.011 -34"><span class='ocrx_word' id='word_1_25' title='bbox 302 549 527 607; x_wconf 79' lang='lat' dir='ltr'><strong>gressus</strong></span> <span class='ocrx_word' id='word_1_26' title='bbox 551 549 618 589; x_wconf 78' lang='lat' dir='ltr'><strong>ex</strong></span> <span class='ocrx_word' id='word_1_27' title='bbox 646 533 958 600; x_wconf 78' lang='lat' dir='ltr'><strong>Antiochia,</strong></span> <span class='ocrx_word' id='word_1_28' title='bbox 989 537 1347 601; x_wconf 88' lang='lat' dir='ltr'><strong>nuntiavcrit,</strong></span> <span class='ocrx_word' id='word_1_29' title='bbox 1379 538 1654 608; x_wconf 88' lang='lat' dir='ltr'><strong>quomodo</strong></span> <span class='ocrx_word' id='word_1_30' title='bbox 1694 540 1883 597; x_wconf 87' lang='lat' dir='ltr'><strong>Simon</strong></span> <span class='ocrx_word' id='word_1_31' title='bbox 1990 547 2218 595; x_wconf 90' lang='lat' dir='ltr'><strong>matrem</strong></span> <span class='ocrx_word' id='word_1_32' title='bbox 2254 551 2499 597; x_wconf 90' lang='lat' dir='ltr'><strong>nostram</strong></span> <span class='ocrx_word' id='word_1_33' title='bbox 2529 552 2583 600; x_wconf 91' lang='lat' dir='ltr'><strong>et</strong></span> <span class='ocrx_word' id='word_1_34' title='bbox 2604 549 2873 615; x_wconf 88' lang='lat' dir='ltr'><strong>quosdam</strong></span> <span class='ocrx_word' id='word_1_35' title='bbox 2896 569 2963 608; x_wconf 83' lang='lat' dir='ltr'><strong>ex</strong></span> <span class='ocrx_word' id='word_1_36' title='bbox 2988 555 3350 620; x_wconf 79' lang='lat' dir='ltr'><strong>familiaribus</strong></span> <span class='ocrx_word' id='word_1_37' title='bbox 3372 564 3569 622; x_wconf 63' lang='lat' dir='ltr'><strong>simul.’</strong></span> 
     </span>
    </p>
   </div>
   <div class='ocr_carea' id='block_1_5' title="bbox 302 626 3553 713">
    <p class='ocr_par' dir='ltr' id='par_1_5' title="bbox 302 626 3553 713">
     <span class='ocr_line' id='line_1_5' title="bbox 302 626 3553 713; baseline 0.015 -34"><span class='ocrx_word' id='word_1_38' title='bbox 302 626 380 682; x_wconf 87' lang='lat' dir='ltr'><strong>ibi</strong></span> <span class='ocrx_word' id='word_1_39' title='bbox 409 628 645 699; x_wconf 85' lang='lat' dir='ltr'><strong>positus,</strong></span> <span class='ocrx_word' id='word_1_40' title='bbox 666 629 859 684; x_wconf 86' lang='lat' dir='ltr'><strong>turbas</strong></span> <span class='ocrx_word' id='word_1_41' title='bbox 889 632 1179 686; x_wconf 87' lang='lat' dir='ltr'><strong>adversum</strong></span> <span class='ocrx_word' id='word_1_42' title='bbox 1201 645 1289 685; x_wconf 93' lang='lat' dir='ltr'><strong>me</strong></span> <span class='ocrx_word' id='word_1_43' title='bbox 1318 634 1699 697; x_wconf 80' lang='lat' dir='ltr'><strong>concitaverit,</strong></span> <span class='ocrx_word' id='word_1_44' title='bbox 1723 643 1886 706; x_wconf 91' lang='lat' dir='ltr'><strong>atque</strong></span> <span class='ocrx_word' id='word_1_45' title='bbox 1990 626 2098 686; x_wconf 72' lang='lat' dir='ltr'><strong>Sed</strong></span> <span class='ocrx_word' id='word_1_46' title='bbox 2139 639 2313 685; x_wconf 61' lang='lat' dir='ltr'><strong>male“</strong></span> <span class='ocrx_word' id='word_1_47' title='bbox 2366 636 2659 691; x_wconf 57' lang='lat' dir='ltr'><strong>recusabat</strong></span> <span class='ocrx_word' id='word_1_48' title='bbox 2710 640 2989 709; x_wconf 68' lang='grc' dir='ltr'><strong>Ρτοθείεοί</strong></span> <span class='ocrx_word' id='word_1_49' title='bbox 3027 649 3194 705; x_wconf 63' lang='lat' dir='ltr'><strong>Sim!”</strong></span> <span class='ocrx_word' id='word_1_50' title='bbox 3240 661 3296 709; x_wconf 68' lang='grc' dir='ltr'><strong>(τί</strong></span> <span class='ocrx_word' id='word_1_51' title='bbox 3333 655 3553 713; x_wconf 53' lang='lat' dir='ltr'><strong>aiebat:</strong></span> 
     </span>
    </p>
   </div>
   <div class='ocr_carea' id='block_1_6' title="bbox 300 718 3561 805">
    <p class='ocr_par' dir='ltr' id='par_1_6' title="bbox 300 718 3561 805">
     <span class='ocr_line' id='line_1_6' title="bbox 300 718 3561 805; baseline 0.011 -32"><span class='ocrx_word' id='word_1_52' title='bbox 300 718 357 773; x_wconf 91' lang='lat' dir='ltr'><strong>in</strong></span> <span class='ocrx_word' id='word_1_53' title='bbox 376 720 561 775; x_wconf 92' lang='lat' dir='ltr'><strong>odium</strong></span> <span class='ocrx_word' id='word_1_54' title='bbox 584 720 690 777; x_wconf 91' lang='lat' dir='ltr'><strong>mei</strong></span> <span class='ocrx_word' id='word_1_55' title='bbox 714 728 880 776; x_wconf 86' lang='lat' dir='ltr'><strong>totam</strong></span> <span class='ocrx_word' id='word_1_56' title='bbox 902 721 1640 797; x_wconf 69' lang='lat' dir='ltr'><strong>inﬁammaveritcivitateml;</strong></span> <span class='ocrx_word' id='word_1_57' title='bbox 1666 743 1884 799; x_wconf 82' lang='lat' dir='ltr'><strong>magum</strong></span> <span class='ocrx_word' id='word_1_58' title='bbox 1986 720 2156 788; x_wconf 62' lang='lat' dir='ltr'><strong>Quasi</strong></span> <span class='ocrx_word' id='word_1_59' title='bbox 2186 724 2434 781; x_wconf 60' lang='lat' dir='ltr'><strong>adultera</strong></span> <span class='ocrx_word' id='word_1_60' title='bbox 2462 728 2598 783; x_wconf 70' lang='lat' dir='ltr'><strong>mihi</strong></span> <span class='ocrx_word' id='word_1_61' title='bbox 2636 729 2821 788; x_wconf 65' lang='grc' dir='ltr'><strong>ῗυιυτθ</strong></span> <span class='ocrx_word' id='word_1_62' title='bbox 2853 736 3063 805; x_wconf 69' lang='lat' dir='ltr'><strong>Videor.</strong></span> <span class='ocrx_word' id='word_1_63' title='bbox 3099 742 3145 797; x_wconf 76' lang='lat' dir='ltr'><strong>Si</strong></span> <span class='ocrx_word' id='word_1_64' title='bbox 3175 745 3348 801; x_wconf 67' lang='lat' dir='ltr'><strong>vultui</strong></span> <span class='ocrx_word' id='word_1_65' title='bbox 3379 748 3561 804; x_wconf 81' lang='lat' dir='ltr'><strong>Simo-</strong></span> 
     </span>
    </p>
   </div>
   <div class='ocr_carea' id='block_1_7' title="bbox 300 812 3561 906">
    <p class='ocr_par' dir='ltr' id='par_1_7' title="bbox 300 812 3561 906">
     <span class='ocr_line' id='line_1_7' title="bbox 300 812 3561 906; baseline 0.009 -40"><span class='ocrx_word' id='word_1_66' title='bbox 300 828 389 869; x_wconf 88' lang='lat' dir='ltr'><strong>me</strong></span> <span class='ocrx_word' id='word_1_67' title='bbox 415 820 471 870; x_wconf 90' lang='lat' dir='ltr'><strong>et</strong></span> <span class='ocrx_word' id='word_1_68' title='bbox 492 812 823 868; x_wconf 87' lang='lat' dir='ltr'><strong>homicidam</strong></span> <span class='ocrx_word' id='word_1_69' title='bbox 847 828 911 868; x_wconf 91' lang='lat' dir='ltr'><strong>ac</strong></span> <span class='ocrx_word' id='word_1_70' title='bbox 935 814 1279 886; x_wconf 90' lang='lat' dir='ltr'><strong>deceptorem</strong></span> <span class='ocrx_word' id='word_1_71' title='bbox 1309 817 1663 884; x_wconf 88' lang='lat' dir='ltr'><strong>conﬁrmans,</strong></span> <span class='ocrx_word' id='word_1_72' title='bbox 1685 820 1739 875; x_wconf 91' lang='lat' dir='ltr'><strong>in</strong></span> <span class='ocrx_word' id='word_1_73' title='bbox 1764 828 1885 876; x_wconf 86' lang='lat' dir='ltr'><strong>tan-</strong></span> <span class='ocrx_word' id='word_1_74' title='bbox 1984 812 2072 867; x_wconf 80' lang='lat' dir='ltr'><strong>llis</strong></span> <span class='ocrx_word' id='word_1_75' title='bbox 2111 815 2406 886; x_wconf 75' lang='lat' dir='ltr'><strong>conjuncta</strong></span> <span class='ocrx_word' id='word_1_76' title='bbox 2444 819 2585 890; x_wconf 89' lang='lat' dir='ltr'><strong>sim;</strong></span> <span class='ocrx_word' id='word_1_77' title='bbox 2611 824 2757 893; x_wconf 91' lang='lat' dir='ltr'><strong>quod</strong></span> <span class='ocrx_word' id='word_1_78' title='bbox 2786 826 2890 882; x_wconf 93' lang='lat' dir='ltr'><strong>etsi</strong></span> <span class='ocrx_word' id='word_1_79' title='bbox 2918 843 3085 902; x_wconf 89' lang='lat' dir='ltr'><strong>cogar</strong></span> <span class='ocrx_word' id='word_1_80' title='bbox 3125 835 3290 891; x_wconf 91' lang='lat' dir='ltr'><strong>simul</strong></span> <span class='ocrx_word' id='word_1_81' title='bbox 3323 838 3424 906; x_wconf 89' lang='lat' dir='ltr'><strong>ire,</strong></span> <span class='ocrx_word' id='word_1_82' title='bbox 3457 841 3561 895; x_wconf 89' lang='lat' dir='ltr'><strong>im-</strong></span> 
     </span>
    </p>
   </div>
   <div class='ocr_carea' id='block_1_8' title="bbox 300 906 3556 1008">
    <p class='ocr_par' dir='ltr' id='par_1_8' title="bbox 300 906 3556 1008">
     <span class='ocr_line' id='line_1_8' title="bbox 300 906 3556 1008; baseline 0.011 -50"><span class='ocrx_word' id='word_1_83' title='bbox 300 913 418 961; x_wconf 89' lang='lat' dir='ltr'><strong>tum</strong></span> <span class='ocrx_word' id='word_1_84' title='bbox 451 914 511 960; x_wconf 90' lang='lat' dir='ltr'><strong>ut</strong></span> <span class='ocrx_word' id='word_1_85' title='bbox 530 906 861 974; x_wconf 83' lang='lat' dir='ltr'><strong>desiderent,</strong></span> <span class='ocrx_word' id='word_1_86' title='bbox 886 908 933 963; x_wconf 93' lang='lat' dir='ltr'><strong>si</strong></span> <span class='ocrx_word' id='word_1_87' title='bbox 960 924 1047 963; x_wconf 90' lang='lat' dir='ltr'><strong>me</strong></span> <span class='ocrx_word' id='word_1_88' title='bbox 1069 909 1311 975; x_wconf 89' lang='lat' dir='ltr'><strong>videant,</strong></span> <span class='ocrx_word' id='word_1_89' title='bbox 1329 911 1492 966; x_wconf 87' lang='lat' dir='ltr'><strong>etiam</strong></span> <span class='ocrx_word' id='word_1_90' title='bbox 1517 928 1711 969; x_wconf 88' lang='lat' dir='ltr'><strong>carnes</strong></span> <span class='ocrx_word' id='word_1_91' title='bbox 1733 931 1883 973; x_wconf 88' lang='lat' dir='ltr'><strong>meas</strong></span> <span class='ocrx_word' id='word_1_92' title='bbox 1980 909 2245 977; x_wconf 78' lang='lat' dir='ltr'><strong>possibile</strong></span> <span class='ocrx_word' id='word_1_93' title='bbox 2275 918 2456 969; x_wconf 90' lang='lat' dir='ltr'><strong>tamen</strong></span> <span class='ocrx_word' id='word_1_94' title='bbox 2487 925 2572 973; x_wconf 90' lang='lat' dir='ltr'><strong>est</strong></span> <span class='ocrx_word' id='word_1_95' title='bbox 2599 926 2657 973; x_wconf 91' lang='lat' dir='ltr'><strong>ut</strong></span> <span class='ocrx_word' id='word_1_96' title='bbox 2701 920 2756 975; x_wconf 89' lang='lat' dir='ltr'><strong>in</strong></span> <span class='ocrx_word' id='word_1_97' title='bbox 2798 924 2987 980; x_wconf 90' lang='lat' dir='ltr'><strong>eodem</strong></span> <span class='ocrx_word' id='word_1_98' title='bbox 3021 928 3223 986; x_wconf 85' lang='lat' dir='ltr'><strong>lectulo</strong></span> <span class='ocrx_word' id='word_1_99' title='bbox 3266 947 3394 990; x_wconf 90' lang='lat' dir='ltr'><strong>cum</strong></span> <span class='ocrx_word' id='word_1_100' title='bbox 3436 938 3556 1008; x_wconf 89' lang='lat' dir='ltr'><strong>ipso</strong></span> 
     </span>
    </p>
   </div>
   <div class='ocr_carea' id='block_1_9' title="bbox 299 996 3560 1096">
    <p class='ocr_par' dir='ltr' id='par_1_9' title="bbox 299 996 3560 1096">
     <span class='ocr_line' id='line_1_9' title="bbox 299 996 3560 1096; baseline 0.009 -45"><span class='ocrx_word' id='word_1_101' title='bbox 299 996 585 1054; x_wconf 85' lang='lat' dir='ltr'><strong>devorare.</strong></span> <span class='ocrx_word' id='word_1_102' title='bbox 610 997 719 1055; x_wconf 88' lang='lat' dir='ltr'><strong>Fac</strong></span> <span class='ocrx_word' id='word_1_103' title='bbox 742 1015 872 1071; x_wconf 87' lang='lat' dir='ltr'><strong>ergo</strong></span> <span class='ocrx_word' id='word_1_104' title='bbox 894 1001 1038 1071; x_wconf 93' lang='lat' dir='ltr'><strong>quod</strong></span> <span class='ocrx_word' id='word_1_105' title='bbox 1067 1001 1190 1056; x_wconf 88' lang='lat' dir='ltr'><strong>dico</strong></span> <span class='ocrx_word' id='word_1_106' title='bbox 1222 1003 1350 1059; x_wconf 83' lang='lat' dir='ltr'><strong>tibi:</strong></span> <span class='ocrx_word' id='word_1_107' title='bbox 1382 1005 1699 1075; x_wconf 89' lang='lat' dir='ltr'><strong>relinquens</strong></span> <span class='ocrx_word' id='word_1_108' title='bbox 1732 1008 1878 1078; x_wconf 91' lang='lat' dir='ltr'><strong>apud</strong></span> <span class='ocrx_word' id='word_1_109' title='bbox 1976 998 2213 1069; x_wconf 66' lang='lat' dir='ltr'><strong>iaceam.</strong></span> <span class='ocrx_word' id='word_1_110' title='bbox 2245 1005 2339 1059; x_wconf 78' lang='lat' dir='ltr'><strong>sed</strong></span> <span class='ocrx_word' id='word_1_111' title='bbox 2370 1008 2560 1062; x_wconf 83' lang='lat' dir='ltr'><strong>neSCiO</strong></span> <span class='ocrx_word' id='word_1_112' title='bbox 2592 1010 2639 1065; x_wconf 84' lang='lat' dir='ltr'><strong>Si</strong></span> <span class='ocrx_word' id='word_1_113' title='bbox 2670 1012 2752 1067; x_wconf 80' lang='lat' dir='ltr'><strong>vel</strong></span> <span class='ocrx_word' id='word_1_114' title='bbox 2788 1016 3065 1084; x_wconf 82' lang='lat' dir='ltr'><strong>proticisci</strong></span> <span class='ocrx_word' id='word_1_115' title='bbox 3111 1022 3275 1078; x_wconf 88' lang='lat' dir='ltr'><strong>simul</strong></span> <span class='ocrx_word' id='word_1_116' title='bbox 3307 996 3560 1096; x_wconf 77' lang='lat' dir='ltr'><strong>acquies-</strong></span> 
     </span>
    </p>
   </div>
   <div class='ocr_carea' id='block_1_10' title="bbox 296 1091 3557 1176">
    <p class='ocr_par' dir='ltr' id='par_1_10' title="bbox 296 1091 3557 1176">
     <span class='ocr_line' id='line_1_10' title="bbox 296 1091 3557 1176; baseline 0.014 -46"><span class='ocrx_word' id='word_1_117' title='bbox 296 1106 386 1146; x_wconf 74' lang='lat' dir='ltr'><strong>me</strong></span> <span class='ocrx_word' id='word_1_118' title='bbox 407 1091 765 1157; x_wconf 55' lang='lat' dir='ltr'><strong>Clementem,</strong></span> <span class='ocrx_word' id='word_1_119' title='bbox 792 1093 1041 1163; x_wconf 66' lang='lat' dir='ltr'><strong>praecede</strong></span> <span class='ocrx_word' id='word_1_120' title='bbox 1063 1109 1166 1149; x_wconf 76' lang='lat' dir='ltr'><strong>nos</strong></span> <span class='ocrx_word' id='word_1_121' title='bbox 1196 1094 1543 1155; x_wconf 71' lang='lat' dir='ltr'><strong>Antiochiam</strong></span> <span class='ocrx_word' id='word_1_122' title='bbox 1582 1114 1707 1153; x_wconf 80' lang='lat' dir='ltr'><strong>cum</strong></span> <span class='ocrx_word' id='word_1_123' title='bbox 1742 1114 1879 1154; x_wconf 78' lang='lat' dir='ltr'><strong>con-</strong></span> <span class='ocrx_word' id='word_1_124' title='bbox 1980 1107 2122 1150; x_wconf 90' lang='lat' dir='ltr'><strong>eam.</strong></span> <span class='ocrx_word' id='word_1_125' title='bbox 2156 1093 2222 1149; x_wconf 88' lang='lat' dir='ltr'><strong>Et</strong></span> <span class='ocrx_word' id='word_1_126' title='bbox 2250 1111 2374 1151; x_wconf 92' lang='lat' dir='ltr'><strong>cum</strong></span> <span class='ocrx_word' id='word_1_127' title='bbox 2404 1100 2561 1156; x_wconf 88' lang='lat' dir='ltr'><strong>valde</strong></span> <span class='ocrx_word' id='word_1_128' title='bbox 2600 1114 2877 1170; x_wconf 83' lang='lat' dir='ltr'><strong>renueret.</strong></span> <span class='ocrx_word' id='word_1_129' title='bbox 2904 1109 3162 1168; x_wconf 86' lang='lat' dir='ltr'><strong>Anubion</strong></span> <span class='ocrx_word' id='word_1_130' title='bbox 3198 1091 3405 1174; x_wconf 81' lang='lat' dir='ltr'><strong>hortari</strong></span> <span class='ocrx_word' id='word_1_131' title='bbox 3435 1136 3557 1176; x_wconf 88' lang='lat' dir='ltr'><strong>eam</strong></span> 
     </span>
    </p>
   </div>
   <div class='ocr_carea' id='block_1_11' title="bbox 291 1181 3561 1279">
    <p class='ocr_par' dir='ltr' id='par_1_11' title="bbox 291 1181 3561 1279">
     <span class='ocr_line' id='line_1_11' title="bbox 291 1181 3561 1279; baseline 0.008 -41"><span class='ocrx_word' id='word_1_132' title='bbox 291 1181 424 1255; x_wconf 88' lang='lat' dir='ltr'><strong>juge</strong></span> <span class='ocrx_word' id='word_1_133' title='bbox 458 1191 552 1240; x_wconf 90' lang='lat' dir='ltr'><strong>tua</strong></span> <span class='ocrx_word' id='word_1_134' title='bbox 589 1196 645 1242; x_wconf 93' lang='lat' dir='ltr'><strong>et</strong></span> <span class='ocrx_word' id='word_1_135' title='bbox 672 1186 879 1243; x_wconf 88' lang='lat' dir='ltr'><strong>Fausto</strong></span> <span class='ocrx_word' id='word_1_136' title='bbox 935 1202 999 1244; x_wconf 90' lang='lat' dir='ltr'><strong>ac</strong></span> <span class='ocrx_word' id='word_1_137' title='bbox 1043 1188 1305 1246; x_wconf 89' lang='lat' dir='ltr'><strong>Faustino</strong></span> <span class='ocrx_word' id='word_1_138' title='bbox 1339 1192 1468 1248; x_wconf 88' lang='lat' dir='ltr'><strong>ﬁliis</strong></span> <span class='ocrx_word' id='word_1_139' title='bbox 1510 1195 1641 1250; x_wconf 91' lang='lat' dir='ltr'><strong>tuis.</strong></span> <span class='ocrx_word' id='word_1_140' title='bbox 1676 1192 1784 1250; x_wconf 86' lang='lat' dir='ltr'><strong>Sed</strong></span> <span class='ocrx_word' id='word_1_141' title='bbox 1824 1202 1879 1249; x_wconf 92' lang='lat' dir='ltr'><strong>et</strong></span> <span class='ocrx_word' id='word_1_142' title='bbox 1979 1188 2167 1259; x_wconf 74' lang='lat' dir='ltr'><strong>coepit,</strong></span> <span class='ocrx_word' id='word_1_143' title='bbox 2192 1189 2418 1248; x_wconf 89' lang='lat' dir='ltr'><strong>dicens:</strong></span> <span class='ocrx_word' id='word_1_144' title='bbox 2454 1193 2630 1251; x_wconf 86' lang='lat' dir='ltr'><strong>Crede</strong></span> <span class='ocrx_word' id='word_1_145' title='bbox 2652 1198 2786 1253; x_wconf 91' lang='lat' dir='ltr'><strong>mihi</strong></span> <span class='ocrx_word' id='word_1_146' title='bbox 2819 1207 2874 1253; x_wconf 89' lang='lat' dir='ltr'><strong>et</strong></span> <span class='ocrx_word' id='word_1_147' title='bbox 2902 1199 3088 1269; x_wconf 89' lang='lat' dir='ltr'><strong>Petro,</strong></span> <span class='ocrx_word' id='word_1_148' title='bbox 3114 1206 3208 1262; x_wconf 91' lang='lat' dir='ltr'><strong>sed</strong></span> <span class='ocrx_word' id='word_1_149' title='bbox 3236 1216 3292 1263; x_wconf 91' lang='lat' dir='ltr'><strong>et</strong></span> <span class='ocrx_word' id='word_1_150' title='bbox 3316 1208 3434 1279; x_wconf 91' lang='lat' dir='ltr'><strong>ipsa</strong></span> <span class='ocrx_word' id='word_1_151' title='bbox 3456 1225 3561 1266; x_wconf 77' lang='lat' dir='ltr'><strong>vox</strong></span> 
     </span>
    </p>
   </div>
   <div class='ocr_carea' id='block_1_12' title="bbox 295 1278 3561 1374">
    <p class='ocr_par' dir='ltr' id='par_1_12' title="bbox 295 1278 3561 1374">
     <span class='ocr_line' id='line_1_12' title="bbox 295 1278 3561 1374; baseline 0.013 -43"><span class='ocrx_word' id='word_1_152' title='bbox 295 1278 436 1334; x_wconf 88' lang='lat' dir='ltr'><strong>alios</strong></span> <span class='ocrx_word' id='word_1_153' title='bbox 482 1281 692 1333; x_wconf 85' lang='lat' dir='ltr'><strong>mittam</strong></span> <span class='ocrx_word' id='word_1_154' title='bbox 735 1288 937 1347; x_wconf 85' lang='lat' dir='ltr'><strong>tecum,</strong></span> <span class='ocrx_word' id='word_1_155' title='bbox 970 1298 1109 1352; x_wconf 90' lang='lat' dir='ltr'><strong>quos</strong></span> <span class='ocrx_word' id='word_1_156' title='bbox 1151 1284 1286 1339; x_wconf 92' lang='lat' dir='ltr'><strong>mihi</strong></span> <span class='ocrx_word' id='word_1_157' title='bbox 1314 1284 1612 1352; x_wconf 85' lang='lat' dir='ltr'><strong>videbitur,</strong></span> <span class='ocrx_word' id='word_1_158' title='bbox 1655 1287 1749 1358; x_wconf 90' lang='lat' dir='ltr'><strong>qui</strong></span> <span class='ocrx_word' id='word_1_159' title='bbox 1777 1287 1876 1342; x_wconf 92' lang='lat' dir='ltr'><strong>ob—</strong></span> <span class='ocrx_word' id='word_1_160' title='bbox 1978 1292 2088 1332; x_wconf 78' lang='grc' dir='ltr'><strong>ηοη</strong></span> <span class='ocrx_word' id='word_1_161' title='bbox 2143 1280 2239 1335; x_wconf 53' lang='lat' dir='ltr'><strong>tibi</strong></span> <span class='ocrx_word' id='word_1_162' title='bbox 2285 1278 2703 1342; x_wconf 63' lang='lat' dir='ltr'><strong>Faus‘inianum</strong></span> <span class='ocrx_word' id='word_1_163' title='bbox 2760 1304 2886 1348; x_wconf 70' lang='lat' dir='ltr'><strong>esse</strong></span> <span class='ocrx_word' id='word_1_164' title='bbox 2928 1296 3223 1363; x_wconf 67' lang='grc' dir='ltr'><strong>Ρθΐευθάθι</strong></span> <span class='ocrx_word' id='word_1_165' title='bbox 3266 1301 3561 1374; x_wconf 66' lang='lat' dir='ltr'><strong>coniugem</strong></span> 
     </span>
    </p>
   </div>
   <div class='ocr_carea' id='block_1_13' title="bbox 294 1371 3557 1466">
    <p class='ocr_par' dir='ltr' id='par_1_13' title="bbox 294 1371 3557 1466">
     <span class='ocr_line' id='line_1_13' title="bbox 294 1371 3557 1466; baseline 0.01 -43"><span class='ocrx_word' id='word_1_166' title='bbox 294 1377 599 1440; x_wconf 83' lang='lat' dir='ltr'><strong>temperent</strong></span> <span class='ocrx_word' id='word_1_167' title='bbox 629 1371 715 1426; x_wconf 90' lang='lat' dir='ltr'><strong>his</strong></span> <span class='ocrx_word' id='word_1_168' title='bbox 745 1388 866 1442; x_wconf 62' lang='lat' dir='ltr'><strong>quae</strong></span> <span class='ocrx_word' id='word_1_169' title='bbox 896 1389 1227 1445; x_wconf 74' lang='lat' dir='ltr'><strong>przecepero.</strong></span> <span class='ocrx_word' id='word_1_170' title='bbox 1976 1377 2172 1431; x_wconf 85' lang='lat' dir='ltr'><strong>tuum?</strong></span> <span class='ocrx_word' id='word_1_171' title='bbox 2201 1392 2364 1447; x_wconf 88' lang='lat' dir='ltr'><strong>quem</strong></span> <span class='ocrx_word' id='word_1_172' title='bbox 2393 1394 2521 1435; x_wconf 85' lang='lat' dir='ltr'><strong>vere</strong></span> <span class='ocrx_word' id='word_1_173' title='bbox 2548 1396 2660 1437; x_wconf 90' lang='lat' dir='ltr'><strong>non</strong></span> <span class='ocrx_word' id='word_1_174' title='bbox 2707 1384 2893 1442; x_wconf 90' lang='lat' dir='ltr'><strong>minus</strong></span> <span class='ocrx_word' id='word_1_175' title='bbox 2932 1404 3032 1460; x_wconf 92' lang='lat' dir='ltr'><strong>ego</strong></span> <span class='ocrx_word' id='word_1_176' title='bbox 3082 1390 3248 1464; x_wconf 85' lang='lat' dir='ltr'><strong>diligo</strong></span> <span class='ocrx_word' id='word_1_177' title='bbox 3279 1371 3462 1466; x_wconf 22' lang='lat' dir='ltr'><strong>quam:</strong></span> <span class='ocrx_word' id='word_1_178' title='bbox 3477 1406 3557 1454; x_wconf 90' lang='lat' dir='ltr'><strong>tu.</strong></span> 
     </span>
    </p>
   </div>
   <div class='ocr_carea' id='block_1_14' title="bbox 365 1462 3560 1545">
    <p class='ocr_par' dir='ltr' id='par_1_14' title="bbox 365 1462 3560 1545">
     <span class='ocr_line' id='line_1_14' title="bbox 365 1462 3560 1545; baseline 0.009 -28"><span class='ocrx_word' id='word_1_179' title='bbox 365 1462 502 1517; x_wconf 79' lang='lat' dir='ltr'><strong>LXI.</strong></span> <span class='ocrx_word' id='word_1_180' title='bbox 529 1463 668 1519; x_wconf 92' lang='lat' dir='ltr'><strong>Cum</strong></span> <span class='ocrx_word' id='word_1_181' title='bbox 694 1480 827 1536; x_wconf 88' lang='lat' dir='ltr'><strong>ergo</strong></span> <span class='ocrx_word' id='word_1_182' title='bbox 862 1481 971 1522; x_wconf 90' lang='lat' dir='ltr'><strong>una</strong></span> <span class='ocrx_word' id='word_1_183' title='bbox 1000 1482 1125 1523; x_wconf 90' lang='lat' dir='ltr'><strong>cum</strong></span> <span class='ocrx_word' id='word_1_184' title='bbox 1158 1467 1296 1539; x_wconf 90' lang='lat' dir='ltr'><strong>ipsis</strong></span> <span class='ocrx_word' id='word_1_185' title='bbox 1328 1468 1675 1524; x_wconf 85' lang='lat' dir='ltr'><strong>Antiochiam</strong></span> <span class='ocrx_word' id='word_1_186' title='bbox 1706 1487 1873 1528; x_wconf 89' lang='lat' dir='ltr'><strong>vene-</strong></span> <span class='ocrx_word' id='word_1_187' title='bbox 1973 1469 2220 1540; x_wconf 86' lang='lat' dir='ltr'><strong>Denique</strong></span> <span class='ocrx_word' id='word_1_188' title='bbox 2250 1470 2414 1525; x_wconf 90' lang='lat' dir='ltr'><strong>etiam</strong></span> <span class='ocrx_word' id='word_1_189' title='bbox 2460 1486 2561 1543; x_wconf 89' lang='lat' dir='ltr'><strong>ego</strong></span> <span class='ocrx_word' id='word_1_190' title='bbox 2593 1476 2710 1544; x_wconf 92' lang='lat' dir='ltr'><strong>ipse</strong></span> <span class='ocrx_word' id='word_1_191' title='bbox 2740 1478 3024 1536; x_wconf 82' lang='lat' dir='ltr'><strong>vobiscum</strong></span> <span class='ocrx_word' id='word_1_192' title='bbox 3060 1462 3310 1543; x_wconf 41' lang='lat' dir='ltr'><strong>veniam.-</strong></span> <span class='ocrx_word' id='word_1_193' title='bbox 3340 1487 3405 1544; x_wconf 90' lang='lat' dir='ltr'><strong>Et</strong></span> <span class='ocrx_word' id='word_1_194' title='bbox 3433 1504 3560 1545; x_wconf 92' lang='lat' dir='ltr'><strong>cum</strong></span> 
     </span>
    </p>
   </div>
   <div class='ocr_carea' id='block_1_15' title="bbox 290 1554 3562 1652">
    <p class='ocr_par' dir='ltr' id='par_1_15' title="bbox 290 1554 3562 1652">
     <span class='ocr_line' id='line_1_15' title="bbox 290 1554 3562 1652; baseline 0.008 -41"><span class='ocrx_word' id='word_1_195' title='bbox 290 1554 393 1620; x_wconf 76' lang='lat' dir='ltr'><strong>ris,</strong></span> <span class='ocrx_word' id='word_1_196' title='bbox 441 1556 885 1626; x_wconf 84' lang='lat' dir='ltr'><strong>quandoquidem</strong></span> <span class='ocrx_word' id='word_1_197' title='bbox 936 1556 1127 1615; x_wconf 86' lang='lat' dir='ltr'><strong>Simon</strong></span> <span class='ocrx_word' id='word_1_198' title='bbox 1175 1558 1400 1625; x_wconf 83' lang='lat' dir='ltr'><strong>videris,</strong></span> <span class='ocrx_word' id='word_1_199' title='bbox 1451 1562 1669 1631; x_wconf 88' lang='lat' dir='ltr'><strong>publice</strong></span> <span class='ocrx_word' id='word_1_200' title='bbox 1716 1570 1870 1622; x_wconf 80' lang='lat' dir='ltr'><strong>stans</strong></span> <span class='ocrx_word' id='word_1_201' title='bbox 1972 1558 2090 1616; x_wconf 74' lang='lat' dir='ltr'><strong>haec</strong></span> <span class='ocrx_word' id='word_1_202' title='bbox 2118 1560 2348 1616; x_wconf 79' lang='lat' dir='ltr'><strong>dixisset</strong></span> <span class='ocrx_word' id='word_1_203' title='bbox 2371 1560 2646 1632; x_wconf 88' lang='lat' dir='ltr'><strong>Anubion,</strong></span> <span class='ocrx_word' id='word_1_204' title='bbox 2680 1568 2931 1637; x_wconf 90' lang='lat' dir='ltr'><strong>promisit</strong></span> <span class='ocrx_word' id='word_1_205' title='bbox 2956 1581 3128 1629; x_wconf 87' lang='lat' dir='ltr'><strong>mater</strong></span> <span class='ocrx_word' id='word_1_206' title='bbox 3150 1576 3314 1633; x_wconf 87' lang='lat' dir='ltr'><strong>simul</strong></span> <span class='ocrx_word' id='word_1_207' title='bbox 3343 1594 3404 1636; x_wconf 88' lang='lat' dir='ltr'><strong>se</strong></span> <span class='ocrx_word' id='word_1_208' title='bbox 3433 1597 3562 1652; x_wconf 89' lang='lat' dir='ltr'><strong>pro-</strong></span> 
     </span>
    </p>
   </div>
   <div class='ocr_carea' id='block_1_16' title="bbox 290 1647 2260 1722">
    <p class='ocr_par' dir='ltr' id='par_1_16' title="bbox 290 1647 2260 1722">
     <span class='ocr_line' id='line_1_16' title="bbox 290 1647 2260 1722; baseline 0.004 -22"><span class='ocrx_word' id='word_1_209' title='bbox 290 1647 528 1715; x_wconf 85' lang='lat' dir='ltr'><strong>praedica</strong></span> <span class='ocrx_word' id='word_1_210' title='bbox 562 1647 945 1719; x_wconf 76' lang='lat' dir='ltr'><strong>pmnitentiam</strong></span> <span class='ocrx_word' id='word_1_211' title='bbox 972 1658 1121 1705; x_wconf 87' lang='lat' dir='ltr'><strong>tuam</strong></span> <span class='ocrx_word' id='word_1_212' title='bbox 1150 1659 1204 1707; x_wconf 91' lang='lat' dir='ltr'><strong>et</strong></span> <span class='ocrx_word' id='word_1_213' title='bbox 1235 1651 1323 1707; x_wconf 90' lang='lat' dir='ltr'><strong>dic</strong></span> <span class='ocrx_word' id='word_1_214' title='bbox 1348 1670 1362 1707; x_wconf 87' lang='lat'><strong>:</strong></span> <span class='ocrx_word' id='word_1_215' title='bbox 1390 1651 1502 1722; x_wconf 90' lang='lat' dir='ltr'><strong>Ego</strong></span> <span class='ocrx_word' id='word_1_216' title='bbox 1536 1650 1723 1707; x_wconf 91' lang='lat' dir='ltr'><strong>Simon</strong></span> <span class='ocrx_word' id='word_1_217' title='bbox 1772 1654 1870 1711; x_wconf 84' lang='lat' dir='ltr'><strong>de-</strong></span> <span class='ocrx_word' id='word_1_218' title='bbox 1971 1648 2260 1707; x_wconf 86' lang='lat' dir='ltr'><strong>fecturam.</strong></span> 
     </span>
    </p>
   </div>
   <div class='ocr_carea' id='block_1_17' title="bbox 288 1739 3558 1837">
    <p class='ocr_par' dir='ltr' id='par_1_17' title="bbox 288 1739 3558 1837">
     <span class='ocr_line' id='line_1_17' title="bbox 288 1739 3558 1837; baseline 0.008 -43"><span class='ocrx_word' id='word_1_219' title='bbox 288 1739 486 1794; x_wconf 84' lang='lat' dir='ltr'><strong>nuntio</strong></span> <span class='ocrx_word' id='word_1_220' title='bbox 538 1740 695 1795; x_wconf 83' lang='lat' dir='ltr'><strong>vobis</strong></span> <span class='ocrx_word' id='word_1_221' title='bbox 749 1748 804 1796; x_wconf 92' lang='lat' dir='ltr'><strong>et</strong></span> <span class='ocrx_word' id='word_1_222' title='bbox 844 1740 1109 1797; x_wconf 86' lang='lat' dir='ltr'><strong>conﬁteor</strong></span> <span class='ocrx_word' id='word_1_223' title='bbox 1165 1758 1253 1800; x_wconf 88' lang='lat' dir='ltr'><strong>me</strong></span> <span class='ocrx_word' id='word_1_224' title='bbox 1283 1745 1468 1800; x_wconf 88' lang='lat' dir='ltr'><strong>omnia</strong></span> <span class='ocrx_word' id='word_1_225' title='bbox 1507 1746 1763 1803; x_wconf 78' lang='lat' dir='ltr'><strong>fefellisse</strong></span> <span class='ocrx_word' id='word_1_226' title='bbox 1800 1746 1869 1803; x_wconf 88' lang='lat' dir='ltr'><strong>de</strong></span> <span class='ocrx_word' id='word_1_227' title='bbox 2041 1742 2224 1800; x_wconf 79' lang='lat' dir='ltr'><strong>LXIII.</strong></span> <span class='ocrx_word' id='word_1_228' title='bbox 2259 1744 2398 1801; x_wconf 89' lang='lat' dir='ltr'><strong>Tum</strong></span> <span class='ocrx_word' id='word_1_229' title='bbox 2426 1763 2547 1820; x_wconf 88' lang='lat' dir='ltr'><strong>ego,</strong></span> <span class='ocrx_word' id='word_1_230' title='bbox 2580 1749 2989 1822; x_wconf 87' lang='lat' dir='ltr'><strong>Competenter,</strong></span> <span class='ocrx_word' id='word_1_231' title='bbox 3027 1758 3137 1825; x_wconf 88' lang='lat' dir='ltr'><strong>aio,</strong></span> <span class='ocrx_word' id='word_1_232' title='bbox 3166 1759 3310 1819; x_wconf 89' lang='lat' dir='ltr'><strong>Deus</strong></span> <span class='ocrx_word' id='word_1_233' title='bbox 3340 1766 3558 1837; x_wconf 80' lang='lat' dir='ltr'><strong>negotia</strong></span> 
     </span>
    </p>
   </div>
   <div class='ocr_carea' id='block_1_18' title="bbox 286 1828 3561 1909">
    <p class='ocr_par' dir='ltr' id='par_1_18' title="bbox 286 1828 3561 1909">
     <span class='ocr_line' id='line_1_18' title="bbox 286 1828 3561 1909; baseline 0.008 -25"><span class='ocrx_word' id='word_1_234' title='bbox 286 1828 481 1898; x_wconf 91' lang='lat' dir='ltr'><strong>Petro;</strong></span> <span class='ocrx_word' id='word_1_235' title='bbox 514 1831 606 1886; x_wconf 90' lang='lat' dir='ltr'><strong>ille</strong></span> <span class='ocrx_word' id='word_1_236' title='bbox 632 1831 778 1888; x_wconf 90' lang='lat' dir='ltr'><strong>enim</strong></span> <span class='ocrx_word' id='word_1_237' title='bbox 802 1848 982 1903; x_wconf 90' lang='lat' dir='ltr'><strong>neque</strong></span> <span class='ocrx_word' id='word_1_238' title='bbox 1004 1834 1262 1890; x_wconf 88' lang='lat' dir='ltr'><strong>seductor</strong></span> <span class='ocrx_word' id='word_1_239' title='bbox 1291 1845 1393 1901; x_wconf 89' lang='lat' dir='ltr'><strong>est,</strong></span> <span class='ocrx_word' id='word_1_240' title='bbox 1424 1853 1603 1908; x_wconf 89' lang='lat' dir='ltr'><strong>neque</strong></span> <span class='ocrx_word' id='word_1_241' title='bbox 1650 1854 1865 1909; x_wconf 89' lang='lat' dir='ltr'><strong>magus,</strong></span> <span class='ocrx_word' id='word_1_242' title='bbox 1901 1834 1945 1895; x_wconf 88' lang='grc' dir='ltr'><strong>Β</strong></span> <span class='ocrx_word' id='word_1_243' title='bbox 1973 1844 2163 1891; x_wconf 90' lang='lat' dir='ltr'><strong>nostra</strong></span> <span class='ocrx_word' id='word_1_244' title='bbox 2194 1840 2501 1908; x_wconf 89' lang='lat' dir='ltr'><strong>componit;</strong></span> <span class='ocrx_word' id='word_1_245' title='bbox 2536 1840 2803 1898; x_wconf 83' lang='lat' dir='ltr'><strong>habemus</strong></span> <span class='ocrx_word' id='word_1_246' title='bbox 2830 1846 2975 1900; x_wconf 90' lang='lat' dir='ltr'><strong>enim</strong></span> <span class='ocrx_word' id='word_1_247' title='bbox 3002 1849 3289 1907; x_wconf 89' lang='lat' dir='ltr'><strong>nobiscum</strong></span> <span class='ocrx_word' id='word_1_248' title='bbox 3320 1862 3375 1908; x_wconf 91' lang='lat' dir='ltr'><strong>et</strong></span> <span class='ocrx_word' id='word_1_249' title='bbox 3405 1828 3561 1909; x_wconf 73' lang='lat' dir='ltr'><strong>Auu-</strong></span> 
     </span>
    </p>
   </div>
   <div class='ocr_carea' id='block_1_19' title="bbox 288 1919 1874 1996">
    <p class='ocr_par' dir='ltr' id='par_1_19' title="bbox 288 1919 1874 1996">
     <span class='ocr_line' id='line_1_19' title="bbox 288 1919 1874 1996; baseline 0.005 -22"><span class='ocrx_word' id='word_1_250' title='bbox 288 1935 466 1989; x_wconf 88' lang='lat' dir='ltr'><strong>neque</strong></span> <span class='ocrx_word' id='word_1_251' title='bbox 494 1919 788 1985; x_wconf 91' lang='lat' dir='ltr'><strong>homicida,</strong></span> <span class='ocrx_word' id='word_1_252' title='bbox 824 1936 999 1992; x_wconf 89' lang='lat' dir='ltr'><strong>neque</strong></span> <span class='ocrx_word' id='word_1_253' title='bbox 1024 1922 1221 1978; x_wconf 91' lang='lat' dir='ltr'><strong>horum</strong></span> <span class='ocrx_word' id='word_1_254' title='bbox 1270 1923 1479 1994; x_wconf 89' lang='lat' dir='ltr'><strong>aliquid</strong></span> <span class='ocrx_word' id='word_1_255' title='bbox 1527 1940 1874 1996; x_wconf 85' lang='lat' dir='ltr'><strong>quaecunque</strong></span> 
     </span>
    </p>
   </div>
   <div class='ocr_carea' id='block_1_20' title="bbox 287 2013 1873 2079">
    <p class='ocr_par' dir='ltr' id='par_1_20' title="bbox 287 2013 1873 2079">
     <span class='ocr_line' id='line_1_20' title="bbox 287 2013 1873 2079; baseline 0.004 -11"><span class='ocrx_word' id='word_1_256' title='bbox 287 2024 479 2068; x_wconf 85' lang='lat' dir='ltr'><strong>contra</strong></span> <span class='ocrx_word' id='word_1_257' title='bbox 509 2028 633 2069; x_wconf 91' lang='lat' dir='ltr'><strong>eum</strong></span> <span class='ocrx_word' id='word_1_258' title='bbox 667 2013 882 2069; x_wconf 91' lang='lat' dir='ltr'><strong>locutus</strong></span> <span class='ocrx_word' id='word_1_259' title='bbox 910 2029 1053 2079; x_wconf 90' lang='lat' dir='ltr'><strong>sum,</strong></span> <span class='ocrx_word' id='word_1_260' title='bbox 1086 2014 1183 2071; x_wconf 88' lang='lat' dir='ltr'><strong>sed</strong></span> <span class='ocrx_word' id='word_1_261' title='bbox 1214 2015 1331 2071; x_wconf 82' lang='lat' dir='ltr'><strong>dixi</strong></span> <span class='ocrx_word' id='word_1_262' title='bbox 1358 2016 1450 2071; x_wconf 92' lang='lat' dir='ltr'><strong>illa</strong></span> <span class='ocrx_word' id='word_1_263' title='bbox 1472 2018 1656 2072; x_wconf 90' lang='lat' dir='ltr'><strong>omnia</strong></span> <span class='ocrx_word' id='word_1_264' title='bbox 1686 2017 1873 2076; x_wconf 89' lang='lat' dir='ltr'><strong>furore</strong></span> 
     </span>
    </p>
   </div>
   <div class='ocr_carea' id='block_1_21' title="bbox 286 2104 1872 2179">
    <p class='ocr_par' dir='ltr' id='par_1_21' title="bbox 286 2104 1872 2179">
     <span class='ocr_line' id='line_1_21' title="bbox 286 2104 1872 2179; baseline 0.001 -19"><span class='ocrx_word' id='word_1_265' title='bbox 286 2112 620 2161; x_wconf 89' lang='lat' dir='ltr'><strong>commotus.</strong></span> <span class='ocrx_word' id='word_1_266' title='bbox 671 2104 914 2161; x_wconf 90' lang='lat' dir='ltr'><strong>Obsecro</strong></span> <span class='ocrx_word' id='word_1_267' title='bbox 942 2119 1073 2176; x_wconf 89' lang='lat' dir='ltr'><strong>ergo</strong></span> <span class='ocrx_word' id='word_1_268' title='bbox 1100 2121 1199 2163; x_wconf 89' lang='lat' dir='ltr'><strong>vos</strong></span> <span class='ocrx_word' id='word_1_269' title='bbox 1240 2107 1359 2177; x_wconf 90' lang='lat' dir='ltr'><strong>ipse</strong></span> <span class='ocrx_word' id='word_1_270' title='bbox 1384 2122 1505 2179; x_wconf 85' lang='lat' dir='ltr'><strong>ego,</strong></span> <span class='ocrx_word' id='word_1_271' title='bbox 1538 2107 1632 2177; x_wconf 90' lang='lat' dir='ltr'><strong>qui</strong></span> <span class='ocrx_word' id='word_1_272' title='bbox 1663 2106 1872 2162; x_wconf 88' lang='lat' dir='ltr'><strong>dudum</strong></span> 
     </span>
    </p>
   </div>
   <div class='ocr_carea' id='block_1_22' title="bbox 284 2196 1873 2264">
    <p class='ocr_par' dir='ltr' id='par_1_22' title="bbox 284 2196 1873 2264">
     <span class='ocr_line' id='line_1_22' title="bbox 284 2196 1873 2264; baseline 0.003 -13"><span class='ocrx_word' id='word_1_273' title='bbox 284 2212 484 2254; x_wconf 85' lang='lat' dir='ltr'><strong>causas</strong></span> <span class='ocrx_word' id='word_1_274' title='bbox 512 2196 623 2252; x_wconf 91' lang='lat' dir='ltr'><strong>odii</strong></span> <span class='ocrx_word' id='word_1_275' title='bbox 654 2197 809 2253; x_wconf 87' lang='lat' dir='ltr'><strong>vobis</strong></span> <span class='ocrx_word' id='word_1_276' title='bbox 836 2205 1028 2251; x_wconf 90' lang='lat' dir='ltr'><strong>contra</strong></span> <span class='ocrx_word' id='word_1_277' title='bbox 1056 2212 1179 2253; x_wconf 90' lang='lat' dir='ltr'><strong>eum</strong></span> <span class='ocrx_word' id='word_1_278' title='bbox 1211 2197 1489 2264; x_wconf 89' lang='lat' dir='ltr'><strong>dederam,</strong></span> <span class='ocrx_word' id='word_1_279' title='bbox 1520 2205 1581 2253; x_wconf 91' lang='lat' dir='ltr'><strong>ut</strong></span> <span class='ocrx_word' id='word_1_280' title='bbox 1604 2199 1738 2254; x_wconf 89' lang='lat' dir='ltr'><strong>nihil</strong></span> <span class='ocrx_word' id='word_1_281' title='bbox 1763 2200 1873 2257; x_wconf 90' lang='lat' dir='ltr'><strong>tale</strong></span> 
     </span>
    </p>
   </div>
   <div class='ocr_carea' id='block_1_23' title="bbox 282 2288 1871 2363">
    <p class='ocr_par' dir='ltr' id='par_1_23' title="bbox 282 2288 1871 2363">
     <span class='ocr_line' id='line_1_23' title="bbox 282 2288 1871 2363; baseline 0.003 -20"><span class='ocrx_word' id='word_1_282' title='bbox 282 2288 352 2345; x_wconf 89' lang='lat' dir='ltr'><strong>de</strong></span> <span class='ocrx_word' id='word_1_283' title='bbox 379 2304 447 2345; x_wconf 90' lang='lat' dir='ltr'><strong>eo</strong></span> <span class='ocrx_word' id='word_1_284' title='bbox 476 2291 759 2357; x_wconf 89' lang='lat' dir='ltr'><strong>sentiatis;</strong></span> <span class='ocrx_word' id='word_1_285' title='bbox 793 2292 890 2347; x_wconf 91' lang='lat' dir='ltr'><strong>sed</strong></span> <span class='ocrx_word' id='word_1_286' title='bbox 922 2292 1180 2363; x_wconf 85' lang='lat' dir='ltr'><strong>deponite</strong></span> <span class='ocrx_word' id='word_1_287' title='bbox 1211 2292 1420 2357; x_wconf 92' lang='lat' dir='ltr'><strong>odium,</strong></span> <span class='ocrx_word' id='word_1_288' title='bbox 1443 2300 1658 2349; x_wconf 89' lang='lat' dir='ltr'><strong>cessate</strong></span> <span class='ocrx_word' id='word_1_289' title='bbox 1677 2293 1746 2349; x_wconf 89' lang='lat' dir='ltr'><strong>ab</strong></span> <span class='ocrx_word' id='word_1_290' title='bbox 1784 2294 1871 2348; x_wconf 89' lang='lat' dir='ltr'><strong>in-</strong></span> 
     </span>
    </p>
   </div>
   <div class='ocr_carea' id='block_1_24' title="bbox 282 2380 1870 2452">
    <p class='ocr_par' dir='ltr' id='par_1_24' title="bbox 282 2380 1870 2452">
     <span class='ocr_line' id='line_1_24' title="bbox 282 2380 1870 2452; baseline 0.003 -18"><span class='ocrx_word' id='word_1_291' title='bbox 282 2380 624 2451; x_wconf 85' lang='lat' dir='ltr'><strong>dignatione,</strong></span> <span class='ocrx_word' id='word_1_292' title='bbox 650 2382 780 2452; x_wconf 90' lang='lat' dir='ltr'><strong>quia</strong></span> <span class='ocrx_word' id='word_1_293' title='bbox 810 2398 938 2438; x_wconf 90' lang='lat' dir='ltr'><strong>vere</strong></span> <span class='ocrx_word' id='word_1_294' title='bbox 962 2398 993 2436; x_wconf 88' lang='lat' dir='ltr'><strong>a</strong></span> <span class='ocrx_word' id='word_1_295' title='bbox 1023 2381 1135 2438; x_wconf 92' lang='lat' dir='ltr'><strong>Deo</strong></span> <span class='ocrx_word' id='word_1_296' title='bbox 1167 2381 1235 2437; x_wconf 89' lang='lat' dir='ltr'><strong>ad</strong></span> <span class='ocrx_word' id='word_1_297' title='bbox 1266 2381 1500 2439; x_wconf 87' lang='lat' dir='ltr'><strong>salutem</strong></span> <span class='ocrx_word' id='word_1_298' title='bbox 1524 2382 1715 2437; x_wconf 88' lang='lat' dir='ltr'><strong>mundi</strong></span> <span class='ocrx_word' id='word_1_299' title='bbox 1744 2382 1870 2439; x_wconf 89' lang='lat' dir='ltr'><strong>mis-</strong></span> 
     </span>
    </p>
   </div>
   <div class='ocr_carea' id='block_1_25' title="bbox 282 2472 1869 2548">
    <p class='ocr_par' dir='ltr' id='par_1_25' title="bbox 282 2472 1869 2548">
     <span class='ocr_line' id='line_1_25' title="bbox 282 2472 1869 2548; baseline -0.001 -18"><span class='ocrx_word' id='word_1_300' title='bbox 282 2489 380 2530; x_wconf 80' lang='lat' dir='ltr'><strong>sus</strong></span> <span class='ocrx_word' id='word_1_301' title='bbox 396 2480 481 2529; x_wconf 85' lang='lat' dir='ltr'><strong>est</strong></span> <span class='ocrx_word' id='word_1_302' title='bbox 494 2474 800 2545; x_wconf 89' lang='lat' dir='ltr'><strong>discipulus</strong></span> <span class='ocrx_word' id='word_1_303' title='bbox 819 2476 932 2531; x_wconf 88' lang='lat' dir='ltr'><strong>veri</strong></span> <span class='ocrx_word' id='word_1_304' title='bbox 951 2473 1236 2546; x_wconf 69' lang='lat' dir='ltr'><strong>Propheta:</strong></span> <span class='ocrx_word' id='word_1_305' title='bbox 1247 2481 1301 2529; x_wconf 90' lang='lat' dir='ltr'><strong>et</strong></span> <span class='ocrx_word' id='word_1_306' title='bbox 1319 2476 1618 2545; x_wconf 80' lang='lat' dir='ltr'><strong>apoStolus.</strong></span> <span class='ocrx_word' id='word_1_307' title='bbox 1637 2472 1869 2548; x_wconf 87' lang='lat' dir='ltr'><strong>Propter</strong></span> 
     </span>
    </p>
   </div>
   <div class='ocr_carea' id='block_1_26' title="bbox 280 2564 1863 2638">
    <p class='ocr_par' dir='ltr' id='par_1_26' title="bbox 280 2564 1863 2638">
     <span class='ocr_line' id='line_1_26' title="bbox 280 2564 1863 2638; baseline 0.002 -19"><span class='ocrx_word' id='word_1_308' title='bbox 280 2564 429 2635; x_wconf 91' lang='lat' dir='ltr'><strong>quod</strong></span> <span class='ocrx_word' id='word_1_309' title='bbox 476 2566 703 2633; x_wconf 88' lang='lat' dir='ltr'><strong>suadeo,</strong></span> <span class='ocrx_word' id='word_1_310' title='bbox 737 2566 930 2622; x_wconf 87' lang='lat' dir='ltr'><strong>hortor</strong></span> <span class='ocrx_word' id='word_1_311' title='bbox 959 2575 1014 2623; x_wconf 92' lang='lat' dir='ltr'><strong>et</strong></span> <span class='ocrx_word' id='word_1_312' title='bbox 1054 2581 1251 2624; x_wconf 91' lang='lat' dir='ltr'><strong>moneo</strong></span> <span class='ocrx_word' id='word_1_313' title='bbox 1281 2574 1342 2622; x_wconf 92' lang='lat' dir='ltr'><strong>ut</strong></span> <span class='ocrx_word' id='word_1_314' title='bbox 1367 2568 1550 2638; x_wconf 91' lang='lat' dir='ltr'><strong>ipsum</strong></span> <span class='ocrx_word' id='word_1_315' title='bbox 1602 2567 1863 2632; x_wconf 88' lang='lat' dir='ltr'><strong>audiatis,</strong></span> 
     </span>
    </p>
   </div>
   <div class='ocr_carea' id='block_1_27' title="bbox 281 2653 1867 2726">
    <p class='ocr_par' dir='ltr' id='par_1_27' title="bbox 281 2653 1867 2726">
     <span class='ocr_line' id='line_1_27' title="bbox 281 2653 1867 2726; baseline 0.006 -21"><span class='ocrx_word' id='word_1_316' title='bbox 281 2653 388 2722; x_wconf 92' lang='lat' dir='ltr'><strong>ipsi</strong></span> <span class='ocrx_word' id='word_1_317' title='bbox 429 2655 665 2711; x_wconf 88' lang='lat' dir='ltr'><strong>credatis</strong></span> <span class='ocrx_word' id='word_1_318' title='bbox 708 2656 1026 2726; x_wconf 59' lang='lat' dir='ltr'><strong>praedicanti</strong></span> <span class='ocrx_word' id='word_1_319' title='bbox 1066 2657 1221 2713; x_wconf 89' lang='lat' dir='ltr'><strong>vobis</strong></span> <span class='ocrx_word' id='word_1_320' title='bbox 1256 2658 1567 2724; x_wconf 88' lang='lat' dir='ltr'><strong>veritatem,</strong></span> <span class='ocrx_word' id='word_1_321' title='bbox 1616 2673 1685 2714; x_wconf 89' lang='lat' dir='ltr'><strong>ne</strong></span> <span class='ocrx_word' id='word_1_322' title='bbox 1726 2659 1867 2716; x_wconf 89' lang='lat' dir='ltr'><strong>forte</strong></span> 
     </span>
    </p>
   </div>
   <div class='ocr_carea' id='block_1_28' title="bbox 280 2746 1865 2820">
    <p class='ocr_par' dir='ltr' id='par_1_28' title="bbox 280 2746 1865 2820">
     <span class='ocr_line' id='line_1_28' title="bbox 280 2746 1865 2820; baseline 0.006 -21"><span class='ocrx_word' id='word_1_323' title='bbox 280 2746 329 2799; x_wconf 89' lang='lat' dir='ltr'><strong>si</strong></span> <span class='ocrx_word' id='word_1_324' title='bbox 353 2747 673 2816; x_wconf 88' lang='lat' dir='ltr'><strong>spreveritis</strong></span> <span class='ocrx_word' id='word_1_325' title='bbox 707 2763 855 2813; x_wconf 92' lang='lat' dir='ltr'><strong>eum,</strong></span> <span class='ocrx_word' id='word_1_326' title='bbox 885 2750 1007 2820; x_wconf 88' lang='lat' dir='ltr'><strong>ipsa</strong></span> <span class='ocrx_word' id='word_1_327' title='bbox 1037 2749 1202 2804; x_wconf 90' lang='lat' dir='ltr'><strong>etiam</strong></span> <span class='ocrx_word' id='word_1_328' title='bbox 1235 2749 1421 2805; x_wconf 88' lang='lat' dir='ltr'><strong>subito</strong></span> <span class='ocrx_word' id='word_1_329' title='bbox 1449 2751 1642 2808; x_wconf 87' lang='lat' dir='ltr'><strong>civitas</strong></span> <span class='ocrx_word' id='word_1_330' title='bbox 1680 2760 1865 2810; x_wconf 85' lang='lat' dir='ltr'><strong>vestra</strong></span> 
     </span>
    </p>
   </div>
   <div class='ocr_carea' id='block_1_29' title="bbox 278 2836 1867 2911">
    <p class='ocr_par' dir='ltr' id='par_1_29' title="bbox 278 2836 1867 2911">
     <span class='ocr_line' id='line_1_29' title="bbox 278 2836 1867 2911; baseline 0.009 -25"><span class='ocrx_word' id='word_1_331' title='bbox 278 2844 487 2907; x_wconf 56' lang='lat' dir='ltr'><strong>pereat.</strong></span> <span class='ocrx_word' id='word_1_332' title='bbox 519 2836 694 2903; x_wconf 86' lang='lat' dir='ltr'><strong>Quam</strong></span> <span class='ocrx_word' id='word_1_333' title='bbox 721 2854 853 2893; x_wconf 82' lang='lat' dir='ltr'><strong>vero</strong></span> <span class='ocrx_word' id='word_1_334' title='bbox 882 2839 954 2895; x_wconf 91' lang='lat' dir='ltr'><strong>ob</strong></span> <span class='ocrx_word' id='word_1_335' title='bbox 991 2853 1215 2895; x_wconf 88' lang='lat' dir='ltr'><strong>causam</strong></span> <span class='ocrx_word' id='word_1_336' title='bbox 1248 2840 1365 2896; x_wconf 86' lang='lat' dir='ltr'><strong>haec</strong></span> <span class='ocrx_word' id='word_1_337' title='bbox 1393 2857 1539 2898; x_wconf 89' lang='lat' dir='ltr'><strong>nunc</strong></span> <span class='ocrx_word' id='word_1_338' title='bbox 1559 2843 1714 2900; x_wconf 89' lang='lat' dir='ltr'><strong>vobis</strong></span> <span class='ocrx_word' id='word_1_339' title='bbox 1731 2858 1867 2911; x_wconf 86' lang='lat' dir='ltr'><strong>con-</strong></span> 
     </span>
    </p>
   </div>
   <div class='ocr_carea' id='block_1_30' title="bbox 277 2926 1862 3007">
    <p class='ocr_par' dir='ltr' id='par_1_30' title="bbox 277 2926 1862 3007">
     <span class='ocr_line' id='line_1_30' title="bbox 277 2926 1862 3007; baseline 0.006 -26"><span class='ocrx_word' id='word_1_340' title='bbox 277 2926 454 2996; x_wconf 79' lang='lat' dir='ltr'><strong>fitear,</strong></span> <span class='ocrx_word' id='word_1_341' title='bbox 492 2928 765 2984; x_wconf 86' lang='lat' dir='ltr'><strong>indicabo.</strong></span> <span class='ocrx_word' id='word_1_342' title='bbox 792 2928 905 2984; x_wconf 83' lang='lat' dir='ltr'><strong>Hac</strong></span> <span class='ocrx_word' id='word_1_343' title='bbox 927 2938 1089 2987; x_wconf 92' lang='lat' dir='ltr'><strong>nocte</strong></span> <span class='ocrx_word' id='word_1_344' title='bbox 1110 2932 1337 3002; x_wconf 83' lang='lat' dir='ltr'><strong>angelus</strong></span> <span class='ocrx_word' id='word_1_345' title='bbox 1364 2932 1457 2989; x_wconf 91' lang='lat' dir='ltr'><strong>Dei</strong></span> <span class='ocrx_word' id='word_1_346' title='bbox 1488 2935 1757 3007; x_wconf 91' lang='lat' dir='ltr'><strong>corripuit</strong></span> <span class='ocrx_word' id='word_1_347' title='bbox 1776 2952 1862 2991; x_wconf 91' lang='lat' dir='ltr'><strong>me</strong></span> 
     </span>
    </p>
   </div>
   <div class='ocr_carea' id='block_1_31' title="bbox 276 3019 1859 3098">
    <p class='ocr_par' dir='ltr' id='par_1_31' title="bbox 276 3019 1859 3098">
     <span class='ocr_line' id='line_1_31' title="bbox 276 3019 1859 3098; baseline 0.006 -24"><span class='ocrx_word' id='word_1_348' title='bbox 276 3019 532 3090; x_wconf 89' lang='lat' dir='ltr'><strong>impium,</strong></span> <span class='ocrx_word' id='word_1_349' title='bbox 561 3031 614 3076; x_wconf 89' lang='lat' dir='ltr'><strong>et</strong></span> <span class='ocrx_word' id='word_1_350' title='bbox 658 3037 758 3075; x_wconf 92' lang='lat' dir='ltr'><strong>cur</strong></span> <span class='ocrx_word' id='word_1_351' title='bbox 798 3022 1056 3079; x_wconf 90' lang='lat' dir='ltr'><strong>inimicus</strong></span> <span class='ocrx_word' id='word_1_352' title='bbox 1093 3038 1273 3080; x_wconf 87' lang='lat' dir='ltr'><strong>essem</strong></span> <span class='ocrx_word' id='word_1_353' title='bbox 1311 3026 1557 3083; x_wconf 80' lang='lat' dir='ltr'><strong>veritatis</strong></span> <span class='ocrx_word' id='word_1_354' title='bbox 1595 3029 1859 3098; x_wconf 83' lang='lat' dir='ltr'><strong>praeconi,</strong></span> 
     </span>
    </p>
   </div>
   <div class='ocr_carea' id='block_1_32' title="bbox 1975 1926 3561 2006">
    <p class='ocr_par' dir='ltr' id='par_1_32' title="bbox 1975 1926 3561 2006">
     <span class='ocr_line' id='line_1_32' title="bbox 1975 1926 3561 2006; baseline 0.012 -23"><span class='ocrx_word' id='word_1_355' title='bbox 1975 1926 2195 1983; x_wconf 90' lang='lat' dir='ltr'><strong>bionem</strong></span> <span class='ocrx_word' id='word_1_356' title='bbox 2227 1931 2589 2004; x_wconf 79' lang='lat' dir='ltr'><strong>a5tr010gum,</strong></span> <span class='ocrx_word' id='word_1_357' title='bbox 2626 1950 2751 1989; x_wconf 91' lang='lat' dir='ltr'><strong>cum</strong></span> <span class='ocrx_word' id='word_1_358' title='bbox 2780 1952 2889 2006; x_wconf 92' lang='lat' dir='ltr'><strong>quo</strong></span> <span class='ocrx_word' id='word_1_359' title='bbox 2920 1938 2968 1994; x_wconf 90' lang='lat' dir='ltr'><strong>si</strong></span> <span class='ocrx_word' id='word_1_360' title='bbox 3006 1940 3355 1999; x_wconf 87' lang='lat' dir='ltr'><strong>Antiochiam</strong></span> <span class='ocrx_word' id='word_1_361' title='bbox 3392 1962 3561 2002; x_wconf 89' lang='lat' dir='ltr'><strong>vene-</strong></span> 
     </span>
    </p>
   </div>
   <div class='ocr_carea' id='block_1_33' title="bbox 1976 2016 3560 2104">
    <p class='ocr_par' dir='ltr' id='par_1_33' title="bbox 1976 2016 3560 2104">
     <span class='ocr_line' id='line_1_33' title="bbox 1976 2016 3560 2104; baseline 0.013 -35"><span class='ocrx_word' id='word_1_362' title='bbox 1976 2016 2174 2083; x_wconf 88' lang='lat' dir='ltr'><strong>rimus,</strong></span> <span class='ocrx_word' id='word_1_363' title='bbox 2205 2017 2274 2073; x_wconf 92' lang='lat' dir='ltr'><strong>de</strong></span> <span class='ocrx_word' id='word_1_364' title='bbox 2303 2020 2493 2091; x_wconf 82' lang='lat' dir='ltr'><strong>genesi</strong></span> <span class='ocrx_word' id='word_1_365' title='bbox 2529 2024 2794 2080; x_wconf 89' lang='lat' dir='ltr'><strong>attentius</strong></span> <span class='ocrx_word' id='word_1_366' title='bbox 2837 2024 3265 2097; x_wconf 89' lang='lat' dir='ltr'><strong>disputabimus.</strong></span> <span class='ocrx_word' id='word_1_367' title='bbox 3308 2031 3560 2104; x_wconf 88' lang='lat' dir='ltr'><strong>Cumque</strong></span> 
     </span>
    </p>
   </div>
   <div class='ocr_carea' id='block_1_34' title="bbox 1974 2109 3561 2195">
    <p class='ocr_par' dir='ltr' id='par_1_34' title="bbox 1974 2109 3561 2195">
     <span class='ocr_line' id='line_1_34' title="bbox 1974 2109 3561 2195; baseline 0.013 -35"><span class='ocrx_word' id='word_1_368' title='bbox 1974 2116 2100 2180; x_wconf 88' lang='lat' dir='ltr'><strong>post</strong></span> <span class='ocrx_word' id='word_1_369' title='bbox 2127 2109 2366 2165; x_wconf 89' lang='lat' dir='ltr'><strong>medium</strong></span> <span class='ocrx_word' id='word_1_370' title='bbox 2396 2113 2578 2169; x_wconf 90' lang='lat' dir='ltr'><strong>noctis</strong></span> <span class='ocrx_word' id='word_1_371' title='bbox 2603 2124 2758 2185; x_wconf 88' lang='lat' dir='ltr'><strong>pater</strong></span> <span class='ocrx_word' id='word_1_372' title='bbox 2789 2124 2981 2174; x_wconf 87' lang='lat' dir='ltr'><strong>noster</strong></span> <span class='ocrx_word' id='word_1_373' title='bbox 3005 2134 3131 2174; x_wconf 91' lang='lat' dir='ltr'><strong>cum</strong></span> <span class='ocrx_word' id='word_1_374' title='bbox 3164 2121 3252 2178; x_wconf 90' lang='lat' dir='ltr'><strong>his</strong></span> <span class='ocrx_word' id='word_1_375' title='bbox 3279 2139 3419 2194; x_wconf 90' lang='lat' dir='ltr'><strong>quos</strong></span> <span class='ocrx_word' id='word_1_376' title='bbox 3436 2124 3561 2195; x_wconf 87' lang='lat' dir='ltr'><strong>jus-</strong></span> 
     </span>
    </p>
   </div>
   <div class='ocr_carea' id='block_1_35' title="bbox 1973 2197 3559 2281">
    <p class='ocr_par' dir='ltr' id='par_1_35' title="bbox 1973 2197 3559 2281">
     <span class='ocr_line' id='line_1_35' title="bbox 1973 2197 3559 2281; baseline 0.011 -27"><span class='ocrx_word' id='word_1_377' title='bbox 1973 2205 2121 2254; x_wconf 86' lang='lat' dir='ltr'><strong>serat</strong></span> <span class='ocrx_word' id='word_1_378' title='bbox 2169 2197 2390 2267; x_wconf 89' lang='lat' dir='ltr'><strong>Petrus,</strong></span> <span class='ocrx_word' id='word_1_379' title='bbox 2419 2209 2475 2257; x_wconf 91' lang='lat' dir='ltr'><strong>et</strong></span> <span class='ocrx_word' id='word_1_380' title='bbox 2524 2202 2813 2262; x_wconf 90' lang='lat' dir='ltr'><strong>Anubione</strong></span> <span class='ocrx_word' id='word_1_381' title='bbox 2855 2208 3136 2278; x_wconf 86' lang='lat' dir='ltr'><strong>profectus</strong></span> <span class='ocrx_word' id='word_1_382' title='bbox 3176 2221 3358 2281; x_wconf 87' lang='lat' dir='ltr'><strong>esset;</strong></span> <span class='ocrx_word' id='word_1_383' title='bbox 3396 2230 3559 2273; x_wconf 86' lang='lat' dir='ltr'><strong>mane</strong></span> 
     </span>
    </p>
   </div>
   <div class='ocr_carea' id='block_1_36' title="bbox 1970 2289 3557 2371">
    <p class='ocr_par' dir='ltr' id='par_1_36' title="bbox 1970 2289 3557 2371">
     <span class='ocr_line' id='line_1_36' title="bbox 1970 2289 3557 2371; baseline 0.013 -28"><span class='ocrx_word' id='word_1_384' title='bbox 1970 2289 2293 2362; x_wconf 87' lang='lat' dir='ltr'><strong>priusquam</strong></span> <span class='ocrx_word' id='word_1_385' title='bbox 2319 2293 2642 2365; x_wconf 90' lang='lat' dir='ltr'><strong>procederet</strong></span> <span class='ocrx_word' id='word_1_386' title='bbox 2672 2298 2739 2353; x_wconf 91' lang='lat' dir='ltr'><strong>ad</strong></span> <span class='ocrx_word' id='word_1_387' title='bbox 2762 2300 3168 2370; x_wconf 80' lang='lat' dir='ltr'><strong>disputandum</strong></span> <span class='ocrx_word' id='word_1_388' title='bbox 3210 2303 3429 2371; x_wconf 87' lang='lat' dir='ltr'><strong>Petrus,</strong></span> <span class='ocrx_word' id='word_1_389' title='bbox 3468 2324 3557 2364; x_wconf 88' lang='lat' dir='ltr'><strong>re-</strong></span> 
     </span>
    </p>
   </div>
   <div class='ocr_carea' id='block_1_37' title="bbox 1972 2384 3557 2463">
    <p class='ocr_par' dir='ltr' id='par_1_37' title="bbox 1972 2384 3557 2463">
     <span class='ocr_line' id='line_1_37' title="bbox 1972 2384 3557 2463; baseline 0.013 -28"><span class='ocrx_word' id='word_1_390' title='bbox 1972 2384 2149 2453; x_wconf 82' lang='lat' dir='ltr'><strong>gressi</strong></span> <span class='ocrx_word' id='word_1_391' title='bbox 2180 2394 2309 2440; x_wconf 92' lang='lat' dir='ltr'><strong>sunt</strong></span> <span class='ocrx_word' id='word_1_392' title='bbox 2355 2385 2434 2440; x_wconf 88' lang='lat' dir='ltr'><strong>illi</strong></span> <span class='ocrx_word' id='word_1_393' title='bbox 2492 2388 2585 2457; x_wconf 85' lang='lat' dir='ltr'><strong>qui</strong></span> <span class='ocrx_word' id='word_1_394' title='bbox 2635 2388 2983 2447; x_wconf 84' lang='lat' dir='ltr'><strong>deduxerunt</strong></span> <span class='ocrx_word' id='word_1_395' title='bbox 3016 2393 3293 2451; x_wconf 90' lang='lat' dir='ltr'><strong>Simonem</strong></span> <span class='ocrx_word' id='word_1_396' title='bbox 3319 2439 3334 2463; x_wconf 96' lang='lat'><strong>,</strong></span> <span class='ocrx_word' id='word_1_397' title='bbox 3369 2398 3423 2452; x_wconf 92' lang='lat' dir='ltr'><strong>id</strong></span> <span class='ocrx_word' id='word_1_398' title='bbox 3472 2406 3557 2455; x_wconf 90' lang='lat' dir='ltr'><strong>est</strong></span> 
     </span>
    </p>
   </div>
   <div class='ocr_carea' id='block_1_38' title="bbox 1969 2474 3557 2563">
    <p class='ocr_par' dir='ltr' id='par_1_38' title="bbox 1969 2474 3557 2563">
     <span class='ocr_line' id='line_1_38' title="bbox 1969 2474 3557 2563; baseline 0.011 -34"><span class='ocrx_word' id='word_1_399' title='bbox 1969 2474 2183 2545; x_wconf 84' lang='lat' dir='ltr'><strong>Appion</strong></span> <span class='ocrx_word' id='word_1_400' title='bbox 2217 2485 2272 2533; x_wconf 93' lang='lat' dir='ltr'><strong>et</strong></span> <span class='ocrx_word' id='word_1_401' title='bbox 2299 2478 2710 2548; x_wconf 86' lang='lat' dir='ltr'><strong>Athenodorus,</strong></span> <span class='ocrx_word' id='word_1_402' title='bbox 2742 2490 2795 2563; x_wconf 82' lang='lat' dir='ltr'><strong>et</strong></span> <span class='ocrx_word' id='word_1_403' title='bbox 2828 2495 3098 2541; x_wconf 83' lang='lat' dir='ltr'><strong>venerunt</strong></span> <span class='ocrx_word' id='word_1_404' title='bbox 3126 2488 3194 2542; x_wconf 87' lang='lat' dir='ltr'><strong>ad</strong></span> <span class='ocrx_word' id='word_1_405' title='bbox 3231 2504 3332 2547; x_wconf 90' lang='lat' dir='ltr'><strong>nos</strong></span> <span class='ocrx_word' id='word_1_406' title='bbox 3376 2492 3557 2563; x_wconf 84' lang='lat' dir='ltr'><strong>requi-</strong></span> 
     </span>
    </p>
   </div>
   <div class='ocr_carea' id='block_1_39' title="bbox 1968 2560 3551 2652">
    <p class='ocr_par' dir='ltr' id='par_1_39' title="bbox 1968 2560 3551 2652">
     <span class='ocr_line' id='line_1_39' title="bbox 1968 2560 3551 2652; baseline 0.011 -33"><span class='ocrx_word' id='word_1_407' title='bbox 1968 2573 2154 2621; x_wconf 87' lang='lat' dir='ltr'><strong>rentes</strong></span> <span class='ocrx_word' id='word_1_408' title='bbox 2205 2575 2415 2638; x_wconf 88' lang='lat' dir='ltr'><strong>patrem</strong></span> <span class='ocrx_word' id='word_1_409' title='bbox 2465 2586 2667 2627; x_wconf 91' lang='lat' dir='ltr'><strong>meum.</strong></span> <span class='ocrx_word' id='word_1_410' title='bbox 2724 2560 2922 2632; x_wconf 73' lang='lat' dir='ltr'><strong>Petrus</strong></span> <span class='ocrx_word' id='word_1_411' title='bbox 2961 2593 3094 2632; x_wconf 88' lang='lat' dir='ltr'><strong>vero</strong></span> <span class='ocrx_word' id='word_1_412' title='bbox 3133 2579 3228 2634; x_wconf 87' lang='lat' dir='ltr'><strong>ubi</strong></span> <span class='ocrx_word' id='word_1_413' title='bbox 3277 2560 3551 2652; x_wconf 63' lang='lat' dir='ltr'><strong>cognovit,</strong></span> 
     </span>
    </p>
   </div>
   <div class='ocr_carea' id='block_1_40' title="bbox 1962 2656 3552 2741">
    <p class='ocr_par' dir='ltr' id='par_1_40' title="bbox 1962 2656 3552 2741">
     <span class='ocr_line' id='line_1_40' title="bbox 1962 2656 3552 2741; baseline 0.011 -29"><span class='ocrx_word' id='word_1_414' title='bbox 1962 2656 2131 2728; x_wconf 79' lang='lat' dir='ltr'><strong>jussit</strong></span> <span class='ocrx_word' id='word_1_415' title='bbox 2175 2673 2271 2715; x_wconf 92' lang='lat' dir='ltr'><strong>eos</strong></span> <span class='ocrx_word' id='word_1_416' title='bbox 2304 2660 2552 2718; x_wconf 91' lang='lat' dir='ltr'><strong>introire.</strong></span> <span class='ocrx_word' id='word_1_417' title='bbox 2594 2663 2661 2718; x_wconf 89' lang='lat' dir='ltr'><strong>Et</strong></span> <span class='ocrx_word' id='word_1_418' title='bbox 2691 2680 2816 2721; x_wconf 92' lang='lat' dir='ltr'><strong>cum</strong></span> <span class='ocrx_word' id='word_1_419' title='bbox 2850 2669 3257 2737; x_wconf 89' lang='lat' dir='ltr'><strong>consedissent,</strong></span> <span class='ocrx_word' id='word_1_420' title='bbox 3292 2670 3396 2729; x_wconf 89' lang='lat' dir='ltr'><strong>Ubi</strong></span> <span class='ocrx_word' id='word_1_421' title='bbox 3443 2682 3552 2741; x_wconf 90' lang='lat' dir='ltr'><strong>est,</strong></span> 
     </span>
    </p>
   </div>
   <div class='ocr_carea' id='block_1_41' title="bbox 1967 2749 3551 2831">
    <p class='ocr_par' dir='ltr' id='par_1_41' title="bbox 1967 2749 3551 2831">
     <span class='ocr_line' id='line_1_41' title="bbox 1967 2749 3551 2831; baseline 0.011 -26"><span class='ocrx_word' id='word_1_422' title='bbox 1967 2750 2143 2817; x_wconf 85' lang='lat' dir='ltr'><strong>aiunt,</strong></span> <span class='ocrx_word' id='word_1_423' title='bbox 2175 2749 2609 2812; x_wconf 87' lang='lat' dir='ltr'><strong>Faustinianus?</strong></span> <span class='ocrx_word' id='word_1_424' title='bbox 2636 2755 2834 2814; x_wconf 90' lang='lat' dir='ltr'><strong>Petrus</strong></span> <span class='ocrx_word' id='word_1_425' title='bbox 2866 2761 3184 2831; x_wconf 85' lang='lat' dir='ltr'><strong>respondit:</strong></span> <span class='ocrx_word' id='word_1_426' title='bbox 3219 2762 3551 2822; x_wconf 85' lang='lat' dir='ltr'><strong>Nescimus:</strong></span> 
     </span>
    </p>
   </div>
   <div class='ocr_carea' id='block_1_42' title="bbox 1965 2845 3553 2921">
    <p class='ocr_par' dir='ltr' id='par_1_42' title="bbox 1965 2845 3553 2921">
     <span class='ocr_line' id='line_1_42' title="bbox 1965 2845 3553 2921; baseline 0.009 -23"><span class='ocrx_word' id='word_1_427' title='bbox 1965 2857 2194 2912; x_wconf 82' lang='lat' dir='ltr'><strong>vespere</strong></span> <span class='ocrx_word' id='word_1_428' title='bbox 2241 2845 2385 2899; x_wconf 91' lang='lat' dir='ltr'><strong>enim</strong></span> <span class='ocrx_word' id='word_1_429' title='bbox 2432 2855 2727 2917; x_wconf 85' lang='lat' dir='ltr'><strong>postquam</strong></span> <span class='ocrx_word' id='word_1_430' title='bbox 2786 2849 2854 2904; x_wconf 90' lang='lat' dir='ltr'><strong>ad</strong></span> <span class='ocrx_word' id='word_1_431' title='bbox 2898 2867 2997 2907; x_wconf 87' lang='lat' dir='ltr'><strong>vos</strong></span> <span class='ocrx_word' id='word_1_432' title='bbox 3029 2852 3199 2921; x_wconf 90' lang='lat' dir='ltr'><strong>venit,</strong></span> <span class='ocrx_word' id='word_1_433' title='bbox 3238 2855 3383 2910; x_wconf 90' lang='lat' dir='ltr'><strong>ultra</strong></span> <span class='ocrx_word' id='word_1_434' title='bbox 3412 2858 3553 2913; x_wconf 90' lang='lat' dir='ltr'><strong>nulli</strong></span> 
     </span>
    </p>
   </div>
   <div class='ocr_carea' id='block_1_43' title="bbox 1966 2938 3555 3005">
    <p class='ocr_par' dir='ltr' id='par_1_43' title="bbox 1966 2938 3555 3005">
     <span class='ocr_line' id='line_1_43' title="bbox 1966 2938 3555 3005; baseline 0.008 -14"><span class='ocrx_word' id='word_1_435' title='bbox 1966 2949 2194 2991; x_wconf 89' lang='lat' dir='ltr'><strong>suorum</strong></span> <span class='ocrx_word' id='word_1_436' title='bbox 2237 2938 2391 2992; x_wconf 91' lang='lat' dir='ltr'><strong>visus</strong></span> <span class='ocrx_word' id='word_1_437' title='bbox 2424 2945 2551 3005; x_wconf 89' lang='lat' dir='ltr'><strong>est;</strong></span> <span class='ocrx_word' id='word_1_438' title='bbox 2598 2938 2858 2995; x_wconf 89' lang='lat' dir='ltr'><strong>hesterno</strong></span> <span class='ocrx_word' id='word_1_439' title='bbox 2897 2950 3079 2997; x_wconf 86' lang='lat' dir='ltr'><strong>tamen</strong></span> <span class='ocrx_word' id='word_1_440' title='bbox 3117 2945 3205 2999; x_wconf 81' lang='lat' dir='ltr'><strong>die</strong></span> <span class='ocrx_word' id='word_1_441' title='bbox 3253 2962 3417 3003; x_wconf 89' lang='lat' dir='ltr'><strong>mane</strong></span> <span class='ocrx_word' id='word_1_442' title='bbox 3464 2949 3555 3002; x_wconf 88' lang='lat' dir='ltr'><strong>Si-</strong></span> 
     </span>
    </p>
   </div>
   <div class='ocr_carea' id='block_1_44' title="bbox 1964 3028 3551 3110">
    <p class='ocr_par' dir='ltr' id='par_1_44' title="bbox 1964 3028 3551 3110">
     <span class='ocr_line' id='line_1_44' title="bbox 1964 3028 3551 3110; baseline 0.011 -32"><span class='ocrx_word' id='word_1_443' title='bbox 1964 3040 2093 3080; x_wconf 91' lang='lat' dir='ltr'><strong>mon</strong></span> <span class='ocrx_word' id='word_1_444' title='bbox 2116 3028 2265 3081; x_wconf 87' lang='lat' dir='ltr'><strong>venit</strong></span> <span class='ocrx_word' id='word_1_445' title='bbox 2287 3043 2540 3100; x_wconf 69' lang='lat' dir='ltr'><strong>quaerens</strong></span> <span class='ocrx_word' id='word_1_446' title='bbox 2567 3039 2791 3099; x_wconf 88' lang='lat' dir='ltr'><strong>eum,et</strong></span> <span class='ocrx_word' id='word_1_447' title='bbox 2821 3034 2953 3103; x_wconf 90' lang='lat' dir='ltr'><strong>quia</strong></span> <span class='ocrx_word' id='word_1_448' title='bbox 2982 3035 3122 3089; x_wconf 88' lang='lat' dir='ltr'><strong>nihil</strong></span> <span class='ocrx_word' id='word_1_449' title='bbox 3148 3037 3228 3091; x_wconf 90' lang='lat' dir='ltr'><strong>illi</strong></span> <span class='ocrx_word' id='word_1_450' title='bbox 3257 3040 3551 3110; x_wconf 88' lang='lat' dir='ltr'><strong>respondi-</strong></span> 
     </span>
    </p>
   </div>
   <div class='ocr_carea' id='block_1_45' title="bbox 274 3114 3553 3192">
    <p class='ocr_par' dir='ltr' id='par_1_45' title="bbox 274 3114 3553 3192">
     <span class='ocr_line' id='line_1_45' title="bbox 274 3114 3553 3192; baseline 0.005 -21"><span class='ocrx_word' id='word_1_451' title='bbox 274 3114 759 3171; x_wconf 83' lang='lat' dir='ltr'><strong>vehementissime</strong></span> <span class='ocrx_word' id='word_1_452' title='bbox 776 3114 1497 3191; x_wconf 71' lang='lat' dir='ltr'><strong>ﬂagellavit(62).Deprecor</strong></span> <span class='ocrx_word' id='word_1_453' title='bbox 1513 3135 1644 3191; x_wconf 79' lang='lat' dir='ltr'><strong>ergo</strong></span> <span class='ocrx_word' id='word_1_454' title='bbox 1659 3137 1778 3185; x_wconf 75' lang='lat' dir='ltr'><strong>vos,</strong></span> <span class='ocrx_word' id='word_1_455' title='bbox 1801 3127 1861 3175; x_wconf 94' lang='lat' dir='ltr'><strong>ut</strong></span> <span class='ocrx_word' id='word_1_456' title='bbox 1891 3181 1927 3192; x_wconf 46' lang='grc' dir='ltr'><strong>Α</strong></span> <span class='ocrx_word' id='word_1_457' title='bbox 1963 3134 2109 3184; x_wconf 89' lang='lat' dir='ltr'><strong>mus,</strong></span> <span class='ocrx_word' id='word_1_458' title='bbox 2140 3123 2332 3177; x_wconf 89' lang='lat' dir='ltr'><strong>nescio</strong></span> <span class='ocrx_word' id='word_1_459' title='bbox 2355 3122 2487 3192; x_wconf 89' lang='lat' dir='ltr'><strong>quid</strong></span> <span class='ocrx_word' id='word_1_460' title='bbox 2511 3122 2560 3177; x_wconf 91' lang='lat' dir='ltr'><strong>ei</strong></span> <span class='ocrx_word' id='word_1_461' title='bbox 2587 3122 2765 3179; x_wconf 92' lang='lat' dir='ltr'><strong>visum</strong></span> <span class='ocrx_word' id='word_1_462' title='bbox 2794 3125 2885 3190; x_wconf 92' lang='lat' dir='ltr'><strong>sit,</strong></span> <span class='ocrx_word' id='word_1_463' title='bbox 2911 3123 3331 3184; x_wconf 87' lang='lat' dir='ltr'><strong>Faustinianum</strong></span> <span class='ocrx_word' id='word_1_464' title='bbox 3355 3144 3415 3186; x_wconf 87' lang='lat' dir='ltr'><strong>se</strong></span> <span class='ocrx_word' id='word_1_465' title='bbox 3428 3146 3553 3188; x_wconf 79' lang='lat' dir='ltr'><strong>esse</strong></span> 
     </span>
    </p>
   </div>
   <div class='ocr_carea' id='block_1_46' title="bbox 275 3181 3551 3292">
    <p class='ocr_par' dir='ltr' id='par_1_46' title="bbox 275 3181 3551 3292">
     <span class='ocr_line' id='line_1_46' title="bbox 275 3181 3551 3292; baseline 0.005 -30"><span class='ocrx_word' id='word_1_466' title='bbox 275 3207 491 3263; x_wconf 85' lang='lat' dir='ltr'><strong>etiamsi</strong></span> <span class='ocrx_word' id='word_1_467' title='bbox 523 3222 623 3278; x_wconf 90' lang='lat' dir='ltr'><strong>ego</strong></span> <span class='ocrx_word' id='word_1_468' title='bbox 655 3207 773 3277; x_wconf 89' lang='lat' dir='ltr'><strong>ipse</strong></span> <span class='ocrx_word' id='word_1_469' title='bbox 802 3181 926 3278; x_wconf 84' lang='lat' dir='ltr'><strong>post</strong></span> <span class='ocrx_word' id='word_1_470' title='bbox 971 3181 1100 3264; x_wconf 73' lang='lat' dir='ltr'><strong>haec</strong></span> <span class='ocrx_word' id='word_1_471' title='bbox 1131 3181 1360 3269; x_wconf 76' lang='lat' dir='ltr'><strong>veniens</strong></span> <span class='ocrx_word' id='word_1_472' title='bbox 1395 3213 1464 3269; x_wconf 87' lang='lat' dir='ltr'><strong>ad</strong></span> <span class='ocrx_word' id='word_1_473' title='bbox 1508 3181 1606 3269; x_wconf 70' lang='lat' dir='ltr'><strong>vos</strong></span> <span class='ocrx_word' id='word_1_474' title='bbox 1646 3215 1856 3285; x_wconf 90' lang='lat' dir='ltr'><strong>aliquid</strong></span> <span class='ocrx_word' id='word_1_475' title='bbox 1884 3181 1929 3241; x_wconf 63' lang='grc' dir='ltr'><strong>θ</strong></span> <span class='ocrx_word' id='word_1_476' title='bbox 1961 3212 2369 3279; x_wconf 84' lang='lat' dir='ltr'><strong>dicebat.Quod</strong></span> <span class='ocrx_word' id='word_1_477' title='bbox 2395 3230 2518 3270; x_wconf 91' lang='lat' dir='ltr'><strong>cum</strong></span> <span class='ocrx_word' id='word_1_478' title='bbox 2549 3217 2603 3272; x_wconf 86' lang='lat' dir='ltr'><strong>ei</strong></span> <span class='ocrx_word' id='word_1_479' title='bbox 2622 3232 2785 3273; x_wconf 91' lang='lat' dir='ltr'><strong>nemo</strong></span> <span class='ocrx_word' id='word_1_480' title='bbox 2809 3220 3080 3285; x_wconf 91' lang='lat' dir='ltr'><strong>crederet,</strong></span> <span class='ocrx_word' id='word_1_481' title='bbox 3114 3219 3251 3277; x_wconf 86' lang='lat' dir='ltr'><strong>ﬂens</strong></span> <span class='ocrx_word' id='word_1_482' title='bbox 3279 3229 3333 3277; x_wconf 91' lang='lat' dir='ltr'><strong>et</strong></span> <span class='ocrx_word' id='word_1_483' title='bbox 3356 3223 3551 3292; x_wconf 77' lang='lat' dir='ltr'><strong>dolens</strong></span> 
     </span>
    </p>
   </div>
   <div class='ocr_carea' id='block_1_47' title="bbox 274 3300 1852 3376">
    <p class='ocr_par' dir='ltr' id='par_1_47' title="bbox 274 3300 1852 3376">
     <span class='ocr_line' id='line_1_47' title="bbox 274 3300 1852 3376; baseline 0.006 -23"><span class='ocrx_word' id='word_1_484' title='bbox 274 3307 557 3355; x_wconf 85' lang='lat' dir='ltr'><strong>tentavero</strong></span> <span class='ocrx_word' id='word_1_485' title='bbox 588 3300 879 3357; x_wconf 89' lang='lat' dir='ltr'><strong>adversum</strong></span> <span class='ocrx_word' id='word_1_486' title='bbox 908 3301 1132 3357; x_wconf 92' lang='lat' dir='ltr'><strong>Petrum</strong></span> <span class='ocrx_word' id='word_1_487' title='bbox 1178 3303 1380 3369; x_wconf 89' lang='lat' dir='ltr'><strong>dicere,</strong></span> <span class='ocrx_word' id='word_1_488' title='bbox 1414 3320 1484 3360; x_wconf 91' lang='lat' dir='ltr'><strong>ne</strong></span> <span class='ocrx_word' id='word_1_489' title='bbox 1514 3306 1852 3376; x_wconf 77' lang='lat' dir='ltr'><strong>suscipiatis,</strong></span> 
     </span>
    </p>
   </div>
   <div class='ocr_carea' id='block_1_48' title="bbox 273 3390 1852 3469">
    <p class='ocr_par' dir='ltr' id='par_1_48' title="bbox 273 3390 1852 3469">
     <span class='ocr_line' id='line_1_48' title="bbox 273 3390 1852 3469; baseline 0.008 -26"><span class='ocrx_word' id='word_1_490' title='bbox 273 3405 377 3445; x_wconf 89' lang='lat' dir='ltr'><strong>nec</strong></span> <span class='ocrx_word' id='word_1_491' title='bbox 425 3390 685 3447; x_wconf 85' lang='lat' dir='ltr'><strong>credatis.</strong></span> <span class='ocrx_word' id='word_1_492' title='bbox 737 3391 1015 3449; x_wconf 88' lang='lat' dir='ltr'><strong>Conﬁteor</strong></span> <span class='ocrx_word' id='word_1_493' title='bbox 1048 3395 1192 3449; x_wconf 91' lang='lat' dir='ltr'><strong>enim</strong></span> <span class='ocrx_word' id='word_1_494' title='bbox 1242 3395 1437 3462; x_wconf 90' lang='lat' dir='ltr'><strong>vobis,</strong></span> <span class='ocrx_word' id='word_1_495' title='bbox 1493 3412 1593 3469; x_wconf 87' lang='lat' dir='ltr'><strong>ego</strong></span> <span class='ocrx_word' id='word_1_496' title='bbox 1639 3413 1852 3468; x_wconf 87' lang='lat' dir='ltr'><strong>magus,</strong></span> 
     </span>
    </p>
   </div>
   <div class='ocr_carea' id='block_1_49' title="bbox 273 3485 1856 3560">
    <p class='ocr_par' dir='ltr' id='par_1_49' title="bbox 273 3485 1856 3560">
     <span class='ocr_line' id='line_1_49' title="bbox 273 3485 1856 3560; baseline 0.004 -21"><span class='ocrx_word' id='word_1_497' title='bbox 273 3499 377 3552; x_wconf 87' lang='lat' dir='ltr'><strong>ego</strong></span> <span class='ocrx_word' id='word_1_498' title='bbox 424 3485 704 3549; x_wconf 86' lang='lat' dir='ltr'><strong>seductor,</strong></span> <span class='ocrx_word' id='word_1_499' title='bbox 754 3500 855 3557; x_wconf 88' lang='lat' dir='ltr'><strong>ego</strong></span> <span class='ocrx_word' id='word_1_500' title='bbox 882 3487 1140 3557; x_wconf 90' lang='lat' dir='ltr'><strong>deceptor</strong></span> <span class='ocrx_word' id='word_1_501' title='bbox 1186 3485 1287 3552; x_wconf 89' lang='lat' dir='ltr'><strong>fui,</strong></span> <span class='ocrx_word' id='word_1_502' title='bbox 1334 3489 1431 3545; x_wconf 86' lang='lat' dir='ltr'><strong>sed</strong></span> <span class='ocrx_word' id='word_1_503' title='bbox 1477 3491 1856 3560; x_wconf 72' lang='lat' dir='ltr'><strong>pmniteutiam</strong></span> 
     </span>
    </p>
   </div>
   <div class='ocr_carea' id='block_1_50' title="bbox 272 3576 1856 3655">
    <p class='ocr_par' dir='ltr' id='par_1_50' title="bbox 272 3576 1856 3655">
     <span class='ocr_line' id='line_1_50' title="bbox 272 3576 1856 3655; baseline 0.005 -25"><span class='ocrx_word' id='word_1_504' title='bbox 272 3590 408 3645; x_wconf 85' lang='lat' dir='ltr'><strong>ago;</strong></span> <span class='ocrx_word' id='word_1_505' title='bbox 439 3576 566 3633; x_wconf 91' lang='lat' dir='ltr'><strong>licet</strong></span> <span class='ocrx_word' id='word_1_506' title='bbox 593 3577 739 3634; x_wconf 90' lang='lat' dir='ltr'><strong>enim</strong></span> <span class='ocrx_word' id='word_1_507' title='bbox 775 3593 874 3649; x_wconf 89' lang='lat' dir='ltr'><strong>per</strong></span> <span class='ocrx_word' id='word_1_508' title='bbox 911 3580 1292 3650; x_wconf 75' lang='lat' dir='ltr'><strong>paenitentiam</strong></span> <span class='ocrx_word' id='word_1_509' title='bbox 1320 3582 1501 3651; x_wconf 89' lang='lat' dir='ltr'><strong>priora</strong></span> <span class='ocrx_word' id='word_1_510' title='bbox 1530 3583 1671 3638; x_wconf 89' lang='lat' dir='ltr'><strong>male</strong></span> <span class='ocrx_word' id='word_1_511' title='bbox 1702 3590 1856 3655; x_wconf 89' lang='lat' dir='ltr'><strong>gesta</strong></span> 
     </span>
    </p>
   </div>
   <div class='ocr_carea' id='block_1_51' title="bbox 274 3670 483 3727">
    <p class='ocr_par' dir='ltr' id='par_1_51' title="bbox 274 3670 483 3727">
     <span class='ocr_line' id='line_1_51' title="bbox 274 3670 483 3727; baseline 0.014 -3"><span class='ocrx_word' id='word_1_512' title='bbox 274 3670 483 3727; x_wconf 90' lang='lat' dir='ltr'><strong>delere.</strong></span> 
     </span>
    </p>
   </div>
   <div class='ocr_carea' id='block_1_52' title="bbox 343 3764 1856 3838">
    <p class='ocr_par' dir='ltr' id='par_1_52' title="bbox 343 3764 1856 3838">
     <span class='ocr_line' id='line_1_52' title="bbox 343 3764 1856 3838; baseline 0.003 -20"><span class='ocrx_word' id='word_1_513' title='bbox 343 3764 500 3821; x_wconf 77' lang='lat' dir='ltr'><strong>LXII.</strong></span> <span class='ocrx_word' id='word_1_514' title='bbox 521 3765 657 3821; x_wconf 92' lang='lat' dir='ltr'><strong>Cum</strong></span> <span class='ocrx_word' id='word_1_515' title='bbox 678 3766 793 3821; x_wconf 73' lang='lat' dir='ltr'><strong>haec</strong></span> <span class='ocrx_word' id='word_1_516' title='bbox 814 3765 1010 3822; x_wconf 88' lang='lat' dir='ltr'><strong>Petrus</strong></span> <span class='ocrx_word' id='word_1_517' title='bbox 1032 3766 1308 3823; x_wconf 88' lang='lat' dir='ltr'><strong>intimaret</strong></span> <span class='ocrx_word' id='word_1_518' title='bbox 1330 3768 1493 3837; x_wconf 90' lang='lat' dir='ltr'><strong>patri,</strong></span> <span class='ocrx_word' id='word_1_519' title='bbox 1512 3767 1602 3823; x_wconf 89' lang='lat' dir='ltr'><strong>ille</strong></span> <span class='ocrx_word' id='word_1_520' title='bbox 1626 3783 1856 3838; x_wconf 90' lang='lat' dir='ltr'><strong>respon-</strong></span> 
     </span>
    </p>
   </div>
   <div class='ocr_carea' id='block_1_53' title="bbox 270 3856 1854 3929">
    <p class='ocr_par' dir='ltr' id='par_1_53' title="bbox 270 3856 1854 3929">
     <span class='ocr_line' id='line_1_53' title="bbox 270 3856 1854 3929; baseline 0.003 -18"><span class='ocrx_word' id='word_1_521' title='bbox 270 3857 351 3912; x_wconf 86' lang='lat' dir='ltr'><strong>dit</strong></span> <span class='ocrx_word' id='word_1_522' title='bbox 378 3880 391 3912; x_wconf 71' lang='grc' dir='ltr'>ι</span> <span class='ocrx_word' id='word_1_523' title='bbox 419 3856 547 3914; x_wconf 90' lang='lat' dir='ltr'><strong>Scio</strong></span> <span class='ocrx_word' id='word_1_524' title='bbox 571 3859 702 3929; x_wconf 88' lang='lat' dir='ltr'><strong>quid</strong></span> <span class='ocrx_word' id='word_1_525' title='bbox 729 3860 887 3927; x_wconf 90' lang='lat' dir='ltr'><strong>velis,</strong></span> <span class='ocrx_word' id='word_1_526' title='bbox 920 3874 987 3914; x_wconf 92' lang='lat' dir='ltr'><strong>ne</strong></span> <span class='ocrx_word' id='word_1_527' title='bbox 1005 3859 1218 3916; x_wconf 90' lang='lat' dir='ltr'><strong>labores</strong></span> <span class='ocrx_word' id='word_1_528' title='bbox 1246 3860 1424 3924; x_wconf 88' lang='lat' dir='ltr'><strong>ultra;</strong></span> <span class='ocrx_word' id='word_1_529' title='bbox 1450 3861 1690 3915; x_wconf 81' lang='lat' dir='ltr'><strong>intellexi</strong></span> <span class='ocrx_word' id='word_1_530' title='bbox 1708 3862 1854 3916; x_wconf 90' lang='lat' dir='ltr'><strong>enim</strong></span> 
     </span>
    </p>
   </div>
   <div class='ocr_carea' id='block_1_54' title="bbox 268 3952 1855 4026">
    <p class='ocr_par' dir='ltr' id='par_1_54' title="bbox 268 3952 1855 4026">
     <span class='ocr_line' id='line_1_54' title="bbox 268 3952 1855 4026; baseline 0.004 -22"><span class='ocrx_word' id='word_1_531' title='bbox 268 3958 325 4005; x_wconf 92' lang='lat' dir='ltr'><strong>et</strong></span> <span class='ocrx_word' id='word_1_532' title='bbox 344 3952 492 4015; x_wconf 89' lang='lat' dir='ltr'><strong>novi,</strong></span> <span class='ocrx_word' id='word_1_533' title='bbox 524 3952 653 4019; x_wconf 92' lang='lat' dir='ltr'><strong>quid</strong></span> <span class='ocrx_word' id='word_1_534' title='bbox 678 3959 926 4022; x_wconf 84' lang='lat' dir='ltr'><strong>Oporteat</strong></span> <span class='ocrx_word' id='word_1_535' title='bbox 957 3968 1081 4006; x_wconf 92' lang='lat' dir='ltr'><strong>cum</strong></span> <span class='ocrx_word' id='word_1_536' title='bbox 1112 3953 1178 4007; x_wconf 92' lang='lat' dir='ltr'><strong>ad</strong></span> <span class='ocrx_word' id='word_1_537' title='bbox 1213 3954 1394 4008; x_wconf 90' lang='lat' dir='ltr'><strong>locum</strong></span> <span class='ocrx_word' id='word_1_538' title='bbox 1422 3968 1643 4018; x_wconf 89' lang='lat' dir='ltr'><strong>venero,</strong></span> <span class='ocrx_word' id='word_1_539' title='bbox 1666 3969 1855 4026; x_wconf 89' lang='lat' dir='ltr'><strong>prose-</strong></span> 
     </span>
    </p>
   </div>
   <div class='ocr_carea' id='block_1_55' title="bbox 268 4041 1854 4116">
    <p class='ocr_par' dir='ltr' id='par_1_55' title="bbox 268 4041 1854 4116">
     <span class='ocr_line' id='line_1_55' title="bbox 268 4041 1854 4116; baseline 0.004 -21"><span class='ocrx_word' id='word_1_540' title='bbox 268 4042 385 4113; x_wconf 90' lang='lat' dir='ltr'><strong>qui.</strong></span> <span class='ocrx_word' id='word_1_541' title='bbox 413 4041 479 4096; x_wconf 89' lang='lat' dir='ltr'><strong>Et</strong></span> <span class='ocrx_word' id='word_1_542' title='bbox 508 4042 704 4099; x_wconf 90' lang='lat' dir='ltr'><strong>Petrus</strong></span> <span class='ocrx_word' id='word_1_543' title='bbox 731 4044 932 4099; x_wconf 90' lang='lat' dir='ltr'><strong>iterum</strong></span> <span class='ocrx_word' id='word_1_544' title='bbox 983 4044 1309 4116; x_wconf 88' lang='lat' dir='ltr'><strong>suggerebat</strong></span> <span class='ocrx_word' id='word_1_545' title='bbox 1339 4045 1412 4111; x_wconf 89' lang='lat' dir='ltr'><strong>ei,</strong></span> <span class='ocrx_word' id='word_1_546' title='bbox 1457 4046 1647 4103; x_wconf 90' lang='lat' dir='ltr'><strong>dicens</strong></span> <span class='ocrx_word' id='word_1_547' title='bbox 1673 4067 1686 4102; x_wconf 88' lang='lat'><strong>:</strong></span> <span class='ocrx_word' id='word_1_548' title='bbox 1714 4047 1854 4103; x_wconf 91' lang='lat' dir='ltr'><strong>Cum</strong></span> 
     </span>
    </p>
   </div>
   <div class='ocr_carea' id='block_1_56' title="bbox 268 4133 1855 4206">
    <p class='ocr_par' dir='ltr' id='par_1_56' title="bbox 268 4133 1855 4206">
     <span class='ocr_line' id='line_1_56' title="bbox 268 4133 1855 4206; baseline 0.004 -18"><span class='ocrx_word' id='word_1_549' title='bbox 268 4147 401 4203; x_wconf 86' lang='lat' dir='ltr'><strong>ergo</strong></span> <span class='ocrx_word' id='word_1_550' title='bbox 423 4134 641 4189; x_wconf 86' lang='lat' dir='ltr'><strong>veneris</strong></span> <span class='ocrx_word' id='word_1_551' title='bbox 662 4133 731 4188; x_wconf 89' lang='lat' dir='ltr'><strong>ad</strong></span> <span class='ocrx_word' id='word_1_552' title='bbox 767 4133 947 4189; x_wconf 88' lang='lat' dir='ltr'><strong>locum</strong></span> <span class='ocrx_word' id='word_1_553' title='bbox 990 4142 1045 4190; x_wconf 92' lang='lat' dir='ltr'><strong>et</strong></span> <span class='ocrx_word' id='word_1_554' title='bbox 1074 4134 1280 4191; x_wconf 86' lang='lat' dir='ltr'><strong>videris</strong></span> <span class='ocrx_word' id='word_1_555' title='bbox 1321 4136 1580 4206; x_wconf 89' lang='lat' dir='ltr'><strong>populum</strong></span> <span class='ocrx_word' id='word_1_556' title='bbox 1625 4152 1693 4193; x_wconf 80' lang='lat' dir='ltr'><strong>ex</strong></span> <span class='ocrx_word' id='word_1_557' title='bbox 1737 4154 1855 4194; x_wconf 91' lang='lat' dir='ltr'><strong>ser-</strong></span> 
     </span>
    </p>
   </div>
   <div class='ocr_carea' id='block_1_57' title="bbox 268 4226 1855 4299">
    <p class='ocr_par' dir='ltr' id='par_1_57' title="bbox 268 4226 1855 4299">
     <span class='ocr_line' id='line_1_57' title="bbox 268 4226 1855 4299; baseline 0.006 -22"><span class='ocrx_word' id='word_1_558' title='bbox 268 4239 433 4280; x_wconf 92' lang='lat' dir='ltr'><strong>mone</strong></span> <span class='ocrx_word' id='word_1_559' title='bbox 476 4234 572 4280; x_wconf 91' lang='lat' dir='ltr'><strong>tuo</strong></span> <span class='ocrx_word' id='word_1_560' title='bbox 603 4226 870 4292; x_wconf 92' lang='lat' dir='ltr'><strong>converti,</strong></span> <span class='ocrx_word' id='word_1_561' title='bbox 912 4234 966 4282; x_wconf 93' lang='lat' dir='ltr'><strong>et</strong></span> <span class='ocrx_word' id='word_1_562' title='bbox 1008 4228 1272 4298; x_wconf 90' lang='lat' dir='ltr'><strong>depositis</strong></span> <span class='ocrx_word' id='word_1_563' title='bbox 1317 4230 1459 4292; x_wconf 88' lang='lat' dir='ltr'><strong>odiis</strong></span> <span class='ocrx_word' id='word_1_564' title='bbox 1492 4230 1737 4299; x_wconf 91' lang='lat' dir='ltr'><strong>recipere</strong></span> <span class='ocrx_word' id='word_1_565' title='bbox 1763 4231 1855 4286; x_wconf 87' lang='lat' dir='ltr'><strong>de-</strong></span> 
     </span>
    </p>
   </div>
   <div class='ocr_carea' id='block_1_58' title="bbox 269 4316 1851 4385">
    <p class='ocr_par' dir='ltr' id='par_1_58' title="bbox 269 4316 1851 4385">
     <span class='ocr_line' id='line_1_58' title="bbox 269 4316 1851 4385; baseline 0.004 -16"><span class='ocrx_word' id='word_1_566' title='bbox 269 4316 534 4372; x_wconf 88' lang='lat' dir='ltr'><strong>siderium</strong></span> <span class='ocrx_word' id='word_1_567' title='bbox 586 4319 784 4385; x_wconf 89' lang='lat' dir='ltr'><strong>nostri,</strong></span> <span class='ocrx_word' id='word_1_568' title='bbox 836 4319 989 4374; x_wconf 92' lang='lat' dir='ltr'><strong>mitte</strong></span> <span class='ocrx_word' id='word_1_569' title='bbox 1044 4328 1098 4375; x_wconf 88' lang='lat' dir='ltr'><strong>et</strong></span> <span class='ocrx_word' id='word_1_570' title='bbox 1145 4321 1343 4375; x_wconf 88' lang='lat' dir='ltr'><strong>manda</strong></span> <span class='ocrx_word' id='word_1_571' title='bbox 1386 4321 1539 4385; x_wconf 89' lang='lat' dir='ltr'><strong>mihi,</strong></span> <span class='ocrx_word' id='word_1_572' title='bbox 1574 4328 1629 4377; x_wconf 88' lang='lat' dir='ltr'><strong>et</strong></span> <span class='ocrx_word' id='word_1_573' title='bbox 1664 4323 1851 4377; x_wconf 91' lang='lat' dir='ltr'><strong>statim</strong></span> 
     </span>
    </p>
   </div>
   <div class='ocr_carea' id='block_1_59' title="bbox 267 4409 1849 4477">
    <p class='ocr_par' dir='ltr' id='par_1_59' title="bbox 267 4409 1849 4477">
     <span class='ocr_line' id='line_1_59' title="bbox 267 4409 1849 4477; baseline 0.005 -17"><span class='ocrx_word' id='word_1_574' title='bbox 267 4409 504 4465; x_wconf 84' lang='lat' dir='ltr'><strong>veniam.</strong></span> <span class='ocrx_word' id='word_1_575' title='bbox 546 4410 685 4466; x_wconf 88' lang='lat' dir='ltr'><strong>Cum</strong></span> <span class='ocrx_word' id='word_1_576' title='bbox 728 4421 909 4467; x_wconf 91' lang='lat' dir='ltr'><strong>autem</strong></span> <span class='ocrx_word' id='word_1_577' title='bbox 961 4427 1185 4477; x_wconf 89' lang='lat' dir='ltr'><strong>venero,</strong></span> <span class='ocrx_word' id='word_1_578' title='bbox 1239 4413 1359 4467; x_wconf 90' lang='lat' dir='ltr'><strong>sine</strong></span> <span class='ocrx_word' id='word_1_579' title='bbox 1404 4429 1557 4467; x_wconf 89' lang='lat' dir='ltr'><strong>mora</strong></span> <span class='ocrx_word' id='word_1_580' title='bbox 1609 4414 1849 4468; x_wconf 75' lang='lat' dir='ltr'><strong>alienum</strong></span> 
     </span>
    </p>
   </div>
   <div class='ocr_carea' id='block_1_60' title="bbox 1960 3304 3551 3386">
    <p class='ocr_par' dir='ltr' id='par_1_60' title="bbox 1960 3304 3551 3386">
     <span class='ocr_line' id='line_1_60' title="bbox 1960 3304 3551 3386; baseline 0.009 -28"><span class='ocrx_word' id='word_1_581' title='bbox 1960 3304 2402 3360; x_wconf 80' lang='lat' dir='ltr'><strong>comminabatur</strong></span> <span class='ocrx_word' id='word_1_582' title='bbox 2447 3315 2859 3378; x_wconf 87' lang='lat' dir='ltr'><strong>perempturum</strong></span> <span class='ocrx_word' id='word_1_583' title='bbox 2911 3310 3291 3381; x_wconf 80' lang='lat' dir='ltr'><strong>semetipsum,</strong></span> <span class='ocrx_word' id='word_1_584' title='bbox 3325 3321 3381 3369; x_wconf 91' lang='lat' dir='ltr'><strong>et</strong></span> <span class='ocrx_word' id='word_1_585' title='bbox 3421 3324 3551 3386; x_wconf 89' lang='lat' dir='ltr'><strong>post</strong></span> 
     </span>
    </p>
   </div>
   <div class='ocr_carea' id='block_1_61' title="bbox 1957 3394 2762 3456">
    <p class='ocr_par' dir='ltr' id='par_1_61' title="bbox 1957 3394 2762 3456">
     <span class='ocr_line' id='line_1_61' title="bbox 1957 3394 2762 3456; baseline 0.009 -7"><span class='ocrx_word' id='word_1_586' title='bbox 1957 3394 2075 3451; x_wconf 67' lang='lat' dir='ltr'><strong>baac</strong></span> <span class='ocrx_word' id='word_1_587' title='bbox 2103 3396 2237 3451; x_wconf 91' lang='lat' dir='ltr'><strong>abiit</strong></span> <span class='ocrx_word' id='word_1_588' title='bbox 2270 3397 2339 3451; x_wconf 90' lang='lat' dir='ltr'><strong>ad</strong></span> <span class='ocrx_word' id='word_1_589' title='bbox 2370 3413 2520 3454; x_wconf 81' lang='lat' dir='ltr'><strong>mare</strong></span> <span class='ocrx_word' id='word_1_590' title='bbox 2548 3415 2762 3456; x_wconf 89' lang='lat' dir='ltr'><strong>versus.</strong></span> 
     </span>
    </p>
   </div>
   <div class='ocr_carea' id='block_1_62' title="bbox 2029 3486 3549 3569">
    <p class='ocr_par' dir='ltr' id='par_1_62' title="bbox 2029 3486 3549 3569">
     <span class='ocr_line' id='line_1_62' title="bbox 2029 3486 3549 3569; baseline 0.009 -29"><span class='ocrx_word' id='word_1_591' title='bbox 2029 3486 2218 3543; x_wconf 82' lang='lat' dir='ltr'><strong>LXIV.</strong></span> <span class='ocrx_word' id='word_1_592' title='bbox 2251 3488 2377 3543; x_wconf 84' lang='lat' dir='ltr'><strong>Haec</strong></span> <span class='ocrx_word' id='word_1_593' title='bbox 2406 3504 2531 3545; x_wconf 92' lang='lat' dir='ltr'><strong>cum</strong></span> <span class='ocrx_word' id='word_1_594' title='bbox 2562 3493 2805 3549; x_wconf 87' lang='lat' dir='ltr'><strong>audisset</strong></span> <span class='ocrx_word' id='word_1_595' title='bbox 2831 3493 3042 3567; x_wconf 88' lang='lat' dir='ltr'><strong>Appion</strong></span> <span class='ocrx_word' id='word_1_596' title='bbox 3067 3505 3120 3551; x_wconf 91' lang='lat' dir='ltr'><strong>et</strong></span> <span class='ocrx_word' id='word_1_597' title='bbox 3148 3496 3243 3566; x_wconf 91' lang='lat' dir='ltr'><strong>qui</strong></span> <span class='ocrx_word' id='word_1_598' title='bbox 3269 3512 3393 3552; x_wconf 91' lang='lat' dir='ltr'><strong>cum</strong></span> <span class='ocrx_word' id='word_1_599' title='bbox 3427 3498 3549 3569; x_wconf 87' lang='lat' dir='ltr'><strong>ipso</strong></span> 
     </span>
    </p>
   </div>
   <div class='ocr_carea' id='block_1_63' title="bbox 1957 3583 3549 3657">
    <p class='ocr_par' dir='ltr' id='par_1_63' title="bbox 1957 3583 3549 3657">
     <span class='ocr_line' id='line_1_63' title="bbox 1957 3583 3549 3657; baseline 0.008 -22"><span class='ocrx_word' id='word_1_600' title='bbox 1957 3588 2136 3645; x_wconf 88' lang='lat' dir='ltr'><strong>erant,</strong></span> <span class='ocrx_word' id='word_1_601' title='bbox 2163 3583 2432 3638; x_wconf 91' lang='lat' dir='ltr'><strong>ululatum</strong></span> <span class='ocrx_word' id='word_1_602' title='bbox 2461 3584 2733 3640; x_wconf 89' lang='lat' dir='ltr'><strong>dederunt</strong></span> <span class='ocrx_word' id='word_1_603' title='bbox 2762 3588 3048 3655; x_wconf 85' lang='lat' dir='ltr'><strong>grandem,</strong></span> <span class='ocrx_word' id='word_1_604' title='bbox 3079 3590 3328 3647; x_wconf 92' lang='lat' dir='ltr'><strong>dicentes</strong></span> <span class='ocrx_word' id='word_1_605' title='bbox 3353 3610 3365 3645; x_wconf 94' lang='lat'>:</span> <span class='ocrx_word' id='word_1_606' title='bbox 3404 3589 3549 3657; x_wconf 86' lang='lat' dir='ltr'><strong>Quid</strong></span> 
     </span>
    </p>
   </div>
   <div class='ocr_carea' id='block_1_64' title="bbox 1958 3671 3548 3750">
    <p class='ocr_par' dir='ltr' id='par_1_64' title="bbox 1958 3671 3548 3750">
     <span class='ocr_line' id='line_1_64' title="bbox 1958 3671 3548 3750; baseline 0.009 -24"><span class='ocrx_word' id='word_1_607' title='bbox 1958 3672 2063 3727; x_wconf 91' lang='lat' dir='ltr'><strong>hoc</strong></span> <span class='ocrx_word' id='word_1_608' title='bbox 2100 3671 2331 3739; x_wconf 84' lang='lat' dir='ltr'><strong>fecistis,</strong></span> <span class='ocrx_word' id='word_1_609' title='bbox 2361 3690 2463 3730; x_wconf 90' lang='lat' dir='ltr'><strong>cur</strong></span> <span class='ocrx_word' id='word_1_610' title='bbox 2492 3691 2603 3731; x_wconf 91' lang='lat' dir='ltr'><strong>non</strong></span> <span class='ocrx_word' id='word_1_611' title='bbox 2633 3679 2922 3750; x_wconf 90' lang='lat' dir='ltr'><strong>recepistis</strong></span> <span class='ocrx_word' id='word_1_612' title='bbox 2943 3682 3108 3736; x_wconf 85' lang='lat' dir='ltr'><strong>eum?</strong></span> <span class='ocrx_word' id='word_1_613' title='bbox 3136 3681 3203 3737; x_wconf 86' lang='lat' dir='ltr'><strong>Et</strong></span> <span class='ocrx_word' id='word_1_614' title='bbox 3230 3698 3356 3738; x_wconf 91' lang='lat' dir='ltr'><strong>cum</strong></span> <span class='ocrx_word' id='word_1_615' title='bbox 3384 3686 3548 3741; x_wconf 86' lang='lat' dir='ltr'><strong>vellet</strong></span> 
     </span>
    </p>
   </div>
   <div class='ocr_carea' id='block_1_65' title="bbox 1957 3763 3548 3843">
    <p class='ocr_par' dir='ltr' id='par_1_65' title="bbox 1957 3763 3548 3843">
     <span class='ocr_line' id='line_1_65' title="bbox 1957 3763 3548 3843; baseline 0.009 -25"><span class='ocrx_word' id='word_1_616' title='bbox 1957 3763 2344 3822; x_wconf 81' lang='lat' dir='ltr'><strong>Athenodorus</strong></span> <span class='ocrx_word' id='word_1_617' title='bbox 2387 3767 2570 3824; x_wconf 88' lang='lat' dir='ltr'><strong>dicere</strong></span> <span class='ocrx_word' id='word_1_618' title='bbox 2612 3771 2747 3827; x_wconf 88' lang='lat' dir='ltr'><strong>mihi</strong></span> <span class='ocrx_word' id='word_1_619' title='bbox 2801 3772 2933 3843; x_wconf 85' lang='lat' dir='ltr'><strong>quia</strong></span> <span class='ocrx_word' id='word_1_620' title='bbox 2984 3774 3105 3843; x_wconf 86' lang='lat' dir='ltr'><strong>ipse</strong></span> <span class='ocrx_word' id='word_1_621' title='bbox 3150 3783 3271 3831; x_wconf 88' lang='lat' dir='ltr'><strong>erat</strong></span> <span class='ocrx_word' id='word_1_622' title='bbox 3327 3776 3548 3834; x_wconf 85' lang='lat' dir='ltr'><strong>Fausti-</strong></span> 
     </span>
    </p>
   </div>
   <div class='ocr_carea' id='block_1_66' title="bbox 1957 3858 3545 3936">
    <p class='ocr_par' dir='ltr' id='par_1_66' title="bbox 1957 3858 3545 3936">
     <span class='ocr_line' id='line_1_66' title="bbox 1957 3858 3545 3936; baseline 0.011 -25"><span class='ocrx_word' id='word_1_623' title='bbox 1957 3858 2160 3913; x_wconf 89' lang='lat' dir='ltr'><strong>nianus</strong></span> <span class='ocrx_word' id='word_1_624' title='bbox 2190 3867 2345 3930; x_wconf 89' lang='lat' dir='ltr'><strong>pater</strong></span> <span class='ocrx_word' id='word_1_625' title='bbox 2384 3867 2535 3927; x_wconf 89' lang='lat' dir='ltr'><strong>tuus,</strong></span> <span class='ocrx_word' id='word_1_626' title='bbox 2566 3860 2780 3935; x_wconf 90' lang='lat' dir='ltr'><strong>Appion</strong></span> <span class='ocrx_word' id='word_1_627' title='bbox 2818 3868 3157 3936; x_wconf 85' lang='lat' dir='ltr'><strong>praeveniens</strong></span> <span class='ocrx_word' id='word_1_628' title='bbox 3186 3886 3311 3926; x_wconf 94' lang='lat' dir='ltr'><strong>eum</strong></span> <span class='ocrx_word' id='word_1_629' title='bbox 3337 3889 3351 3927; x_wconf 91' lang='lat'><strong>:</strong></span> <span class='ocrx_word' id='word_1_630' title='bbox 3383 3871 3545 3928; x_wconf 90' lang='lat' dir='ltr'><strong>Com-</strong></span> 
     </span>
    </p>
   </div>
   <div class='ocr_carea' id='block_1_67' title="bbox 1960 3951 3543 4031">
    <p class='ocr_par' dir='ltr' id='par_1_67' title="bbox 1960 3951 3543 4031">
     <span class='ocr_line' id='line_1_67' title="bbox 1960 3951 3543 4031; baseline 0.009 -26"><span class='ocrx_word' id='word_1_631' title='bbox 1960 3952 2224 4021; x_wconf 90' lang='lat' dir='ltr'><strong>perimus,</strong></span> <span class='ocrx_word' id='word_1_632' title='bbox 2266 3951 2464 4023; x_wconf 91' lang='lat' dir='ltr'><strong>inquit,</strong></span> <span class='ocrx_word' id='word_1_633' title='bbox 2504 3969 2535 4007; x_wconf 86' lang='lat' dir='ltr'><strong>a</strong></span> <span class='ocrx_word' id='word_1_634' title='bbox 2565 3955 2803 4025; x_wconf 83' lang='lat' dir='ltr'><strong>quodam</strong></span> <span class='ocrx_word' id='word_1_635' title='bbox 2839 3958 2933 4028; x_wconf 91' lang='lat' dir='ltr'><strong>qui</strong></span> <span class='ocrx_word' id='word_1_636' title='bbox 2978 3976 3104 4015; x_wconf 90' lang='lat' dir='ltr'><strong>cum</strong></span> <span class='ocrx_word' id='word_1_637' title='bbox 3152 3959 3376 4019; x_wconf 90' lang='lat' dir='ltr'><strong>Simone</strong></span> <span class='ocrx_word' id='word_1_638' title='bbox 3409 3979 3543 4031; x_wconf 86' lang='lat' dir='ltr'><strong>pro-</strong></span> 
     </span>
    </p>
   </div>
   <div class='ocr_carea' id='block_1_68' title="bbox 1959 4043 3538 4126">
    <p class='ocr_par' dir='ltr' id='par_1_68' title="bbox 1959 4043 3538 4126">
     <span class='ocr_line' id='line_1_68' title="bbox 1959 4043 3538 4126; baseline 0.009 -29"><span class='ocrx_word' id='word_1_639' title='bbox 1959 4043 2137 4101; x_wconf 89' lang='lat' dir='ltr'><strong>fectus</strong></span> <span class='ocrx_word' id='word_1_640' title='bbox 2184 4055 2287 4114; x_wconf 89' lang='lat' dir='ltr'><strong>est,</strong></span> <span class='ocrx_word' id='word_1_641' title='bbox 2322 4045 2442 4118; x_wconf 90' lang='lat' dir='ltr'><strong>ipso</strong></span> <span class='ocrx_word' id='word_1_642' title='bbox 2473 4045 2833 4105; x_wconf 85' lang='lat' dir='ltr'><strong>Faustiniano</strong></span> <span class='ocrx_word' id='word_1_643' title='bbox 2879 4051 3213 4122; x_wconf 89' lang='lat' dir='ltr'><strong>deprecante</strong></span> <span class='ocrx_word' id='word_1_644' title='bbox 3254 4065 3402 4121; x_wconf 89' lang='lat' dir='ltr'><strong>eum,</strong></span> <span class='ocrx_word' id='word_1_645' title='bbox 3436 4071 3538 4126; x_wconf 92' lang='lat' dir='ltr'><strong>pro</strong></span> 
     </span>
    </p>
   </div>
   <div class='ocr_carea' id='block_1_69' title="bbox 1957 4137 3543 4216">
    <p class='ocr_par' dir='ltr' id='par_1_69' title="bbox 1957 4137 3543 4216">
     <span class='ocr_line' id='line_1_69' title="bbox 1957 4137 3543 4216; baseline 0.008 -27"><span class='ocrx_word' id='word_1_646' title='bbox 1957 4150 2023 4190; x_wconf 92' lang='lat' dir='ltr'><strong>eo</strong></span> <span class='ocrx_word' id='word_1_647' title='bbox 2082 4137 2227 4207; x_wconf 92' lang='lat' dir='ltr'><strong>quod</strong></span> <span class='ocrx_word' id='word_1_648' title='bbox 2284 4140 2452 4194; x_wconf 90' lang='lat' dir='ltr'><strong>nollet</strong></span> <span class='ocrx_word' id='word_1_649' title='bbox 2507 4140 2649 4196; x_wconf 89' lang='lat' dir='ltr'><strong>ﬁlios</strong></span> <span class='ocrx_word' id='word_1_650' title='bbox 2713 4156 2845 4197; x_wconf 91' lang='lat' dir='ltr'><strong>suos</strong></span> <span class='ocrx_word' id='word_1_651' title='bbox 2912 4144 3127 4208; x_wconf 90' lang='lat' dir='ltr'><strong>videre,</strong></span> <span class='ocrx_word' id='word_1_652' title='bbox 3181 4147 3309 4216; x_wconf 86' lang='lat' dir='ltr'><strong>quia</strong></span> <span class='ocrx_word' id='word_1_653' title='bbox 3365 4145 3543 4202; x_wconf 72' lang='lat' dir='ltr'><strong>Judaei</strong></span> 
     </span>
    </p>
   </div>
   <div class='ocr_carea' id='block_1_70' title="bbox 1955 4229 3543 4305">
    <p class='ocr_par' dir='ltr' id='par_1_70' title="bbox 1955 4229 3543 4305">
     <span class='ocr_line' id='line_1_70' title="bbox 1955 4229 3543 4305; baseline 0.008 -22"><span class='ocrx_word' id='word_1_654' title='bbox 1955 4235 2115 4283; x_wconf 88' lang='lat' dir='ltr'><strong>erant</strong></span> <span class='ocrx_word' id='word_1_655' title='bbox 2133 4229 2356 4302; x_wconf 68' lang='lat'><strong>(65-64).</strong></span> <span class='ocrx_word' id='word_1_656' title='bbox 2371 4231 2481 4288; x_wconf 88' lang='lat' dir='ltr'><strong>Nos</strong></span> <span class='ocrx_word' id='word_1_657' title='bbox 2494 4248 2758 4305; x_wconf 87' lang='lat' dir='ltr'><strong>ergocum</strong></span> <span class='ocrx_word' id='word_1_658' title='bbox 2771 4233 3114 4292; x_wconf 90' lang='lat' dir='ltr'><strong>audissemus</strong></span> <span class='ocrx_word' id='word_1_659' title='bbox 3127 4235 3264 4305; x_wconf 64' lang='lat' dir='ltr'><strong>haec,</strong></span> <span class='ocrx_word' id='word_1_660' title='bbox 3286 4238 3543 4295; x_wconf 87' lang='lat' dir='ltr'><strong>venimus</strong></span> 
     </span>
    </p>
   </div>
   <div class='ocr_carea' id='block_1_71' title="bbox 1956 4319 3541 4398">
    <p class='ocr_par' dir='ltr' id='par_1_71' title="bbox 1956 4319 3541 4398">
     <span class='ocr_line' id='line_1_71' title="bbox 1956 4319 3541 4398; baseline 0.006 -22"><span class='ocrx_word' id='word_1_661' title='bbox 1956 4335 2081 4376; x_wconf 89' lang='lat' dir='ltr'><strong>eum</strong></span> <span class='ocrx_word' id='word_1_662' title='bbox 2116 4319 2206 4374; x_wconf 89' lang='lat' dir='ltr'><strong>hic</strong></span> <span class='ocrx_word' id='word_1_663' title='bbox 2244 4320 2544 4390; x_wconf 90' lang='lat' dir='ltr'><strong>requirere,</strong></span> <span class='ocrx_word' id='word_1_664' title='bbox 2574 4320 2667 4377; x_wconf 91' lang='lat' dir='ltr'><strong>sed</strong></span> <span class='ocrx_word' id='word_1_665' title='bbox 2713 4323 2841 4393; x_wconf 83' lang='lat' dir='ltr'><strong>quia</strong></span> <span class='ocrx_word' id='word_1_666' title='bbox 2876 4324 2966 4380; x_wconf 89' lang='lat' dir='ltr'><strong>hic</strong></span> <span class='ocrx_word' id='word_1_667' title='bbox 3008 4340 3119 4381; x_wconf 89' lang='lat' dir='ltr'><strong>non</strong></span> <span class='ocrx_word' id='word_1_668' title='bbox 3163 4336 3278 4391; x_wconf 89' lang='lat' dir='ltr'><strong>est,</strong></span> <span class='ocrx_word' id='word_1_669' title='bbox 3313 4338 3541 4398; x_wconf 86' lang='lat' dir='ltr'><strong>apparet</strong></span> 
     </span>
    </p>
   </div>
   <div class='ocr_carea' id='block_1_72' title="bbox 1957 4412 3540 4492">
    <p class='ocr_par' dir='ltr' id='par_1_72' title="bbox 1957 4412 3540 4492">
     <span class='ocr_line' id='line_1_72' title="bbox 1957 4412 3540 4492; baseline 0.007 -26"><span class='ocrx_word' id='word_1_670' title='bbox 1957 4412 2087 4483; x_wconf 89' lang='lat' dir='ltr'><strong>quia</strong></span> <span class='ocrx_word' id='word_1_671' title='bbox 2131 4427 2258 4467; x_wconf 85' lang='lat' dir='ltr'><strong>vere</strong></span> <span class='ocrx_word' id='word_1_672' title='bbox 2305 4412 2444 4468; x_wconf 83' lang='lat' dir='ltr'><strong>dixit</strong></span> <span class='ocrx_word' id='word_1_673' title='bbox 2472 4413 2567 4484; x_wconf 90' lang='lat' dir='ltr'><strong>qui</strong></span> <span class='ocrx_word' id='word_1_674' title='bbox 2608 4415 2888 4472; x_wconf 87' lang='lat' dir='ltr'><strong>nuntiavit</strong></span> <span class='ocrx_word' id='word_1_675' title='bbox 2933 4432 3058 4473; x_wconf 89' lang='lat' dir='ltr'><strong>cum</strong></span> <span class='ocrx_word' id='word_1_676' title='bbox 3094 4418 3316 4477; x_wconf 89' lang='lat' dir='ltr'><strong>Simone</strong></span> <span class='ocrx_word' id='word_1_677' title='bbox 3356 4421 3540 4492; x_wconf 84' lang='lat' dir='ltr'><strong>profe-</strong></span> 
     </span>
    </p>
   </div>
   <div class='ocr_carea' id='block_1_73' title="bbox 267 4501 3540 4579">
    <p class='ocr_par' dir='ltr' id='par_1_73' title="bbox 267 4501 3540 4579">
     <span class='ocr_line' id='line_1_73' title="bbox 267 4501 3540 4579; baseline 0.005 -24"><span class='ocrx_word' id='word_1_678' title='bbox 267 4501 414 4556; x_wconf 91' lang='lat' dir='ltr'><strong>hunc</strong></span> <span class='ocrx_word' id='word_1_679' title='bbox 445 4517 475 4556; x_wconf 91' lang='lat' dir='ltr'><strong>a</strong></span> <span class='ocrx_word' id='word_1_680' title='bbox 505 4511 559 4557; x_wconf 89' lang='lat' dir='ltr'><strong>te</strong></span> <span class='ocrx_word' id='word_1_681' title='bbox 589 4506 796 4559; x_wconf 84' lang='lat' dir='ltr'><strong>vultum</strong></span> <span class='ocrx_word' id='word_1_682' title='bbox 827 4504 1095 4576; x_wconf 73' lang='lat' dir='ltr'><strong>eil‘ugabo,</strong></span> <span class='ocrx_word' id='word_1_683' title='bbox 1137 4512 1191 4559; x_wconf 90' lang='lat' dir='ltr'><strong>et</strong></span> <span class='ocrx_word' id='word_1_684' title='bbox 1234 4515 1385 4560; x_wconf 88' lang='lat' dir='ltr'><strong>tuum</strong></span> <span class='ocrx_word' id='word_1_685' title='bbox 1426 4510 1707 4576; x_wconf 90' lang='lat' dir='ltr'><strong>proprium</strong></span> <span class='ocrx_word' id='word_1_686' title='bbox 1750 4507 1843 4578; x_wconf 92' lang='lat' dir='ltr'><strong>qui</strong></span> <span class='ocrx_word' id='word_1_687' title='bbox 1879 4524 1923 4579; x_wconf 74' lang='grc' dir='ltr'><strong>ι)</strong></span> <span class='ocrx_word' id='word_1_688' title='bbox 1956 4512 2136 4573; x_wconf 89' lang='lat' dir='ltr'><strong>ctum;</strong></span> <span class='ocrx_word' id='word_1_689' title='bbox 2174 4505 2279 4560; x_wconf 91' lang='lat' dir='ltr'><strong>hoc</strong></span> <span class='ocrx_word' id='word_1_690' title='bbox 2307 4520 2436 4576; x_wconf 91' lang='lat' dir='ltr'><strong>ergo</strong></span> <span class='ocrx_word' id='word_1_691' title='bbox 2466 4509 2790 4564; x_wconf 86' lang='lat' dir='ltr'><strong>nuntiamus</strong></span> <span class='ocrx_word' id='word_1_692' title='bbox 2819 4510 2997 4567; x_wconf 86' lang='lat' dir='ltr'><strong>vobis.</strong></span> <span class='ocrx_word' id='word_1_693' title='bbox 3039 4510 3154 4579; x_wconf 80' lang='lat' dir='ltr'><strong>Ego</strong></span> <span class='ocrx_word' id='word_1_694' title='bbox 3186 4521 3366 4570; x_wconf 86' lang='lat' dir='ltr'><strong>autem</strong></span> <span class='ocrx_word' id='word_1_695' title='bbox 3411 4513 3540 4571; x_wconf 83' lang='lat' dir='ltr'><strong>Cle-</strong></span> 
     </span>
    </p>
   </div>
   <div class='ocr_carea' id='block_1_74' title="bbox 267 4590 1847 4653">
    <p class='ocr_par' dir='ltr' id='par_1_74' title="bbox 267 4590 1847 4653">
     <span class='ocr_line' id='line_1_74' title="bbox 267 4590 1847 4653; baseline 0.008 -12"><span class='ocrx_word' id='word_1_696' title='bbox 267 4590 377 4648; x_wconf 85' lang='lat' dir='ltr'><strong>tuis</strong></span> <span class='ocrx_word' id='word_1_697' title='bbox 405 4593 660 4649; x_wconf 84' lang='lat' dir='ltr'><strong>omnibus</strong></span> <span class='ocrx_word' id='word_1_698' title='bbox 709 4602 875 4650; x_wconf 88' lang='lat' dir='ltr'><strong>notus</strong></span> <span class='ocrx_word' id='word_1_699' title='bbox 920 4604 1004 4651; x_wconf 93' lang='lat' dir='ltr'><strong>est</strong></span> <span class='ocrx_word' id='word_1_700' title='bbox 1036 4595 1284 4651; x_wconf 88' lang='lat' dir='ltr'><strong>reddam.</strong></span> <span class='ocrx_word' id='word_1_701' title='bbox 1320 4596 1385 4649; x_wconf 88' lang='lat' dir='ltr'><strong>Et</strong></span> <span class='ocrx_word' id='word_1_702' title='bbox 1416 4598 1502 4652; x_wconf 90' lang='lat' dir='ltr'><strong>his</strong></span> <span class='ocrx_word' id='word_1_703' title='bbox 1544 4597 1710 4653; x_wconf 85' lang='lat' dir='ltr'><strong>dictis</strong></span> <span class='ocrx_word' id='word_1_704' title='bbox 1744 4597 1847 4653; x_wconf 84' lang='lat' dir='ltr'><strong>fra-</strong></span> 
     </span>
    </p>
   </div>
   <div class='ocr_carea' id='block_1_75' title="bbox 1955 4603 3538 4681">
    <p class='ocr_par' dir='ltr' id='par_1_75' title="bbox 1955 4603 3538 4681">
     <span class='ocr_line' id='line_1_75' title="bbox 1955 4603 3538 4681; baseline 0.005 -26"><span class='ocrx_word' id='word_1_705' title='bbox 1955 4617 2113 4659; x_wconf 87' lang='lat' dir='ltr'><strong>mens</strong></span> <span class='ocrx_word' id='word_1_706' title='bbox 2158 4603 2253 4658; x_wconf 89' lang='lat' dir='ltr'><strong>ubi</strong></span> <span class='ocrx_word' id='word_1_707' title='bbox 2299 4603 2543 4659; x_wconf 87' lang='lat' dir='ltr'><strong>intellexi</strong></span> <span class='ocrx_word' id='word_1_708' title='bbox 2577 4604 2872 4661; x_wconf 88' lang='lat' dir='ltr'><strong>consilium</strong></span> <span class='ocrx_word' id='word_1_709' title='bbox 2924 4605 3096 4674; x_wconf 88' lang='lat' dir='ltr'><strong>Petri,</strong></span> <span class='ocrx_word' id='word_1_710' title='bbox 3139 4609 3269 4681; x_wconf 90' lang='lat' dir='ltr'><strong>quia</strong></span> <span class='ocrx_word' id='word_1_711' title='bbox 3302 4610 3538 4666; x_wconf 82' lang='lat' dir='ltr'><strong>voluerit</strong></span> 
     </span>
    </p>
   </div>
   <div class='ocr_carea' id='block_1_76' title="bbox 1582 4819 2217 4879">
    <p class='ocr_par' dir='ltr' id='par_1_76' title="bbox 1582 4819 2217 4879">
     <span class='ocr_line' id='line_1_76' title="bbox 1582 4819 2217 4879; baseline 0.008 -5"><span class='ocrx_word' id='word_1_712' title='bbox 1582 4819 1946 4877; x_wconf 81' lang='lat' dir='ltr'><strong>COTELEBII</strong></span> <span class='ocrx_word' id='word_1_713' title='bbox 1984 4820 2217 4879; x_wconf 66' lang='lat' dir='ltr'><strong>NOTAE.</strong></span> 
     </span>
    </p>
   </div>
   <div class='ocr_carea' id='block_1_77' title="bbox 334 4972 1840 5054">
    <p class='ocr_par' dir='ltr' id='par_1_77' title="bbox 334 4972 1840 5054">
     <span class='ocr_line' id='line_1_77' title="bbox 334 4972 1840 5054; baseline 0.009 -28"><span class='ocrx_word' id='word_1_714' title='bbox 334 4972 447 5054; x_wconf 72' lang='grc'><strong>(62)</strong></span> <span class='ocrx_word' id='word_1_715' title='bbox 497 4972 956 5054; x_wconf 62' lang='grc' dir='ltr'><strong>νςζιειῃεηιὶεδίιῃβ</strong></span> <span class='ocrx_word' id='word_1_716' title='bbox 1008 4978 1317 5054; x_wconf 57' lang='lat' dir='ltr'><strong>ﬂagellauit.</strong></span> <span class='ocrx_word' id='word_1_717' title='bbox 1353 4978 1606 5054; x_wconf 86' lang='lat' dir='ltr'><strong>Confcrri</strong></span> <span class='ocrx_word' id='word_1_718' title='bbox 1657 4990 1840 5054; x_wconf 89' lang='lat' dir='ltr'><strong>potest</strong></span> 
     </span>
    </p>
   </div>
   <div class='ocr_carea' id='block_1_78' title="bbox 263 5040 1588 5115">
    <p class='ocr_par' dir='ltr' id='par_1_78' title="bbox 263 5040 1588 5115">
     <span class='ocr_line' id='line_1_78' title="bbox 263 5040 1588 5115; baseline 0.006 -18"><span class='ocrx_word' id='word_1_719' title='bbox 263 5040 703 5115; x_wconf 46' lang='lat' dir='ltr'><strong>haigﬁggellatio</strong></span> <span class='ocrx_word' id='word_1_720' title='bbox 729 5061 855 5115; x_wconf 74' lang='lat' dir='ltr'><strong>cum</strong></span> <span class='ocrx_word' id='word_1_721' title='bbox 883 5048 977 5115; x_wconf 78' lang='lat' dir='ltr'><strong>illa</strong></span> <span class='ocrx_word' id='word_1_722' title='bbox 1007 5040 1215 5115; x_wconf 67' lang='lat' dir='ltr'><strong>famosa</strong></span> <span class='ocrx_word' id='word_1_723' title='bbox 1248 5048 1588 5115; x_wconf 81' lang='lat' dir='ltr'><strong>Hieronymi.</strong></span> 
     </span>
    </p>
   </div>
   <div class='ocr_carea' id='block_1_79' title="bbox 322 5108 1843 5192">
    <p class='ocr_par' dir='ltr' id='par_1_79' title="bbox 322 5108 1843 5192">
     <span class='ocr_line' id='line_1_79' title="bbox 322 5108 1843 5192; baseline 0.012 -30"><span class='ocrx_word' id='word_1_724' title='bbox 322 5108 531 5192; x_wconf 45' lang='grc' dir='ltr'><strong>(ὃὸ-64)</strong></span> <span class='ocrx_word' id='word_1_725' title='bbox 553 5111 695 5177; x_wconf 79' lang='lat' dir='ltr'><strong>Quia</strong></span> <span class='ocrx_word' id='word_1_726' title='bbox 714 5110 1073 5192; x_wconf 58' lang='lat' dir='ltr'><strong>Judwierant.</strong></span> <span class='ocrx_word' id='word_1_727' title='bbox 1092 5113 1162 5169; x_wconf 91' lang='lat' dir='ltr'><strong>Ut</strong></span> <span class='ocrx_word' id='word_1_728' title='bbox 1176 5116 1405 5189; x_wconf 89' lang='lat' dir='ltr'><strong>benigne</strong></span> <span class='ocrx_word' id='word_1_729' title='bbox 1430 5108 1492 5192; x_wconf 68' lang='lat' dir='ltr'><strong>ei:</strong></span> <span class='ocrx_word' id='word_1_730' title='bbox 1502 5123 1627 5191; x_wconf 83' lang='lat' dir='ltr'><strong>poni</strong></span> <span class='ocrx_word' id='word_1_731' title='bbox 1662 5132 1843 5192; x_wconf 89' lang='lat' dir='ltr'><strong>potest</strong></span> 
     </span>
    </p>
   </div>
   <div class='ocr_carea' id='block_1_80' title="bbox 263 5184 1840 5263">
    <p class='ocr_par' dir='ltr' id='par_1_80' title="bbox 263 5184 1840 5263">
     <span class='ocr_line' id='line_1_80' title="bbox 263 5184 1840 5263; baseline 0.008 -26"><span class='ocrx_word' id='word_1_732' title='bbox 263 5200 361 5255; x_wconf 89' lang='lat' dir='ltr'><strong>per</strong></span> <span class='ocrx_word' id='word_1_733' title='bbox 414 5184 549 5263; x_wconf 74' lang='lat' dir='ltr'><strong>satis</strong></span> <span class='ocrx_word' id='word_1_734' title='bbox 606 5187 886 5263; x_wconf 73' lang='lat' dir='ltr'><strong>cognitum</strong></span> <span class='ocrx_word' id='word_1_735' title='bbox 934 5202 1198 5263; x_wconf 70' lang='lat' dir='ltr'><strong>errorem,</strong></span> <span class='ocrx_word' id='word_1_736' title='bbox 1239 5184 1586 5263; x_wconf 30' lang='lat' dir='ltr'><strong>qu&#39;o‘ethriici</strong></span> <span class='ocrx_word' id='word_1_737' title='bbox 1648 5184 1840 5263; x_wconf 84' lang='lat' dir='ltr'><strong>primis</strong></span> 
     </span>
    </p>
   </div>
   <div class='ocr_carea' id='block_1_81' title="bbox 261 5256 1843 5333">
    <p class='ocr_par' dir='ltr' id='par_1_81' title="bbox 261 5256 1843 5333">
     <span class='ocr_line' id='line_1_81' title="bbox 261 5256 1843 5333; baseline 0.006 -24"><span class='ocrx_word' id='word_1_738' title='bbox 261 5256 602 5325; x_wconf 91' lang='lat' dir='ltr'><strong>temporibus</strong></span> <span class='ocrx_word' id='word_1_739' title='bbox 624 5257 685 5333; x_wconf 75' lang='lat' dir='ltr'><strong>in</strong></span> <span class='ocrx_word' id='word_1_740' title='bbox 714 5256 937 5333; x_wconf 80' lang='lat' dir='ltr'><strong>nomine</strong></span> <span class='ocrx_word' id='word_1_741' title='bbox 966 5256 1279 5333; x_wconf 71' lang='lat' dir='ltr'><strong>Iudaeorum</strong></span> <span class='ocrx_word' id='word_1_742' title='bbox 1326 5256 1670 5319; x_wconf 79' lang='lat' dir='ltr'><strong>Christianos</strong></span> <span class='ocrx_word' id='word_1_743' title='bbox 1710 5280 1843 5333; x_wconf 84' lang='lat' dir='ltr'><strong>quo-</strong></span> 
     </span>
    </p>
   </div>
   <div class='ocr_carea' id='block_1_82' title="bbox 303 5327 1840 5403">
    <p class='ocr_par' dir='ltr' id='par_1_82' title="bbox 303 5327 1840 5403">
     <span class='ocr_line' id='line_1_82' title="bbox 303 5327 1840 5403; baseline 0.008 -26"><span class='ocrx_word' id='word_1_744' title='bbox 303 5340 368 5403; x_wconf 79' lang='lat' dir='ltr'><strong>ue</strong></span> <span class='ocrx_word' id='word_1_745' title='bbox 399 5327 936 5403; x_wconf 79' lang='lat' dir='ltr'><strong>comprehendebant</strong></span> <span class='ocrx_word' id='word_1_746' title='bbox 962 5347 974 5381; x_wconf 93' lang='lat'><strong>:</strong></span> <span class='ocrx_word' id='word_1_747' title='bbox 1005 5329 1082 5403; x_wconf 77' lang='lat' dir='ltr'><strong>ita</strong></span> <span class='ocrx_word' id='word_1_748' title='bbox 1105 5337 1159 5383; x_wconf 87' lang='lat' dir='ltr'><strong>et</strong></span> <span class='ocrx_word' id='word_1_749' title='bbox 1174 5340 1499 5403; x_wconf 65' lang='lat' dir='ltr'><strong>suspectum</strong></span> <span class='ocrx_word' id='word_1_750' title='bbox 1523 5347 1646 5388; x_wconf 90' lang='lat' dir='ltr'><strong>esse</strong></span> <span class='ocrx_word' id='word_1_751' title='bbox 1676 5327 1840 5403; x_wconf 83' lang='lat' dir='ltr'><strong>queat</strong></span> 
     </span>
    </p>
   </div>
   <div class='ocr_carea' id='block_1_83' title="bbox 262 5342 1833 5474">
    <p class='ocr_par' dir='ltr' id='par_1_83' title="bbox 262 5342 1833 5474">
     <span class='ocr_line' id='line_1_83' title="bbox 303 5342 1833 5403; baseline 0.007 -25"><span class='ocrx_word' id='word_1_752' title='bbox 303 5342 368 5379; x_wconf 89' lang='lat' dir='ltr'><strong>ue</strong></span> <span class='ocrx_word' id='word_1_753' title='bbox 399 5342 936 5395; x_wconf 78' lang='lat' dir='ltr'><strong>comprehendebant</strong></span> <span class='ocrx_word' id='word_1_754' title='bbox 962 5347 974 5381; x_wconf 92' lang='lat'><strong>:</strong></span> <span class='ocrx_word' id='word_1_755' title='bbox 1005 5342 1078 5381; x_wconf 85' lang='lat' dir='ltr'><strong>ua</strong></span> <span class='ocrx_word' id='word_1_756' title='bbox 1105 5342 1159 5383; x_wconf 86' lang='lat' dir='ltr'><strong>et</strong></span> <span class='ocrx_word' id='word_1_757' title='bbox 1187 5342 1499 5398; x_wconf 89' lang='lat' dir='ltr'><strong>suspectum</strong></span> <span class='ocrx_word' id='word_1_758' title='bbox 1523 5347 1646 5388; x_wconf 89' lang='lat' dir='ltr'><strong>esse</strong></span> <span class='ocrx_word' id='word_1_759' title='bbox 1676 5343 1833 5403; x_wconf 86' lang='lat' dir='ltr'><strong>queat</strong></span> 
     </span>
     <span class='ocr_line' id='line_1_84' title="bbox 262 5342 1833 5474; baseline 0.008 -26"><span class='ocrx_word' id='word_1_760' title='bbox 262 5342 579 5474; x_wconf 53' lang='lat' dir='ltr'><strong>Ebioniticaa</strong></span> <span class='ocrx_word' id='word_1_761' title='bbox 614 5397 753 5454; x_wconf 90' lang='lat' dir='ltr'><strong>labis</strong></span> <span class='ocrx_word' id='word_1_762' title='bbox 790 5399 1118 5474; x_wconf 61' lang='lat' dir='ltr'><strong>apocryphis</strong></span> <span class='ocrx_word' id='word_1_763' title='bbox 1147 5400 1517 5474; x_wconf 32' lang='lat' dir='ltr'><strong>ACleiuentinis</strong></span> <span class='ocrx_word' id='word_1_764' title='bbox 1550 5404 1833 5474; x_wconf 74' lang='lat' dir='ltr'><strong>inspersze.</strong></span> 
     </span>
    </p>
   </div>
   <div class='ocr_carea' id='block_1_84' title="bbox 259 5466 1835 5530">
    <p class='ocr_par' dir='ltr' id='par_1_84' title="bbox 259 5466 1835 5530">
     <span class='ocr_line' id='line_1_85' title="bbox 259 5466 1835 5530; baseline 0.007 -11"><span class='ocrx_word' id='word_1_765' title='bbox 259 5466 683 5522; x_wconf 84' lang='lat' dir='ltr'><strong>Coniundebant</strong></span> <span class='ocrx_word' id='word_1_766' title='bbox 726 5466 871 5523; x_wconf 87' lang='lat' dir='ltr'><strong>enim</strong></span> <span class='ocrx_word' id='word_1_767' title='bbox 922 5466 1162 5523; x_wconf 66' lang='lat' dir='ltr'><strong>Ebionssi</strong></span> <span class='ocrx_word' id='word_1_768' title='bbox 1207 5466 1687 5529; x_wconf 78' lang='lat' dir='ltr'><strong>Christianismum</strong></span> <span class='ocrx_word' id='word_1_769' title='bbox 1711 5490 1835 5530; x_wconf 92' lang='lat' dir='ltr'><strong>cum</strong></span> 
     </span>
    </p>
   </div>
   <div class='ocr_carea' id='block_1_85' title="bbox 257 5534 1837 5609">
    <p class='ocr_par' dir='ltr' id='par_1_85' title="bbox 257 5534 1837 5609">
     <span class='ocr_line' id='line_1_86' title="bbox 257 5534 1837 5609; baseline 0.009 -22"><span class='ocrx_word' id='word_1_770' title='bbox 257 5534 560 5609; x_wconf 53' lang='lat' dir='ltr'><strong>dudaismo.</strong></span> <span class='ocrx_word' id='word_1_771' title='bbox 585 5538 852 5604; x_wconf 88' lang='lat' dir='ltr'><strong>Quocirca</strong></span> <span class='ocrx_word' id='word_1_772' title='bbox 902 5540 1198 5609; x_wconf 89' lang='lat' dir='ltr'><strong>prudenter</strong></span> <span class='ocrx_word' id='word_1_773' title='bbox 1251 5540 1453 5595; x_wconf 86' lang='lat' dir='ltr'><strong>factum</strong></span> <span class='ocrx_word' id='word_1_774' title='bbox 1498 5559 1528 5597; x_wconf 90' lang='lat' dir='ltr'><strong>a</strong></span> <span class='ocrx_word' id='word_1_775' title='bbox 1581 5542 1837 5601; x_wconf 89' lang='lat' dir='ltr'><strong>Simeone</strong></span> 
     </span>
    </p>
   </div>
   <div class='ocr_carea' id='block_1_86' title="bbox 260 5605 1839 5677">
    <p class='ocr_par' dir='ltr' id='par_1_86' title="bbox 260 5605 1839 5677">
     <span class='ocr_line' id='line_1_87' title="bbox 260 5605 1839 5677; baseline 0.008 -18"><span class='ocrx_word' id='word_1_776' title='bbox 260 5605 631 5676; x_wconf 82' lang='lat' dir='ltr'><strong>Metaphraste</strong></span> <span class='ocrx_word' id='word_1_777' title='bbox 684 5612 738 5663; x_wconf 91' lang='lat' dir='ltr'><strong>in</strong></span> <span class='ocrx_word' id='word_1_778' title='bbox 782 5605 915 5667; x_wconf 75' lang='lat' dir='ltr'><strong>Vita</strong></span> <span class='ocrx_word' id='word_1_779' title='bbox 937 5610 1238 5665; x_wconf 82' lang='lat' dir='ltr'><strong>Clementis</strong></span> <span class='ocrx_word' id='word_1_780' title='bbox 1270 5609 1525 5677; x_wconf 82' lang='lat' dir='ltr'><strong>Romani,</strong></span> <span class='ocrx_word' id='word_1_781' title='bbox 1575 5631 1671 5670; x_wconf 92' lang='lat' dir='ltr'><strong>seu</strong></span> <span class='ocrx_word' id='word_1_782' title='bbox 1720 5616 1839 5671; x_wconf 87' lang='lat' dir='ltr'><strong>Cle-</strong></span> 
     </span>
    </p>
   </div>
   <div class='ocr_carea' id='block_1_87' title="bbox 258 5678 1842 5756">
    <p class='ocr_par' dir='ltr' id='par_1_87' title="bbox 258 5678 1842 5756">
     <span class='ocr_line' id='line_1_88' title="bbox 258 5678 1842 5756; baseline 0.006 -27"><span class='ocrx_word' id='word_1_783' title='bbox 258 5680 498 5756; x_wconf 58' lang='lat' dir='ltr'><strong>nicntjna</strong></span> <span class='ocrx_word' id='word_1_784' title='bbox 536 5678 793 5756; x_wconf 71' lang='lat' dir='ltr'><strong>Epitome,</strong></span> <span class='ocrx_word' id='word_1_785' title='bbox 828 5696 952 5735; x_wconf 90' lang='lat' dir='ltr'><strong>cum</strong></span> <span class='ocrx_word' id='word_1_786' title='bbox 982 5690 1221 5756; x_wconf 83' lang='lat' dir='ltr'><strong>quatuor</strong></span> <span class='ocrx_word' id='word_1_787' title='bbox 1252 5683 1370 5737; x_wconf 86' lang='lat' dir='ltr'><strong>loca</strong></span> <span class='ocrx_word' id='word_1_788' title='bbox 1411 5683 1648 5756; x_wconf 70' lang='lat' dir='ltr'><strong>homiliae</strong></span> <span class='ocrx_word' id='word_1_789' title='bbox 1679 5702 1842 5756; x_wconf 84' lang='lat' dir='ltr'><strong>quar-</strong></span> 
     </span>
    </p>
   </div>
   <div class='ocr_carea' id='block_1_88' title="bbox 260 5746 1838 5814">
    <p class='ocr_par' dir='ltr' id='par_1_88' title="bbox 260 5746 1838 5814">
     <span class='ocr_line' id='line_1_89' title="bbox 260 5746 1838 5814; baseline 0.007 -12"><span class='ocrx_word' id='word_1_790' title='bbox 260 5754 329 5802; x_wconf 68' lang='lat' dir='ltr'><strong>tae</strong></span> <span class='ocrx_word' id='word_1_791' title='bbox 388 5746 835 5808; x_wconf 73' lang='lat' dir='ltr'><strong>Clementinorum</strong></span> <span class='ocrx_word' id='word_1_792' title='bbox 884 5746 1115 5806; x_wconf 76' lang='lat' dir='ltr'><strong>mutavit</strong></span> <span class='ocrx_word' id='word_1_793' title='bbox 1141 5759 1196 5810; x_wconf 92' lang='lat' dir='ltr'><strong>et</strong></span> <span class='ocrx_word' id='word_1_794' title='bbox 1224 5755 1482 5812; x_wconf 73' lang='lat' dir='ltr'><strong>correxit.</strong></span> <span class='ocrx_word' id='word_1_795' title='bbox 1507 5746 1726 5814; x_wconf 77' lang='lat' dir='ltr'><strong>Primus</strong></span> <span class='ocrx_word' id='word_1_796' title='bbox 1758 5759 1838 5813; x_wconf 59' lang='lat' dir='ltr'><strong>loc</strong></span> 
     </span>
    </p>
   </div>
   <div class='ocr_carea' id='block_1_89' title="bbox 545 5848 1089 5908">
    <p class='ocr_par' dir='ltr' id='par_1_89' title="bbox 545 5848 1089 5908">
     <span class='ocr_line' id='line_1_90' title="bbox 545 5848 1089 5908; baseline 0.009 -5"><span class='ocrx_word' id='word_1_797' title='bbox 545 5848 815 5906; x_wconf 64' lang='lat' dir='ltr'><strong>ernoc.</strong></span> <span class='ocrx_word' id='word_1_798' title='bbox 877 5848 993 5907; x_wconf 83' lang='lat' dir='ltr'><strong>Gn.</strong></span> <span class='ocrx_word' id='word_1_799' title='bbox 1043 5849 1089 5908; x_wconf 89' lang='grc' dir='ltr'><strong>Ι.</strong></span> 
     </span>
    </p>
   </div>
   <div class='ocr_carea' id='block_1_90' title="bbox 1950 4990 3533 5071">
    <p class='ocr_par' dir='ltr' id='par_1_90' title="bbox 1950 4990 3533 5071">
     <span class='ocr_line' id='line_1_91' title="bbox 1950 4990 3533 5071; baseline 0.008 -30"><span class='ocrx_word' id='word_1_800' title='bbox 1950 5002 2049 5071; x_wconf 65' lang='lat' dir='ltr'><strong>cus</strong></span> <span class='ocrx_word' id='word_1_801' title='bbox 2077 4994 2258 5071; x_wconf 74' lang='lat' dir='ltr'><strong>exstat</strong></span> <span class='ocrx_word' id='word_1_802' title='bbox 2280 5005 2329 5044; x_wconf 74' lang='grc' dir='ltr'><strong>ο.</strong></span> <span class='ocrx_word' id='word_1_803' title='bbox 2454 4991 2532 5046; x_wconf 92' lang='lat' dir='ltr'><strong>lbi</strong></span> <span class='ocrx_word' id='word_1_804' title='bbox 2562 4991 2634 5047; x_wconf 90' lang='lat' dir='ltr'><strong>de</strong></span> <span class='ocrx_word' id='word_1_805' title='bbox 2663 4991 3176 5071; x_wconf 69' lang='lat' dir='ltr'><strong>Cleinent_e_dicitur</strong></span> <span class='ocrx_word' id='word_1_806' title='bbox 3200 5015 3214 5071; x_wconf 69' lang='grc' dir='ltr'><strong><em>ς</em></strong></span> <span class='ocrx_word' id='word_1_807' title='bbox 3248 4996 3385 5071; x_wconf 30' lang='grc' dir='ltr'><strong>’,ξ’πρ</strong></span> <span class='ocrx_word' id='word_1_808' title='bbox 3408 4997 3533 5071; x_wconf 73' lang='grc' dir='ltr'><strong>βᾳιρ-</strong></span> 
     </span>
    </p>
   </div>
   <div class='ocr_carea' id='block_1_91' title="bbox 1950 5056 3532 5136">
    <p class='ocr_par' dir='ltr' id='par_1_91' title="bbox 1950 5056 3532 5136">
     <span class='ocr_line' id='line_1_92' title="bbox 1950 5056 3532 5136; baseline 0.007 -26"><span class='ocrx_word' id='word_1_809' title='bbox 1950 5056 2117 5136; x_wconf 49' lang='grc' dir='ltr'><strong>ϐάρτίυ</strong></span> <span class='ocrx_word' id='word_1_810' title='bbox 2151 5061 2436 5136; x_wconf 42' lang='grc' dir='ltr'><strong>τιγὸςητὴν</strong></span> <span class='ocrx_word' id='word_1_811' title='bbox 2475 5064 2846 5136; x_wconf 68' lang='grc' dir='ltr'><strong>πρφσηγορίᾳγ</strong></span> <span class='ocrx_word' id='word_1_812' title='bbox 2887 5066 3116 5136; x_wconf 83' lang='grc' dir='ltr'><strong>Πέτρου,</strong></span> <span class='ocrx_word' id='word_1_813' title='bbox 3156 5067 3225 5123; x_wconf 81' lang='grc' dir='ltr'><strong>τὰ</strong></span> <span class='ocrx_word' id='word_1_814' title='bbox 3260 5056 3532 5123; x_wconf 74' lang='grc' dir='ltr'><strong>Ἰουδάίών</strong></span> 
     </span>
    </p>
   </div>
   <div class='ocr_carea' id='block_1_92' title="bbox 1948 5130 3532 5207">
    <p class='ocr_par' dir='ltr' id='par_1_92' title="bbox 1948 5130 3532 5207">
     <span class='ocr_line' id='line_1_93' title="bbox 1948 5130 3532 5207; baseline 0.008 -28"><span class='ocrx_word' id='word_1_815' title='bbox 1948 5132 2121 5207; x_wconf 52' lang='grc' dir='ltr'><strong>Ξοιςεῐν</strong></span> <span class='ocrx_word' id='word_1_816' title='bbox 2148 5132 2242 5183; x_wconf 72' lang='grc' dir='ltr'>καὶ</span> <span class='ocrx_word' id='word_1_817' title='bbox 2270 5130 2445 5207; x_wconf 42' lang='grc' dir='ltr'><strong>λέγξεὶίν</strong></span> <span class='ocrx_word' id='word_1_818' title='bbox 2467 5130 2762 5207; x_wconf 50' lang='grc' dir='ltr'><strong>ἠέτάξήεέαἰ.</strong></span> <span class='ocrx_word' id='word_1_819' title='bbox 2782 5130 3179 5207; x_wconf 69' lang='lat' dir='ltr'><strong>Metaphrastes</strong></span> <span class='ocrx_word' id='word_1_820' title='bbox 3196 5154 3324 5193; x_wconf 88' lang='lat' dir='ltr'><strong>vero</strong></span> <span class='ocrx_word' id='word_1_821' title='bbox 3346 5140 3532 5207; x_wconf 83' lang='lat' dir='ltr'><strong>posuit</strong></span> 
     </span>
    </p>
   </div>
   <div class='ocr_carea' id='block_1_93' title="bbox 1949 5196 3529 5276">
    <p class='ocr_par' dir='ltr' id='par_1_93' title="bbox 1949 5196 3529 5276">
     <span class='ocr_line' id='line_1_94' title="bbox 1949 5196 3529 5276; baseline 0.006 -24"><span class='ocrx_word' id='word_1_822' title='bbox 1949 5196 2238 5276; x_wconf 81' lang='lat' dir='ltr'><strong>_Ep_itomes_</strong></span> <span class='ocrx_word' id='word_1_823' title='bbox 2254 5217 2314 5276; x_wconf 58' lang='grc' dir='ltr'><strong>ρ.</strong></span> <span class='ocrx_word' id='word_1_824' title='bbox 2343 5196 2439 5276; x_wconf 61' lang='grc'><strong>⁷46,</strong></span> <span class='ocrx_word' id='word_1_825' title='bbox 2472 5196 2540 5276; x_wconf 58' lang='grc' dir='ltr'><strong>ίὲᾲ</strong></span> <span class='ocrx_word' id='word_1_826' title='bbox 2573 5196 2945 5276; x_wconf 66' lang='grc' dir='ltr'>Χριστιανῶνῖ</span> <span class='ocrx_word' id='word_1_827' title='bbox 2983 5206 3298 5263; x_wconf 89' lang='lat' dir='ltr'><strong>Secundum</strong></span> <span class='ocrx_word' id='word_1_828' title='bbox 3346 5196 3529 5262; x_wconf 81' lang='lat' dir='ltr'><strong>locum</strong></span> 
     </span>
    </p>
   </div>
   <div class='ocr_carea' id='block_1_94' title="bbox 1947 5270 3531 5350">
    <p class='ocr_par' dir='ltr' id='par_1_94' title="bbox 1947 5270 3531 5350">
     <span class='ocr_line' id='line_1_95' title="bbox 1947 5270 3531 5350; baseline 0.005 -28"><span class='ocrx_word' id='word_1_829' title='bbox 1947 5270 2197 5350; x_wconf 38' lang='lat' dir='ltr'><strong>habes‘c.</strong></span> <span class='ocrx_word' id='word_1_830' title='bbox 2218 5272 2307 5334; x_wconf 77' lang='grc'><strong>15.</strong></span> <span class='ocrx_word' id='word_1_831' title='bbox 2340 5274 2367 5326; x_wconf 79' lang='grc' dir='ltr'>ὁ</span> <span class='ocrx_word' id='word_1_832' title='bbox 2390 5274 2447 5327; x_wconf 84' lang='grc' dir='ltr'>δὲ</span> <span class='ocrx_word' id='word_1_833' title='bbox 2470 5273 2601 5339; x_wconf 80' lang='grc' dir='ltr'><strong>τῶν,</strong></span> <span class='ocrx_word' id='word_1_834' title='bbox 2624 5270 2699 5339; x_wconf 71' lang='grc' dir='ltr'><strong>ὥς</strong></span> <span class='ocrx_word' id='word_1_835' title='bbox 2723 5276 2880 5350; x_wconf 61' lang='grc' dir='ltr'>ὑμεῖς</span> <span class='ocrx_word' id='word_1_836' title='bbox 2904 5294 3067 5350; x_wconf 56' lang='grc' dir='ltr'><strong>φατεζ</strong></span> <span class='ocrx_word' id='word_1_837' title='bbox 3083 5278 3373 5350; x_wconf 80' lang='grc' dir='ltr'><strong>βαρὸάρῳν</strong></span> <span class='ocrx_word' id='word_1_838' title='bbox 3405 5279 3531 5350; x_wconf 68' lang='grc' dir='ltr'><strong>Ἰρυ-</strong></span> 
     </span>
    </p>
   </div>
   <div class='ocr_carea' id='block_1_95' title="bbox 1944 5340 3525 5415">
    <p class='ocr_par' dir='ltr' id='par_1_95' title="bbox 1944 5340 3525 5415">
     <span class='ocr_line' id='line_1_96' title="bbox 1944 5340 3525 5415; baseline 0.004 -20"><span class='ocrx_word' id='word_1_839' title='bbox 1944 5340 2109 5415; x_wconf 53' lang='lat' dir='ltr'><strong>suum;</strong></span> <span class='ocrx_word' id='word_1_840' title='bbox 2131 5340 2305 5415; x_wconf 62' lang='grc' dir='ltr'><strong>λέγοις,</strong></span> <span class='ocrx_word' id='word_1_841' title='bbox 2329 5359 2359 5397; x_wconf 91' lang='lat' dir='ltr'><strong>e</strong></span> <span class='ocrx_word' id='word_1_842' title='bbox 2387 5360 2497 5415; x_wconf 92' lang='lat' dir='ltr'><strong>quo</strong></span> <span class='ocrx_word' id='word_1_843' title='bbox 2521 5360 2708 5401; x_wconf 88' lang='lat' dir='ltr'><strong>vocem</strong></span> <span class='ocrx_word' id='word_1_844' title='bbox 2746 5340 3010 5401; x_wconf 77' lang='grc' dir='ltr'><strong>’Ῐουδαίων</strong></span> <span class='ocrx_word' id='word_1_845' title='bbox 3036 5340 3525 5411; x_wconf 69' lang='grc' dir='ltr'><strong>8ἱιηὲοηάὒειιι1ἱι.</strong></span> 
     </span>
    </p>
   </div>
   <div class='ocr_carea' id='block_1_96' title="bbox 1942 5410 3527 5487">
    <p class='ocr_par' dir='ltr' id='par_1_96' title="bbox 1942 5410 3527 5487">
     <span class='ocr_line' id='line_1_97' title="bbox 1942 5410 3527 5487; baseline 0.003 -22"><span class='ocrx_word' id='word_1_846' title='bbox 1942 5427 1993 5487; x_wconf 77' lang='lat' dir='ltr'><strong>c.</strong></span> <span class='ocrx_word' id='word_1_847' title='bbox 2028 5410 2115 5466; x_wconf 87' lang='grc'><strong>50.</strong></span> <span class='ocrx_word' id='word_1_848' title='bbox 2148 5410 2488 5487; x_wconf 48' lang='lat' dir='ltr'><strong>Tertium-0.</strong></span> <span class='ocrx_word' id='word_1_849' title='bbox 2523 5416 2621 5487; x_wconf 11' lang='lat'><strong>15.;</strong></span> <span class='ocrx_word' id='word_1_850' title='bbox 2647 5433 2807 5487; x_wconf 91' lang='lat' dir='ltr'><strong>quem</strong></span> <span class='ocrx_word' id='word_1_851' title='bbox 2848 5418 3014 5475; x_wconf 88' lang='lat' dir='ltr'><strong>simili</strong></span> <span class='ocrx_word' id='word_1_852' title='bbox 3042 5418 3203 5475; x_wconf 77' lang='lat' dir='ltr'><strong>modo</strong></span> <span class='ocrx_word' id='word_1_853' title='bbox 3233 5410 3527 5473; x_wconf 57' lang='lat' dir='ltr'><strong>ci‘rcumci-F</strong></span> 
     </span>
    </p>
   </div>
   <div class='ocr_carea' id='block_1_97' title="bbox 1943 5481 3527 5559">
    <p class='ocr_par' dir='ltr' id='par_1_97' title="bbox 1943 5481 3527 5559">
     <span class='ocr_line' id='line_1_98' title="bbox 1943 5481 3527 5559; baseline 0.003 -23"><span class='ocrx_word' id='word_1_854' title='bbox 1943 5481 2042 5547; x_wconf 90' lang='lat' dir='ltr'><strong>dit,</strong></span> <span class='ocrx_word' id='word_1_855' title='bbox 2069 5483 2237 5559; x_wconf 45' lang='grc' dir='ltr'><strong>(ξε-51,</strong></span> <span class='ocrx_word' id='word_1_856' title='bbox 2278 5484 2338 5538; x_wconf 89' lang='lat' dir='ltr'><strong>In</strong></span> <span class='ocrx_word' id='word_1_857' title='bbox 2368 5496 2565 5556; x_wconf 89' lang='lat' dir='ltr'><strong>quarto</strong></span> <span class='ocrx_word' id='word_1_858' title='bbox 2593 5481 2829 5559; x_wconf 75' lang='lat' dir='ltr'><strong>denique</strong></span> <span class='ocrx_word' id='word_1_859' title='bbox 2857 5489 2980 5544; x_wconf 92' lang='lat' dir='ltr'><strong>loco</strong></span> <span class='ocrx_word' id='word_1_860' title='bbox 3008 5505 3059 5545; x_wconf 91' lang='lat' dir='ltr'><strong>c.</strong></span> <span class='ocrx_word' id='word_1_861' title='bbox 3095 5489 3188 5547; x_wconf 67' lang='grc'><strong>24,</strong></span> <span class='ocrx_word' id='word_1_862' title='bbox 3216 5488 3392 5559; x_wconf 87' lang='lat' dir='ltr'><strong>Apion</strong></span> <span class='ocrx_word' id='word_1_863' title='bbox 3424 5502 3527 5540; x_wconf 75' lang='lat' dir='ltr'><strong>no-</strong></span> 
     </span>
    </p>
   </div>
   <div class='ocr_carea' id='block_1_98' title="bbox 1944 5551 3526 5629">
    <p class='ocr_par' dir='ltr' id='par_1_98' title="bbox 1944 5551 3526 5629">
     <span class='ocr_line' id='line_1_99' title="bbox 1944 5551 3526 5629; baseline 0.004 -24"><span class='ocrx_word' id='word_1_864' title='bbox 1944 5560 2025 5606; x_wconf 88' lang='lat' dir='ltr'><strong>tat</strong></span> <span class='ocrx_word' id='word_1_865' title='bbox 2078 5551 2415 5629; x_wconf 75' lang='lat' dir='ltr'><strong>Clementem</strong></span> <span class='ocrx_word' id='word_1_866' title='bbox 2479 5551 2912 5629; x_wconf 59' lang='grc' dir='ltr'><strong>προσομιλῇῦντα</strong></span> <span class='ocrx_word' id='word_1_867' title='bbox 2967 5556 3277 5629; x_wconf 61' lang='grc' dir='ltr'><strong>Ἰουδαερις·Δ</strong></span> <span class='ocrx_word' id='word_1_868' title='bbox 3334 5566 3400 5629; x_wconf 83' lang='lat' dir='ltr'><strong>at_</strong></span> <span class='ocrx_word' id='word_1_869' title='bbox 3455 5571 3526 5613; x_wconf 76' lang='lat' dir='ltr'><strong>ex</strong></span> 
     </span>
    </p>
   </div>
   <div class='ocr_carea' id='block_1_99' title="bbox 1945 5625 3526 5702">
    <p class='ocr_par' dir='ltr' id='par_1_99' title="bbox 1945 5625 3526 5702">
     <span class='ocr_line' id='line_1_100' title="bbox 1945 5625 3526 5702; baseline 0.004 -26"><span class='ocrx_word' id='word_1_870' title='bbox 1945 5625 2328 5702; x_wconf 64' lang='lat' dir='ltr'><strong>emendatione</strong></span> <span class='ocrx_word' id='word_1_871' title='bbox 2375 5625 2675 5702; x_wconf 62' lang='lat' dir='ltr'><strong>breviantis</strong></span> <span class='ocrx_word' id='word_1_872' title='bbox 2700 5646 2776 5702; x_wconf 16' lang='lat' dir='ltr'><strong>Ac.</strong></span> <span class='ocrx_word' id='word_1_873' title='bbox 2830 5630 2920 5698; x_wconf 78' lang='lat'><strong>55,</strong></span> <span class='ocrx_word' id='word_1_874' title='bbox 2962 5625 3328 5702; x_wconf 74' lang='grc' dir='ltr'><strong>Χριπιὰνοϊς.</strong></span> <span class='ocrx_word' id='word_1_875' title='bbox 3383 5625 3526 5697; x_wconf 80' lang='lat' dir='ltr'><strong>Lege</strong></span> 
     </span>
    </p>
   </div>
   <div class='ocr_carea' id='block_1_100' title="bbox 1946 5694 2732 5765">
    <p class='ocr_par' dir='ltr' id='par_1_100' title="bbox 1946 5694 2732 5765">
     <span class='ocr_line' id='line_1_101' title="bbox 1946 5694 2732 5765; baseline 0.009 -16"><span class='ocrx_word' id='word_1_876' title='bbox 1946 5694 2135 5751; x_wconf 79' lang='lat' dir='ltr'><strong>homi&#39;l.</strong></span> <span class='ocrx_word' id='word_1_877' title='bbox 2190 5711 2345 5765; x_wconf 66' lang='lat' dir='ltr'><strong>mc.</strong></span> <span class='ocrx_word' id='word_1_878' title='bbox 2378 5696 2470 5764; x_wconf 83' lang='lat' dir='ltr'><strong>I6,</strong></span> <span class='ocrx_word' id='word_1_879' title='bbox 2504 5707 2558 5755; x_wconf 91' lang='lat' dir='ltr'><strong>et</strong></span> <span class='ocrx_word' id='word_1_880' title='bbox 2582 5699 2732 5757; x_wconf 87' lang='lat' dir='ltr'><strong>alibi.</strong></span> 
     </span>
    </p>
   </div>
   <div class='ocr_carea' id='block_1_101' title="bbox 3086 5856 3163 5919">
    <p class='ocr_par' dir='ltr' id='par_1_101' title="bbox 3086 5856 3163 5919">
     <span class='ocr_line' id='line_1_102' title="bbox 3086 5856 3163 5919; baseline 0 0"><span class='ocrx_word' id='word_1_881' title='bbox 3086 5856 3163 5919; x_wconf 62' lang='lat' dir='ltr'><strong>b6</strong></span> 
     </span>
    </p>
   </div>
  </div>
