3888 6192
421 348 558 407 1451

1343 349 1401 407 S.
1437 349 1829 407 CLEMENTIS
1863 352 1883 405 l
1917 349 2081 406 ROM.
2120 349 2323 408 ΡΟΝΤ.
2358 349 2585 406 OPERA
2612 349 2826 407 DUBIA
2860 394 2873 407 .

3526 351 3637 407 1452

424 470 506 522 eis
550 464 920 536 suspicionem
969 464 1129 531 dare,
1178 464 1325 535 quod
1370 466 1439 521 ab
1491 468 1627 537 ipsis
1674 467 2004 539 quaerendus
2035 471 2080 529 Α
2109 482 2176 522 ne
2228 467 2526 523 crederetis
2558 466 2743 531 Petro,
2776 468 2867 533 qui
2902 474 2957 522 et
2997 465 3320 537 languentes
3357 465 3409 520 in
3450 468 3639 525 nomine

422 563 571 609 esset
602 569 790 619 senex,
829 562 887 607 ut
923 555 1177 609 timerent
1215 564 1269 609 et
1317 562 1591 627 fugerent,
1640 559 1782 630 ρωρί
1813 559 2009 629 juvare

423 647 718 702 consilium
748 646 868 717 ejus
898 654 951 702 et
989 649 1077 702 aio
1123 649 1189 703 ad
1222 650 1521 719 Appionem
1551 670 1563 706 :
1597 652 1757 717 Audi,
1790 653 2004 707 charis-

427 738 565 795 sime
614 740 860 810 Appion,
911 756 1014 795 nos
1056 740 1201 811 quod
1244 742 1446 797 bonum
1492 746 1791 812 credimus,
1837 747 2004 801 etiam

411 828 567 899 patri
601 829 817 884 tradere
843 830 1125 896 volumus;
1164 830 1311 900 quod
1358 834 1404 887 si
1453 833 1689 888 noluerit
1736 837 2001 905 recipere,

420 921 521 975 sed
563 921 759 992 magis,
793 930 852 975 ut
888 921 1049 987 dicis,
1082 924 1480 980 exhorrescens
1510 940 1611 981 nos
1655 925 1810 996 fugit,
1846 942 2004 998 aspe-

421 1030 543 1068 rum
574 1015 645 1069 sit
678 1013 914 1069 fortasse
942 1014 1088 1085 quod
1114 1016 1257 1079 dico,
1287 1032 1385 1071 nec
1410 1033 1511 1072 nos
1540 1018 1606 1071 de
1630 1034 1696 1073 eo
1721 1034 1999 1076 curamus.

418 1106 490 1161 Et
522 1123 647 1162 cum
678 1107 793 1161 haec
824 1109 1106 1175 dixissem,
1137 1112 1297 1179 quasi
1326 1121 1675 1167 exsecrantes
1709 1112 2003 1168 crudelita-

419 1208 530 1253 tem
563 1216 740 1257 meam
771 1201 1083 1267 discedunt,
1108 1204 1340 1273 vestigia
1364 1201 1628 1268 Simonis,
1662 1212 1721 1259 ut
1751 1206 2001 1275 sequenti

420 1292 509 1345 die
540 1292 932 1362 comperimus,
968 1292 1342 1363 insequentes.

488 1381 651 1439 LXV.
695 1382 903 1438 Interea
946 1399 1071 1438 cum
1107 1385 1300 1441 Petrus
1329 1402 1394 1440 ex
1440 1401 1590 1441 more
1620 1389 1862 1457 quotidie
1901 1403 2001 1459 po-

416 1474 605 1544 pulum
645 1475 867 1531 doceret
908 1485 960 1531 et
993 1479 1223 1532 virtutes
1263 1478 1462 1534 multas
1490 1495 1552 1535 ac
1600 1483 1859 1537 sanitates
1887 1482 2000 1537 elli-

415 1574 589 1629 ceret,
623 1574 747 1637 post
775 1566 893 1623 dies
923 1568 1109 1623 decem
1141 1571 1289 1625 venit
1318 1571 1539 1641 quidam
1580 1582 1895 1629 nostrorum
1931 1576 1999 1630 ab

413 1658 706 1713 Antiochia
748 1659 954 1714 missus
997 1675 1025 1713 a
1061 1668 1234 1730 patre,
1283 1663 1616 1718 annuntians
1666 1664 1826 1719 nobis
1856 1681 1996 1736 quo-

413 1753 578 1806 modo
604 1751 821 1821 publice
852 1760 1023 1808 staret
1054 1762 1225 1822 pater,
1255 1752 1531 1809 Simonem
1566 1756 1785 1825 quidem
1817 1759 1910 1828 qui
1940 1759 1996 1811 in

2108 557 2228 625 ejus
2269 573 2299 611 a
2330 573 2438 627 quo
2468 557 2671 612 missus
2707 565 2791 612 est
2820 564 2999 623 curat,
3035 565 3090 611 et
3121 558 3388 612 daemonas
3417 556 3569 627 fugat,
3589 572 3641 611 ac

2108 666 2284 705 czecos
2332 650 2625 717 illuminat,
2650 659 2704 705 et
2741 649 3061 720 paralytieis
3106 650 3338 704 salutem
3386 649 3574 716 reddit,
3598 657 3642 705 et

2107 752 2352 797 mortuos
2383 742 2635 797 suscitat.

2178 833 2384 889 LXVII.
2430 833 2555 888 Haec
2584 843 2637 888 et
2659 833 2745 889 his
2770 833 2971 888 similia
3001 832 3173 886 multa
3203 846 3269 886 eo
3297 840 3641 901 prosequente,

2106 926 2381 980 exsecrari
2410 941 2535 980 cum
2565 925 2730 994 ccepit
2778 924 3033 994 populus,
3077 931 3132 977 et
3162 922 3364 976 dabant
3404 922 3570 977 fletum
3600 929 3644 976 et

2104 1012 2386 1082 gemitum,
2412 1012 2542 1081 quia
2569 1020 2891 1082 peccassent
2920 1013 2975 1065 in
3001 1011 3222 1065 Petrum
3253 1010 3522 1066 credentes
3540 1025 3642 1064 eum

2104 1118 2227 1158 esse
2256 1117 2472 1172 magum
2511 1110 2565 1157 et
2597 1103 2848 1171 impium.
2886 1102 3089 1157 Eodem
3121 1117 3251 1156 vero
3282 1102 3367 1157 die
3394 1102 3457 1155 ad
3483 1116 3635 1171 vespe.

2104 1210 2221 1249 ram
2266 1195 2520 1249 restituta
2548 1205 2635 1250 est
2680 1196 2735 1251 in
2768 1193 3130 1251 Faustiniano
3160 1196 3330 1251 facies
3363 1194 3579 1264 propria,
3599 1201 3643 1244 e~'

2104 1286 2371 1341 abscessit
2418 1287 2487 1340 ab
2532 1302 2599 1341 eo
2644 1294 2904 1357 aspectus
2948 1287 3190 1343 Simonis
3236 1283 3393 1355 Magi.
3434 1282 3645 1337 Audiens

2103 1387 2282 1431 autem
2319 1376 2507 1431 Simon
2552 1378 2759 1432 vultum
2790 1393 2949 1432 suum
2982 1378 3039 1432 in
3068 1393 3134 1432 eo
3174 1377 3240 1432 ad
3270 1375 3415 1432 Petri
3447 1376 3643 1446 gloriam

2101 1468 2421 1539 profecisse,
2465 1468 2700 1523 festinus
2747 1469 3012 1539 praevenit
3055 1467 3279 1523 Petrum
3309 1477 3362 1523 et
3385 1483 3531 1539 agere
3566 1480 3645 1519 cu-

2104 1559 2257 1629 piens
2286 1566 2404 1613 arte
2454 1574 2584 1623 sua,
2624 1565 2685 1611 ut
2732 1572 2761 1610 a
2810 1556 3173 1612 F-austiniano
3218 1557 3338 1625 ejus
3382 1552 3645 1610 similitudo

2099 1652 2401 1715 recederet,
2426 1666 2553 1705 cum
2578 1650 2692 1720 jam
2738 1650 2841 1704 hoc
2883 1649 3043 1718 juxta
3074 1648 3304 1703 verbum
3334 1647 3549 1717 apostoli
3574 1644 3644 1700 sui

2099 1744 2355 1799 Christus
2382 1742 2681 1812 implesset.
2712 1740 2965 1796 Videntes
2992 1748 3172 1795 autem
3199 1738 3384 1792 Niceta
3406 1745 3457 1791 et
3480 1736 3644 1806 Aquila

412 1843 566 1896 vultu
600 1842 907 1907 videbatur,
944 1858 1234 1907 accusans,
1284 1842 1504 1899 Petrum
1538 1824 1669 1900 vero
1714 1824 1998 1903 immensis
2030 1831 2073 1887 Β
2102 1844 2224 1907 post
2258 1832 2701 1905 prmdicationem
2751 1830 3119 1885 necessariam
3159 1836 3441 1897 paternam
3481 1824 3645 1880 faciem

410 1935 669 1990 laudibus
700 1936 994 2005 prmferens
1024 1944 1076 1990 et
1104 1936 1251 1990 omni
1287 1938 1486 2008 populo
1516 1937 1907 1993 commendans
1936 1954 2001 1994 ac

411 2025 831 2082 desiderabilem
869 2026 1099 2092 faciens,
1148 2027 1222 2080 ita
1272 2034 1331 2081 ut
1371 2042 1563 2082 omnes
1603 2044 1669 2083 ex
1714 2029 1835 2099 ejus
1882 2044 2000 2085 ser-

409 2133 575 2173 mone
610 2120 804 2173 mutati
837 2119 1219 2174 desiderarent
1261 2134 1386 2174 eum
1422 2119 1643 2186 videre;
1676 2122 1876 2176 multos
1900 2135 1999 2175 au-

409 2217 521 2264 tem
564 2217 773 2264 tantum
804 2210 858 2263 in
890 2208 1034 2263 Petri
1091 2223 1331 2264 amorem
1377 2211 1614 2275 venisse,
1646 2220 1705 2265 ut
1746 2212 1999 2267 szevirent

409 2301 465 2355 in
498 2310 707 2371 patrem
736 2300 895 2370 quasi
941 2302 993 2354 in
1042 2298 1355 2365 Simonem,
1394 2309 1449 2356 et
1492 2316 1690 2356 manus
1719 2303 1766 2358 ei
1796 2302 1997 2357 vellent

412 2393 660 2462 injicere,
691 2394 839 2447 velut
880 2392 972 2463 qui
1004 2400 1215 2447 tantum
1251 2394 1378 2447 mali
1406 2395 1777 2449 commisisset
1808 2395 1860 2448 in
1890 2392 1994 2449 Pe-

408 2490 588 2549 trum;
634 2492 857 2553 propter
900 2482 1070 2553 quod,
1121 2482 1331 2546 aiebat,
1382 2498 1707 2554 appropera,
1743 2499 1811 2539 ne
1856 2483 1997 2540 forte

408 2574 743 2643 perimatur;
798 2574 853 2627 in
906 2575 1104 2629 timore
1140 2574 1288 2629 enim
1337 2590 1535 2644 magno
1582 2578 1795 2644 positus
1840 2575 1989 2629 velo-

407 2666 547 2719 citer
578 2664 728 2718 misit
760 2680 865 2728 me,
900 2673 959 2717 ut
994 2664 1114 2719 sine
1148 2680 1301 2718 mora
1342 2666 1554 2727 venias,
1585 2680 1693 2734 quo
1722 2665 1994 2719 viventem

406 2771 535 2813 cum
565 2771 825 2825 occupes,
875 2756 1037 2811 simul
1066 2765 1121 2810 et
1166 2756 1439 2811 crescenti
1490 2772 1619 2828 erga
1663 2756 1740 2810 tui
1783 2755 1995 2812 deside-

407 2849 553 2903 rium
602 2845 811 2900 civitati
865 2852 1207 2916 Opportunus
1260 2857 1548 2915 appareas.
1590 2844 1784 2901 Aiebat
1828 2848 1993 2902 etiam

408 2936 685 3006 quomodo
711 2952 833 2989 niox
862 2945 915 2987 ut
944 2937 1134 2990 urbem
1156 2936 1504 2991 Antiochiam
1535 2944 1689 3007 pater
1711 2938 1993 3008 ingressus

406 3036 577 3091 esset,
620 3028 781 3099 quasi
826 3028 893 3082 ad
932 3027 1210 3083 Simonem
1251 3028 1431 3083 omnis
1478 3029 1712 3098 populus
1742 3028 1811 3081 ad
1859 3043 1987 3082 eum

404 3120 673 3175 collectus
718 3126 832 3184 est,
869 3128 923 3175 et
967 3120 1137 3189 coepit
1167 3119 1422 3174 omnibus
1470 3120 1719 3173 confiteri
1768 3119 1987 3189 publice

408 3212 708 3271 secundum
753 3227 818 3267 ea
871 3228 992 3281 quae
1039 3212 1227 3281 populi
1292 3214 1621 3266 restauratio
1670 3210 1984 3281 flagitabat;
2015 3242 2061 3303 Ο

405 3320 533 3361 nam
560 3305 875 3375 quicunque
916 3320 1109 3358 omnes
1151 3304 1315 3357 simul
1352 3303 1565 3359 nobiles
1594 3310 1649 3357 et
1678 3302 1881 3359 diversi
1912 3303 1990 3358 si-

406 3400 523 3454 mul
575 3400 771 3454 divites
817 3413 880 3451 ac
933 3411 1203 3467 pauperes
1236 3397 1657 3461 convenissent,
1704 3404 1988 3465 sperantes

405 3494 589 3562 aliqua
619 3494 688 3548 ab
713 3508 778 3547 eo
804 3507 955 3546 more
980 3490 1142 3545 solito
1171 3490 1419 3561 prodigia
1452 3506 1611 3561 posse
1634 3490 1772 3555 fieri,
1799 3506 1989 3546 omnes

405 3583 508 3639 hac
537 3599 669 3639 voce
703 3584 999 3653 alloquitur
1023 3601 1035 3636 :

474 3692 660 3749 LXVI.
704 3692 803 3748 Diu
833 3705 915 3749 est
945 3693 1092 3765 quod
1125 3710 1211 3750 me
1239 3693 1518 3749 Simonem
1549 3691 1990 3749 infelicissimum

404 3785 685 3839 hominum
719 3789 980 3856 patientia
1014 3788 1199 3842 divina
1236 3788 1501 3853 sustinet;
1550 3801 1676 3839 nam
1723 3786 1989 3856 quidquid

403 3875 461 3929 in
507 3890 594 3930 me
637 3876 820 3928 mirati
867 3877 1032 3941 estis,
1079 3892 1185 3931 non
1232 3877 1480 3931 veritatis
1520 3877 1859 3940 ministerio,
1894 3877 1989 3931 sed

403 3966 711 4021 daemonum
748 3967 1053 4023 mendaciis
1094 3978 1149 4023 et
1180 3969 1391 4024 artibus
1420 3977 1632 4039 gestum
1669 3979 1772 4035 est,
1806 3977 1868 4023 ut
1897 3986 1988 4026 ve-

403 4068 577 4114 Stram
624 4059 783 4114 fidem
826 4068 1126 4117 everterem
1166 4070 1221 4116 et
1253 4076 1427 4117 meam
1462 4063 1700 4116 animam
1731 4062 1991 4117 condem-

404 4166 612 4206 narem.
648 4151 927 4207 Confiteor
966 4168 1052 4207 me
1096 4154 1280 4207 omnia
1320 4155 1387 4209 de
1417 4153 1578 4209 Petro
1620 4155 1789 4211 fuisse
1832 4172 1990 4211 men-

405 4243 600 4308 ritum;
638 4242 727 4297 ille
754 4244 897 4297 enim
931 4259 1109 4313 neque
1145 4260 1336 4315 magus
1364 4261 1543 4315 neque
1586 4247 1852 4301 homicida
1887 4262 1989 4301 un-

400 4351 565 4405 quam
600 4335 718 4398 fuit,
752 4337 847 4391 sed
877 4352 908 4389 a
945 4336 1054 4392 Deo
1092 4337 1159 4391 ad
1209 4338 1442 4392 salutem
1472 4348 1712 4392 vestrum
1744 4338 1987 4393 omnium

401 4430 606 4485 missus
645 4437 750 4495 est,
786 4446 950 4500 quem
994 4431 1041 4487 si
1072 4447 1140 4487 ex
1186 4431 1292 4485 hac
1343 4431 1479 4485 bora
1524 4432 1986 4487 contemnendum

402 4521 747 4592 putaveritis,
781 4530 991 4576 certum
1036 4522 1109 4577 sit
1152 4522 1292 4593 apud
1339 4537 1439 4575 vos
1477 4521 1622 4591 quod
1663 4521 1836 4592 possit
1868 4522 1983 4591 ipsa

2100 1927 2433 1989 restitutam,
2464 1924 2670 1996 gratias
2701 1931 2925 1993 agentes
2955 1921 3087 1986 Deo,
3120 1936 3233 1975 non
3266 1934 3388 1974 eum
3419 1916 3645 1989 permise-

2100 2029 2229 2076 runt
2262 2019 2494 2073 ulterius
2522 2015 2727 2085 alloqui
2763 2017 3049 2085 populum.

2179 2110 2410 2166 LXVIII.
2461 2110 2653 2165 Simon
2696 2116 2885 2162 autem
2936 2107 3103 2177 coepit
3147 2108 3280 2161 licet
3329 2104 3531 2160 occulte
3568 2114 3647 2169 per

2100 2204 2309 2258 amicos
2361 2216 2492 2257 suos
2536 2208 2589 2255 et
2641 2199 2939 2253 familiares
2986 2197 3302 2263 ambulare,
3348 2204 3402 2251 et
3446 2193 3648 2263 amplius

2098 2296 2261 2352 Petro
2286 2295 2551 2365 derogare
2574 2308 2736 2364 quam
2759 2299 2939 2346 antea.
2964 2289 3117 2344 Tunc
3142 2306 3337 2345 omnes
3358 2296 3648 2358 exspuentes

2097 2389 2153 2442 in
2192 2386 2387 2440 faciem
2426 2387 2566 2455 ejus,
2592 2384 2918 2455 expulerunt
2946 2397 3072 2435 eum
3120 2382 3190 2436 de
3220 2382 3460 2443 civitate,
3490 2378 3649 2433 dicen-

2096 2488 2217 2533 tes:
2250 2476 2332 2531 Tu
2363 2477 2474 2532 eris
2517 2492 2646 2531 reus
2686 2475 2882 2529 mortis
2929 2483 3057 2538 tuae,
3101 2474 3148 2528 si
3184 2474 3417 2528 ulterius
3462 2472 3649 2526 locutus

2096 2582 2287 2626 contra
2316 2570 2537 2627 Petrum
2572 2570 2678 2624 huc
2709 2568 2808 2623 tibi
2838 2567 3145 2623 credideris
3177 2582 3304 2622 esse
3332 2564 3647 2621 veniendum.

2096 2662 2306 2729 Quibus
2351 2662 2615 2735 cognitis,
2642 2659 2838 2715 Petrus
2875 2667 3091 2730 postera
3119 2658 3212 2713 die
3251 2658 3535 2714 convenire
3563 2670 3647 2725 p0-

2094 2756 2253 2827 pulos
2280 2755 2456 2825 jubet,
2483 2765 2537 2810 et
2568 2770 2675 2809 uno
2701 2770 2769 2809 ex
2798 2754 2885 2807 his
2916 2753 3010 2823 qui
3040 2754 3415 2822 sequebantur
3436 2765 3548 2806 eum
3573 2762 3649 2801 or-

2094 2852 2283 2905 dinato
2312 2850 2394 2905 eis
2426 2850 2706 2919 episcopo,
2743 2848 2866 2901 aliis
2913 2847 3076 2901 etiam
3108 2846 3466 2917 presbyteris,
3495 2840 3648 2911 bapti-

2094 2944 2231 2997 zatis
2264 2956 2481 3013 quoque
2509 2939 2783 3010 plurimis,
2814 2949 2871 2993 et
2899 2939 3157 2993 omnibus
3186 2939 3283 3007 qui
3314 2943 3470 2991 erant
3494 2930 3647 2989 vexati

2094 3034 2449 3106 languoribus
2490 3033 2575 3086 vel
2602 3030 2966 3094 daemonibus,
3020 3030 3251 3083 sanitati
3291 3026 3528 3085 redditis.
3569 3022 3648 3076 de-

2094 3134 2339 3181 moratus
2369 3124 2443 3178 ibi
2472 3122 2618 3177 aliud
2650 3122 2911 3188 triduum,
2940 3120 3157 3175 cunctis
3195 3121 3301 3174 rite
3334 3114 3645 3188 compositis,

2092 3217 2402 3271 valedicens
2431 3216 2533 3279 eis,
2568 3214 2932 3285 proﬁciscitur
2964 3228 2995 3266 a
3024 3210 3290 3267 Laodicia
3321 3213 3544 3266 multum
3571 3208 3649 3262 de-

2094 3308 2409 3365 siderabilis
2433 3306 2882 3361 Antiochensium
2913 3306 3089 3376 plebi;
3115 3315 3173 3361 et
3206 3305 3375 3374 coepit
3403 3318 3491 3374 per
3516 3299 3650 3353 Niceo

2094 3412 2203 3457 tam
2245 3408 2299 3456 et
2341 3398 2595 3470 Aquilam
2644 3407 2760 3453 tota
2809 3398 3005 3453 civitas
3055 3398 3277 3463 audine,
3317 3398 3442 3467 quia
3481 3393 3650 3448 Petrus

2097 3488 2443 3545 adventaret.
2476 3488 2667 3544 Omnis
2699 3497 2878 3543 autem
2922 3488 3160 3559 populus
3212 3485 3506 3541 Antiochiae
3539 3481 3650 3537 civi-

2095 3580 2221 3634 tatis
2271 3579 2501 3635 audiens
2548 3577 2771 3634 Petrum
2821 3580 3041 3641 venire,
3087 3575 3455 3633 oecurrerunt
3491 3574 3563 3638 ei,
3605 3577 3651 3625 et

2092 3685 2232 3739 pene
2270 3686 2464 3727 omnes
2515 3670 2752 3739 majores
2801 3679 2932 3724 natu
2980 3678 3035 3725 et
3088 3671 3332 3735 nobiles,
3369 3669 3538 3723 cinere
3573 3677 3648 3716 as~

2093 3763 2239 3834 persi
2291 3764 2345 3817 in
2386 3763 2585 3833 capite,
2626 3764 3003 3834 pmnitentiam
3065 3772 3317 3834 agentes,
3360 3762 3449 3833 qui
3480 3764 3645 3814 contra

2094 3856 2542 3925 praedicationem
2600 3856 2721 3926 ejus
2783 3872 3003 3927 magum
3070 3853 3360 3910 Simonem
3408 3848 3652 3919 suscepis-

2094 3952 2235 4003 sent.

2163 4036 2347 4090 LXIX.
2390 4036 2515 4091 llmc
2540 4046 2594 4094 et
2641 4038 2728 4095 his
2758 4040 2958 4095 similia
2988 4044 3411 4109 prosequentes,
3440 4031 3643 4087 otl'eruut

2091 4129 2141 4183 ei
2168 4136 2389 4184 vexatos
2419 4130 2777 4202 languoribus
2802 4139 2855 4187 et
2886 4131 3177 4186 daemoniis
3214 4130 3482 4200 fatigatos,
3512 4134 3647 4193 para-

2092 4218 2287 4289 lyticos
2310 4236 2530 4291 quoque
2554 4229 2607 4276 et
2637 4222 2851 4276 diversa
2882 4222 3126 4292 pericula
3156 4223 3452 4291 patientes;
3482 4221 3529 4269 et
3548 4214 3647 4266 erat

2092 4313 2300 4367 infinita
2335 4314 2627 4369 multitudo
2655 4314 2819 4369 simul
2867 4314 3270 4383 languentium.
3306 4312 3453 4378 Quos
3481 4303 3645 4358 videns

2090 4404 2287 4461 Petrus
2320 4422 2427 4460 non
2464 4407 2638 4461 solum
2672 4404 3066 4477 pmnitudinem
3100 4420 3291 4475 agere,
3331 4399 3471 4473 quod
3499 4397 3558 4450 de
3590 4405 3645 4446 eo

2091 4499 2232 4554 male
2279 4499 2581 4554 sensissent
2608 4509 2704 4566 per
2736 4495 3037 4558 Simonem,
3074 4510 3272 4549 verum
3306 4500 3359 4548 et
3388 4501 3489 4545 tam
3528 4487 3644 4539 inte—

402 4581 597 4666 civitas
626 4581 806 4666 vestra
850 4619 1073 4681 repente
1114 4581 1381 4681 deperire.
1426 4581 1558 4677 Qua:
1601 4581 1783 4665 au-tem
1815 4581 1985 4665 causa
2014 4591 2062 4651 ί)
2087 4604 2240 4658 3mm
2275 4590 2433 4645 ﬁdem
2463 4588 2721 4643 exhibere
2752 4586 2881 4646 υθοτ
2910 4596 2969 4640 ιη
3008 4586 3176 4640 etiam
3209 4600 3400 4641 omnes
3429 4581 3645 4681 diversas

401 4702 493 4768 sit,
516 4709 576 4754 ut
603 4702 717 4755 haec
745 4701 900 4755 vobis
933 4702 1080 4755 ultro
1114 4702 1378 4755 confitear
1404 4720 1417 4756 :
1444 4702 1513 4755 ab
1544 4702 1737 4771 angelo
1766 4700 1859 4756 Dei
1883 4701 1987 4754 hac

400 4800 563 4848 nocte
591 4794 941 4847 vehementer
964 4801 1249 4862 correptus
1280 4808 1422 4855 sum,
1446 4802 1499 4846 et
1530 4806 1630 4845 cur
1651 4793 1697 4846 ei
1731 4792 1986 4847 inimicus

399 4888 736 4950 exstiterim,
793 4888 1277 4941 vehementissime
1326 4886 1654 4955 flagellatus.
1712 4884 1985 4955 Deprecor

400 4993 531 5047 ergo
571 4993 688 5043 vos,
722 4979 859 5032 utsi
890 4994 990 5047 ego
1023 4980 1140 5048 ipse
1177 4996 1243 5033 ex
1286 4979 1388 5032 hac
1432 4978 1565 5031 hora
1614 4993 1881 5047 aperuere
1923 4994 1988 5033 os

398 5084 580 5123 meum
614 5078 805 5123 contra
854 5084 1001 5133 eum,
1035 5069 1336 5139 projiciatis
1384 5084 1471 5121 me
1511 5067 1577 5120 ab
1623 5078 1842 5136 aspectu
1896 5084 1987 5123 vc-

401 5170 545 5228 stro;
594 5162 683 5215 ille
713 5164 861 5215 enim
896 5160 1208 5215 immundus
1240 5160 1452 5214 dienmn
1490 5159 1651 5213 saluti
1704 5159 1985 5212 hominum

402 5255 659 5309 inimicus
704 5270 800 5324 per
841 5269 903 5308 os
936 5269 1115 5308 meum
1145 5260 1339 5307 contra
1384 5253 1561 5322 ipsum
1612 5253 1874 5321 loquitur,
1916 5268 1984 5308 ne

402 5354 499 5419 per
541 5363 666 5403 eum
709 5363 807 5403 vos
838 5347 1157 5417 pertingatis
1186 5346 1254 5400 ad
1287 5345 1475 5400 vitam.
1516 5344 1657 5410 Quid
1698 5345 1843 5399 enim
1892 5359 1981 5397 ars

398 5440 609 5509 magica
660 5454 754 5507 per
799 5454 886 5492 me
931 5438 1088 5491 vobis
1136 5435 1311 5506 potuit
1363 5434 1583 5488 virtutis
1649 5431 1980 5487 ostendere?

396 5530 576 5586 Canes
606 5529 710 5584 feci
741 5544 913 5583 aereos
941 5528 1140 5582 latrare
1180 5534 1232 5580 ct
1278 5531 1487 5579 Statuas
1519 5523 1743 5587 moveri,
1779 5521 1980 5591 figuras

396 5623 600 5677 mutari
628 5621 912 5676 hominum
935 5627 989 5674 et
1034 5618 1216 5675 subito
1256 5615 1325 5669 ab
1353 5614 1666 5684 aspectibus
1693 5613 1979 5667 hominum

399 5714 721 5781 absentari;
764 5720 817 5768 et
865 5728 963 5783 per
1012 5712 1128 5766 haec
1178 5708 1448 5765 debuistis
1494 5713 1664 5761 artem
1712 5705 1978 5775 magicam

396 5808 696 5869 exsecrari,
731 5822 851 5876 quae
884 5813 941 5859 ut
971 5805 1125 5859 vobis
1169 5803 1492 5857 miraculum
1532 5801 1697 5853 inane
1746 5806 1980 5868 praaten-

400 5900 605 5965 derem,
626 5900 836 5955 animas
867 5907 1077 5955 vestras
1098 5896 1384 5953 diabolicis
1414 5892 1625 5963 laqueis
1651 5889 1977 5957 innodabat,

2087 4684 2441 4752 aegritudines
2472 4681 2741 4750 patientes
2771 4680 3056 4735 crederent
3085 4695 3186 4748 per
3221 4693 3347 4733 eum
3376 4686 3526 4747 posse
3552 4666 3646 4725 sal-

2087 4774 2226 4837 vari,
2258 4773 2520 4842 expandit
2560 4772 2626 4825 ad
2673 4772 2871 4825 cwlum
2904 4786 3102 4824 manus
3134 4784 3291 4833 suas,
3331 4774 3383 4821 et
3423 4777 3537 4818 cum
3576 4759 3643 4810 la-

2087 4860 2291 4937 crymis
2335 4866 2637 4920 orationem
2681 4862 2990 4925 effundens,
3030 4862 3243 4930 gratias
3279 4857 3510 4914 referens
3549 4849 3641 4904 D80

2086 4958 2300 5012 dicebat
2324 4976 2335 5010 :
2360 4954 2903 5021 Benedicute,Pater
2946 4950 3300 5021 praedicari-le
3324 4990 3339 5014 ,
3380 4947 3465 5018 qui
3504 4953 3641 4997 omne

2086 5049 2315 5103 verbum
2338 5054 2393 5102 et
2426 5046 2753 5116 promissum
2791 5043 2912 5098 Filii
2944 5044 3023 5097 tui
3074 5044 3379 5113 adimplere
3404 5032 3637 5109 dignaris,

2086 5150 2148 5195 ut
2198 5146 2499 5210 cognoscat
2527 5138 2709 5191 omnis
2748 5143 3034 5203 creatura,
3074 5135 3207 5206 quia
3240 5143 3300 5188 tu
3342 5133 3483 5188 solus
3516 5126 3637 5180 Deus

2087 5232 2141 5288 in
2172 5234 2312 5286 cmlo
2343 5240 2395 5286 et
2426 5232 2480 5285 in
2521 5239 2690 5285 terra.

2157 5324 2319 5379 LXX.
2358 5323 2484 5376 Haec
2508 5332 2564 5376 et
2588 5324 2672 5379 his
2700 5322 2900 5377 similia
2926 5323 3138 5380 dicens.
3174 5319 3420 5377 ascendit
3445 5321 3494 5372 in
3521 5308 3637 5367 emi-

2083 5417 2321 5471 nentiori
2347 5416 2467 5469 loco
2492 5422 2547 5468 et
2571 5414 2739 5483 jussit
2771 5423 2897 5469 ante
2936 5429 2995 5469 se
3024 5414 3156 5484 poni
3183 5424 3397 5467 omnem
3425 5401 3635 5462 multitu-

2083 5513 2263 5566 dinem
2286 5509 2690 5581 azgrotantiuni,
2717 5524 2857 5577 quos
2890 5522 3080 5561 omnes
3114 5507 3219 5559 hac
3247 5518 3377 5557 voce
3397 5500 3635 5553 allocutus

2082 5616 2167 5663 est
2196 5626 2208 5660 :
2240 5604 2484 5658 Similem
2518 5603 2675 5656 vobis
2706 5601 2979 5656 hominem
3014 5615 3101 5654 me
3131 5614 3256 5654 esse
3280 5595 3528 5652 videntes,
3557 5595 3633 5638 n0-

2082 5702 2176 5754 lite
2210 5707 2401 5768 putare
2444 5695 2591 5766 quod
2621 5710 2651 5748 a
2687 5710 2772 5749 me
2804 5692 3029 5763 possitis
3073 5701 3399 5758 recuperare
3431 5681 3629 5736 salutem

2080 5799 2339 5853 vestram,
2380 5788 2472 5844 sed
2504 5802 2601 5856 per
2628 5802 2752 5841 eum
2789 5785 2882 5855 qui
2910 5784 2976 5839 de
3006 5782 3148 5836 caelo
3178 5777 3523 5835 descendens.
3554 5778 3628 5863 οῗ

2081 5885 2255 5942 tendit
2295 5883 2645 5940 credentibus
2677 5880 2780 5937 sibi
2813 5879 3075 5951 integram
3112 5878 3307 5931 animae
3335 5881 3385 5928 et
3412 5870 3623 5931 cerptms
