3888 6192
1446 383 2015 442 RECOGNITIONUM
2051 385 2180 442 LIB.
2222 387 2288 443 Χ.

3349 393 3486 449 1454

244 495 597 560 medicinam;
639 493 782 550 unde
811 509 916 550 vox
958 501 1142 550 vestra
1181 501 1377 551 testem
1423 495 1624 550 habeat
1664 497 1814 551 hunc
1843 506 1891 564 Α
1987 517 2198 575 LXX".
2241 517 2381 573 Tum
2415 533 2515 591 ego
2545 518 2798 577 Clemens
2826 535 2950 577 cum
2980 522 3238 579 fratribus
3268 527 3405 582 meis
3430 536 3486 582 et

244 601 454 641 omnem
488 587 766 657 populum,
793 587 920 657 quia
950 603 1015 641 ex
1041 594 1156 641 toto
1182 588 1346 642 corde
1372 589 1596 644 creditis
1617 588 1674 642 in
1703 588 1811 644 Do-

242 679 389 733 mino
420 678 549 735 Jesu
570 679 809 744 Christo,
839 689 897 734 ut
926 679 1103 735 sciant
1131 680 1292 735 etiam
1322 695 1381 736 se
1413 681 1562 750 ipsos
1594 683 1661 736 ab
1689 681 1810 752 ipso

243 787 402 840 posse
438 773 662 827 salvari.
702 772 948 843 Cumque
977 773 1157 828 omnis
1193 773 1485 828 multitudo
1526 774 1810 828 inﬁrman-

238 865 374 919 tium
424 881 534 920 una
571 881 706 921 voce
747 866 1026 935 clamaret,
1061 867 1206 922 hunc
1250 882 1372 923 esse
1415 883 1604 923 verum
1638 866 1806 922 Deum

240 972 397 1027 quem
427 957 621 1012 Petrus
665 957 975 1024 annuntiat,
1021 957 1205 1012 subito
1243 957 1571 1013 immensum
1621 958 1806 1014 lumen

238 1048 421 1119 gratiae
450 1046 546 1102 Dei
582 1049 638 1102 in
680 1048 861 1104 medio
891 1049 1066 1119 plebis
1108 1049 1392 1121 apparuit,
1426 1058 1480 1106 et
1523 1059 1808 1122 cmperunt

237 1141 519 1212 paralytici
548 1155 770 1196 currere
810 1141 876 1195 ad
907 1142 1070 1211 pedes
1100 1138 1248 1196 Petri
1290 1142 1443 1208 sani,
1478 1144 1605 1197 caeci
1647 1158 1808 1200 recu-

235 1240 422 1301 perato
449 1233 571 1288 visu
607 1235 867 1301 clamare,
902 1235 1080 1288 claudi
1118 1241 1429 1290 restaurato
1457 1250 1649 1304 gressu
1681 1250 1808 1304 gra-

237 1325 338 1380 tias
388 1340 568 1397 agere,
619 1326 940 1397 languentes
991 1338 1205 1398 recepta
1263 1330 1495 1384 sanitate
1547 1329 1802 1399 gaudere,

233 1425 484 1479 nonnulli
529 1424 692 1479 etiam
724 1425 840 1478 solo
872 1423 1005 1479 ﬂatu
1035 1425 1280 1480 viventes
1309 1424 1422 1495 jam
1472 1425 1590 1480 sine
1639 1441 1804 1483 sensu

231 1527 284 1572 et
316 1519 436 1573 sine
480 1533 615 1574 voce
646 1519 948 1588 recuperati
979 1526 1128 1583 sunt,
1161 1533 1354 1574 omnes
1381 1533 1598 1591 quoque
1642 1518 1804 1574 luna—

231 1611 321 1664 tici
348 1618 401 1665 et
432 1612 578 1681 pleni
606 1610 890 1666 daemoniis
917 1610 1134 1665 liberati
1163 1618 1309 1666 sunt.

197 1745 200 1750 .
299 1701 485 1757 LXXI.
527 1700 759 1756 Tantam
788 1702 970 1772 itaque
1001 1700 1236 1772 Spiritus
1261 1709 1483 1757 sanctus
1513 1700 1568 1755 in
1599 1701 1690 1756 illa
1719 1702 1807 1758 die

229 1796 462 1864 gratiam
510 1811 623 1850 suae
655 1795 873 1851 virtutis
905 1796 1164 1863 ostendit,
1203 1802 1262 1850 ut
1292 1811 1482 1852 omnes
1517 1811 1547 1850 a
1578 1796 1804 1852 minimo

227 1903 402 1956 usque
431 1887 502 1941 ad
546 1889 841 1942 maximum
884 1903 993 1942 una
1024 1903 1158 1944 voce
1200 1889 1591 1943 conﬁterentur
1622 1888 1807 1944 Domi-

228 1995 388 2046 num;
418 1985 475 2034 et
503 1995 572 2034 ne
596 1981 782 2034 multis
814 1979 1092 2045 immorer,
1121 1979 1265 2034 intra
1292 1987 1499 2050 septem
1534 1980 1652 2036 dies
1681 1980 1804 2050 plus

230 2088 394 2142 quam
426 2072 615 2127 decem
659 2074 827 2126 millia
867 2073 1150 2127 hominum
1180 2073 1466 2128 credentes
1496 2071 1606 2128 Deo
1632 2073 1809 2143 bapti-

227 2165 336 2218 zati
379 2171 511 2220 sunt
539 2171 595 2220 et
640 2166 1075 2221 sanctiﬁcatione
1103 2165 1433 2231 consecrati,
1465 2166 1540 2221 ita
1568 2176 1628 2221 ut
1657 2167 1808 2221 omni

226 2258 799 2327 aviditatisdesiderio
816 2257 1150 2328 Theophilus
1174 2257 1309 2330 (65),
1335 2258 1428 2328 qui
1450 2265 1569 2313 erat
1588 2258 1806 2314 cunctis

224 2351 550 2420 potentibus
581 2351 639 2407 in
667 2351 888 2407 civitate
916 2351 1229 2414 sublimior.
1260 2352 1456 2409 domus
1486 2366 1599 2410 suae
1623 2353 1804 2424 ingen-

224 2450 332 2497 tem
364 2444 654 2500 basilicam
684 2445 932 2499 ecclesiae
958 2443 1182 2498 nomine
1210 2453 1585 2511 consecraret,
1614 2445 1670 2500 in
1695 2460 1805 2516 qua

222 2532 386 2591 Petro
418 2537 668 2606 apostolo
703 2537 1001 2591 constituta
1049 2543 1132 2591 est
1172 2537 1241 2591 ab
1271 2537 1420 2591 omni
1469 2538 1670 2610 populo
1713 2553 1807 2592 ca-

222 2627 418 2682 thedra
450 2628 587 2699 (66),
616 2635 671 2682 et
700 2628 878 2684 omnis
909 2627 1202 2683 multitudo
1222 2629 1466 2699 quotidie
1489 2629 1555 2684 ad
1587 2629 1808 2684 audien-

224 2719 354 2774 dum
395 2721 628 2777 verbum
672 2721 1026 2785 conveniens,
1057 2721 1317 2777 credebat
1358 2735 1506 2777 sanae
1543 2720 1807 2776 doctrinae

220 2828 390 2883 quam
414 2814 713 2872 sanitatum
738 2811 1031 2871 elﬁcacitas
1057 2812 1382 2871 alﬁrmabat.

1912 619 2085 666 matre
2105 617 2314 680 patrem
2345 610 2694 681 alloquimur,
2717 619 2898 666 utrum
2929 614 3123 684 aliquze
3151 615 3486 672 inﬁdelitatis

1910 700 1967 754 in
1995 714 2060 754 eo
2091 700 2332 770 reliquiae
2375 702 2789 757 remansissent.
2813 703 2881 756 At
2911 704 3037 759 ille:
3064 703 3274 772 Venite,
3313 707 3410 772 ait,
3432 715 3489 762 et

1911 789 2164 844 videbitis
2187 803 2370 843 coram
2402 785 2585 853 Petro,
2614 796 2878 860 quantum
2905 792 2960 845 in
2991 806 3077 846 me
3104 791 3227 848 ﬁdei
3255 794 3490 849 creverit

1910 880 2336 934 incrementum.
2381 876 2539 932 Tunc
2580 879 2849 935 accedens
2899 879 3307 946 Faustinianus,
3359 897 3487 952 pro-

1909 973 2043 1028 cidit
2071 973 2139 1027 ad
2176 972 2341 1043 pedes
2374 971 2520 1027 Petri
2551 972 2742 1027 dicens
2769 992 2780 1027 :
2816 972 3036 1028 Semina
3063 974 3214 1030 verbi
3246 976 3326 1030 tui
3366 990 3489 1045 quae

1909 1080 2040 1134 ager
2069 1077 2201 1117 meae
2231 1061 2429 1116 mentis
2458 1061 2686 1130 accepit,
2715 1062 2829 1131 jam
2874 1071 3001 1117 nata
3038 1074 3188 1131 sunt,
3219 1073 3382 1136 atque
3413 1066 3489 1119 ita

1910 1155 1978 1210 ad
2015 1155 2300 1212 fecundam
2335 1153 2703 1207 maturitatem
2750 1165 3008 1224 provecta
3055 1165 3218 1223 sunt,
3254 1165 3313 1212 ut
3351 1158 3489 1212 nihil

1907 1249 2074 1312 desit,
2107 1248 2216 1302 nisi
2247 1253 2308 1300 ut
2351 1260 2382 1299 a
2427 1244 2598 1314 paleis
2631 1261 2717 1300 me
2752 1248 2986 1316 spiritali
3016 1251 3106 1304 illa
3140 1258 3231 1305 tua
3261 1251 3489 1306 deseces

1909 1339 2048 1393 falce
2068 1347 2122 1394 et
2151 1350 2386 1407 reponas
2410 1350 2496 1390 me
2525 1335 2580 1389 in
2615 1335 2813 1392 horreo
2841 1339 3145 1406 Dominico,
3174 1342 3379 1398 faciens
3403 1358 3490 1399 me

1907 1451 2110 1492 mensae
2146 1435 2342 1490 divinae
2371 1430 2712 1501 participem.
2760 1431 2898 1487 Tum
2942 1433 3136 1489 Petrus
3169 1449 3295 1489 cum
3336 1434 3489 1489 omni

1908 1530 2190 1584 alacritate
2228 1521 2643 1597 apprehendens
2679 1540 2900 1580 manum
2929 1527 3071 1596 ejus,
3100 1526 3329 1581 tradidit
3363 1541 3489 1581 eum

1907 1623 2042 1677 mihi
2067 1619 2332 1676 Clementi
2360 1629 2415 1677 et
2443 1622 2706 1680 fratribus
2734 1618 2872 1673 meis
2895 1657 2910 1682 ,
2951 1619 3140 1674 dicens
3168 1638 3180 1673 :
3209 1617 3363 1675 Sicut
3389 1618 3492 1675 tibi

1908 1716 2050 1785 patri
2080 1714 2221 1771 ﬁlios
2263 1716 2506 1771 restituit
2535 1716 2700 1779 Deus,
2743 1712 2821 1765 ita
2857 1717 2912 1765 et
2955 1716 3167 1781 patrem
3200 1709 3295 1763 ﬁlii
3325 1709 3490 1763 resti-

1907 1814 2070 1862 tuunt
2108 1806 2240 1862 Deo.
2283 1805 2486 1862 Indixit
2516 1814 2698 1861 autem
2738 1802 3010 1873 jejunium
3052 1801 3201 1856 omni
3237 1801 3404 1870 plebi,
3436 1805 3492 1854 et
3524 1829 3548 1866 ι,
3591 1841 3593 1845 ς

1908 1899 2159 1955 veniente
2204 1899 2292 1954 die
2335 1898 2617 1954 Dominica
2664 1894 2962 1964 baptizavit
3011 1907 3173 1956 eum,
3219 1899 3383 1961 atque
3433 1890 3489 1945 in

1908 1990 2088 2046 medio
2129 1991 2331 2061 populo
2369 2003 2435 2047 ex
2484 1986 2846 2044 conversione
2893 1984 3012 2054 ejus
3060 1983 3345 2038 materiam
3396 1995 3493 2035 su-
3544 2059 3547 2066 Ι

1908 2099 2086 2148 mens,
2112 2098 2303 2139 omnes
2329 2096 2493 2136 casus
2537 2080 2656 2150 ejus
2687 2077 2962 2148 exposuit,
2996 2077 3071 2130 ita
3106 2082 3166 2130 ut
3196 2074 3377 2131 omnis
3406 2073 3491 2128 ci-
3543 2071 3552 2130 ί

1907 2177 2049 2232 vitas
2077 2175 2237 2246 quasi
2280 2174 2530 2245 angelum
2560 2187 2685 2227 eum
2716 2171 3043 2240 susciperet,
3074 2175 3129 2222 et
3158 2182 3268 2221 non
3311 2164 3493 2219 mino-

1908 2283 2022 2324 rem
2051 2267 2100 2322 ei
2132 2268 2360 2339 gratiam
2403 2281 2568 2337 quam
2599 2266 2846 2338 apostolo
2871 2252 3250 2326 exhiberet.["°
3279 2256 3492 2324 Quibus

1910 2362 2165 2433 cognitis,
2193 2358 2391 2415 Petrus
2422 2366 2638 2430 postera
2672 2357 2760 2413 die
2802 2355 3097 2410 convenire
3142 2351 3373 2423 populos
3400 2348 3492 2420 ju-

1911 2452 2022 2520 bet,
2051 2461 2106 2509 et
2134 2467 2245 2508 uno
2283 2468 2351 2508 ex
2379 2452 2468 2508 his
2509 2451 2605 2521 qui
2645 2449 3016 2519 sequebantur
3047 2459 3192 2512 eum,
3237 2442 3492 2496 ordinato

1911 2543 2191 2615 episcopo,
2217 2550 2273 2599 et
2297 2542 2421 2598 aliis
2445 2541 2802 2613 presbyteris,
2827 2538 3122 2610 plurimum
3150 2549 3369 2606 quoque
3399 2547 3496 2603 po-

1913 2637 2104 2706 pulum
2134 2637 2453 2706 baptizavit,
2484 2648 2786 2704 omnesque
2820 2631 2915 2701 qui
2944 2637 3102 2686 erant
3147 2625 3331 2684 vexati
3373 2625 3493 2679 lan—

1912 2728 2175 2799 guoribus
2205 2727 2428 2783 sanitati
2457 2719 2746 2793 restituit.]

296 3080 343 3112 ⁷³
381 3078 582 3152 Addita
612 3078 810 3152 legitur
840 3080 953 3135 haec
983 3079 1243 3152 periodus
1291 3078 1349 3135 in
1404 3079 1528 3135 cod.
1586 3076 1977 3150 antiquissimo
2026 3078 2231 3150 Bodlej.
2258 3093 2411 3135 num.
2446 3075 2570 3145 105,
2603 3091 2689 3146 ap.
2717 3071 2978 3130 Grabium
3014 3073 3066 3127 in
3105 3071 3348 3143 Spicileg.
3383 3069 3487 3129 SS.

226 3147 409 3221 Palr.,
432 3158 477 3206 ι.
501 3149 542 3217 Ι,
575 3165 629 3221 ρ.
655 3147 780 3206 999.

1576 3392 1942 3451 COTELERII
1965 3390 2198 3449 NOT/E.

300 3613 419 3685 (65)
455 3608 791 3685 Theophihts:
815 3605 1137 3685 Qutmagna
1163 3596 1816 3685 ιειιιροτυῑηροηΐιιξὲρξῑθ
1842 3600 1888 3664 C
1918 3593 2064 3685 91ίέ
2090 3596 2430 3685 ﬁliifilii”:
2462 3585 2728 3685 ‘ﬁ‘lfﬁii‘i
2744 3585 3495 3685 B;fe‘i‘;.li'f£{".q“33?3

227 3667 504 3757 septimus
535 3667 1154 3746 Antiochiaé'episcopus
1184 3667 1306 3755 esse
1349 3677 1569 3753 putatur
1598 3684 1629 3721 a
1659 3667 1814 3720 Guil-

227 3759 397 3802 ιριιιιη
424 3752 593 3802 Tvrio
637 3751 731 3802 lib.
767 3765 818 3802 tv
844 3748 1102 3802 Historia:
1129 3744 1250 3798 belli
1285 3758 1428 3796 sacrt
1456 3755 1576 3802 cap.
1610 3737 1664 3800 9,
1697 3745 1751 3792 et
1781 3751 1812 3790 a

225 3751 397 3813 Iel'mo
424 3752 593 3823 Tyrio
637 3751 731 3805 lib.
767 3765 818 3803 tv
844 3751 1102 3802 Historia:
1129 3751 1251 3798 belli
1285 3751 1428 3823 sacri
1456 3755 1576 3808 cap.
1610 3751 1664 3820 9.,
1697 3751 1751 3792 et
1781 3751 1810 3790 a

223 3825 344 3882 Jac.
396 3826 468 3880 de
502 3821 740 3876 Vitriaco
773 3834 893 3888 cap.
919 3818 988 3873 52
1022 3816 1273 3890 Historia:
1293 3811 1810 3890 Hierosolymttanm.

302 3878 428 3969 lﬁﬁl
447 3878 614 3969 Ῥειζο
639 3878 906 3969 ᾼροδιλοῖρ.
926 3888 1214 3969 constituta
1241 3893 1331 3969 ‘eat
1364 3878 1604 3969 all‘ot'liliu:
1623 3878 1813 3969 populo

227 3951 516 4024 cathedra.
553 3965 630 4018 De
653 3951 756 4016 hac
785 3960 1124 4032 Antiochena
1163 3951 1817 4032 Petriﬂcathedramejuso

227 4018 521 4109 iliie'ké‘std
559 4042 726 4104 agunt
763 4028 1244 4109 Martyrologia‘ad
1285 4025 1356 4079 22
1380 4018 1820 4109 Februarii,’l_._e_-

228 4092 420 4180 siadd
450 4092 771 4161 Sanctorum
812 4092 934 4172 cap.
984 4092 1086 4165 44';
1122 4098 1341 4180 Gemma
1384 4095 1590 4173 animm.
1605 4092 1700 4145 lib.
1728 4105 1811 4170 ut,

229 4195 337 4218 nan
411 4176 518 4218 ἢκ·
577 4175 665 4218 Ivn
710 4171 1105 4218 Carnnmnsis.
1150 4169 1368 4218 alnuue.
1420 4163 1480 4218 In
1530 4162 1817 4217 ltmerarlo

229 4169 358 4250 cap.
411 4176 520 4242 26;
577 4175 665 4229 lvo
710 4169 1105 4233 Carnotcnsis,
1150 4169 1368 4236 aliique.
1420 4169 1480 4218 In
1530 4169 1817 4245 lotinerarlo

235 4245 605 4307 Willebrandi
634 4246 702 4301 ab
731 4243 1071 4313 Oldenborg;
1121 4237 1184 4292 In
1218 4238 1317 4291 hac
1353 4234 1595 4290 Ecclesia
1627 4234 1818 4287 Antio-

1920 3666 2068 3719 hunc
2113 3661 2331 3716 titulum
2378 3660 2433 3712 in
2478 3659 2730 3719 catalogo
2775 3673 2911 3712 mss.
2953 3657 3202 3712 ecclesiae
3244 3655 3302 3710 S.
3346 3655 3493 3710 Petri

1920 3730 2326 3790 Bellovacensis
2357 3748 2370 3784 :
2407 3728 2590 3783 Sermo
2637 3724 2695 3783 ε.
2739 3727 3022 3782 Clementis
3061 3742 3211 3796 papa:
3249 3728 3303 3780 in
3345 3724 3496 3780 Petri

1921 3804 2284 3875 apostolorum
2319 3799 2867 3875 principisjessione,
2907 3815 3011 3869 qua
3054 3796 3359 3875 cathedram}
3396 3798 3495 3875 _in-

1921 3867 2184 3929 siauravit
2216 3867 2530 3926 Antiochia}.
2579 3870 2715 3923 Eum
2761 3867 2942 3924 autem
2977 3870 3282 3938 catalogum
3322 3867 3495 3938 debeo

1921 3947 2042 4000 viro
2086 3944 2357 3998 natalibus
2400 3956 2465 3995 ac
2505 3940 2802 3996 virtutibus
2836 3940 3035 3994 illustri
3065 3936 3302 3993 Antonio
3330 3936 3492 3991 Vioni

1924 4015 2254 4077 Herovallio,
2284 4011 2444 4080 cujus
2482 4009 2817 4066 indefessum
2855 4025 2955 4078 pro
2984 4025 3043 4064 re
3071 4009 3337 4080 litteraria
3367 4024 3496 4077 pru-

1920 4085 2187 4142 movenda
2215 4091 2269 4138 et
2306 4079 2407 4153 pro
2433 4080 2781 4136 demerendis
2812 4080 3071 4153 litteratis
3099 4079 3340 4153 studium
3376 4094 3496 4131 oui--

1916 4173 2017 4212 nes
2043 4156 2206 4224 hodie
2230 4149 2550 4224 praedicant,
2585 4166 2794 4224 omnes
2821 4151 3132 4224 _mirantur,
3172 4149 3324 4204 nulla
3361 4156 3495 4203 mtas

1918 4243 2030 4283 non
2053 4220 2351 4284 celebrabit
2378 4230 2540 4294 atque
2567 4220 2947 4278 demirabitur.
