3888 6192
293 332 433 389 M57
1352 329 1927 390 RECOGNITIONES.
1964 360 2033 372 —
2062 328 2281 385 APPEN
2290 330 2423 386 DlX.
3413 336 3551 393 “58

287 447 585 520 νηστείαις,
622 446 717 503 καὶ
748 450 860 513 τοῖς
894 449 1211 515 Σαϐδάτοις,
1248 452 1343 504 καὶ
1375 456 1495 519 ταῖς
1522 451 1821 522 Νεομηνίαι

2016 462 2207 515 orum;
2239 458 2292 503 et
2334 446 2583 503 absolute
2628 450 2880 504 renuntio
2910 452 3059 505 omni
3088 451 3440 507 Judaicorum
3476 454 3551 507 le-

287 541 384 595 καὶ
437 544 551 605 τοῖς
607 540 888 613 βρώμασι,
941 543 1035 595 καὶ
1087 547 1200 607 τοῖς
1246 528 1487 615 πόμασιν
1532 543 1726 597 αὐτῶν·
1776 558 1822 594 κι

2013 540 2286 593 itimorum
2317 547 2432 593 tum
2479 538 2639 606 mori,
2672 546 2787 594 tum
2839 542 3108 598 instituto.
3143 544 3224 597 Ad
3269 544 3383 598 hzec
3414 560 3548 598 ana-

286 635 475 699 ἁπλῶς
520 634 899 705 ἀποτάσσομαι
945 636 1109 689 παντὶ
1153 636 1455 690 Ἰουδαϊκῶν
1499 636 1745 707 νομίμων
1778 654 1821 688 κέ

2019 637 2213 685 ιθιιιιιιθ
2264 629 2404 685 ferio
2438 639 2492 686 et
2536 632 2771 687 haereses
2809 649 2931 703 qua:
2977 638 3117 704 apud
3157 632 3373 689 Judzcos
3404 636 3554 689 inve-

286 726 433 793 ἔθει,
468 727 563 781 καὶ
609 727 1019 799 ἐπιτηδεύματι·
1068 729 1173 782 καΥ
1210 730 1302 783 ἐπὶ
1344 728 1554 792 τούτοις
1599 730 1821 799 ἀναθεμι

2017 722 2225 785 iuntur,
2262 731 2316 776 et
2347 722 2495 791 ipsos
2526 722 2847 791 haereticos;
2896 724 3227 779 Saddueaees
3250 766 3265 787 ,
3297 725 3388 795 qui
3417 725 3552 796 justi

285 817 422 883 τίζω
453 818 551 883 τάς
584 818 735 890 παρά
780 819 1052 885 Ἰουδαίοις
1085 820 1325 893 αἱρέσεις
1371 822 1465 874 καὶ
1494 820 1622 883 τοὺς
1667 822 1820 891 αἱρετ

2015 819 2265 878 ocantur,
2300 814 2500 883 quique
2553 813 2817 884 Spiritum
2858 826 3104 871 sanctum
3152 818 3550 887 blasphemant,

288 911 437 975 κούς·
474 911 893 977 Σαδδουκαίους,
927 913 1052 976 τοὺς
1083 912 1405 984 λεγομένους
1436 912 1697 974 δικαίους,
1743 910 1823 962 οῖτ

2022 918 2321 963 iortuorum
2364 911 2825 965 resurrectionem
2870 911 3216 977 inﬁciantur,
3250 920 3413 982 atque
3457 931 3557 968 an-

288 1016 379 1065 νες
410 1002 471 1054 τὸ
496 1000 719 1073 Πνεῦμα
750 1002 812 1055 τὸ
858 1002 1011 1071 ἆγιον
1060 1001 1476 1073 βλασφημοῦσι,
1512 1002 1605 1054 καὶ
1635 1002 1735 1073 τὴν
1765 1000 1823 1053 τι]

2021 1002 2129 1057 eios
2162 1001 2450 1072 rejieiunt;
2484 1000 2814 1069 Pharisaeos,
2848 1012 3163 1075 segregatos
3192 1005 3282 1075 qui
3316 1008 3556 1062 secunda

287 1093 498 1165 νεκρῶν
530 1094 825 1149 ἀνάστασιν
858 1093 1128 1158 ἀθετοῦσι,
1164 1094 1258 1147 καὶ
1289 1095 1417 1158 τοὺς
1449 1093 1711 1163 ἀγγέλους
1743 1093 1822 1145 ἀπ

2023 1094 2253 1165 Lquinta
2292 1092 2428 1148 feria
2472 1094 2756 1164 jejunant,
2792 1096 3167 1166 virginitatem
3210 1113 3308 1167 per
3334 1098 3558 1154 dellnita

288 1185 593 1239 ϐάλλονται·
628 1186 975 1257 Φαρισαίους,
1008 1187 1135 1251 τοὺς
1166 1185 1581 1258 ἀφωρισμένους
1604 1226 1619 1250 ,
1653 1185 1701 1238 οἳ
1736 1201 1823 1238 και

2026 1200 2229 1254 :mpora
2262 1185 2546 1249 simulant,
2578 1194 2879 1255 posteaque
2907 1200 3123 1241 omnem
3166 1189 3385 1241 solvunt
3428 1204 3561 1241 con-

287 1278 546 1350 δευτέραν
591 1278 685 1332 καὶ
730 1278 959 1350 πέμπτῃ
1003 1278 1388 1349 νηστεύοντες,
1436 1278 1530 1331 καὶ⁸
1580 1275 1822 1349 παρθενί(

2029 1277 2288 1340 nentiam,
2328 1275 2497 1331 fatum
2525 1285 2707 1331 autem
2733 1276 3052 1347 praedicant,
3076 1286 3129 1333 et
3162 1286 3357 1331 vacant
3385 1289 3562 1333 astro-

288 1370 381 1423 ἐπὶ
428 1371 655 1441 καιροὺς
700 1369 1039 1441 ὡρισμένους
1088 1369 1541 1440 ὑποκρινόμενοι,
1587 1366 1823 1436 μετέπειπ

2028 1370 2171 1441 rgias;
2198 1369 2511 1437 Nazaraeos,
2559 1368 2943 1435 refractarios,
2974 1371 3067 1441 qui
3104 1372 3277 1441 legem
3317 1386 3345 1423 a
3379 1370 3563 1442 Moyse

287 1462 471 1516 λύουσι
500 1464 683 1517 πᾶσαν
709 1464 1034 1534 ἐγκράτειαν
1057 1501 1072 1525 ,
1099 1458 1380 1526 δοξάζουσι
1418 1460 1473 1514 δὲ
1503 1458 1822 1532 εἱμαρμένη·

2029 1478 2052 1519 e
2082 1462 2369 1519 sacrificiis
2399 1464 2565 1517 latam
2589 1479 2698 1519 non
2731 1463 3063 1528 admittunt,
3089 1463 3321 1533 ideoque
3352 1463 3564 1515 anima-

288 1555 383 1609 καὶ
427 1555 493 1625 τῇ
536 1553 863 1627 ἀστρολογίᾳ
912 1553 1262 1625 σχολάζουσι·
1311 1552 1697 1624 Νασαραίους,
1754 1553 1823 1604 τολ

2028 1571 2055 1611 s
2101 1555 2419 1619 abstinent,
2472 1570 2574 1610 nec
2622 1556 2890 1612 ullatenus
2934 1556 3283 1622 sacriﬁcant;
3323 1553 3563 1621 Ossaeos,

286 1644 714 1719 ἀφηνιαστάς,οἶ
738 1646 830 1699 τὸν
863 1646 992 1718 περὶ
1024 1644 1224 1699 θυσιῶν
1256 1644 1316 1698 οὐ
1358 1643 1755 1716 παραδέχονται
1786 1659 1821 1694 τι

2032 1647 2433 1712 rocacissimos,
2473 1647 2567 1718 qui
2619 1648 2739 1703 aliis
2781 1663 2811 1701 a
2856 1645 2996 1719 Lege
3042 1648 3343 1717 Seripturis
3372 1648 3477 1710 usi,
3510 1653 3567 1700 et

285 1737 530 1801 Μωσέως
552 1738 736 1809 νόμον,
756 1739 850 1793 καὶ
880 1737 967 1791 διὰ
985 1737 1143 1809 τοῦτο
1165 1736 1426 1809 ἐμψύχων
1450 1735 1767 1807 ἀπέχονται,
1787 1752 1820 1787 κ

2031 1737 2278 1807 lerosque
2324 1738 2715 1809 prophetarum
2756 1739 3095 1808 rejicientes,
3145 1738 3409 1809 magistro
3451 1738 3566 1809 glo-

284 1832 426 1896 δλως
477 1830 537 1884 οὐ
589 1806 794 1883 θύουσι·
844 1808 1160 1894 ὐσσᾶίους,
1201 1806 1347 1893 ’τδὺξ
1393 1806 1799 1900 ἰταμωτάτους,

2033 1835 2198 1883 antur
2239 1829 2482 1894 homine,
2522 1830 2612 1885 cui
2644 1846 2843 1885 nomen
2876 1830 3027 1884 Elxai
3053 1870 3067 1894 ,
3107 1830 3213 1884 hoc
3257 1837 3363 1894 est,
3400 1830 3564 1883 virtus

285 1926 527 1995 γραφαῖς
563 1922 779 1994 ἑτέραις
812 1920 960 1999 περά
992 1920 1085 1974 τὸν
1118 1921 1281 1993 νόμον
1312 1906 1607 1993 χρώμενοι,
1638 1921 1733 1977 καὶ
1750 1921 1820 1973 τοῖ

2027 1922 2313 1987 iscondita,
2341 1935 2504 1993 atque
2549 1938 2614 1977 ex
2646 1939 2843 1995 genere
2882 1923 3055 1993 ipsius
3094 1932 3244 1977 ortas
3286 1923 3562 1984 mulieres,

288 2013 512 2076 πλείους
557 2012 665 2066 τῶν
714 2010 1011 2083 προφητῶν
1050 2010 1511 2081 ἀποϐαλλόμενοι,
1558 2009 1823 2064 διδάσκαλε

2035 2016 2320 2072 arthonem
2354 2024 2408 2072 et
2433 2016 2773 2071 Martlianam
2797 2018 2963 2073 veluti
2987 2018 3118 2073 deas
3139 2019 3361 2085 colunt;
3396 2016 3569 2073 Hero--

284 2088 544 2174 αὐχοῦσιν
594 2102 879 2175 ἄνθρωπον
898 2144 913 2164 ,
970 2102 1158 2168 Ἦλξατ
1211 2102 1544 2173 καλούμενον
1563 2142 1578 2167 ,
1635 2102 1732 2154 εἴτ’
1786 2102 1819 2154 ο*

2030 2123 2195 2173 ,anos,
2223 2110 2315 2179 qui
2346 2109 2707 2179 alienigenam
2733 2124 2912 2179 regem
2935 2107 3246 2165 Judarorum
3271 2108 3565 2171 Herodem,

285 2193 546 2264 δύναμιν
573 2194 1056 2264 κεκωλυμμένην,
1089 2195 1186 2248 καὶ
1207 2192 1439 2265 Μαρθὼ,
1464 2194 1558 2249 καὶ
1580 2192 1820 2265 Μαρθάν·

2040 2199 2322 2257 vermibus
2352 2215 2601 2265 exesum,
2634 2208 2897 2272 tanquam
2926 2201 3207 2258 Christum
3237 2202 3516 2257 celebrant
3544 2220 3558 2268 ;

283 2285 386 2349 τὰς
427 2286 535 2341 ἀπὸ
577 2287 670 2339 τοῦ
720 2287 912 2355 γένους
958 2286 1124 2340 αὑτοῦ
1171 2286 1590 2358 καταγομένας,
1639 2284 1716 2348 ὼς
1751 2285 1818 2338 θει

2033 2291 2483 2361 emerobaptistas
2505 2332 2519 2357 ,
2549 2293 2643 2362 qui
2686 2293 2877 2347 eadem
2918 2294 3218 2348 sentientes
3265 2309 3390 2347 eum
3423 2292 3568 2348 Pha-

284 2379 539 2449 τιμῶσιν·
583 2380 966 2453 Ἦρωδιανοὺς,
1007 2381 1065 2434 οἵ
1096 2398 1241 2444 τινες
1277 2380 1367 2433 τὸν
1396 2379 1693 2448 ἀλλόφυλον
1722 2377 1819 2448 βασ

2033 2383 2180 2449 διεὶς,
2216 2394 2477 2453 prmterea
2513 2384 2731 2450 docent,
2757 2388 3032 2440 neminem
3056 2387 3267 2441 salvum
3297 2386 3412 2441 ﬁeri
3436 2403 3568 2458 pos-

284 2471 383 2526 λέα
414 2473 523 2527 τῶν
567 2474 855 2537 Ἰουδαίων,
889 2473 1134 2545 Ἡρώδην
1162 2474 1253 2527 τὸν
1291 2472 1772 2544 σκωληκόϐρωτον,
1805 2490 1819 2524 ι

2031 2492 2061 2541 ε,
2094 2476 2201 2531 nisi
2233 2476 2478 2546 quotidie
2504 2477 2648 2533 lavet
2684 2495 2696 2530 :
2730 2477 2958 2533 Seribas
2990 2495 3084 2534 seu
3128 2478 3265 2549 legis
3290 2477 3566 2545 doctores,

283 2568 523 2640 Χριστὸν
564 2570 912 2635 δοξάζουσιν·
960 2570 1509 2643 Ἡμεροϐαπτιστάς,
1554 2570 1603 2623 οἳ
1634 2568 1704 2622 τά
1739 2568 1818 2622 αύ¹

2036 2569 2075 2622 ii
2106 2584 2216 2622 non
2244 2568 2490 2623 contenti
2530 2569 2685 2637 juxta
2739 2569 2916 2641 legem
2948 2571 3159 2635 vivere,
3193 2572 3290 2626 sed
3326 2574 3571 2629 volentes

285 2645 607 2734 φρονοῦντες
639 2668 751 2730 τοῖς
783 2666 1116 2739 Φαρισαίοις,
1138 2663 1522 2737 δογματίζουσι
1552 2662 1693 2717 κατά
1713 2679 1819 2735 προ

2043 2676 2138 2715 ura
2168 2660 2349 2716 facere
2379 2675 2543 2731 quam
2574 2661 2667 2714 illa
2710 2662 3031 2732 praescribat
3050 2703 3064 2727 ,
3101 2662 3454 2720 intinctiones
3484 2681 3572 2720 ur-

284 2753 459 2826 θήκην
508 2755 570 2810 τδ
623 2756 696 2828 μὴ
747 2758 1006 2813 δύνασθαι
1039 2757 1323 2830 ἄνθρωπον
1364 2756 1639 2828 σωθῆναι,
1674 2756 1769 2810 ἐάν
1805 2772 1819 2827 ι

2036 2768 2241 2814 :orum.
2273 2753 2507 2808 calicum
2530 2792 2545 2817 ,
2580 2752 2857 2808 discorum
2903 2769 2967 2809 ac
3024 2756 3247 2826 reliquae
3335 2757 3571 2827 supelle-

285 2844 410 2898 καθ’
456 2846 693 2916 ἑκάστην
739 2847 953 2920 ἡμέραν
989 2847 1330 2918 βαπτίζεται·
1376 2847 1733 2919 Γραμματεῖς
1762 2846 1820 2918 ῆι

2042 2846 2129 2901 ilis
2165 2845 2499 2916 excogitant,
2533 2845 2806 2917 simulque
2834 2861 3030 2903 manus
3076 2846 3393 2917 frequenter
3422 2850 3571 2903 lava-

282 2936 802 3007 νομοδιδασκάλους,
870 2938 920 2993 οἳ
989 2939 1065 3010 μὴ
1106 2938 1349 3005 θέλοντες
1394 2938 1536 2993 κατά
1581 2940 1672 2993 τὸν
1719 2941 1817 3009 νόμ

2037 2957 2062 3001 ι,
2094 2945 2149 2993 et
2188 2953 2321 2993 vasa
2353 2939 2597 3003 abluere,
2636 2948 2802 3009 atque
2848 2941 3073 2995 omnino
3104 2943 3291 2996 multis
3320 2942 3572 2996 traditio-

284 3027 405 3100 ζῇν,
441 3029 577 3083 ἀλλά
610 3030 954 3103 περισσεύειν
992 3031 1178 3096 αὐτοῦ,
1207 3030 1411 3099 ξεστῶν
1450 3032 1545 3085 καὶ
1585 3031 1819 3103 ποτηρίω

2041 3028 2145 3083 bus
2177 3029 2294 3083 suis
2335 3029 2403 3082 ad
2467 3025 2643 3098 legem
2674 3029 2898 3094 additis,
2931 3045 3025 3084 eas
3063 3032 3337 3100 appellant
3375 3031 3572 3087 Deute-

284 3121 383 3174 καὶ
417 3122 695 3189 πινάκων,
743 3124 837 3177 καὶ
884 3123 995 3177 τῶν
1028 3124 1205 3178 ἄλλων
1252 3123 1462 3177 σκευῶν
1514 3124 1819 3195 βαπτισμοὺ

2033 3136 2161 3186 ises,
2194 3122 2351 3191 quasi
2375 3121 2647 3177 secundas
2689 3121 2784 3176 Dei
2824 3123 3225 3193 legislationes;
3251 3132 3305 3179 et
3337 3126 3568 3195 primam

285 3212 381 3265 xui.
404 3217 633 3287 πυγμῇ·
661 3178 761 3280 τὰς
794 3218 981 3287 χεῖρας
997 3217 1207 3269 νίπτειν
1235 3217 1328 3269 καὶ
1358 3216 1427 3268 τά
1463 3178 1630 3287 σκεύη
1662 3178 1820 3269 πλύνε

2036 3214 2205 3269 uidem
2248 3213 2388 3267 falso
2422 3213 2668 3269 referunt
2697 3214 2764 3269 ad
2796 3214 3057 3287 Moysem,
3105 3217 3399 3271 secundam
3443 3234 3571 3273 vero

283 3305 592 3373 ἐπινοοῦσι,
640 3309 734 3361 καὶ
780 3308 964 3373 ἀπλῶς
1007 3308 1207 3372 πολλὰς
1257 3308 1588 3378 παραδόσεις
1634 3306 1818 3370 ίδίαςιι

2034 3304 2054 3358 1
2082 3302 2257 3359 Rabbi
2285 3303 2539 3369 Akibam,
2572 3307 2791 3360 tertiam
2839 3307 2906 3361 ad
2938 3306 3150 3361 Annam
3182 3308 3275 3377 qui
3316 3319 3368 3363 et
3399 3307 3569 3365 Judas

284 3398 436 3470 νόμῳ
481 3401 900 3472 προστιθέντες,
946 3401 1311 3473 Δευτερώσεις
1356 3401 1558 3465 ταύτας
1602 3400 1819 3454 καλοῦσι

2035 3396 2205 3463 icitur,
2256 3407 2509 3468 quartam
2558 3405 2740 3453 autem
2788 3399 2856 3454 ad
2904 3399 3208 3455 Asamonaei
3262 3400 3424 3466 ﬁlios,
3476 3403 3570 3472 qui

284 3484 399 3544 οἷον
432 3492 693 3567 δευτέρας
725 3495 861 3550 Θεοῦ
894 3496 1235 3567 νομοθεσίας,
1268 3496 1365 3551 καὶ
1391 3496 1490 3565 τὴν
1524 3495 1622 3565 μὲν
1656 3492 1819 3566 πρώτ·

2037 3487 2149 3541 iam
2184 3486 2483 3543 Sabbatum
2508 3489 2563 3542 iu
2594 3488 2798 3558 praeliis
2827 3489 3120 3546 violarunt.
3149 3490 3256 3547 llas
3293 3507 3423 3562 ergo
3445 3508 3572 3547 ana-

284 3583 495 3653 ψευδῶς
520 3587 884 3661 ἀναφέρουσιν
906 3591 985 3653 είς
1017 3589 1109 3642 τὸν
1141 3588 1368 3654 Μωσια,
1404 3588 1500 3660 τὴν
1532 3588 1589 3641 δὲ
1620 3586 1819 3656 δευτέρ‹

2038 3579 2352 3634 ιειιιιιῑίῑιιιιε
2389 3577 2651 3635 Judaicas
2688 3594 2879 3634 omnes
2926 3580 3164 3636 haereses
3198 3590 3252 3636 et
3286 3582 3573 3639 haeresiar-

285 3677 367 3740 είς
411 3677 502 3733 τὸν
547 3679 740 3734 Ῥα66ὶ
782 3683 1036 3747 Ἀκιόᾶν,
1084 3681 1182 3753 τὴν
1229 3681 1286 3735 δὲ
1326 3680 1519 3753 τρίτην
1571 3680 1650 3743 εἰς
1689 3678 1820 3731 ’Λννι

2037 3687 2135 3740 ias,
2166 3674 2405 3742 itemque
2432 3670 2762 3727 Deuteroses
2800 3687 2926 3726 eum
2963 3670 3310 3743 Deuterotis,
3342 3676 3572 3731 anathe-

284 3769 377 3823 τὸν
415 3772 511 3824 καὶ
547 3772 770 3839 Ἰούδαν,
800 3774 899 3846 τὴν
928 3775 986 3829 δέ
1020 3774 1288 3847 τετάρτην
1329 3776 1411 3837 εἰς
1442 3774 1569 3836 τοὺς
1596 3772 1819 3842 Νασαμι

2039 3764 2180 3819 atizo
2222 3779 2347 3819 cum
2382 3762 2491 3818 illis
2523 3762 2689 3816 etiam
2721 3777 2817 3818 eos
2846 3763 2941 3834 qui
2984 3763 3182 3819 festum
3216 3766 3393 3821 vocati
3428 3764 3573 3820 Mar-

286 3861 439 3915 ναίου
466 3862 576 3938 (68)
613 3867 781 3932 υἱοὺς,
816 3868 873 3921 οἵ
913 3886 1058 3932 τινες
1105 3870 1199 3923 xui.
1246 3868 1307 3922 τὸ
1350 3868 1625 3922 Σάϐϐατω
1664 3868 1723 3920 ἐν
1764 3881 1821 3918 το

2037 3856 2189 3911 ιοιιιιξί
2227 3855 2505 3911 celebrant
2547 3854 2615 3908 ad
2660 3854 2895 3926 primum
2932 3852 3230 3909 Sabbatum
3272 3855 3572 3913 Christiani

286 3953 547 4025 πολέμοις
597 3956 888 4029 ἠθέτησαν.
939 3957 1155 4024 Ταύτας
1195 3954 1289 4013 οῦν
1334 3952 1746 4029 ἀναθεματίζων
1776 3973 1821 4009 τε

2035 3947 2210 4016 junii;
2243 3953 2298 4000 et
2351 3947 2539 4016 utique
2588 3946 2737 4016 ligno
2786 3945 3047 4001 Amanem
3081 3948 3251 4002 clavis
3305 3946 3570 4019 afligunt,

299 4045 599 4113 ’κυδαῖκάς
647 4050 828 4115 πάσας
878 4050 1153 4123 αἱρέσεις,
1202 4050 1452 4115 καὶτοὺς
1498 4049 1834 4122 αίρεσιάρχας

2041 4040 2180 4095 ainde
2209 4040 2259 4095 ei
2302 4041 2535 4094 miscent
2578 4038 2761 4094 erucis
2792 4038 3042 4109 signum,
3085 4055 3301 4109 unaque
3346 4041 3576 4096 conibu-

287 4139 384 4193 καὶ
416 4139 515 4205 τὰς
546 4142 912 4215 Δευτερώσεις
933 4184 949 4204 .
992 4145 1087 4199 καὶ
1118 4144 1244 4208 τοὺς
1276 4141 1644 4214 Δευτερωτάς,
1680 4139 1822 4194 ἀναθι

2035 4138 2134 4195 mt,
2168 4145 2232 4184 ae
2260 4130 2441 4185 omnis
2477 4129 2693 4200 generis
2727 4128 3217 4198 imprecationibus
3256 4137 3312 4185 et
3340 4132 3570 4187 anathe-

292 4230 508 4297 ματίςω
540 4231 679 4303 μετά
710 4234 914 4289 τούτων
948 4236 1043 4289 καὶ
1072 4236 1199 4299 τοὺς
1231 4235 1330 4306 τὴν
1362 4234 1555 4306 ἐορτὴν
1585 4232 1827 4285 τελοῦντι

1292 4254 1330 4306 ιν
1362 4234 1555 4306 ἐορτὴν
1585 4232 1872 4293 τελοῦντας
1979 4224 2113 4278 mati
2142 4221 2485 4278 Christianos
2509 4221 2827 4291 subjiciunt.

286 4320 383 4374 τοῦ
440 4322 735 4396 λεγομένου
787 4326 1133 4401 Μαρδοχαίου
1181 4326 1321 4381 κατὰ
1381 4326 1441 4380 τὸ
1495 4325 1711 4396 πρῶτον
1756 4319 2036 4375 Σάϐϐατόν
2081 4314 2190 4369 τῶν
2237 4314 2640 4385 Χριστιανικῶν
2698 4316 2995 4385 νηστειῶν,
3046 4316 3140 4370 καὶ
3215 4311 3357 4385 ξύλῳ
3402 4313 3562 4386 δῆθεν

283 4409 379 4462 τὸν
413 4412 583 4485 ’Δμᾶν
629 4416 1069 4489 προσηλοῦντας,
1134 4413 1253 4472 εἶτα
1314 4417 1610 4489 μιγνύντας
1667 4411 1815 4483 αὐτῷ
1856 4410 1917 4464 τὸ
1968 4404 2206 4477 σταυροῦ
2250 4409 2508 4479 σημεῖον,
2558 4406 2652 4460 καὶ
2702 4410 3238 4477 συγκατακαίοντας,
3287 4409 3454 4481 ἀραῖς
3502 4426 3563 4462 τε

285 4507 571 4573 παντοίαις
626 4509 722 4562 καὶ
753 4508 1055 4581 ἀναθέματι
1085 4512 1209 4574 τοὺς
1238 4509 1601 4581 Χριστιανοὺς
1634 4504 2057 4563 ὑποϐάλλοντας.

370 4597 778 4671 Ἀναθεματίζω
822 4602 959 4675 πρὸς
996 4607 1109 4667 τοῖς
1145 4604 1416 4669 παλαιοῖς,
1455 4599 1876 4675 Ἀρχιραὸὅίτας

2061 4594 2127 4650 ll.
2172 4590 2589 4646 Anathematizo
2628 4600 2827 4662 praeter
2876 4602 3122 4658 veteres,
3155 4593 3571 4650 Arehirabbitas

286 4690 384 4746 καὶ
410 4692 538 4756 τοὺς
571 4692 727 4757 νέους
766 4693 877 4747 τῶν
922 4693 1188 4748 Ἰουδαίων
1218 4692 1729 4756 κακοδιδασκάλους,
1761 4691 1821 4745 Λ(

2036 4701 2203 4758 ioque
2238 4692 2293 4740 et
2322 4698 2494 4739 novos
2522 4682 2835 4740 Iudaeorum
2870 4688 3041 4742 malos
3079 4686 3368 4755 dOi-tores;
3401 4686 3571 4742 Laza-

287 4780 454 4853 ζαρόν
510 4798 673 4853 φημι,
707 4782 796 4836 τὸν
829 4784 927 4854 τὴν
959 4782 1195 4855 ἄθεσμον
1229 4783 1419 4855 ἐορτὴν
1458 4782 1746 4854 ἐξευρόντα
1775 4780 1822 4833 τί

2036 4794 2129 4846 tm,
2158 4777 2404 4846 inquam,
2438 4772 2778 4830 inventorem
2830 4774 3027 4829 nefarii
3081 4775 3207 4830 festi
3248 4774 3395 4846 quod
3428 4776 3570 4846 apud

285 4870 584 4943 λεγομένης
609 4875 740 4945 παρ’
765 4874 949 4938 αὐτοῖς
970 4874 1383 4946 Μονοποδαρίας
1410 4874 1541 4945 (69),
1569 4875 1661 4927 καὶ
1689 4873 1820 4927 ἸΙλίι

2035 4871 2109 4924 los
2162 4866 2469 4938 appellatur
2514 4864 2936 4936 Monopodaria;
2992 4866 3121 4920 item
3171 4865 3343 4919 Eliam
3395 4864 3473 4919 illi
3514 4866 3570 4921 in

284 4960 379 5014 τὸν
415 4963 626 5017 ἐκείνου
666 4962 809 5019 κατά
845 4964 946 5035 τὴν
983 4964 1299 5018 δυσσέϐειαν
1335 4965 1435 5017 οὐκ
1468 4963 1743 5039 ἐλάττονα,
1779 4962 1819 5014 Β

2036 4963 2268 5034 npietate
2298 4959 2613 5015 nullatenus
2643 4957 2922 5014 cedentem
2951 4976 2966 5025 ;
3010 4957 3390 5028 Benjaminum
3423 4960 3571 5028 pari--

285 5054 474 5124 νιαμίν
500 5071 561 5107 τε
594 5056 689 5109 καὶ
716 5056 1019 5120 Ζεϐεδαῖον,
1045 5057 1139 5110 καὶ
1183 5056 1500 5128 ’Λὸράμιον,
1532 5038 1626 5110 κᾶι
1658 5056 1820 5126 Συμϐι

2034 5071 2068 5109 :r
2114 5070 2177 5108 ac
2230 5052 2574 5116 Zebedaaum,
2622 5050 2976 5113 Abramium,
3025 5050 3401 5121 Symbatium,
3442 5051 3569 5105 reli-

285 5162 423 5211 τιον,
458 5146 556 5201 καὶ
587 5148 714 5211 τοὺς
737 5148 979 5213 λοιπούς.
1009 5150 1120 5203 Καὶ
1154 5151 1249 5204 ἐπὶ
1280 5152 1412 5203 πᾶσι
1439 5150 1648 5214 τούτοις
1683 5150 1816 5203 ἀναθ

2034 5161 2252 5217 mosque.
2285 5145 2367 5198 Ad
2399 5146 2514 5199 inec
2551 5143 2733 5197 omnia
2786 5144 3075 5198 anathema
3104 5152 3158 5198 et
3186 5143 3569 5198 eatanathema

292 5238 540 5311 ματίξω,
584 5240 680 5291 καὶ
730 5240 1220 5311 καταναθεματίξω
1262 5241 1355 5294 τὸν
1404 5241 1553 5313 παρά
1597 5242 1704 5294 τῶν
1752 5242 1827 5295 Ἰο·

2033 5238 2279 5293 renuntio
2308 5237 2363 5290 in
2391 5252 2514 5291 eum
2548 5236 2641 5306 qui
2681 5250 2710 5289 a
2752 5234 2958 5291 Judzcis
3003 5243 3292 5301 venturus,
3324 5243 3385 5290 ut
3406 5232 3568 5288 Chrin

284 5330 452 5384 δαίων
477 5329 924 5403 προσδοκώμενον
946 5332 1025 5397 ώς·
1048 5332 1283 5403 Χριστὸν
1307 5332 1622 5386 ἐλεύσεσθαι
1642 5334 1819 5387 Μεσία

2038 5348 2100 5386 us
2129 5338 2503 5401 exspectatur,
2538 5328 2792 5385 Messian:
2816 5344 2913 5383 seu
2937 5336 3194 5396 unctum,
3228 5328 3401 5399 magis
3431 5342 3566 5382 vero

287 5422 386 5476 εἶτ’
435 5418 527 5477 οὖν
570 5424 899 5496 εἰλημμένον
944 5424 1087 5497 (70),
1136 5406 1339 5496 μᾶλλον
1380 5426 1441 5479 ’δὲ
1487 5427 1822 5499 Ἀντίχριστο

2030 5423 2415 5479 nti-Christum
2448 5442 2461 5477 :
2495 5429 2549 5477 et
2592 5420 2916 5476 renuntians
2964 5421 3044 5485 ei,
3088 5436 3174 5475 me
3221 5419 3447 5475 confero
3497 5419 3565 5475 ad

288 5513 383 5567 καὶ
429 5514 869 5586 άποτασσόμενος
910 5514 1058 5586 αὐτῷ
1106 5518 1474 5587 συντάσσομαι
1522 5516 1599 5587 τῷ
1641 5517 1823 5589 ἀληθιν

2032 5538 2168 5577 :rum
2198 5524 2486 5592 solumque
2514 5518 2791 5578 Christum
2833 5535 2896 5573 ac
2929 5517 3119 5574 Deum.
3155 5518 3333 5575 Credo
3364 5520 3421 5573 in
3462 5514 3567 5573 Pa.

385 5712 453 5766 68
503 5715 735 5784 Νασαμ.
768 5714 843 5769 Le
886 5756 897 5767 .
942 5715 1137 5787 Ἀσαμ.
1170 5715 1376 5774 Corn.

362 5711 474 5856 £69;
501 5784 797 5841 Μονυποδ.
828 5731 987 5843 Egone
1016 5786 1164 5856 quod
1190 5806 1354 5856 super
1386 5805 1496 5846 uno
1530 5790 1667 5856 pede
1705 5791 1871 5847 salta-

1978 5728 2122 5777 rent.
2161 5719 2256 5775 Vel
2289 5735 2319 5774 a
2341 5720 2547 5776 mensis
2577 5720 2938 5791 monopodiis.
2968 5718 3043 5772 lo.

1530 5790 1667 5856 pede
1705 5791 1871 5847 sal’ta-
2052 5790 2163 5856 (70)
2190 5790 2583 5856 Εἱλτυιμένον.
2608 5790 2737 5856 Leg.
2766 5790 3043 5856 ἡλειμμένι

386 5782 474 5856 69)
501 5782 797 5841 Μονυέτοδ.
828 5782 987 5843 Forte
1016 5782 1164 5858 quod
1190 5806 1354 5861 super
1386 5805 1496 5846 uno
1530 5790 1667 5863 pede
1705 5791 1871 5847 salta-

1705 5791 1871 5847 sal'la-
2052 5790 2163 5863 (70)
2190 5794 2238 5847 Ε
2242 5790 2583 5861 ὶιίτυιμένον.
2608 5782 2878 5864 [reg-ﬁla:
2886 5808 2923 5862 μ
2931 5790 3106 5862 μένον.
3129 5788 3203 5845 lo.
