3888 6192
423 288 558 348 1450

1301 295 1359 354 S.
1398 294 1791 353 CLEMENTIS
1824 295 1849 353 ι
1883 294 2051 356 ROM.
2091 298 2297 361 PONT.
2336 299 2568 360 OPERA
2602 299 2831 360 DUBIA.

3512 310 3623 368 ιιθο

421 410 581 467 trem,
614 398 813 459 Filium
848 411 903 461 et
945 402 1211 476 Spiritum
1234 416 1483 462 sanctum
1508 449 1523 473 ,
1555 418 1825 474 sanctam,
1858 422 1994 464 con-

2095 411 2191 466 καὶ
2225 412 2371 485 μόνῳ
2393 412 2615 490 Χριστῷ
2648 414 2743 468 καὶ
2771 412 2911 485 Θεῷ,
2937 412 3049 468 Καὶ
3083 413 3326 473 πιστεύω
3351 417 3423 481 είς
3448 418 3626 490 Πατέρα

416 494 840 552 substantialem
868 505 924 553 et
968 496 1307 553 individuam
1337 497 1687 557 Trinitatem.
1719 499 1998 557 Conﬁteor

414 588 856 644 lncarnationem
898 596 953 644 et
1002 590 1069 645 ad
1115 590 1367 647 homines
1419 591 1714 648 adventum
1750 595 1916 650 unius
1966 611 1999 652 c

413 689 608 737 sancta
646 679 938 749 Trinitate,
980 682 1192 738 scilicet
1246 682 1370 738 Filii
1425 686 1693 757 unigeniti
1742 702 1808 741 ac
1833 687 1997 745 Verbi

412 771 533 840 Dei,
565 789 595 827 a
643 771 807 829 Patre
850 782 977 831 ante
1024 777 1207 830 omnia
1240 778 1441 835 saecula
1491 779 1684 849 geniti,
1715 796 1812 851 per
1834 796 1997 852 quem

412 868 596 924 omnia
632 868 775 922 facta
812 877 943 924 sunt
978 883 1141 923 zeum
1178 869 1347 925 credo
1384 884 1509 926 esse
1557 870 1810 927 Messiam
1840 873 1933 943 qui
1963 888 1994 927 a

412 961 554 1034 Lege
575 969 628 1017 et
659 961 941 1033 prophetis
970 962 1266 1034 praedictus
1295 963 1433 1027 fuit;
1469 972 1791 1036 certumque
1822 965 1997 1022 habeo

410 1054 557 1126 quod
584 1055 697 1123 jam
727 1054 782 1108 in
818 1061 1019 1109 terram
1051 1055 1264 1111 venerit
1305 1064 1529 1127 propter
1571 1056 1794 1113 humani
1833 1074 1997 1129 gene-

409 1148 489 1204 ris
518 1148 789 1213 salutem;
813 1146 960 1217 quod
988 1163 1115 1203 vere
1144 1147 1325 1204 tactus
1356 1148 1428 1205 sit
1463 1149 1649 1214 homo,
1681 1165 1782 1206 nec
1812 1158 1995 1207 tamen

408 1255 440 1295 a
490 1240 710 1311 propria
756 1238 1043 1296 divinitate
1092 1241 1427 1309 excesserit;
1480 1241 1628 1313 quod
1673 1243 1816 1299 idem
1868 1259 1995 1300 vere

407 1331 554 1388 Deus
585 1332 677 1397 sit,
714 1347 779 1386 ac
807 1348 935 1388 vere
964 1333 1150 1398 homo,
1185 1334 1394 1404 absque
1433 1333 1779 1399 confusione,
1814 1344 1994 1390 muta-

407 1424 555 1479 tione
592 1432 646 1479 et
675 1424 1018 1488 alteratione,
1058 1425 1114 1479 in
1158 1440 1266 1480 una
1302 1440 1536 1496 persona
1566 1436 1621 1481 et
1650 1426 1867 1484 duabus
1894 1443 1994 1482 na-

405 1516 585 1583 turis;
628 1516 886 1587 quodque
932 1525 1130 1586 sponte
1179 1529 1380 1572 cuncta
1438 1534 1634 1589 passus
1684 1519 1879 1585 fuerit,
1938 1528 1992 1576 et

406 1622 573 1664 carne
601 1609 921 1675 cruciﬁxus,
944 1608 1232 1665 divinitate
1262 1611 1584 1681 impassibili
1614 1621 1988 1683 permanente.

404 1700 653 1770 sepultus
682 1700 867 1764 fuerit,
895 1716 960 1756 ac
991 1701 1150 1756 tertia
1175 1701 1265 1757 die
1296 1704 1678 1768 resurrexerit,
1712 1714 1902 1774 postea
1934 1706 1990 1760 iu

403 1791 604 1846 caelum
633 1793 964 1856 ascenderit,
997 1800 1372 1863 venturusque
1399 1795 1471 1849 sit
1503 1795 1558 1849 in
1580 1796 1783 1867 'gloria,
1814 1805 1875 1850 ut
1900 1795 1991 1867 ju-

404 1879 551 1937 dicet
582 1884 734 1939 vivos
760 1895 813 1940 et
834 1895 1103 1943 mortuos.
1135 1885 1313 1943 Credo
1344 1902 1407 1942 ac
1434 1887 1712 1958 proﬁteor,
1743 1897 1991 1945 sanctam

402 1973 669 2043 virginem
702 1975 951 2043 Mariam,
981 1993 1103 2049 qua:
1128 1979 1431 2035 secundum
1457 1995 1679 2037 carnem
1710 1981 1863 2036 illum
1898 1998 1993 2053 pe-

401 2065 568 2137 perit,
599 2074 655 2121 et
685 2075 809 2137 post
838 2077 1055 2139 partum
1088 2071 1243 2144 virgo
1273 2072 1595 2144 permansit,
1621 2089 1749 2130 vere
1772 2089 1838 2129 ac
1862 2090 1993 2145 pro-

403 2159 522 2231 prie
562 2173 684 2214 esse
732 2158 827 2216 Dei
870 2162 1218 2233 genitricem,
1264 2179 1497 2236 eamque
1534 2180 1767 2221 veneror
1807 2173 1862 2221 et
1890 2166 1992 2223 ho-

402 2265 541 2307 noro
564 2260 822 2323 tanquam
870 2270 997 2310 vere
1040 2263 1268 2311 matrem
1310 2256 1404 2312 Dei
1435 2258 1726 2325 iucarnati,
1758 2256 1990 2330 ideoque

402 2341 677 2397 dominam
709 2351 763 2399 et
792 2345 977 2401 heram
1008 2347 1066 2402 in
1093 2349 1272 2419 gratia
1302 2349 1503 2405 factam
1536 2350 1805 2406 universae
1834 2366 1989 2406 crea-

400 2440 559 2489 turae.
578 2434 770 2490 Adhuc
787 2452 981 2507 panem
1014 2446 1068 2495 et
1098 2441 1305 2505 vinum,
1326 2457 1447 2512 quae
1470 2441 1612 2512 apud
1639 2441 1988 2501 Christianos

401 2526 633 2596 mystice
662 2539 1081 2597 consecrantur,
1110 2532 1567 2602 quemadmodum
1592 2534 1649 2590 in
1668 2533 1866 2591 divinis
1897 2551 1988 2592 sa.-

400 2617 513 2674 cris
548 2628 808 2685 sumunt,
840 2630 1027 2678 certus
1064 2638 1209 2691 sum,
1239 2624 1527 2691 conﬁteor,
1558 2625 1724 2682 credo
1749 2642 1873 2682 esse
1901 2643 1988 2683 re-

402 2723 531 2763 vera
581 2725 784 2780 corpus
828 2722 883 2768 et
925 2714 1245 2784 sanguinem
1297 2714 1513 2772 Domini
1563 2716 1692 2773 Jesu
1740 2718 1984 2787 Christi,

401 2806 769 2858 transmutata
813 2820 909 2877 per
956 2804 1197 2861 divinam
1239 2807 1387 2863 illius
1428 2809 1727 2879 potentiam
1773 2810 1987 2867 intelle-

400 2892 656 2948 ctualiter
699 2902 755 2950 et
793 2895 1144 2954 invisibiliter
1196 2914 1364 2970 super
1409 2916 1626 2957 omnem
1676 2905 1984 2962 naturalem

399 2984 809 3056 cogitationem,
839 2989 1298 3059 quemadmodum
1331 2992 1483 3048 solus
1510 2994 1627 3064 ipse
1657 2996 1845 3064 novit;
1875 2996 1985 3052 sic-

2101 505 2196 559 καὶ
2228 505 2355 559 Υίδν
2378 508 2473 560 καὶ
2502 488 2661 575 ἀγιον
2692 505 2945 578 Πνεῦμα,
2967 506 3067 578 τὴν
3087 508 3251 576 ἀγίαν
3278 510 3366 563 καὶ
3392 488 3629 580 ὁμοούσιον

2099 592 2195 646 καὶ
2238 592 2538 665 ἀχώριστον
2570 595 2795 667 Τριάδα.
2838 596 2950 649 Καὶ
2989 596 3090 668 τὴν
3134 598 3427 671 Ἐνσαρκον
3463 602 3629 654 οἰκονο-

2101 684 2252 755 μίαν,
2280 684 2373 738 καὶ
2408 684 2546 756 πρὸς
2584 684 2905 757 ἀνθρώπους
2936 688 3231 759 ἐπιδημίαν
3266 689 3518 759 ὁμολογῶν
3552 690 3629 743 τοῦ

2096 775 2195 846 τῆς
2235 775 2395 846 ἀγίας
2427 776 2655 847 Τριάδος
2695 777 2846 845 ἐνὸς,
2891 778 2985 833 τοῦ
3039 780 3359 851 μονογενοῦς
3399 781 3515 835 Υίοῦ
3556 784 3632 835 καὶ

2096 866 2271 937 Λόγου
2314 868 2409 921 τοῦ
2448 869 2606 935 Θεοῦ,
2642 869 2737 924 τοῦ
2778 873 2844 924 ἐκ
2888 871 3102 943 Πατρὸς
3147 871 3252 944 πρὸ
3302 874 3503 927 πάντων
3545 875 3634 930 τῶν

2095 955 2306 1014 αίὼνων
2337 960 2705 1033 γεννηθέντος,
2738 962 2807 1016 δι’
2838 954 2901 1021 οῦ
2931 962 3001 1016 τά
3033 963 3213 1024 πάντα
3249 964 3472 1033 ἐγένετο,
3502 966 3634 1020 αὑτὸν

2097 1048 2362 1123 ὑπάρχειν
2405 1054 2645 1109 πιστεύω
2701 1055 2794 1108 τὸν
2848 1053 2999 1126 παρά
3048 1054 3145 1109 τοῦ
3201 1057 3363 1128 νόμου
3412 1058 3497 1111 καί⁵
3540 1058 3631 1111 τῶν

2096 1140 2393 1212 προφητῶν
2425 1145 2877 1217 προκηρυχθέντα
2902 1148 3135 1201 Μεσίανο
3158 1147 3218 1201 δν
3250 1148 3344 1202 καὶ
3371 1148 3467 1219 ῆδη
3490 1148 3635 1203 ἐλθεῖν

2095 1233 2187 1286 ἐπὶ
2216 1232 2320 1303 γῆς
2352 1233 2833 1309 πληῳφοροῦμαι,
2869 1238 2959 1297 διὰ
3001 1239 3099 1312 τὴν
3139 1240 3403 1311 σωτηρίαν
3436 1240 3521 1294 τοῦ
3562 1243 3638 1295 ἀν-

2095 1321 2366 1396 θρωπίνου
2398 1328 2608 1395 γένους,
2656 1331 2752 1384 καὶ
2799 1331 3053 1400 γενέσθαι
3103 1331 3245 1387 κατά
3290 1332 3529 1403 ἀλήθειαν
3560 1334 3635 1391 άν-

2094 1416 2331 1489 θρωπον,
2364 1418 2439 1490 μὴ
2485 1422 2754 1476 ἐκστάντα
2795 1423 2895 1493 τῆς
2927 1424 3135 1488 οἰκείας
3167 1424 3433 1497 θεότητος,
3462 1426 3545 1479 καὶ
3570 1423 3635 1478 εί-

2093 1525 2183 1561 ναι
2212 1509 2305 1563 τὸν
2348 1513 2512 1566 αὑτὸν
2542 1512 2675 1567 Θεὸν
2714 1514 2952 1587 ἀληθῶς,
2986 1517 3082 1573 καὶ
3122 1516 3406 1589 ἄνθρωπον
3435 1518 3633 1589 ἀληθῶς,

2092 1602 2432 1674 ἀσυγχύτως,
2450 1604 2738 1676 ἀτρέπτως
2769 1608 2865 1662 καὶ
2889 1608 3282 1675 ἀναλλοιώτως,
3308 1613 3364 1664 ἐν
3381 1610 3637 1663 ὑποστάσει

2096 1692 2195 1761 μιᾷ
2223 1693 2316 1746 καὶ
2339 1692 2463 1751 δυσὶ
2482 1694 2729 1763 φύσεσιν,
2759 1696 3023 1762 ἑκουσίως
3046 1716 3107 1753 τε
3137 1700 3316 1754 πάντα
3338 1700 3533 1762 παθεῖν,
3560 1696 3638 1750 καὶ

2096 1784 2474 1857 σταυρωθῆναι
2501 1790 2686 1859 σαρκὶ,
2705 1790 2806 1861 τῆς
2834 1790 3085 1861 θεότητος
3108 1791 3354 1856 ἀπαθοῦς
3390 1791 3635 1863 μεινάσης.

2096 1876 2191 1934 καὶ
2214 1876 2469 1947 ταφῆναι,
2493 1879 2587 1932 καὶ
2606 1880 2903 1952 τριήμερον
2928 1881 3249 1953 ἀναστῆναι,
3275 1882 3367 1935 καὶ
3395 1883 3472 1946 είς
3500 1881 3637 1951 οὐρα-

2094 1971 2219 2034 νοὺς
2245 1970 2618 2043 ἀναληφθῆναι
2638 2011 2653 2034 ,
2683 1976 2777 2027 xai.
2798 1973 2951 2045 ῆξειν
2976 1977 3035 2029 ἐν
3056 1974 3185 2050 δόξῃ
3213 1976 3468 2047 μέλλοντα
3489 1976 3639 2046 κρῖναι

2094 2059 2305 2125 ζῶντας
2342 2063 2435 2117 καὶ
2462 2064 2710 2137 νεκρούς
2751 2067 2845 2121 καὶ
2866 2067 2963 2139 τὴν
2997 2068 3137 2122 κατά
3167 2071 3347 2141 σάρκα
3374 2069 3549 2123 τοῦτον
3569 2084 3640 2119 τε·

2092 2150 2295 2205 κοῦσαν
2325 2152 2488 2221 ἁγίαν
2520 2155 2788 2227 παρθένον
2818 2156 3062 2228 Μαρίαν,
3098 2159 3191 2211 καὶ
3233 2159 3490 2229 μείνασαν
3522 2154 3636 2227 μετὰ

2091 2243 2249 2297 τόκον
2292 2244 2579 2317 παρθένον,
2631 2248 2838 2319 κυρίως
2893 2250 2989 2303 καὶ
3020 2249 3233 2321 ἀληθῶς
3268 2249 3524 2304 Θεοτόκον
3564 2248 3643 2300 καὶ

2091 2342 2331 2399 πιστεύω
2372 2346 2469 2400 καὶ
2506 2344 2683 2415 λέγω,
2736 2348 2833 2401 καὶ⁵
2861 2348 2938 2412 ὡς
2970 2348 3111 2402 κατά
3157 2349 3413 2421 ἀλήθειαν
3463 2346 3644 2419 μητέρα

2090 2434 2226 2490 Θεοῦ
2252 2437 2771 2511 ἐνανθρωπήσαντος
2801 2440 2897 2495 καὶ
2922 2440 3011 2494 διά
3028 2440 3199 2516 ’τοῦτο
3243 2442 3436 2511 κυρίαν
3467 2440 3552 2493 καὶ
3574 2438 3645 2491 δέ·

2092 2540 2316 2581 σποιναν
2349 2529 2408 2583 ἐν
2452 2527 2633 2599 χάριτι
2677 2528 3053 2599 γεγενημένην
3090 2530 3275 2599 πάσης
3311 2530 3409 2600 τῆς
3445 2528 3643 2586 κτίσεως

2088 2616 2379 2686 προσκυνῶ
2413 2618 2509 2671 καὶ
2531 2618 2698 2690 τιμῶ.
2732 2620 2841 2675 Kal.
2874 2619 2966 2672 τὸν
2997 2619 3149 2691 παρά
3190 2620 3531 2695 Χριστιανοῖς
3561 2634 3646 2687 μυ·

2090 2709 2290 2774 στικῶς
2331 2710 2780 2783 ίερουργούμενον
2824 2710 2987 2785 ἄρτον
3028 2713 3125 2766 καὶ
3166 2710 3261 2765 τὸν
3310 2708 3467 2776 οῐνον,
3498 2709 3563 2772 ὡς
3594 2710 3643 2761 ἐν

2086 2804 2208 2866 ταῑς
2240 2802 2413 2868 θείαις
2444 2804 2689 2868 τελεταῖς
2720 2804 3226 2876 μεταλαμϐάνουσι,
3264 2805 3535 2875 πείθομαι,
3566 2800 3644 2854 καὶ

2085 2895 2357 2965 ὁμολογῶ,
2377 2896 2471 2950 καὶ
2494 2896 2756 2962 πιστεύω,
2776 2896 2936 2967 σῶμα
2962 2898 3056 2951 καὶ
3089 2892 3229 2968 αἷμα
3256 2897 3396 2952 κατά
3420 2895 3643 2965 ἀλήθειαν

2088 2983 2225 3042 εἶναι
2255 2989 2350 3043 τοῦ
2383 2990 2589 3061 Κυρίου
2630 2989 2805 3065 Ἰησρῦ
2836 2990 3098 3061 Χριστοῦ,
3131 2991 3563 3061 μεταϐαλλόμενα
3588 2988 3642 3056 τῇ

400 3090 509 3144 que
543 3091 645 3148 ego
684 3077 883 3135 horum
931 3081 1254 3151 participem
1294 3098 1382 3139 me
1430 3083 1547 3141 fore
1595 3088 1888 3153 assentior,
1923 3098 1983 3143 ut

2088 3080 2297 3135 ἐκείνου
2330 3080 2483 3152 θεῖκῇ
2516 3080 2743 3153 δυνάμει
2786 3080 2987 3152 νοερῶς
3018 3099 3078 3135 τε
3121 3083 3217 3135 καὶ
3260 3082 3498 3154 ἀοράτως

396 3179 528 3223 vere
552 3183 619 3224 ac
642 3184 835 3242 reapse
862 3173 1045 3228 carnis
1074 3181 1130 3227 et
1159 3175 1443 3245 sanguinis
1486 3176 1656 3239 illius,
1684 3186 1739 3234 et
1770 3180 1825 3233 in
1855 3194 1979 3235 san-

399 3259 645 3317 ctitatem
675 3265 872 3320 anima:
902 3274 957 3321 et
986 3268 1256 3337 corporis,
1292 3270 1567 3340 vitamque
1596 3281 1877 3339 aeternam,
1920 3288 1986 3328 ac

398 3367 628 3425 regnum
678 3357 945 3411 caelorum
996 3367 1160 3429 atque
1220 3360 1592 3418 baereditatem
1644 3380 1834 3420 eorum
1889 3366 1984 3437 qui

399 3453 648 3514 sumunt,
679 3448 725 3503 si
758 3448 813 3503 in
848 3448 953 3505 ﬁde
983 3450 1220 3520 perfecta
1251 3455 1680 3512 communicent.
1720 3455 1983 3513 Sanctum

398 3546 661 3608 praeterea
703 3537 908 3596 Christi
950 3542 1257 3613 baptisma,
1315 3561 1383 3600 ex
1445 3562 1585 3616 puro
1642 3548 1984 3620 candidaque

397 3630 584 3686 animo
630 3640 683 3687 et
725 3632 913 3699 corde,
967 3633 1181 3705 ﬁdeque
1229 3637 1446 3692 sincera
1486 3639 1735 3710 accipere
1776 3640 1979 3713 ﬂagito,

398 3721 561 3791 plene
591 3736 890 3792 persuasus
935 3724 1069 3780 illud
1101 3742 1227 3781 vere
1276 3742 1399 3783 esse
1451 3727 1830 3787 lustrationem
1861 3747 1983 3802 qua:

398 3819 579 3866 mente
632 3812 968 3883 percipitur,
1024 3822 1077 3870 et
1140 3820 1608 3888 regenerationem
1670 3822 1863 3876 anima:
1926 3830 1982 3877 et

396 3901 669 3972 corporis.

464 4157 552 4216 ill.
589 4158 655 4214 Et
682 4176 810 4217 vero
840 4162 991 4218 cultu
1022 4164 1242 4235 dignam
1292 4181 1515 4221 crucem
1567 4168 1813 4239 ejusdem
1863 4170 1978 4227 veri

394 4253 599 4308 Christi
631 4252 833 4323 Deique
864 4256 1061 4323 nostri,
1112 4257 1261 4311 velut
1292 4274 1399 4313 non
1447 4260 1682 4330 amplius
1722 4261 1977 4317 interitus

394 4360 461 4403 ac
491 4347 765 4403 maledicti
792 4348 1245 4415 instrumentum,
1290 4350 1386 4407 sed
1432 4352 1703 4410 libertatis
1745 4356 1976 4427 vitaeque

2088 3173 2268 3225 πᾶσαν
2309 3172 2544 3244 φυσικὴν
2586 3172 2815 3239 ἔννοιαν,
2866 3173 2943 3237 ὡς
2980 3168 3090 3227 οἵδε
3140 3174 3305 3245 μόνος
3351 3172 3536 3235 αὐτός’
3566 3168 3646 3223 καὶ

2085 3264 2230 3317 οὕτω
2284 3264 2441 3333 κάγὼ
2486 3265 2902 3337 μεταλήψεσθαι,
2947 3265 3154 3319 τούτων
3207 3267 3541 3337 συντίθεμαι,
3580 3262 3645 3323 ὡς

2085 3355 2227 3409 κατά
2249 3354 2505 3427 ἀλήθειαν
2537 3355 2706 3419 ὅντως
2747 3355 2948 3426 σαρκός
2978 3372 3037 3409 τι
3088 3355 3171 3408 sai.
3203 3357 3438 3427 αἵματος
3482 3348 3645 3413 αὑτοῦ,

2084 3448 2179 3501 καὶ
2222 3450 2303 3511 είς
2335 3448 2611 3519 άγιασμδν
2647 3447 2825 3519 ψυχῆς
2860 3465 2922 3501 τε
2963 3448 3058 3501 καὶ
3090 3452 3372 3519 σῶματος,
3405 3446 3495 3501 καὶ
3522 3442 3646 3510 ζωὴν

2084 3535 2321 3602 αἰώνιον,
2367 3537 2461 3591 καὶ
2510 3537 2783 3608 βασιλείαν
2823 3536 3065 3609 οὐρανῶν
3106 3538 3473 3609 κληρονομίαν
3508 3548 3648 3605 μετα-

2083 3626 2531 3697 λαμϐανομένων,
2573 3629 2688 3692 τοῖς
2726 3628 2906 3689 αὐτῶν
2955 3629 3015 3681 ἐν
3060 3628 3251 3681 πίστει
3300 3627 3479 3699 τελείᾳ
3509 3620 3645 3695 μετέ-

2083 3737 2256 3795 χουσι.
2288 3720 2399 3774 Καὶ
2429 3720 2491 3773 τδ
2522 3719 2676 3788 ἆγιον
2726 3720 2821 3773 τοῦ
2870 3720 3108 3795 Χριστοῦ
3162 3719 3481 3789 βάπτισμα,
3530 3711 3646 3785 μετᾶ

2082 3813 2329 3883 καθαρᾶς
2362 3814 2457 3866 καὶ
2481 3812 2669 3866 ἀδόλου
2700 3812 2878 3885 ψυχῆς
2922 3812 3017 3866 καὶ
3048 3813 3307 3886 καρδίας,
3346 3812 3564 3870 πίστεως
3583 3806 3646 3857 εἰ·

2080 3902 2355 3976 λικρινοῦς
2383 3903 2627 3975 ἐπιζητῶ
2664 3904 2945 3973 δέξασθαι,
2986 3904 3501 3976 πληροφορούμενος
3535 3897 3645 3966 ἀλη·

2081 3994 2190 4061 Θῶς
2237 3995 2503 4068 κάθαρσιν
2548 3996 2683 4049 αὐτὸ
2733 3995 2930 4067 νοητὴν
2983 3991 3144 4060 εἶναι,
3173 3998 3276 4053 καὶ
3320 3994 3644 4063 ἀναγέννησιν

2077 4088 2255 4161 ψυχῆς
2286 4105 2345 4141 τε
2374 4090 2469 4142 καὶ
2492 4087 2764 4160 σώματος.

2150 4181 2261 4234 Καὶ
2291 4180 2383 4234 τὸν
2412 4181 2704 4251 σεϐάσμιον
2736 4180 2791 4234 δέ
2820 4180 3054 4252 σταυρὸν
3090 4179 3185 4233 τοῦ
3221 4179 3389 4233 αὐτοῦ
3417 4172 3641 4247 ἀληθινοῦ

2079 4271 2314 4344 Χριστοῦ
2349 4272 2444 4325 καὶ
2467 4272 2602 4331 Θεοῦ
2633 4271 2794 4343 ἡμῶν
2824 4272 2900 4338 ὡς
2932 4275 3034 4326 οὐκ
3066 4270 3145 4325 ἔτι
3171 4272 3384 4342 φθορᾶς
3410 4268 3498 4323 καί⁵
3525 4265 3642 4337 ἀρᾶς

2077 4361 2327 4433 ὄργανον,
2362 4360 2477 4415 ἀλλ’
2512 4361 2829 4436 ἐλευθερίας
2861 4363 2956 4415 καὶ
2987 4361 3134 4434 ζωῆς
3176 4363 3424 4425 αίωνίου,
3447 4359 3535 4413 καὶ
3559 4372 3641 4423 ση-

394 4446 690 4509 perpetuae,
718 4440 1044 4513 signumque
1080 4444 1325 4498 victoria:
1366 4444 1629 4503 adversus
1660 4456 1974 4525 mortemct

2087 4458 2233 4527 μεῖον
2263 4455 2364 4525 τῆς
2397 4454 2539 4509 κατά
2562 4454 2657 4507 τοῦ
2688 4455 2921 4509 θανάτου
2959 4457 3055 4509 καὶ
3084 4455 3181 4509 τοῦ
3207 4455 3453 4511 διαϐόλου
3481 4452 3638 4518 νίκης

395 4529 672 4586 diabolum
704 4543 904 4602 partae;
939 4543 1102 4605 atque
1130 4536 1309 4592 adhuc
1336 4539 1680 4596 venerandae
1710 4541 1975 4613 imagines

394 4630 511 4677 tum
552 4626 855 4693 praesentiat
896 4624 989 4681 Dei
1038 4626 1198 4683 Verbi
1237 4630 1539 4684 secundum
1580 4646 1799 4687 carnem
1832 4634 1975 4688 inter

393 4713 665 4779 homines,
715 4723 830 4770 tum
880 4719 1185 4787 purissima:
1229 4722 1455 4793 virginis
1487 4720 1578 4777 Dei
1632 4723 1819 4779 Matris
1854 4742 1975 4795 quae

393 4803 741 4861 ineifabiliter
770 4823 893 4863 eum
924 4812 1131 4881 genuit,
1156 4820 1269 4866 tum
1290 4814 1600 4870 divinorum
1631 4817 1970 4886 angelorum,

393 4902 510 4950 tum
541 4896 777 4968 denique
805 4908 1120 4955 sanctorum
1156 4903 1398 4958 omnium
1420 4948 1433 4972 ,
1470 4906 1705 4976 recipio,
1740 4906 1971 4975 honoro,

393 4986 695 5057 amplector
740 4989 890 5044 velut
935 4992 1181 5061 symbola
1217 5001 1273 5048 et
1315 4994 1519 5050 indicia
1560 5006 1973 5069 prototyporum

389 5092 492 5132 seu
540 5079 971 5151 exemplarium:
1008 5083 1157 5153 ipsos
1210 5093 1392 5141 autem
1459 5102 1648 5145 sacros
1712 5092 1969 5161 angelos,

392 5184 695 5240 omnesque
726 5181 965 5236 sanctos,
990 5189 1099 5228 non
1126 5174 1302 5231 solum
1335 5176 1591 5249 antiquos
1631 5187 1815 5248 patres
1846 5196 1971 5237 cum

392 5262 691 5333 prophetis,
724 5263 819 5319 sed
847 5272 902 5318 et
926 5268 1203 5336 apostolos
1222 5306 1237 5332 ,
1270 5275 1542 5339 martyres
1562 5310 1576 5336 ,
1601 5270 1967 5341 confessores,

390 5352 675 5419 doctores,
728 5363 982 5423 sanctos,
1033 5358 1160 5413 item
1204 5373 1395 5413 omnes
1444 5362 1668 5416 omnino
1716 5364 1810 5433 qui
1855 5366 1970 5435 jam

390 5455 514 5501 orto
557 5445 781 5503 Christo
818 5449 1173 5520 placuerunt,
1209 5458 1470 5523 tanquam
1504 5454 1649 5511 illius
1683 5472 1870 5513 servos
1904 5475 1969 5515 ac

392 5536 582 5593 ﬁdeles
612 5537 849 5596 famulos
880 5542 1112 5607 honoro,
1154 5558 1409 5611 veneror,
1454 5560 1676 5619 propter
1703 5552 1968 5607 honorem

391 5633 470 5687 illi
500 5632 767 5692 debitum.
802 5635 868 5690 Et
910 5638 985 5692 ita
1032 5654 1099 5694 ex
1139 5646 1254 5694 toto
1293 5642 1477 5697 animo
1506 5651 1559 5698 et
1585 5644 1778 5711 corde,
1808 5662 1968 5701 vero-

389 5739 497 5796 que
529 5728 811 5799 proposito
840 5730 998 5788 venio
1029 5730 1094 5787 ad
1120 5730 1277 5789 ﬁdem
1312 5734 1771 5791 Christianorum.
1808 5736 1965 5805 Quod

2077 4544 2155 4597 ἔτι
2179 4546 2236 4598 δὲ
2266 4547 2362 4599 καὶ
2389 4546 2488 4611 τάς
2524 4547 2855 4618 σεϐασμίους
2876 4548 3088 4611 είκόνας
3114 4548 3219 4618 τῆς
3238 4566 3300 4602 τε
3328 4545 3466 4601 κατὰ
3488 4543 3641 4611 σάρκα

2076 4636 2212 4707 πρὸς
2238 4637 2555 4710 ἀνθρώπους
2587 4640 2907 4707 ἐπιφανείας
2933 4640 3027 4695 τοῦ
3055 4640 3192 4695 Θεοῦ
3222 4641 3418 4710 Λόγου,
3447 4636 3531 4690 καὶ
3558 4634 3641 4703 τῆς

2075 4731 2368 4803 ἀφράστως
2393 4733 2553 4785 αὑτὸν
2577 4732 2842 4803 τεκούσης
2882 4733 3055 4803 ἁγνῆς
3097 4734 3373 4805 παρθένου
3411 4732 3499 4785 καὶ
3526 4727 3640 4778 Θεο-

2079 4824 2330 4893 μήτορος,
2354 4824 2449 4875 καὶ
2486 4822 2593 4875 τῶν
2628 4822 2875 4875 θεοειδῶν
2909 4824 3180 4891 ἀγγέλων,
3221 4826 3318 4877 καὶ
3362 4823 3468 4875 τῶν
3493 4817 3639 4886 ἁγίων

2076 4914 2350 4978 ἁπάντων,
2385 4914 2459 4978 ὡς
2494 4914 2735 4985 σύμϐολα
2763 4916 2871 4969 τῶν
2906 4916 3286 4987 πρωτοτύπων
3322 4916 3414 4968 καὶ⁵
3440 4913 3637 4982 δέχομαι

2074 5004 2170 5057 καὶ
2199 5004 2343 5075 τιμῶ
2374 5004 2470 5059 καὶ
2496 5005 2831 5076 ἀσπάζομαι’
2876 5006 2972 5059 καὶ
3006 5007 3203 5070 αὐτοὺς
3242 5006 3300 5060 δὲ
3330 5005 3453 5066 τοὺς
3483 4999 3635 5070 ἱεροὺς

2073 5094 2337 5162 ἀγγέλους
2370 5096 2614 5158 καὶτοὺς
2646 5096 2835 5165 ἁγίους
2863 5096 3131 5161 ἅπαντας,
3157 5098 3218 5150 οὐ
3249 5097 3410 5168 μόνον
3444 5092 3632 5166 προπά-

2071 5204 2237 5258 τορας
2266 5188 2360 5240 καὶ
2393 5189 2701 5259 προφήτας,
2737 5186 2873 5241 ἀλλά
2901 5190 2997 5242 καὶ
3032 5190 3374 5253 ἀποστόλους
3402 5189 3489 5242 καί⁸
3513 5185 3634 5257 μάρ-

2070 5296 2239 5352 τυρας
2290 5280 2385 5333 καὶ
2427 5281 2766 5351 ὁμολογητάς
2806 5282 2904 5335 καὶ
2945 5281 3300 5347 διδασκάλους
3345 5283 3433 5336 καὶ
3475 5278 3631 5339 ὁσίους

2072 5371 2166 5424 καὶ
2201 5371 2407 5435 πάντας
2436 5372 2623 5436 ἁπλῶς
2654 5373 2781 5436 τοὺς
2818 5373 2896 5444 τῷ
2927 5374 3028 5445 ῆδη
3075 5374 3284 5427 ἐλθόντι
3312 5371 3519 5445 Χριστῷ
3554 5368 3629 5419 εὐ-

2071 5461 2503 5532 αρεστήσαντας,
2528 5463 2603 5527 ὡς
2626 5463 2846 5528 δούλους
2870 5466 3083 5518 ἐκείνου
3116 5466 3213 5519 καὶ
3244 5466 3461 5527 πιστοὺς
3490 5458 3630 5529 θερά-

2070 5568 2271 5617 ποντας
2304 5554 2450 5624 τιμῶ
2483 5555 2576 5607 καὶ
2610 5554 2873 5627 σέϐομαι,
2902 5555 2991 5609 διὰ
3030 5556 3129 5628 τὴν
3164 5557 3305 5627 πρὸς
3339 5558 3533 5609 ἐκεῖνον
3554 5565 3625 5598 τι·

2073 5646 2200 5717 μήν.
2250 5647 2361 5700 Kai.
2411 5646 2587 5712 οὕτως
2628 5646 2690 5711 ἐξ
2733 5647 2865 5718 ὅλης
2912 5648 3090 5718 ψυχῆς
3132 5648 3231 5702 καὶ
3284 5648 3500 5720 καρδίας
3546 5640 3625 5695 καὶ

2070 5739 2442 5813 προαιρέσεως
2484 5738 2737 5811 ἀληθοῦς,
2786 5740 3155 5811 προσέρχομαι
3203 5742 3269 5812 τῇ
3319 5742 3490 5793 πίστει
3531 5733 3621 5787 τῶν
