3888 6192
346 246 494 302 1861

1457 242 2036 300 RECOGNITIONES.
2069 274 2135 282 —
2164 244 2529 302 APPENDIX.

3492 253 3630 309 H63

341 360 718 437 Χριστιανῶν.
753 361 816 414 Εἰ
846 360 906 416 δὲ
940 358 1058 432 μεθ’
1091 358 1430 430 ὑποκρίσεως
1462 358 1558 411 καὶ
1579 358 1730 412 δόλου
1771 358 1920 413 ταῦτ‹

2049 359 2097 415 si
2127 375 2224 430 per
2251 360 2656 416 simulationem
2683 373 2737 418 et
2771 362 2954 418 dolum
2989 365 3093 420 ista
3123 363 3282 431 dico,
3309 383 3418 422 non
3446 382 3630 427 autem

343 473 520 529 φημι,
547 454 641 508 καὶ
666 454 768 508 οὐκ
788 455 854 507 ὲκ
887 453 1123 516 πίστεως
1155 450 1420 521 ὁλοψύχου
1465 450 1559 504 καὶ
1591 450 1820 522 καρδίας
1849 449 1940 504 τὸν

339 551 458 623 ἥδη
485 548 708 603 ἐλθόντα
738 546 972 618 Χριστὸν
1005 544 1328 615 ἀγαπώσης,
1357 543 1491 596 ἀλλὰ
1522 542 1611 597 διά
1639 560 1762 597 τινα
1796 544 1938 616 βίαν,

339 644 379 716 ἢ
413 643 683 713 ἀνάγκην,
711 640 744 712 ἢ
780 639 963 709 φόϐον,
1000 639 1038 711 ἢ
1069 639 1354 710 ἐπήρειαν,
1383 637 1416 708 ἢ
1441 637 1656 701 πενίαν,
1683 638 1718 709 ἢ
1756 636 1936 709 χρέος,

337 733 379 808 ἢ
421 734 676 804 ἔγκλημα
712 733 834 787 κατ’
873 730 1007 802 ἐμοῦ
1053 729 1397 800 κινούμενον,
1433 728 1467 799 ἢ
1511 727 1606 782 διὰ·
1645 727 1810 800 τιμὴν
1849 745 1940 780 κο-

340 826 578 898 σμικὴν,
604 825 637 896 ἢ
671 824 990 896 εὐεργεσίας
1013 821 1188 886 τινὰς,
1212 821 1246 892 ἢ
1268 821 1545 893 χρήματα,
1573 818 1608 892 ἢ
1641 819 1940 890 πράγματα

336 919 507 990 παρά
553 935 698 981 τινος
746 915 1173 986 ὑπισχνούμενα,
1216 914 1250 985 ἢ
1291 913 1429 978 ὅλως
1481 911 1569 965 διὰ
1619 910 1938 981 οἱανδήποτε

337 1006 640 1077 ὠφέλειαν,
683 1005 718 1077 ἢ
764 1003 1100 1077 προστασίαν
1143 1003 1531 1075 ἀνθρωπίνην,
1578 999 1614 1069 ἢ
1645 999 1714 1056 δι’
1749 999 1864 1072 έριν
1902 998 1936 1071 ἢ

335 1095 688 1167 φιλονεικίαν
745 1095 884 1167 πρός
931 1111 1081 1159 τινας
1129 1094 1428 1165 γενομένην
1473 1092 1584 1147 τῶν
1628 1091 1938 1164 ὁμοπίστων

335 1189 508 1260 ἐμοῦ,
542 1187 674 1260 ἢὼς
708 1186 1024 1258 βουλόμενος
1056 1184 1306 1239 ἐντεῦθεν
1331 1182 1640 1255 ἀμύνασθαι
1672 1184 1936 1255 Χριστια--

334 1285 473 1347 νοὺς
504 1283 579 1346 ὡς
611 1280 856 1352 ζηλωτὴς
886 1281 1046 1351 δῆθεν
1076 1279 1172 1333 τοῦ
1196 1279 1386 1350 νόμου,
1415 1277 1448 1349 ἢ
1478 1279 1572 1332 καὶ
1604 1278 1736 1347 παρ’
1757 1275 1936 1330 αὐτῶν

333 1375 644 1447 ἀδικηθεὶς,
673 1374 799 1445 άρτι
832 1374 930 1444 μὲν
963 1372 1368 1444 σχηματίζομαι
1401 1369 1646 1440 γίνεσθαι
1679 1371 1937 1440 Χριστια-

333 1466 456 1531 νδς,
485 1465 711 1535 ὕστερον
756 1463 813 1516 δὲ
857 1462 1070 1534 θελήσω
1119 1461 1498 1533 ἀρνήσασθαι,
1535 1460 1630 1514 καὶ
1669 1459 1806 1531 πρὸς
1836 1459 1936 1531 τὴν

349 1545 663 1627 Ἰουδαῖκῆν
709 1551 1046 1624 ὑποστρέψαι
1079 1552 1241 1606 πάλιν
1274 1551 1574 1623 θρησκείαν
1595 1590 1611 1616 ,
1653 1549 1686 1621 ἢ
1728 1548 1934 1621 εὑρεθῶ

335 1643 642 1700 συνεσθίων
671 1647 787 1707 τοῖς
833 1643 1128 1707 Ἰουδαίοις,
1165 1644 1200 1715 ἢ
1247 1641 1644 1713 συνεορτάζων,
1673 1641 1706 1711 ἦ
1743 1657 1934 1712 συννη-

2044 466 2112 506 ex
2164 452 2268 508 lide
2311 453 2482 508 totius
2514 453 2682 507 animi
2714 461 2870 517 teste,
2908 464 2963 511 et
3003 457 3171 514 corde
3207 458 3488 516 Christum
3533 463 3630 533 qui

2038 540 2154 611 jam
2205 541 2426 596 advenit
2475 543 2769 614 diligente;
2815 561 3002 601 verum
3056 557 3280 619 propter
3332 552 3630 622 quamdam

2042 632 2173 698 vim,
2206 635 2613 699 necessitatem,
2637 643 2862 700 metum,
2896 638 3153 693 damnum
3173 680 3188 706 ,
3223 650 3624 712 paupertatem,

2042 721 2308 789 debitum,
2337 727 2744 783 accusationem
2771 728 3046 786 adversus.
3067 747 3154 787 me
3196 741 3424 797 motam,
3451 752 3626 792 sarcu-

2041 815 2212 872 larem
2241 818 2585 888 dignitatem,
2614 819 2879 875 beneﬁcia
2909 821 3154 892 quadam
3177 863 3192 888 ,
3222 824 3504 894 pecunias,
3538 844 3629 883 res

2039 922 2074 962 a
2102 923 2378 980 quoquam
2423 910 2763 980 promissas;
2810 919 2905 966 aut
2946 914 3116 983 plane
3150 916 3445 985 cujuslibet
3479 920 3631 974 utili-

2039 999 2172 1057 tatis
2197 1016 2351 1074 ergo,
2383 1002 2469 1057 vel
2511 1001 2738 1058 humani
2778 1005 3038 1074 praesidii,
3071 1007 3156 1062 vel
3187 1008 3401 1065 dissidii
3434 1026 3625 1076 causa,

2038 1095 2126 1151 vel
2157 1095 2524 1153 contentionis
2556 1113 2681 1152 cum
2714 1099 2994 1156 nonnullis
3041 1100 3167 1157 ﬁdei
3215 1118 3350 1158 meae
3387 1104 3628 1162 homini-

2037 1185 2163 1252 bus,
2189 1194 2284 1242 aut
2311 1189 2470 1258 quasi
2492 1188 2682 1245 valens
2705 1190 2837 1244 hinc
2866 1191 3128 1248 ultionem
3156 1208 3354 1264 capere
3377 1197 3444 1252 de
3464 1197 3629 1253 Chri-

2039 1279 2272 1344 stianis,
2315 1289 2576 1352 tanquam
2623 1282 2876 1338 videlicet
2952 1283 3092 1356 legis
3139 1287 3426 1343 aemulator
3453 1333 3465 1354 ,
3510 1292 3628 1347 sive

2037 1378 2092 1426 et
2133 1371 2201 1426 ab
2245 1371 2380 1440 ipsis
2432 1371 2691 1440 injuriam
2733 1386 2964 1442 passus,
3009 1389 3156 1430 nunc
3204 1375 3424 1445 quidem
3479 1379 3626 1452 ﬁngo

2037 1461 2382 1517 Christianus
2433 1462 2573 1528 ﬁeri,
2620 1465 2850 1534 posthac
2895 1474 3076 1520 autem
3123 1482 3324 1538 negare
3373 1472 3622 1540 voluero,

2036 1551 2345 1622 iterumque
2373 1551 2441 1607 ad
2466 1551 2756 1608 Iudaicam
2799 1555 3120 1626 religionem
3152 1561 3376 1624 reverti,
3408 1562 3490 1617 vel
3537 1565 3624 1618 in-

2037 1648 2234 1696 ventus
2283 1640 2439 1697 fuero
2487 1659 2596 1698 una
2649 1658 2775 1699 cum
2822 1643 3029 1702 Judtcis
3075 1649 3432 1718 manducare,
3481 1650 3621 1708 festa

333 1737 575 1802 στεύων,
604 1737 638 1808 ἢ
666 1737 967 1809 συνομιλῶν
993 1738 1176 1801 αὐτοῖς
1197 1735 1394 1809 λάθρα,
1421 1737 1517 1790 καὶ
1550 1736 1640 1788 τὸν
1672 1737 1920 1806 Χριστια-

2035 1748 2315 1804 peragere,
2349 1733 2620 1804 jejunare,
2661 1736 2802 1790 clam
2845 1751 2971 1791 cum
3016 1738 3125 1794 illis
3159 1741 3420 1812 colloqui,
3454 1741 3618 1798 Chri-

329 1829 536 1900 νισμὸν
569 1829 900 1896 διαϐάλλων,
942 1829 975 1900 ἢ
1022 1830 1160 1902 πρὸς
1202 1828 1303 1893 τὰς
1345 1827 1667 1898 συναγωγὰς
1711 1828 1804 1882 καὶ
1835 1825 1936 1890 τὰς

329 1920 653 1993 προσευχάς
684 1920 863 1974 αὐτῶν
888 1920 1084 1986 ἀπιὼν,
1117 1922 1211 1974 καὶ
1250 1920 1492 1975 ἀνανεῶν
1511 1959 1526 1984 ,
1549 1919 1584 1990 ἢ
1618 1917 1933 1991 περιποιού-

334 2031 509 2086 μενος
527 2012 750 2077 ταύτας,
779 2013 873 2067 καὶ
909 2014 1029 2085 οὐχὶ
1065 2012 1263 2084 μᾶλλον
1294 2011 1543 2082 φανερῶς
1574 2010 1782 2081 ἐλέγχω
1809 2009 1934 2063 τοὺ.

327 2122 489 2170 τους,
522 2103 623 2168 τὰς
667 2103 871 2158 τούτων
917 2105 1177 2177 πράξεις,
1212 2103 1308 2157 καὶ
1352 2101 1529 2157 ἀθετῶ
1569 2100 1668 2172 τὴν
1697 2100 1929 2172 ματαίαν

328 2199 526 2252 πίστιν
547 2197 742 2253 αὐτῶν·
761 2194 856 2249 νῦν
867 2195 967 2269 μὲν
977 2195 1178 2252 ἔλθοιεν
1193 2195 1278 2249 ἐπ’
1300 2195 1403 2266 ἐμὲ
1425 2196 1595 2248 πᾶσαι
1617 2194 1670 2246 αἱ
1693 2192 1927 2264 κατᾶραι

326 2293 403 2356 ἃς
429 2294 492 2346 ὲν
523 2289 601 2361 τῷ
626 2289 1029 2362 Δευτερονομίῳ
1052 2288 1260 2360 Μωσῆς
1296 2285 1522 2359 ἔγραψε,
1547 2285 1641 2340 κα)⁵
1664 2286 1693 2338 ό
1721 2284 1922 2354 τρόμος

325 2384 430 2439 τοῦ
464 2385 625 2446 Κάῖν,
656 2383 749 2436 καὶ
781 2387 812 2453 ὴ
846 2381 1023 2450 λέπρα
1049 2379 1144 2434 τοῦ
1176 2379 1362 2449 Γιεζῆ,
1390 2378 1527 2450 πρὸς
1560 2375 1638 2447 τῷ
1669 2376 1765 2430 καὶ
1801 2379 1921 2440 ταῖς

326 2475 554 2538 ποιναῖς
597 2472 707 2526 τῶν
754 2470 1042 2526 πολιτικῶν
1082 2470 1263 2542 νόμων
1319 2466 1458 2523 εἷναί
1511 2485 1578 2539 με
1627 2466 1922 2521 ὑπεύθυνον

325 2567 752 2638 ἀπαραιτήτως,
799 2562 941 2618 κατὰ
973 2562 1029 2616 δὲ
1066 2563 1159 2616 τὸν
1196 2561 1459 2633 μέλλοντα
1503 2558 1674 2612 αἰῶνα
1708 2557 1793 2628 εἴη
1831 2575 1921 2628 μοι

323 2659 585 2730 ἀνάθεμα
604 2659 697 2712 καὶ
719 2657 1021 2727 κατάθεμα,
1057 2655 1150 2708 καὶ
1172 2657 1206 2726 ἡ
1226 2654 1371 2726 ψυχή
1403 2670 1505 2724 μου
1536 2651 1758 2723 ταχθείη
1785 2650 1921 2722 μετὰ

323 2751 427 2806 τοῦ
457 2751 672 2806 Σατανᾶ
705 2751 797 2804 καὶ
822 2748 930 2803 τῶν
953 2749 1241 2820 δαιμόνων.

2036 1826 2384 1897 stianamque
2410 1827 2570 1883 ﬁdem
2600 1826 2903 1893 infamare,
2939 1837 3037 1884 aut
3067 1831 3133 1885 ad
3161 1847 3348 1888 eorum
3380 1850 3619 1907 synago-

2035 1931 2132 1986 gas
2165 1923 2219 1972 et
2248 1916 2584 1987 proseuchas
2621 1916 2900 1988 proﬁcisci
2927 1959 2942 1985 ,
2985 1933 3148 1975 casve
3180 1920 3491 1980 instaurare
3517 1940 3616 1981 seu

2031 2009 2236 2064 tutari:
2267 2016 2322 2065 et
2362 2024 2472 2064 non
2506 2009 2686 2079 potius
2715 2009 3008 2076 pnedictos
3049 2010 3267 2069 Iudaeos
3314 2031 3616 2087 eorumque

2031 2104 2189 2152 actus
2236 2096 2414 2167 palam
2446 2097 2815 2167 reprehendo,
2841 2114 3151 2172 vanamque
3180 2103 3400 2160 illorum
3449 2107 3615 2163 ﬁdem

2031 2189 2282 2259 improbo
2317 2204 2508 2244 :nunc
2539 2190 2760 2260 quidem
2807 2192 3030 2246 veniant
3082 2209 3248 2265 super
3290 2211 3377 2252 me
3419 2212 3616 2255 omnes

2029 2280 2163 2336 dira:
2189 2296 2327 2352 quas
2381 2283 2438 2336 in
2488 2283 2909 2338 Deuteronomio
2963 2284 3141 2342 Moses
3189 2289 3446 2360 scripsit,
3479 2290 3612 2346 item

2028 2383 2233 2430 tremor
2262 2374 2458 2440 Caini,
2498 2383 2552 2431 et
2599 2377 2751 2448 lepra
2801 2376 3004 2440 Giezis,
3050 2380 3384 2452 insuperque
3431 2385 3614 2453 pmnis

2025 2484 2166 2539 quas
2195 2472 2342 2539 leges
2379 2470 2568 2526 civiles
2602 2470 2926 2538 decernunt,
2963 2473 3066 2528 sim
3109 2474 3337 2545 absque,
3360 2477 3470 2531 ulla
3512 2494 3612 2548 spe

2027 2562 2198 2618 venia:
2226 2563 2532 2628 obnoxius;
2566 2563 2621 2616 in
2654 2563 2839 2618 futuro
2893 2572 3074 2620 autem
3123 2569 3325 2623 sacculo
3366 2569 3438 2624 sit
3474 2570 3610 2624 mihi

2028 2653 2318 2708 anathema
2345 2660 2400 2709 et
2440 2655 2747 2710 catathema
2769 2695 2782 2716 .
2813 2655 3106 2726 animaque
3129 2673 3286 2714 mea.
3311 2661 3610 2717 collocetur

2029 2761 2151 2800 cum
2187 2743 2390 2800 Satana
2419 2753 2472 2801 et
2501 2744 2862 2802 daemonibus.

1329 2908 1422 2963 Ill.
1458 2907 1542 2962 Ad
1575 2906 1668 2963 lib.
1702 2922 1776 2972 Iv,
1808 2921 1924 2975 cap.
1952 2903 2022 2958 27
2052 2904 2136 2974 (ex
2161 2903 2341 2964 eodem
2373 2902 2593 2972 codice).

336 3072 554 3149 Ὅπως⁵
573 3068 687 3139 χρὴ
732 3066 1171 3149 ἀναᾷεμᾳτξζειν
1198 3063 1503 3149 ἐγγράφως
1535 3063 1648 3149 τὴς·
1680 3062 1920 3149 αἵρεσις

2024 3059 2134 3149 Quo.
2161 3059 2314 3112 modo
2335 3059 2574 3140 lucresim
2599 3074 2762 3149 85am.
2775 3060 2985 3149 scriptis
3016 3070 3254 3149 oporteat
3289 3063 3603 3149 anathema-

396 3129 629 3203 αὑτῶῶἶξ
650 3129 821 3211 Αλτοὺς
840 3129 972 3211 ⁸ἀπὸ
1022 3129 1393 3211 Mar/Ialm)»:
1417 3129 1794 3211 προσιρντεις·
1807 3129 1924 3211 -τῇί

395 3211 541 3279 ἁγίᾳ
570 3202 676 3262 τοῦ
719 3202 866 3262 Θεοῦ
899 3202 1326 3274 admorint-ﬁnal
1356 3202 1732 3269 ἀποστολικῇ
1783 3202 1913 3255 Ἐκ·-

397 3281 656 3347 κλησίᾳ.

409 3391 821 3463 Ἀναθεματίζω
864 3392 1116 3445 Μάνεντα
1166 3389 1258 3442 τὸν
1321 3388 1416 3440 καὶ
1465 3386 1766 3456 Μανιχαῖον
1819 3384 1912 3435 καὶ

318 3484 658 3556 Κούϐρικον,
691 3483 750 3547 ὃς
784 3483 1078 3553 ἐτόλμησεν
1110 3480 1300 3534 ἑαυτὸν
1333 3475 1685 3547 Παράκλητον
1717 3472 1914 3543 ὀνομά-

320 3576 465 3641 ζειν,
500 3577 594 3628 κα¹ι
639 3573 960 3628 Ἀπόστολονν
987 3570 1160 3641 Ἰησοῦ
1195 3567 1452 3640 Χριστοῦ.
1504 3562 1912 3634 Ἀναθεματίζω

319 3666 643 3729 Σκυθιανὸν,
677 3666 772 3718 καὶ
805 3645 1125 3734 Τερέϐινθόῖι
1155 3661 1248 3714 τὸν
1281 3660 1374 3714 καί
1406 3657 1614 3714 Κουδᾶν
1636 3655 1765 3725 (7|),
1786 3654 1912 3716 τοὺς

317 3758 606 3819 Μάνεντος
655 3753 1034 3818 διδασκάλους.
1095 3748 1505 3821 Ἀναθεματίζω
1550 3745 1818 3817 Ζαρὰδην,
1852 3743 1911 3794 ὃν

318 3852 350 3904 ὁ
384 3850 582 3920 Μάνης
614 3849 733 3903 θεὸν
766 3848 916 3916 ἔλεγε
950 3846 1058 3919 πρὸ
1102 3843 1267 3898 αὐτοῦ
1303 3841 1535 3912 φανέντα
1567 3837 1696 3910 παρ’
1731 3836 1910 3898 Ἰνδοῖς

320 3943 422 3997 καὶ
457 3941 714 4013 Πέρσαις,
750 3941 844 3994 καὶ
879 3939 1067 3995 Ἥλιον
1099 3935 1396 3994 ἀπεκάλει·
1420 3933 1517 3986 σὺν
1549 3929 1696 4000 αὐτῷ
1727 3929 1782 3981 δὲ
1817 3929 1911 3980 καὶ

319 4034 428 4097 τὰς
462 4033 786 4104 Ζαραδείους
817 4029 1224 4102 ὀνομαζομένας
1274 4027 1459 4098 εὐχάς.
1509 4019 1911 4093 Ἀναθεματίζω

319 4127 538 4187 πάντας
570 4123 665 4186 οὒς
702 4125 730 4175 ό
762 4123 954 4192 Μάνης
987 4118 1256 4176 ἀνέπλασε
1302 4114 1488 4178 θεούς’
1526 4115 1642 4185 ἦτοι
1674 4112 1766 4164 τὸν
1816 4125 1907 4161 τε-

317 4217 726 4290 τραπρόσωπον
760 4213 970 4284 πατέρα
999 4211 1105 4269 τοῦ.
1131 4208 1412 4281 μεγέθους,
1447 4206 1542 4259 καὶ
1571 4204 1660 4257 τὸν
1693 4201 1911 4272 λεγόμε-

320 4326 416 4363 νον
449 4305 666 4378 πρῶτον
710 4305 1018 4376 ἄνθρωπον,
1067 4301 1162 4355 καὶ
1189 4300 1282 4352 τὸν
1314 4295 1764 4366 Στεφανηφόρον,
1814 4293 1909 4346 καὶ

265 4398 267 4400 ’
314 4401 415 4454 τὸν
447 4397 842 4469 ὀνομαζόμενον
876 4393 1150 4466 Παρθένον
1180 4391 1275 4444 τοῦ
1309 4389 1506 4458 φωτὸς,
1528 4387 1622 4441 καὶ
1652 4387 1742 4439 τὸν
1775 4401 1907 4454 φεγ-

317 4457 658 4560 γοκάστοχον
679 4457 812 4557 (72),
831 4485 924 4539 καὶ
956 4457 1119 4536 πέντε
1152 4457 1550 4552 νοεράίφέγγη,
1572 4478 1667 4530 καὶ
1696 4475 1789 4528 τὸν
1809 4491 1906 4527 κα-
1937 4457 1982 4513 D

317 4583 415 4638 λού
425 4581 674 4654 μενον-Δη
685 4596 805 4650 μιου
815 4577 963 4650 ργὺν,
983 4575 1078 4629 καὶ
1106 4573 1200 4627 τὸν
1219 4574 1310 4627 ὑπ’
1331 4572 1496 4626 αὐτοῦ
1531 4568 1904 4642 προϐληθέντα

317 4674 530 4726 δίκαιον
563 4670 756 4742 κριτὴν
780 4709 795 4735 ,
831 4669 926 4723 καὶ
969 4668 1061 4720 τὸν
1107 4664 1393 4736 ὼμοςρόρον
1437 4662 1530 4715 τὸν
1566 4661 1903 4732 βαστάζοντα

315 4763 421 4836 τὴν
467 4763 589 4833 γῆν,
637 4762 732 4815 καὶ
776 4760 868 4813 τὸν
917 4756 1270 4828 Πρεσϐύτην,
1319 4754 1413 4807 καὶ
1458 4753 1664 4815 πάντας
1715 4749 1901 4812 ἁπλῶς

315 4855 416 4920 οὒς
461 4857 491 4909 ό
537 4855 729 4925 Μάνης
781 4852 1002 4906 πλάττει
1045 4850 1200 4912 θεοὺς
1246 4848 1338 4901 καὶ
1395 4845 1606 4909 Αἰῶνας
1653 4845 1748 4898 καὶ
1790 4842 1899 4895 τῶν

316 4950 544 5005 Δίώνων
575 4947 806 5010 Αίῶνας,
840 4946 934 4999 καὶ
965 4946 1064 4998 ὅσα
1097 4940 1246 5012 αὐτῷ
1291 4936 1719 5011 ὲπραγματεύθη
1773 4937 1903 5008 περὶ

315 5042 593 5113 γιγάντων
637 5041 732 5095 καὶ
783 5038 1171 5111 ὲκτρωμάτων.
1235 5030 1648 5103 Ἀναθεματίζω
1693 5029 1900 5092 πάντας

313 5129 447 5200 τοῦς
478 5135 727 5198 εἰπόντας
760 5133 794 5203 ἢ
825 5128 1129 5200 λέγονταςῆ
1149 5126 1409 5193 λέξοντας
1430 5123 1523 5176 δύο
1543 5121 1718 5193 ἀρχὰς
1736 5123 1898 5190 ἀγεν-

314 5229 514 5300 νήτους
545 5221 1014 5284 ἀντικαθεστώσας
1045 5218 1324 5289 ἀλλήλαις,
1363 5216 1462 5285 τὴν
1519 5213 1618 5284 μὲν
1661 5212 1894 5282 ἀγαθὴν,

315 5320 418 5392 τὴν
430 5320 488 5374 δὲ
503 5336 636 5388 πονη
647 5319 762 5389 ράν.
798 5310 1198 5383 Ἀναθεματίζω
1214 5307 1538 5379 Μαρκίωνα,
1553 5306 1646 5358 καὶ
1663 5303 1898 5358 Οὐαλεν-

313 5415 482 5478 τῖνον,
510 5411 605 5467 καὶ
635 5407 966 5476 Βασιλείδην,
1002 5404 1096 5458 καὶ
1128 5401 1305 5456 πάντα
1336 5398 1622 5469 ἄνθρωπον
1654 5396 1748 5451 τὸν
1779 5397 1898 5452 τολ-

389 5660 501 5729 αι)
539 5654 795 5717 Κουδᾶν.
829 5655 956 5730 ch.
993 5654 1210 5710 Βουδᾶν.
1242 5655 1442 5710 Ουτοι..

2091 3131 2260 3182 tizare
2289 3145 2375 3183 eos
2417 3130 2507 3198 qui
2549 3145 2578 3183 e
2607 3126 2924 3184 Manichwis
2967 3126 3224 3185 accedunt
3252 3131 3322 3184 ad
3354 3145 3600 3190 sanctam

2089 3198 2187 3254 Dei
2214 3199 2527 3253 catholicam
2553 3208 2604 3252 et
2628 3201 2972 3267 apostolicam
3009 3199 3322 3258 Ecclesium.

2083 3377 2125 3434 I.
2165 3378 2524 3435 Anathemate
2571 3380 2707 3436 ferio
2758 3380 3060 3446 Manetem,
3098 3398 3192 3438 seu
3241 3382 3600 3442 Manichzeum

2013 3478 2068 3526 ct
2097 3469 2417 3536 Cubricum,
2453 3473 2545 3542 qui
2573 3487 2631 3527 se
2654 3488 2824 3527 ausus
2853 3480 2937 3528 cst
2967 3472 3312 3530 Paraeletum
3347 3485 3400 3532 et
3448 3476 3600 3548 Apo-

2014 3561 2216 3616 stolum
2245 3561 2374 3616 Jesu
2406 3560 2614 3616 Christi
2668 3563 2964 3632 appellare.
3015 3562 3434 3623 Anathematizo
3464 3568 3600 3642 Scy-

2013 3653 2260 3708 thianum
2307 3670 2370 3709 ac
2413 3653 2806 3711 Terebinthum
2861 3656 2956 3725 qui
2993 3663 3048 3711 et
3103 3655 3307 3724 Budas,
3361 3660 3598 3719 Manetis

2011 3756 2391 3815 prmeeptores.
2435 3745 2854 3802 Anathematizo
2884 3746 3147 3804 Zaradem
3169 3789 3182 3814 ,
3215 3766 3376 3821 quem
3408 3752 3600 3811 Manes

2020 3838 2182 3894 deum
2213 3839 2350 3894 dixit
2378 3847 2504 3892 ante
2532 3855 2592 3894 se
2626 3842 2952 3910 apparuisse
2982 3841 3125 3912 apud
3158 3843 3321 3900 Indos
3368 3852 3422 3900 et
3464 3845 3593 3902 Per-

2012 3944 2122 3996 sas,
2149 3945 2419 4002 quemque
2443 3931 2626 3987 Solem
2657 3932 2866 3988 vocavit
2901 3949 2924 3988 ε,
2951 3949 3076 3988 cum
3099 3933 3192 3991 illo
3219 3947 3401 3993 autem
3427 3939 3590 3997 etiam

2011 4021 2416 4077 anathematizo
2463 4038 2656 4093 preces
2699 4023 2974 4079 Zaradeas
3017 4025 3215 4082 dictas.
3257 4027 3596 4085 Anathema-o

2011 4114 2120 4169 tizo
2145 4123 2375 4172 cunctos
2404 4130 2431 4168 a
2457 4115 2614 4174 Mane
2644 4115 2939 4178 fabricatos
2967 4116 3099 4174 deos
3131 4138 3146 4174 :
3179 4119 3433 4177 videlicet
3454 4138 3584 4192 qua-

2010 4206 2327 4262 driformem
2371 4213 2580 4276 patrem
2613 4208 3032 4278 magnitudinis,
3064 4219 3118 4264 et
3161 4225 3286 4264 eum
3338 4211 3432 4280 qui
3476 4213 3584 4282 pri-

2009 4314 2133 4354 mus
2165 4299 2326 4351 homo
2364 4297 2587 4360 dicitur,
2635 4306 2691 4354 et
2732 4298 3160 4371 Coronigerum,
3209 4316 3274 4355 ac
3316 4317 3442 4357 eum
3491 4306 3584 4375 qui

2011 4388 2331 4442 nominatur
2371 4386 2538 4459 Virgo
2592 4388 2757 4454 lucis,
2791 4397 2905 4444 tum
2957 4390 3164 4445 lumine
3215 4391 3484 4458 alllatum,
3533 4404 3584 4454 et

2005 4481 2247 4550 quinque
2287 4481 2663 4552 intelligentiis
2706 4483 2966 4552 praeditos
3023 4483 3367 4553 splendores,
3417 4501 3570 4540 voca-

2005 4580 2233 4642 tumque
2261 4570 2546 4642 Opiﬁcem,
2580 4582 2633 4628 et
2662 4573 2732 4628 ab
2758 4574 2864 4629 hoc
2897 4575 3169 4644 prolatum
3195 4576 3407 4645 justum
3433 4579 3576 4647 judi-

2003 4681 2145 4731 cem,
2197 4680 2414 4721 necnon
2438 4665 2683 4735 baiulum
2708 4667 2801 4736 qui
2851 4674 3032 4736 portat
3063 4676 3290 4728 terram,
3323 4668 3451 4723 item
3485 4668 3556 4725 Se

2003 4773 2167 4824 nem,
2238 4764 2580 4828 cunctosque
2632 4773 2860 4828 prorsus
2913 4775 3053 4828 quos
3109 4759 3296 4815 Manes
3356 4761 3582 4829 conﬁgit

2003 4847 2156 4913 deos,
2190 4846 2419 4912 Aiones,
2451 4863 2515 4901 ac
2550 4846 2787 4902 lEonum
2836 4846 3061 4910 Aiones,
3121 4864 3462 4920 quaecunque
3485 4850 3582 4906 de-

2002 4955 2152 4995 mum
2186 4939 2255 4994 ab
2281 4955 2347 4994 eo
2371 4940 2655 4994 elaborata
2677 4950 2806 4994 sunt
2826 4939 2892 4994 de
2924 4939 3233 5009 gigantibus
3277 4947 3331 4994 ct
3375 4940 3586 4995 aborti.

2000 5031 2106 5086 vis.
2138 5029 2558 5086 Anathematizo
2591 5044 2782 5084 omnes
2831 5030 2925 5098 qui
2976 5029 3235 5084 dixerunt
3269 5037 3362 5084 aut
3386 5031 3583 5087 dicunt

2001 5130 2097 5177 aut
2118 5120 2319 5176 dicturi
2347 5126 2474 5176 sunt
2505 5120 2615 5174 duo
2637 5119 2903 5190 principia
2921 5120 3182 5190 ingenita,
3211 5121 3318 5176 sibi
3343 5122 3576 5177 invicem

1999 5213 2279 5286 Opposita:
2306 5213 2539 5267 alterum
2570 5211 2797 5272 bonum,
2823 5212 3052 5266 alterum
3080 5213 3302 5268 malum.
3335 5214 3577 5272 Anathe-

2000 5305 2202 5359 matizo
2234 5303 2566 5358 Marcionem
2597 5317 2724 5356 cum
2746 5300 3038 5356 Valentino
3067 5310 3121 5358 et
3160 5302 3418 5369 Basilide,
3452 5323 3577 5361 om-

2002 5411 2234 5468 nemque
2263 5395 2538 5450 hominem
2565 5395 2660 5466 qui
2685 5410 2851 5450 ausus
2888 5394 3008 5461 fuit,
3042 5395 3205 5450 audet
3232 5398 3314 5452 vel
3337 5412 3584 5457 ausurus

2076 5652 2183 5723 (72)
2215 5652 2721 5723 Φεγγοκάστοχον.
2750 5650 2880 5722 ch.
2915 5648 3328 5719 ψγγοκὰτοχον.
3365 5646 3443 5709 [De
