3888 6192
215 335 353 392 ηδε

1306 318 1881 382 RECOGNITIONES.
1912 349 1987 362 —
2005 319 2367 378 APPENDIX.

3345 322 3483 380 1466

215 449 429 523 ἀληθῶς
469 449 652 522 σαρκὶ,
691 448 787 504 καὶ
828 449 1126 521 τριήμερον
1168 448 1477 501 ἀναστάντα
1521 446 1597 510 ὼς
1643 442 1795 497 Θεόν.

1904 438 2271 508 incarnatum,
2302 449 2356 497 et
2380 440 2648 511 genitum,
2679 454 2898 497 necnon
2937 450 3129 495 revera
3159 454 3327 498 carne
3363 459 3485 499 cru-

229 541 635 616 Ἀναθεματίζω
675 544 802 606 τοὺς
836 542 929 596 τὸν
972 541 1209 613 Χριστὸν
1236 542 1494 611 λέγοντας
1535 536 1675 592 εἶναι
1700 537 1793 591 τον

213 637 387 710 ἥλιον,
418 638 510 691 καὶ
548 636 875 707 εὐχομένους
903 635 982 706 τῷ
1012 632 1168 707 ἡλίῳ,
1201 635 1233 707 ἢ
1262 637 1328 705 τῇ
1362 634 1583 706 σελήνῃ,
1615 632 1648 703 ἢ
1680 634 1795 695 τοῖς

214 730 458 802 ἄστροις,
492 730 585 783 καὶ
606 728 745 793 ὅλως
790 727 977 790 αὐτοῖς
1004 726 1079 790 ὡς
1108 726 1251 789 θεοῖς
1280 725 1665 797 προσέχοντας,
1698 721 1817 791 και

215 823 544 893 φανοτάτους
598 820 752 885 θεοὺς
781 820 1213 883 ἀποκαλοῦντας·
1259 818 1352 872 καὶ
1392 817 1519 880 τοὺς
1551 816 1624 887 μὴ
1658 815 1795 887 πρὸς

213 910 479 974 ἀνατολὰς
518 910 677 982 μόνον
706 908 782 981 τῷ
807 909 996 980 ἀληθεῖ
1022 908 1142 979 Θεῷ
1176 907 1522 979 εὐχομένους,
1564 906 1697 960 ἀλλὰ
1726 906 1794 976 τῇ

210 1004 308 1058 τοῦ
339 1004 486 1075 ὴλίου
517 1003 725 1074 κινήσει
754 1002 1327 1075 συμπεριφερομένους
1349 1004 1406 1055 έν
1424 1001 1545 1063 ταῖς
1578 998 1797 1071 μυρίαις

213 1097 394 1151 αὐτῶν
425 1098 773 1169 προσευχαῖς.
818 1092 1225 1166 Ἀναθεματίζω
1248 1094 1375 1157 τοὺς
1404 1091 1496 1146 τὸν
1527 1091 1795 1162 Ζαράδην,

212 1191 308 1244 καὶ
326 1190 416 1244 τὸν
446 1190 664 1254 Βουδᾶν,
694 1192 787 1244 καὶ
814 1190 905 1244 τὸν
932 1188 1187 1271 Χριστὸν,
1220 1189 1313 1241 καὶ
1346 1186 1436 1240 τὸν
1470 1187 1795 1256 Μανιχαῖον,

213 1281 417 1337 καὶτὸν
442 1281 611 1353 ἣλιον,
637 1282 733 1337 ἕνα
748 1281 843 1335 καὶ
864 1280 956 1333 τὸν
982 1264 1144 1332 αὐτὸν
1164 1273 1303 1331 εἶναι
1334 1276 1607 1346 λέγοντας.
1646 1275 1800 1327 Ἀνα-

213 1374 493 1444 θεματίζω
547 1375 675 1438 τοὺς
722 1373 814 1427 τὸν
865 1370 1257 1444 Παράκλητον,
1313 1368 1371 1422 δν
1440 1366 1800 1438 ἐπηγγείλατο

214 1465 454 1537 πέμπειν
473 1466 501 1519 ό
516 1465 739 1537 Κύριος,
767 1464 1083 1535 τολμῶντας
1106 1461 1286 1530 λέγειν
1314 1460 1405 1514 τὸν
1425 1459 1658 1513 δείλαιον
1685 1457 1802 1512 Μά-

213 1575 393 1623 νεντα,
435 1557 529 1611 καὶ
566 1556 639 1629 μὴ
678 1556 1072 1628 ὁμολογοῦντας
1110 1554 1201 1608 τὸν
1231 1552 1478 1623 ἀληθινὸν
1508 1551 1801 1622 Παράκλη-

214 1666 309 1703 τον
339 1650 401 1703 τὸ
438 1649 663 1721 Πνεῦμα
689 1650 789 1720 τῆς
815 1647 1094 1720 ἀληθείας,
1140 1645 1169 1701 ὃ
1215 1647 1331 1709 τοῖς
1359 1644 1537 1713 ἁγίοις
1564 1641 1798 1721 Χριστοῦ

219 1740 487 1813 μαθηταῖς
516 1711 609 1793 καῖ
632 1711 947 1801 ἀποστόλοις
971 1737 1329 1808 ὲπεφοίτησεν
1362 1711 1420 1789 ὲν
1446 1737 1512 1806 τῇ
1533 1711 1798 1804 τῆςῖιεν-

214 1834 489 1905 τηκοστῆς
517 1832 720 1904 ἡμέρᾳ,
762 1830 829 1885 δι’
851 1826 911 1885 οῦ
937 1831 1030 1885 καὶ
1059 1828 1161 1894 τὰς
1184 1828 1292 1882 ὑπὸ
1313 1828 1407 1881 τὸν
1433 1826 1661 1899 οὐρανὸν
1683 1826 1800 1879 δια-

215 1925 440 1989 λέκτους
463 1924 728 1994 ἔγνωσαν,
759 1923 855 1977 καὶ
885 1922 1113 1994 νεκροὺς
1139 1922 1394 1993 ἤγειραν,
1445 1920 1539 1972 καὶ
1567 1918 1635 1972 τά
1664 1916 1799 1973 ἄλλα

217 2019 498 2092 παράδοξα
517 2019 858 2089 εἰργάσαντο.
897 2016 1091 2071 Ἀναθε
1101 2014 1307 2087 ματίζω
1320 2015 1447 2078 τοὺς
1469 2012 1570 2078 τὰς
1599 2012 1695 2067 ἀνθ
1706 2030 1801 2084 ρω-

217 2112 378 2176 πίνας
398 2111 576 2183 ψυχὰς
602 2111 860 2180 λέγοντας
900 2108 1217 2181 όμοουσίους
1253 2103 1390 2161 εἶναι
1422 2105 1499 2178 τῷ
1530 2105 1670 2177 θεῷ,
1708 2107 1802 2159 καὶ

218 2204 324 2257 ὑπὸ
355 2204 454 2274 τῆς
496 2201 629 2274 ὐλης
657 2201 1050 2273 καταποθῆναι,
1083 2199 1177 2254 καὶ
1218 2196 1543 2263 καθέζεσθαι
1574 2196 1669 2251 νῦν
1708 2197 1801 2250 τὸν

218 2295 370 2359 Θεὸν,
403 2295 496 2347 καὶ
518 2293 719 2357 ταύτας
736 2292 1007 2360 ἐξαντλεῖν
1036 2290 1281 2345 κάτωθεν
1302 2289 1389 2344 διὰ
1411 2289 1506 2342 τοῦ
1536 2289 1687 2361 ἡλίου
1709 2289 1802 2342 καὶ

216 2388 318 2458 τῆς
364 2386 614 2459 σελήνης,
658 2386 695 2441 ἀ
725 2386 818 2439 καὶ
864 2384 1022 2439 πλοῖα
1064 2384 1338 2439 καλοῦσιν.
1391 2381 1801 2455 Ἀναθεματίζω

217 2477 348 2541 τοὺς
378 2477 478 2549 τὴν
516 2475 934 2548 μετεμψύχωσιν
963 2472 1284 2541 δοξάζοντας
1309 2474 1377 2546 ἢν
1408 2473 1563 2527 αὐτοὶ
1602 2472 1800 2527 καλοῦ-

222 2586 305 2623 σιν
342 2567 711 2639 μεταγγισμδν
730 2565 940 2637 ψυχῶν,
965 2567 1059 2619 καὶ
1088 2567 1214 2629 τοὺς
1232 2565 1331 2629 τὰς
1365 2564 1594 2636 βοτάνας
1615 2564 1710 2617 καὶ
1731 2563 1801 2618 τὰ

221 2658 363 2728 φυτά
391 2659 483 2713 καὶ
510 2658 572 2711 τὸ
603 2658 745 2730 ὕδωρ
773 2657 868 2711 καὶ
893 2656 962 2711 τὰ
994 2655 1130 2711 ἄλλα
1168 2657 1364 2723 πάντα,
1404 2655 1623 2727 ἔμψυχα
1662 2651 1800 2710 εἶναι

221 2745 719 2818 ὑπολαμϐάνοντας,
744 2748 982 2812 καὶτοὺς
1007 2747 1178 2801 ταῦτα
1209 2746 1525 2811 κόπτοντας,
1552 2746 1674 2817 ἦτοι
1715 2744 1801 2799 λέ-

222 2854 437 2907 γοντας,
466 2839 545 2902 είς
582 2839 765 2892 ὲκεῖνα
803 2837 1302 2911 μεταϐληθήσεσθαι
1348 2838 1671 2907 φάσκοντας,
1704 2837 1801 2892 καὶ

223 2930 370 3000 ἡμᾶς
388 2929 516 2993 τοὺς
542 2930 900 3001 Χριστιανοὺς
933 2931 1061 2993 τοὺς
1098 2928 1172 3001 μὴ
1200 2926 1675 3000 παραδεχομένους
1701 2926 1801 2990 τὰς

222 3018 476 3083 τοιαύτας
509 3018 831 3090 μυθολογίας
860 3017 1158 3082 καλοῦντας
1197 3015 1538 3089 Ἀπλαρίους.
1576 3014 1796 3069 ’Δναθε-

1898 530 2143 597 cillxum,
2174 547 2304 587 vere
2335 545 2504 586 carne
2533 537 2835 598 mortuum,
2870 529 3145 601 tertioque
3173 531 3263 588 die
3303 535 3485 589 susci-

1898 633 2093 692 tatum,
2116 634 2306 696 utpote
2341 625 2532 680 Deum.
2554 624 2971 679 Anathematizo
2986 640 3081 680 eos
3099 626 3192 695 qui
3210 626 3485 684 aliirmant

1896 717 2175 772 Christum
2195 733 2318 774 esse
2332 718 2524 782 solem,
2543 727 2596 774 et
2612 717 2680 772 ad
2698 719 2892 784 solem,
2910 720 2994 775 vel
3013 721 3219 790 lunam,
3233 724 3315 779 vel
3334 731 3484 777 astra

1896 825 2090 880 preces
2145 811 2420 877 deferunt,
2443 813 2791 882 omninoque
2819 812 2927 869 illis
2946 822 3006 868 ut
3028 813 3136 869 diis
3167 817 3480 879 attendunt,

1895 911 2205 974 vocantque
2259 905 2391 960 deos
2442 903 2815 961 lucidissimos
2864 906 3042 961 :item
3079 923 3174 964 eos
3228 909 3321 979 qui
3370 925 3484 965 non

1897 998 2060 1054 modo
2086 999 2155 1053 ad
2186 996 2467 1054 Orientem
2508 1014 2639 1054 vero
2673 998 2784 1055 Deo
2814 1001 3151 1070 supplicant,
3185 1000 3281 1056 sed
3326 1001 3483 1071 juxta

1898 1102 2106 1148 motum
2138 1092 2272 1148 solis
2294 1091 2692 1148 circumferunt
2717 1108 2776 1148 se
2798 1094 2854 1147 in
2878 1095 2993 1150 suis
3024 1094 3328 1150 innumeris
3356 1112 3485 1150 ora-

1899 1184 2161 1241 tionibus.
2181 1184 2599 1239 Anathematizo
2621 1185 2745 1240 illos
2780 1185 2874 1255 qui
2900 1184 3164 1241 Zaradem
3188 1193 3245 1241 et
3272 1186 3485 1243 Budam

1899 1288 1955 1332 et
1981 1275 2263 1333 Christum
2300 1284 2353 1331 et
2394 1276 2755 1332 Manichacum
2796 1285 2851 1333 et
2892 1278 3085 1343 solem,
3120 1294 3293 1337 unum
3326 1295 3482 1335 eum-

1900 1368 2135 1440 demque
2163 1384 2285 1424 esse
2309 1368 2523 1423 dicunt.
2545 1370 2962 1424 Anathematizo
2989 1385 3083 1425 cos
3101 1370 3195 1441 qui
3227 1368 3484 1426 Paracle—

1899 1468 2018 1515 tum
2066 1475 2227 1531 quem
2266 1459 2530 1517 Dominus
2564 1461 2862 1517 missurum
2894 1477 2953 1517 se
2978 1462 3252 1532 promisit,
3279 1463 3485 1519 audent

1901 1553 2084 1609 dicere
2114 1553 2378 1608 miserum
2412 1553 2702 1617 Manetem,
2731 1569 2908 1625 neque
2932 1558 3263 1611 confitentur
3290 1572 3483 1612 verum

1900 1643 2245 1701 Paraclctum
2272 1641 2536 1716 Spiritum
2558 1646 2824 1707 veritatis.
2841 1647 2933 1717 qui
2958 1647 3013 1702 in
3032 1658 3255 1705 sanctos
3274 1647 3485 1706 Christi

1901 1732 2203 1803 discipulos
2245 1749 2309 1788 ac
2348 1736 2627 1804 apostolos
2658 1735 2943 1791 descendit
2978 1738 3067 1794 die
3090 1736 3444 1797 Pentecostes
3465 1781 3481 1805 ,

1902 1842 2000 1896 per
2045 1841 2208 1896 quem
2242 1833 2297 1881 et
2331 1826 2501 1881 totius
2528 1826 2677 1883 orbis
2708 1828 2921 1899 linguas
2953 1837 3114 1885 notas
3145 1830 3481 1897 habuerunt,

1903 1936 1967 1975 ac
1998 1926 2248 1973 mortuos
2288 1918 2661 1983 suscitarunt,
2693 1919 2912 1991 aliaque
2956 1920 3225 1975 miracula
3269 1923 3484 1993 operati

1903 2017 2051 2067 sunt.
2092 2009 2509 2066 Anathematizo
2546 2025 2642 2066 eos
2673 2012 2769 2082 qui
2803 2010 3072 2067 humanas
3115 2014 3327 2074 animas
3373 2013 3485 2072 Deo

1901 2098 2407 2154 consubstantiales
2452 2098 2674 2163 dicunt,
2716 2107 2771 2155 et
2813 2116 2844 2154 a
2890 2103 3119 2157 materia
3164 2104 3481 2170 absorberi.

1902 2205 2160 2260 nuncque
2189 2188 2385 2246 sedere
2423 2188 2595 2245 Deum
2640 2205 2705 2245 ac
2746 2205 2840 2246 eas
2873 2191 3095 2247 haurire
3130 2192 3198 2247 ab
3229 2193 3341 2249 imo
3385 2211 3486 2265 per

1904 2289 2073 2343 solem
2095 2296 2149 2343 et
2178 2288 2385 2351 lunam,
2416 2296 2541 2358 quae
2569 2289 2731 2343 etiam
2758 2286 2975 2359 navigia
3007 2300 3223 2346 vocant.
3250 2290 3487 2348 Anathe—

1902 2381 2101 2436 matizo
2143 2396 2239 2437 eos
2268 2380 2364 2451 qui
2396 2380 2910 2452 metempsychosim
2958 2380 3274 2452 admittunt,
3316 2400 3485 2455 quam

1903 2473 2008 2543 ipsi
2040 2473 2327 2528 nominant
2365 2473 2671 2527 animarum
2715 2472 2783 2527 de
2817 2488 2945 2527 vase
2980 2474 3036 2527 in
3069 2490 3167 2530 vas
3199 2475 3487 2547 migratio—

1902 2581 2067 2622 nem:
2110 2574 2372 2636 prazterea
2416 2580 2511 2621 eos
2550 2565 2639 2635 qui
2687 2564 2910 2629 herbas,
2964 2566 3219 2636 plantas,
3262 2583 3483 2639 aquam,

1903 2668 2206 2729 cmteraque
2248 2658 2435 2713 omnia
2478 2664 2675 2727 putant
2715 2672 2840 2713 esse
2900 2658 3174 2724 animata,
3223 2659 3488 2725 aiuntque

1903 2767 2092 2807 eorum
2118 2758 2363 2806 sectores
2405 2758 2499 2803 aut
2528 2749 2852 2804 collectores
2886 2747 2942 2801 in
2985 2749 3075 2802 illa
3118 2756 3490 2805 transmutan-

1904 2843 2038 2909 dos;
2075 2858 2177 2898 nos
2208 2850 2389 2896 autem
2414 2841 2785 2902 Christianos,
2818 2840 2913 2912 qui
2965 2840 3283 2911 hujusmodi
3328 2842 3489 2898 fabu-

1906 2935 2054 2990 losos
2084 2949 2367 2989 sermones
2397 2934 2621 2988 minime
2655 2933 2974 3003 recipimus,
3015 2934 3291 3002 appellant
3336 2932 3475 2988 Sim-

1904 3026 2095 3097 plices.
2122 3025 2536 3080 Anathematizo
2564 3040 2659 3080 eos
2696 3032 2809 3077 tum
2841 3024 2933 3093 qui
2961 3024 3277 3077 inﬁciantur
3304 3026 3489 3082 carnis

228 3110 439 3183 ματίζω
464 3112 592 3175 τοὺς
608 3110 977 3184 ἀρνουμένους
998 3109 1096 3181 τὴν
1116 3109 1224 3163 τῶν
1243 3108 1463 3181 σαρκῶν
1478 3106 1796 3169 ἀνάστασιν,

1904 3118 2398 3184 resurrectionem;
2443 3124 2560 3169 tum
2594 3115 2689 3186 qui
2734 3115 3191 3169 inhumanitatem
3248 3116 3483 3180 docent,

225 3201 317 3256 καὶ
358 3203 482 3266 τοὺς
508 3200 901 3274 ἀπανθρωπίαν
940 3200 1311 3264 διδάσκοντας,
1344 3199 1440 3254 καὶ
1474 3198 1548 3270 μὴ
1588 3214 1800 3267 συγχω-

230 3290 458 3364 ροῦντας
473 3290 711 3345 δίδοσθαι
728 3290 941 3360 πένησι,
960 3289 1194 3354 καὶτοὺς
1209 3289 1271 3343 τὸ
1287 3288 1630 3353 αὐτεξούσιον
1653 3289 1803 3342 ἀναι·

230 3383 575 3455 ροῦντας,καὶ
590 3382 663 3454 μὴ
677 3382 761 3452 ἐφ’
772 3385 805 3452 ή
815 3386 904 3454 μῖν
915 3379 1053 3438 εἶναι
1068 3381 1324 3450 λέγοντας
1337 3382 1398 3435 τὸ
1415 3377 1550 3437 εἶναι
1567 3380 1751 3443 καλοῖς
1767 3381 1801 3451 ἦ

226 3480 439 3541 κακοῖς,
459 3476 690 3541 καὶτοὺς
705 3476 1005 3547 βρωμάτων
1017 3474 1317 3547 ἀπέχεσθαι
1347 3474 1800 3546 προστάττοντας,

224 3569 261 3624 ἀ
278 3572 306 3623 ὁ
321 3569 452 3634 Θεὸς
467 3568 679 3622 ἔκτισεν
694 3570 773 3633 εἰς
790 3566 1109 3639 μετάληψιν.
1128 3565 1316 3622 Ἀναθε
1323 3564 1534 3637 ματίζω
1547 3566 1673 3629 τοὺς
1691 3567 1803 3629 τοῖς

224 3664 446 3728 οἰκείοις
470 3662 650 3735 οὔροις
677 3663 904 3726 ἑαυτοὺς
936 3659 1268 3733 μιαίνοντας,
1296 3661 1391 3713 καὶ
1424 3660 1499 3731 μὴ
1543 3657 1806 3731 ἀνεχομέ-

226 3772 351 3819 νους
378 3754 477 3819 τὰς
519 3754 794 3826 ρυπαρίας
828 3751 1008 3809 αὐτῶν
1038 3751 1195 3805 ὕδατι
1234 3749 1584 3816 ἀποπλύνειν,
1612 3750 1698 3803 ἵνα
1730 3749 1803 3821 μὴ

232 3846 486 3919 μολυνθῇ,
505 3846 658 3914 φασὶ,
691 3846 749 3898 τὸ
770 3843 932 3916 ὕδωρ.
967 3842 1370 3914 ’Δναθεματίξω
1386 3843 1512 3905 τοὺς
1528 3839 1627 3911 τὴν
1656 3839 1832 3921 παρὰ,

228 3938 389 4010 φύσιν
418 3937 805 4009 ἀσχημοσύνην
839 3937 1343 4010 κατεργαζομένους
1363 3975 1377 4000 ,
1406 3936 1466 3990 οὐ
1511 3935 1671 4007 μόνον
1711 3934 1806 3989 ἇν-

226 4030 381 4101 δρας,
415 4029 549 4084 ἀλλά
576 4030 669 4084 καὶ
701 4031 983 4099 γυναῖκας,
1020 4030 1112 4082 τὸν
1136 4029 1193 4082 δὲ
1230 4030 1406 4101 γάμον
1434 4027 1806 4098 ἀποϐαλλομέ-

228 4138 371 4188 νους,
400 4122 495 4175 καὶ
517 4121 619 4192 τῆς
645 4121 1038 4192 νενομισμένης
1062 4120 1197 4191 πρὸς
1212 4120 1313 4185 τὰς
1330 4123 1596 4191 γυναῖκας
1621 4136 1809 4172 συνου-

232 4214 351 4278 σίας
390 4213 778 4285 ἀπεχομένους,
808 4215 895 4268 ἵνα
938 4213 1013 4284 μὴ
1042 4212 1492 4285 παιδοποιήσωσι,
1530 4211 1684 4281 φασὶ,
1715 4211 1808 4266 καὶ

227 4305 407 4379 ψυχὰς
433 4309 511 4371 εἰς
534 4307 623 4361 τὸν
654 4306 910 4379 βόρϐορον
938 4305 1047 4360 τῶν
1074 4305 1427 4376 ἀνθρωπίνων
1456 4305 1647 4377 ψυχῶν
1676 4323 1809 4359 κατ-

230 4402 524 4469 ἀγάγωσιν.

1904 3226 2004 3265 nec
2031 3208 2336 3264 concedunt
2363 3207 2663 3279 quidquam
2700 3208 2819 3263 dari
2849 3189 3217 3280 pauperibus;
3252 3215 3365 3261 tum
3390 3207 3486 3277 qui

1904 3302 2106 3356 tollunt
2125 3302 2356 3356 liberum
2382 3302 2693 3365 arbitrium,
2730 3302 3201 3371 pronuntiantque
3225 3316 3333 3353 non
3362 3315 3487 3357 esse

1904 3393 1962 3447 in
2002 3401 2192 3448 nostra
2223 3399 2494 3462 potestate
2534 3403 2591 3449 ut
2640 3392 2766 3446 boni
2804 3400 2899 3446 aut
2937 3392 3065 3445 mali
3115 3392 3310 3456 simus,
3364 3400 3483 3445 tum

1906 3487 1998 3558 qui
2035 3487 2359 3557 przecipiunt
2404 3485 2680 3540 abstinere
2723 3485 2882 3550 cibis,
2933 3500 3072 3555 quos
3117 3483 3262 3540 Deus
3299 3492 3358 3537 ut
3391 3500 3486 3539 su-

1906 3589 2124 3635 mantur
2149 3580 2374 3635 creavit.
2407 3578 2824 3633 Anathematizo
2854 3566 3067 3646 cosqui
3102 3591 3160 3631 se
3202 3591 3300 3631 sua
3326 3577 3487 3632 urina

1912 3670 2222 3736 sordidant,
2257 3685 2358 3726 nec
2383 3670 2657 3725 sustinent
2679 3684 2820 3739 aqua
2848 3684 2978 3723 suas
3008 3666 3198 3722 sordes
3229 3666 3449 3721 abluere
3468 3706 3484 3731 ,

1908 3778 1996 3825 ne,
2027 3762 2304 3831 inquiunt,
2342 3775 2483 3830 aqua
2513 3760 2808 3830 polluatur.
2832 3758 3252 3832 Anathematizo
3275 3772 3369 3811 eos
3390 3758 3487 3827 qui

1908 3860 2119 3909 naturae
2159 3852 2492 3907 contrariam
2538 3849 2935 3922 turpitudinem
2987 3855 3324 3918 perpetrant,
3376 3865 3488 3905 non

1908 3948 2085 4004 solum
2117 3948 2286 4011 viros,
2307 3946 2401 4001 sed
2431 3952 2485 3999 et
2515 3944 2775 4013 feminas;
2810 3944 3030 4014 nuptias
3058 3960 3187 3999 vero
3206 3942 3485 4012 rejiciunt,

1907 4048 1961 4097 et
2001 4040 2239 4110 legitima
2271 4054 2395 4092 cum
2418 4038 2740 4092 mulieribus
2763 4036 3162 4092 consuetudine
3187 4036 3485 4098 abstinent,

1908 4152 1977 4190 ne
1995 4136 2200 4191 liberos
2217 4133 2538 4203 suscipiant,
2556 4133 2830 4202 inquiunt,
2846 4133 3167 4202 animasque
3179 4130 3245 4184 ad
3265 4144 3485 4184 caenum

1909 4227 2274 4282 humanarum
2302 4226 2612 4280 animarum
2653 4215 2947 4280 deducant.

314 4466 715 4563 ’Ᾰναθεματίζω
742 4491 834 4545 καὶ
862 4491 1280 4562 καταθεματίζω
1304 4490 1513 4553 πάντας
1539 4491 1665 4553 τοὺς
1682 4490 1803 4543 Μα-

1975 4470 2063 4525 Ill.
2106 4471 2465 4527 Anathemate
2510 4476 2566 4523 et
2611 4467 2973 4523 catathemate
3020 4466 3265 4535 percutio
3295 4477 3488 4518 omnes

230 4585 490 4655 νιχαξους,
525 4585 618 4639 καὶ
664 4584 732 4637 τὰ
775 4582 979 4637 τούτων
1024 4584 1352 4655 φρονήματα
1402 4582 1496 4635 καὶ
1540 4581 1804 4653 δόγματα,

232 4676 329 4728 σὺν
371 4675 562 4737 αὐταῖς
600 4673 798 4744 ψυχαῖς
839 4689 899 4726 τε
930 4673 1024 4726 καὶ
1053 4670 1289 4743 σώμασι,
1314 4672 1407 4729 καὶ
1449 4670 1519 4725 τὰ
1567 4670 1807 4744 μυσαρὰ,

229 4769 325 4823 καὶ
354 4766 659 4839 ἀκάθαρτα,
694 4767 789 4821 καὶ
816 4766 1070 4837 γοητείας
1098 4765 1281 4837 πλήρη
1314 4766 1609 4837 μυστήρια,
1634 4764 1728 4817 καὶ
1750 4763 1810 4816 τὸ

230 4860 562 4930 καλούμενον
606 4857 784 4911 αὐτῶν
830 4857 1012 4928 Βῆμα,
1054 4858 1148 4912 καὶ
1193 4856 1371 4913 πάντα
1419 4856 1519 4909 ὅσα
1564 4853 1810 4909 τελοῦσιν

229 4951 425 5014 ἀθέως,
455 4950 491 5004 ἃ
524 4952 644 5013 ταῖς
688 4950 1073 5019 Μανιχαῖκαῖς,
1109 4948 1308 5019 μᾶλλον
1342 4948 1398 5001 δὲ
1434 4949 1811 5018 γοητευτικαῖς

228 5041 409 5096 αὐτῶν
458 5041 768 5111 περιέχεται
808 5040 1051 5111 βιϐλίοις.
1086 5038 1491 5110 Ἀναθεματίζω
1536 5039 1713 5092 πάντα
1741 5038 1811 5091 τὰ

229 5136 475 5206 δόγματα
503 5135 597 5187 καὶ
628 5132 1031 5204 συγγράμματα
1058 5132 1153 5185 τοῦ
1175 5132 1470 5196 Μάνεντος,
1492 5133 1586 5185 καὶ
1613 5132 1673 5184 τὸ
1701 5130 1808 5183 τῶν

244 5226 616 5282 Ἐπιστολῶν
644 5225 809 5280 αὐτοῦ
840 5225 1062 5295 βιϐλίον,
1094 5227 1187 5279 καὶ
1209 5226 1389 5288 πάσας
1415 5225 1514 5288 τὰς
1540 5226 1810 5294 Μανιχαῖ-

230 5318 333 5381 κάς
379 5317 620 5388 βίϐλουςο
666 5310 778 5371 οἷον
826 5318 887 5370 τὸ
930 5317 1246 5389 νεκροποιὸν
1290 5316 1439 5388 αὐτῷ
1470 5316 1583 5389 (75)
1616 5319 1809 5385 Εὐαγ-

229 5409 451 5480 γέλιον,
481 5411 618 5481 ὅπερ
663 5407 775 5469 ζῶν
815 5408 1068 5463 καλοῦσι’
1119 5411 1215 5463 καὶ
1256 5408 1348 5463 τὸν
1396 5408 1667 5481 θησαυρὸν
1714 5407 1809 5461 τοῦ

232 5501 483 5568 θανάτου,
506 5501 564 5555 δν
592 5501 809 5569 λέγουσι
834 5500 1150 5570 Θησαυρόν
1171 5500 1319 5569 ζωῆς
1337 5519 1351 5532 ·
1378 5502 1472 5554 καὶ
1500 5500 1597 5573 τὴν
1625 5501 1813 5554 καλου-

236 5592 403 5665 μένην
436 5595 797 5663 Μυστηρίων
831 5594 1031 5665 βίϐλον,
1060 5595 1118 5647 ὲν
1208 5592 1535 5663 ἀνατρέπειν
1572 5592 1810 5664 πειρῶν-

309 5771 421 5842 (75)
459 5770 648 5839 Αὐτῷ.
679 5768 809 5843 Leg.
838 5769 1034 5828 αὐτῶν.
1060 5768 1264 5830 ϐοτη.

1911 4565 2257 4627 Manichaeos.
2290 4577 2588 4631 eorumque
2629 4560 2928 4616 sententias
2969 4565 3022 4612 et
3052 4557 3327 4627 dogmata,
3358 4570 3486 4608 cum

1910 4661 2047 4731 ipsis
2089 4657 2377 4712 animabus
2405 4662 2459 4710 et
2488 4653 2833 4723 corporibus,
2866 4658 2919 4705 et
2958 4648 3344 4711 abominanda,
3379 4648 3487 4701 im-

1910 4768 2046 4823 pura
2093 4748 2605 4821 prmstigiarumque
2648 4744 2809 4813 plena
2837 4742 3114 4813 mysteria,
3148 4747 3201 4794 ct
3229 4748 3483 4793 vocatum

1910 4847 2128 4901 illorum
2159 4842 2356 4909 Bema;
2389 4840 2683 4908 omniaque
2712 4851 2833 4906 quae
2871 4833 3035 4903 impie
3063 4840 3487 4903 peragunt,quae

1912 4938 1969 4992 in
2000 4934 2376 4997 Manichaicis,
2408 4932 2581 5001 magis
2613 4936 2792 4982 autem
2822 4915 3256 4996 prmstigiatoriis
3294 4940 3483 4979 eorum

1911 5030 2067 5087 libris
2108 5029 2476 5083 continentur.
2507 5017 2924 5074 Anathematizo
2966 5032 3156 5071 omnes
3199 5014 3487 5084 opiniones

1911 5138 1976 5177 ac
2026 5122 2194 5176 libros
2241 5116 2492 5180 Manetis,
2524 5122 2689 5184 atque
2719 5108 3083 5178 Epistolarum
3138 5107 3284 5159 illius
3328 5106 3484 5159 vola-

1911 5230 2058 5277 men,
2092 5218 2399 5280 cunctaque
2431 5205 2635 5274 scripta
2664 5200 3001 5256 Manichaica
3037 5218 3050 5259 :
3082 5197 3250 5252 veluti
3289 5197 3486 5250 morti-

1912 5306 2087 5360 ferum
2128 5317 2318 5359 eorum
2360 5296 2703 5368 Evangelium
2735 5337 2750 5362 ,
2779 5292 2925 5363 quod
2953 5292 3126 5346 vivum
3168 5288 3485 5357 appellant;

1913 5413 1975 5452 ac
2004 5396 2346 5451 Thesaurum
2380 5390 2595 5453 mortis,
2628 5402 2789 5459 quem
2818 5386 3009 5439 dicunt
3042 5382 3367 5435 Tliesaurum
3409 5380 3487 5432 vi.

1914 5500 2010 5553 ιιν;
2041 5498 2095 5545 et
2124 5488 2321 5543 librum
2355 5484 2517 5539 titulo
2551 5480 2945 5551 Mysteriorum,
2982 5478 3037 5529 in
3070 5489 3177 5544 quo
3216 5473 3388 5540 legem
3422 5485 3487 5527 ac

1912 5581 2207 5654 prophetas
2234 5587 2479 5636 evertere
2506 5578 2789 5639 nituntur;
2820 5578 2873 5626 et
2910 5570 3109 5624 librum
3142 5563 3487 5637 Apocryplto.
