3888 6192
384 258 522 314 N67

1252 258 1312 315 S.
1353 256 1750 315 CLEMENTIS
1790 256 1809 311 l
1848 254 2016 313 ROM.
2057 256 2258 317 ΡΟΝΤ.
2296 256 2525 316 (JPERA
2561 258 2789 318 DUBIA.

3504 253 3647 309 ηδε

378 379 521 433 runt,
550 380 607 425 et
661 369 828 426 aium
870 370 1418 436 Commentariorum;
1454 371 1584 427 item
1632 368 1703 425 ab
1741 365 1858 424 Ada
1906 377 1995 429 et.

2084 388 2151 423 :at
2191 370 2355 442 νόμον
2381 371 2475 426 καὶ
2502 371 2784 443 προφήτας
2805 386 2818 399 ο
2853 367 2946 423 καὶ
2971 368 3070 439 τὴν
3093 366 3201 421 τῶν
3238 365 3643 434 Ἀποκρύερων

378 462 673 517 Adimanto
710 464 1085 533 conscriptum
1130 464 1395 519 adversus
1444 462 1685 533 Moysem
1729 459 1966 530 prophe-

379 561 577 625 tasque
612 554 786 621 alios;
820 569 919 608 nec
969 570 1081 609 non
1133 556 1334 609 librum
1382 552 1577 625 Agapii
1610 549 1964 622 Heptalogum

380 647 625 711 nomine,
654 645 1073 717 Aristocritique
1102 644 1252 717 Opus
1294 645 1439 715 quod
1478 644 1877 712 Theosophiam,
1908 638 1965 695 id

381 747 486 804 est,
519 738 613 794 Dei
641 738 963 810 sapientiam
996 738 1313 809 inscripsit;
1342 739 1395 793 in
1427 752 1535 807 quo
1555 734 1845 791 ostendere
1872 748 1967 789 co-

381 843 545 887 natur
570 831 937 896 Judaismum,
970 832 1371 902 paganismum,
1402 828 1891 885 Christianismum
1911 833 1967 883 et

381 921 840 980 Manichaismum
888 939 1055 981 unum
1100 938 1225 978 esse
1265 921 1520 991 idemque
1548 919 1774 990 dogma;
1801 927 1968 987 utque

380 1016 684 1086 probabilia
707 1016 961 1072 videatur
992 1016 1198 1081 dicere,
1232 1014 1503 1070 Manetem
1532 1027 1752 1083 quoque
1790 1009 1969 1081 arguit

379 1114 642 1178 tanquam
688 1108 921 1162 malum.
959 1107 1269 1163 Anathema
1310 1113 1367 1162 et
1409 1104 1720 1160 catatbema
1746 1102 1968 1174 profero

381 1188 647 1256 adversus
699 1214 891 1255 omnes
938 1198 1293 1267 Manichaaos,
1324 1213 1515 1253 omnes
1546 1212 1739 1252 eorum
1770 1196 1965 1260 libros,

378 1304 572 1344 omnes
604 1304 817 1358 preces,
839 1288 949 1342 imo
976 1289 1305 1359 praastigias,
1338 1304 1532 1344 omnes
1554 1302 1745 1343 eorum
1775 1285 1967 1351 duces,

380 1381 695 1451 magistros,
729 1381 1039 1451 episcopos,
1063 1382 1416 1451 presbyteros
1434 1423 1450 1446 ,
1485 1381 1714 1443 electos,
1740 1379 1966 1442 electas,

381 1470 685 1531 auditores.
717 1470 1046 1542 discipulos,
1077 1485 1201 1525 cum
1242 1470 1531 1525 animabus
1548 1477 1601 1525 et
1620 1468 1968 1539 corporibus,

381 1562 659 1633 irnpiaque
699 1563 1015 1619 traditione.
1050 1563 1470 1619 Anathematizo
1500 1568 1709 1632 patrem
1740 1559 1971 1615 Manetis

380 1652 684 1720 Patecium,
718 1663 778 1711 ut
798 1655 1114 1712 mendacem
1138 1662 1190 1710 et
1209 1656 1476 1710 mendacii
1495 1662 1702 1726 patrem
1729 1671 1743 1720 ;
1780 1651 1969 1707 itidem

2066 464 2159 518 καὶ
2184 464 2283 537 τὴν
2308 464 2417 517 τῶν
2464 460 3097 533 Ἀπομνημονευμάτιιη·
3115 478 3129 491 ·
3158 460 3251 513 καὶ
3276 458 3371 529 τὴν
3399 474 3653 527 γεγραμ-

2070 555 2238 626 μένην
2278 556 2412 626 Ἀδᾳ
2449 555 2541 609 καὶ
2583 554 2931 625 ’Δδειμάντῳ,
2963 552 3102 606 κατὰ
3120 549 3385 612 Μωῡσέως
3417 550 3507 601 καὶ
3537 548 3649 601 τῶν

2065 648 2241 702 ἄλλων
2288 647 2612 719 προφητῶν·
2663 648 2757 700 καὶ
2801 646 2901 716 τὴν
2945 643 3240 714 λεγομένην
3283 638 3654 713 Ἑπτάλοτον

2080 740 2371 808 Ἀγαπίουο
2401 742 2495 793 καὶ
2521 738 2618 810 τὴν
2646 737 3046 809 Ἀριστοκρίτου
3073 734 3270 805 βίϐλον,
3288 734 3351 804 ἢν
3377 729 3654 801 ἐνέγραψε

2070 830 2427 899 Θεοσοφίαν,
2456 830 2513 882 ὲν
2608 830 2863 899 πειρᾶται
2887 825 3156 880 δεικνύναι
3185 823 3276 876 τὸν
3318 820 3656 890 Ἰουδαῖσμὸν

2067 920 2283 974 καὶτὸν
2325 919 2673 991 Ἐλληνισμδν
2714 920 2809 973 καὶ
2845 918 2935 971 τὸν
2968 914 3389 987 Χριστιανισμὺν
3432 914 3531 965 καὶ
3558 913 3658 965 τὸν

2068 1010 2450 1081 Μινιχαῖσμὸν
2480 1010 2538 1062 ἓν
2567 1004 2708 1063 εἶναι
2740 1010 2835 1062 καὶ
2860 1008 2920 1061 τὸ
2948 1007 3079 1060 αὐτὸ
3105 1006 3299 1076 δόγμα,
3326 1005 3419 1057 καὶ
3447 1004 3539 1056 ἵνα
3561 1020 3660 1055 12f.-

2070 1104 2208 1159 θανά
2253 1104 2378 1178 δόξῃ
2415 1104 2612 1173 λέγειν,
2643 1102 2980 1157 καθάπτεται
3021 1102 3114 1155 κα)⁸
3146 1099 3239 1153 τοῦ
3270 1099 3549 1161 Μάνεντος
3574 1097 3661 1161 ὡς

2070 1197 2331 1269 πονηροῦ.
2370 1194 2774 1266 Ἀναθεματίζω
2825 1194 2920 1246 καὶ
2976 1190 3387 1262 καταθεματίζω
3440 1191 3662 1252 πάντας

2069 1291 2197 1353 τοὺς
2226 1289 2583 1359 Μανιχαίους,
2616 1288 2710 1340 καὶ
2756 1286 2939 1339 πᾶσαν
2979 1283 3157 1337 αὐτῶν
3196 1281 3393 1351 βίϐλον,
3423 1282 3519 1334 καὶ
3550 1283 3664 1334 πᾶ-

2073 1396 2172 1432 σαν
2200 1378 2385 1449 εὐχὴν,
2420 1377 2616 1449 μᾶλλον
2644 1376 2699 1428 δὲ
2730 1375 3006 1445 γοητείαν,
3037 1375 3130 1427 καὶ¹
3160 1372 3367 1434 πάντας
3393 1371 3521 1433 τοὺς
3551 1371 3662 1439 ἀρ·-

2070 1471 2274 1542 χηγοὺς
2302 1469 2502 1533 αὐτῶν,
2535 1470 2629 1522 καὶ
2658 1467 3027 1530 διδασκάλους,
3059 1466 3150 1519 καὶ
3177 1463 3528 1525 ἐπισκόπους,
3560 1463 3664 1522 καὶ

2072 1563 2494 1635 πρεσϐυτέρους,
2520 1548 2653 1639 lacti.
2706 1559 3015 1622 ἐκλεκτοὺς,
3076 1556 3169 1610 καὶ
3221 1554 3503 1619 ὲκλεκτάς,
3562 1555 3664 1606 καὶ

2071 1649 2377 1767 ἀκροατάςῆ
2397 1655 2491 1707 καὶ
2526 1653 2793 1724 μαθητὰς,
2832 1651 2969 1723 μετὰ
2997 1650 3105 1703 τῶν
3134 1648 3321 1718 ψυχῶν
3346 1647 3528 1699 αὐτῶν
3560 1648 3666 1699 καὶ

2080 1763 2104 1767 ᾼ
2208 1748 2259 1767 In
2312 1764 2338 1767 ,.
2394 1747 2481 1767 A,-.\
2531 1746 2628 1767 -2-
2676 1744 2827 1767 λοι--.
2865 1743 3210 1767 __-_21_-..-
3246 1736 3664 1767 $1..-n...--t".,.

382 1746 557 1815 ipsius
577 1754 805 1801 matrem
822 1746 1141 1809 Carossam,
1162 1754 1216 1801 et
1246 1746 1557 1810 Hieracem,
1597 1744 1964 1809 Heraclidem,

2084 1736 2371 1818 τωμάτων,¹
2392 1747 2487 1801 καὶ
2527 1746 2629 1815 τῆς
2671 1744 2831 1798 ἀθέου
2863 1736 3666 1814 παραδόσεως.Ἃναθεματίζω

382 1838 757 1907 Aphthonium
778 1880 793 1903 ,
827 1840 919 1909 qui
962 1840 1385 1895 commentarios
1415 1854 1478 1893 ac
1507 1837 1882 1908 expositiones
1912 1835 1969 1889 in

2084 1842 2161 1895 τὸν
2188 1842 2402 1913 πατέρα
2428 1839 2725 1902 Μάνεντος,
2756 1837 3041 1899 Πατέκιον,
3070 1829 3157 1887 οἷα
3178 1832 3412 1903 ψευστὴν
3442 1832 3538 1884 καὶ
3562 1828 3668 1882 τοῦ

382 1927 533 1983 illius
566 1928 736 1983 libros
752 1928 1226 1999 conscripserunt;
1245 1937 1299 1983 et
1326 1929 1565 1993 reliquos
1580 1928 1700 1998 ejus
1727 1926 1971 1996 discipu-

383 2020 467 2074 los
482 2035 695 2085 omnes,
731 2018 1034 2083 Sisjnnium
1067 2019 1541 2077 Manetisinsanize
1564 2033 1966 2081 successorem,

383 2111 654 2167 Thomam
684 2114 775 2182 qui
796 2110 1019 2169 Τὴοηιιε
1034 2112 1240 2167 dictum
1266 2113 1615 2183 Evangelium
1638 2114 1968 2183 composuit,

382 2204 613 2268 Budam,
636 2204 1102 2267 llerman,Adam.
1151 2205 1505 2259 Adimantum
1534 2247 1546 2270 ,
1578 2205 1843 2270 Zaruam,
1873 2206 1973 2260 Ga-

382 2296 678 2361 briabium,
696 2295 983 2366 Agapium.
1005 2295 1294 2361 Hilarium,
1319 2296 1653 2367 Olympium,
1674 2297 1973 2354 Aristoari-

384 2400 521 2453 tum,
545 2390 858 2454 Salmazum,
879 2389 1141 2458 Innazum,
1170 2391 1414 2461 Paapim,
1441 2392 1714 2459 Barmam;
1746 2401 1974 2463 praeter-

383 2496 559 2550 eaque
614 2496 709 2536 eos
755 2481 847 2551 qui
903 2482 1109 2537 ultimis
1139 2482 1356 2537 demum
1390 2484 1733 2552 temporibus
1778 2482 1972 2538 hreresi

385 2573 1008 2644 prmiuerunt,Paulum
1058 2574 1433 2643 Joannemque
1479 2574 1759 2628 Callinica:
1808 2575 1970 2641 ﬁlios,

383 2661 805 2717 Constantinum
838 2666 927 2733 qui
962 2675 1014 2718 et
1048 2664 1323 2727 Silvanus,
1348 2662 1657 2718 Simeonem
1690 2665 1783 2734 qui
1814 2674 1866 2719 et
1884 2666 1977 2721 Ti-

386 2762 497 2817 tus,
522 2754 816 2809 Genesium
840 2756 932 2825 qui
958 2767 1011 2810 et
1028 2755 1370 2819 Timotheus,
1402 2756 1742 2819 Zachariam,
1766 2773 1977 2814 merce-

386 2847 628 2911 narium,
661 2846 957 2917 Josephum
1006 2848 1099 2919 qui
1130 2855 1183 2901 et
1214 2847 1642 2917 Epaphroditus,
1695 2848 1974 2906 Baannem

388 2955 670 3009 spurcum,
702 2939 952 3010 Sergium
987 2942 1077 3011 qui
1112 2949 1163 2995 et
1196 2940 1503 3012 Tychicus;
1536 2941 1767 3011 ejusque
1804 2942 1975 2996 disci-

386 3032 548 3103 pulos
574 3032 780 3102 pariter
816 3040 871 3087 et
916 3034 1145 3087 comites
1176 3033 1464 3097 vocitatos,
1499 3031 1838 3093 Michaelem.
1868 3034 1976 3087 Ca-

2069 1933 2293 2005 ψευδοῦς
2326 1933 2561 2004 πατέρα,
2593 1932 2687 1986 καὶ
2732 1931 2830 2001 τὴν
2880 1928 3046 1982 αὑτοῦ
3098 1926 3305 1998 μητέρα
3340 1925 3667 1994 Κάροσσαν,

2073 2030 2166 2082 καὶ
2204 2029 2449 2099 Ίέρακα,
2495 2026 2590 2080 καὶ
2626 2023 3005 2097 Ἡρακλείδην,
3054 2022 3147 2075 καὶ
3188 2018 3486 2088 Ἀφθὸνιον,
3533 2017 3669 2075 τοὺς

2075 2120 2565 2193 ὑπομνηματιστὰς
2594 2120 2688 2173 καὶ
2718 2118 2987 2189 ἐξηγητὰς
3016 2116 3123 2169 τῶν
3152 2114 3338 2167 τούτου
3372 2128 3669 2182 συγγραμ-

2078 2213 2281 2283 μάτων,
2328 2211 2422 2264 καὶ¹
2466 2211 2595 2272 τοὺς
2636 2209 2857 2271 λοιποὺς
2900 2206 3063 2260 αὑτοῦ
3106 2204 3351 2277 μαθητάς
3397 2204 3667 2266 ἅπαντας,

2075 2306 2336 2357 Σισίννιον
2380 2302 2470 2355 τὸν
2519 2301 2761 2371 διάδοχον
2808 2301 2909 2370 τῆς
2956 2299 3146 2352 τούτου
3198 2298 3414 2367 μανίας,
3462 2296 3672 2365 Θωμᾶν

2074 2398 2165 2450 τὸν
2215 2394 2612 2465 συνταξάμενον
2652 2393 2713 2445 τὸ
2752 2395 2871 2446 κατ’
2906 2393 3067 2446 αὐτὸν
3107 2386 3673 2459 λεγόμενονΕὑαγγέ-

2075 2491 2208 2553 λιον,
2241 2490 2460 2553 Βουδᾶν,
2499 2485 2739 2560 Ἑρμᾶν,
2768 2486 2958 2556 Ἀδάμ,
2995 2485 3357 2554 Ἀδείμαντον,
3396 2481 3670 2550 lupo-Juv,

2078 2582 2423 2654 Γαϐριάϐιον,
2468 2580 2747 2648 Ἀγάπιον,
2773 2576 3021 2648 Ἰλάριον,
3069 2574 3385 2645 Ὀλύμπιον,
3425 2571 3674 2642 Ἀριστό-

2078 2693 2283 2746 κριτον,
2336 2672 2631 2743 Σαλμαῖον,
2678 2672 2918 2732 Ἰνναῖον,
2969 2667 3209 2732 Πὰαπιν,
3262 2664 3526 2735 Βαραίαν,
3575 2663 3677 2715 καὶ

2079 2767 2302 2838 προσέτι
2331 2767 2457 2829 τοὺς
2486 2764 2737 2836 ἐσχάτοις
2767 2762 2993 2833 ὕστερον
3022 2760 3236 2831 χρόνοις
3263 2756 3682 2828 προστατήσαν-

2078 2875 2179 2921 τας
2203 2858 2301 2928 τῆς
2330 2857 2593 2928 αἱρέσεως
2622 2854 2831 2907 Παῦλον
2862 2852 2957 2906 καὶ
2997 2850 3247 2919 Ἰωάννην
3276 2850 3401 2910 τοὺς
3419 2844 3677 2898 Καλλινί-

2081 2966 2185 3019 κης
2232 2948 2447 3013 παῖδας,
2498 2948 2905 2999 Κωνσταντῖνον
2953 2942 3047 2996 τὸν
3094 2942 3187 2994 καὶ
3231 2939 3535 2996 Σιλουανὺν,
3564 2937 3675 2987 Συ-

2086 3039 2266 3110 μεῶνα
2311 3038 2403 3091 τὸν
2451 3039 2545 3091 καὶ
2596 3038 2773 3099 Τῖτον,
2812 3033 3057 3089 Γενέσιον
3105 3033 3193 3084 τὸν
3248 3031 3341 3084 καὶ
3384 3026 3673 3098 Τιμόθεον,

386 3124 697 3184 nacarium,
732 3122 1019 3188 Joannem,
1056 3124 1420 3189 Theodotum,
1454 3122 1714 3177 Basilium
1741 3132 1793 3179 et
1823 3124 1977 3179 Zosi-

2084 3100 2376 3202 ὲαχαρίαν,
2410 3130 2499 3182 τὸν
2553 3128 2842 3199 μισθωτὸν,
2860 3126 3059 3196 Ἰωσὴφ
3086 3124 3175 3177 τὸν
3203 3123 3297 3176 καὶ
3339 3118 3674 3189 Ἐπαφρόδι-

388 3230 578 3281 mum;
610 3232 867 3285 quorum,
913 3217 1144 3283 scilicet,
1194 3218 1507 3287 superiores
1541 3216 1733 3287 gradu,
1770 3214 1981 3269 Notarii

2084 3241 2192 3290 τον,
2225 3223 2469 3294 Βαάννην
2498 3222 2588 3275 τὸν
2620 3219 2884 3293 ῥυπαρὸν,
2916 3218 3141 3289 Σέργιον
3170 3216 3259 3267 τὸν
3289 3215 3383 3266 καὶ
3413 3210 3675 3282 Τυχικὺν,

389 3308 713 3380 nuncupati,
747 3308 1192 3363 abominabilium
1222 3310 1501 3378 orgiorum
1540 3310 1654 3363 sive
1696 3323 1978 3361 sacrorum

2084 3311 2177 3363 καὶ
2218 3310 2345 3373 τοὺς
2388 3309 2579 3361 τούτου
2613 3307 2862 3379 μαθητὰς
2893 3307 3020 3368 τοὺς
3051 3305 3145 3358 καὶ
3177 3302 3547 3372 συνεκδήμους
3575 3300 3680 3352 αὺ-

390 3416 579 3455 curam
622 3409 996 3471 susceperant.
1030 3400 1236 3456 Praeter
1264 3403 1364 3456 hos
1390 3409 1572 3455 autem
1603 3400 1974 3454 anathemati-

2084 3398 2179 3452 τοῦ
2233 3399 2602 3471 καλουμένους
2655 3397 2902 3469 Μιχαὴλ,
2965 3394 3334 3466 Κανακάριον,
3397 3391 3676 3461 Ἰωάννην,

391 3508 457 3546 zo
488 3494 971 3549 sceleratissimum
1000 3492 1287 3557 Carbeam,
1313 3502 1367 3547 et
1396 3508 1593 3564 genere
1625 3492 1846 3563 quidem
1876 3492 1980 3563 ipsi

2084 3491 2358 3555 Θεόδοτον,
2389 3491 2664 3544 Βασίλειον
2710 3491 2804 3543 καὶ
2851 3480 3216 3559 Ζὼσιμον,ὧν
3258 3487 3307 3539 οἱ
3346 3484 3505 3555 δῆθεν
3543 3501 3681 3555 προ-

389 3584 629 3648 aﬁinem,
671 3586 723 3637 in
755 3585 863 3637 ﬁlia
894 3600 1023 3638 vero
1052 3600 1315 3656 generum
1340 3584 1803 3655 Chrysocherem.

2085 3582 2474 3655 ϐαθμιώτεροι,
2537 3583 2774 3655 νοτάριοι
2832 3581 2942 3652 (74)
2995 3578 3510 3649 κατονομαζὸμενοι,
3566 3577 3671 3645 τὴν

389 3676 499 3729 τῶν
560 3676 855 3747 βδελυκτῶν
923 3676 1123 3746 ὀργίων
1192 3676 1579 3747 ἐνεχειρίζοντο
1637 3676 1971 3745 ἐπιμέλειαν.
2009 3676 2155 3747 Πρὸς
2184 3676 2240 3729 δὲ
2273 3678 2484 3739 τούτοις
2529 3672 2909 3745 ἀναθεματίζω
2950 3673 3039 3727 τὸν
3079 3671 3480 3743 τρισαλιτήριον
3527 3670 3684 3741 Καρ-

392 3770 542 3830 ϐέαν,
574 3770 667 3821 καὶ
695 3769 785 3820 τὸν
816 3770 879 3820 ἐκ
909 3769 1097 3835 γένους
1127 3770 1223 3838 μὲν
1257 3768 1406 3838 αὐτῴ
1436 3767 1680 3837 ἀνεψιὸν,
1707 3768 1801 3820 ἐπὶ
1830 3769 1983 3822 τταιδ)⁵
2005 3769 2061 3822 δὲ
2093 3768 2344 3840 γαμϐρὸν
2375 3769 2741 3841 Χρυσόχειρα.

467 3858 555 3913 IV.
597 3859 902 3913 Anathema
954 3857 1378 3913 Manichaeorum
1430 3875 1551 3929 qua:
1588 3860 1849 3914 dicuntur
1878 3859 1980 3914 Ec-

391 3952 609 4018 clesiis;
661 3958 789 4005 sunt
834 3958 1015 4004 autem
1060 3950 1141 4004 hae
1178 3970 1191 4008 :
1228 3951 1563 4019 Macedonia,
1596 3954 1711 4008 sive
1749 3954 1982 4009 Cibossa

393 4046 452 4100 in
481 4042 740 4107 Colonia;
771 4042 976 4095 Achaia
1013 4042 1131 4111 (seu
1163 4040 1489 4105 Mananalis,
1522 4041 1833 4113 Laodicea),
1867 4044 1982 4097 sive

395 4136 593 4207 Argais
644 4149 765 4204 quae
810 4136 863 4186 in
896 4129 1091 4203 Lycia;
1119 4135 1549 4197 Colossensium,
1571 4149 1668 4187 seu
1695 4133 1984 4205 Cynocho-

394 4228 661 4289 ritarum;
695 4223 1081 4293 Ephesiorum,
1118 4224 1233 4279 sive
1261 4240 1382 4294 qua:
1412 4223 1759 4293 Mopsuestia:
1790 4232 1903 4287 est;
1929 4232 1985 4279 et

396 4317 644 4373 Ecclesia
688 4315 1141 4386 Philippensium.
1176 4315 1481 4371 Anathema
1517 4316 1845 4386 negantibus
1879 4314 1984 4369 Pa-

2168 3862 2439 3934 Ἀνάθεμα
2471 3866 2593 3925 ταῖς
2622 3859 2943 3941 λεγομέναις
2973 3859 3080 3913 τῶν
3106 3858 3420 3930 Μανιχαίων
3453 3854 3683 3926 Ἐκκλη-

2086 3956 2246 4019 σίαις.
2280 3956 2349 4008 Αἵ
2373 3955 2516 4017 τινές
2547 3956 2685 4007 εἰσιν
2714 3948 2873 4007 αὗται
2894 3970 2906 3981 ’
2956 3953 3021 4004 Ἡ
3048 3951 3378 4013 Μακεδονία,
3409 3950 3530 4018 ἦτοι
3561 3950 3594 4019 ἡ
3625 3951 3684 4001 ἐν

2086 4047 2364 4118 Κολωνείᾳ
2408 4046 2655 4099 Κίϐοσσα
2677 4063 2690 4074 ·
2723 4047 2756 4115 ὴ
2804 4044 2995 4114 ’Λχαΐα
3027 4043 3160 4115 (75),
3192 4043 3309 4112 ἦτοι
3336 4044 3371 4113 ἡ
3402 4040 3545 4094 κατὰ
3574 4042 3681 4093 Λυ-

2087 4138 2210 4191 κίαν
2250 4138 2498 4209 Ἀργατς’
2533 4139 2567 4208 ἡ
2599 4135 2977 4198 Κολοσσαέων,
3011 4137 3129 4205 ἦτοι
3166 4137 3199 4204 ἡ
3233 4132 3676 4203 Κυνοχωρητῶν·

2086 4231 2121 4300 ἡ
2168 4231 2450 4298 Ἐφεσίων,
2482 4230 2600 4300 ἦτοι
2628 4230 2662 4299 ἡ
2694 4229 2751 4280 ὲν
2783 4226 3163 4298 Μοψουηστίᾳ,
3195 4224 3289 4278 καὶ
3334 4226 3368 4295 ἠ
3417 4224 3685 4294 Φιλιππη-

2092 4322 2240 4373 σίων.
2276 4320 2547 4390 Ἀνάθεμα
2576 4321 2687 4383 τοῖς
2719 4318 2793 4390 μὴ
2822 4318 3038 4387 λέγουσι
3066 4316 3287 4387 Πατέρα
3314 4316 3687 4387 παντοκράτο-

395 4418 534 4465 trem
559 4408 990 4478 omnipotentem
1017 4407 1275 4463 factorem
1308 4408 1431 4462 (ιωιί
1464 4415 1518 4463 et
1545 4416 1723 4472 terrae,
1756 4416 1985 4462 cuncto—

2095 4429 2165 4482 ρα
2211 4412 2442 4483 ποιητὴν
2481 4410 2714 4481 οὐρανοῦ
2749 4412 2845 4464 καὶ
2870 4410 2976 4480 γῆς
3005 4411 3100 4463 καὶ
3127 4408 3234 4461 τῶν
3260 4409 3316 4460 ὲν
3342 4408 3527 4469 αὐτοῖς
3557 4408 3686 4478 ὀρα-

398 4517 632 4573 rumque
671 4502 727 4555 in
762 4502 870 4557 illis
904 4502 1202 4557 visibilium
1234 4516 1297 4556 ac
1335 4500 1718 4565 invisibilium,
1753 4500 1986 4554 dicenti-

399 4590 506 4645 bus
532 4606 663 4645 vero
698 4592 876 4645 solum
920 4589 1139 4644 Patrem
1185 4592 1488 4653 ccelestem.
1518 4590 1614 4661 qui
1661 4590 1859 4644 habeat
1905 4603 1990 4643 so—

402 4683 511 4739 lam
545 4682 713 4737 futuri
745 4683 1297 4753 saeculipotestatem,
1318 4690 1575 4752 tanquam
1610 4696 1851 4751 praesens
1881 4696 1985 4735 sae-

400 4774 587 4828 culum
610 4782 775 4844 atque
804 4775 1096 4830 universus
1124 4774 1273 4829 orbis
1306 4775 1375 4829 ab
1396 4790 1461 4829 eo
1494 4789 1603 4828 non
1630 4775 1759 4837 sint,
1794 4772 1888 4827 sed
1922 4772 1991 4826 ab

382 4858 453 4923 ‘ei
486 4869 763 4921 contrario
785 4867 928 4920 malo
951 4866 1136 4920 mundi
1169 4867 1437 4937 principe.
1464 4866 1767 4921 Anathema
1800 4864 1867 4919 iis
1894 4864 1990 4933 qui

403 4958 739 5013 contumelia
801 4956 1024 5029 quidem
1085 4958 1328 5013 alliciunt
1390 4966 1638 5013 sanctam
1703 4955 1989 5025 Deiparam

405 5048 654 5112 Mariam,
683 5049 944 5106 simulant
972 5056 1154 5103 autem
1197 5064 1318 5104 eam
1367 5048 1663 5113 honorare,
1693 5062 1901 5118 proque
1929 5060 1995 5100 ea

404 5142 717 5212 intelligunt
784 5155 1081 5210 supernam
1141 5139 1505 5207 Hierusalem,
1553 5142 1609 5195 in
1663 5156 1852 5210 quam,
1910 5140 1995 5193 in-

406 5237 627 5302 quiunt,
660 5231 886 5285 intravit
916 5245 980 5285 ac
1005 5246 1035 5285 e
1064 5246 1173 5301 qua
1204 5247 1461 5302 egressus
1485 5239 1570 5287 est
1589 5229 1894 5295 Dominus;
1927 5228 1995 5282 iis

405 5325 571 5381 etiam
620 5323 715 5394 qui
764 5322 1134 5377 venerandam
1178 5338 1401 5378 crucem
1448 5322 1739 5385 infamant,
1787 5320 1998 5391 ﬁngunt

406 5433 540 5473 vero
572 5418 719 5471 illam
752 5417 955 5480 colere,
989 5425 1045 5471 at
1074 5432 1173 5487 pro
1214 5432 1277 5473 ea
1324 5415 1639 5487 intelligunt
1686 5413 1993 5477 Christum,

407 5511 526 5582 qui,
554 5510 832 5581 inquiunt,
864 5525 1062 5565 manus
1083 5510 1407 5575 extendens,
1438 5509 1621 5565 crucis
1650 5507 1879 5579 ﬁguram
1903 5506 1999 5563 de-

485 5669 597 5739 (74)
636 5666 927 5741 Νξζάρςρι,
960 5686 1009 5723 κ.
1047 5686 1096 5724 τ.
1134 5668 1180 5725 λ.
1237 5669 1366 5741 Leg.
1418 5670 1563 5726 Petri
1602 5666 1775 5725 Siculi
1810 5664 1997 5721 [listo—

410 5736 571 5811 ria'm,
602 5753 654 5808 p.
688 5736 774 5792 72.
825 5738 961 5793 Cor.

2088 4503 2197 4565 τῶν
2248 4520 2306 4555 τε
2351 4503 2572 4557 πάντων
2623 4504 2719 4558 καὶ
2766 4503 3036 4574 ἀοράτων,
3074 4500 3210 4554 ἀλλὰ
3258 4501 3417 4571 μόνον
3466 4501 3686 4572 Πατέρα

2092 4594 2439 4665 ἐπουράνιον,
2479 4594 2669 4665 ἔχοντα
2720 4594 2889 4664 μόνην
2930 4592 3029 4664 τὴν
3073 4590 3168 4645 τοῦ
3213 4590 3501 4661 μέλλοντος
3537 4590 3686 4654 ἐξου-

2094 4686 2236 4748 σίαν,
2258 4685 2334 4748 ὡς
2363 4685 2457 4738 τοῦ
2486 4685 2753 4757 παρόντος
2784 4684 2980 4757 αἰῶνος
3010 4684 3101 4736 καὶ
3130 4682 3224 4736 τοῦ
3253 4683 3457 4754 κόσμου
3489 4683 3684 4745 παντὸς

2095 4776 2194 4846 οὐχ
2224 4776 2314 4829 ὑπ’
2344 4775 2509 4829 αὐτοῦ
2544 4775 2873 4846 γενομένων,
2896 4774 3032 4828 ἀλλὰ
3065 4773 3169 4829 ὑπὸ
3196 4772 3292 4827 τοῦ
3326 4772 3572 4826 ἐναντίου
3602 4772 3689 4824 αὖ·

2093 4868 2172 4939 τῷ
2202 4867 2297 4921 τοῦ
2332 4866 2571 4939 πονηροῦ
2612 4867 3077 4939 κοσμοκράτορος.
3098 4865 3370 4935 Ἀνάθεμα
3393 4867 3508 4927 τοῖς
3537 4864 3685 4935 ὑϐρί-

2096 4958 2249 5023 ζουσι
2284 4959 2382 5029 μὲν
2412 4960 2513 5030 τὴν
2545 4960 2706 5027 ἁγίαν
2731 4958 2995 5012 Θεοτόκον
3024 4958 3266 5029 Μαρίαν,
3290 4956 3688 5027 προσποιουμέ-

2095 5038 2208 5115 νοις
2262 5052 2319 5104 δὲ
2364 5054 2530 5123 τιμᾷν
2581 5052 2772 5124 αὐτὴν,
2805 5053 2903 5105 καὶ⁸
2943 5051 3155 5105 νοοῦσιν
3197 5052 3321 5106 ἀντὶ
3362 5052 3567 5120 ταύτης
3593 5050 3687 5121 τὴν

2097 5147 2208 5201 ἄνω
2253 5143 2627 5216 Ἰερουσαλὴμ,
2662 5146 2740 5207 είς
2772 5144 2861 5215 ἢν,
2905 5144 3061 5215 φασὶ,
3094 5142 3311 5213 εἰσῆλθε
3345 5142 3439 5196 καὶ
3473 5143 3686 5213 ἑῇλθεν

2096 5238 2125 5288 ὁ
2158 5237 2359 5305 Κύριος
2385 5252 2397 5265 ’
2432 5236 2527 5289 καὶ
2575 5239 2686 5298 τοῖς
2730 5233 3079 5305 δυσφημοῦσι
3129 5234 3227 5304 μὲν
3271 5233 3363 5286 τὸν
3398 5232 3687 5301 σεϐάσμιον

2102 5327 2354 5399 σταυρὸν,
2402 5326 2851 5398 ὑποκρινομένοις
2903 5325 2960 5379 δὲ
3021 5323 3273 5378 σέϐεσθαι
3326 5322 3541 5386 τοῦτον,
3600 5323 3687 5375 καὶ

2100 5417 2311 5472 νοοῦσιν
2358 5418 2475 5473 ἀντ’
2511 5417 2679 5472 αὐτοῦ
2723 5419 2815 5471 τὸν
2849 5417 3106 5490 Χριστὸν,
3140 5418 3199 5479 ὃς
3231 5415 3501 5478 ἐκτείνας,
3538 5413 3685 5483 φασὶ,

2099 5512 2199 5577 τὰς
2230 5516 2417 5584 χεῖρας
2453 5513 2544 5565 τὸν
2589 5510 2879 5581 σταυρικὸν
2923 5491 3092 5565 τόπον
3124 5508 3385 5579 διέγραψε
3408 5525 3421 5537 ·
3459 5508 3558 5561 καὶ
3586 5509 3688 5571 τοῖς

2174 5668 2287 5739 (75)
2339 5668 2400 5722 Ἡ
2442 5668 2657 5735 Ἀχαΐα,
2695 5685 2747 5739 κ.
2781 5686 2830 5721 τ.
2871 5668 2916 5719 λ.
2952 5666 3078 5739 Leg.
3114 5664 3259 5723 Pctt'.
3292 5664 3409 5721 Sic.
3446 5678 3502 5735 ι).
3535 5661 3602 5718 civi
3637 5668 3686 5717 et

2106 5740 2193 5800 66.
2227 5738 2407 5795 Locus
2440 5739 2686 5796 mutilus.
2719 5736 2795 5794 lo.
