3888 6192
256 295 397 354 1469

1355 295 1928 357 BECOGNITIONES.
1942 329 2007 340 —
2026 296 2365 355 APPENDIX
2376 342 2391 357 .

3381 303 3521 361 M70

254 408 753 482 ἀποστρεφομένοις
788 408 885 481 μὲν
911 407 1007 463 τοῦ
1045 410 1228 482 τιμίου
1265 411 1498 482 αἵματος
1527 414 1623 467 καὶ
1651 413 1836 485 σώμας

1945 416 2213 487 signavit;
2245 416 2313 473 iis
2340 430 2561 488 quoque
2591 415 2684 487 qui
2722 414 3009 474 fastidiunt
3049 416 3267 489 quidem
3295 421 3517 488 pretiosi

252 517 346 563 τος
385 501 479 554 τοῦ
525 500 765 577 Χριστοῦ
802 501 1107 569 κοινωνίαν,
1139 501 1499 573 ἀποδέχεσθαι
1536 502 1594 557 δὲ
1635 504 1838 578 ταύτην

256 592 766 665 σχηματιζομένας,
793 594 889 647 καὶ
919 593 1131 648 νοοῦσιν
1159 594 1282 647 ἀντὶ
1323 594 1529 665 ταύτης
1554 594 1624 651 τὰ
1664 596 1728 667 ρή
1738 613 1841 666 μα-

251 702 320 739 τα
349 686 448 756 τῆς
465 684 560 739 τοῦ
586 684 821 757 Χριστοῦ
847 685 1213 754 διδασκαλίας,
1231 680 1330 750 ὧν,
1351 688 1503 757 φασὶ,
1529 687 1841 757 μεταδιδοὺς

251 779 365 841 τοίς
399 762 723 841 ἀποστόλοις
745 776 931 847 ἐλεγεο
963 777 1205 843 Λάϐετε,
1239 778 1477 848 φάγετε,
1513 780 1678 837 alata
1698 796 1712 811 ο
1744 781 1840 834 καὶ

254 885 492 939 μυσαττο
504 869 681 941 μένοις
729 870 827 940 μὲν
871 869 932 924 τὸ
963 869 1269 940 βάπτισμα,
1299 870 1748 942 ὑποκρινομένοις
1780 871 1839 927 δὲ

248 959 409 1014 τοῦτο
453 962 582 1035 περί
628 961 822 1017 πολλοῦ
865 961 1132 1027 τίθεσθαι,
1168 963 1261 1016 καὶ
1303 960 1481 1016 νοοῦσι
1529 963 1643 1016 ἀντ’
1673 961 1838 1016 αὐτοῦ

247 1051 341 1106 τὸν
389 1054 626 1135 Χριστὸν
670 1054 763 1108 τὸν
814 1054 1061 1123 λέγοντα,
1105 1054 1290 1125 φασὶν,
1340 1054 1422 1108 ὅτι
1458 1053 1597 1123 Ἐγώ
1625 1056 1741 1123 εἰμι
1771 1052 1838 1108 τὸ

248 1143 407 1213 ὕδωρ
438 1146 505 1205 τὸ
539 1144 649 1207 ζῶν
666 1163 680 1177 ο
716 1146 812 1200 καὶ
837 1149 949 1210 τοῖς
973 1146 1397 1218 ὲκτρεπομένοις
1425 1146 1522 1217 μὲν
1544 1146 1642 1219 τὴν
1672 1145 1839 1201 καθοο

248 1234 407 1309 λικὴν
452 1237 798 1308 Ἐκκλησίαν,
816 1239 984 1309 τιμᾷν
1007 1238 1065 1291 δὲ
1093 1238 1310 1306 λέγουσι
1339 1237 1543 1309 ταύτην
1574 1238 1668 1291 καὶ
1691 1236 1841 1292 νοοῦ-

250 1343 334 1385 σιν
375 1329 490 1381 ἀντ’
518 1328 689 1399 αὐτῆς
731 1329 802 1382 τά
832 1342 891 1379 τε
913 1328 1021 1383 tam
1068 1330 1319 1401 συνέδρια
1351 1331 1445 1384 καὶ
1480 1332 1840 1402 συνακτήρια,

247 1419 343 1471 καὶ
372 1420 621 1492 Ἰωάννην
640 1420 749 1493 (76)
765 1422 856 1475 τὸν
873 1422 1098 1493 ἀδελφὸν
1117 1422 1328 1475 Παύλου
1342 1421 1437 1475 τοῦ
1459 1422 1557 1493 τῆς
1577 1421 1841 1495 αἱρέσεως

246 1512 427 1589 αὐτῶν
455 1513 722 1586 ἀρχηγοῦ.
1306 1498 1307 1501 η

330 1605 603 1678 Ἀνάθεμα
631 1607 811 1660 τοίνυν
843 1607 977 1659 πᾶσι
1010 1610 1124 1671 τοῖς
1147 1608 1480 1679 εἰρημένοις,
1515 1607 1608 1660 καὶ
1634 1608 1746 1670 τοῖς
1772 1606 1842 1660 τὰ

244 1695 407 1767 ὅμοια
436 1698 693 1771 φρονοῦσι
717 1714 730 1728 '
759 1700 853 1753 καὶ
882 1698 1343 1770 ἀποδαλλομένοις
1374 1699 1470 1768 μὲν
1491 1698 1590 1761 τὰς
1620 1697 1841 1768 Ἐκκλη-

1942 509 2228 579 sanguinis
2253 516 2308 563 et
2328 508 2578 579 corporis
2606 508 2810 564 Christi
2838 510 3301 580 communionem,
3323 526 3522 582 appro-

1942 599 2073 656 bare
2105 608 2287 655 autem
2312 615 2431 655 eam
2463 598 2803 671 conﬁngunt,
2849 608 2904 655 et
2951 601 3071 656 loco
3122 602 3269 659 illius
3316 605 3521 659 intelli-

1940 699 2075 763 gunt
2106 692 2271 748 verba
2290 691 2494 747 Christi
2515 692 2800 756 doctrinae,
2824 707 2965 763 quae,
2991 693 3266 763 inquiunt,
3296 695 3521 753 tradens

1942 786 2229 855 apostolis,
2261 785 2399 840 dixit
2434 804 2447 840 :
2479 785 2735 852 Accipite,
2776 784 3111 850 manducata,
3135 785 3293 843 bibite
3323 802 3341 841 :
3366 786 3521 843 simi-

1942 876 2067 932 liter
2096 877 2164 932 iis
2188 876 2281 946 qui
2313 876 2531 946 quidem
2564 878 2836 947 baptisma
2865 876 3227 943 detestantur,
3264 878 3522 935 simulant

1941 975 2125 1022 tamen
2148 968 2280 1022 illud
2312 968 2535 1039 plurimi
2566 968 2764 1033 facere,
2800 976 2963 1039 atque
2992 984 3092 1039 pro
3120 985 3186 1025 eo
3214 970 3523 1041 intelligunt

1940 1059 2242 1126 Christum,
2270 1061 2385 1131 qui,
2416 1062 2691 1131 inquiunt,
2715 1061 2883 1117 dixit:
2906 1061 3017 1133 Ego
3049 1079 3169 1117 sum
3199 1080 3339 1134 aqua
3367 1064 3522 1128 viva;

1941 1159 2056 1206 tum
2095 1152 2165 1209 iis
2192 1152 2287 1223 qui
2325 1151 2625 1208 Ecclesiam
2652 1152 2871 1224 quidem
2902 1153 3228 1209 catholicam
3265 1170 3525 1210 aversan-

1942 1251 2054 1309 tur,
2081 1260 2201 1299 eam
2224 1259 2356 1299 vero
2381 1245 2437 1298 in
2466 1246 2643 1315 pretio
2672 1246 2874 1301 habere
2903 1246 3076 1309 aiunt,
3102 1246 3525 1317 intelliguntque

1942 1353 2042 1407 pro
2091 1337 2184 1392 illa
2232 1352 2535 1394 consessus
2565 1354 2696 1395 suos
2727 1346 2892 1409 atque
2917 1348 3246 1403 conventus,
3273 1347 3326 1395 et
3356 1337 3523 1396 Joan-

1942 1445 2067 1485 nem
2088 1428 2315 1486 fratrem
2346 1428 2502 1485 Pauli
2530 1431 2804 1488 haereseos
2836 1432 3055 1487 illorum
3086 1430 3265 1487 ducis.

2014 1607 2081 1664 γ.
2122 1609 2425 1666 Anathema
2475 1625 2604 1682 ergo
2641 1612 2895 1668 omnibus
2942 1612 3129 1675 dictis,
3173 1611 3301 1666 item
3334 1611 3402 1666 iis
3429 1610 3525 1680 qui

1946 1701 2147 1755 similia
2202 1703 2530 1772 opinantur;
2563 1714 2615 1758 et
2642 1702 3084 1759 Christianorum
3113 1718 3251 1773 quos
3284 1704 3385 1774 ipsi
3414 1702 3525 1757 Ro-

246 1789 367 1853 σίας
396 1791 506 1845 τῶν
533 1791 895 1862 Χριστιανῶν,
922 1791 1017 1855 οὓς
1045 1793 1201 1846 αὐτοὶ
1230 1791 1455 1845 καλοῦσι
1501 1790 1830 1860 Ῥωμαίους

1942 1809 2134 1849 manos
2161 1804 2377 1860 vocant,
2413 1794 2689 1852 Ecclesias
2722 1797 3016 1867 rejiciunt;
3048 1803 3285 1866 suntque
3331 1805 3526 1853 contu-

243 1884 339 1936 καὶ
372 1884 653 1956 ὑϐρίζουσι
689 1884 788 1956 μὲν
815 1885 915 1956 τὴν
963 1885 1120 1953 ἁγίαν
1170 1883 1429 1937 Θεοτόκον
1471 1883 1711 1954 Μαρίαν,
1739 1883 1835 1936 καὶ

241 1974 333 2028 τον
357 1977 539 2049 τίμιον
568 1978 816 2049 σταυρὸν,
840 1978 932 2032 καὶ
955 1977 1054 2041 τάς
1084 1976 1235 2050 ἱερὰς
1266 1977 1502 2041 εἰκόνας,
1524 1976 1697 2030 καὶτὸ
1727 1993 1833 2029 σω-

240 2068 428 2139 τήριον
474 2069 758 2141 βάπτισμα
777 2088 791 2101 ’
821 2071 913 2124 καὶ
942 2069 1440 2142 ἀποστρεφομένοις
1477 2068 1576 2139 μὲν
1602 2068 1700 2137 τὴν
1723 2066 1833 2121 τῶν

242 2159 401 2216 θείων
451 2163 764 2235 μυστηρίων
814 2162 1143 2234 μετάληψιν,
1195 2162 1459 2234 όμφαλοῖς
1507 2161 1565 2214 δὲ
1618 2160 1833 2232 βρεφῶν

240 2257 605 2330 κεκαυμένοις
646 2260 728 2321 εἰς
768 2256 1054 2328 κάθαρσιν,
1092 2255 1290 2327 μᾶλλον
1318 2256 1376 2309 δὲ
1408 2254 1681 2326 μολυσμὸν
1725 2253 1831 2324 ψυ-

240 2346 373 2418 χῶν,
429 2349 813 2422 κεχρημένοις,
845 2350 941 2403 καὶ
962 2350 1031 2403 τά
1060 2349 1167 2403 ίδια
1199 2348 1462 2420 βρώματα
1487 2347 1698 2411 τούτοις
1729 2365 1833 2401 κα-

237 2442 928 2513 ταμιαίνουσιν.⁹Ανάθεμα
975 2444 1089 2505 τοῖς
1130 2444 1197 2513 τῇ
1247 2440 1445 2514 βρώσει
1488 2440 1597 2493 τῶν
1645 2439 1833 2511 θνησι-

240 2536 418 2604 μαίων
447 2535 860 2608 μολυνομένοις·
889 2535 984 2588 καὶ
1012 2537 1125 2597 τοῖς
1156 2535 1338 2588 πᾶσαν
1374 2533 1471 2603 μὲν
1502 2530 1835 2603 ἐκτρεπομέ-

237 2644 352 2692 νοις
373 2629 767 2702 Χριστιανικὴν
796 2627 1069 2699 νηστείαν,
1106 2626 1250 2687 κατά
1295 2626 1351 2681 δὲ
1391 2626 1483 2679 τὸν
1513 2624 1701 2696 καιρὸν
1732 2623 1834 2693 τῆς

236 2720 505 2795 δοκούσης
552 2724 736 2786 αὐτοῖς
768 2720 1251 2795 Τεσσαρακοστῆς,
1281 2719 1446 2793 τυροῦ
1494 2736 1553 2772 τε
1603 2718 1696 2771 καὶ
1733 2715 1836 2784 γά-

237 2810 438 2880 λακτος
480 2816 929 2886 ὲμφορουμένοις.
958 2813 1231 2889 Ἀνάθεμα
1270 2815 1381 2874 τοῖς
1422 2806 1832 2881 ἀρνουμένοιςῆ

236 2907 516 2965 νοθεύουσι
562 2907 632 2961 τά
681 2908 923 2983 τέσσαρα
972 2906 1065 2961 τοῦ
1106 2905 1344 2984 Χριστοῦ
1379 2902 1705 2973 Εύαγγέλια,
1741 2900 1836 2953 καὶ

238 2997 337 3062 τὰς
381 2999 477 3053 τοῦ
526 2999 681 3069 ἁγίου
726 2996 941 3052 Παύλου
990 2996 1086 3053 τοῦ
1137 2998 1436 3052 ἀποστόλου
1478 2993 1795 3057 Ἐπιστολάς
1816 3009 1831 3023 °

1935 1888 2150 1942 meliosi
2200 1888 2255 1941 in
2304 1895 2552 1943 sanctam
2584 1887 2676 1943 Dei
2706 1890 3026 1959 genitricem
3058 1888 3304 1953 Mariam,
3337 1890 3393 1943 in
3434 1905 3527 1943 ve-

1934 1979 2235 2035 nerandam
2282 1994 2525 2045 crucem,
2560 1994 2747 2035 sacras
2793 1980 3079 2051 imagines,
3119 1988 3174 2035 et
3220 1981 3523 2037 salutarem

1934 2072 2311 2142 baptismum;
2359 2070 2598 2143 denique
2646 2072 3010 2143 sumptionem
3060 2073 3278 2143 quidem
3312 2072 3528 2128 divino-

1936 2179 2056 2218 rum
2090 2166 2477 2236 mysteriorum
2526 2166 2783 2231 oderunt,
2814 2167 3090 2221 umbilicis
3132 2174 3312 2221 autem
3343 2166 3525 2220 infan-

1934 2256 2070 2311 tium
2106 2257 2409 2312 combustis
2454 2267 2686 2312 utuntur
2732 2257 2801 2311 ad
2851 2258 3157 2313 animarum
3186 2257 3525 2329 puriﬁcatio-

1934 2366 2083 2413 nem,
2118 2365 2214 2405 seu
2265 2350 2448 2420 potius
2493 2351 2988 2421 inquinamentum,
3026 2360 3199 2421 atquo»
3218 2366 3348 2406 suos
3373 2350 3530 2407 cibos

1935 2441 2004 2497 iis
2042 2450 2435 2511 conspurcant.
2482 2441 2787 2497 Anathema
2836 2442 2903 2497 iis
2952 2442 3045 2514 qui
3076 2458 3175 2497 esu
3207 2442 3531 2497 morticino-

1936 2552 2058 2590 rum
2112 2552 2171 2591 se
2218 2536 2510 2607 polluunt;
2562 2537 2766 2606 quique
2813 2551 2974 2591 omne
3006 2536 3225 2606 quidem
3258 2536 3529 2590 Christia-

1935 2642 2067 2681 num
2127 2627 2399 2696 jejunium
2456 2635 2745 2696 respuunt,
2788 2634 3033 2696 tempore
3084 2642 3216 2681 vero
3267 2626 3335 2680 ab
3392 2627 3531 2696 ipsis

1936 2719 2263 2773 existimatas
2285 2716 2751 2789 Quadragesimaa,
2770 2733 2933 2773 caseo
2959 2725 3013 2773 et
3042 2719 3182 2773 lacte
3206 2733 3264 2772 se
3287 2718 3526 2787 explent.

1939 2815 2243 2869 Anathema
2276 2816 2343 2871 iis
2375 2815 2468 2884 qui
2503 2823 2599 2870 aut
2630 2824 2854 2886 negant,
2888 2822 2982 2868 aut
3010 2821 3373 2882 corrumpunt
3393 2829 3531 2883 qua-

1939 2917 2065 2963 tuor
2106 2908 2310 2963 Christi
2354 2907 2689 2977 Evangelia,
2746 2907 3034 2975 sanctique
3081 2906 3315 2975 apostoli
3367 2904 3527 2961 Pauli

1939 2999 2247 3069 Epistolas;
2282 3001 2486 3069 quique
2532 2999 2652 3053 loco
2698 2998 2918 3067 quidem
2960 3004 3285 3051 cunctorum
3315 2996 3529 3066 opiﬁcis

237 3089 334 3142 καὶ
362 3092 485 3145 ἀντὶ
521 3092 617 3162 μὲν
645 3090 739 3144 τοῦ
777 3090 1109 3162 δημιουργοῦ
1138 3089 1245 3143 τῶν
1275 3087 1530 3141 ἁπάντων
1558 3084 1715 3148 Θεοῦ,
1746 3102 1836 3137 σε·-

1942 3092 2057 3157 Dei,
2090 3092 2278 3146 colunt
2306 3106 2428 3146 eum
2461 3090 2554 3159 qui
2593 3091 2850 3160 princeps
2878 3090 3045 3159 hujus
3072 3089 3261 3143 mundi
3286 3088 3526 3155 dicitur;

237 3178 491 3251 δομένοις
520 3182 611 3235 τὸν
639 3181 935 3252 λεγομένον
964 3183 1203 3252 ἄρχοντα
1244 3180 1339 3235 τοῦ
1377 3180 1583 3250 κόσμου
1608 3177 1796 3231 τούτου
1818 3194 1831 3207 ·

238 3273 359 3327 ἀντὶ
404 3277 462 3329 δὲ
504 3274 598 3327 τοῦ
640 3275 943 3328 ἀποστόλου
978 3274 1213 3338 Παύλου,
1235 3273 1327 3327 τὸν
1359 3273 1462 3341 τῆς
1500 3270 1837 3341 Καλλινίκης

239 3365 354 3419 υἰὸν
404 3365 617 3421 Παῦλον
650 3367 872 3438 τιμῶσι,
901 3366 995 3420 καὶ
1042 3368 1171 3429 τοὺς
1222 3366 1322 3437 μὲν
1367 3364 1639 3435 τέσσαρας
1671 3360 1835 3416 αὑτοῦ

241 3458 490 3529 μαθητὰς
518 3460 597 3522 εἰς
633 3458 802 3512 τύπον
832 3457 940 3511 τῶν
977 3456 1325 3527 Εύαγγελίων
1357 3456 1688 3526 δεχομένοις,
1724 3457 1837 3517 τοῖς

236 3547 296 3613 δὲ
321 3552 531 3623 ἑτέροις
555 3551 701 3622 τρισί¹
726 3551 788 3603 τὸ
815 3551 915 3620 τῆς
942 3550 1171 3621 Τριάδος
1191 3547 1615 3619 ὲπιφημίζουσιν
1641 3546 1831 3617 ὄνομα.

250 3640 525 3714 Ἅνάοεμα
554 3647 666 3707 τοῖς
711 3643 1205 3715 συμφθειρομένοις
1238 3642 1437 3711 ἀδελφῇ
1471 3642 1567 3693 καὶ
1600 3638 1838 3710 πενθερᾷ

160 3726 167 3737 ’
237 3737 336 3789 καὶ
368 3738 583 3807 νύμφῃ·
618 3737 713 3789 καὶ
744 3739 854 3798 τοῖς
882 3734 1025 3788 κατὰ
1057 3734 1158 3805 τὴν
1186 3732 1411 3805 πρώτην
1440 3730 1534 3785 τοῦ
1571 3731 1837 3786 Ἰαννουα-

237 3829 359 3898 ρίου
398 3831 584 3902 μηνὸς,
620 3831 700 3892 εἰς
731 3828 925 3902 ἑορτὴν
951 3827 1109 3898 δῆθεν
1150 3825 1581 3897 ἀθροιζομένοις,
1616 3822 1755 3895 μετά
1780 3823 1837 3875 δὲ

238 3919 340 3991 τὴν
385 3920 674 3992 ὲσπερινὴν
720 3904 899 3991 μέθην
934 3918 1359 3973 ἀποσϐεννύουσι
1392 3916 1459 3969 τὰ
1491 3916 1666 3985 φῶτα,
1703 3932 1836 3986 σαρ-

240 4013 415 4078 κικῶς
435 4032 493 4067 τε
521 4013 770 4084 ἀλλήλοις
794 4012 1257 4081 ἐνασελγαίνουσι,
1284 4010 1377 4063 καὶ
1411 4009 1679 4080 μηδεμιᾶς
1701 4005 1839 4068 ὅλως

242 4106 579 4178 φειδομένοις
617 4106 831 4175 φύσεως
853 4105 887 4175 ἦ
920 4103 1287 4174 συγγενείαςῆ
1308 4102 1549 4170 ἡλικίας,
1564 4099 1837 4170 Ἀνάθεμα

240 4180 353 4261 τοῖς
386 4198 653 4269 μηδέποτε
678 4197 743 4263 διξ
780 4197 943 4267 ὅρκου
975 4194 1347 4266 ἀληθεύουσιν,
1375 4193 1490 4246 ἀλλ’
1521 4190 1837 4261 ἐξεπίτηδες

242 4290 330 4343 ἀεὶ
371 4290 721 4362 ψευδομένοις
763 4290 855 4342 καὶ
904 4286 1244 4358 ἐπιορκοῦσι,
1282 4285 1424 4339 κατὰ
1450 4286 1549 4355 τὴν
1588 4282 1683 4336 τοῦ
1717 4300 1837 4354 τρι-

241 4383 552 4455 καταράτου
609 4381 884 4443 Μάνεντος
937 4379 1303 4441 διδασκαλίαν,
1361 4377 1503 4430 οὕτω
1554 4376 1831 4444 λέγοντος·

1942 3185 2064 3239 loco
2103 3199 2235 3238 vero
2271 3182 2506 3251 apostoli
2554 3178 2731 3245 Pauli,
2766 3180 2995 3235 Paulum
3030 3180 3200 3234 (ilium
3249 3179 3530 3234 Callinicae

1939 3274 2234 3335 honorant,
2279 3279 2335 3325 et
2368 3286 2491 3325 cum
2540 3281 2779 3341 quatuor
2820 3272 2940 3341 ejus
2967 3271 3268 3340 discipulos
3300 3270 3357 3324 in
3387 3272 3529 3340 ﬁgu-

1940 3381 2056 3419 ram
2078 3373 2317 3434 quatuor
2338 3363 2756 3434 Evangeliorum
2789 3364 3120 3433 suscipiunt,
3153 3370 3269 3416 tum
3299 3371 3529 3419 caeteros

1939 3462 2052 3510 tres
2084 3453 2372 3511 Trinitatis
2402 3455 2625 3509 nomine
2655 3455 2978 3525 insigniunt.
3005 3455 3309 3508 Anathema
3335 3455 3402 3509 iis
3433 3455 3529 3524 qui

1940 3548 2314 3602 concumbunt
2366 3562 2490 3601 cum
2543 3561 2752 3610 sorore,
2788 3553 2842 3600 et
2891 3560 3076 3610 socru,
3116 3555 3170 3601 et
3217 3562 3395 3610 nuru;
3429 3560 3531 3601 nec

1939 3657 2050 3695 non
2090 3641 2157 3697 iis
2186 3641 2278 3711 qui
2311 3641 2490 3714 primo
2533 3639 2739 3694 mensis
2789 3637 3039 3693 Januarii
3089 3639 3178 3694 die
3222 3639 3291 3694 ad
3329 3639 3529 3694 festum

1939 3733 2278 3803 congregati,
2312 3738 2436 3803 post
2478 3731 2849 3803 vespertinam
2902 3731 3275 3784 temulentiam
3314 3731 3527 3785 exstin-

1938 3835 2112 3902 guunt
2140 3826 2368 3889 lumina,
2397 3831 2452 3878 et
2479 3824 2624 3878 inter
2653 3839 2712 3879 se
2740 3838 2906 3877 carne
2952 3822 3270 3887 lasciviunt,
3300 3838 3401 3878 nec
3432 3824 3528 3877 ulli

1940 3918 2166 3972 omnino
2219 3921 2453 3987 parcunt
2505 3914 2683 3977 sexui,
2717 3913 3135 3987 propinquitati,
3183 3913 3351 3969 aetati.
3383 3912 3531 3967 Ana-

1938 4010 2123 4064 thema
2171 4008 2240 4064 iis
2290 4008 2383 4078 qui
2434 4021 2715 4077 nunquam
2745 4007 2800 4060 in
2830 4007 3145 4076 juramento
3173 4020 3300 4060 vera
3332 4005 3529 4075 praedi-

1939 4110 2091 4166 cant,
2126 4102 2221 4156 sed
2252 4100 2319 4155 de
2350 4100 2624 4154 industria
2658 4114 2873 4171 semper
2902 4099 3244 4153 mentiuntur
3280 4112 3344 4150 ac
3376 4099 3528 4169 peje-

1938 4203 2087 4259 rant,
2117 4194 2274 4262 juxta
2315 4193 2621 4251 doctrinam
2654 4192 2890 4249 maxime
2919 4188 3242 4245 exsecrandi
3274 4189 3527 4255 Manetis,

1938 4286 2032 4357 qui
2087 4286 2167 4341 sic
2217 4284 2510 4353 loquitur:
2550 4281 2671 4337 Non
2726 4296 2848 4337 sum
2905 4281 3322 4344 immisericors,
3382 4281 3531 4336 sicut

1939 4378 2215 4439 Christus,
2252 4390 2351 4430 nec
2378 4374 2588 4447 negabo
2615 4388 2740 4427 eum
2765 4373 2859 4443 qui
2882 4388 2967 4427 me
2994 4388 3183 4427 coram
3210 4372 3528 4428 hominibus

241 4474 358 4527 Ούκ
388 4454 503 4546 εἰμί
534 4473 880 4545 ἄσπλαγχνος
910 4472 1100 4541 ὥσπερ
1129 4472 1157 4523 ό
1185 4469 1438 4545 Χριστὸς,
1458 4468 1578 4521 οὐδὲ
1605 4467 1836 4538 ἀρνήσο-

1944 4470 2265 4541 negaverit;
2291 4467 2538 4539 quinin‘.o
2566 4481 2691 4520 eum
2736 4466 2830 4536 qui
2872 4466 3107 4540 propria:
3141 4466 3335 4521 salutis
3361 4482 3528 4521 causa

244 4582 344 4649 μαι
391 4569 482 4621 τὸν
514 4565 889 4639 άρνησάμενόν
922 4580 989 4634 με
1031 4562 1336 4639 ἔμπροσθεν
1366 4559 1474 4613 τῶν
1511 4558 1834 4630 ἀνθρώπων,

239 4657 377 4712 ἀλλὰ
410 4660 503 4713 καὶ
548 4658 639 4711 τὸν
684 4656 1013 4727 ψευδόμενον
1047 4653 1136 4707 διὰ
1159 4654 1259 4725 τὴν
1300 4653 1507 4709 οἰκείαν
1539 4652 1833 4723 σωτηρίαν,

242 4754 338 4807 καὶ
366 4755 460 4809 τὸν
484 4753 571 4806 διὰ
604 4752 767 4821 φόϐον
798 4749 1130 4822 ἀρνούμενον
1158 4748 1257 4822 τὴν
1294 4748 1429 4814 ἰδίαν
1464 4747 1665 4809 πίστιν,
1700 4745 1836 4816 μετά

241 4850 419 4918 χαρᾶς
456 4846 845 4919 προοδέξομαιε
858 4843 982 4897 Ἐὰν
1016 4843 1072 4895 δὲ
1114 4842 1188 4913 μὴ
1215 4841 1275 4917 ἐξ
1303 4840 1432 4911 ὅλης
1458 4838 1636 4911 ψυχῆς
1663 4838 1837 4892 ταῦτα

243 4920 428 5009 φρονῶ
457 4939 552 4992 καὶ
598 4938 761 5007 λέγω,
792 4935 901 5005 ἐγὼ
929 4939 957 4989 ό
985 4936 1150 4997 δεῖνα,
1181 4933 1316 4989 άλλά
1348 4933 1465 5003 μεθ’
1500 4932 1838 5003 ὑποκρίσεως

241 5029 475 5104 ἐποίησα
518 5032 644 5092 τοὺς
685 5028 1084 5100 προκειμένους
1116 5025 1615 5095 ἀναθεματισμοὺς,
1645 5024 1840 5085 ἀνάθε-

246 5123 323 5190 μά
357 5143 451 5195 μοι¹
475 5123 561 5194 εἴη
598 5124 692 5175 καὶ
722 5122 1028 5191 κατάθεμα,
1053 5119 1108 5172 ἔν
1141 5136 1200 5171 τε
1231 5117 1309 5189 τῷ
1338 5116 1434 5173 νῦν
1463 5117 1640 5179 αἰῶνι,
1662 5117 1754 5170 καὶ
1782 5118 1839 5169 ὲν

252 5213 320 5285 ,ᾦ
354 5216 617 5288 μέλλοντι,
652 5216 746 5276 καὶ
776 5210 1136 5283 κατακριθείη
1182 5211 1277 5263 καὶ
1325 5209 1577 5263 ἀπόλοιτο
1614 5211 1648 5281 ή
1693 5208 1839 5291 ψυχή

247 5324 370 5375 μου,
406 5309 500 5363 καὶ
531 5307 798 5379 διηνεκῶς
828 5302 1241 5376 ταρταρωθείη.,

314 5402 500 5457 Ταῦτα
521 5400 615 5454 τοῦ
641 5398 1077 5473 προσερχομένου
1119 5396 1368 5465 λέγοντος
1403 5395 1487 5447 ἐπ’
1522 5395 1839 5465 ἐκκλησίας,

244 5495 505 5567 ποιοῦμεν
561 5493 722 5547 αὐτὸν
777 5490 1122 5563 Χριστιανὸν,
1156 5489 1252 5541 εἴτ’
1292 5485 1385 5541 οὖν
1431 5487 1712 5558 ἡγούμεθα
1765 5488 1841 5549 ὡς

244 5583 581 5641 ἀϐάπτιστον
610 5584 961 5660 Χριστιανὸν,
984 5576 1071 5637 οἷα
1106 5581 1266 5654 τυχόν
1298 5581 1413 5633 ἐστι
1450 5579 1520 5635 τὰ
1558 5580 1668 5634 τῶν
1706 5580 1841 5651 Χρι-

1944 4566 2209 4618 mentitus
2242 4562 2424 4624 fuerit,
2457 4575 2691 4630 eumque
2720 4559 2814 4630 qui
2850 4574 2946 4628 per
2969 4559 3220 4613 timorem
3251 4560 3529 4630 negaverit

1944 4673 2099 4713 suam
2131 4656 2311 4718 fidem,
2339 4670 2463 4709 cum
2486 4654 2687 4728 gaudio
2715 4650 3166 4724 recipiam.Quod
3200 4650 3244 4705 si
3278 4651 3392 4705 haec
3413 4658 3525 4705 toto

1941 4764 2009 4803 ex
2042 4747 2225 4801 animo
2268 4763 2377 4800 non
2425 4746 2601 4801 sentio
2632 4761 2695 4799 ac
2724 4745 2869 4807 dico,
2906 4758 3007 4813 ego
3042 4743 3151 4807 illc,
3185 4758 3373 4797 verum
3401 4758 3524 4796 cum

1942 4838 2294 4894 simulatione
2326 4837 2651 4908 praepositos
2697 4835 3185 4888 anathematismos
3237 4832 3358 4895 feci,
3394 4831 3524 4886 mihi

1943 4933 2014 4988 sit
2042 4930 2330 4985 anathema
2361 4936 2413 4984 et
2442 4929 2768 4993 catathema,
2789 4934 2898 4979 tam
2925 4927 2981 4979 in
3008 4927 3111 4979 hoc
3132 4924 3331 4979 saeculo
3361 4938 3524 4993 quam

1943 5025 1999 5078 in
2031 5024 2236 5086 futuro,
2273 5024 2562 5091 animaque
2596 5035 2716 5081 mea
2745 5020 3139 5073 condemnetur
3169 5033 3233 5072 ac
3262 5023 3449 5087 pereat
3473 5024 3524 5071 et

1945 5116 2215 5197 perpetim
2239 5116 2294 5169 in
2322 5114 2554 5178 Tartaro
2584 5112 2861 5184 puniatur.

2015 5384 2108 5440 Vl.
2150 5382 2276 5439 Haec
2298 5382 2513 5437 dicente
2558 5394 2623 5436 eo
2670 5378 2764 5449 qui
2795 5376 3011 5432 accedit
3045 5390 3231 5431 coram
3263 5372 3520 5437 ecclesia,

1945 5477 2180 5530 facimus
2208 5491 2331 5530 eum
2364 5472 2761 5535 Christianum,
2793 5468 2905 5524 sive
2939 5466 3201 5519 habemus
3232 5479 3332 5534 pro
3360 5463 3524 5517 Chri-

1942 5569 2123 5629 stiano
2151 5566 2391 5623 nondum
2419 5565 2713 5637 baptizato,
2742 5560 2939 5633 quales.
2960 5558 3074 5614 fere
3101 5565 3229 5614 sunt
3257 5556 3524 5615 Christia-

349 5743 460 5813 (76‘)
500 5745 605 5799 Καὶ
647 5745 863 5802 ‘luiw.
893 5739 1053 5797 Forte
1096 5738 1297 5809 aliquid
1336 5737 1505 5794 deest.
1540 5735 1673 5791 \iidc
1699 5734 1824 5791 Pclr
1878 5733 2013 5793 Sic,
2051 5749 2103 5799 ρ.
2134 5730 2218 5785 50..
2246 5726 2322 5785 lo.
3111 5784 3205 5795 mg
