3888 6192
424 260 562 317 ΗόἻ

1293 260 1352 318 S.
1394 258 1790 317 CLEMENTIS
1830 258 1850 314 Ι
1888 257 2056 315 ROM.
2097 258 2299 319 PONT.
2337 259 2565 318 OPERA
2602 260 2832 320 DUBIA.

3542 257 3660 314 ηδε

418 381 562 435 rum,
591 382 647 428 et
702 372 868 428 aium
910 372 1459 438 Commentariorum;
1494 374 1624 429 item
1672 371 1743 427 ab
1781 367 1899 426 Ada
1946 380 2034 431 et.

2122 390 2191 425 :ut
2231 373 2395 445 νόμον
2421 374 2515 428 xui
2542 374 2827 445 προφήτας
2848 388 2861 402 ⁸
2895 370 2989 426 καὶ
3014 370 3113 443 τὴν
3137 370 3245 425 τῶν
3283 368 3660 437 Ἀποκρύφων·

418 464 713 519 Adimanto
751 466 1125 536 conscriptum
1171 467 1435 521 adversus
1484 464 1724 534 Moysem
1769 461 2005 533 prophe-

420 564 617 627 tasque
653 556 826 624 alios;
860 572 960 611 nec
1010 572 1122 611 non
1173 558 1375 612 librum
1423 555 1616 627 Agapii
1650 552 2004 625 Heptalogum

421 649 665 713 nomine,
694 648 1114 719 Aristocritique
1143 646 1292 720 Opus
1334 648 1479 718 quod
1518 646 1917 715 Theosophiam,
1948 641 2005 698 id

421 749 527 807 est,
559 740 655 796 Dei
682 740 1003 813 sapientiam
1037 741 1355 811 inscripsit;
1382 741 1435 795 in
1468 754 1575 809 quo
1595 737 1885 795 ostendere
1912 751 2007 791 co-

422 845 586 889 natur
611 833 978 899 Jutlaismum,
1010 834 1411 904 paganismum,
1443 831 1931 887 Christianismum
1951 836 2007 886 et

422 923 880 983 Manichaismum
928 941 1095 984 unum
1140 940 1264 980 esse
1306 924 1561 993 idemque
1588 922 1814 993 dogma;
1842 930 2008 989 utque

420 1018 725 1088 probabilia
747 1018 1001 1075 videatur
1033 1018 1239 1083 dicere,
1273 1016 1543 1073 Manetem
1572 1029 1792 1085 quoque
1830 1012 2009 1083 arguit

419 1117 683 1181 tanquam
728 1110 961 1165 malum.
1000 1109 1310 1166 Anatbema
1351 1115 1407 1165 et
1449 1107 1761 1163 catatbema
1786 1104 2008 1177 profero

422 1190 687 1258 adversus
740 1216 932 1257 omnes
979 1201 1334 1269 Manichaaos,
1364 1216 1555 1256 omnes
1586 1214 1779 1255 eorum
1810 1198 2006 1263 libros,

419 1306 613 1347 omnes
644 1306 858 1360 preces.
879 1291 990 1345 imo
1016 1291 1346 1363 praestigias,
1378 1306 1572 1346 omnes
1594 1305 1786 1345 eorum
1815 1288 2007 1353 duces,

420 1384 736 1453 magistros,
769 1384 1079 1455 episcopos,
1104 1384 1456 1453 presbyteros
1475 1425 1490 1449 ,
1526 1383 1754 1446 electos,
1781 1381 2006 1444 electas,

421 1472 725 1533 auditores.
758 1472 1087 1544 discipulos,
1118 1488 1242 1528 cum
1282 1473 1572 1528 animabus
1588 1480 1641 1527 et
1660 1470 2008 1541 corporibus,

422 1564 700 1635 impiaque
740 1565 1056 1621 traditione.
1091 1565 1511 1621 Anathematizo
1539 1570 1749 1635 patrem
1780 1562 2011 1617 Manetis

419 1654 725 1722 Patecium,
759 1664 819 1713 ut
839 1657 1155 1714 mendacem
1179 1665 1231 1712 et
1250 1658 1516 1713 mendacii
1535 1665 1743 1729 patrem
1770 1674 1784 1723 ;
1820 1653 2009 1710 itidem

2106 467 2199 520 xui
2224 467 2323 539 τὴν
2349 467 2458 520 τῶν
2504 464 3141 535 Ἀπομνημονευμάτων
3159 481 3172 495 ·
3202 464 3295 517 καὶ
3320 462 3416 533 τὴν
3444 478 3667 531 γεγραμ-

2110 558 2279 629 μένην
2318 559 2452 629 ’Δδᾳ
2490 559 2583 611 xui
2625 558 2975 628 Ἀδειμάντῳ,
3006 556 3146 609 κατὰ
3163 552 3431 616 Μωῦσέως
3462 554 3547 606 xui
3572 552 3666 604 τῶν

2106 650 2281 705 ἄλλων
2328 650 2654 721 προφητῶν*
2704 651 2799 703 xui
2844 649 2943 719 τὴν
2988 647 3283 717 λεγομένην
3327 642 3668 719 Ἑπτάιοτον

2121 742 2411 811 ’Δγαπίου·
2442 744 2535 796 xui
2562 741 2660 813 τὴν
2688 740 3090 812 Ἀριστοκρίτου
3116 738 3313 808 βίϐλον,
3332 738 3399 808 ἣν
3426 733 3671 805 ἐνέγραψε

2111 833 2469 901 Θεοσοφίαν,
2497 833 2555 885 ὲν
2650 833 2905 902 πειρᾶται
2930 828 3201 883 δεικνύναι
3230 826 3320 880 τὸν
3362 824 3670 893 Ἱουδαῖσμὸν

2107 922 2323 977 καὶτὸν
2366 922 2715 994 Ἐλληνισμὸν
2756 923 2851 976 xui
2888 922 2978 974 τὸν
3012 917 3437 991 Χριστιανισμὸν
3479 916 3673 969 καὶτὸν

2108 1013 2491 1084 Μινιχαῖσμὺν
2520 1012 2579 1065 ἓν
2608 1007 2750 1066 εἶναι
2783 1013 2877 1065 xui
2902 1011 2963 1064 τὸ
2991 1010 3122 1064 αὐτὸ
3149 1010 3344 1079 δόγμα,
3373 1008 3468 1061 xui
3496 1007 3578 1060 ἵνα
3597 1024 3675 1059 πι-

2110 1107 2249 1161 θανὰ
2293 1106 2419 1181 δόξῃ
2456 1106 2653 1176 λέγειν,
2685 1105 3023 1160 καθάπτεται
3064 1106 3158 1157 xui
3190 1103 3283 1156 τοῦ
3314 1103 3586 1165 Μάνεντος
3610 1100 3676 1164 ὡς

2110 1199 2371 1272 πονηροῦ.
2410 1197 2816 1268 Ἀναθεματίζω
2868 1197 2963 1249 καὶ
3018 1193 3437 1266 καταθεματίζω
3490 1194 3678 1255 πάντας

2109 1294 2238 1355 τοὺς
2266 1291 2625 1362 Μανιχαίους,
2657 1290 2752 1343 xui
2798 1290 2979 1342 πᾶσαν
3023 1286 3200 1341 αὐτῶν
3240 1285 3443 1355 βίϐλον,
3473 1287 3563 1338 xui
3589 1286 3680 1337 πᾶ-

2114 1398 2212 1435 σαν
2240 1380 2425 1452 εὐχὴν,
2461 1380 2658 1451 μᾶλλον
2685 1379 2741 1431 δὲ
2771 1377 3050 1448 γοητείαν,
3080 1379 3175 1430 καὶ
3204 1376 3418 1438 πάντας
3444 1376 3565 1437 τοὺς
3592 1374 3679 1443 ἀρι-

2111 1474 2315 1545 χηγοὺς
2343 1472 2543 1535 αὐτῶν,
2576 1472 2671 1525 xui
2699 1470 3071 1533 διδασκάλους,
3102 1469 3193 1522 xui
3220 1467 3571 1529 ἐπισκόπους,
3598 1467 3680 1527 xui

2112 1566 2535 1637 πρεσϐυτέρους,
2561 1550 2694 1643 [xui
2748 1562 3058 1625 ἐκλεκτοὺς,
3120 1560 3213 1614 xui
3266 1559 3548 1623 ὲκλεκτάς,
3600 1558 3680 1610 xui

2111 1652 2532 1770 καὶ
2567 1656 2835 1770 μςθηῖξιεν
2874 1654 3011 1726 μετά
3040 1652 3681 1770 ῖέξῖένέκςίινξξῖῑυῖ.ῖέξ

422 1748 598 1817 ipsius
617 1756 845 1805 matrem
864 1748 1181 1811 Carossam,
1202 1757 1257 1804 et
1287 1748 1597 1813 llieracem,
1638 1746 2005 1812 Heraclidem,

2122 1740 2411 1821 σωμάτων]
2433 1750 2527 1803 xui
2568 1749 2669 1819 τῆς
2712 1747 2873 1803 ἀθέου
2906 1740 3682 1817 παραδόσεως.Ἀναθεματίζω

422 1840 797 1909 Aphthonium
819 1882 834 1905 ,
868 1842 959 1911 qui
1003 1843 1426 1897 commentarios
1456 1856 1519 1895 ac
1547 1840 1922 1910 expositiones
1952 1838 2009 1892 in

423 1929 574 1985 illius
606 1930 777 1985 libros
793 1930 1267 2001 conscripserunt;
1286 1939 1340 1986 et
1366 1932 1605 1996 reliquos
1621 1930 1740 2000 ejus
1767 1930 2012 1999 discipu-

423 2022 507 2076 los
522 2037 736 2087 omnes,
772 2020 1075 2085 Sisjnnium
1108 2022 1582 2079 Manetisinsania:
1605 2036 2007 2084 successorem,

423 2113 695 2169 Thomam
724 2116 815 2184 qui
837 2112 1060 2171 Thomas
1076 2114 1281 2170 dictum
1306 2116 1655 2186 Evangelium
1678 2116 2009 2186 composuit,

422 2207 653 2270 Budam,
676 2206 1143 2270 Herman,Adam.
1192 2208 1545 2261 Adimantum
1574 2249 1587 2272 ,
1619 2207 1883 2273 Zaruam,
1914 2208 2015 2262 Ga-

318 2310 319 2313 ‘
422 2298 719 2362 briabium,
738 2296 1024 2368 Agapium.
1046 2297 1335 2363 Hilarium,
1360 2297 1694 2369 Olympium,
1716 2299 2014 2356 Aristocri-

424 2402 561 2455 tum,
585 2392 899 2456 Salmmum,
920 2391 1182 2460 lnnzeum,
1211 2393 1455 2463 Paapim,
1482 2394 1754 2461 Barazam;
1787 2403 2015 2465 praeter-

423 2499 600 2553 eaque
655 2498 750 2538 eos
796 2482 887 2553 qui
943 2485 1150 2539 ultimis
1180 2484 1397 2541 demum
1432 2486 1773 2554 temporibus
1820 2484 2012 2540 lueresi

424 2575 1049 2647 praefuerunt,Paulum
1099 2576 1475 2645 Joannemque
1520 2576 1800 2630 Callinicaa
1848 2577 2011 2644 ﬁlios,

423 2664 846 2719 Constantinum
879 2668 969 2736 qui
1003 2678 1055 2720 et
1089 2666 1364 2730 Silvanus,
1389 2664 1698 2720 Simeonem
1731 2668 1823 2737 qui
1854 2676 1907 2721 et
1925 2668 2017 2723 Ti-

426 2764 537 2820 tus,
562 2756 857 2812 Genesium
881 2759 974 2828 qui
999 2769 1052 2813 et
1069 2757 1411 2822 Timotheus,
1442 2758 1783 2821 Zachariam,
1807 2775 2019 2817 merce-

427 2850 669 2913 narium,
702 2848 999 2920 Josephum
1047 2851 1141 2922 qui
1172 2857 1224 2904 et
1255 2849 1683 2919 Epaphroditus,
1735 2850 2015 2908 Baannem

428 2957 711 3011 Spurcum,
743 2942 993 3013 Sergium
1027 2944 1118 3013 qui
1153 2952 1205 2998 et
1238 2942 1544 3014 Tychicus;
1577 2944 1808 3013 ejusque
1844 2944 2016 2999 disci-

426 3036 589 3105 pulos
615 3036 821 3105 pariter
858 3044 912 3090 et
957 3037 1187 3090 comites
1217 3036 1506 3100 vocitalos,
1540 3034 1879 3095 Michaelem,
1910 3036 2017 3091 Ca-

426 3127 738 3188 nacarium,
773 3126 1061 3191 Joannem,
1098 3127 1461 3191 Theodotum,
1496 3125 1755 3181 Basiliuin
1782 3134 1835 3181 et
1864 3126 2017 3182 Zosi-
2044 3103 2087 3159 (ἶ

428 3234 619 3283 mum;
652 3234 908 3289 quorum,
954 3220 1186 3285 scilicet,
1234 3220 1549 3289 superiores
1582 3219 1775 3289 gradu,
1811 3217 2021 3272 Notarii

429 3312 754 3382 nuncupati,
788 3312 1233 3365 abominabilium
1263 3313 1543 3381 orgiorum
1581 3313 1695 3365 sive
1737 3326 2019 3365 sacrorum

430 3419 620 3459 curam
663 3412 1037 3475 susceperant.
1071 3403 1277 3459 Praeter
1305 3406 1405 3459 hos
1431 3412 1613 3459 autem
1645 3404 2015 3457 anathemati-

432 3511 498 3549 κο
528 3497 1012 3553 sceleratissimum
1041 3496 1329 3561 Carbeam,
1354 3504 1408 3551 et
1437 3511 1634 3567 genere
1666 3496 1887 3565 quidem
1917 3495 2021 3566 ipsi

429 3588 670 3651 aﬁinem,
711 3589 765 3641 in
796 3588 903 3640 lilia
935 3604 1064 3642 vero
1093 3604 1357 3659 generum
1382 3587 1844 3658 Chrysocherem.

2109 1844 2201 1899 τὸν
2229 1844 2443 1916 πατέρα
2468 1842 2767 1905 Μάνεντος,
2798 1840 3084 1903 Πατέκιον,
3114 1833 3202 1891 οἷα
3222 1836 3464 1907 ψευστὴν
3494 1836 3579 1888 xui
3600 1831 3683 1885 τοῦ

2110 1936 2335 2007 ψευδοῦς
2367 1936 2602 2008 πατέρα,
2633 1935 2728 1989 xui
2773 1934 2872 2004 τὴν
2922 1931 3089 1986 αὐτοῦ
3141 1930 3355 2002 μητέρα
3393 1930 3682 2000 Κάροσσαν,

2114 2033 2207 2085 xui
2245 2032 2489 2101 Ἰέρακα,
2536 2030 2631 2083 xui
2666 2027 3047 2100 Ἡρακλείδην,
3097 2026 3191 2079 xui
3232 2022 3535 2093 Ἀφθόνιον,
3576 2019 3684 2077 τοὺς

2116 2123 2605 2196 ὑπομνηματιστὰς
2635 2125 2730 2176 xui.
2760 2122 3029 2193 ἐξηγητάς
3058 2120 3166 2173 τῶν
3194 2118 3391 2171 τούτου
3424 2130 3684 2186 συγγραμ-

2119 2215 2322 2286 μάτων,
2368 2214 2463 2267 xui
2508 2214 2636 2275 τοὺς
2677 2212 2898 2275 λοιποὺς
2942 2210 3106 2264 αὐτοῦ
3148 2208 3403 2280 μαθητάς
3449 2209 3683 2267 ἅπαντας,

2116 2308 2377 2360 Σισίννιον
2421 2305 2512 2357 τὸν
2559 2304 2803 2374 διάδοχον
2850 2304 2952 2374 τῆς
2998 2303 3189 2355 τούτου
3241 2301 3467 2372 μανίας,
3513 2299 3687 2368 Θωμᾶν

2115 2400 2206 2453 τὸν
2255 2397 2653 2468 συνταξάμενον
2694 2396 2754 2448 τὸ
2794 2398 2912 2449 κατ’
2949 2396 3110 2449 αὐτὸν
3148 2394 3446 2462 λεγόμενον
3474 2388 3688 2456 Εὐαγγέ-

2116 2494 2249 2557 λιον,
2280 2493 2501 2556 Βουδᾶν,
2541 2487 2781 2563 Ἑρμᾶν,
2808 2489 3000 2560 Ἀδάμ,
3038 2488 3409 2557 Ἀδείμαντον,
3448 2483 3686 2554 Ζαροὺαν,

2117 2584 2464 2657 Γαϐριάϐιον,
2510 2583 2788 2651 Ἀγάπιον,
2814 2580 3063 2651 Ίλάριον,
3112 2578 3436 2648 Ὀλύμπιον,
3477 2573 3688 2646 Ἀριστό-

2119 2695 2324 2748 κριτον,
2377 2674 2673 2746 Σαλμαῖον,
2720 2675 2960 2736 Ἰνναῖον,
3011 2671 3253 2736 Πάαπιν,
3310 2668 3569 2739 Βαραίαν,
3613 2664 3690 2716 καὶ

2120 2770 2343 2841 προσέτι
2372 2770 2499 2833 τοὺς
2527 2767 2779 2839 ἐσχάτοις
2808 2765 3035 2836 ὓστερον
3065 2764 3281 2834 χρόνοις
3310 2760 3693 2833 προστατήσαν-

2119 2878 2220 2925 τας
2244 2861 2342 2931 τῆς
2372 2860 2634 2931 αἱρέσεως
2664 2857 2874 2911 Παῦλον
2903 2856 2999 2910 xui
3039 2854 3294 2923 Ἰωάννην
3324 2854 3451 2914 τοὺς
3469 2845 3689 2902 Καλλινί-

2122 2969 2226 3021 κης
2273 2951 2488 3015 παῖδας,
2540 2951 2948 3002 Κωνσταντῖνον
2996 2946 3088 2999 τὸν
3137 2947 3231 2998 καὶ.
3278 2942 3574 2999 Σιλουανὸν,
3602 2939 3687 2989 Συ-

2127 3042 2307 3113 μεῶνα
2352 3041 2445 3094 τὸν
2493 3042 2587 3095 xui
2636 3040 2814 3101 Τῖτον,
2853 3037 3100 3091 Γενέσιον
3147 3036 3238 3088 τὸν
3295 3036 3391 3089 xui
3433 3029 3685 3102 Τιμόθεον,

2123 3134 2417 3205 Ζαχαρίαν,
2451 3133 2541 3185 τὸν
2595 3130 3101 3202 μισθωτὸν,Ίωσὴφ
3128 3127 3218 3181 τὸν
3248 3127 3346 3180 xui
3390 3119 3686 3191 Ἐπαφρόδι-

2122 3244 2233 3293 τον,
2266 3227 2511 3297 Βαάννην
2540 3225 2629 3278 τὸν
2661 3223 2927 3296 ῥυπαρὸν,
2958 3222 3184 3292 Σέργιον
3214 3220 3307 3272 τὸν
3337 3219 3431 3271 καὶ
3461 3212 3686 3283 Τυχικὸν,

2122 3313 2219 3365 xui
2260 3312 2386 3375 τοὺς
2430 3312 2621 3364 τούτου
2654 3310 2904 3381 μαθητάς
2935 3310 3061 3372 τοὺς
3092 3308 3189 3361 xui
3221 3306 3583 3376 συνεκδήμους
3607 3300 3691 3353 αὐ-

2124 3402 2219 3455 τοῦ
2275 3402 2643 3474 καλουμένους
2696 3400 2944 3473 Μιχαὴλ,
3005 3398 3383 3471 Κανακάριον,
3445 3394 3686 3461 Ἰωάννην,

2125 3494 2399 3558 Θεόδοτον,
2429 3494 2705 3547 Βασίλειον
2751 3495 2846 3546 xui.
2892 3491 3164 3562 Ζώσιμον,
3186 3484 3262 3544 ὧν
3305 3491 3356 3544 οί
3393 3487 3543 3559 δῆθεν
3577 3500 3690 3555 προ-

2126 3586 2515 3658 ϐαΟμιώτεροι,
2578 3585 2815 3657 νοτάριοι
2873 3584 2983 3656 (74)
3037 3584 3547 3654 κατονομαζόμενοι,
3598 3578 3681 3644 τὴν

430 3679 540 3733 τῶν
601 3680 896 3750 βδελυκτῶν
964 3680 1165 3750 ὀργίων
1234 3679 1620 3750 ἐνεχειρίζοντο
1679 3678 2012 3748 ἐπιμέλειαν.
2051 3679 2195 3749 Πρὸς
2225 3679 2281 3733 δὲ
2314 3680 2525 3743 τούτοις
2570 3676 2951 3749 άναθεματίζω
2991 3676 3081 3730 τὸν
3122 3675 3520 3746 τρισαλιτήριον
3562 3671 3691 3740 Καρ-

433 3773 583 3834 ϐέαν,
614 3774 708 3825 xui.
736 3772 827 3823 τὸν
858 3774 920 3823 ἐκ
950 3772 1139 3839 γένους
1169 3772 1265 3841 μὲν
1298 3771 1447 3841 αὑτῴ
1478 3770 1717 3839 ἀνεψιὸν,
1748 3771 1841 3823 ἐπὶ
1872 3772 2024 3825 παιδὶ
2046 3772 2103 3824 δὲ
2134 3772 2385 3843 γαμϐρὸν
2416 3772 2781 3844 Χρυσόχειρα.

508 3862 596 3917 IV.
638 3863 943 3917 Anathema
996 3861 1419 3916 Manichaeorum
1471 3878 1592 3932 quae
1630 3863 1890 3917 dicuntur
1919 3862 2021 3917 Ec-

433 3956 650 4022 clesiis;
702 3961 830 4008 sunt
875 3962 1057 4009 autem
1100 3955 1182 4008 hi8
1219 3974 1232 4011 :
1270 3954 1604 4022 Macedonia,
1637 3957 1752 4011 sive
1790 3957 2023 4012 Cibossa

434 4050 493 4104 in
522 4047 781 4111 Colonia;
813 4045 1017 4099 Achaia
1054 4047 1172 4115 (seu
1204 4044 1531 4109 Mananalis,
1562 4044 1873 4117 Laodicea),
1908 4047 2022 4101 sive

435 4140 635 4211 Argais
686 4154 807 4209 quae
850 4140 905 4190 in
938 4133 1135 4207 Lycia;
1160 4138 1590 4201 Colossensium,
1612 4153 1709 4191 seu
1736 4136 2024 4209 Cynocho—

435 4233 702 4293 ritarum;
736 4228 1122 4297 Ephesiorum,
1160 4228 1274 4283 sive
1302 4244 1424 4298 qum
1454 4227 1800 4298 Mopsuestia:
1831 4235 1945 4291 est;
1970 4235 2026 4284 et

437 4323 685 4378 Ecclesia
729 4320 1183 4391 Philippensium.
1217 4320 1522 4375 Anathema
1558 4321 1887 4390 negantibus
1920 4318 2025 4372 Pa-

2208 3864 2481 3936 Ἃνάθεμα
2513 3868 2633 3928 ταῖς
2662 3863 2983 3947 λεγομέναις
3014 3862 3121 3916 τῶν
3147 3862 3464 3934 Μανιχαίων
3494 3854 3688 3924 Ἐκκλη-

2127 3958 2287 4021 σίαις.
2320 3958 2390 4011 Αἰ
2414 3958 2557 4021 τινές
2588 3959 2725 4010 είσιν
2754 3950 2915 4011 αὗται
2935 3973 2948 3985 ·
2996 3956 3062 4009 Ἠ
3090 3956 3424 4017 Μακεδονία,
3454 3954 3561 4022 ἦτοι
3588 3951 3616 4018 ἡ
3641 3949 3688 3999 ἐν

2127 4050 2405 4121 Κολωνείᾳ
2450 4050 2696 4102 Κίϐοσσα
2719 4066 2731 4078 ’
2764 4051 2797 4119 ἡ
2846 4049 3037 4117 ’Λχαῒα
3068 4046 3203 4119 (75),
3236 4048 3357 4117 ἢτοι
3384 4048 3416 4117 ἡ
3446 4042 3574 4097 κατὰ
3597 4042 3685 4092 Δυ-

2128 4142 2251 4196 κίαν
2291 4142 2540 4213 Ἀργατς·
2574 4143 2607 4211 ἡ
2640 4138 3019 4202 Κολοσσαέων,
3053 4140 3169 4209 ἧτοι
3209 4141 3245 4210 ἡ
3278 4131 3681 4207 Κυνοχωρητῶν’

2127 4235 2162 4304 ἡ
2208 4234 2491 4302 Ἐφεσίων,
2523 4234 2641 4303 ἦτοι
2669 4234 2702 4302 ἡ
2735 4232 2791 4284 ὲν
2824 4230 3205 4302 Μοψουηστίᾳ,
3240 4230 3337 4283 xui
3380 4231 3412 4299 ἡ
3459 4226 3688 4289 Φιλιππηο

2132 4325 2281 4377 σίων.
2316 4324 2589 4395 Ἀνάθεμα
2616 4325 2728 4386 τοῖς
2760 4322 2835 4394 μὴ
2862 4322 3079 4391 λέγουσι
3107 4322 3332 4392 Πατέρα
3361 4315 3689 4387 παντοκράτο-

436 4423 575 4471 trem
601 4414 1031 4483 omnipotentem
1058 4412 1317 4467 factorem
1350 4413 1473 4467 cuali
1506 4420 1559 4467 et
1586 4420 1764 4476 terrae,
1797 4419 2027 4466 cuncto-

2136 4433 2206 4487 ρα
2252 4415 2483 4487 ποιητὴν
2522 4414 2755 4486 οὐρανοῦ
2789 4415 2885 4468 xui.
2911 4414 3016 4484 γῆς
3046 4415 3141 4467 xui
3168 4413 3279 4467 τῶν
3305 4414 3362 4465 ὲν
3385 4411 3553 4470 αὐτοῖς
3580 4407 3687 4476 ὀρα-

440 4522 673 4577 rumque
712 4507 769 4560 in
803 4507 912 4561 illis
946 4508 1243 4562 visibilium
1276 4521 1339 4561 ac
1376 4505 1759 4569 invisibilium,
1793 4503 2027 4559 dicenti-

440 4595 547 4651 bus
574 4612 705 4651 vero
739 4597 917 4650 solum
961 4594 1180 4649 Patrem
1226 4596 1529 4659 cmlestem,
1560 4595 1655 4665 qui
1702 4594 1899 4648 habeat
1946 4607 2031 4647 so-

442 4688 551 4745 lam
585 4686 755 4742 futuri
786 4688 1338 4758 saeculipoteslatem,
1360 4695 1617 4757 tanquam
1652 4700 1893 4755 praesens
1922 4700 2027 4740 sae-

441 4780 628 4834 culum
652 4788 816 4849 atque
844 4780 1138 4835 universus
1165 4780 1315 4834 orbis
1347 4780 1416 4834 ab
1438 4795 1503 4833 eo
1534 4794 1645 4833 non
1671 4780 1800 4842 siut,
1835 4777 1930 4831 sed
1963 4776 2032 4830 ab

424 4866 494 4930 ei
527 4875 804 4926 contrario
826 4872 970 4926 malo
992 4871 1177 4925 mundi
1210 4872 1479 4943 principe.
1506 4871 1808 4925 Anathema
1842 4868 1908 4924 iis
1936 4868 2031 4937 qui

444 4964 780 5019 contumelia
843 4962 1065 5035 quidem
1127 4963 1369 5018 alliciunt
1432 4970 1679 5018 sanctam
1745 4959 2031 5030 Deiparam

446 5054 695 5118 Mariam,
724 5055 986 5113 simulant
1014 5060 1195 5108 autem
1238 5069 1359 5108 eam
1408 5053 1705 5117 honorare,
1735 5067 1942 5123 proque
1970 5065 2036 5104 ea

2128 4506 2237 4569 τῶν
2289 4524 2347 4559 τε
2392 4508 2612 4561 πάντων
2664 4509 2759 4562 xui.
2807 4507 3077 4579 ἀοράτων,
3116 4504 3254 4559 ἀλλὰ
3302 4505 3457 4577 μόνον
3500 4499 3686 4567 Πατέρα

2132 4598 2479 4669 ἐπουράνιον,
2519 4597 2710 4669 ἔχοντα
2761 4598 2930 4668 μόνην
2970 4597 3070 4669 τὴν
3115 4595 3210 4649 τοῦ
3256 4594 3529 4666 μέλλοντος
3559 4588 3683 4651 ἐξου-

2135 4690 2276 4752 σίαν,
2300 4689 2376 4752 ὼς
2403 4689 2498 4742 τοῦ
2527 4689 2793 4761 παρόντος
2825 4688 3021 4761 αἰῶνος
3050 4688 3141 4741 xui
3169 4687 3267 4741 τοῦ
3296 4688 3490 4757 κόσμου
3517 4678 3683 4737 παντὸς

2136 4780 2235 4850 οὐχ
2265 4781 2355 4833 ὑπ’
2385 4779 2550 4833 αὑτοῦ
2585 4779 2914 4850 γενομένων,
2937 4777 3072 4832 ἀλλὰ
3105 4778 3210 4831 ὑπὸ
3239 4777 3335 4831 τοῦ
3368 4771 3588 4829 ἐναντίου
3612 4765 3686 4818 αὖε

2134 4872 2213 4943 τῷ
2244 4871 2339 4925 τοῦ
2374 4870 2612 4943 πονηροῦ
2653 4871 3117 4943 κοσμοκράτορος.
3138 4870 3326 4924 ἈνάΟε
3336 4885 3409 4939 μα
3429 4868 3532 4927 τοῖς
3556 4857 3683 4929 ὑδρί-

2138 4961 2289 5028 ξουσι
2325 4964 2423 5033 μὲν
2454 4963 2553 5035 τὴν
2586 4964 2748 5031 ἁγίαν
2771 4961 3035 5016 θεοτόκον
3064 4963 3307 5033 Μαρίαν,
3332 4949 3683 5030 προσποιουμέ-

2140 5042 2151 5051 ιο

2136 5042 2249 5120 νοις
2303 5056 2359 5109 δὲ
2405 5058 2571 5128 τιμᾷν
2622 5057 2812 5129 αὐτὴν,
2846 5057 2943 5110 xui
2982 5055 3195 5110 νοοῦσιν
3237 5056 3360 5110 ἀντὶ
3399 5052 3580 5118 ταύτης
3602 5042 3680 5113 τὴν

445 5148 759 5218 intelligunt
826 5161 1122 5215 supernam
1182 5145 1547 5212 Hierusalem,
1595 5147 1651 5200 in
1704 5160 1893 5215 quam,
1950 5145 2034 5198 in-

2139 5152 2249 5205 ἄνω
2294 5148 2668 5221 Ἰερουσαλὴμ,
2702 5151 2781 5211 εἰς
2813 5149 2899 5221 ἣν,
2944 5149 3101 5219 φασὶ,
3134 5147 3350 5219 εἰσῆλθε
3382 5143 3468 5199 xui
3498 5137 3680 5207 ἐξῆλθεν

446 5243 668 5309 quiunt,
701 5238 927 5292 intravit
957 5251 1022 5290 ac
1047 5252 1077 5291 e
1106 5252 1215 5307 qua
1246 5252 1503 5307 egressus
1527 5244 1612 5292 est
1631 5234 1896 5289 Dominus
1921 5251 1936 5299 ;
1968 5233 2034 5287 iis

2137 5243 2166 5293 ὁ
2200 5242 2400 5310 Κύριος
2426 5257 2438 5269 ·
2474 5241 2569 5293 xui
2616 5244 2727 5303 τοῖς
2770 5238 3118 5310 δυσφημοῦσι
3167 5238 3265 5308 μὲν
3310 5237 3397 5290 τὸν
3430 5229 3679 5297 σεϐάσμιον

445 5333 612 5389 etiam
661 5330 756 5401 qui
806 5328 1177 5384 venerandam
1219 5344 1443 5384 crucem
1490 5328 1780 5390 infamant,
1829 5325 2034 5396 ﬁngunt

2143 5332 2395 5403 σταυρὸν,
2443 5331 2890 5403 ὑποκρινομένοις
2943 5329 3000 5384 δὲ
3061 5327 3312 5383 σέϐεσθαι
3362 5324 3553 5383 τοῦτον,
3604 5312 3679 5403 xiii

447 5442 581 5482 vero
613 5426 761 5480 illam
793 5424 996 5488 colere,
1030 5432 1087 5477 at
1116 5438 1215 5494 pro
1256 5438 1318 5479 ea
1367 5421 1681 5493 intelligunt
1727 5418 2035 5481 Christum,

448 5520 567 5593 qui,
594 5519 873 5590 inquiunt,
904 5532 1104 5573 manus
1125 5516 1449 5582 extendens,
1480 5514 1663 5571 crucis
1692 5512 1921 5584 ﬁguram
1945 5510 2040 5567 de-

524 5679 637 5751 (74)
676 5676 968 5751 Νρῖάρρριν
1001 5694 1050 5731 κ·
1088 5694 1137 5732 τ.
1175 5676 1222 5733 λ.
1279 5675 1408 5748 ch.
1460 5676 1605 5732 Petri
1644 5671 1817 5731 Siculi
1852 5669 2039 5726 Histo-

450 5747 611 5822 riam,
641 5764 694 5821 p.
728 5747 814 5802 72.
865 5747 1001 5802 Cor.

2141 5422 2353 5476 νοοῦσιν
2399 5422 2516 5477 ἀντ’
2552 5421 2719 5476 αὐτοῦ
2763 5424 2855 5476 τὸν
2888 5422 3145 5494 Χριστὸν,
3179 5422 3237 5483 ὃς
3268 5417 3517 5475 ἐκτείνας,
3549 5402 3675 5477 φασὶν

2142 5517 2240 5581 τὰς
2271 5520 2458 5589 χεῖρας
2494 5517 2585 5570 τὸν
2630 5515 2919 5586 σταυρικὸν
2963 5496 3132 5569 τ’ύπον
3163 5510 3414 5582 διέγραψε
3434 5524 3448 5537 ·
3480 5504 3563 5557 xui
3587 5498 3675 5557 τοῖς

2216 5673 2329 5744 (7E3)
2380 5673 2443 5727 Ἠ
2483 5673 2697 5744 Ἀχαΐα,
2736 5690 2786 5744 x_.
2822 5690 2870 5725 τ.
2911 5673 2956 5725 λ.
2991 5671 3119 5744 ch.
3152 5668 3293 5725 Pctr.
3326 5666 3432 5722 Sic.
3465 5675 3513 5731 p.
3541 5653 3598 5710 44
3629 5654 3671 5703 ει

2147 5744 2235 5804 66.
2269 5742 2448 5799 Locus
2480 5743 2726 5800 mutilus.
2759 5741 2835 5798 lo.
