3888 6192
274 320 415 379 μεθ

1373 321 1947 384 RECOCNITIONES.
1961 356 2026 367 —
2044 324 2409 384 APPENDIX.

3402 331 3539 389 M70

272 434 771 508 ἀποστρεφομένοις
805 434 903 507 μὲν
929 433 1025 489 τοῦ
1063 436 1247 509 τιμίου
1283 438 1516 509 αἵματος
1545 441 1641 494 καὶ
1669 440 1852 512 σώμα-

1963 443 2231 514 signavit;
2263 444 2331 500 iis
2358 458 2579 515 quoque
2609 443 2703 514 qui
2741 442 3027 502 fastidiunt
3068 445 3285 517 quidem
3314 449 3535 517 pretiosi

270 542 365 588 τος
403 526 497 579 τοῦ
543 525 783 597 Χριστοῦ
820 527 1125 594 κοινωνίαν,
1156 528 1517 600 ἀποδέχεσθαι
1554 529 1613 584 δὲ
1652 531 1857 604 ταύτην

273 618 784 691 σχηματιζομένας,
811 620 907 673 καὶ
937 619 1149 674 νοοῦσιν
1177 621 1299 674 ἀντὶ
1341 621 1547 692 ταύτης
1572 621 1642 676 τὰ
1682 624 1746 693 ῥή
1756 640 1859 693 μα-

269 728 339 764 τα
368 711 466 781 τῆς
483 709 578 763 τοῦ
604 710 839 791 Χριστοῦ
865 711 1231 781 διδασκαλίας,
1249 707 1348 776 ὧν,
1369 714 1520 784 φασὶ,
1547 714 1858 783 μεταδιδοὺς

269 805 383 867 τοίς
417 803 735 867 ἀποστόλοις
763 802 949 873 ἐλεγε’
981 803 1222 869 Λάϐετε,
1257 804 1496 875 φάγετε,
1530 806 1696 864 πίετε
1716 823 1730 837 ο
1762 808 1858 861 καὶ

272 895 699 966 μυσαττομένοις
747 896 845 966 μὲν
890 895 950 949 τὸ
981 895 1287 966 βάπτισμα,
1318 897 1765 968 ὑποκρινομένοις
1798 898 1857 953 δὲ

266 985 427 1040 τοῦτο
471 988 600 1060 περὶ
646 987 840 1042 πολλοῦ
883 988 1150 1053 τίθεσθαι,
1185 989 1278 1042 καὶ
1320 987 1499 1042 νοοῦσι
1546 990 1661 1043 ἀντ’
1691 989 1856 1043 αὐτοῦ

266 1077 360 1132 τὸν
408 1080 644 1161 Χριστὸν
688 1080 780 1135 τὸν
832 1080 1079 1149 λέγοντα,
1122 1080 1307 1151 φασὶν,
1358 1080 1441 1134 ὅτι
1476 1080 1614 1150 Ἐγώ
1643 1082 1759 1150 ειμι
1789 1079 1856 1135 τὸ

266 1169 426 1239 ὕδωρ
456 1171 523 1229 τὸ
557 1171 667 1232 ζ’ὠν
684 1189 697 1203 ·
734 1173 830 1226 καὶ
856 1175 966 1236 τοῖς
991 1173 1415 1245 ὲκτρεπομένοις
1443 1174 1539 1244 μὲν
1561 1172 1660 1244 τὴν
1689 1172 1856 1227 καθο-

267 1261 425 1335 λικὴν
470 1263 816 1334 Ἐκκλησίαν,
834 1266 1002 1335 τιμᾷν
1025 1265 1082 1318 δὲ
1111 1264 1328 1332 λέγουσι
1357 1264 1561 1336 ταύτην
1591 1265 1685 1318 καὶ
1709 1263 1859 1318 νοοῦ-

269 1370 353 1411 σιν
394 1354 508 1407 ἀντ’
536 1354 707 1424 αὐτῆς
748 1354 819 1408 τά
849 1369 907 1405 τε
931 1355 1038 1410 ἴδια
1086 1356 1336 1428 συνέδρια
1369 1357 1463 1410 καὶ
1498 1359 1857 1428 συνακτήρια,

266 1445 362 1497 καὶ
390 1446 639 1517 Ἰωάννην
658 1446 766 1518 (76)
783 1447 874 1501 τὸν
891 1448 1115 1519 ἀδελφὸν
1135 1448 1346 1501 Παύλου
1360 1448 1454 1502 τοῦ
1476 1449 1575 1520 τῆς
1595 1447 1859 1521 αἱρέσεως

265 1538 445 1615 αὐτῶν
473 1538 740 1611 ἀρχηγοῦ.

350 1630 620 1704 Ἀνάθεμα
648 1632 829 1686 τοίνυν
860 1633 994 1685 πᾶσι
1027 1635 1141 1697 τοῖς
1164 1634 1497 1705 εἰρημένοις,
1532 1633 1625 1687 καὶ
1651 1635 1764 1697 τοῖς
1789 1632 1859 1687 τά

263 1723 425 1795 ὅμοια
454 1723 711 1796 φρονοῦσι
734 1740 747 1753 ’
776 1726 870 1778 καὶ
900 1724 1361 1795 ἀποδαλλομένοις
1391 1726 1487 1795 μὲν
1508 1725 1607 1787 τὰς
1636 1724 1859 1795 Ἐκκλη-

1960 536 2246 606 sanguinis
2271 544 2326 590 et
2346 535 2596 606 corporis
2624 535 2828 591 Christi
2856 538 3319 609 communionem,
3341 554 3540 610 appro-

1960 626 2091 683 bare
2123 636 2305 681 autem
2330 642 2449 681 eam
2480 626 2822 697 conﬁngunt,
2867 635 2922 683 et
2969 628 3090 684 loco
3140 630 3287 687 illius
3334 633 3539 688 intelli-

1958 726 2093 790 gunt
2124 720 2288 775 verba
2308 718 2512 774 Christi
2533 719 2818 784 doctrinae,
2843 735 2983 790 quae,
3010 721 3285 791 inquiunt,
3313 723 3539 781 tradens

1960 813 2247 882 apostolis,
2279 812 2417 867 dixit
2451 831 2465 867 :
2497 812 2753 880 Accipite,
2794 812 3129 878 manducate,
3154 814 3311 871 bibite
3341 831 3359 869 :
3384 815 3539 871 simi-

1958 903 2086 959 liter
2115 904 2182 959 iis
2207 904 2298 973 qui
2331 903 2550 974 quidem
2582 905 2854 974 baptisma
2883 904 3244 971 detestantur,
3282 907 3540 963 simulant

1959 1003 2143 1049 tamen
2166 995 2298 1049 illud
2330 995 2552 1066 plurimi
2584 995 2781 1060 facere,
2818 1004 2981 1066 atque
3010 1012 3110 1067 pro
3138 1012 3204 1053 eo
3232 998 3540 1069 intelligunt

1958 1086 2260 1153 Christum,
2288 1089 2403 1158 qui,
2434 1089 2709 1158 inquiunt,
2733 1089 2901 1144 dixit:
2924 1089 3035 1161 Ego
3067 1107 3187 1145 sum
3217 1108 3357 1162 aqua
3384 1092 3539 1156 viva;

1958 1187 2074 1233 tum
2112 1179 2181 1235 iis
2210 1179 2305 1251 qui
2342 1179 2643 1236 Ecclesiam
2670 1180 2888 1251 quidem
2919 1181 3246 1236 catholicam
3283 1198 3542 1238 aversan-

1960 1279 2072 1336 tur,
2099 1287 2219 1326 eam
2242 1286 2373 1326 vero
2399 1272 2455 1326 in
2483 1274 2661 1342 pretio
2691 1273 2891 1329 habere
2920 1273 3094 1337 aiunt,
3119 1273 3543 1345 intelliguntque

1959 1380 2059 1435 pro
2108 1364 2201 1419 illa
2249 1380 2553 1421 consessus
2582 1381 2713 1423 suos
2744 1373 2909 1436 atque
2935 1376 3263 1431 conventus,
3290 1374 3343 1422 et
3374 1366 3541 1424 Joan-

1960 1472 2085 1512 nem
2106 1455 2331 1513 fratrem
2363 1456 2519 1512 Pauli
2547 1458 2821 1515 baareseos
2854 1459 3072 1514 illorum
3103 1458 3282 1515 ducis.

2030 1634 2098 1691 ν.
2139 1636 2441 1693 Anathema
2492 1653 2622 1709 ergo
2658 1639 2913 1695 omnibus
2960 1640 3146 1703 dictis,
3190 1639 3319 1695 item
3352 1639 3419 1694 iis
3446 1638 3543 1708 qui

1963 1728 2164 1782 similia
2219 1730 2546 1799 opinantur;
2580 1742 2632 1785 et
2659 1730 3100 1786 Christianorum
3130 1746 3268 1801 quos
3301 1731 3402 1801 ipsi
3431 1730 3543 1785 Ro-

265 1817 385 1880 σίας
415 1816 523 1869 τῶν
551 1817 912 1887 Χριστιανῶν,
939 1816 1034 1882 οὓς
1063 1819 1218 1872 αὐτοὶ
1248 1817 1473 1870 καλοῦσι
1518 1817 1815 1887 Ῥωμαίους
1834 1833 1847 1847 ·

1959 1836 2151 1875 manos
2179 1831 2394 1887 vocant,
2430 1821 2706 1879 Ecclesias
2740 1824 3032 1893 rejiciunt;
3065 1831 3302 1893 suntque
3348 1832 3543 1880 contu-

262 1911 358 1963 καὶ
392 1909 670 1981 ὑϐρίζουσι
706 1910 805 1981 μὲν
833 1911 933 1981 τὴν
980 1910 1137 1978 ἁγίαν
1187 1909 1446 1963 Θεοτόκον
1487 1910 1728 1981 Μαρίαν,
1756 1910 1852 1962 καὶ

260 2002 353 2055 τὸν
377 2003 556 2074 τίμιον
585 2003 833 2075 σταυρὸν,
858 2004 949 2057 καὶ
972 2003 1071 2066 τὰς
1101 2002 1252 2075 ίεράς
1282 2003 1519 2066 εἰκόνας,
1540 2003 1633 2056 καὶ
1653 2002 1713 2055 τὸ
1744 2019 1850 2055 σω-

259 2095 447 2166 τήριον
492 2094 775 2167 βάπτισμα
794 2113 807 2126 ·
838 2097 931 2149 καὶ
959 2094 1457 2167 ἀποστρεφομένοις
1494 2094 1593 2165 μὲν
1618 2094 1717 2164 τὴν
1740 2093 1850 2147 τῶν

261 2188 421 2241 θείων
469 2188 781 2260 μυστηρίων
831 2188 1160 2260 μετάληψιν,
1212 2187 1476 2259 ὀμφαλοϊς
1522 2187 1581 2240 δὲ
1634 2185 1850 2257 βρεφῶν

259 2282 621 2354 κεκαυμένοις
664 2285 744 2346 είς
785 2282 1071 2353 κάθαρσιν,
1108 2281 1307 2353 μᾶλλον
1334 2281 1392 2335 δὲ
1424 2279 1698 2352 μολυσμὸν
1742 2279 1848 2350 ψυ-

259 2374 393 2446 χῶν,
448 2375 830 2447 κεχρημένοις,
862 2375 958 2427 καὶ
978 2374 1047 2429 τὰ
1076 2375 1183 2429 ῐδια
1216 2373 1478 2445 βρώματα
1504 2372 1714 2437 τούτοις
1745 2391 1849 2427 κα-

256 2467 944 2540 ταμιαίνουσιν.⁹Ανάθεμα
991 2470 1106 2531 τοῖς
1147 2469 1214 2538 τῇ
1263 2466 1461 2539 βρώσει
1504 2465 1613 2519 τῶν
1661 2464 1848 2536 θνησι-

260 2562 436 2633 μαίων
465 2560 877 2632 μολυνομένοιςο
905 2560 1000 2614 καὶ
1028 2563 1142 2623 τοῖς
1173 2560 1353 2613 πᾶσαν
1390 2558 1487 2629 μὲν
1518 2556 1852 2629 ἐκτρεπομέ-

256 2673 371 2719 νοις
392 2654 784 2727 Χριστιανικὴν
812 2652 1084 2724 νηστείαν,
1123 2652 1267 2708 κατά
1311 2652 1368 2705 δὲ
1407 2652 1499 2704 τὸν
1529 2650 1717 2722 καιρὸν
1749 2649 1850 2718 τῆς

255 2748 522 2820 δοκούσης
568 2749 752 2811 αὐτοῖς
783 2746 1267 2820 Τεσσαρακοστῆς,
1297 2744 1462 2819 τυροῦ
1511 2762 1569 2797 τε
1618 2744 1713 2796 καὶ
1750 2741 1852 2810 γά-

256 2840 456 2904 λακτος
496 2841 945 2911 ὲμφορουμένοις.
973 2838 1247 2915 Ἀνάθεμα
1286 2840 1398 2900 τοῖς
1437 2832 1848 2907 ἀρνουμένοιςῆ

255 2933 532 2993 νοθεύουσι
578 2932 648 2986 τὰ
697 2933 939 3007 τέσσαρα
988 2932 1081 2986 τοῦ
1122 2930 1359 3009 Χριστοῦ
1394 2928 1720 2998 Εὑαγγέλια,
1756 2926 1851 2978 καὶ

257 3025 356 3089 τὰς
399 3024 493 3077 τοῦ
542 3024 696 3093 ἁγίου
742 3022 957 3078 Παύλου
1006 3022 1101 3078 τοῦ
1152 3022 1452 3077 ἀποστόλου
1493 3019 1846 3083 Ἐπιστολάς’

1952 1914 2167 1968 meliosi
2216 1915 2271 1968 in
2320 1922 2569 1969 sanctam
2601 1914 2693 1971 Dei
2722 1917 3043 1987 genitricem
3075 1915 3320 1981 Mariam,
3354 1917 3409 1971 in
3451 1933 3543 1971 ve-

1951 2006 2251 2061 nerandam
2298 2021 2542 2071 crucem,
2576 2021 2763 2062 sacras
2810 2008 3096 2078 imagines,
3135 2016 3190 2062 et
3236 2009 3539 2064 salutarem

1951 2098 2327 2168 baptismum;
2376 2097 2614 2170 denique
2662 2099 3027 2169 Stunptionem
3076 2100 3295 2170 quidem
3328 2100 3544 2155 divino—

1952 2205 2072 2244 rum
2107 2192 2493 2261 mysteriorum
2542 2193 2799 2258 oderunt,
2830 2194 3106 2249 umbilicis
3148 2201 3328 2248 autem
3359 2193 3541 2247 inlan-

1949 2283 2086 2337 tium
2122 2283 2425 2339 combustis
2471 2293 2702 2338 utuntur
2748 2284 2817 2338 ad
2867 2285 3173 2340 animarum
3202 2284 3541 2356 puriﬁcatio-

1951 2392 2099 2438 nem,
2135 2392 2230 2431 seu
2282 2377 2464 2447 potius
2508 2377 3003 2447 inquinamentum,
3042 2386 3215 2449 atque
3234 2393 3364 2433 suos
3389 2378 3546 2434 cibos

1951 2466 2019 2523 iis
2058 2476 2451 2538 conspurcant.
2498 2468 2803 2523 Anathema
2851 2469 2919 2524 iis
2968 2469 3061 2540 qui
3092 2485 3190 2523 esu
3224 2469 3546 2523 morticino-

1952 2578 2074 2616 rum
2128 2578 2187 2617 se
2234 2563 2526 2633 polluunt;
2578 2564 2782 2632 quique
2828 2578 2990 2617 omne
3021 2562 3240 2632 quidem
3274 2562 3545 2617 Christia-

1951 2669 2082 2707 num
2143 2653 2415 2722 jejunium
2472 2661 2761 2722 respuunt,
2803 2661 3048 2723 tempore
3100 2668 3231 2708 vero
3283 2653 3350 2707 ab
3408 2654 3545 2723 ipsis

1952 2744 2278 2799 existimata:
2300 2742 2767 2815 Quadragesimze,
2786 2760 2948 2799 caseo
2974 2752 3028 2799 et
3058 2745 3197 2800 lacte
3222 2760 3280 2799 se
3302 2746 3541 2814 explent.

1955 2841 2259 2895 Anathcma
2290 2842 2358 2897 iis
2390 2842 2484 2911 qui
2518 2850 2614 2896 aut
2646 2851 2869 2912 negant,
2903 2849 2997 2894 aut
3026 2848 3388 2909 corrumpunt
3408 2856 3546 2910 qua-

1955 2943 2081 2989 tuor
2121 2934 2326 2989 Christi
2370 2934 2704 3004 Evangelia,
2761 2934 3049 3002 sanctique
3096 2933 3330 3001 apostoli
3382 2930 3542 2988 Pauli

1954 3024 2263 3095 Epistolas;
2297 3026 2501 3095 quique
2546 3025 2667 3079 loco
2713 3023 2934 3093 quidem
2975 3032 3300 3079 cunctorum
3331 3023 3544 3093 Opiﬁcis

256 3116 352 3170 καὶ¹
380 3117 501 3170 ἀντὶ
536 3118 633 3187 μὲν
660 3115 754 3169 τοῦ
792 3116 1125 3188 δημιουργοῦ
1153 3114 1260 3168 τῶν
1291 3113 1546 3167 ἁπάντων
1573 3110 1730 3174 Θεοῦ,
1762 3128 1851 3163 σεσ-

1958 3118 2073 3183 Dei,
2105 3118 2293 3172 colunt
2321 3132 2444 3172 eum
2476 3117 2569 3185 qui
2609 3118 2865 3187 princeps
2894 3116 3060 3185 hujus
3088 3116 3277 3169 mundi
3301 3115 3541 3183 dicitur;

256 3206 507 3278 σομένοις
535 3207 627 3261 τὸν
655 3207 951 3278 λεγομένον
979 3208 1219 3278 ἄρχοντα
1260 3205 1355 3263 τοῦ
1392 3206 1597 3275 κόσμου
1624 3203 1811 3257 τούτου
1833 3221 1847 3234 υ

256 3301 377 3354 ἀντὶ
421 3301 478 3353 δὲ
520 3299 613 3352 τοῦ
655 3300 958 3353 ἀποστόλου
993 3300 1228 3363 Παύλου,
1251 3299 1343 3353 τὸν
1374 3298 1477 3367 τῆς
1516 3296 1852 3367 Καλλινίκης

256 3393 372 3445 υἱὸν
422 3390 632 3445 Παῦλον
665 3392 888 3463 τιμῶσι,
915 3392 1009 3446 καὶ
1057 3394 1185 3455 τοὺς
1236 3392 1337 3463 μὲν
1383 3390 1655 3461 τέσσαρας
1686 3386 1851 3442 αὐτοῦ

258 3482 505 3555 μαθητὰς
534 3486 613 3547 είς
648 3484 817 3538 τύπον
847 3482 955 3536 τῶν
992 3482 1340 3552 Εὐαγγελίων
1373 3482 1703 3552 δεχομένοις,
1739 3483 1852 3543 τοῖς

254 3576 313 3642 δὲ
339 3576 546 3648 ἑτέροις
571 3577 716 3647 τρισὶ¹
742 3576 803 3629 τὸ
830 3576 929 3645 τῆς
957 3576 1185 3646 Τριάδος
1206 3574 1630 3645 ὲπιφημίζουσιν
1656 3572 1846 3643 ὄνομα.

269 3668 541 3739 Ἅνάθεμα
569 3672 681 3732 τοῖς
726 3668 1219 3739 συμφθειρομένοις
1253 3668 1451 3737 ἀδελφῇ
1486 3668 1582 3719 καὶ
1614 3664 1853 3736 πενθερᾷ.

175 3760 183 3773 ’
255 3764 353 3816 καὶ
384 3762 598 3832 νύμφῃ·
633 3762 727 3814 καὶ
759 3764 870 3823 τοῖς
897 3759 1039 3813 κατὰ
1072 3760 1173 3830 τὴν
1200 3758 1426 3831 πρώτην
1454 3757 1549 3811 τοῦ
1586 3758 1853 3813 Ἰαννουα-

255 3856 376 3928 ρίου
414 3855 599 3927 μηνὸς,
636 3856 715 3917 εἰς
746 3854 939 3927 ἑορτὴν
966 3852 1124 3924 δῆθεν
1164 3850 1596 3923 ἀθροιζομένοις,
1631 3848 1769 3921 μετά
1795 3849 1851 3901 δὲ

256 3947 357 4018 τὴν
400 3946 689 4017 ὲσπερινὴν
735 3945 904 4017 μέθην
949 3944 1373 3998 ἀποσϐεννύουσι
1406 3942 1474 3995 τὰ
1506 3941 1681 4011 φῶτα,
1718 3958 1851 4012 σαρ-

258 4039 430 4104 κικῶς
450 4057 509 4091 τε
537 4039 785 4109 ἀλλήλοις
809 4037 1271 4106 ὲνασελγαίνουσι,
1299 4036 1391 4089 καὶ
1426 4035 1693 4105 μηδεμιᾶς
1716 4031 1853 4095 ὅλως

260 4132 593 4203 φειδομένοις
632 4131 846 4200 φύσεως
868 4131 902 4201 ἦ
935 4129 1249 4199 συγγενείας
1268 4129 1301 4199 ἢ
1323 4128 1561 4195 ἡλικίας,
1579 4125 1851 4195 Ἀνάθεμα

258 4208 369 4287 τοῖς
401 4223 668 4294 μηδέποτε
693 4223 758 4288 διΪ
795 4223 958 4292 ὅρκου
990 4220 1363 4292 ἀληθεύουσιν,
1390 4219 1505 4272 ἀλλ’
1536 4216 1851 4287 ἐξεπίτηδες

259 4318 347 4371 ἀεὶ
387 4316 736 4387 ψευδομένοις
778 4316 871 4368 καὶ
920 4312 1259 4384 ἐπιορκοῦσι,
1297 4311 1439 4364 κατά
1465 4312 1564 4381 τὴν
1602 4308 1697 4362 τοῦ
1731 4326 1851 4379 τρι-

259 4408 567 4480 καταράτου
624 4407 899 4470 Μάνεντος
952 4405 1317 4467 διδασκαλίαν,
1376 4403 1517 4456 οὕτω
1569 4402 1846 4469 λέγοντοςο

259 4502 374 4554 Οὐκ
403 4501 518 4571 είμὶ
548 4499 895 4571 ἄσπλαγχνος
924 4497 1115 4567 ὥσπερ
1144 4499 1171 4550 ὁ
1200 4496 1453 4571 Χριστὸς,
1473 4493 1592 4546 οὐδὲ
1620 4493 1852 4563 ἀρνήσο-
1884 4480 1927 4533 Π

263 4611 360 4677 μαι
406 4594 496 4647 τὸν
528 4591 903 4665 ἀρνησάμενόν
937 4606 1003 4660 με
1046 4588 1351 4665 ἔμπροσθεν
1381 4586 1489 4638 τῶν
1525 4584 1848 4655 ἀνθρώπων,

257 4685 392 4739 ἀλλά
426 4686 517 4738 καὶ
563 4684 654 4737 τὸν
698 4683 1028 4753 ψευδόμενον
1062 4680 1150 4733 διὰ
1173 4682 1273 4751 τὴν
1314 4679 1521 4735 οἰκείαν
1553 4678 1847 4749 σωτηρίαν,

259 4782 354 4834 καὶ
381 4780 474 4833 τὸν
499 4779 585 4832 διὰ
618 4778 781 4847 φόϐον
812 4776 1145 4848 ἀρνούμενον
1173 4774 1272 4848 τὴν
1308 4774 1443 4839 ἰδίαν
1477 4772 1679 4833 πίστιν,
1714 4770 1849 4841 μετά

258 4875 434 4946 χαρᾶς
471 4869 997 4944 προσδέξομαιεἙάν
1030 4869 1086 4921 δὲ
1128 4868 1202 4939 μὴ
1229 4867 1290 4944 ἐξ
1317 4866 1445 4937 ὅλης
1472 4864 1650 4936 ψυχῆς
1677 4862 1851 4917 ταῦτα

260 4964 443 5037 φρονῶ
472 4964 566 5017 καὶ
612 4963 775 5033 λέγω,
806 4961 916 5031 ἐγὼ
943 4964 971 5015 ὁ
998 4962 1164 5023 δεῖνα,
1195 4960 1330 5015 ἀλλά
1362 4958 1479 5030 μεθ’
1513 4957 1852 5029 ὑποκρίσεως

259 5057 489 5129 ἐποίησα
532 5057 658 5118 τοὺς
699 5054 1097 5126 προκειμένους
1130 5052 1629 5122 ἀναθεματισμοῦς,
1659 5050 1854 5111 ἀνάθε-

262 5151 339 5221 μά
372 5168 458 5221 μοι
490 5149 575 5220 εἴη
612 5150 707 5201 καὶ
736 5148 1042 5217 κατάθεμα,
1066 5146 1123 5198 ἓν
1155 5162 1213 5197 τε
1244 5144 1323 5215 τῷ
1352 5143 1447 5200 νῦν
1476 5143 1653 5204 αἰῶνι,
1675 5143 1768 5196 καὶ
1796 5144 1853 5195 ἐν

269 5242 336 5314 ,ᾦ
370 5242 631 5314 μέλλοντι,
666 5242 760 5301 καὶ
790 5237 1149 5310 κατακριθείη
1196 5238 1290 5289 καὶ
1338 5236 1591 5290 ἀπόλοιτο
1628 5238 1662 5307 ἡ
1707 5234 1852 5317 ψυχή

262 5353 385 5407 μου,
421 5335 515 5389 καὶ
545 5332 812 5405 διηνεκῶς
843 5329 1254 5402 ταρταρωθείηε

329 5429 514 5483 Ταῦτα
536 5426 629 5480 τοῦ
655 5424 1091 5499 προσερχομένου
1133 5422 1381 5491 λέγοντος
1416 5422 1501 5475 ἐπ’
1536 5422 1852 5491 ἐκκλησίας,

259 5520 519 5592 ποιοῦμεν
575 5519 736 5573 αὑτὸν
791 5516 1136 5589 Χριστιανὸν,
1170 5516 1266 5566 εἴτ’
1305 5511 1398 5566 οὖν
1444 5513 1725 5585 ἡγούμεθα
1778 5514 1855 5575 ὡς

258 5614 595 5668 ἀϐάπτιστον
624 5610 975 5686 Χριστιανὸν,
998 5602 1085 5662 οἷα
1120 5606 1279 5679 τυχόν
1312 5608 1427 5659 ἐστι
1464 5606 1533 5661 τὰ
1571 5606 1680 5659 τῶν
1719 5606 1854 5687 Χρι-

1958 3211 2079 3265 loco
2119 3226 2250 3265 vero
2287 3208 2521 3278 apostoli
2569 3205 2746 3272 Pauli,
2781 3207 3011 3261 Paulum
3046 3207 3215 3261 [ilium
3264 3206 3545 3262 Callinicze

1954 3300 2249 3361 honorant,
2294 3305 2349 3351 et
2383 3313 2506 3352 cum
2555 3308 2794 3367 quatuor
2835 3299 2956 3367 ejus
2983 3297 3283 3367 discipulos
3316 3298 3371 3351 in
3403 3299 3545 3367 (igu-

1954 3407 2071 3445 ram
2093 3399 2333 3460 quatuor
2352 3390 2771 3461 Evangeliorum
2804 3391 3135 3459 suscipiunt,
3167 3398 3283 3443 tum
3314 3398 3544 3446 caeteros

1954 3488 2067 3536 tres
2099 3479 2387 3537 Trinitatis
2417 3481 2639 3535 nomine
2670 3482 2993 3552 insigniunt.
3020 3482 3325 3535 Anathema
3350 3482 3417 3536 iis
3448 3483 3544 3551 qui

1954 3574 2328 3628 concumbunt
2381 3588 2505 3627 cum
2557 3588 2767 3637 sorore,
2803 3580 2856 3627 et
2906 3587 3091 3637 socru,
3131 3582 3185 3627 et
3232 3589 3410 3637 nuru;
3444 3588 3546 3627 nec

1954 3683 2065 3721 non
2104 3667 2172 3723 iis
2201 3668 2292 3737 qui
2326 3667 2504 3740 primo
2549 3666 2753 3720 mensis
2804 3664 3054 3720 Januarii
3104 3666 3193 3721 die
3237 3666 3306 3721 ad
3344 3666 3544 3721 festum

1953 3760 2293 3829 congregati,
2327 3764 2451 3829 post
2492 3758 2864 3831 vespertinam
2916 3758 3290 3811 temulentiam
3329 3758 3542 3811 exstin-

1952 3862 2127 3928 guunt
2155 3853 2383 3915 lumina,
2412 3858 2467 3905 et
2494 3851 2638 3904 inter
2667 3866 2726 3906 se
2754 3865 2921 3904 carne
2966 3850 3285 3914 lasciviunt,
3316 3865 3416 3904 nec
3447 3850 3543 3904 ulli

1954 3944 2180 3998 omnino
2233 3948 2467 4013 parcunt
2519 3941 2698 4004 sexui,
2732 3940 3150 4015 prOpinquitati,
3197 3941 3366 3996 aatati.
3398 3939 3546 3995 Ana-

1952 4037 2138 4090 thema
2185 4034 2254 4090 iis
2304 4034 2397 4105 qui
2448 4048 2729 4104 nunquam
2758 4034 2814 4087 in
2843 4034 3159 4103 juramento
3188 4048 3315 4087 vera
3348 4032 3543 4102 praedi-

1954 4136 2105 4193 cant,
2140 4128 2235 4182 scd
2266 4126 2332 4182 de
2364 4127 2638 4181 industria
2672 4142 2887 4198 semper
2917 4126 3259 4180 mentiuntur
3295 4139 3359 4177 ac
3391 4125 3544 4195 peje-

1953 4229 2101 4286 rant,
2131 4220 2288 4289 juxta
2329 4220 2635 4277 doctrinam
2669 4219 2905 4277 maxime
2933 4215 3256 4272 exsecrandi
3289 4215 3541 4282 Manetis,

1952 4312 2047 4382 qui
2101 4312 2181 4366 sic
2231 4310 2524 4380 loquitur:
2564 4308 2685 4363 Non
2740 4323 2862 4363 sum
2920 4308 3336 4371 immisericors,
3397 4308 3545 4363 sicut

1953 4403 2229 4465 Christus,
2266 4416 2365 4456 nec
2392 4401 2602 4473 negabo
2629 4416 2754 4454 eum
2780 4400 2874 4470 qui
2896 4416 2982 4454 me
3008 4415 3196 4453 coram
3224 4399 3543 4455 hominibus

1957 4495 2279 4566 negaverit;
2305 4493 2552 4565 quinimo
2580 4508 2706 4546 eum
2751 4493 2843 4562 qui
2887 4493 3121 4567 propriae
3155 4493 3350 4548 salutis
3375 4508 3542 4547 causa

1958 4590 2223 4643 mentitus
2256 4588 2438 4650 fuerit,
2470 4602 2705 4657 eumque
2734 4586 2828 4656 qui
2864 4601 2960 4654 per
2983 4586 3235 4641 timorem
3265 4587 3543 4657 negaverit

1958 4698 2113 4738 suam
2145 4681 2324 4743 ﬁdem,
2352 4696 2477 4734 cum
2500 4680 2701 4753 gaudio
2730 4677 3181 4750 recipiam.Quod
3214 4677 3259 4732 si
3293 4678 3406 4732 hau:
3428 4685 3539 4732 loto

1955 4788 2022 4829 ex
2056 4772 2238 4826 animo
2282 4788 2391 4825 non
2438 4772 2615 4826 sentio
2646 4787 2709 4826 ac
2737 4772 2883 4834 dico,
2920 4785 3021 4840 ego
3057 4770 3165 4833 ille,
3200 4785 3387 4823 verum
3416 4784 3539 4822 cum

1956 4862 2306 4919 simulatione
2340 4862 2664 4934 praepositos
2711 4862 3199 4916 anathematismos
3252 4859 3372 4922 feci,
3408 4858 3538 4912 mihi

1957 4957 2027 5013 sit
2056 4955 2343 5009 anathema
2374 4962 2427 5009 et
2455 4954 2782 5019 catathema,
2803 4962 2912 5006 tam
2940 4954 2994 5006 in
3022 4954 3125 5006 hoc
3147 4952 3346 5006 szeculo
3375 4965 3538 5020 quam

1956 5050 2013 5103 in
2046 5048 2249 5111 futuro,
2286 5049 2575 5117 animaque
2610 5060 2729 5102 mea
2758 5046 3154 5100 condemnetur
3183 5060 3247 5099 ac
3276 5050 3463 5114 pereat
3487 5051 3538 5097 et

1959 5140 2228 5223 perpetim
2252 5141 2307 5194 in
2335 5139 2567 5193 Tartaro
2597 5139 2875 5210 puniatur.

2029 5410 2122 5466 Vl.
2164 5408 2289 5465 Haec
2312 5408 2526 5463 dicente
2571 5420 2637 5462 eo
2684 5405 2777 5476 qui
2808 5403 3025 5459 accedit
3059 5417 3245 5458 coram
3277 5400 3534 5465 ecclesia,

1958 5503 2193 5557 facimus
2222 5517 2345 5556 eum
2377 5498 2775 5561 Christianum,
2807 5496 2919 5551 sive
2953 5494 3215 5547 habemus
3245 5507 3346 5561 pro
3375 5490 3538 5545 Chri-

1956 5595 2137 5653 stiano
2164 5592 2405 5649 nondum
2432 5592 2726 5664 baptizata,
2755 5587 2953 5660 quales.
2974 5585 3087 5641 fere
3115 5592 3243 5642 sunt
3271 5584 3537 5642 Christia-

361 5770 473 5839 (76)
514 5771 619 5826 Καὶ
661 5771 876 5828 hum
907 5765 1067 5823 Forte
1110 5764 1310 5835 aliquid
1350 5763 1518 5821 deest.
1554 5761 1686 5817 Vide
1711 5760 1836 5817 Pclr
1892 5759 2026 5822 Sic,
2064 5774 2117 5825 ρ.
2148 5756 2231 5812 50.
2260 5752 2335 5811 In.
3125 5811 3219 5823 ων
