3888 6192
420 339 549 395 “7|

1286 337 1344 393 S.
1382 335 1777 394 CLEMENTIS
1810 335 1827 389 l
1864 335 2030 390 BOM.
2070 334 2271 393 PONT.
2315 333 2545 391 OPERA
2580 335 2808 392 DUBIA.

3529 330 3643 387 ΗΠ

414 467 613 506 norum
646 453 799 522 pueri
830 453 922 523 qui
954 452 1267 523 baptizandi
1295 463 1458 507 sunt:
1487 452 1726 507 secunda
1756 466 1887 505 vero
1915 449 2003 505 die

2106 452 2335 504 στιανῶν
2369 451 2559 505 παιδία
2588 450 2657 503 τά
2688 450 2948 522 μέλλοντα
2980 446 3373 519 βαπτίζεσθαι·
3392 448 3453 518 τῇ
3478 445 3528 499 δέ
3548 447 3645 500 δευ-

416 546 840 601 adnunieramus
882 546 1311 609 catechumenis,
1364 546 1785 614 pronuntiantes
1829 557 1997 611 super

413 651 537 691 eum
568 637 898 701 orationem,
942 652 1104 707 quam
1138 653 1303 707 super
1335 652 1532 706 pueros
1565 635 1996 688 catechumenos

414 729 655 784 solemus
702 729 925 785 dicere:
962 731 1086 785 dein
1120 730 1368 799 sequenti
1413 728 1500 781 die
1544 728 1796 797 precibus
1836 742 2002 780 exor-

414 820 712 876 cismorum
742 824 949 877 utimur
981 843 991 877 :
1025 825 1215 893 sicque
1246 822 1440 876 ordine
1494 820 1808 890 pcragimus
1856 833 1993 873 cuu-

413 920 531 967 ctos
563 913 822 983 baptismi
852 916 1009 970 ritus.

2103 544 2237 615 τέρᾳ
2280 544 2463 615 ἡμέρα
2511 547 2624 607 τοῖς
2665 542 3093 613 κατηχουμένοις
3126 536 3555 610 συναριθμοῦμεν,
3584 538 3648 591 λέ-

2103 652 2290 703 γοντες
2311 636 2398 687 ἐπ’
2429 634 2577 704 αὐτῷ
2597 636 2696 704 τὴν
2730 635 2893 704 εὐχὴν
2923 635 2987 704 ἣν
3018 634 3111 685 ἐπὶ
3127 633 3237 684 τῶν
3268 632 3645 702 κατηχουμένων

2105 727 2308 779 παίδων
2338 727 2517 797 φαμέν
2540 744 2553 757 ·
2587 727 2681 779 καὶ
2712 729 2777 796 τῇ
2810 726 2936 793 ἐξῆς
2968 724 3229 795 χρώμεθα
3258 726 3375 786 ταῖς
3399 723 3498 775 τῶν
3523 722 3651 792 ἐξορ-

2104 818 2317 888 κισμῶν
2360 820 2570 888 εὐχαῖς·
2626 818 2719 871 καὶ
2770 817 2943 879 οὕτως
2986 816 3292 879 ἀκολούθως
3337 813 3649 885 ἐπιτελοῦμεν

2112 912 2288 966 πάντα
2310 910 2379 965 τά
2407 912 2500 964 ἐπὶ
2526 910 2603 981 τῷ
2633 908 2968 981 βαπτίσματι
2996 909 3372 979 νενομισμένα.

1168 1066 1279 1139 (ιγ.
1317 1068 1399 1121 Ad
1423 1068 1517 1124 lib.
1552 1086 1606 1134 ν,
1633 1086 1751 1139 cap.
1777 1068 1864 1125 20.
1899 1068 1985 1141 (ex
2011 1066 2168 1123 codd.
2204 1066 2330 1137 Reg.
2366 1066 2492 1131 919,
2520 1065 2681 1131 1769,
2712 1066 2901 1138 2216).

482 1203 694 1277 Jupiter
736 1204 1016 1262 adinvenit
1076 1216 1250 1261 artem
1304 1207 1742 1278 navigatoriam;
1789 1206 1996 1277 Neptu-

412 1311 539 1359 nus,
571 1298 1047 1367 gubernatoriam;
1080 1296 1383 1364 Vulcanus,
1426 1298 1708 1365 fabrilem;
1742 1299 1997 1356 Escula-

414 1387 559 1457 pius,
590 1387 887 1454 medicam;
918 1387 1133 1458 Apollo,
1168 1391 1470 1456 musicam;
1510 1390 1771 1457 Minerva,
1818 1399 1998 1447 texto-

414 1480 587 1544 riam;
638 1478 828 1545 Diana,
880 1483 1219 1548 venaticam;
1266 1481 1432 1549 Juno,
1474 1484 1766 1548 vestitum;
1806 1483 1995 1548 Ceres,

415 1571 849 1641 agriculturam;
882 1572 1195 1639 Phoenices,
1246 1575 1491 1639 litteras;
1538 1573 1830 1639 Homerus,
1869 1591 1999 1646 poe-

412 1661 516 1715 sim
544 1678 558 1727 ;
589 1661 738 1717 Zeno
767 1662 1002 1730 Eleates,
1031 1664 1373 1719 dialecticam
1397 1682 1411 1730 ;
1442 1664 1617 1719 Corax
1644 1662 1995 1735 Syracusius,

412 1751 773 1820 rhetoricam;
802 1755 1085 1819 Aristaeus,
1109 1771 1269 1826 apum
1295 1754 1570 1821 fructum;
1604 1752 1997 1826 Triptolemus,

412 1843 672 1899 frumenti
707 1847 992 1901 sementim
1017 1864 1030 1911 ;
1057 1846 1225 1902 Solon
1256 1846 1610 1903 Atheniensis
1634 1856 1687 1902 et
1716 1847 1999 1919 Lyeurgus

414 1933 713 2007 Spartiata,
750 1937 927 2009 leges;
973 1938 1315 2003 Palamedes,
1354 1942 1820 1996 constructionem
1855 1942 2000 1996 litte-

410 2042 621 2091 rarum,
656 2046 936 2094 numeros,
980 2047 1269 2087 mensuras
1318 2041 1372 2088 et
1424 2036 1699 2104 pondera;
1733 2032 1996 2105 Egyptii,

410 2120 802 2189 geometriam;
832 2122 1129 2185 Chaldeaei,
1160 2124 1512 2194 astrologiam
1555 2132 1609 2180 et
1638 2126 1999 2191 genethlialo-

412 2209 554 2281 giam
582 2227 595 2275 ;
624 2210 831 2268 Arabes
864 2228 927 2267 ac
958 2210 1221 2285 Phryges,
1255 2216 1580 2286 augurium;
1616 2215 1751 2271 Medi
1785 2226 1838 2271 et
1868 2216 2000 2271 Per-

412 2318 507 2368 sae,
542 2305 796 2375 magiam,
828 2307 1136 2375 praestigias
1181 2316 1343 2378 atque
1370 2308 1729 2375 veneﬁcium;
1763 2307 2000 2382 Tyrrhe—

411 2396 491 2460 ni,
521 2397 687 2451 urbes
722 2399 895 2453 muris
929 2398 1171 2467 cingere.

484 2488 645 2553 Nota,
680 2490 900 2558 quinam
932 2490 1247 2543 exstiterint
1291 2491 1493 2544 artium
1542 2500 1596 2545 et
1644 2491 1997 2547 scientiarum

412 2592 688 2636 auctores.
729 2581 969 2650 Apelles,
1016 2582 1315 2647 herbariae;
1363 2581 1777 2651 Demosthenes,
1817 2586 2001 2638 rheto-

411 2673 574 2738 ricae;
610 2672 967 2742 Papinianus,
999 2674 1487 2743 jurisprudentize;
1521 2675 1755 2731 Antinus
1781 2677 1865 2731 vel
1896 2680 2001 2731 An-

411 2768 582 2838 tylus,
614 2765 994 2821 fabricationis
1047 2767 1359 2821 lancearum
1384 2784 1397 2832 ;
1427 2766 1737 2838 Eurynous,
1775 2772 1999 2839 sagitta-

418 2859 548 2923 rize;
576 2856 1297 2929 Eurydamnushlessenius,
1315 2859 1493 2913 bellici
1520 2860 1796 2925 thoracis;
1830 2860 2000 2915 Evan-

416 2951 536 3013 der,
562 2965 737 3006 σει-θαι
758 2958 812 3005 et
833 2950 1040 3021 clypei;
1072 2948 1375 3021 Oppianus,
1410 2952 1755 3021 piscatorim;
1788 2953 2000 3023 Tripto-

414 3042 612 3105 lemus,
632 3042 861 3098 sationis
884 3042 1050 3096 tritici
1076 3058 1091 3107 ;
1123 3040 1461 3114 Pamphilus,
1480 3046 1741 3114 picturae;
1768 3044 1996 3117 Typhis,
2026 3077 2069 3135 ο

414 3135 677 3201 nautica;
727 3134 926 3206 Argus,
959 3137 1387 3191 constructionis
1436 3137 1679 3203 navium,
1710 3153 1740 3190 a
1793 3154 1901 3208 quo
1942 3146 1996 3193 et

413 3224 782 3297 Argonautae;
815 3226 1193 3293 Archimedes,
1228 3228 1576 3283 mechanica}.

2171 1202 2222 1256 1.
2277 1202 2334 1256 '0
2367 1203 2501 1267 Ζεὺς
2532 1202 2726 1274 ἐφεῦρε
2758 1202 3086 1274 πλευστικήν
3118 1200 3247 1273 (77)·
3280 1201 3554 1265 Ποσειδῶν,
3574 1221 3654 1255 κυ-

2100 1293 2433 1366 ϐερνητικήν
2458 1312 2470 1324 ·
2508 1296 2850 1365 Ἥφαιστος,
2904 1296 3292 1366 χαλκευτικήν·
3340 1294 3654 1366 Ἀσκληπιὸς,

2104 1388 2385 1460 ἰατρικήν·
2431 1387 2725 1451 Ἁπόλλων,
2755 1388 3050 1459 μουσικήν·
3097 1386 3313 1457 Ἀθηνᾶ,
3349 1388 3653 1457 ὑφαντικὴν·

2103 1481 2387 1551 Ἀρτεμις,
2422 1481 2794 1551 κυνηγετικὴν
2819 1497 2831 1510 ·
2860 1481 3027 1553 Ἦρα,
3063 1480 3373 1549 στολισμόν·
3404 1482 3657 1550 Δημήτηρ,

2100 1573 2409 1643 γεωργίαν·
2457 1572 2720 1639 Φοίνικες,
2754 1572 3095 1643 γράμματα·
3138 1574 3399 1643 Ὄμηρος,
3444 1572 3654 1641 ποίησιν·

2100 1664 2285 1734 Ζήνων
2327 1666 2356 1717 ὁ
2402 1664 2681 1735 Ἐλεάτης,
2716 1664 3089 1734 διαλεκτικήν·
3127 1664 3308 1735 Κόραξ
3345 1664 3375 1714 ό
3414 1662 3658 1733 Συρακοὺ-

2104 1772 2236 1819 σιος,
2271 1758 2597 1827 ῥητορικήν·
2646 1758 2965 1828 Ἀρισταῖος,
3001 1757 3267 1828 μελισσῶν
3300 1756 3532 1827 καρπόν·
3555 1756 3660 1824 Τρι-

2101 1847 2387 1917 πτόλεμος,
2427 1850 2575 1901 σίτου
2626 1850 2856 1922 σπόρον·
2913 1850 3089 1903 Σόλων
3139 1850 3169 1899 ὁ
3208 1849 3485 1919 Ἀθηναῖος
3525 1848 3606 1900 καὶ
3636 1847 3662 1898 ό

2102 1940 2458 2011 Σπαρτιάτης
2485 1940 2819 2013 Λυκοῦργος,
2837 1941 3063 2012 νόμους·
3095 1944 3123 1994 ό
3152 1941 3498 2011 Παλαμήδης,
3518 1956 3665 2010 γραμ-

2105 2031 2291 2101 μάτων
2324 2032 2595 2099 σύνταξιν,
2629 2033 2921 2105 ἀριθμοὺς,
2958 2034 3130 2105 μέτρα
3155 2034 3249 2086 καὶ
3277 2031 3564 2103 σταθμούς·
3586 2032 3665 2082 Al-

2101 2122 2343 2191 γύπτιοι,
2377 2126 2745 2197 γεωμετρίαν·
2780 2126 3055 2192 Χαλδαῖοι,
3088 2126 3445 2196 ἀστρολογίαν
3478 2124 3563 2177 καὶ⁵
3586 2140 3664 2191 γε·

2101 2215 2503 2285 νεθλιαλογίαν·
2544 2218 2781 2289 Ἀραὸες
2834 2219 2929 2271 καὶ
2990 2218 3219 2290 Φρύγες,
3272 2215 3664 2271 οἰωνοσκοπίαν·

2101 2308 2275 2378 Μῆδοι
2309 2310 2401 2361 καὶ
2423 2308 2651 2379 Πέρσαι,
2680 2310 2908 2381 μαγείαν
2942 2311 3035 2361 καὶ
3066 2309 3318 2379 γοητείαν
3348 2310 3442 2361 ml.
3474 2322 3667 2378 φαρμα-

2102 2401 2283 2454 κείαν·
2319 2403 2616 2474 Τυρῤηνοὶ,
2646 2404 2900 2474 τειχίζειν
2928 2403 3128 2466 πόλεις.

2168 2495 2223 2548 2.
2267 2496 2601 2566 Σημείωσαι,
2632 2497 2777 2559 τίνες
2798 2496 3081 2564 γεγόνασιν
3103 2496 3339 2567 ἀρχηγοὶ
3367 2492 3563 2563 τεχνῶν
3586 2490 3667 2544 καὶ

2101 2584 2422 2656 ἐπιστημῶν
2446 2602 2458 2615 ·
2504 2586 2791 2656 Ἀπελλῆς,
2834 2586 3150 2656 βοτανικῆς·
3186 2583 3553 2655 Δημοσθένης,
3586 2584 3669 2653 ρησ

2100 2677 2352 2749 τορικῆς·
2391 2678 2742 2742 Παπινιανδς,
2778 2676 3130 2747 νομοθεσίας·
3179 2676 3420 2738 Ἀντίνος
3454 2676 3541 2745 (al.
3572 2673 3663 2724 Ἀν-

2100 2768 2300 2837 τύλος),
2336 2768 2684 2837 λογχοποιίας
2713 2770 2807 2839 (al.
2839 2769 3194 2839 λοχοποιίας)·
3226 2769 3516 2839 Εὑρύνοος,
3543 2763 3669 2828 coit-

2102 2860 2205 2928 κῆς
2238 2860 2331 2929 (al.
2367 2860 2700 2931 τοξοσύνης)·
2738 2860 3087 2931 Εὑρύδαμνος
3120 2862 3415 2931 Μεσήνιος,
3450 2858 3669 2930 θώρακος

2102 2952 2425 3023 πολεμικοῦ·
2476 2952 2767 3023 Εὔανδρος,
2820 2954 3080 3025 κνημῖδος
3130 2955 3223 3006 καλ⁵
3273 2954 3527 3017 ἀσπίδος·
3563 2952 3668 3003 ὐπ’

2104 3044 2314 3109 πιανδς,
2378 3044 2715 3115 ἁλιευτικῆς·
2777 3046 3168 3117 Τριπτόλεμος,
3236 3049 3446 3119 σπορᾶς
3502 3046 3665 3097 σίτου·

2101 3137 2406 3207 Πάμφιλος,
2451 3139 2841 3209 ζωγραφικῆς·
2890 3139 3081 3208 Τίφυς,
3136 3140 3428 3209 ναυτικῆς·
3467 3139 3666 3209 Ἀργοςν

2100 3230 2428 3299 ναυπηγίας,
2459 3228 2518 3293 ἐξ
2544 3222 2605 3283 οῦ
2635 3231 2729 3283 καὶ
2782 3231 3156 3302 Ἀργοναῦται·
3202 3232 3553 3304 Ἀρχιμήδης,
3576 3244 3668 3299 μη-

2101 3322 2350 3392 χανικῆς.

1728 3469 1795 3528 v.
1825 3470 1909 3525 Ad
1942 3472 2035 3531 tib.
2060 3490 2120 3541 ι,
2150 3492 2266 3545 cap.
2302 3476 2389 3531 io.

485 3602 553 3657 Et
598 3611 753 3674 pater
792 3622 807 3659 ;
841 3601 1089 3674 Ignosce,
1144 3604 1343 3674 inquit,
1395 3604 1470 3659 fili
1502 3625 1514 3659 :
1551 3606 1793 3659 nondum
1849 3606 1994 3661 enim

418 3712 578 3751 usum
608 3697 837 3749 multum
888 3697 943 3749 in
991 3696 1077 3752 his
1108 3696 1281 3751 habeo
1318 3715 1331 3749 :
1365 3713 1491 3750 nam
1524 3706 1576 3751 et
1608 3698 1848 3751 hesterni
1882 3712 1997 3752 ser-

417 3804 609 3841 mones
632 3788 710 3840 tui
740 3784 966 3841 veritate
995 3789 1111 3857 ipsa
1137 3788 1529 3843 conclusetunt
1557 3805 1662 3854 me,
1695 3796 1752 3841 ut
1776 3788 1873 3841 tibi
1906 3803 1998 3841 ac-

416 3878 795 3946 quiescerem;
828 3877 883 3929 in
910 3879 1248 3931 conscientia
1279 3886 1461 3932 tamen
1509 3894 1627 3933 mea
1680 3887 1807 3934 sunt
1838 3878 1995 3947 quasi

415 3968 661 4038 qutedam
694 3968 936 4036 reliquiae
967 3966 1219 4033 febrium,
1259 3985 1379 4039 quae
1406 3970 1686 4039 paululum
1718 3988 1803 4025 me
1834 3986 1863 4023 a
1892 3970 1996 4025 ﬁde

2173 3609 2283 3662 Kal.
2315 3612 2343 3663 ὁ
2378 3613 2586 3683 πατήρ·
2620 3614 2899 3683 Σύγγνωθί
2934 3634 3043 3686 μοι,
3065 3611 3111 3670 ὦ
3132 3617 3355 3671 τέκνον·
3381 3620 3429 3671 οἱ
3453 3618 3547 3689 μὲν
3574 3616 3667 3687 γὰρ

2102 3701 2229 3772 χθές
2262 3721 2353 3755 σου
2392 3705 2538 3774 λόγοι
2568 3707 2786 3777 ἀληθεῖς
2814 3710 2964 3772 ὄντες
2998 3711 3410 3779 συνελογίσαντό
3445 3728 3529 3781 μοι
3556 3727 3666 3762 συν-

2103 3793 2289 3847 θέσθαι
2343 3812 2456 3847 σοι·
2492 3800 2524 3867 ὴ
2578 3798 2635 3851 δὲ
2682 3799 2788 3870 ἐμὴ
2826 3802 3129 3871 συνείδησις
3163 3806 3345 3875 μικρά
3392 3822 3457 3876 με
3501 3805 3666 3873 ὥσπερ

2102 3888 2336 3957 πυρετοῦ
2380 3888 2645 3961 ἔλλειμμα
2680 3892 2815 3963 πρὸς
2843 3894 3100 3948 ἀπιστίαν
3130 3896 3342 3967 βραχέα
3374 3895 3662 3969 βασανίζει·

2103 3979 2318 4033 σύνοιδα
2348 3982 2456 4053 γὰρ
2485 3983 2706 4054 ἐμαυτῷ
2734 3985 2801 4037 τὰ
2829 3986 2933 4055 τῆς.
2973 3988 3225 4054 γενέσεως
3244 3992 3426 4044 πάντα
3449 4009 3531 4061 μοι
3551 3992 3668 4043 ἁλο-

416 4058 573 4126 quasi
624 4073 654 4111 a
707 4059 940 4114 sanitate
980 4059 1301 4125 retrahunt;
1342 4061 1653 4117 discrucior
1697 4063 1841 4116 enim
1872 4064 2000 4134 quia

2104 4072 2432 4125 τελεσθέντα.
2470 4073 2641 4143 Κάγὼ
2688 4077 3108 4150 ἀπεκρινάμην·
3146 4058 3461 4153 Συννόησόνν
3497 4099 3595 4153 μοι,
3625 4072 3663 4129 ὦ

417 4148 535 4203 scio
561 4148 729 4202 multa
760 4148 917 4213 mihi,
960 4150 1071 4203 imo
1103 4164 1242 4219 pene
1267 4152 1451 4205 omnia
1489 4152 1758 4208 accidisse
1799 4168 1996 4208 secun-

416 4239 546 4294 dum
580 4240 842 4309 genesim.
872 4239 936 4293 Et
984 4256 1086 4311 ego
1133 4244 1389 4312 respondi
1418 4264 1431 4299 :
1461 4242 1602 4297 Audi
1630 4260 1782 4317 ergo,
1816 4254 1991 4315 pater,

415 4347 539 4403 qua:
560 4334 631 4387 sit
652 4332 915 4388 mathesis
937 4342 1154 4400 natura,
1179 4345 1235 4391 et
1266 4335 1431 4392 facito
1461 4338 1761 4393 secundum
1787 4353 1851 4393 ea
1874 4355 1994 4409 qure

2103 4165 2297 4236 πάτερ,
2332 4166 2450 4220 οἵαν
2502 4167 2661 4235 φύσιν
2713 4168 2824 4239 ἔχει
2869 4170 2930 4223 τὸ
2983 4172 3230 4243 μάθημα,
3264 4173 3329 4240 ἐξ
3360 4170 3433 4228 ὧν
3463 4173 3564 4242 ἐγώ
3594 4189 3663 4223 σοι

2104 4255 2475 4326 συμϐουλεύω.
2511 4259 2893 4332 Μαθηματικῴ
2941 4264 3249 4334 συμϐαλὼν,
3304 4268 3424 4320 εἰπὲ
3473 4267 3661 4339 πρῶτον

2101 4348 2250 4419 αὐτῷ
2282 4349 2362 4402 δτι
2394 4350 2518 4402 τάδε
2555 4368 2643 4421 μοι
2677 4351 2855 4420 φαῦλα
2888 4355 2945 4407 ἐν
2978 4355 3113 4426 τῷδε
3137 4358 3213 4427 τῷ
3232 4360 3413 4431 χρόνῳ
3432 4361 3660 4428 γέγονεν·

416 4424 542 4480 dico
577 4423 834 4480 tibi.Vide
864 4427 1331 4493 mathematicum,
1362 4437 1415 4483 et
1446 4429 1534 4483 die
1564 4430 1612 4484 ei
1648 4430 1844 4499 primo,
1866 4431 1993 4500 quia

2104 4442 2163 4494 ἐκ
2193 4442 2339 4506 τίνος
2366 4444 2473 4515 ἄρα
2505 4462 2593 4515 μοι
2626 4445 2734 4498 τῶν
2766 4423 3455 4525 ἀστέρων-γέγονεμαθείν
3473 4423 3657 4523 ἤθελον.

417 4514 547 4567 talia
570 4515 815 4583 qumdam
840 4516 971 4569 mihi
996 4517 1310 4571 acciderunt
1339 4520 1480 4571 mala
1506 4520 1559 4573 in
1591 4521 1684 4573 illo
1715 4529 1992 4591 tempore;

418 4605 562 4659 unde
588 4622 747 4676 ergo,
780 4615 874 4660 aut
911 4609 1217 4677 quomodo,
1258 4620 1350 4664 aut
1395 4628 1489 4681 per
1519 4628 1657 4681 quas
1688 4613 1818 4667 mihi
1853 4613 1997 4667 acci-

418 4696 599 4751 derint
642 4698 849 4762 stellas,
878 4698 1089 4753 discere
1134 4701 1281 4756 volo.
1314 4700 1685 4772 Respondebit
1737 4704 1835 4757 tibi
1879 4704 1998 4760 sine

418 4788 606 4851 dubio,
641 4791 768 4859 quia
802 4800 1044 4863 tempora
1078 4799 1171 4847 tua
1211 4795 1521 4850 malitiosus
1554 4799 1794 4866 suscepit
1828 4796 1993 4861 Mars,

419 4891 511 4934 aut
556 4880 861 4949 Saturnus;
917 4894 1010 4939 aut
1059 4887 1258 4957 aliquis
1296 4905 1486 4943 eorum
1533 4892 1995 4961 apocatastaticus

419 4975 555 5035 fuit;
590 4981 681 5026 aut
709 4975 908 5045 aliquis
950 4992 1151 5032 annum
1182 4988 1334 5033 tuum
1366 4982 1579 5051 aspexit
1609 4997 1676 5036 ex
1703 4983 1992 5048 diametro,

417 5072 511 5119 aut
540 5065 889 5133 conjunetus,
919 5076 1011 5122 aut
1045 5070 1099 5123 in
1147 5078 1369 5137 centro;
1418 5073 1501 5127 vel
1542 5074 1647 5126 alia
1678 5074 1762 5128 his
1793 5075 1995 5129 similia

417 5159 767 5227 respondebit
800 5180 812 5214 :
844 5160 1053 5216 addens
1094 5164 1221 5232 quia
1258 5165 1312 5219 in
1363 5166 1449 5220 his
1488 5167 1746 5221 omnibus
1795 5168 1995 5237 aliquis

416 5256 511 5303 aut
536 5250 834 5319 asyndetus
864 5250 967 5305 fuit
992 5268 1117 5307 cum
1155 5256 1319 5320 malo,
1355 5265 1449 5311 aut
1481 5258 1795 5322 invisibilis,
1829 5261 1993 5312 autin

414 5340 715 5407 schemate,
737 5350 832 5396 aut
856 5352 1011 5398 extra
1042 5345 1314 5415 haeresim,
1340 5356 1433 5402 aut
1459 5350 1739 5415 deﬁciens,
1771 5359 1865 5405 aut
1884 5368 1994 5406 non

414 5434 761 5505 contingens,
789 5444 883 5491 aut
914 5437 969 5491 in
992 5441 1245 5495 obscuris
1268 5441 1475 5507 stellis;
1498 5450 1553 5497 et
1584 5444 1751 5499 multa
1776 5444 1879 5497 alia
1908 5445 1993 5501 his

414 5527 640 5593 similia,
670 5532 970 5587 secundum
1024 5536 1263 5593 rationes
1316 5539 1571 5608 proprias
1620 5541 1989 5612 respondebit,

411 5625 469 5677 et
511 5621 579 5676 de
627 5622 860 5692 singulis
909 5626 1228 5698 assignabit.
1260 5628 1391 5685 Post
1436 5630 1583 5687 hunc
1630 5635 1796 5690 alium
1845 5636 1993 5693 adito

490 5774 602 5847 (77)
640 5778 1041 5849 Πλευστικήν.
1074 5781 1235 5841 Forte
1266 5784 1584 5857 πλαστικήν.

2099 4534 2207 4587 Καὶ
2236 4534 2351 4606 ἐρεῖ
2377 4536 2458 4589 ὅτι
2485 4539 2611 4599 τοὺς
2640 4538 2864 4609 χρόνους
2896 4544 3189 4606 κακοποιὸς
3221 4545 3485 4610 διεδέξατο
3511 4548 3661 4614 Ἀρης

2099 4622 2132 4694 ἢ
2174 4624 2379 4694 Κρόνος
2412 4625 2444 4697 ἢ
2478 4627 2681 4679 τούτων
2713 4645 2796 4691 τις
2828 4629 3341 4698 ἀποκαταστατικδς
3368 4636 3599 4703 ἐγένετο·
3630 4634 3657 4703 ἢ

2098 4714 2189 4767 τὸν
2221 4717 2463 4771 ἐνιαυτὸν
2482 4717 2668 4772 τοῦτόν
2699 4736 2781 4783 τις
2811 4720 3187 4794 ἐπεθεώρησεν
3221 4727 3286 4779 ὲκ
3320 4728 3655 4799 τετραγώνου,

2095 4806 2130 4879 ἢ
2163 4806 2478 4879 διαμέτρου,
2514 4809 2546 4881 ἢ
2579 4809 2771 4876 συνὼν,
2806 4811 2838 4881 ἢ
2874 4818 3317 4887 κεκεντρωμένος
3352 4821 3383 4891 ἢ
3420 4820 3560 4897 πειρέι
3590 4820 3658 4872 αἶ-

2098 4917 2267 4971 ρεσιν,
2301 4904 2450 4975 όμῶς
2496 4903 2588 4955 καὶ
2633 4903 2766 4957 ἄλλα
2801 4904 2967 4977 μυρία
2999 4909 3172 4961 εἰπεῖν
3206 4909 3320 4981 ἔχει
3344 4930 3358 4943 ·
3396 4914 3525 4984 πρὸς
3552 4912 3657 4964 τού·-

2094 5012 2205 5057 τοις
2238 4995 2316 5059 δὲ,
2351 4997 2383 5067 ἢ
2418 4997 2749 5065 ἁγαθοποιδς
2782 5000 2938 5070 κακῷ
2984 5002 3249 5067 ἀσύνετος
3294 5002 3385 5077 ἦν,
3420 5008 3450 5077 ἢ
3493 5008 3657 5058 ἀνεπι-

2096 5088 2385 5159 θεώρητος,
2416 5091 2448 5161 ἢ
2484 5092 2539 5143 ὲν
2574 5092 2889 5164 σχήματι,ἦ
2927 5095 3077 5166 παρά
3108 5098 3396 5171 αῖρεσιν,ἧ
3427 5102 3480 5152 ἐν
3503 5097 3655 5151 ἐκλεί-

2094 5180 2270 5250 ψει,ἦ
2327 5182 2812 5255 ἁνεπισύναφοςνῆ
2863 5188 2921 5239 ἐν
2970 5188 3240 5261 ἀμαυρδῖς
3286 5192 3528 5263 ἀδῳθξ·
3574 5190 3655 5241 καὶ

2093 5273 2242 5343 ὁμῶς
2290 5274 2497 5327 πολλῶν
2534 5278 2857 5347 προφάσεων
2888 5279 3084 5345 οὐσῶν,
3120 5283 3257 5352 πρὸς
3290 5284 3326 5337 ἃ
3357 5284 3543 5354 ηκουσε
3571 5278 3656 5341 τὰς

2092 5366 2390 5431 ἀποδείξεις
2424 5374 2724 5442 παρασχεῖν
2763 5371 2895 5443 ἔχει.
2926 5373 3081 5427 Μετά
3111 5375 3303 5429 τοῦτον
3326 5373 3420 5430 οὖν
3448 5375 3533 5427 τὸν
3564 5388 3654 5443 μα-

2094 5460 2392 5530 θηματικὸν
2427 5462 2599 5533 ἑτέρῳ
2631 5463 2966 5535 προσελθὼν,
3001 5465 3069 5518 τὰ
3099 5467 3318 5522 ἐναντία
3366 5467 3515 5522 εἰπέ·
3547 5467 3653 5518 ’Ὁτι

2093 5551 2209 5604 τόδε
2245 5569 2333 5623 μοι
2362 5553 2423 5605 τὸ
2457 5553 2659 5623 ἀγαθὸν
2692 5556 2749 5608 ἐν
2781 5555 2916 5626 τῷδε
2950 5556 3029 5628 τῷ
3057 5560 3232 5631 χρόνῳ
3267 5561 3481 5629 γέγονε·
3517 5560 3575 5612 σὺ
3602 5556 3650 5607 δὲ

2092 5644 2182 5699 τὸν
2221 5645 2409 5718 χρόνον
2441 5646 2531 5701 τὸν
2563 5648 2723 5702 αὐτὸν
2744 5648 2868 5718 λέγε
2887 5667 2900 5681 ·
2936 5652 3158 5709 ἀπαίτει
3200 5654 3257 5707 δὲ
3300 5656 3365 5709 ἐκ
3394 5653 3530 5717 τίνος
3558 5649 3652 5722 ἄρα
