3888 6192
286 292 432 348 N75

1411 282 1989 346 RECOGNITIONES.
2022 318 2093 330 —
2119 285 2489 347 APPENDIX.

3422 294 3560 355 1474

280 409 382 482 τῆς
408 405 675 478 γενέσεως
712 405 871 461 τοῦτο
908 406 1118 476 γέγονεο
1154 405 1249 460 καὶ
1280 406 1449 477 ὅμως,
1481 404 1559 471 ὡς
1588 409 1858 478 προεῖπον.

1978 405 2450 473 mathematicum,
2480 413 2535 461 ct
2559 405 2729 463 dicito
2758 409 3037 466 contraria
3058 429 3072 467 :
3091 408 3230 479 Quia
3264 413 3399 470 illud
3426 417 3564 475 mihi

281 502 417 572 ἔχει,
454 499 548 553 σοῦ
595 499 1103 572 καταψευσαμένου,
1134 498 1299 563 αὐτὸς
1327 501 1392 552 ὲκ
1418 498 1625 553 πολλῶν
1659 516 1759 571 σχη
1770 500 1872 571 μά-

279 612 390 650 των
434 594 494 647 ἓν
537 612 591 647 τι
631 594 812 667 εὑρεῖν
846 594 1031 665 σχῆμα
1053 633 1069 660 ,
1104 592 1198 646 καὶ
1238 591 1509 664 δεύτερον,
1544 592 1638 645 καὶ
1663 592 1868 663 τρίτον,

279 688 375 742 καὶ
419 687 674 752 πλείονα,
717 687 794 751 ὡς
840 686 972 740 αὐτὸ
1013 685 1353 758 ὲνεργῆσαν,
1402 684 1523 738 ὅθεν
1572 684 1642 737 τά
1688 684 1870 753 ἀγαθά

279 783 396 854 ἐρεῖ
420 781 776 853 γεγενῆσθαι·
814 780 1073 835 ἀδύνατον
1118 779 1228 851 γὰρ
1256 779 1316 832 ὲν
1349 766 1500 852 πάσῃ
1532 778 1742 847 γενέσει
1774 779 1868 831 ἀν-

279 873 533 946 θρώπων,
573 876 647 947 μὴ
698 874 757 928 ὲν
804 876 956 948 πάσῃ
1000 873 1119 946 ὥρᾳ
1166 874 1275 927 τῶν
1306 874 1574 946 ἀστέρων,
1608 876 1733 938 τοὺς
1770 875 1867 946 μὲν

274 966 458 1030 καλῶς
509 967 741 1033 κεῖσθαι,
776 969 903 1032 τοὺς
949 967 1005 1020 δὲ
1051 967 1273 1031 κακῶς’
1311 965 1510 1031 κύκλος
1558 967 1668 1040 γάρ
1718 969 1867 1022 ἐστιν

276 1059 538 1131 ίσομερὴς
582 1059 825 1124 ποικίλος
850 1100 863 1124 ,
912 1061 1173 1132 ἀπείρους
1221 1061 1360 1131 ἔχων
1397 1061 1498 1125 τὰς
1541 1061 1863 1132 προφάσεις,

273 1150 411 1221 πρὸς
442 1151 509 1214 ἀς
549 1150 780 1214 ἕκαστος
812 1153 985 1206 εἰπεῖν
1016 1152 1129 1222 ἔχει
1161 1152 1190 1205 ὃ
1222 1152 1364 1205 θέλει
1387 1169 1401 1183 ο
1436 1152 1497 1206 ὃν
1525 1152 1633 1223 γὰρ
1664 1153 1865 1224 τρόπον

271 1242 365 1294 ἐπὶ
414 1242 524 1295 τῶν
570 1242 738 1308 λοξῶν
787 1244 1010 1315 ὀνείρων
1054 1245 1227 1299 ἐνίοτε
1262 1245 1414 1299 οὐδὲν
1450 1243 1697 1315 νοοῦμεν,
1725 1244 1863 1297 ἀπο-

272 1332 481 1387 ϐάντων
513 1334 570 1388 δὲ
604 1335 943 1408 οἰκειοτάτην
976 1334 1359 1409 προσφέρομεν
1385 1337 1634 1390 ἐπίλυσιν
1653 1353 1667 1367 ο
1690 1334 1863 1399 οὕτως

271 1428 365 1480 καὶ
412 1427 475 1480 τὸ
527 1428 787 1500 μάθημα⁶
824 1428 932 1500 πρὸ
978 1428 1074 1482 τοῦ
1122 1446 1177 1482 τι
1225 1428 1673 1499 ἀποτελεσθῆναι,
1708 1426 1861 1481 οὐδὲν

272 1520 441 1588 σαφὲς
471 1521 603 1590 ἡμῖν
629 1518 864 1591 μηνῦσαι
908 1520 1163 1574 δύναται·
1203 1520 1341 1592 μετὰ
1370 1521 1429 1575 δὲ
1454 1522 1553 1591 τὴν
1584 1521 1678 1574 τοῦ
1710 1538 1863 1590 γενο-

272 1610 434 1681 μένου
464 1610 723 1682 ἱστορίαν,
749 1612 871 1666 τότε
910 1613 1176 1685 πρόδηλος
1204 1615 1237 1683 ὴ
1271 1613 1372 1684 τῆς
1404 1612 1682 1675 ἐκϐάσεως
1712 1612 1860 1666 αἰτία

268 1702 516 1771 φαίνεται
534 1719 548 1733 ⁸
585 1703 844 1768 πολλάκις
875 1706 970 1776 μὲν
1003 1702 1096 1759 οὖν
1125 1705 1174 1758 οἱ
1201 1705 1558 1776 προλέγοντες
1582 1704 1855 1767 πταίουσι,

266 1795 363 1847 καὶ
406 1794 543 1866 μετά
589 1795 689 1866 τὴν
738 1795 959 1850 ἔκϐασιν
992 1797 1218 1878 ἑαυτοὺς
1252 1799 1574 1869 μέμφονται,
1608 1798 1858 1867 λέγοντες

266 1885 348 1939 ὅτι
376 1886 495 1940 τόδε
527 1882 596 1959 ἦν
624 1886 686 1940 τὺ
713 1889 966 1960 ποιῆσαν,
1000 1888 1094 1943 καὶ
1124 1890 1225 1942 οὐκ
1257 1890 1489 1961 εἴδομεν.
1525 1889 1598 1944 Τὸ
1633 1889 1733 1961 μὲν
1761 1886 1856 1944 οῦν

265 1978 362 2032 καὶ
408 1979 535 2042 τοὺς
581 1979 723 2033 πάνυ
774 1981 1146 2053 ἐπιστήμονας
1178 1980 1412 2045 πταίειν,
1442 1981 1649 2051 γίνεται
1677 1981 1766 2036 διά
1794 1982 1855 2037 τὸ

268 2071 343 2141 μὴ
393 2071 610 2139 εἰδέναι,
648 2072 725 2136 ὡς
766 2074 893 2145 χθὲς
936 2073 1093 2144 ἔφην,
1132 2077 1259 2126 ποῖα
1305 2074 1524 2139 πάντως
1562 2074 1663 2145 τῆς
1703 2075 1855 2144 γενέ-

266 2178 405 2227 σεως
436 2163 584 2217 αἴτια
618 2164 728 2239 (78)
757 2166 987 2233 γίνεται,
1006 2168 1134 2219 ποῖα
1164 2165 1222 2219 δὲ
1247 2168 1309 2220 οὐ
1340 2167 1576 2231 πάντως,
1606 2168 1699 2221 καὶ
1726 2172 1853 2222 ποῖα

264 2255 483 2320 πάντως
515 2258 735 2329 ποιῆσαι
768 2258 1162 2330 ἐπιθυμοῦμεν,
1196 2259 1258 2313 οὐ
1304 2260 1522 2323 πάντως
1563 2260 1620 2313 δὲ
1668 2259 1856 2313 ποιοῦ-

266 2366 398 2421 μεν*
434 2351 514 2403 ὅτι
547 2352 643 2420 ἥδε
674 2353 707 2423 ὴ
738 2352 887 2405 αἰτία
918 2354 1051 2423 ἡμῖν
1096 2354 1210 2417 τοῖς
1264 2352 1563 2424 μυστήριον
1601 2354 1851 2426 μεμαθη-

263 2442 404 2507 κόσι,
438 2444 614 2515 σαφής
658 2446 803 2497 ἐστιν
828 2460 839 2471 ·
873 2445 953 2497 ὅτι
994 2443 1277 2517 ἐλεύθερον
1316 2443 1530 2515 ἔχοντες
1570 2445 1849 2518 λογισμὸν,

262 2536 431 2588 ἐνίοτε
465 2536 680 2607 ἐπέχειν
724 2537 932 2609 ταύτην
978 2536 1415 2609 βουλευσάμενοι,
1448 2540 1847 2611 νενικήκαμενο

260 2629 310 2681 οί
343 2629 399 2682 δὲ
431 2630 746 2701 ἀστρολόγοι
777 2630 935 2686 τοῦτο
964 2631 1095 2685 αὐτὸ
1132 2630 1194 2685 τὸ
1238 2633 1554 2705 μυστήριον,
1584 2634 1715 2705 περὶ
1746 2632 1853 2688 πά-

264 2738 365 2793 σης
392 2722 765 2794 προαιρέσεως
793 2723 1204 2795 ἀποφηνάμενοι
1234 2724 1292 2792 ἐξ
1310 2726 1505 2797 ἀρχῆς,
1525 2725 1851 2790 πταίσαντες

259 2816 386 2876 τοὺς
417 2815 797 2887 κλιμακτῆρας
829 2816 1147 2889 ἐπενόησαν,
1184 2819 1264 2881 είς
1307 2817 1613 2890 ἀδηλότητα
1660 2816 1850 2871 ποιού-

264 2924 414 2977 μενοι
458 2909 557 2978 τὴν
602 2909 939 2981 προαίρεσιν,
966 2910 1042 2975 ὡς
1088 2909 1215 2981 χθὲς
1258 2908 1640 2981 ἀπεδείξαμεν.
1671 2911 1744 2964 Σὺ
1789 2910 1848 2963 δὲ

258 2997 353 3050 τοῦ
386 2998 570 3052 λοιποῦ
606 3001 741 3071 πρὸς
770 2999 943 3054 ταῦτα
978 3001 1033 3054 εἴ
1065 3019 1118 3055 τι
1165 3002 1310 3072 ἔχεις
1334 3002 1528 3063 εἰπεῖν,
1559 3000 1708 3068 λέγε.
1736 3001 1849 3054 Καὶ

1974 496 2103 551 boni
2135 497 2367 569 contigit
2408 498 2465 552 in
2500 498 2596 552 illo
2638 507 2916 570 tempore;
2966 510 3186 574 tempus
3228 513 3409 563 autem
3457 508 3566 565 hoc

1972 585 2117 641 idem
2142 586 2311 642 dicito
2347 589 2376 644 :'
2393 596 2447 643 et
2490 589 2710 659 require
2736 606 2805 646 ex
2833 592 3038 662 quibus
3066 596 3315 665 partibus
3346 599 3566 669 genesis

1971 678 2077 735 hoc
2106 680 2207 735 tibi
2236 681 2483 737 evenerit
2512 681 2678 749 boni;
2712 690 2768 738 et
2796 692 3066 755 tempora,
3097 694 3158 741 ut
3182 688 3317 755 dixi,
3365 692 3559 749 eadem

1970 788 2093 843 quae
2120 773 2189 828 de
2218 774 2379 830 malis
2398 776 2862 846 interrogaveras,
2889 779 3167 833 custodito
3198 801 3210 835 :
3236 797 3472 854 cumque
3503 797 3563 841 tu

1970 862 2229 921 fefelleris
2276 867 2344 922 de
2396 868 2763 937 temporibus,
2798 868 2925 926 vide
2956 878 3160 941 quanta
3189 873 3288 929 tibi
3324 875 3565 934 inveniet

1970 957 2272 1024 schemata,
2304 973 2403 1029 per
2430 975 2553 1030 quae
2581 959 2838 1015 ostendat
2867 963 3016 1031 quod
3048 964 3147 1019 tibi
3190 965 3248 1019 in
3289 967 3399 1024 illis
3428 970 3564 1040 ipsis

1971 1051 2311 1122 temporibus
2379 1052 2601 1109 evenire
2650 1053 2943 1109 debuerint
2989 1055 3182 1112 bona:
3221 1057 3565 1128 impossibile

1967 1146 2115 1201 enim
2160 1152 2247 1202 est
2293 1145 2579 1200 hominum
2622 1147 2867 1217 genesim
2910 1149 3304 1217 tractantibus,
3346 1167 3458 1207 non
3504 1154 3563 1210 in
3598 1156 3599 1159 “

1966 1238 2119 1294 omni
2157 1253 2322 1308 quam
2369 1237 2562 1292 dicunt
2593 1238 2814 1308 regione
2844 1239 3130 1295 stellarum
3162 1256 3381 1313 semper
3409 1244 3565 1300 inve-

1965 1335 2086 1390 nire
2114 1333 2385 1404 quasdam
2424 1332 2564 1387 bene
2591 1333 2801 1402 positas
2830 1334 3041 1398 stellas,
3068 1341 3123 1390 et
3148 1337 3414 1405 quasdam
3446 1354 3565 1392 ma-

1963 1426 2015 1481 le
2041 1440 2055 1481 :
2084 1427 2327 1482 circulus
2355 1425 2506 1481 enim
2535 1432 2620 1481 est
2648 1425 2935 1497 aequaliter
2961 1441 3030 1482 ex
3059 1428 3210 1482 omni
3258 1436 3413 1499 parte
3447 1430 3565 1484 col-

1963 1517 2138 1573 lectus
2167 1518 2467 1574 secundum
2502 1517 2816 1583 mathesim,
2849 1518 3100 1574 diversas
3129 1526 3183 1575 et
3208 1520 3391 1575 varias
3419 1522 3564 1575 acci-

1961 1612 2118 1681 piens
2147 1626 2369 1676 causas,
2396 1626 2464 1667 ex
2486 1610 2689 1682 quibus
2717 1612 3066 1667 occasionem
3089 1613 3311 1683 capiant
3335 1613 3559 1670 dicendi

1961 1705 2107 1774 quod
2135 1706 2348 1759 volunt.
2388 1702 2545 1758 Sicut
2575 1704 2721 1759 enim
2752 1704 2867 1760 ﬁeri
2892 1705 3032 1761 solet
3062 1705 3156 1759 ubi
3182 1704 3396 1760 somnia
3418 1705 3559 1760 obli¢

1961 1810 2070 1866 qua
2117 1796 2358 1851 viderint
2406 1795 2678 1862 homines,
2707 1803 2762 1850 et
2814 1795 2954 1851 nihil
3006 1795 3144 1852 certi
3200 1795 3554 1866 intelligunt;

1960 1903 2087 1943 cum
2137 1888 2337 1958 aliquis
2384 1889 2694 1944 occurrerit
2743 1888 2926 1943 exitus
2970 1903 3179 1953 rerum,
3209 1896 3345 1942 tunc
3389 1888 3458 1943 ad
3491 1902 3558 1944 ea

1960 1994 2081 2051 quae
2115 1978 2417 2035 acciderint
2446 1986 2636 2049 aptant
2662 1979 2828 2034 etiam
2860 1982 3061 2035 somnii
3084 1980 3264 2034 visum
3292 1995 3307 2046 ;
3352 1979 3427 2035 ita
3470 1988 3558 2035 est

1957 2082 2012 2127 et
2038 2070 2303 2127 mathesis
2336 2090 2351 2127 :
2388 2077 2683 2143 antequam
2714 2071 2922 2143 aliquid
2952 2072 3066 2136 ﬁat,
3093 2072 3227 2127 certi
3260 2072 3398 2126 nihil
3422 2088 3555 2143 pro-

1957 2163 2283 2230 nuntiatur;
2318 2171 2513 2233 postea
2542 2179 2674 2219 vero
2709 2178 2876 2234 quam
2909 2164 3116 2234 aliquid
3144 2164 3430 2231 acciderit,
3472 2166 3554 2221 rei

1951 2254 2066 2325 jam
2095 2262 2262 2325 gestae
2283 2257 2552 2327 colligunt
2567 2272 2785 2313 causas.
2805 2255 3054 2328 Denique
3086 2257 3404 2329 frequenter
3424 2273 3553 2312 cum

1954 2346 2282 2410 erraverint,
2315 2355 2369 2403 et
2418 2349 2583 2404 aliter
2624 2364 2716 2404 res
2767 2349 3051 2416 acciderit,
3090 2351 3420 2421 semetipsos
3466 2352 3553 2406 ine

1955 2447 2204 2511 crepant,
2222 2439 2471 2497 dicentes
2498 2441 2627 2512 quia
2654 2441 2748 2496 illa
2778 2440 2881 2497 fuit
2906 2442 3063 2496 stella
3089 2457 3212 2512 qua:
3241 2442 3548 2513 impedivit,

1953 2551 2076 2607 quae
2125 2535 2388 2601 occurrit,
2420 2543 2474 2591 et
2502 2552 2614 2592 non
2644 2537 2919 2604 vidimus;
2962 2537 3278 2608 ignorantes
3304 2537 3433 2609 quia
3461 2554 3552 2593 er-

1952 2643 2048 2684 ror
2073 2642 2267 2684 eorum
2302 2643 2416 2683 non
2449 2644 2517 2684 ex
2547 2631 2685 2684 artis
2719 2628 3117 2700 imprudentia,
3148 2627 3243 2683 sed
3286 2644 3354 2683 ex
3383 2630 3550 2685 totius

1951 2736 2133 2778 causae
2152 2722 2594 2778 inconvenientia
2618 2725 2942 2781 descendit:
2972 2724 3231 2796 ignorant
3255 2724 3399 2780 enim
3425 2739 3548 2795 qua:

1952 2814 2084 2879 sint,
2111 2831 2231 2885 quae
2260 2814 2442 2871 facere
2463 2816 2686 2885 quidem
2708 2817 3191 2887 concupiscamus,
3222 2832 3333 2871 non
3360 2826 3548 2873 tamen

1950 2905 2336 2977 indulgeamus
2379 2909 2867 2978 concupiscentiis.
2904 2906 3018 2964 Nos
3056 2917 3241 2963 autem
3285 2909 3382 2979 qui
3427 2924 3550 2979 my-

1951 2998 2108 3052 sterii
2133 2997 2302 3066 hujus
2332 2998 2627 3055 didicimus
2656 2998 2953 3064 rationem,
2976 2998 3185 3053 scimus
3208 3004 3262 3053 et
3294 3014 3543 3065 causam;

258 3090 463 3162 ὀμόσας
491 3092 600 3164 (79)
638 3095 970 3166 ἀπεκρίνατο
994 3133 1009 3159 ,
1048 3093 1212 3166 μηδὲν
1240 3092 1444 3148 τούτων
1489 3093 1848 3167 ἀληθέστερον

1960 3089 2081 3159 quia
2114 3090 2423 3145 libertatem
2454 3091 2720 3146 habentes
2749 3089 2984 3155 arbitrii,
3017 3090 3294 3145 interdum
3330 3105 3541 3145 concu—

1644 3195 1714 3216 *⁵

258 3178 398 3237 εἶναι
426 3178 498 3238 ὧν
528 3181 707 3249 εἶπας.

1950 3182 2237 3252 piscentiis
2274 3184 2621 3248 obsistimus,
2671 3183 2950 3238 interdum
2983 3182 3232 3238 cedimus
3270 3200 3284 3238 :
3317 3189 3372 3236 et
3417 3182 3543 3237 idco

260 3274 624 3331 humanorum
668 3285 947 3348 gestorum
989 3276 1231 3334 incertus
1262 3283 1347 3332 est
1381 3277 1597 3343 exitus;
1630 3275 1760 3346 quia
1790 3275 1849 3331 in
1870 3275 2122 3332 libertate
2150 3276 2351 3347 pendet
2382 3275 2615 3330 arbitrii.
2674 3273 2811 3329 Nam
2863 3274 3373 3347 concupiscentiam
3416 3275 3542 3345 qui-

259 3365 406 3431 dem,
430 3383 592 3437 quam
622 3376 880 3436 operatur
908 3369 1148 3440 maligna
1177 3369 1375 3433 virtus,
1396 3372 1578 3439 potest
1604 3365 1851 3422 indicare
1879 3367 2304 3424 mathematicus
2352 3388 2365 3422 :

2415 3366 2512 3423 sed
2563 3367 2610 3423 si
2658 3367 3121 3439 concupiscentiae
3172 3367 3340 3438 hujus
3382 3376 3542 3426 actus

257 3462 344 3516 vel
390 3464 572 3517 exitus
619 3463 830 3532 impleri
881 3464 1080 3533 possit,
1107 3478 1210 3518 nec
1250 3478 1352 3528 ne,
1387 3463 1515 3534 quia
1553 3463 1610 3517 in
1638 3462 1850 3518 arbitrii
1876 3462 2130 3520 libertate
2159 3471 2267 3527 est,
2309 3463 2441 3519 sciri
2471 3470 2599 3518 ante
2625 3462 2876 3519 ell‘ectum
2909 3464 2989 3519 rei
3035 3478 3067 3518 a
3121 3464 3276 3519 nullo
3324 3470 3537 3536 potest:

257 3560 313 3609 et
356 3554 463 3608 hoc
511 3562 597 3609 est
640 3554 787 3625 quod
836 3554 1154 3626 ignorantes
1202 3556 1467 3628 astrologi
1512 3554 1847 3611 invenerunt
1915 3556 2044 3621 sibi,
2109 3564 2171 3610 ut
2220 3555 2569 3611 climacteras
2611 3556 2882 3622 dicerent,
2926 3555 3009 3611 rei
3056 3555 3272 3612 scilicet
3314 3556 3538 3613 incertae

256 3645 525 3716 perfugia,
552 3645 696 3701 sicut
719 3646 980 3702 hesterno
1010 3648 1330 3718 plenissime
1362 3646 1724 3705 ostendimus.
1759 3647 1841 3702 Ad
1876 3647 1994 3704 haec
2045 3648 2093 3705 si
2143 3648 2274 3720 quid
2324 3648 2424 3704 tibi
2466 3647 2760 3707 dicendum
2796 3648 3039 3720 videtur,
3071 3648 3260 3707 dicito.
3324 3648 3391 3705 Et
3439 3665 3537 3722 pa-

256 3751 343 3797 ter
376 3761 390 3797 :
425 3742 568 3796 Nihil
598 3742 803 3808 verius,
835 3742 1033 3815 inquit,
1066 3744 1164 3814 ﬁli,
1195 3743 1302 3816 .his
1348 3757 1471 3818 quae
1514 3750 1840 3814 prosecutus
1868 3758 1950 3800 es.

328 3920 440 3993 ('18)
478 3921 667 3980 Ᾱῖτια.
697 3920 783 3979 Al.
817 3921 987 3979 αἰτία.

2016 3918 2130 3995 (79)
2167 3920 2278 3977 Καὶ
2305 3920 2480 3992 ὀμόσ.
2510 3921 2597 3979 Al.
2627 3920 2726 3979 καὶ
2750 3918 2780 3972 ὁ
2808 3921 3011 3999 σωτήρ.
