4084 6344
287 454 776 464 _____._______
791 457 822 463 φ
835 430 1464 463 -_-__.__..______...___.-
1479 457 1564 463 __.-
1575 457 2116 465 --_.____.-_-.__._..
2131 457 3550 474 __.__._w.____.__.__.____________“

1437 708 2349 833 ΡΜΕΡΑΤΙΟ.
2406 740 2417 749 '

1267 1016 1842 1057 W

1955 1019 2527 1057 Μ

322 1226 529 1287 Oaxes
576 1225 754 1285 latiore
792 1224 984 1300 lingua:
1014 1225 1234 1293 Patres.
1276 1226 1673 1300 scriptoresque
1701 1224 1954 1290 eccle-A
1979 1237 2083 1279 usu
2125 1237 2190 1282 ac
2234 1241 2358 1283 vera
2400 1229 2717 1289 auctoritate
2765 1230 2977 1304 praefari
3021 1249 3129 1293 non
3169 1240 3454 1311 supererit.
3483 1242 3588 1299 Ali

246 1321 519 1379 siasticos
551 1321 770 1389 iterum,
803 1322 1014 1379 favente
1045 1322 1179 1391 Deo,
1227 1321 1474 1393 almaque
1502 1320 1724 1393 Virgine
1755 1319 1875 1376 Dei-

246 1430 412 1486 para,
462 1416 517 1470 iu
575 1410 747 1472 lucem
794 1413 1121 1474 omittendos
1148 1415 1497 1489 aggressuri;
1554 1430 1674 1470 cum
1726 1422 1875 1471 tanto

249 1519 473 1564 Massa:
524 1508 834 1565 christiana:
880 1507 1095 1565 testium
1137 1508 1359 1579 agmini,
1388 1506 1509 1578 quis
1540 1505 1877 1577 potissimum

250 1601 483 1671 praeiret
534 1601 936 1674 antesignanus,
966 1615 1230 1675 perpensa
1260 1609 1560 1671 temporum
1585 1642 1601 1667 ,
1655 1614 1833 1655 rerum
1856 1641 1872 1666 ,

252 1706 491 1763 operum
550 1693 793 1761 ratione,
839 1707 1249 1761 qusereremus;
1288 1690 1548 1748 adfuisset
1572 1691 1787 1763 quidem
1819 1690 1874 1747 in

257 1796 540 1857 promptu,
588 1803 621 1843 e
671 1787 860 1859 primis
915 1786 1172 1845 Ecclesia:
1228 1785 1584 1854 incunabulis,
1634 1784 1876 1842 melioris

259 1889 404 1935 nota:
434 1881 518 1935 vir
568 1893 632 1936 ac
672 1878 956 1937 sanctioris
1005 1880 1201 1938 ominis
1248 1894 1480 1946 nomen;
1529 1876 1876 1971 prmstantior

263 1987 393 2029 vero
448 1972 694 2047 pondere
747 1974 942 2047 ingenii
992 1988 1055 2030 ac
1100 1973 1466 2031 doctrinarum
1504 1971 1658 2043 copia
1690 1965 1872 2039 nemo,

268 2077 457 2137 przeter
480 2067 891 2133 hunenostrum
936 2066 1251 2138 QUINTUM
1289 2064 1669 2125 SEPTIMIUM
1706 2062 1872 2121 FLO-

276 2157 547 2215 I’tl'lNTEM
574 2159 1142 2219 TERTULLIANUM.

356 2252 684 2311 Laudanduin
741 2256 960 2328 quidem
1008 2254 1281 2327 ingenium
1318 2297 1334 2325 ,
1381 2254 1687 2312 damnanda
1744 2267 1875 2312 vero

286 2348 606 2416 ltﬂ‘mSiS,aC
651 2366 784 2408 sane
825 2350 1059 2423 lugenda
1109 2351 1370 2423 longioris
1423 2351 1557 2408 tanti
1597 2350 1700 2407 viri
1750 2351 1874 2406 vita)

1983 1315 2126 1372 enim
2157 1317 2261 1373 alia
2292 1335 2411 1389 quae
2438 1320 2505 1376 de
2534 1322 2725 1379 eodem
2755 1324 3071 1383 disserenda
3096 1340 3220 1386 sunt
3242 1346 3339 1403 pro
3368 1335 3434 1390 vii
3453 1334 3504 1390 ili
3533 1335 3585 1391 in

1980 1409 2136 1465 istius
2174 1413 2615 1487 operisdecursu
2642 1417 2843 1474 dicent;
2934 1438 2939 1445 ·

2056 1502 2277 1561 Prreibit
2309 1520 2503 1578 nempe
2551 1508 2902 1576 PAMELIUS
2950 1513 3312 1588 Septimianos
3365 1522 3587 1579 annales

1983 1605 2394 1668 pcrquatuoret
2418 1599 2606 1673 viginti
2636 1602 2806 1660 fastus
2853 1608 3167 1666 consulares
3214 1622 3585 1672 contexturus.
3682 1600 3695 1615 ’

2043 1688 2283 1749 Subinde
2313 1708 2431 1765 qua:
2451 1687 2739 1767 cujuslibet
2762 1696 2883 1756 libri
2911 1704 3143 1772 occasio,
3175 1716 3325 1774 tetas,
3352 1712 3592 1767 auctori-

1981 1788 2093 1850 tas,
2126 1793 2255 1855 quot
2281 1786 2389 1842 sint
2410 1796 2464 1843 et
2485 1789 2825 1860 quandonam
2859 1794 2976 1851 sive
3014 1806 3157 1865 ante,
3187 1800 3301 1856 sive
3324 1811 3443 1872 post
3469 1817 3589 1860 sus-

1979 1887 2194 1949 ceptum
2252 1879 2321 1935 ab
2358 1893 2579 1941 auctore
2605 1888 3020 1945 montanismum
3042 1893 3354 1966 conscripti,
3387 1898 3588 1955 diserte

1978 1969 2327 2120 iiaﬁittgiunt
2350 1973 2474 2032 Joh.
2498 1977 2636 2050 Aug.
2663 1977 3020 2039 NOESSELT
3048 1993 3104 2042 et
3130 1984 3190 2039 D.
3225 1984 3586 2048 Gothofredus

2133 2065 2167 2120 P
2224 2065 2288 2120 R.

2077 2063 2288 2121 MPER.

2054 2154 2189 2212 Tum
2214 2156 2531 2219 Tertulliani
2558 2162 2868 2234 Paradoxa,
2911 2181 3032 2225 cum
3082 2182 3267 2229 eorum
3299 2174 3539 2233 antidoto
3561 2219 3578 2247 ,

1979 2249 2171 2306 iterata
2202 2252 2444 2323 ejusdem
2476 2256 2698 2315 Pamelii
2727 2275 2889 2331 opera
2921 2265 3363 2324 recensebuntur.

2051 2342 2167 2400 Una
2208 2347 2576 2405 succedentB.
2594 2351 2968 2411 RHENANUS
2987 2357 3148 2413 simul
3174 2368 3228 2416 et
3254 2361 3609 2422 ANDREAS

269 2456 390 2512 pars
420 2443 607 2499 ultima
630 2487 646 2513 ,
691 2443 967 2516 majorque
995 2487 1011 2513 ,
1054 2444 1110 2500 in
1139 2444 1312 2502 foedos
1352 2459 1568 2502 errores
1606 2444 1871 2515 impensa.
1905 2456 1954 2516 Β
1983 2435 2216 2496 llOYUS
2242 2439 2533 2514 Brugensis
2554 2484 2570 2511 ,
2624 2445 2677 2501 in
2722 2448 3057 2518 explicandis
3103 2467 3223 2524 quie
3251 2455 3582 2527 frequentio-

263 2534 332 2592 At
356 2552 483 2592 cum
513 2537 683 2594 altera
723 2554 848 2610 pars
877 2548 932 2595 et
962 2540 1153 2595 melior
1186 2541 1239 2595 in
1262 2540 1383 2597 fidei
1415 2540 1713 2597 certamina
1735 2545 1874 2597 stre-

262 2643 374 2685 nue
427 2628 599 2685 fuerit
637 2602 870 2703 erogat},
901 2630 1025 2689 huic
1054 2632 1244 2705 igitur,
1272 2632 1490 2689 attentis
1512 2632 1707 2691 saltem
1739 2640 1874 2689 tem-

269 2734 477 2791 porum
505 2722 710 2778 ratione
735 2738 793 2779 ac
818 2725 1153 2796 :etatisjurc,
1186 2725 1387 2797 primas
1432 2725 1637 2783 habere
1686 2734 1870 2797 partes

98 2810 155 2887 ,ι’
261 2811 643 2885 induigeatur.
680 2816 823 2875 Hunc
851 2819 1047 2876 merito
1073 2836 1231 2876 suum
1256 2820 1604 2877 occidentalis
1629 2820 1870 2878 Ecclesia

257 2906 370 2962 sibi
400 2906 639 2966 vindicet
684 2911 909 2983 primum
966 2924 1316 2971 assertorem.
1364 2915 1597 2987 Hujusce
1642 2916 1871 2988 proinde

256 3002 449 3075 magni
475 3006 706 3063 nominis
750 3009 938 3066 umbra
989 3023 1054 3066 ac
1100 3010 1400 3081 patrocinio
1445 3010 1689 3079 defensa,
1740 3025 1871 3068 exo-

256 3096 438 3151 riatur
461 3108 517 3153 et
546 3109 759 3157 crescat
787 3118 922 3159 nova
966 3102 1083 3160 haec
1110 3105 1377 3175 omnium,
1409 3104 1606 3176 quibus
1635 3103 1873 3185 adolevit

252 3187 545 3246 Catholica
578 3192 842 3259 Traditio,
880 3196 1306 3254 testimoniorum
1336 3198 1506 3254 series
1541 3199 1768 3270 integra,
1795 3213 1865 3255 ex

248 3282 515 3338 omnibus
550 3287 789 3357 magnis,
842 3274 1147 3346 minimisvc
1187 3290 1559 3346 concinnanda
1610 3291 1859 3363 scriptis,

247 3392 382 3449 qua:
407 3377 478 3435 ab
507 3381 886 3452 Apostolorum
914 3391 1074 3440 aetate
1097 3382 1165 3440 ad
1190 3384 1404 3441 ultimos
1429 3386 1620 3442 Patres
1651 3385 1703 3441 in
1734 3385 1868 3442 orbe

248 3470 579 3540 christiano,
631 3473 753 3530 fidei
798 3476 1008 3533 tuenda:
1055 3492 1269 3547 caussa,
1316 3477 1566 3549 prodiere
1602 3488 1868 3551 etsuper-

1980 2545 2071 2587 res
2099 2542 2320 2604 usurpat
2346 2534 2712 2595 Tertullianus
2731 2538 3107 2599 Prorerbiales
3138 2546 3415 2619 formulas,
3437 2551 3580 2608 unde

1978 2622 2071 2679 lux
2094 2640 2199 2681 non
2231 2626 2453 2684 minima
2481 2629 2533 2684 in
2582 2637 2697 2686 toto
2722 2647 2885 2703 opere
2911 2633 3254 2697 suffunditur.

2050 2719 2253 2777 Deinde
2274 2736 2393 2777 rara
2423 2721 2709 2779 admodum
2742 2740 2806 2781 ac
2828 2728 3132 2797 pererudita
3159 2730 3212 2785 in
3237 2731 3403 2789 libros
3428 2734 3578 2808 Apo-

1975 2809 2235 2883 logeticos
2262 2812 2641 2873 dissertatione
2684 2818 2749 2873 D.
2772 2817 2995 2876 NICOL.
3034 2821 3122 2878 LE
3165 2824 3454 2883 NOUltftY
3484 2845 3579 2886 ar-

1975 2908 2081 2964 dua
2125 2924 2350 2981 quaeque
2382 2910 2733 2982 Septimiante
2779 2912 3041 2972 doctrince
3089 2932 3359 2977 momenta
3414 2939 3575 2996 quam

1975 3001 2191 3058 uberius
2219 3012 2275 3061 et
2297 3003 2507 3076 plenius
2534 3014 2789 3077 exponet.

2046 3092 2266 3151 Interim
2324 3096 2660 3154 subnectitur
2702 3098 2883 3159 brevis
2926 3111 2981 3160 et
3042 3103 3310 3165 luculenta
3364 3107 3573 3169 LAUR.

1976 3184 2310 3243 MOSHEMII
2341 3188 2583 3247 deictate
2620 3192 2984 3265 Apologetici,
3015 3197 3276 3272 initioque
3321 3217 3578 3274 persecu-

1979 3280 2138 3336 tionis
2164 3280 2471 3339 Severiauae
2501 3283 2824 3355 disquisitio.
3524 3300 3529 3307 ‘

2042 3372 2252 3431 Interea
2302 3376 2543 3433 decurrit
2589 3378 2966 3446 integerrimus
3012 3382 3328 3443 Tertulliani
3398 3396 3576 3448 textus

1971 3465 2390 3536 praecedentium
2472 3467 2769 3527 editionum
2835 3472 3134 3545 Rhenanw,
3205 3478 3524 3537 Pometiam
3552 3525 3571 3551 ,

248 3573 429 3631 sunt;
457 3576 655 3624 cuncta
673 3569 784 3641 jam
812 3571 951 3627 edita
976 3571 1168 3628 iterum
1199 3571 1443 3639 editura;
1492 3570 1869 3629 deficientibus

1988 3556 2293 3615 Franekana:
2315 3600 2331 3626 ,
2373 3560 2707 3632 Rigaltianw,
2749 3564 3143 3636 Pariaiensium,
3186 3570 3408 3641 Venena,
3441 3573 3578 3629 llat-

248 3658 323 3716 ἀρ
352 3659 445 3719 δίε
468 3663 523 3718 in
546 3665 691 3722 diem
720 3674 810 3720 aut
841 3680 964 3721 mm
992 3666 1403 3722 occurrentibus
1450 3676 1689 3722 veterum
1717 3665 1869 3724 “bris
1970 3651 2144 3717 (ensis,
2200 3650 2611 3724 Wiceburgensis
2661 3658 2823 3715 variis
2881 3659 3201 3719 lectionibus
3245 3664 3537 3722 illustratus
3559 3709 3575 3735 ,

247 3758 581 3817 sufﬁciendo
603 3776 619 3825 ;
641 3757 734 3814 diu
760 3774 788 3813 a
815 3758 1000 3815 multis
1024 3759 1183 3816 enixe
1207 3757 1531 3826 desiderata;
1546 3759 1864 3831 jamdudum
1977 3742 2273 3800 multorum
2328 3753 2590 3817 Ρτωιοτοα
2623 3763 2816 3820 nempe
2854 3749 3048 3819 JUN".
3080 3753 3353 3822 ῘΛἸΊΝΠ.
3386 3756 3578 3816 WOU-

246 3854 557 3920 nuntiata;
617 3866 742 3909 sero
774 3891 789 3918 ,
843 3867 951 3925 quo
1002 3851 1299 3922 providius,
1344 3852 1592 3910 inchoata
1637 3870 1650 3907 :
1700 3853 1866 3911 ardua
1975 3834 2183 3892 “PER”
2214 3878 2227 3900 ν
2278 3836 2597 3895 δΑῙλΜΑδῑῙ
2627 3883 2643 3909 9
2704 3840 3043 3900 CUCCON"
3072 3886 3087 3913 ,
3165 3846 3526 3907 SCALIGERI
3560 3894 3577 3919 ,

245 3947 463 4023 quippe
516 3959 604 4002 res
647 3954 701 4001 et
746 3953 906 4001 tautze
934 3946 1129 4006 molis;
1159 3944 1429 4002 indefesso
1460 3945 1675 4003 tandem
1707 3946 1868 4002 moli-
1972 3929 2303 4013 δΕΜίδΕῙῖῘι
2354 3932 2676 4002 ΠΙΤΤΕΒῙΙ,
2736 3936 3079 3995 LEUPOLDI
3149 3946 3578 4003 correctionihus

244 4040 429 4107 mine,
450 4047 817 4111 perpetuaque
838 4038 1177 4110 opermadsil
1199 4037 1360 4095 modo
1386 4040 1558 4096 bonus
1574 4038 1868 4112 dexterque
1902 4094 1944 4112 ﬂ
1975 4027 2287 4111 castigatus,
2333 4042 2433 4084 nec
2463 4044 2569 4085 non
2612 4038 2667 4085 et
2704 4030 3001 4089 adornatus
3029 4035 3376 4106 amplissimis
3404 4039 3578 4096 BHE.

241 4094 653 4199 Deusxfinem
680 4131 747 4187 ad
776 4147 943 4203 usque
971 4131 1218 4187 ultimum
1260 4132 1621 4203 perducenda.

1988 4094 2160 4188 Nam,
2195 4097 2493 4189 P'AMELII,
2546 4122 2960 4194 PANGIROLII,
3015 4094 3401 4199 Lacunam,
3455 4094 3575 4189 ii.

322 4224 505 4282 Nobis
556 4241 686 4299 vero
735 4227 857 4285 talia
918 4225 1321 4300 auspicantibus
1364 4225 1491 4282 felix
1531 4225 1870 4299 faustumque

1988 4213 2337 4281 BASPINAEI,
2372 4215 2848 4286 HAVERCAMPI,
2879 4219 3286 4292 MURA'PDRII,
3324 4228 3382 4278 υ.
3405 4224 3574 4283 COR-

245 4319 364 4388 sit,
389 4318 525 4375 illud
554 4321 741 4392 primis
796 4320 1024 4377 infixum
1078 4319 1319 4392 vestigiis
1362 4320 1634 4392 relegere,
1667 4319 1798 4376 illud
1837 4337 1868 4377 a
1973 4307 2228 4406 BlﬁlANl
2254 4308 2895 4406 TOHOiiIEetvariqrum
2926 4317 3349 4374 commentariis-

243 4410 597 4469 Tertulliano
652 4414 848 4470 misere
888 4412 1042 4484 lapso
1089 4413 1331 4470 ediscere
1359 4454 1375 4481 ,
1426 4413 1626 4469 nullum
1674 4427 1869 4483 nempe
1946 4482 1959 4489 α
2044 4400 2139 4458 Ηῖδ
2170 4410 2247 4457 ῐοι
2276 4400 2332 4458 ἀι
2359 4403 2544 4459 “Ilium
2571 4404 2810 4461 νίτοτυῐη
2837 4421 2963 4461 cum
2997 4410 3231 4479 Ρετθοιίε
3280 4410 3347 4465 ad
3388 4427 3574 4469 mimu-

248 4506 386 4563 ftdei
417 4506 662 4563 serendae
699 4514 791 4562 aut
822 4507 1100 4563 servandae
1144 4521 1375 4578 unquam
1420 4505 1582 4562 fuisse
1615 4520 1866 4564 necessa-

1993 4510 2080 4551 um
2112 4535 2129 4562 ,
2180 4504 2239 4551 ut
2259 4495 2330 4551 ita
2372 4495 2571 4565 dicam,
2625 4498 2845 4555 accedet
2893 4501 3297 4572 copiosissimus
3359 4505 3573 4563 Tertul-

246 4599 401 4655 rium
434 4597 755 4656 feracissimi
784 4599 981 4672 ingenii
1030 4599 1362 4667 subsidium,
1410 4615 1512 4655 nec
1556 4609 1611 4655 ut
1652 4599 1867 4655 firmum

1994 4590 2130 4645 iauze
2166 4589 2445 4648 latinitatis
2488 4589 2670 4659 index,
2721 4593 2991 4665 praecipua
3027 4594 3142 4654 Cll.
3174 4595 3567 4658 GODOFRED.

246 4699 366 4749 stet
395 4700 455 4748 et
484 4692 861 4749 inconcussum
913 4691 1171 4749 Ecclesia:
1221 4691 1648 4759 fundamentum,
1678 4691 1868 4748 sutl‘ul-
1971 4684 2288 4743 SCHUTZII
2326 4701 2487 4758 opera
2527 4687 2786 4758 digestus.
3228 4716 3429 4761 ιὶᾲμκηῖςς

246 4786 512 4844 ciendam
542 4800 665 4844 esse
688 4787 755 4843 ab
781 4785 1058 4842 hominum
1084 4785 1342 4842 imbecilli
1372 4802 1533 4843 manu
1561 4796 1614 4842 et
1644 4786 1866 4854 caduca,
2045 4778 2202 4835 Unde
2235 4778 2345 4852 iam
2372 4794 2531 4837 nemo
2555 4795 2662 4838 n0"
2695 4781 2839 4839 νὶάοι
2863 4798 3021 4856 quam
3049 4785 3237 4858 θκῖὲυτι
3271 4788 3423 4846 ηονὶε
3460 4789 3574 4847 0di-

245 4879 701 4937 banccolumnam
718 4896 778 4935 ac
791 4882 1166 4951 firmamentum
1182 4876 1525 4952 raritatis“).
1554 4876 1709 4934 Enim
1731 4878 1874 4934 aliud
1981 4872 2187 4929 toribus
2211 4873 2485 4943 provincia
2533 4884 2849 4945 remaneat,
2879 4886 2935 4935 ct
2981 4893 3143 4949 quam
3186 4880 3257 4936 sit
3284 4882 3414 4937 nihil
3447 4899 3573 4955 pro-

246 4974 653 5047 fundamentum
704 4990 850 5030 nemo
910 4983 1071 5046 potest
1126 4990 1310 5044 ponere
1337 5014 1353 5042 ,
1409 4984 1591 5046 prazter
1632 4974 1693 5028 id
1736 4973 1873 5047 quod
1979 4966 2265 5038 pemodum
2292 4966 2362 5024 de
2388 4981 2487 5024 suo
2531 4983 2672 5040 penu
2706 4968 3051 5041 addendum,
3089 4974 3191 5030 nisi
3238 4974 3377 5032 forte
3406 4977 3469 5033 iis
3489 4979 3572 5036 di-

248 5070 485 5139 positam
507 5075 603 5135 est,
631 5066 767 5138 quod
789 5076 864 5123 est
902 5064 1241 5124 CHRISTUS
1269 5064 1473 5123 JESUS
1503 5064 1871 5147 (3)}‘Firmum
1975 5059 2145 5118 cenda
2188 5060 2295 5117 sint
2342 5068 2453 5118 tum
2482 5077 2600 5133 qua:
2628 5076 2791 5133 supra
2836 5064 3177 5136 suscipienda
3211 5066 3572 5140 decrevimus,

249 5162 658 5234 fundamentum
682 5159 778 5217 Dei
806 5170 924 5229 stat,
967 5161 1157 5217 habens
1177 5160 1495 5233 signaculum
1527 5161 1652 5216 hoc:
1675 5178 1869 5233 cogno-
1976 5152 2042 5211 dc
2067 5152 2383 5210 Τϐΐῑιιὶιῖίὶηί
2435 5169 2537 5211 "8“
2585 5163 2639 5211 ει
2668 5157 2990 5214 anei-OPM”
3010 5200 3025 5227 ν
3084 5174 3185 5216 nec
3230 5161 3391 5218 ειίᾶῐη
3427 5164 3477 5219 ill
3505 5164 3571 5220 iis

246 5258 326 5311 cit
350 5255 611 5312 Dominus
625 5256 713 5324 qui
732 5265 848 5312 sunt
872 5258 1071 5325 eius,'et
1084 5256 1311 5312 discedat
1330 5258 1394 5311 ab
1419 5256 1681 5329 iniquitate
1704 5256 1868 5312 omnis
1892 5324 1931 5329 _
1974 5248 2189 5306 Sibimel
2215 5249 2438 5306 οηιηῖηο
2489 5249 2693 5308 Tenetis
2710 5291 2726 5319 ι
2777 5252 2977 5307 “imm
3027 5267 3222 5325 nempe
3249 5266 3305 5311 οι
3331 5255 3566 5316 θωνίοτὶ

248 5350 345 5421 ιικὶ
370 5350 608 5405 nominat
631 5365 811 5407 nomen
858 5324 1066 5406 Domini
1092 5349 1195 5423 ('5).
1505 5324 1515 5329 ⁷
1892 5324 1947 5386 Ῑ)
1973 5353 2292 5401 occurrente
2345 5343 2414 5402 de
2479 5344 2670 5403 eodem
2726 5355 3044 5418 argumento
3100 5324 3570 5411 dissertatiuncula

332 5441 414 5498 Ea
456 5452 542 5499 est
566 5442 768 5501 interea
807 5424 1028 5518 hujusce
1062 5445 1152 5517 qui
1192 5442 1400 5517 primus
1431 5445 1669 5504 occurrit
1714 5445 1867 5503 testis
1974 5437 2041 5494 De
2091 5437 2402 5495 Corbiniani
2450 5438 2719 5508 ἸΊιοιῐιίες
2766 5450 2875 5497 tum
2931 5458 3179 5514 numnam
3246 5445 3446 5505 fuerint
3500 5450 3569 5508 ad

247 5539 407 5596 varia
440 5553 507 5597 ac
549 5539 709 5597 dubia
755 5540 997 5610 indoles,
1029 5549 1089 5598 ut
1134 5540 1390 5599 nonnulla
1419 5539 1488 5600 de
1531 5550 1680 5602 recto
1722 5539 1869 5601 illius
1976 5546 2146 5604 usque
2174 5540 2416 5604 ῑθωροηὶ
2464 5540 2648 5590 "05m
2697 5534 2955 5607 Ρτθεεῖρυῖ
3010 5535 3064 5592 in
3107 5536 3387 5597 Ῑίιετπηιυ
3432 5542 3566 5601 0be

1530 5636 1535 5639 ‘
1972 5626 2029 5682 in
2054 5624 2443 5682 Tcrtulliannm
2471 5625 2699 5697 impensi
2728 5625 2943 5685 labores
2961 5668 2977 5697 ,
3006 5644 3142 5695 quos
3164 5630 3359 5689 iterum
3392 5647 3424 5688 a
3441 5634 3573 5691 doc-

1970 5723 2393 5792 tiss.Ceillerio,
2434 5723 2690 5797 Lumper,
2733 5723 2962 5782 Schram
3005 5736 3062 5784 et
3091 5727 3524 5788 Schmnnemanu
3551 5773 3572 5801 .

1970 5819 2256 5893 diligenter
2276 5818 2625 5892 investigatos
2646 5820 2917 5892 accepturi
2949 5836 3166 5891 sumus;
3206 5831 3317 5881 tum
3347 5823 3568 5885 demum

1968 5911 2243 5972 coronidis
2268 5911 2472 5986 instar,
2523 5912 2740 5972 uberius
2771 5913 2824 5972 in
2852 5913 2958 5972 hoc
3002 5916 3265 5988 prooemio
3300 5919 3569 5994 Sttperct‘it

2834 6006 3045 6095 (στω.)

252 5790 265 5823 ,-
327 5762 417 5905 (ιζ
459 5760 649 5821 lTim.
692 5764 908 5833 ιιωδ.
990 5724 1007 5730 ’

329 5836 393 5905 (2
457 5834 649 5894 lCor.
702 5837 809 5905 Ill,
854 5840 948 5897 ii.

260 5910 267 5920 .
329 5834 415 5983 ᾖ)
457 5834 479 5890 t
516 5834 649 5920 cor.
702 5837 809 5906 ιιι,
854 5840 948 5897 η.

394 5905 671 5982 μιτιω.
715 5909 793 5980 ll,
846 5909 937 5970 t9.

548 6003 989 6072 Turonum
1030 6006 1079 6073 I.
