4084 6344
465 313 533 376 ﬂ
1948 298 2337 362 PREFATIO.

3692 295 3764 361 12

468 402 754 498 lndigitare
795 431 1028 496 quonam
1070 430 1255 482 rerum
1302 417 1531 492 ordine,
1558 416 1822 478 librorum
1878 414 2477 489 serie,Aaliquandiu
2505 414 2694 473 saltem
2725 414 2779 473 in
2827 412 3144 473 orthodoxa:
3191 413 3313 472 ﬁdei
3364 413 3569 488 gremio
3635 428 3764 472 con-

469 518 908 578 dissertatiouum
972 515 1332 584 accessione,
1397 514 1692 572 lectionum
1747 511 2062 569 collaturum

466 615 747 682 varietate,
772 611 1285 670 commentariorum
1315 609 1559 667 ubertate
1588 623 1650 664 ac
1677 606 1890 663 delectu
1916 647 1930 672 ,
1973 620 2069 679 ap.

466 696 758 780 pendieum'
785 714 839 763 et
888 705 1128 763 indicum
1176 703 1409 761 culmine
1439 702 1556 775 haec
1595 717 1735 759 nova
1779 697 1944 757 editio
1997 698 2068 757 sit

468 801 537 859 ab
566 800 687 861 aliis
714 800 1069 864 secernenda.
1412 863 1415 865 _

863 912 1311 986 ARTICULUS
1352 912 1666 983 PRIMUS.

726 1061 813 1110 DE
860 1059 1308 1111 AUCTORITATE
1351 1055 1799 1105 TERTULLIANI.

466 1176 489 1227 ἴ
540 1172 845 1232 Auctoritas
884 1172 936 1228 in
977 1186 1044 1228 eo
1073 1170 1163 1244 qui
1202 1166 1521 1242 potestatem
1546 1167 1736 1223 habens
1792 1163 1927 1220 alios
1975 1162 2071 1219 doc

468 1274 591 1337 eet,
623 1276 768 1325 recte
787 1280 817 1323 a
843 1264 1043 1338 duplici
1066 1265 1243 1336 capite
1282 1261 1596 1329 deducitur,
1640 1272 1833 1329 nempc
1862 1267 1971 1314 tum
2001 1256 2068 1313 ab

466 1363 634 1436 ipsius
687 1362 928 1421 scientiae
956 1361 1348 1432 aestimatione,
1381 1368 1493 1419 tum
1543 1357 1611 1415 ab
1640 1355 1881 1428 ejusdem
1902 1367 2068 1417 vera-

465 1456 647 1513 citatis
670 1454 885 1513 ﬁducia.
1495 1505 1506 1513 _
1752 1462 1755 1465 '

537 1547 643 1611 Uni
664 1558 718 1608 et
735 1549 835 1608 soli
856 1549 971 1608 Deo
997 1563 1205 1609 summa
1253 1549 1543 1605 auctoritas
1579 1553 1697 1614 est,
1744 1543 1943 1617 quippe
1982 1540 2069 1598 eui
2108 1576 2113 1581 η

466 1643 569 1703 soli
597 1658 805 1703 summa
843 1643 913 1702 sit
937 1643 1137 1702 veritas
1157 1644 1210 1699 in
1247 1628 1646 1716 cognoscendo,
1680 1646 1735 1696 ct
1778 1650 1985 1694 summa
2017 1636 2068 1691 in

471 1739 700 1798 dicendo
749 1739 1033 1817 veracitas.

2170 512 2422 578 stiterint,
2452 510 2653 568 idcirco
2673 524 2892 568 onmem
2921 509 3027 567 illis
3056 507 3217 569 ﬁdem
3253 510 3515 583 abrogare
3541 520 3640 567 nec
3668 523 3767 581 par

2168 618 2275 663 nec
2297 605 2381 662 fas
2401 615 2525 667 est:
2553 606 2803 682 quinimo
2823 607 2877 665 in
2916 605 3114 679 quibus
3143 619 3271 665 cum
3299 604 3592 664 Catholicis
3636 617 3767 664 con-

2171 700 2417 770 spirant,
2468 699 2523 758 in
2569 697 2637 759 iis
2688 712 2758 759 eo
2804 699 2983 771 major
3029 710 3195 770 penes
3238 697 3385 771 ipsos
3415 698 3611 755 ﬁducia
3640 704 3768 769 est,

2172 795 2314 867 quod
2345 794 2471 852 hinc
2519 803 2575 852 et
2614 794 2742 853 inde
2784 795 3140 852 collusionem
3170 793 3287 852 ﬁeri
3335 802 3389 854 et
3438 793 3610 850 amice
3637 804 3778 852 eon-~

2168 888 2337 962 jurari
2362 903 2523 945 nemo
2551 903 2715 946 sanus
2736 888 3088 945 existimabit.

2242 983 2341 1042 His
2367 982 2646 1042 catholicis
2679 985 2757 1042 rei
2786 982 3087 1042 Patristicre
3126 981 3317 1057 positis
3344 981 3595 1052 criteriis,
3626 996 3773 1043 nunc

2174 1077 2570 1137 deveniendum
2594 1084 2678 1138 est
2697 1078 2763 1135 ad
2781 1078 3116 1150 propositum
3138 1087 3381 1135 nostrum
3405 1095 3419 1144 ;
3449 1091 3589 1134 nunc
3617 1091 3772 1150 teque

2174 1172 2329 1229 lance
2380 1186 2447 1232 ac
2490 1172 2643 1229 ﬁrma
2687 1169 3037 1229 aestimandus
3070 1178 3153 1230 est
3195 1168 3497 1241 QUINTUS
3544 1168 3786 1247 SEPTE

2174 1263 2340 1325 MIUS
2370 1265 2687 1325 FLORENS
2726 1263 3277 1336 TEllTULLlANUS,
3310 1275 3391 1325 tot
3435 1275 3772 1326 vetustarum

2176 1361 2576 1434 disciplinarum
2603 1361 2999 1434 peritissimus;
3044 1358 3445 1436 philosOphica,
3489 1360 3771 1434 historica,

2172 1456 2422 1532 juridica,
2453 1458 2691 1517 oratoria
2706 1472 2770 1516 ac
2785 1456 2994 1532 poetica
3013 1456 3321 1516 eruditione
3355 1462 3580 1529 potens;
3606 1456 3776 1515 multa

2174 1561 2481 1624 susceptam
2526 1560 2657 1610 ante
2694 1550 2855 1617 ﬁdem
2882 1551 3083 1609 forensi
3110 1550 3271 1610 laude
3305 1548 3545 1618 ﬂorens;
3576 1549 3775 1609 floren-

2178 1646 2283 1706 tior
2295 1656 2347 1707 et
2359 1653 2576 1718 accepta
2591 1645 2715 1716 ﬁde,
2731 1654 2919 1720 utpote
2934 1646 3094 1704 totius
3103 1644 3533 1704 Christianorum
3547 1658 3775 1718 caussae,

2174 1752 2360 1801 coram
2384 1739 2816 1813 imperatoribus,
2837 1741 2889 1798 in
2915 1740 3064 1798 orbis
3098 1738 3331 1798 Romani
3356 1729 3496 1807 fero,
3523 1737 3778 1800 defensor

542 1832 806 1902 Quaelibet
831 1832 936 1889 alia
975 1846 1042 1888 eo
1071 1829 1245 1903 major
1271 1828 1450 1887 evadit
1476 1827 1790 1895 auctoritas,
1812 1839 1919 1897 quo
1947 1818 2077 1896 pro?
2099 1838 2150 1905 Β
2177 1843 2241 1901 ει
2259 1842 2554 1906 patronus;
2577 1847 2700 1892 ωινω
2728 1847 2759 1890 ο
2779 1830 2996 1889 Clu-isto
3019 1832 3249 1891 Domino
3270 1832 3524 1891 secundm
3550 1848 3613 1891 ac
3633 1835 3779 1907 Αρο-

468 1927 589 2000 pior
609 1926 675 1984 ad
704 1925 853 1984 illam
874 1923 1082 1983 accedit
1100 1934 1154 1981 et
1193 1922 1485 2001 perfectior
1528 1918 2073 1994 ejusdemparticeps

468 2020 718 2078 efficitur.
1649 2076 1655 2082 _

537 2115 677 2173 Hinc
719 2114 876 2172 nobis
902 2111 1196 2172 Catltolicis
1223 2110 1370 2167 nulla
1414 2108 1514 2165 sub
1561 2106 1676 2164 sole
1714 2104 1908 2179 major,
1962 2104 2098 2161 imo.

469 2200 702 2268 maxima
731 2210 787 2266 in
802 2208 943 2266 etelo
971 2209 1099 2265 etin
1127 2216 1293 2274 terra,
1322 2218 1423 2261 nec
1448 2202 1550 2258 alia
1572 2217 1635 2257 ac
1664 2201 1760 2256 Dei
1782 2201 1948 2270 ipsius
1966 2207 2068 2267 est,

468 2302 729 2361 Ecclesim
759 2300 1002 2358 docentis
1032 2308 1291 2372 potestas,
1320 2313 1439 2369 qua:
1469 2295 1616 2351 uerbo
1643 2292 1841 2348 virtutis
1855 2291 2068 2364 Dei(l),

470 2400 527 2455 in
546 2414 644 2469 quo
663 2405 780 2452 sunt
804 2409 976 2451 omnes
1004 2393 1225 2449 thesauri
1256 2390 1519 2462 sapientia:
1547 2398 1593 2443 et
1613 2386 1835 2444 scientia:
1854 2384 2070 2439 abscon-

473 2490 570 2546 diti
582 2489 811 2564 (l),qu:e
825 2487 1091 2545 infallibili
1109 2501 1208 2545 nec
1223 2498 1449 2555 unquam
1465 2481 1533 2537 ad
1553 2478 2071 2538 consummationem

472 2583 655 2641 saeculi
675 2581 971 2640 deiicienda
996 2580 1228 2653 Spiritus
1271 2576 1452 2636 Sancti
1485 2574 1811 2643 assistentia,
1859 2570 2067 2639 nititur,

471 2678 675 2751 regitur
707 2692 771 2733 ac
792 2675 1163 2735 conﬁrmatur.

548 2770 718 2828 Porro
746 2769 999 2826 omnibus
1027 2763 1321 2823 Catltolicis
1347 2763 1439 2836 qui
1496 2776 1616 2820 sese
1654 2758 1914 2819 Ecclesiae
1941 2755 2073 2829 legi-

473 2864 637 2925 timos
693 2863 834 2920 ﬁlios
884 2861 1114 2934 probare
1164 2858 1428 2925 student,
1472 2870 1695 2913 necesse
1746 2868 1869 2911 esse
1919 2853 2075 2910 docet

473 2959 537 3018 Β.
574 2956 882 3015 Vincentius
920 2954 1237 3021 Lirinensis,
1268 2959 1324 3007 ut
1348 2960 1655 3006 sanctorum
1686 2947 1904 3004 Patrum
1950 2943 2103 3030 fidei,

476 3050 798 3118 inhrereant,
814 3047 1234 3121 adglutincntur,
1250 3044 1623 3100 immoriautur
1639 3040 1740 3114 (ἢ).
1766 3039 1897 3095 Eam
1923 3052 2072 3107 vero,

478 3145 855 3205 consentiente
906 3152 1017 3200 tota
1049 3140 1399 3207 Traditione,
1452 3139 1623 3209 legem
1675 3135 1744 3209 ad
1794 3147 2073 3192 assensum

477 3239 726 3297 Patribus
753 3235 1113 3311 praestandum
1163 3235 1333 3306 ponit,
1358 3242 1418 3288 ut
1447 3230 1704 3305 quidquid
1744 3245 1850 3295 non
1903 3242 2069 3284 unum

473 3344 567 3393 aut
592 3335 733 3392 duos
760 3342 986 3398 tantum,
1031 3328 1128 3387 sed
1154 3341 1343 3385 omnes
1388 3326 1587 3399 pariter
1630 3339 1737 3381 uno
1776 3322 2077 3395 eodemque

478 3441 747 3487 consensu
770 3433 987 3498 aperte,
1016 3421 1346 3494 frequenter,
1377 3426 1785 3491 perseveranter
1817 3415 2076 3484 tenuisse,

477 3521 780 3593 scripsisse,
812 3518 1063 3575 docuisse
1086 3513 1424 3588 cognoveris,
1457 3511 1511 3568 id
1544 3512 1635 3568 tibi
1668 3525 1880 3584 quoque
1921 3508 2081 3565 intel-

480 3616 618 3691 ligas
639 3616 846 3688 absque
873 3613 979 3670 ulla
1005 3611 1339 3668 dubitatione
1365 3606 1719 3665 credendum.

451 3705 501 3781 ’ξ
554 3711 804 3769 Patribus
850 3724 979 3766 vero
1027 3704 1298 3778 sigillatim
1347 3703 1577 3774 sumptis
1626 3701 1770 3757 nulla
1800 3700 1903 3756 alia
1935 3713 2081 3756 com-

487 3808 623 3881 petit
644 3803 967 3869 auctoritas,
1003 3800 1103 3857 nisi
1131 3799 1372 3872 privata,
1397 3812 1464 3854 ex
1506 3796 1671 3851 variis
1723 3793 2083 3866 dignoseenda

486 3899 719 3967 indiciis,
752 3910 978 3969 quorum
1008 3893 1111 3950 alia
1136 3889 1421 3962 unicuique
1470 3898 1596 3946 sunt
1643 3888 1795 3961 quasi
1846 3887 2082 3958 propria,

487 3995 593 4054 alia
619 4006 748 4051 vero
769 3989 968 4047 deforis
993 3987 1296 4058 desumpta.
1860 4029 1874 4043 ,

559 4087 617 4145 lu
648 4087 713 4143 iis
751 4092 931 4140 autem
978 4080 1109 4154 ipsis
1146 4076 1538 4137 consideranda
1567 4084 1689 4134 sunt
1714 4075 1828 4134 sive
1864 4087 1982 4149 qutc
2012 4073 2089 4157 ad

491 4179 819 4242 intellectum
841 4182 987 4235 recte
1016 4172 1312 4253 institutum
1331 4214 1347 4244 ,
1380 4173 1493 4229 sive
1520 4186 1639 4244 qua:
1675 4170 1741 4226 ad
1791 4184 1977 4225 sanam
1996 4181 2091 4223 vo-

493 4277 751 4333 luntatem
783 4270 1088 4346 pertinent;
1118 4268 1243 4324 hinc
1265 4266 1516 4323 nimirum
1547 4279 1733 4322 eorum
1764 4263 1961 4340 ipgenii
1988 4261 2090 4329 vis,

493 4368 860 4429 doctrinarum
890 4364 1106 4422 ubertas
1122 4405 1136 4427 ,
1161 4361 1414 4441 loquendi
1442 4360 1632 4418 modus
1648 4371 1712 4415 ac
1737 4355 2092 4426 consuetudo,

497 4463 642 4531 unde
681 4470 795 4518 tuto
839 4458 986 4521 credi
1008 4465 1186 4531 potest
1229 4454 1372 4527 quod
1402 4470 1509 4511 non
1534 4453 1902 4524 decipiantur;
1946 4451 2095 4506 illinc

498 4565 676 4614 autem
708 4567 920 4625 morum
944 4551 1199 4624 probitas,
1221 4549 1451 4619 vitaeque
1482 4547 1760 4611 sanctitas,
1783 4560 1889 4617 qua
1917 4543 2094 4599 omnis

2176 1926 2438 1983 stolorum
2472 1927 2731 1999 proximae
2775 1939 2992 1999 praeco;
3023 1926 3229 1999 primus
3271 1925 3528 1986 Ecclesia:
3572 1922 3778 1985 Latinae

2178 2019 2329 2079 testis
2347 2027 2404 2079 et
2422 2017 2638 2089 vindex,
2655 2018 2763 2075 imo
2781 2033 2920 2077 unus
2940 2019 3093 2092 cujus
3120 2018 3366 2078 vindiciae
3384 2020 3452 2077 ad
3473 2033 3575 2078 nos
3588 2035 3781 2094 perve.

2176 2116 2354 2174 neriut
2369 2131 2385 2186 ;
2402 2115 2637 2188 insignes
2652 2111 2919 2171 Africana:
2937 2113 3062 2171 ﬁdei
3085 2111 3336 2211 ppitnitia:
3356 2128 3372 2183 ;
3394 2113 3632 2172 virorum
3654 2129 3782 2187 apo-

2176 2208 2490 2267 stolieorum
2515 2207 2794 2275 alumnus;
2819 2204 3079 2279 magister
3099 2204 3154 2263 ét
3172 2205 3288 2276 ipse
3313 2205 3631 2279 martyrum,
3648 2222 3784 2280 pon-

2179 2296 2383 2357 tiﬁcum
2410 2308 2466 2359 et
2492 2299 2811 2367 doctorum;
2841 2299 3029 2357 Romae
3048 2298 3117 2357 ad
3149 2313 3299 2357 sacra
3322 2311 3632 2372 provectus,
3653 2303 3784 2361 Car-

2179 2391 2490 2466 thagiuique
2509 2392 2566 2450 in
2596 2391 2916 2466 presbyterii
2945 2391 3071 2452 albo
3091 2392 3430 2466 adscriptas;
3460 2384 3785 2455 arcanorum

2174 2486 2618 2555 scientissimus;
2658 2488 2901 2544 omnium
2933 2500 3046 2543 suae
3068 2486 3247 2544 aetatis
3277 2486 3653 2546 haereticorum
3686 2488 3788 2547 tle-

2176 2579 2423 2650 bellator,
2441 2580 2550 2638 imo
2572 2581 2806 2638 Montani
2828 2594 3050 2639 eversor
3071 2582 3350 2654 egregius;
3376 2589 3430 2638 et
3458 2590 3635 2639 tamen
3656 2582 3788 2656 (uti-

2176 2687 2299 2728 nam
2321 2672 2460 2730 absit
2479 2672 2519 2746 l)
2545 2673 2890 2742 montanista,
2911 2672 3217 2743 btereticus,
3236 2672 3612 2748 ittereseosquc
3628 2682 3791 2749 eaput

2173 2773 2503 2835 emortuum,
2537 2764 2791 2823 Ecclesiae
2816 2764 3027 2822 tandem
3048 2765 3157 2837 jam
3186 2780 3293 2835 non
3317 2764 3480 2824 homo
3499 2766 3587 2823 ε...

2247 2859 2345 2917 Cui
2376 2875 2505 2917 eum
2531 2871 2607 2918 tot
2638 2874 2945 2918 successere
2975 2860 3138 2928 vices,
3180 2860 3455 2931 multiplex
3507 2859 3629 2932 ejus
3670 2874 3791 2918 esse

2178 2951 2341 3010 debet
2380 2953 2699 3019 aestimatio,
2749 2952 2958 3025 aliaque
3011 2952 3188 3011 evadit
3247 2961 3407 3024 prout
3460 2952 3619 3008 aliam
3677 2954 3792 3026 ipse

2178 3056 2385 3105 tantum
2409 3061 2441 3104 a
2467 3062 2527 3105 se
2551 3048 2798 3105 diversus
2828 3047 2999 3104 induit
3020 3061 3324 3119 personam.
3357 3047 3434 3104 Ac
3458 3056 3581 3103 autc
3611 3049 3791 3104 omnia

2180 3140 2232 3196 in
2273 3156 2355 3210 eo,
2401 3139 2541 3197 haud
2569 3156 2723 3198 secus
2747 3156 2810 3198 ac
2838 3140 2889 3196 in
2929 3142 3141 3198 caeteris
3169 3139 3427 3198 Ecclesia:
3457 3139 3790 3211 doctoribus,

2101 3257 2148 3321 ρ
2181 3222 2505 3291 nonnullius.
2537 3243 2619 3291 est
2652 3234 2806 3307 pretii
2849 3233 3203 3292 eruditionem
3246 3233 3524 3305 profanam
3565 3252 3595 3291 a
3641 3250 3793 3292 sacra

2181 3325 2557 3401 suppellectili,
2575 3328 2887 3399 scriptorem
2909 3328 3173 3399 privatum
3198 3327 3265 3383 ab
3291 3335 3509 3384 auctore
3529 3325 3795 3385 catholico

2182 3421 2265 3479 vel
2291 3422 2639 3491 montanista,
2670 3437 2786 3479 rem
2813 3436 2967 3478 mere
2996 3420 3283 3477 literariam
3306 3428 3399 3477 aut
3436 3420 3739 3478 ltiStoricam
3762 3435 3795 3478 a

2180 3529 2369 3574 caussa
2398 3515 2697 3587 dogmatica
2722 3528 3026 3573 secernere.

2256 3610 2327 3666 At
2378 3607 2503 3681 quid
2533 3622 2743 3665 caussae
2779 3619 2923 3665 esset
2986 3622 3083 3665 cur
3141 3607 3210 3663 in'
3248 3603 3351 3665 hoc
3413 3605 3592 3679 operis
3648 3621 3796 3666 mere

2183 3703 2444 3776 patristici
2459 3702 2721 3774 prooemio
2736 3718 2798 3760 ac
2823 3702 2992 3777 primo
3015 3702 3197 3760 limine
3218 3703 3375 3760 diuin
3401 3702 3638 3776 Septimii
3671 3716 3796 3774 pro-

2187 3797 2307 3854 fana
2349 3798 2505 3855 laude
2530 3800 2813 3857 morarer?
2832 3799 3022 3856 Paucis
3055 3800 3212 3872 igitur
3232 3800 3507 3857 absolvam
3539 3800 3708 3871 qualis
3728 3800 3799 3856 sit

2188 3894 2394 3962 rhetor,
2426 3895 2823 3969 grammaticus,
2851 3893 3184 3965 dialecticus,
3218 3910 3312 3953 seu
3340 3894 3527 3952 formae
3557 3896 3798 3953 excultor

2190 3986 2465 4055 literarim,
2542 3987 2784 4060 qualisve
2848 3987 2920 4045 sit
2983 3986 3378 4060 philosophus,
3458 3986 3795 4062 philologus,

2193 4083 2568 4154 antiquitatum
2611 4082 2929 4155 indagator,
2992 4083 3337 4140 historiarum
3407 4090 3604 4150 tenax,
3663 4081 3800 4156 juris

2201 4180 2440 4250 peritus,
2483 4177 2631 4234 omni
2670 4179 3015 4237 scientiarum
3055 4192 3254 4251 genere
3298 4177 3796 4236 exercitatissimus.

2270 4273 2433 4328 Porro
2522 4272 2651 4344 quid
2729 4274 2796 4331 de
2866 4274 3034 4345 ipsius
3100 4271 3336 4340 dicendi,
3402 4271 3700 4329 disserendi
3746 4282 3802 4329 ct

2197 4367 2603 4439 argumentandi
2668 4383 2868 4440 genere
2930 4366 3269 4425 sentiendum
3316 4370 3405 4437 sit,
3458 4366 3615 4439 paulo
3666 4365 3801 4423 infra

2200 4460 2367 4518 babes
2415 4462 2686 4534 eleganter
2733 4472 2789 4519 et
2834 4462 3036 4519 diserte
3107 4477 3137 4519 a
3181 4461 3401 4518 doctiss.
3450 4461 3511 4517 D.
3568 4458 3803 4532 Lumpcr

2201 4555 2519 4628 explicatum
2552 4555 2651 4631 (l).
2676 4556 2849 4614 Pauca
2879 4566 3082 4613 tantum
3114 4555 3502 4627 adderejuvat,
3525 4570 3591 4631 ne
3607 4553 3804 4610 delica-

505 4648 793 4736 S’cpemlur
813 4644 1046 4717 ειιεβῖοίο
1069 4660 1136 4698 δη
1164 4640 1434 4713 “capiam
1460 4647 1550 4695 al“
1575 4637 1823 4709 ἀοοῖβοτθ
1849 4635 2035 4736 "emil-
2122 4619 2176 4681 D
2209 4651 2445 4707 tissimus
2466 4619 2634 4707 lector
2648 4666 2709 4707 ac
2730 4652 2992 4723 politioris
3013 4624 3566 4708 minervazstudiosior
3578 4647 3804 4705 salebris

574 4740 790 4799 Adbazc
804 4739 955 4813 quasi
987 4737 1277 4793 intrinseca
1309 4732 1641 4790 auctoritatis
1662 4732 1810 4804 signa
1837 4730 2099 4788 accedunt

501 4845 614 4897 tum
642 4835 874 4892 diversae
905 4841 1228 4902 temporum,
1268 4828 1531 4893 locorum,
1565 4824 1902 4908 digpitatum,
1934 4831 2098 4880 etete-
2132 4895 2149 4901 _

501 4945 684 5004 neque
710 4928 763 4984 in
794 4925 987 4996 quibus
1015 4932 1263 4980 auctores
1291 4921 1625 5004 scripserunt
1659 4918 2098 4989 circumstantia,

502 5002 615 5079 tum
645 5019 977 5094 potissimum
1019 5014 1151 5072 tanti
1205 5013 1360 5084 pretii
1408 5002 1660 5084 judicium
1705 5025 1813 5084 quo
1861 5011 2101 5069 Ecclesia

504 5116 799 5188 scriptores
824 5110 1087 5185 quosdam
1117 5107 1268 5164 titulo
1298 5105 1461 5163 tacito
1485 5105 1569 5162 vel
1591 5104 1817 5162 solemni
1839 5148 1854 5176 ,
1885 5107 2104 5179 speciali

501 5210 587 5270 vel
618 5205 1006 5281 Specialissimo
1033 5201 1297 5275 probatet
1322 5199 1602 5271 diiudicat.

578 5303 657 5361 Nc
698 5317 829 5361 vero
877 5303 1227 5357 amoveantur
1288 5303 1381 5352 aut
1434 5302 1758 5365 respuantur
1812 5293 2103 5367 scriptorcs

502 5404 767 5472 quotquot
826 5389 1215 5456 ecclesiastici,
1271 5389 1361 5461 qui
1428 5403 1669 5446 summos
1722 5402 1788 5445 ac
1837 5388 2106 5460 legitimos

507 5488 808 5549 sanctitatis
827 5487 1008 5559 apices
1035 5482 1273 5540 nondum
1306 5481 1505 5539 fuerint
1540 5481 1740 5553 adepti,
1764 5496 1864 5538 nec
1896 5489 2102 5539 rectum

506 5585 633 5643 fidei
656 5576 1301 5641 tramitemindeelinabili
1320 5580 1458 5649 pede
1498 5576 1773 5645 triverint;
1809 5588 1933 5634 cum
1961 5576 2107 5635 enim

578 5741 654 5816 (Ι)
693 5740 869 5816 "chr.
888 5740 931 5809 1,
962 5739 1013 5797 5.

578 5814 655 5885 (2⁷)
682 5816 796 5870 (101.
834 5814 898 5876 ll,
929 5816 983 5870 5.

574 5881 654 5965 (5)
682 5887 932 5946 Vincent.
969 5884 1132 5942 Lirin.
1166 5884 1464 5944 Commerui.
1502 5881 1565 5956 ll,
1600 5883 1689 5941 29.

2205 4741 2547 4799 Tertulliaute
2602 4741 2877 4799 latinitatis
2941 4741 3175 4801 oﬂ'endat
3222 4752 3277 4798 et
3333 4744 3550 4797 haereat.
3592 4737 3804 4797 Primus

2204 4834 2317 4891 fere
2341 4837 2577 4892 omnium
2611 4835 2970 4892 'l‘ertullianus
2996 4833 3241 4907 dogmata
3268 4834 3557 4890 traditurus
3574 4848 3636 4889 ac
3658 4849 3804 4907 mys-

2206 4930 2340 4986 teria
2364 4929 2638 5002 hucusque
2668 4931 2796 4986 latio
2824 4928 3060 4986 sermoni
3082 4942 3304 5000 prorsus
3342 4929 3540 5000 ignota,
3581 4925 3806 5000 proinde

2209 5039 2374 5082 novas
2426 5023 2701 5080 intrudere
2737 5022 2991 5079 formulas
3025 5037 3087 5078 ac
3116 5021 3350 5077 inaudita
3379 5018 3658 5088 vocabula,
3696 5019 3806 5076 sal-

2210 5129 2317 5177 tem
2381 5100 2493 5176 alio.
2531 5134 2693 5176 sensu
2772 5125 3021 5189 usurpata
3067 5116 3281 5189 potuit,
3346 5115 3452 5171 imo
3505 5125 3560 5171 et
3600 5113 3804 5172 debuit.

2210 5213 2539 5272 Nascebatur
2554 5229 2618 5271 ac
2637 5212 3021 5286 propemodum
3048 5213 3100 5269 in
3125 5208 3278 5269 cunis
3299 5209 3545 5283 vagiebat
3572 5206 3809 5265 latinitas

2210 5306 2298 5365 illa
2331 5308 2715 5375 ecclesiastica,
2746 5323 2864 5379 qum
2902 5320 3027 5362 suos
3067 5305 3134 5362 ab
3166 5304 3315 5360 initio
3356 5303 3539 5359 habuit
3582 5302 3807 5366 modos;

2209 5415 2335 5458 suas
2356 5401 2472 5457 sive
2494 5402 2545 5457 in
2564 5400 2740 5458 soluto
2766 5414 3035 5467 sermone,
3061 5399 3172 5454 sive
3189 5398 3240 5454 in
3274 5394 3575 5468 rbytbmico
3592 5394 3810 5453 modulo

2211 5495 2379 5567 leges;
2397 5494 2638 5566 apprime
2670 5490 2960 5551 tractandis
2987 5489 3299 5549 coelestibus
3336 5488 3689 5545 sacramentis
3717 5502 3810 5544 aco

2208 5586 2593 5658 commodatus,
2610 5586 2815 5657 habuit,
2841 5584 3034 5650 sanxit,
3055 5598 3116 5639 ac
3138 5581 3386 5639 servavit.
3409 5580 3614 5647 Quibus
3632 5588 3810 5636 autem

2205 5680 2552 5738 efformandis
2579 5699 2642 5741 ac
2664 5698 2759 5754 per
2775 5697 2865 5736 ora
2895 5677 3166 5734 hominum
3192 5673 3505 5746 evulgandis
3532 5671 3674 5729 haud
3701 5671 3815 5729 exi-

2204 5789 2306 5851 gua
2331 5788 2417 5832 est
2444 5776 2763 5840 Tertulliani
2792 5775 2907 5832 laus
2945 5772 3135 5829 mirum
3174 5770 3227 5826 in
3257 5767 3472 5828 modum
3501 5766 3809 5844 profuisse;

2286 5867 2363 5943 (li
2394 5865 2515 5928 Viti.
2549 5872 2706 5947 inlr.,
2733 5878 2771 5927 t.
2803 5866 2845 5941 l,
2887 5864 2989 5926 col.
3019 5859 3181 5927 89-
3204 5860 3294 5921 ss.
