4084 6344
523 352 597 414 ts
1324 312 1333 323 ’
2018 345 2126 404 ru.

2231 346 2406 404 ATIO.
3757 345 3830 410 16

595 471 730 529 Nam
772 478 878 527 tres
906 466 1027 524 ﬁdei
1057 464 1313 523 formulas
1353 444 1534 533 habet,
1565 477 1726 521 unam
1751 478 1977 536 eamque
2002 464 2122 520 bre-
2149 465 2202 526 Λ
2226 479 2387 533 opera
2416 471 2652 522 veterum
2684 464 2949 524 editormn
2973 465 3163 524 iterum
3191 465 3476 535 recensita,
3498 466 3565 525 ad
3593 466 3830 528 frontem

525 566 732 624 \‘iorcm
754 566 807 622 in
829 564 964 621 libro
990 564 1053 619 de
1086 559 1379 632 Virginibus
1404 560 1633 616 vetandis
1654 558 1981 632 (l),alteram
2007 559 2124 615 lon-

523 663 728 737 giorem
747 662 800 717 in
817 655 1296 728 Prwscriptionibus
1319 654 1691 712 Hareticorum
1717 653 1818 729 (Ξ),
1840 654 2047 712 tertiam
2070 663 2126 711 et

525 752 883 814 recentiorem
912 749 966 807 in
996 749 1085 806 lib.
1112 750 1354 805 adversus
1366 746 1740 820 Praxeam(3).

596 850 809 908 Primus
834 849 973 905 inter
1000 846 1242 912 Latinos,
1268 844 1535 917 quoslibet
1558 842 1828 902 nascentis
1868 841 2124 900 Ecclesite

525 943 710 1002 hostes
760 939 1039 1014 polemicis
1093 950 1146 996 et
1196 938 1543 1011 apologeticis
1586 936 1799 1009 scriptis
1841 951 2124 1010 aggressus

524 1034 918 1094 cst.Adversus
937 1034 1080 1091 enim
1107 1041 1294 1106 gentes
1318 1030 1531 1105 scripsit
1547 1040 1751 1104 septem
1778 1047 1915 1104 quos
1935 1032 2126 1089 inseri-

523 1131 730 1203 psimus
780 1129 1133 1202 Apologeticos
1177 1128 1354 1197 libros,
1418 1142 1612 1199 nempe
1662 1128 1800 1184 duos
1849 1128 2015 1184 libros
2056 1127 2125 1181 ad

524 1223 799 1290 Nationes,
828 1231 884 1278 et
917 1222 1301 1295 Apologeticum
1344 1234 1617 1292 magnum,
1652 1219 1795 1276 hunc
1830 1220 1895 1274 ad
1937 1219 2125 1291 praesi.

519 1319 639 1387 des,
673 1318 794 1374 illos
839 1316 906 1372 ad
948 1315 1158 1387 plebem
1189 1315 1450 1381 directos;
1499 1314 1628 1370 item
1656 1355 1672 1383 ,
1705 1312 1767 1367 de
1812 1310 2124 1368 Testimonio

520 1412 728 1479 animm,
757 1424 851 1467 seu
873 1407 1206 1480 Apologetici
1260 1416 1421 1479 caput
1457 1406 1524 1462 i7
1555 1405 1772 1462 uberius
1802 1413 2120 1471 tractatum;

520 1514 578 1562 ct
603 1503 791 1559 librum
813 1501 882 1556 ad
909 1500 1208 1574 Scapulam,
1237 1514 1343 1571 quo
1372 1499 1439 1556 de
1464 1497 1661 1569 iniusta
1686 1512 1751 1554 ac
1772 1497 1975 1554 crudeli
2001 1513 2126 1569 pcr-

522 1599 803 1657 seeutione
840 1596 1187 1670 conqueritur
1210 1604 1267 1651 et
1293 1594 1721 1652 Christianorum
1744 1593 1970 1651 virtutes
2002 1595 2124 1649 lau-

519 1691 679 1751 dibus
706 1691 865 1749 efl‘ert
893 1709 907 1747 :
940 1691 1136 1763 quibus
1163 1686 1448 1755 accedunt,
1491 1689 1560 1744 ad
1596 1688 1853 1763 Martyres
1884 1689 2124 1761 apologia

520 1786 591 1843 de
645 1784 887 1857 martyrii
938 1784 1132 1856 gloria,
1189 1782 1255 1838 ad
1312 1780 1643 1839 Christianos
1700 1782 1764 1837 de
1806 1782 2126 1852 Spectaculis

2228 557 2453 629 hujusce
2485 557 2613 615 tomi
2641 558 2822 617 affixa.

2299 652 2480 710 Altera
2499 664 2680 711 manet
2697 654 2972 726 integrior,
2989 670 3102 721 nec,
3114 656 3243 712 satis
3258 655 3590 735 celebranda
3614 655 3828 713 Tertul-

2226 743 2351 802 liani
2367 746 2504 814 laus,
2523 747 2741 803 moralis
2761 762 2955 819 nempe
2976 763 3038 805 ac
3057 747 3403 820 partenetica,
3422 764 3488 806 ex
3512 750 3692 806 multis
3711 749 3833 821 ejus

2228 839 2551 896 desnmenda
2574 841 2744 911 libris,
2771 842 2839 899 ad
2869 858 3048 900 mores
3068 843 3392 902 christianos
3415 845 3829 916 pertinentibus.

2227 934 2466 1005 Quoru’m
2505 936 2702 1008 duplex
2742 948 2825 995 est
2854 937 3064 996 series:
3096 939 3243 1011 prior
3272 948 3399 998 ante
3426 949 3734 1011 susceptum
3762 941 3834 1000 ab

2227 1038 2445 1086 auctore
2480 1031 2933 1101 montanismum,
2968 1033 3236 1104 posterior
3268 1033 3337 1090 ab
3376 1048 3443 1089 eo
3474 1033 3585 1106 jam
3624 1044 3835 1091 monta-

2229 1122 2366 1179 nista
2385 1122 2673 1195 descripta.
2717 1125 2885 1181 Porro
2903 1124 2958 1180 in
2981 1135 3206 1198 utraque
3224 1125 3288 1182 ad
3315 1127 3491 1182 vivum
3515 1128 3835 1199 exprimitur

2228 1216 2351 1273 vita:
2381 1218 2689 1274 christiana:
2718 1220 2995 1291 speculum
3035 1222 3149 1276 sive
3180 1220 3234 1277 in
3262 1221 3379 1292 ejus
3409 1222 3554 1278 fonte
3584 1225 3830 1294 perenni,

2229 1312 2471 1369 oratione
2509 1312 2715 1384 privata
2747 1324 2802 1370 et
2826 1312 3033 1385 publica
3064 1315 3142 1388 (l)
3167 1357 3184 1384 ,
3223 1315 3343 1371 sive
3376 1313 3430 1370 in
3468 1315 3583 1387 ejus
3621 1315 3838 1374 fluentis

2229 1405 2540 1474 uberrimis,
2570 1408 2928 1464 sacramentis
2953 1421 3147 1478 nempe
3164 1405 3267 1481 (Ξ),
3291 1408 3406 1464 sive
3432 1408 3484 1464 in
3512 1406 3680 1479 ipsius
3703 1409 3837 1471 aeti-

2230 1498 2332 1557 bus
2356 1501 2732 1558 communibus
2759 1501 2842 1574 (5)
2880 1511 2970 1558 aut
2997 1500 3453 1575 praestantissimis
3490 1501 3604 1575 (4),
3635 1502 3749 1561 sive
3779 1504 3835 1562 in

2229 1592 2418 1652 ritibus
2442 1594 2701 1667 liturgicis
2722 1595 2811 1668 qui
2838 1596 2887 1652 ei
2912 1605 3190 1654 externam
3218 1596 3440 1653 formam
3467 1597 3707 1654 efﬁciunt
3730 1598 3834 1675 (5),

2229 1687 2343 1744 sive
2390 1688 2442 1743 in
2504 1688 2739 1746 vitandis
2791 1688 2884 1745 ubi
2933 1690 3267 1760 periclitatur
3321 1691 3497 1748 anima
3544 1691 3838 1753 christiana

2232 1780 2439 1850 mundi,
2496 1782 2743 1840 carnisve
2769 1782 3039 1842 illecebris
3065 1784 3167 1859 (6),
3195 1795 3290 1842 aut
3314 1788 3668 1860 suscipiendis
3697 1790 3841 1851 unde

520 1882 859 1939 ethnicorum
879 1879 1141 1954 fugiendis
1157 1878 1481 1946 dehortatio,
1505 1878 1571 1936 ad
1587 1894 1777 1936 omnes
1793 1879 1908 1935 sive
1927 1878 2126 1936 Christi
2157 1876 2204 1938 Β
2232 1888 2295 1929 ea
2321 1875 2591 1932 reviviseit
2610 1877 2863 1948 operibus
2878 1876 2978 1951 (7),
3000 1887 3092 1934 aut
3111 1879 3354 1936 obeunda
3383 1897 3484 1954 qua
3511 1882 3842 1954 glorificatur

519 1974 636 2033 sive
675 1974 903 2032 deorum
949 1972 1188 2029 cultores
1223 1969 1292 2028 de
1315 1970 1623 2028 Idololatria
1647 1980 1703 2029 et
1725 1970 1913 2045 grandi
1965 1969 2127 2042 hujus

518 2071 762 2130 criminis
786 2072 1068 2144 gravitate.

589 2166 784 2224 Justini
811 2164 1137 2239 philosophi,
1164 2164 1355 2225 ἰτεηωί
1382 2169 1634 2242 martyris
1657 2178 1714 2226 et
1740 2168 1964 2229 aliorum
1994 2190 2128 2246 quo-

518 2280 638 2323 rum
661 2264 875 2322 nomina
893 2265 1010 2337 ipse
1030 2280 1145 2338 pra:
1159 2280 1220 2323 se
1235 2267 1359 2334 fert,
1374 2265 1596 2340 vestigia
1617 2269 1910 2339 insecutus,
1928 2270 2128 2329 Judtcis

518 2358 766 2415 Messiam
812 2373 845 2415 a
888 2358 1169 2432 prophetis
1203 2360 1521 2432 prtedictum
1562 2361 1849 2420 advenisse
1896 2363 2126 2420 demon-

517 2461 654 2510 strat
680 2452 784 2524 (4);
802 2466 1097 2525 omnesque
1114 2451 1424 2522 htereticos,
1439 2462 1551 2510 tum
1571 2457 1865 2526 generatim
1892 2455 1944 2514 in
1974 2457 2127 2513 Prat-

517 2544 910 2616 scriptionibns,
940 2559 1010 2602 ne
1048 2545 1166 2617 ipso
1207 2546 1426 2618 quidem
1455 2545 1710 2604 Montano
1756 2558 2014 2621 excepto,
2043 2549 2129 2620 ju-

518 2636 705 2709 gulat,
750 2646 862 2707 tum
912 2637 1194 2709 speciatim
1224 2681 1240 2708 ,
1286 2640 1544 2711 singulari
1589 2641 1744 2713 quasi
1787 2645 2126 2715 certamine,

520 2728 784 2786 confodit.
816 2730 952 2786 llinc
989 2729 1134 2788 enim
1179 2731 1510 2789 inconditam
1534 2733 1912 2792 Gnosticorum
1947 2746 2127 2795 catero

520 2839 642 2880 vam
670 2824 852 2881 decies
872 2826 1128 2897 exagitat,
1154 2826 1321 2883 vineit
1346 2836 1404 2883 et
1426 2829 1708 2886 contundit
1725 2832 1828 2905 (5),
1858 2847 1959 2889 nec
1988 2833 2130 2892 hanc

516 2919 711 2988 aciem,
740 2928 798 2975 nt
820 2918 1053 2989 videtur,
1086 2921 1189 2976 nisi
1217 2921 1375 2979 hoste
1396 2922 1512 2978 fuso
1538 2922 1849 2996 fugatoque,
1870 2926 1951 2982 vel
1978 2943 2130 2985 eme-

517 3012 655 3071 ritus
686 3020 1082 3085 veteranusque
1110 3013 1289 3082 miles,
1309 3013 1569 3072 deseruit.
1595 3016 1855 3077 Praxcam
1886 3020 2126 3092 insuper,

516 3110 605 3181 qui
628 3107 796 3164 Deum
820 3122 1010 3176 unum,
1025 3107 1120 3164 sed
1142 3122 1248 3164 non
1267 3108 1805 3183 trinum,.asserebat,
1822 3128 1924 3171 nec
1944 3131 2049 3173 non
2075 3126 2132 3175 et

517 3201 855 3271 Montanum,
882 3201 949 3257 ad
977 3216 1137 3273 quem
1163 3201 1544 3260 miserabiliter
1562 3204 1781 3275 defecit,
1804 3210 2132 3280 oppugnavit

518 3294 573 3350 in
606 3293 708 3351 hoc
732 3294 1045 3366 elegantiori
1086 3308 1150 3350 ac
1187 3295 1457 3365 pulchello
1477 3297 1541 3353 de
1571 3296 1880 3356 Pmnitentia
1908 3301 2124 3360 libello:

517 3386 881 3458 sophistarum
898 3384 1115 3442 demum
1131 3386 1332 3443 insulsa
1348 3387 1824 3462 philosophomena
1840 3393 1903 3448 de
1921 3394 2129 3468 Anima,

519 3479 780 3551 explodit.
828 3479 943 3536 lloc
989 3479 1257 3537 indefesso
1297 3479 1482 3540 labore
1541 3497 1606 3540 ac
1652 3482 1913 3557 perpe'tuo
1951 3498 2130 3545 certa-

518 3574 693 3639 mine,
735 3572 1030 3630 decertavit
1057 3573 1416 3633 Tcrtullianus
1448 3593 1462 3632 :
1494 3592 1758 3651 cumque,
1802 3589 1962 3638 tntate
2001 3598 2130 3656 pro-

517 3666 722 3725 vectior
746 3680 811 3723 ac
840 3665 1063 3724 vulnere
1081 3667 1368 3724 insanabili
1394 3668 1649 3741 afflictus,
1677 3672 1731 3728 in
1755 3672 1989 3730 Montani
2017 3692 2133 3747 par-

520 3770 601 3819 tes
644 3760 960 3829 desciisset,
1008 3760 1206 3817 nedum
1247 3760 1382 3817 nihil
1415 3763 1485 3819 ab
1538 3765 1742 3835 impetu
1791 3769 2128 3841 remitteret,

519 3853 696 3909 acrius
714 3868 834 3910 sese
856 3852 921 3908 ad
945 3853 1130 3924 prtulia
1153 3853 1389 3909 accinxit
1414 3868 1476 3911 ac
1501 3854 1604 3911 sibi
1632 3856 1835 3916 dixisse
1857 3861 2004 3919 visus
2023 3872 2127 3921 est:

519 3945 615 4003 Van
646 3946 776 4002 mihi
806 3946 853 4001 si
876 3960 982 4001 non
1011 3945 1378 4002 dimicavero!

594 4037 807 4093 Primus
838 4037 1035 4107 iterum
1065 4036 1153 4093 hic
1180 4037 1362 4094 latinis
1390 4040 1611 4099 auribus
1639 4041 1787 4101 dedit
1822 4048 2131 4106 auscultan-

478 4186 483 4191 .
521 4132 649 4187 dum
673 4147 736 4186 ac
762 4130 1035 4187 luculento
1060 4146 1313 4188 sermone
1338 4135 1718 4192 concinnatum
1739 4138 1805 4195 de
1827 4156 1887 4196 re
1907 4141 2131 4215 dogma-

522 4223 621 4280 lien
651 4227 700 4279 in
732 4223 913 4295 specie
946 4222 1197 4280 disrineta
1229 4232 1533 4309 tractatum.
1560 4229 1707 4285 Adeo
1740 4246 1865 4290 vero
1895 4234 1947 4289 in
1980 4235 2130 4293 hisee

523 4316 860 4389 dogmatibus
887 4316 1111 4375 seorsim
1139 4317 1396 4391 sumptis,
1426 4312 1709 4391 excelluit,
1746 4333 1824 4392 ut,
1855 4327 2027 4384 ausim
2056 4328 2128 4384 di-

520 4425 686 4477 cere,
745 4409 1155 4467 decurrentibus
1207 4412 1261 4467 in
1314 4413 1640 4471 immensum
1724 4418 1922 4485 annis,
1988 4421 2125 4479 nihil

520 4504 827 4561 adlmcdum
851 4502 1115 4575 prodiisse
1136 4506 1227 4576 qui
1248 4505 1561 4563 Tertulliani
1585 4508 1747 4566 libros
1766 4510 1833 4568 de
1858 4511 2122 4584 Oratione,

522 4597 593 4654 de
626 4596 889 4669 Baptismo
907 4639 923 4664 ,
952 4596 1017 4652 de
1044 4594 1383 4665 Pwnitentia,
1404 4599 1467 4654 de
1497 4597 2125 4678 Patientia,eceterosque

2231 1966 2474 2039 martyrii
2512 1978 2734 2024 cruenta
2779 1970 3027 2041 palaestra
3065 1968 3170 2044 (8).
3214 1971 3473 2044 Equidem
3502 1972 3556 2030 in
3586 1973 3669 2029 his
3695 1984 3839 2031 trac-

2231 2061 2409 2117 laudis
2450 2062 2782 2135 frequentius
2812 2064 2948 2121 ultra
2971 2065 3168 2121 limites
3196 2065 3462 2139 legitimos
3489 2068 3751 2141 abripitur
3777 2070 3847 2128 ri.

2231 2155 2407 2226 gidior
2441 2160 2785 2216 montanisue
2822 2160 3119 2231 asperitas;
3158 2167 3214 2216 at
3253 2170 3410 2217 caute
3445 2161 3617 2218 errori
3656 2161 3844 2220 latenti

2232 2252 2285 2307 in
2347 2251 2547 2308 nostris
2610 2251 2764 2308 libris
2812 2252 3085 2324 provisum
3135 2260 3238 2309 est.
3300 2253 3566 2312 f‘ru‘tcrea
3624 2255 3844 2314 nonnisi

2232 2344 2638 2402 effervescentis
2667 2346 2898 2418 ingenii,
2927 2346 2993 2402 ad
3035 2362 3226 2420 magna
3257 2348 3539 2405 excitamis
3584 2365 3649 2406 ac
3677 2366 3846 2408 com-

2232 2453 2449 2495 munem
2497 2437 2778 2496 hominum
2835 2438 3051 2497 modum
3101 2441 3426 2510 excedentis,
3463 2442 3692 2515 impetus
3725 2444 3843 2517 ple-

2229 2548 2457 2604 rumque
2486 2530 2757 2588 notandus
2784 2541 2888 2589 est.

2305 2624 2513 2681 [labeas
2548 2623 2709 2697 igitur
2735 2624 2893 2682 velim
2923 2625 3346 2687 Tenwumsuu
3378 2647 3443 2689 ex
3475 2631 3587 2688 suis
3614 2639 3847 2689 tantum-

2233 2716 2396 2773 modo
2426 2715 2635 2789 scriptis
2675 2733 2739 2775 ac
2774 2720 2893 2776 solo
2925 2723 3180 2792 peculiari
3219 2739 3358 2795 penu
3387 2725 3845 2781 commendatum.

2233 2812 2624 2873 Commendant
2644 2830 2766 2871 eum
2798 2825 3060 2887 praeterea
3083 2817 3199 2875 hare
3225 2819 3399 2889 prisca
3424 2819 3616 2891 quibus
3642 2817 3849 2876 scribe-

2233 2908 2324 2965 bat
2345 2916 2607 2981 tempora,
2629 2909 2832 2981 primus
2855 2912 2994 2968 inter
3015 2913 3199 2982 Afros,
3228 2912 3370 2970 inter
3399 2914 3620 2971 Latinos
3641 2913 3845 2987 primus

2232 3017 2356 3080 post
2383 3006 2670 3064 Pontifices
2710 3008 3014 3076 Romanos,
3060 3010 3149 3083 qui
3190 3011 3404 3084 agnitus
3443 3013 3635 3069 saltem
3676 3012 3747 3069 sit
3791 3020 3854 3070 et

2233 3111 2518 3169 servatus;
2547 3101 2721 3159 fausta
2746 3102 3055 3160 docentium
3087 3113 3142 3162 et
3162 3103 3546 3177 discipulorum
3578 3115 3843 3178 tempora,

2234 3209 2357 3252 cum
2396 3196 2450 3252 in
2483 3211 2623 3253 novo
2648 3196 3074 3254 Christianorum
3116 3200 3321 3255 semine
3361 3200 3591 3257 ferveret
3621 3198 3848 3257 calidior

2154 3276 2202 3341 C
2235 3287 2434 3346 Christi
2462 3298 2519 3345 et
2544 3298 2841 3363 martyrum
2864 3274 3245 3364 sanguis,.cum
3262 3293 3555 3348 adlmcdum
3573 3292 3846 3366 Apostolo-

2236 3400 2352 3438 rum
2378 3399 2475 3438 voa:
2498 3393 2700 3440 sonaret
2727 3399 2788 3439 ac
2817 3394 3265 3460 repra’sentargtur
3289 3387 3463 3459 facies,
3487 3401 3609 3441 cum
3630 3386 3847 3441 authen-

2238 3480 2351 3532 ticat
2375 3493 2545 3534 eorum
2573 3479 2736 3535 litera:
2753 3480 2925 3550 palam
2955 3481 3293 3536 recitarentur
3323 3479 3424 3553 (9).
3453 3479 3846 3538 Commendant

2237 3584 2359 3627 eum
2379 3582 2434 3628 et
2457 3572 2586 3630 urbs
2601 3572 2848 3645 patria‘ac
2866 3573 3104 3630 Ecclesia
3132 3574 3286 3646 cujus
3313 3576 3516 3646 primus
3542 3574 3663 3644 fuit,
3681 3590 3848 3647 quem

2236 3665 2545 3721 noverimus
2571 3706 2587 3732 ,
2635 3666 2928 3733 sacerdos;
2974 3667 3284 3740 Carthago,
3333 3678 3390 3723 ut
3431 3669 3626 3725 aemula
3669 3669 3848 3726 Roma

2235 3754 2445 3823 victrix,
2473 3757 2554 3812 sic
2572 3772 2599 3811 a
2625 3755 2730 3813 fide
2752 3757 2982 3827 devicta,
3006 3768 3110 3814 uta
3134 3759 3293 3832 Petro
3318 3759 3511 3829 Roma,
3538 3761 3616 3816 sic
3634 3774 3665 3815 a
3691 3760 3847 3817 Petri

2234 3847 2512 3921 discipulis
2532 3850 2822 3921 acquisita;
2846 3866 3005 3918 nova,
3029 3851 3072 3907 si
3100 3850 3201 3920 vis,
3232 3860 3290 3908 at
3308 3868 3526 3909 suorum
3554 3851 3846 3910 infantium

2229 3941 2343 4013 jam
2387 3942 2516 4000 felix
2559 3951 2732 4000 mater
2758 3953 2813 4001 et
2862 3946 3170 4012 exsultans;
3211 3945 3371 4018 quain
3421 3946 3583 4002 modo
3627 3946 3845 4004 nobiles

2235 4044 2419 4107 partus
2455 4037 2570 4092 orbi
2615 4037 3023 4102 renuntiarunt,
3074 4047 3183 4094 tum
3224 4037 3485 4111 Martyres
3521 4039 3840 4111 Scyllitani,

2233 4138 2344 4185 tum
2369 4128 2671 4200 Perpetem,
2690 4128 2984 4187 Felicitatis
3003 4139 3057 4186 et
3075 4131 3346 4187 sociorum
3367 4148 3581 4204 agmen,
3605 4148 3841 4205 quorum

2231 4220 2521 4293 Septimius
2535 4231 2719 4279 noster
2733 4221 3281 4291 fuitcomvus,imo,ut
3303 4224 3621 4297 quibusdam
3636 4225 3840 4297 placet,

2233 4314 2385 4369 testis
2411 4312 3017 4388 etencomiastes(10).
3051 4315 3418 4372 Ecclesiahaec
3431 4314 3520 4372 diu
3551 4317 3843 4377 sanctitate

2231 4407 2432 4463 florens
2471 4417 2524 4465 et
2558 4407 2801 4465 doctrina
2835 4408 3073 4464 virorum
3107 4409 3207 4467 sibi
3239 4426 3271 4466 a
3302 4410 3636 4469 Tcrtulliano
3662 4413 3841 4469 conti-

2231 4516 2338 4559 nuo
2364 4502 2788 4573 succedentium,
2814 4503 2954 4559 haud
2981 4519 3139 4562 secus
3167 4520 3231 4562 ac
3255 4508 3299 4561 si
3331 4505 3621 4563 hicNoster
3641 4520 3837 4565 eorum

2230 4596 2445 4669 ingenia
2476 4598 2822 4667 excitaverit,
2853 4614 3047 4656 manus
3072 4599 3138 4656 ad
3171 4600 3415 4672 prtelium
3443 4601 3711 4671 docuerit,
3743 4617 3839 4659 or-

522 4707 659 4764 qttos
689 4689 1017 4763 dogmalicos
1060 4689 1433 4749 inscribendos
1482 4694 1810 4769 censuimus,
1840 4713 2122 4771 superasse
2145 4682 2202 4747 D
2229 4688 2383 4746 dines
2406 4691 2471 4746 ad
2502 4690 2671 4748 aciem
2700 4691 3035 4760 instruxerit,
3064 4692 3249 4766 eisque
3275 4709 3493 4762 novum,
3516 4695 3681 4752 veluti
3704 4695 3838 4752 belli

523 4785 720 4842 merito
751 4783 1110 4841 existimetur.

595 4877 807 4935 interea
854 4875 995 4933 haud
1046 4875 1255 4934 inficias
1305 4876 1396 4935 iho
1437 4878 1522 4937 vel
1567 4879 1769 4952 ortima
1810 4882 2125 4943 Tertulliani

523 4973 723 5044 scripta
767 4971 893 5029 hinc
934 4980 990 5031 et
1036 4970 1163 5030 inde
1205 4971 1439 5044 plurimo
1485 4975 1788 5047 sphalmate
1851 4980 2123 5052 laborare,

524 5069 692 5127 multa
729 5067 850 5125 labe
888 5081 1161 5125 venenosa
1190 5065 1395 5125 foedari.
1426 5068 1562 5139 Quae
1587 5086 1707 5127 eum
1736 5073 1941 5145 optimo
1963 5084 2018 5133 et
2045 5089 2128 5133 sa-

520 5162 683 5222 lutari
717 5161 963 5220 antidoto
1006 5162 1347 5235 aliquatenus
1388 5174 1572 5222 sanata
1594 5205 1611 5234 ,
1640 5165 1822 5224 videas
1850 5169 2032 5239 velim,
2058 5184 2127 5227 cx

598 5341 676 5414 (l)
708 5340 841 5414 Cap.
872 5340 948 5414 1,
968 5347 1008 5397 t.
1037 5338 1240 5414 ll,,col.
1268 5340 1399 5400 888.

618 5413 677 5487 2)
712 5413 978 5487 Capt”),
1001 5423 1048 5487 _t_.
1081 5413 1271 5487 ll,reol.
1303 5414 1398 5487 26.

623 5484 679 5557 5)
698 5484 909 5557 Fami,
924 5494 976 5557 ﬁt.
1000 5484 1066 5557 lli.
1085 5486 1191 5557 col.
1213 5485 1365 5557 _156.

597 5555 790 5630 (§)C7f.'
816 5555 983 5630 G._ﬂ.
1029 5555 1448 5630 Seharﬂepbt‘rg
1494 5571 1766 5618 comment.
1824 5564 2115 5624 Academia.

522 5629 587 5711 de
608 5626 1179 5711 JustinotTer'tt’tllliano
1199 5639 1248 5711 et
1267 5626 1525 5701 Cypriane
1547 5635 1662 5689 adv.
1694 5634 1905 5694 Judazos
1927 5639 2116 5711 disput.

520 5700 696 5757 Lttnd.
729 5699 888 5758 Goth.
914 5698 1077 5762 1820,
1107 5698 1271 5756 iit-4°.

597 5774 677 5847 (5)
706 5773 761 5847 In
791 5773 915 5847 libr.
947 5770 1243 5847 scorpium,
1294 5773 1411 5847 mlo.
1439 5774 1727 5844 (inosticos,
1755 5780 1873 5834 adv.
1898 5780 2120 5839 Ilermo-

518 5840 670 5924 gem,
687 5840 1099 5924 adu._M_arcion.
1130 5840 1275 5924 y;—
1287 5845 1531 5924 adversus
1556 5840 2041 5924 Valentinianos;——
2056 5856 2123 5914 de

516 5912 684 5977 Carne
708 5915 919 5988 Christi;
938 5943 1010 5961 -—
1033 5914 1099 5975 de
1118 5912 1506 5977 Resurrcctione
1530 5924 1718 5982 carnis.

2233 4796 2492 4845 tesseram
2514 4828 2529 4857 ,
2570 4788 2851 4858 indiderit,
2881 4788 3258 4861 effinxeritque
3279 4790 3569 4863 eloquium,
3617 4791 3669 4846 in
3718 4800 3837 4849 toto

2232 4882 2487 4954 deinceps
2535 4880 2855 4940 occidentali
2912 4883 3045 4939 orbe
3098 4882 3390 4939 christiano
3442 4884 3830 4957 evulgandum.

2228 4974 2625 5032 Commendant
2672 4988 2796 5031 eum
2844 4982 2905 5031 ct
2964 4971 3063 5032 viri
3117 4977 3444 5033 sanctissimi
3509 4977 3834 5049 quibuscum

2230 5068 2394 5129 simul
2422 5067 2602 5139 deguit
2626 5105 2642 5136 ,
2681 5076 2773 5124 aut
2812 5075 3164 5127 conversatus
3192 5080 3275 5127 est
3298 5111 3316 5140 ,
3346 5080 3438 5128 aut
3464 5071 3786 5129 necessitate
3810 5112 3831 5142 ,

2304 5207 2386 5281 (1)
2412 5206 2526 5281 Lib.
2551 5206 2616 5281 de
2654 5207 2921 5281 pratione.

2298 5279 2384 5356 (2)
2412 5279 2527 5356 Lib.
2557 5280 2621 5336 de
2643 5279 2930 5356 Baptistae,
2958 5282 3022 5356 tle
3051 5281 3377 5350 Pmnitentia,
3407 5285 3471 5341 de
3505 5284 3827 5356 Euclmrist.,

2228 5349 2321 5415 lib.
2346 5353 2410 5407 de
2433 5349 2622 5407 Coron.
2648 5349 2829 5421 Miliu,
2860 5354 2925 5409 de
2952 5354 3274 5419 Matrimon..
3301 5349 3392 5414 lib.
3410 5358 3480 5413 ad
3514 5357 3677 5414 Uxor.

2325 5421 2379 5499 5)
2398 5423 2477 5499 ρο
2504 5422 2785 5499 Patientia,
2813 5426 2877 5481 tle
2902 5424 3055 5487 Cultu
3084 5429 3349 5499 (remittat.

2325 5493 2378 5625 ἓ)
2404 5495 2485 5552 De
2525 5495 2663 5567 Virg.
2694 5498 2793 5555 vel.

2366 5570 2384 5638 )
2416 5568 2496 5624 De
2518 5566 2668 5623 Orat.

2468 5584 2496 5624 e
2518 5584 2668 5623 urat.

2326 5641 2382 5713 6)
2410 5638 2488 5713 De
2508 5640 2744 5713 Samae.

2297 5710 2380 5787 (ἶ)
2408 5710 2491 5787 De
2513 5711 2895 5787 Pisciumque
2922 5710 3099 5787 Jejun.

2328 5781 2383 5855 8)
2410 5783 2491 5857 ῥά
2516 5783 2765 5857 Μανιυνρ,
2792 5783 2978 5857 Scorp.

2326 5853 2809 5931 9)_De‘P_rtpsbript:
2837 5853 3075 5931 cap._56,
3100 5866 3139 5913 t.
3171 5857 3239 5926 ll,
3261 5860 3362 5917 col.
3379 5861 3468 5917 49.

2328 5926 2419 6005 10)
2448 5925 2531 5987 Cf.
2544 5925 2754 5993 Disserf.
2770 5926 2826 5989 1.
2842 5925 2910 5987 AL
2925 5926 3180 5996 Noesselt,
3200 5934 3358 6009 infra,
3374 5942 3413 5988 t.
3435 5931 3475 6005 I,
3492 5933 3818 6008 col.85,sqq.
