4082 6338
1977 163 2006 188 /

510 351 586 414 ιο
1965 347 2354 409 ramum.
3759 360 3838 428 so

515 488 788 560 degmata,
821 482 1050 542 eruditio
1083 497 1212 540 vero
1237 481 1304 540 ad
1337 495 1401 541 ea
1440 497 1563 556 quae
1607 489 1732 540 tunc
1774 481 1829 540 in
1876 482 2117 542 Ecclesia
2143 463 2198 527 Α
2231 558 2240 560 _
2297 462 2422 521 Ηωο
2448 477 2578 560 ergo
2591 463 2836 524 Εσεῖθεῖθ
2851 466 3829 551 υηαυθροειοὶῖοθιοαιίιοιίοθιεθηοίαι

516 583 602 654 agi
627 581 892 648 solebant,
933 594 1030 636 seu
1042 577 1124 635 -ad
1156 593 1246 635 res
1270 577 1568 650 disciplinae
1596 577 1876 636 referenda
1903 588 2004 637 est.

587 673 667 732 Ne
693 673 748 730 in
774 672 1098 730 immensum
1119 669 1235 729 hare
1262 671 1459 743 praevia
1488 671 1688 728 monita
1719 683 2120 741 crescant,'non

514 778 760 827 nostrum
789 775 881 824 ρει·
894 767 1007 823 haec
1032 767 1305 840 sigillalim
1333 765 1640 834 decurrere,
1656 781 1755 824 nec
1773 765 1840 824 ad
1861 769 2118 824 amussim

517 863 698 920 omnia
729 861 797 918 ab
827 876 892 918 eo
920 869 1066 918 recte
1095 870 1184 917 aut
1214 868 1465 932 proterve
1493 860 1634 917 dicta
1665 876 1967 928 recensere,
2003 877 2122 934 qua:

517 959 635 1016 sive
673 957 741 1014 ad
767 956 1036 1029 exegesim
1072 970 1282 1013 sacram
1306 997 1323 1026 ,
1353 957 1469 1013 sive
1499 955 1566 1012 ad
1595 956 1973 1029 dOgmaticam,
2005 971 2124 1013 mo-

515 1051 756 1110 ralemve
803 1050 1147 1124 theologiam,
1196 1051 1309 1107 sive
1356 1051 1423 1106 ad
1464 1050 1601 1106 ritus
1648 1063 1896 1107 moresve
1933 1049 2124 1107 Eccle-

520 1147 637 1214 sim,
667 1155 1074 1217 temporumque
1102 1157 1167 1200 ac
1194 1137 1504 1216 opinionum
1532 1142 1816 1200 historiam
1853 1150 2118 1215 spectant.

589 1241 855 1297 Nonnulla
904 1248 1107 1296 tantum
1148 1239 1418 1312 praecipua
1462 1238 1721 1294 doctrinm
1747 1238 2122 1296 Tcrtullianea:

517 1335 712 1406 capita,
742 1333 1163 1408 gravissimaque
1199 1331 1440 1403 ejusdem
1473 1341 1670 1399 errata,
1705 1334 2011 1388 summatim
2041 1332 2125 1388 in-

517 1427 791 1500 digitauda
820 1434 985 1496 sunt,
1015 1441 1080 1483 ac
1109 1426 1388 1483 excitanda
1419 1425 1712 1498 insigniora
1742 1425 1858 1498 ejus
1898 1439 2121 1497 operum

515 1523 656 1589 loca,
676 1538 808 1595 qua:
839 1522 1176 1594 potissimum
1203 1521 1259 1578 in
1285 1521 1558 1594 exegetico,
1589 1520 1894 1592 dogmatieo,
1917 1519 2119 1586 morali,

520 1615 760 1688 liturgico
789 1622 846 1671 et
885 1615 1100 1670 ascetico
1142 1629 1242 1670 usu
1295 1615 1537 1682 veniunt,
1592 1627 1698 1686 quo
1727 1613 1794 1668 ad
1821 1623 1884 1669 ea
1915 1613 2125 1685 plenius

519 1708 942 1780 introspicienda
967 1723 1087 1765 sese
1107 1707 1336 1764 alacrior
1361 1707 1604 1780 accingat
1643 1706 1886 1779 quisquis
1919 1705 1998 1762 rei
2028 1720 2125 1778 pa-

523 1805 744 1860 tristictc
770 1803 979 1871 studet,
1012 1819 1076 1859 ac
1105 1803 1404 1874 praesertim
1427 1800 1731 1872 junioribus
1759 1798 2042 1871 theologia:
2071 1807 2125 1856 et

2229 558 2544 616 immortalis
2571 573 2635 616 ac
2661 559 2907 630 visibilis,
2937 574 3032 617 seu
3060 561 3321 630 Romana,
3355 566 3440 622 cui
3462 565 3550 638 jus
3577 573 3833 641 competit

2227 650 2456 708 docendi
2493 665 2683 710 omnes
2725 663 2934 724 gentes,
2963 667 3118 710 suam
3163 653 3232 710 ab
3278 671 3389 713 uno
3427 657 3610 728 fonte,
3663 663 3832 721 verbo

2227 744 2324 802 Dei
2345 759 2559 817 nempe,
2591 745 2705 802 sive
2730 746 2950 819 scripto,
2979 747 3094 804 sive
3120 747 3336 818 tradito,
3364 749 3666 810 doctrinam
3691 757 3832 813 acci-

2229 840 2326 910 pit.
2349 838 2521 896 Porro
2549 840 2616 896 ad
2647 855 2766 897 eam
2789 841 2914 912 jure
2935 841 3154 914 proprio
3183 845 3414 914 pertinet
3451 855 3564 904 tum
3586 849 3832 910 traditio-

2226 948 2326 990 nes
2353 933 2688 1006 dignoscere,
2713 935 3035 995 confirmare
3055 944 3111 994 et
3128 939 3359 1011 sancire,
3390 949 3500 998 tum
3531 942 3834 1018 Scriptores

2229 1041 2520 1100 earumque
2559 1029 2987 1103 inspirationcm,
3018 1031 3520 1106 interpretationem
3559 1048 3614 1095 et
3665 1054 3834 1098 cano-

2228 1137 2352 1198 nem
2401 1131 2660 1180 statuere.
2697 1123 2797 1180 Ubi
2823 1126 2958 1181 enim
2997 1128 3294 1200 apparuerit
3332 1145 3441 1186 esse
3483 1132 3744 1191 ueritatem
3785 1143 3836 1196 et

2229 1215 2514 1288 disciplima
2529 1227 2576 1272 ct
2591 1216 2713 1288 [idei
2733 1218 3044 1288 christiana,
3061 1219 3170 1276 illic
3189 1221 3283 1276 erit
3298 1223 3500 1278 'veritas
3531 1224 3836 1298 Scriptura-

2227 1325 2342 1365 rum
2381 1320 2426 1366 et
2470 1312 2862 1384 expositionum,
2896 1322 2944 1368 et
2968 1314 3196 1370 omnium
3245 1316 3576 1374 traditionum
3602 1321 3838 1380 christia-

2229 1419 2415 1459 narum
2441 1403 2582 1475 (Lib.
2613 1405 2676 1460 de
2701 1404 3022 1477 Prwscript.,
3055 1423 3174 1480 cap.
3199 1407 3288 1477 19,
3321 1417 3360 1464 t.
3388 1410 3453 1480 ll,
3484 1411 3584 1467 col.
3618 1414 3735 1487 5|).

2303 1497 2477 1554 Pauca
2517 1498 2717 1557 addere
2744 1510 2828 1557 est
2857 1501 2922 1558 iis
2947 1515 3067 1572 qua:
3113 1509 3274 1558 antea
3318 1502 3388 1560 de
3436 1503 3836 1578 Scripturarum

2229 1592 2589 1664 inspiratione,
2640 1593 2957 1666 plenitudine
2995 1594 3285 1664 adoranda,
3337 1599 3630 1670 aposmiica
3677 1603 3840 1661 inter-

2183 1705 2190 1714 ·
2231 1688 2514 1759 pretatione
2536 1701 2600 1743 ac
2626 1687 2868 1761 legitimo
2891 1705 3106 1760 canone,
3135 1705 3199 1748 ex
3227 1689 3559 1752 Tertulliano
3579 1695 3835 1770 diximus;

2231 1781 2641 1851 tantummodo,
2689 1797 2814 1839 eum
2865 1782 3067 1841 debere
3095 1799 3218 1841 esse
3247 1785 3506 1846 librorum
3560 1805 3838 1850 sacrorum

521 1895 836 1968 patrologiac
876 1894 1173 1951 candidatis
1203 1895 1365 1950 tutior
1387 1892 1795 1965 expeditiorque
1821 1892 1903 1948 via
1925 1902 2123 1963 pateat.
2157 1887 2206 1952 B
2235 1892 2406 1946 mum.
2435 1886 2492 1932 ιιι
2515 1875 2780 1945 “incudi
2825 1875 3098 1948 Parabons
3126 1877 3428 1950 abutentes:
3473 1897 3576 1938 ηοη
3600 1884 3840 1959 efﬁngam

599 1991 741 2046 Ante
772 1989 952 2044 omnia
984 1988 1113 2043 illud
1139 1988 1292 2058 plena
1316 2001 1452 2044 voce
1473 1985 1729 2058 praedicat
1777 1986 2125 2042 Tauranus-

522 2099 641 2151 NUS,
680 2091 851 2138 totum
884 2081 1010 2138 fidei
1039 2081 1349 2138 christiana:
1385 2079 1673 2137 mdilicium
1727 2080 1784 2136 in
1813 2080 2153 2136 ﬁrmissima-

521 2176 751 2233 veritate
780 2175 1055 2243 historica,
1085 2189 1149 2230 ac
1194 2173 1500 2230 veneranda
1531 2173 1836 2229 traditionis
1888 2173 2125 2229 auctori-

520 2279 635 2327 tate
695 2271 1031 2331 suhsistere.
1055 2268 1183 2326 Haec
1210 2278 1336 2325 sunt
1375 2268 1519 2325 enim
1556 2267 1917 2324 ineluctabilia
1960 2267 2121 2336 facta,

521 2364 738 2434 quibus,
758 2363 904 2418 velut
919 2377 1067 2418 mnea
1085 2370 1272 2431 catena
1286 2375 1350 2418 ac
1369 2376 1552 2430 aurea,
1581 2371 1689 2418 tota
1718 2376 1807 2417 res
1832 2361 2124 2417 christiana

523 2455 724 2528 pendet
772 2457 957 2512 :Deus
1003 2456 1164 2512 Pater.
1211 2455 1378 2512 mittit
1427 2453 1622 2512 Filium
1665 2469 1823 2510 suum
1873 2455 1924 2510 in
1981 2454 2125 2511 hunc

520 2549 806 2617 mundum,
837 2559 892 2604 ut
921 2548 1218 2605 Ecclesiam
1273 2547 1625 2605 christianam
1673 2547 1922 2604 aediﬁcet.
1966 2547 2124 2604 Jesus

525 2641 772 2700 Christus
819 2641 887 2698 ad
927 2641 1069 2698 hunc
1121 2641 1370 2698 eumdem
1417 2642 1578 2698 tinem
1631 2640 1792 2697 mittit
1833 2642 2124 2714 Apostolos

519 2751 670 2806 suos,
704 2745 759 2792 et
785 2735 940 2791 docet
968 2734 1088 2791 illos
1109 2735 1362 2792 veritates
1388 2750 1576 2792 omnes
1597 2750 1718 2807 qua:
1738 2733 1862 2792 huic
1885 2734 2123 2792 aedifica-

526 2830 661 2886 tioni
724 2827 1136 2888 fundamentum
1193 2829 1540 2900 suppeditant
1593 2838 1648 2885 et
1707 2828 2121 2886 incrementum.

519 2923 766 2996 Apostoli
798 2931 1075 2996 acceptam
1103 2938 1134 2990 ᾳ
1157 2922 1392 2979 Domino
1417 2909 1722 2980 doctrinam
1759 2921 1977 2978 tradunt
2001 2937 2123 2979 om-

445 3077 448 3080 .
519 3019 680 3075 nibus
725 3017 794 3074 ad
839 3033 974 3090 quas
1028 3017 1312 3074 mittuntur
1362 3017 1642 3075 Ecelesiis.
1699 3017 1954 3074 Ecclesia:
2007 3018 2124 3075 istae

521 3109 1044 3168 tenentfirmissime
1074 3111 1219 3168 illam
1253 3111 1638 3183 Apostolorum
1689 3109 2010 3178 doctrinam,
2059 3127 2124 3170 ac

519 3207 732 3262 caeteris
783 3205 1200 3272 communicant,
1237 3221 1358 3278 qua:
1409 3205 1790 3277 Apostolorum
1853 3207 2121 3263 neminem

2230 1971 2372 2042 ipsas
2425 1971 2667 2026 materias
2717 1970 3089 2040 doctrinarum,
3145 1985 3248 2028 nec
3281 1973 3440 2046 igitur
3465 1973 3535 2032 ad
3583 1993 3669 2034 eas
3718 1996 3842 2052 pro-

2231 2075 2449 2135 vocetur,
2485 2081 2576 2122 nec
2602 2066 2655 2121 in
2684 2065 2762 2121 his
2791 2067 3128 2122 constituatur
3156 2076 3430 2135 certamen,
3455 2071 3508 2126 in
3533 2072 3714 2142 quibus
3745 2084 3838 2132 aut

2229 2160 2393 2230 nulla,
2420 2169 2508 2214 aut
2532 2161 2724 2215 incerta
2755 2161 2966 2232 victoria
2995 2171 3088 2230 est,
3123 2172 3212 2217 aut
3233 2180 3330 2235 par
3351 2163 3558 2222 incerta:
3583 2166 3834 2240 (Pra'scr.

2229 2253 2320 2321 19,
2345 2263 2383 2307 t.
2398 2253 2462 2322 ll,
2479 2255 2580 2309 col.
2595 2254 2711 2327 Si):
2728 2253 3141 2311 examinandum
3163 2256 3214 2311 in
3231 2257 3417 2328 primis
3437 2271 3558 2316 esse
3578 2261 3840 2333 cujussint

2231 2343 2534 2417 Scripturae,
2563 2363 2595 2400 a
2616 2363 2736 2419 quo,
2763 2356 2810 2401 et
2849 2363 2938 2418 per
2963 2363 3112 2420 quos,
3144 2357 3192 2403 et
3219 2350 3448 2420 quando,
3477 2359 3523 2406 et
3545 2353 3730 2425 quibus
3771 2357 3842 2412 sit

2229 2439 2420 2495 tradita
2459 2440 2753 2510 disciplina,
2779 2456 2883 2512 qua
2909 2442 3037 2510 ﬁunt
3066 2438 3388 2511 Christiani;
3431 2443 3599 2502 Deum
3625 2449 3838 2520 permi-

2228 2532 2382 2600 sisse,
2403 2533 2512 2588 imo
2533 2533 2745 2588 voluisse
2768 2549 2826 2588 eo
2846 2533 2998 2589 modo
3023 2533 3297 2606 dispositas
3319 2535 3631 2610 Scripturas,
3651 2551 3705 2596 ut
3724 2542 3839 2598 haz-

2227 2627 2396 2682 reticis
2424 2628 2660 2682 materias
2679 2626 3138 2696 subministrarem,
3166 2629 3254 2700 qui
3285 2631 3393 2687 sine
3422 2632 3700 2705 Scripturis
3723 2652 3837 2695 esse

2229 2735 2331 2775 non
2376 2729 2586 2794 possunt
2639 2718 2801 2794 (Ibid.
2851 2737 2970 2792 cap.
3027 2719 3119 2790 59,
3151 2720 3252 2779 col.
3285 2722 3416 2796 53).
3464 2725 3734 2783 Prmlerea
3778 2729 3837 2787 in

2229 2812 2564 2870 Tertrdliano
2589 2820 2777 2870 notatu
2821 2813 3014 2885 dignus
3035 2822 3196 2887 atque
3234 2816 3562 2888 percelebris
3607 2819 3838 2878 habetur

2230 2906 2382 2963 locus
2407 2906 2478 2964 de
2502 2906 3077 2979 Apostolorumliteris
3114 2910 3439 2980 authenticis,
3465 2911 3519 2968 in
3545 2928 3705 2986 quem
3734 2913 3836 2972 viri

2229 3001 2469 3074 perdocti
2507 3001 2650 3058 varia
2676 3001 2968 3060 commenti
2999 3013 3124 3061 sunt
3154 3001 3315 3076 (Ibid.
3345 3004 3437 3076 56,
3465 3006 3565 3062 col.
3597 3006 3690 3080 49)
3729 3006 3834 3082 (1).

2225 3093 2340 3152 Nec
2367 3093 2662 3151 omittenda
2694 3111 2814 3168 quae
2837 3097 3038 3170 passim
3071 3097 3290 3155 disserit
3319 3108 3429 3154 tum
3457 3099 3528 3156 de
3572 3097 3719 3156 LXX
3746 3100 3838 3158 In-

2227 3197 2524 3260 terpretum
2548 3189 2798 3246 versione
2832 3190 2935 3262 (2),
2969 3200 3081 3246 tum
3121 3189 3192 3248 de
3217 3193 3603 3264 antiquissimis
3633 3193 3838 3251 Biblio-

521 3297 794 3354 νίαρηηη,
828 3297 894 3354 Et
933 3311 1126 3354 omnes
1164 3297 1280 3353 ista;
1327 3297 1602 3365 Ecclesim,
1641 3297 1873 3354 invicem
1919 3299 2121 3355 coadu-
2149 3298 2196 3364 ρ
2229 3298 2350 3338 rum
2393 3280 2574 3338 latinis
2601 3281 3069 3350 translationibus,
3097 3283 3211 3355 jam
3255 3299 3398 3341 nunc
3447 3286 3500 3341 in
3539 3285 3835 3344 Occidente

522 3402 684 3458 natm,
713 3407 878 3447 unum
920 3391 1168 3463 idemque
1197 3405 1392 3463 corpus
1423 3393 1476 3446 in
1507 3391 1708 3450 unitate
1735 3393 1974 3464 ejusdem
2017 3395 2117 3450 do-

519 3485 706 3540 ctrinm
733 3525 773 3552 ,η
807 3483 1157 3556 ejusdemque
1209 3484 1332 3540 fidei
1375 3489 1724 3542 constituunt.
1781 3487 1910 3556 Quis
1959 3503 2120 3560 porro

522 3579 822 3635 Ecclesiam
878 3577 1053 3649 hanc,
1108 3579 1412 3635 columnam
1463 3579 1795 3636 immobilem
1853 3582 2115 3649 veritatis,

519 3677 753 3743 deseret,
783 3685 843 3734 ut
866 3675 1216 3749 amplectatur
1261 3685 1437 3734 sectas
1472 3676 1539 3732 ab
1570 3674 1760 3732 eadem
1803 3676 2118 3747 sejunctas?

518 3770 636 3827 lloc
691 3779 773 3827 est
825 3771 1237 3828 celeberrimum
1297 3769 1644 3827 'fertulliana:
1697 3770 2118 3842 praescriptionis

517 3876 914 3938 argumentum,
939 3867 1176 3938 palmare
1219 3865 1384 3920 telum
1441 3865 1602 3921 totius
1655 3865 1936 3935 polemica:
1975 3865 2121 3922 chri-

520 3957 728 4021 ειὶειηιυ,
758 3957 1180 4029 pulcherrimum
1218 3972 1349 4014 sane
1396 3971 1458 4014 ac
1511 3957 1926 4014 invictissimum
1975 3959 2118 4031 quod

522 4065 749 4121 usquam
775 4052 915 4108 inter
931 4051 1294 4122 disceptantes
1325 4051 1480 4107 fuerit
1506 4058 1843 4123 usurpatum,

589 4140 791 4214 Itaque,
817 4143 988 4214 inquit
1015 4156 1241 4214 magnus
1281 4142 1372 4198 ille
1421 4143 1524 4208 vir,
1551 4151 1623 4197 tot
1649 4158 1710 4196 ac
1757 4151 1912 4199 tanta:
1939 4142 2118 4200 Eccle-

516 4235 639 4303 site,
672 4251 778 4290 una
821 4244 893 4290 est
931 4233 1021 4288 illa
1047 4233 1111 4288 ab
1154 4234 1410 4306 Apostolis
1463 4235 1652 4306 prium,
1685 4251 1750 4291 ea:
1802 4253 1904 4309 qua
1945 4254 2119 4294 omnes

415 4335 418 4339 ‘
517 4327 767 4401 (Pra'scr.
797 4341 844 4381 c.
873 4325 1335 4398 20).—-—Ap0stolos
1369 4325 1576 4383 Domini
1596 4327 1838 4383 habemus
1862 4339 2113 4399 auctores,

516 4423 602 4493 qui
629 4438 720 4477 nec
751 4423 849 4494 ipsi
870 4423 1141 4495 quicquam
1159 4437 1224 4476 ea:
1249 4438 1342 4476 suo
1367 4421 1596 4492 arbitrio,
1627 4423 1764 4496 quod
1793 4423 2114 4496 inducerent,

514 4519 799 4592 elegerant;
851 4519 941 4574 sed
985 4529 1243 4591 acceptam
1272 4537 1304 4574 a
1326 4518 1529 4576 Christo
1556 4521 1879 4593 disciplinam
1900 4522 2120 4605 ﬁdeliter

513 4614 806 4669 nationibus
833 4613 1216 4686 assignavcrunt
1241 4611 1437 4686 (Ibid.,
1468 4632 1586 4688 cap.
1625 4615 1792 4690 6).—
1819 4616 1985 4674 Nulla
2003 4619 2118 4690 jam

2226 3376 2482 3448 vulgatis,
2507 3376 2830 3448 major-ique,
2870 3377 3128 3438 eademve
3176 3393 3241 3438 ac
3263 3394 3566 3452 graecorum
3581 3381 3832 3441 codicum

2226 3469 2544 3527 auctoritate
2573 3472 2826 3542 receptis.

2286 3564 2393 3622 His
2417 3572 2598 3623 autem
2647 3566 2837 3636 positis
2882 3566 3141 3626 Ecclesia
3176 3569 3558 3646 fundamentis,
3587 3573 3730 3640 idem
3771 3585 3832 3634 ut

2224 3657 2398 3714 obiter
2441 3658 2716 3714 subvertat
2751 3658 2982 3716 caducas
3008 3661 3385 3740 haereticorum
3421 3667 3827 3738 mdificationcs,

2223 3765 2366 3808 nunc
2406 3766 2594 3810 eorum
2633 3751 2686 3808 in
2720 3754 2888 3810 verbo
2921 3755 3016 3811 Dei
3045 3756 3282 3816 facinora
3332 3774 3398 3818 ac
3437 3761 3830 3834 Scripturarrm

2225 3845 2386 3901 credes
2411 3845 2722 3918 exprobrat,
2752 3863 2897 3904 nunc
2918 3849 3166 3906 haeresim
3179 3853 3676 3915 etidololatriatnet
3702 3863 3848 3931 [περ’

2223 3939 2401 3997 fanam
2421 3940 2813 4014 philosophiam
2843 3957 3032 4014 parum
3057 3945 3200 4002 inter
3228 3961 3287 4004 se
3315 3947 3532 4006 differre
3565 3953 3824 4021 ostendit,

2223 4051 2366 4093 nunc
2387 4036 2652 4092 luereseos
2665 4035 3004 4096 characteres
3017 4054 3046 4094 a
3063 4055 3189 4096 vera
3213 4041 3452 4102 Ecclesia
3481 4042 3686 4102 alienos
3708 4064 3829 4104 om-

2223 4131 2351 4186 nino
2387 4131 2644 4187 describit
2687 4133 2707 4202 (
2737 4132 2952 4190 Advers.
2987 4133 3277 4206 Marciam,
3313 4137 3403 4194 lib.
3433 4137 3501 4208 γ,
3553 4157 3668 4212 cap.
3721 4143 3824 4210 i7;

2224 4225 2312 4281 lib.
2340 4225 2430 4292 ιγ,
2458 4242 2573 4297 cap.
2622 4225 2690 4282 19
2734 4227 2798 4281 de
2836 4226 3162 4301 Pt'tl’SCt‘ipi.,
3197 4246 3316 4302 cap.
3368 4232 3424 4299 7,
3459 4233 3548 4301 17,
3603 4235 3693 4300 57,
3727 4235 3823 4306 40,

2222 4322 2312 4390 41,
2341 4319 2486 4393 44);
2541 4334 2840 4392 omnesque
2887 4335 2996 4376 uno
3037 4323 3460 4396 praescriptionis
3502 4341 3825 4400 argumento

2190 4457 2200 4465 .
2220 4415 2338 4472 sive
2351 4422 2646 4486 praesentes
2657 4415 2768 4472 sive
2783 4413 3007 4484 futuras,
3025 4417 3305 4490 ipsumque
3332 4418 3744 4478 Montanismum
3759 4439 3825 4480 ac

2222 4507 2720 4566 'l‘ertullittuismum
2783 4507 3066 4589 insanabili
3110 4511 3333 4569 vulnere
3372 4515 3624 4572 confodit
3642 4523 3700 4573 et
3723 4531 3824 4588 op-

2220 4601 2427 4675 primit.

514 4725 640 4783 gens
659 4708 758 4764 Dei
787 4718 1030 4764 extranea
1052 4717 1144 4778 est,
1177 4709 1230 4764 in
1254 4725 1454 4764 omnem
1485 4721 1694 4779 (errant,
1720 4723 1768 4768 et
1797 4713 1854 4769 in
1874 4715 2114 4769 terminos

2291 4695 2403 4754 Nec
2424 4695 2814 4767 tantummodo,
2845 4697 3088 4756 utvoluit
3113 4699 3402 4758 inreeenti
3433 4717 3601 4775 opere
3640 4704 3823 4763 Nean-

513 4803 652 4858 orbis
678 4801 958 4875 Evangelia
978 4813 1275 4858 coruscanti:
1298 4802 1398 4877 (De
1411 4803 1617 4871 Anima,
1643 4821 1689 4861 ι’.
1713 4807 1828 4876 49).
1859 4805 2114 4864 Innocen-

513 4898 640 4956 tiam
663 4897 814 4952 aDeo
833 4897 1020 4968 edocti,
1044 4906 1091 4952 et
1112 4900 1334 4970 perfecte
1357 4913 1468 4952 eam
1499 4887 1810 4969 novimus/att
1833 4917 1863 4954 a
1889 4901 2112 4973 perfecto

510 4992 759 5064 magistro
784 4992 1078 5059 revelatam,
1111 5001 1158 5046 ct
1181 4991 1403 5062 ﬁdeliter
1425 4993 1754 5064 custodimus,
1775 5003 1828 5048 ut
1854 4994 1915 5048 ab
1938 4996 2114 5050 incon-

463 5098 467 5102 '
513 5075 782 5156 temptibili
817 5083 1098 5155 dispectore
1155 5085 1451 5140 mandatam
1486 5085 1748 5160 (Apolog.,
1789 5105 1838 5145 ο.
1862 5087 2112 5160 ’15).Nec

511 5176 796 5246 dispectore
819 5185 988 5255 tamen
1005 5176 1204 5248 deﬁciet
1217 5178 1325 5234 hth
1343 5189 1478 5236 secta
1491 5197 1644 5254 quam
1663 5191 1781 5236 tunc
1796 5185 1958 5255 magis
1986 5185 2114 5240 tedi-

513 5272 661 5342 ﬁcari
677 5271 832 5338 scias,
853 5286 967 5324 cum
984 5271 1112 5326 cradi
1134 5272 1330 5327 videtur
1340 5274 1434 5344 (ad
1449 5273 1634 5347 South,
1663 5291 1714 5332 c.
1731 5278 1806 5349 5).
1829 5277 2014 5336 Plures
2031 5285 2109 5354 cf.-

511 5363 746 5435 ﬁcimur,
767 5367 966 5435 quoties
994 5369 1232 5419 metimur
1260 5383 1290 5420 a
1335 5367 1476 5422 vobis
1505 5383 1524 5422 :
1563 5383 1737 5424 semen
1775 5380 1850 5427 est
1899 5375 2110 5446 sanguis

509 5454 918 5512 Christianorum
972 5457 992 5529 (
1017 5457 1262 5531 Apolog.,
1292 5473 1415 5531 cap.
1439 5459 1532 5528 49,
1595 5470 1634 5516 t.
1661 5461 1700 5530 l,
1734 5463 1832 5518 col.
1862 5464 1969 5522 533
1991 5465 2109 5538 A.).

579 5551 655 5607 At
687 5560 934 5605 memento
971 5551 1137 5607 claues
1157 5553 1267 5620 cius
1289 5552 1370 5606 hic
1407 5551 1684 5609 Dominum
1733 5555 1911 5622 Petro,
1941 5568 1988 5612 et
2023 5577 2112 5628 per

425 5711 436 5720 κ
507 5660 623 5699 cum
643 5643 890 5700 Ecclesiae
908 5644 1174 5716 reliquisse
1196 5643 1430 5718 (Scorp.,
1461 5662 1509 5701 c.
1530 5647 1639 5720 l0).
1673 5647 1846 5704 Habes
1866 5649 2105 5720 Romam,

505 5739 644 5792 unde
669 5738 813 5793 nobis
843 5754 1040 5810 quoque
1065 5741 1342 5795 auctoritas
1365 5751 1550 5811 praesto
1571 5751 1661 5797 est.
1682 5741 1792 5798 Ista
1812 5760 1964 5814 quam
1981 5746 2111 5816 falis:

507 5829 743 5887 Ecclesia
767 5871 782 5900 ,
808 5833 889 5886 cui
917 5841 1074 5888 totam
1103 5819 1406 5888 doctrinam'
1433 5834 1668 5906 Apostoli
1708 5851 1824 5890 cum
1861 5839 2110 5908 sanguine

502 5948 594 5991 suo
623 5927 963 6006 profuderunt
986 5928 1006 5985 .'
1037 5927 1382 6002 (PlWSCi‘ipL,
1409 5946 1528 6004 cap.
1570 5931 1660 6005 56,
1689 5942 1727 5988 t.
1761 5929 1826 6003 lt,
1855 5932 1954 5988 col.
1989 5931 2104 6006 49).

2217 4789 2316 4847 der
2339 4787 2422 4864 (5)
2444 4830 2460 4858 ,
2483 4789 2536 4846 in
2563 4789 2868 4866 Gnosricos,
2898 4793 3008 4848 imo
3035 4801 3090 4848 et
3119 4793 3174 4848 in
3195 4809 3383 4851 omnes
3413 4795 3716 4867 haereticos,
3751 4817 3822 4858 ne

2218 4883 2527 4940 novissimis
2552 4883 2769 4956 quidem
2795 4888 3212 4957 protestanlium
3236 4887 3401 4964 sectis
3437 4895 3818 4964 exceptisﬁn-

2283 5075 2367 5149 (1)
2391 5073 2526 5158 Yide
2548 5073 2750 5158 Remel.
2781 5081 2996 5158 nothus!
3023 5084 3103 5158 loc
3128 5081 3423 5158 citat.Hug.
3455 5086 3627 5144 Grotii
3660 5095 3814 5146 tract.

2216 5150 2281 5229 de
2318 5149 2536 5229 ueritate
2567 5149 2995 5229 Qh}'§8t.__l_ielig.
3028 5156 3139 5229 μιν.
3188 5155 3300 5229 111.7
3335 5149 3525 5224 notua;
3558 5161 3809 5229 Dodwel,

2215 5221 2442 5300 dissert.,
2459 5219 2602 5300 t._I,§
2624 5219 3235 5300 £1;_Riclrurd._8itnon.
3251 5227 3392 5286 Hist.
3423 5219 3545 5300 crit'.
3559 5233 3632 5286 du
3650 5219 3809 5291 NCT:

2216 5294 2302 5375 ch.
2327 5295 2380 5361 ι,
2409 5310 2461 5375 p_.
2491 5292 2586 5375 4t);
2621 5293 2856 5375 Nathan.
2884 5295 3146 5375 Lardner.
3211 5297 3666 5375 (flaubviirdigkeit
3721 5306 3814 5360 der

2217 5366 2619 5449 Evatiqelis‘c‘hcn
2671 5365 3180 5449 Geschichtetpart.
3235 5371 3302 5449 li,
3335 5389 3474 5449 (cap.
3532 5365 3632 5449 '27.
3671 5375 3700 5449 §
3749 5375 3806 5443 8,

2217 5436 2557 5518 3.5011508:
2599 5438 2848 5518 Lumper.
2877 5436 3079 5518 ρει-υἱῲ
3096 5450 3144 5518 et
3171 5436 3372 5518 scriptis
3403 5436 3724 5518 Tertulliani,
3755 5436 3812 5505 in

2215 5508 2361 5587 Hie:
2381 5507 2564 5587 ζιεεοέε
2587 5510 2706 5587 erit.
2728 5507 3014 5587 ίίιιςνιδδι
3028 5510 3148 5587 PP-
3173 5507 3350 5587 z-riu.
3370 5534 3426 5587 ρ.
3447 5512 3713 5587 257-262.

2392 5578 2476 5636 Cf.
2507 5579 2707 5662 gliriSI.
2733 5579 2945 5662 _Ce_ll_ari_i
2971 5580 3192 5662 Distat.
3221 5578 3454 5662 Xlllfde
3479 5584 3808 5648 LXXlnter-

2215 5652 2698 5734 pretib.;—eSitnon
2719 5652 2787 5734 de
2804 5654 3094 5734 hlagistris,
3123 5657 3340 5734 Qissert.
3367 5661 3666 5734 subjunctas
3694 5666 3806 5720 edi-

2216 5727 2341 5780 tioni
2364 5724 2850 5794 Septuagintaviralt'
2883 5724 3100 5783 uet'sioni.
3127 5727 3336 5788 Daniel.
3371 5724 3652 5788 ex'codice
3680 5733 3807 5792 Chi.

2213 5795 2594 5874 ginno;l_...uinp.
2623 5796 2720 5874 loc.
2749 5797 2892 5853 citat.
2936 5815 2994 5871 p.
3019 5799 3158 5874 A666.
3181 5812 3239 5874 et
3271 5816 3386 5874 sqq.
3435 5805 3615 5863 Adisis
3669 5805 3805 5865 intra

2215 5865 2385 5952 Dstio
2409 5865 2617 5952 ﬁourry
2645 5867 2916 5952 Disseruit.
2933 5865 3062 5952 {3.6,
3079 5871 3270 5952 _art._2,
3297 5865 3446 5952 Sp.
3472 5876 3583 5935 787
3617 5887 3666 5935 et
3693 5895 3800 5952 sqq.

2285 5940 2365 6013 (3)
2404 5937 2827 6012 Atttignostikus.
2858 5937 3153 6010 GeistJdes
3183 5937 3496 6011 Tertullian.
3527 5962 3582 6012 at
3611 5967 3664 6014 eo
3691 5937 3732 6016 il
