4084 6344
2488 261 2505 289 ι

478 343 553 406 23
1969 339 2360 402 PBEFATIO.
3725 340 3808 406 24

484 465 731 531 abluitur,
760 472 814 520 ut
830 462 1004 520 anima
1034 459 1359 518 cinaeuletur.
1390 458 1523 519 Caro
1547 460 1790 534 ungitur,
1820 466 1874 517 ut
1912 460 2088 516 anima
2112 460 2172 528 Α
2197 461 2387 535 pudet,
2416 461 2536 534 quia
2563 459 2858 535 pudendum
2882 467 2976 518 est.
3005 459 3073 517 Et
3098 468 3329 519 mortuus
3358 448 3432 519 est
3476 462 3577 519 Dei
3605 460 3797 520 Filius.

484 567 827 614 consecretur.
892 554 1024 613 Caro
1083 555 1315 627 signatur
1342 594 1360 623 ,
1412 561 1466 609 ut
1531 563 1577 608 et
1644 553 1817 611 anima
1879 553 2087 609 munia-

484 661 588 708 tur.
649 650 783 709 Cara
847 664 1034 705 manus
1101 648 1425 721 impositione
1485 648 1857 716 adumbratur,
1917 658 1973 703 ut
2043 658 2090 704 et

484 746 658 800 anima
705 745 891 816 spiritu
933 744 1268 800 illuminetur.
1311 741 1444 799 Caro
1486 759 1699 813 corpore
1742 753 1788 798 et
1839 743 2088 815 sanguine

488 837 680 895 Christi
727 840 959 905 vescitur,
1010 848 1066 894 ut
1110 848 1158 894 et
1207 837 1380 893 anima
1421 838 1487 917 de
1531 836 1640 893 Deo
1667 838 1927 910 saginetur
1965 837 1985 910 (
2017 837 2094 894 De

485 933 711 990 Rcsurr.
745 933 906 990 Carn.
940 930 1042 1006 8).
1099 932 1345 1005 Sequitur
1399 932 1624 988 animam
1668 930 1939 987 nubentem
1985 931 2094 1001 spi-

487 1026 590 1081 ritu
630 1036 868 1102 caro,.ut
915 1025 1086 1081 dotale
1110 1024 1453 1095 mancipium,
1514 1033 1563 1079 et
1596 1024 1715 1094 jam
1759 1040 1860 1078 non
1908 1023 2096 1077 animle

491 1118 712 1189 (inutile,
757 1124 847 1174 sed
875 1119 1106 1190 spiritus.
1134 1118 1179 1172 0
1216 1118 1419 1172 beatum
1446 1116 1775 1182 connubium,
1803 1115 1846 1171 si
1873 1131 1974 1170 non
2003 1114 2107 1171 ad—.

490 1215 683 1269 miserit
739 1213 1093 1269 adulterium!
1126 1213 1143 1284 (
1183 1212 1259 1268 De
1304 1211 1520 1278 Anima,
1578 1208 1681 1281 41)
1721 1208 1948 1265 .Carnis
2000 1207 2096 1264 de-

493 1324 642 1365 mum
695 1323 816 1363 cum
883 1306 1096 1363 Christo
1140 1306 1355 1361 ovantis
1429 1303 1756 1376 triumphum
1818 1301 2099 1374 splendide

490 1405 750 1461 describit
806 1420 819 1458 :
886 1402 988 1457 llic
1048 1401 1241 1474 (Jesus
1279 1399 1647 1473 Christus)...
1747 1398 1915 1454 carinis
1967 1414 2097 1468 quo-

491 1518 588 1567 que
632 1501 917 1568 depositum
955 1507 1118 1554 servat
1160 1498 1215 1552 in
1263 1496 1562 1567 semetipso,
1593 1494 1931 1550 urrhabon‘em
1962 1509 2103 1548 sum.

493 1610 592 1648 ma:
623 1593 793 1648 totius.
817 1591 1254 1658 Quemadmodum
1278 1590 1414 1645 enim
1454 1588 1597 1645 nobis
1639 1585 2102 1658 arrhabouemspi-

493 1687 621 1741 ritus
644 1686 869 1755 reliquit,
888 1685 958 1739 ita
983 1695 1027 1739 et
1053 1702 1084 1738 (ι
1111 1683 1254 1739 nobis
1279 1682 1619 1738 arrhabonem
1643 1684 1812 1736 carnis
1836 1679 2103 1750 accepit,et

496 1781 632 1836 verit
658 1781 711 1834 in
740 1780 920 1835 caelum
955 1779 1140 1850 pignus
1182 1777 1339 1833 totius
1377 1790 1592 1831 summa:
1630 1774 1755 1829 illuc
1801 1772 2105 1843 quandoque

2172 574 2176 579 ·
2200 552 2427 611 Prorsus
2449 555 2689 611 credibile
2716 566 2813 624 est,
2845 554 2965 625 quia
2987 553 3212 625 ineptum
3230 564 3301 609 est
3315 571 3337 618 ;
3366 563 3411 609 et
3432 555 3684 626 sepultus,
3714 570 3803 609 re-

2194 648 2437 704 surrexit.
2464 647 2666 704 Certum
2692 657 2783 718 est,
2831 649 2952 721 quia
2983 644 3295 719 impossibile
3326 644 3424 721 (De
3449 647 3614 705 Caru.
3640 648 3794 717 Chr.,

2195 755 2314 813 cap.
2347 742 2400 811 5,
2433 750 2471 797 t.
2494 740 2557 810 ll,
2589 742 2693 799 col.
2723 740 2873 816 765).

2268 834 2399 891 Hinc
2427 833 2558 892 satis
2579 844 2761 902 sunto,
2788 844 2847 891 ut
2871 845 3127 908 quantum
3157 835 3211 892 in
3242 837 3553 909 exponenda
3574 838 3678 896 fide
3698 840 3806 898 do-

2199 930 2428 1001 gmatica
2455 929 2715 1002 prodesse
2739 931 2911 1003 possit
2940 930 3301 988 Tertullianus
3328 931 3649 988 innotescat.
3682 934 3805 991 Alia

2203 1027 2455 1098 perplura
2500 1037 2627 1083 sunt
2679 1027 2928 1101 dogmata
2956 1043 3098 1100 quae,
3129 1028 3198 1084 ab
3229 1043 3294 1084 eo
3343 1027 3532 1085 eadem
3562 1030 3808 1089 ubertate

2200 1127 2406 1174 asserta
2437 1133 2501 1175 ac
2531 1119 2748 1175 uberius
2794 1135 2825 1174 a
2872 1120 3184 1176 doctissimo
3210 1121 3274 1176 D.
3308 1120 3385 1177 Le
3414 1120 3629 1195 Nourry
3657 1139 3810 1180 cont.

2203 1219 2407 1278 menta,
2440 1211 2609 1270 habes
2638 1213 2691 1269 in
2736 1212 2961 1285 hujusce
2993 1213 3121 1271 tomi
3150 1213 3383 1273 decursu
3412 1216 3607 1273 iterum
3636 1217 3688 1273 in
3718 1218 3807 1274 lu-

2200 1318 2323 1363 cem
2349 1306 2577 1377 prolata.

2277 1398 2446 1467 Quam
2462 1400 2675 1471 egregie
2694 1410 2945 1473 recteque
2966 1400 3257 1473 Septimius
3279 1402 3605 1459 intellexerit
3624 1419 3809 1460 veram

2204 1492 2577 1563 sinceramque
2618 1507 2861 1564 Operosze
2900 1504 2956 1551 et
3006 1497 3252 1566 practicae
3302 1495 3429 1553 ﬁdei
3473 1506 3674 1552 nostrae
3704 1513 3809 1552 no-

2165 1597 2168 1600 ‘
2208 1586 2430 1653 tionem,
2461 1586 2595 1642 nihil
2626 1588 2796 1659 magis
2843 1588 2998 1644 nobis
3024 1588 3258 1645 ostendit
3284 1604 3444 1660 quam
3480 1589 3810 1661 amplissima

2207 1678 2506 1752 disciplinae
2534 1679 2800 1753 liturgicae
2828 1680 3140 1755 descriptio,
3182 1681 3535 1755 confertaque
3564 1693 3810 1740 veterum

2206 1772 2404 1828 rituum
2452 1774 2627 1845 copia,
2671 1774 2724 1830 in
2751 1775 3001 1831 omnibus
3021 1775 3140 1846 ejus
3185 1776 3402 1847 scriptis
3429 1775 3643 1835 dill‘usa.
3674 1776 3812 1833 Cum

493 1875 804 1948 redigendw.
832 1874 1015 1931 securi
1044 1883 1219 1941 estote,
1239 1889 1360 1928 caro
1384 1882 1432 1927 et
1471 1872 1717 1943 sanguis;
1743 1871 2029 1941 usurpastis
2053 1866 2180 1929 etB
2212 1868 2430 1924 maximi
2470 1869 2628 1939 pretii
2675 1869 2784 1927 sint
2820 1885 2941 1942 quae
2982 1871 3119 1927 hanc
3158 1871 3453 1942 primorum
3491 1873 3811 1928 saeculorum

495 1968 678 2024 cretum
704 1979 750 2024 et
772 1985 981 2041 regnum
1013 1966 1108 2023 Dei
1133 1968 1185 2022 in
1214 1967 1414 2024 Christo
1445 1964 1464 2039 (
1492 1965 1567 2024 De
1592 1965 1904 2022 llesurrcct.
1936 1961 2099 2021 Carn.

496 2076 546 2116 c.
571 2061 661 2125 5i,
684 2069 740 2119 et.
774 2059 836 2128 ll,
872 2060 976 2116 col.
1009 2058 1162 2130 869).

568 2152 681 2210 Nec
706 2154 757 2209 in
782 2154 882 2210 hoc
901 2153 1094 2210 animae
1111 2155 1330 2224 integrae
1351 2162 1403 2209 et
1417 2153 1679 2218 innocuw,
1699 2166 1856 2222 quam
1872 2151 1925 2206 in
1943 2151 2106 2221 lapsae

498 2261 563 2302 ac
607 2246 887 2304 maculata:
914 2255 1057 2302 statu
1108 2244 1466 2303 descriheudo
1516 2244 1802 2301 infelicior.
1834 2242 2106 2315 Originale

503 2348 778 2410 peccatum
826 2337 1078 2405 admittit,
1111 2338 1375 2410 docetque
1402 2337 1616 2410 egregie
1647 2336 1917 2409 quomodo
1946 2351 2107 2406 quam

497 2432 610 2490 late
667 2442 722 2489 et
765 2433 1076 2504 primigenia
1143 2432 1289 2489 labes
1359 2431 1618 2502 serpserit
1678 2445 1742 2486 ac
1795 2443 1986 2485 omnes
2029 2429 2111 2483 in-

509 2529 697 2584 fecerit
720 2545 732 2582 :
755 2528 940 2583 Anima
967 2528 1188 2584 hominis
1230 2527 1365 2583 velut
1404 2527 1645 2604 surculus~
1670 2524 1881 2597 quidam
1910 2540 1973 2579 ea:
2001 2540 2111 2577 ma—

502 2623 625 2677 trice
652 2616 818 2675 Adam
848 2621 900 2676 in
931 2608 1263 2695 propaginem
1290 2619 1507 2675 deducta
1546 2629 1592 2674 et
1620 2616 1925 2692 genitalibus
1947 2616 2112 2690 {mitti-

510 2731 593 2770 ua:
617 2716 774 2787 foveis
799 2714 1170 2780 commendata,
1203 2730 1317 2768 cum
1345 2713 1485 2769 omni
1526 2727 1639 2789 sua,
1663 2718 1911 2782 paratura
1940 2708 2113 2781 pullu-

505 2809 628 2864 labit
655 2851 667 2875 ,
697 2820 801 2866 etc.
835 2808 936 2881 (De
958 2808 1135 2865 Anim.
1170 2805 1283 2880 l9).
1319 2804 1569 2862 Satanam
1598 2802 1966 2875 pronuntias...
2024 2817 2115 2873 per

507 2923 653 2976 quem
703 2905 851 2961 homo
906 2923 937 2960 a
975 2903 1253 2977 primordio
1296 2902 1665 2959 circumventus
1704 2906 1761 2952 ut
1807 2905 2114 2968 prwceptum

511 2998 612 3056 Dei
663 2999 944 3065 excederet,
1004 3006 1054 3053 et
1093 3004 1358 3068 propterea
1403 2995 1457 3048 iu
1505 3001 1716 3049 mortem
1738 2990 1909 3055 datus,
1934 2989 2116 3045 exinde

514 3109 673 3152 totum
701 3113 860 3167 genus
879 3095 940 3148 de
960 3110 1052 3149 suo
1064 3091 1252 3148 semine
1274 3090 1534 3163 infectum,
1578 3103 1686 3143 sua:
1713 3087 1866 3141 etiam
1893 3085 2112 3139 damna-

510 3191 932 3247 tionistraducem
953 3189 1071 3262 fecit
1091 3188 1190 3263 (De
1204 3186 1429 3243 Tcstim.
1463 3184 1643 3240 Anim.
1668 3184 1723 3251 5,
1741 3180 1824 3249 ι.1,
1848 3181 1933 3238 col
1961 3180 2112 3252 618).

2206 1960 2544 2034 disciplinam
2560 1975 2719 2036 atque
2741 1966 3154 2023 consuetudines
3171 1966 3445 2035 exhibent,
3462 1967 3665 2038 singula
3684 1967 3815 2025 atie-

2206 2073 2390 2117 remus
2419 2075 2577 2131 quam
2615 2073 2862 2118 accurate
2922 2062 3166 2134 liturgica
3215 2061 3556 2133 documenta,
3584 2077 3703 2135 qme
3756 2063 3812 2119 in

2208 2152 2450 2225 Septimii
2477 2155 2692 2227 scriptis
2720 2166 3106 2214 memorantur.
3622 2223 3628 2226 _

2284 2245 2350 2302 Et
2379 2256 2490 2303 uta
2529 2248 2795 2319 baptismo
2841 2249 3133 2319 ordiamur,
3189 2259 3434 2308 vetustus
3489 2250 3576 2310 hic
3623 2252 3817 2311 doctor

2212 2338 2374 2394 tradit
2403 2340 2576 2411 primo
2607 2340 2727 2398 loco
2772 2341 3039 2398 laboriosa
3089 2358 3253 2414 opera
3306 2352 3432 2401 ante
3484 2344 3815 2416 baptismum

2212 2431 2573 2502 suscipienda,
2598 2431 2820 2492 crebras
2839 2435 3131 2503 orationes,
3143 2434 3368 2506 jejunis,
3391 2436 3816 2507 geniculationes

2213 2533 2270 2581 et
2297 2526 2621 2598 pervigilias,
2676 2542 2797 2583 cum
2853 2528 3193 2587 confessione
3221 2529 3411 2585 saltem
3434 2529 3641 2586 occulta
3685 2545 3810 2586 om-

2217 2617 2363 2673 nium
2391 2628 2536 2676 retro
2565 2629 2936 2691 peccatorum;
2964 2622 3161 2679 deinde
3203 2637 3325 2694 quze
3368 2624 3434 2679 ad
3471 2624 3811 2681 collationem

2215 2710 2469 2782 baptismi
2511 2712 2834 2783 pertineant,
2865 2714 3055 2771 trinam
3090 2716 3515 2785 immersionem,
3546 2724 3602 2773 et
3654 2716 3819 2773 trium

2217 2806 2572 2862 sanctissima:
2622 2807 2899 2866 Trinitatis
2961 2823 3313 2880 personarum
3397 2810 3816 2879 invocationem,

2217 2915 2493 2975 postremo
2505 2920 2628 2976 qua:
2640 2906 3053 2977 subsequantur,
3071 2921 3265 2977 nempe
3279 2906 3589 2962 unctionem
3604 2915 3726 2978 post
3738 2905 3820 2962 la-

2217 3013 2459 3068 vacrum,
2485 3001 2879 3073 impositionem
2910 3017 3163 3058 manuum
3190 3009 3263 3069 et,
3285 3010 3340 3057 ut
3356 3001 3600 3073 pluribus
3627 3002 3824 3059 merito

2223 3092 2398 3149 visum
2427 3104 2531 3163 est,
2564 3094 2909 3153 collationem
2936 3095 3167 3165 Spiritus
3182 3095 3364 3153 Sancti
3392 3110 3490 3167 per
3527 3095 3824 3151 confirma-

2223 3188 2383 3246 tionis
2412 3200 2827 3261 sacramentum,
2861 3192 2969 3250 imo
2994 3200 3050 3250 et
3078 3188 3430 3248 Eucharistia:
3452 3187 3823 3262 participatio-

582 3286 878 3343 Audiamus
904 3299 1045 3341 nunc
1087 3282 1337 3338 eumdem
1382 3280 1581 3337 Christi
1612 3289 1786 3335 ortum
1838 3279 1890 3333 in
1947 3276 2107 3332 terris
2136 3266 2182 3330 C
2216 3299 2338 3340 nem
2370 3282 2477 3357 (Cf,
2509 3284 2595 3340 ιη),
2625 3285 2688 3339 de
2715 3283 3026 3359 Baprisma),

408 3452 421 3461 μ
509 3380 661 3451 quasi
709 3395 851 3435 novo
872 3379 1081 3436 cantico
1109 3376 1482 3433 concinentcm
1518 3391 1531 3427 :
1566 3372 1714 3429 Nore
1740 3372 1880 3428 nasci
1906 3371 2113 3427 debebat

507 3490 652 3530 nocte
673 3473 949 3530 nativitatis
980 3471 1305 3527 dedicator...
1325 3469 1452 3526 Haec
1477 3481 1550 3527 est
1567 3470 1803 3524 nativitas
1821 3483 1969 3535 nova,
1992 3467 2114 3522 dum

512 3566 988 3625 [tantonnscituriu
1012 3565 1155 3632 Deo,
1186 3566 1241 3620 in
1269 3581 1368 3636 quo
1395 3564 1596 3621 homine
1640 3562 1782 3620 Deus
1825 3572 1977 3618 natus
2018 3549 2117 3630 est,

512 3678 667 3720 carne
690 3662 885 3735 antiqui
910 3662 1117 3719 seminis
1135 3670 1401 3731 suscepta,
1432 3659 1543 3715 sine
1570 3659 1760 3715 semine
1802 3658 2033 3730 antiquo,
2061 3666 2118 3711 ut

512 3758 659 3814 illaut
681 3775 809 3815 novo
829 3758 1038 3824 semine,
1069 3758 1128 3813 id
1177 3764 1250 3812 est
1272 3753 1592 3825 spiritaliter,
1624 3755 1925 3823 reformaret
1938 3750 2119 3837 exclu-

517 3852 589 3907 sis
638 3852 954 3920 antiquitatis
988 3850 1222 3909 sordibus
1271 3848 1530 3920 expiatam
1563 3844 1661 3919 (De
1688 3844 1866 3904 Carne
1893 3844 2112 3917 Christi,

515 3960 565 4002 c.
600 3947 687 4014 l7,
716 3957 754 4001 l.
783 3945 848 4013 ιι,
876 3946 978 4001 col.
1010 3944 1161 4018 7st).

590 4038 925 4095 Tertulliauo
945 4035 1192 4109 apparuit
1217 4034 1522 4094 humanitas
1538 4043 1593 4093 et
1608 4034 1913 4108 benignitas
1933 4035 2121 4094 Salva-

516 4132 649 4189 toris
680 4132 732 4189 in
763 4147 951 4198 carne,
974 4131 1196 4188 verbum
1213 4145 1339 4186 caro
1357 4130 1575 4198 factum,
1603 4139 1855 4201 tanquam
1875 4132 2119 4189 omnium

516 4228 640 4284 ﬁdei
673 4227 1055 4301 mysteriorum
1102 4224 1422 4296 principium
1451 4233 1507 4281 et
1535 4224 1680 4294 finis,
1707 4240 1862 4283 novae
1891 4225 2122 4303 creatio-

521 4325 608 4380 nis
636 4322 902 4394 fastigium
929 4330 985 4379 et
1012 4320 1444 4389 fundamentum,
1478 4322 1693 4378 unicum
1725 4320 1911 4378 mundi
1936 4320 2122 4378 orien-

516 4418 588 4473 tis
632 4414 1009 4482 meditullium,
1042 4414 1183 4472 unde
1207 4414 1385 4471 omnia
1414 4414 1466 4471 in
1498 4428 1597 4471 nos
1618 4415 1757 4472 bona
1787 4413 2121 4485 derivantur,

521 4524 630 4583 quo
650 4519 840 4566 cuncta
865 4524 985 4582 quae
1010 4509 1179 4565 Deum
1206 4508 1438 4581 religant
1477 4518 1533 4565 et
1572 4508 1842 4579 homines,
1875 4517 2125 4567 remeant

523 4613 1014 4663 ctconnectautur.
1042 4602 1179 4660 llinc
1223 4603 1472 4675 Septimii
1515 4601 1811 4662 vehemens
1849 4611 1906 4661 et
1943 4603 2123 4661 acrior

2290 3375 2655 3432 Tertulliauus
2698 3376 3019 3447 peculiarem
3056 3384 3342 3435 tractatum
3381 3377 3449 3437 de
3495 3377 3821 3435 Pasniteutia

2218 3469 2581 3536 concinnavit,
2625 3469 2907 3540 pulchrum
2954 3472 3090 3529 adeo
3130 3487 3196 3529 ac
3235 3472 3562 3545 elegantem,
3608 3480 3667 3527 ut
3691 3486 3825 3528 cum

2220 3562 2464 3619 nonnulli
2490 3564 2606 3618 ausi
2649 3563 2757 3620 sint
2787 3564 2887 3635 ipsi
2931 3579 3214 3637 perperam
3243 3565 3587 3637 abjudicare;
3631 3564 3687 3621 in
3716 3581 3829 3636 quo

2220 3670 2409 3713 onmes
2436 3656 2772 3713 Pmnitentite
2803 3665 2930 3713 ante
2958 3658 3060 3714 vel
3082 3667 3208 3730 post
3247 3658 3569 3732 baptismum
3611 3658 3828 3730 publice

2222 3751 2540 3823 privatimve
2568 3760 2796 3823 peracta:
2824 3752 2958 3809 ritus
2997 3752 3327 3825 affectusque
3352 3754 3599 3825 apprime
3618 3751 3831 3810 descri—

2221 3845 2319 3914 bit,
2345 3845 2422 3903 uti
2442 3845 2793 3918 aliquatenus
2808 3844 2991 3903 videre
3010 3856 3094 3903 est
3120 3847 3279 3919 paulo
3303 3845 3459 3917 infra,
3489 3846 3578 3903 ubi
3601 3846 3671 3902 de
3693 3860 3831 3902 exo-

2222 3937 2504 4010 mologesi,
2537 3952 2657 4010 qua:
2685 3954 2800 3993 cum
2826 3937 3073 4011 provolvit
3107 3938 3378 4009 hominem,
3413 3940 3577 4012 magis
3603 3940 3831 4005 relevat;

2222 4048 2339 4088 cum
2363 4032 2651 4104 squalidum
2680 4032 2825 4105 facit,
2848 4032 3012 4112 magis
3032 4032 3334 4087 mandatum
3360 4032 3528 4088 reddit
3550 4048 3571 4099 ,'
3597 4049 3712 4088 cum
3738 4048 3832 4087 ac-

2224 4134 2386 4193 cusat,
2414 4134 2655 4194 excusat,-
2691 4141 2808 4181 cum
2838 4125 3161 4196 condemnat,
3180 4125 3429 4199 absolvit.
3476 4126 3496 4197 (
3521 4125 3598 4185 De
3625 4124 3832 4187 Posuit.

2224 4234 2275 4277 c.
2303 4219 2356 4288 9,
2398 4227 2438 4275 t.
2467 4220 2505 4290 ι,
2537 4220 2641 4277 col.
2668 4219 2875 4293 ists.)

2297 4316 2376 4373 De
2403 4316 2742 4375 Eucharistia
2771 4318 3044 4375 disserens
3081 4316 3444 4376 Tertullianus
3479 4318 3645 4376 tradit
3668 4318 3837 4376 Chri-

2227 4411 2430 4467 stianos
2457 4425 2669 4468 summo
2714 4425 2876 4468 mane
2897 4412 3193 4468 convenire
3222 4412 3568 4471 consuevisse
3594 4411 3665 4469 ad
3716 4428 3842 4485 my-

2225 4505 2454 4562 Slcrium
2497 4503 2602 4561 hoc
2644 4504 3063 4573 celebrandum;
3102 4505 3268 4564 laicos
3297 4506 3367 4563 de
3416 4505 3841 4577 prmsideutium

2228 4616 2391 4659 mauu
2415 4609 2814 4658 sacramentum
2842 4599 3168 4672 sumpsisse;
3210 4600 3263 4657 in
3293 4601 3527 4674 propriis
3582 4601 3842 4659 manibus

521 4701 752 4771 impetus
771 4713 877 4770 quo
906 4697 961 4754 in
985 4671 1396 4754 admirationem
1422 4696 1585 4753 Verbi
1607 4678 1866 4753 incarnati
1894 4696 2118 4767 rapitur,
2147 4671 2203 4735 D
2228 4696 2539 4767 accepisse;
2567 4694 2622 4750 in
2650 4693 2894 4766 pr0prias
2920 4694 3113 4752 domos
3136 4671 3412 4762 intulisse,
3434 4704 3494 4751 ut
3507 4694 3701 4766 jejuni,
3731 4696 3844 4752 sub

518 4808 625 4866 quo
665 4791 950 4865 cujuslibet
976 4791 1080 4848 hoc
1107 4805 1359 4864 maguum
1385 4790 1594 4863 pietatis
1614 4798 2006 4849 sacramentum
2037 4789 2125 4849 vel

518 4886 710 4944 leviter
738 4886 1099 4960 impugnantis
1140 4885 1333 4957 impios
1352 4899 1517 4961 ausus
1564 4885 1737 4957 carpit
1759 4893 1816 4943 et
1852 4885 2122 4944 retundit:

522 4994 630 5053 quo
660 4980 899 5037 insanire
927 4978 1160 5047 videtur,
1191 4992 1304 5051 prie
1333 4978 1502 5036 nimio
1526 4979 1583 5037 in
1626 4976 1902 5037 Christum
1933 4987 2118 5037 natum

524 5082 579 5131 et
606 5088 819 5148 passum
848 5082 1113 5145 stupore:
1144 5072 1254 5131 Sed
1296 5073 1410 5144 jam
1458 5072 1560 5141 hic,
1611 5074 1786 5146 inquit
1846 5073 2120 5144 Marcioni,

525 5168 794 5240 responde,
817 5168 1111 5241 interfector
1138 5168 1361 5224 veritatis
1389 5184 1409 5227 :
1440 5185 1607 5224 nonne
1622 5184 1735 5224 vere
1756 5170 2035 5241 cruciﬁxus
2054 5184 2128 5227 est

524 5260 665 5317 Deus
682 5261 709 5316 Ζ)
745 5277 913 5318 nonne
939 5278 1052 5318 vere
1075 5271 1304 5318 mortuus
1324 5306 1339 5331 ,
1371 5271 1427 5317 ut
1472 5278 1586 5319 vere
1612 5261 1931 5331 cruciﬁxus?
1959 5257 2128 5319 nonne

521 5370 635 5409 vere
655 5356 980 5412 resuscitatus
993 5356 1085 5411 ?...
1116 5354 1279 5411 Parce
1304 5356 1469 5412 unica:
1495 5356 1602 5429 spei
1625 5356 1777 5411 totius
1802 5355 1956 5413 orbis.
1990 5355 2128 5424 Quid

524 5446 739 5502 destruis
790 5450 1131 5504 necessarium
1181 5448 1399 5505 dedecus
1427 5447 1577 5519 ﬁdei?
1610 5447 1978 5520 Quodcumque
2015 5445 2128 5504 Deo

523 5540 792 5610 indignum
810 5548 905 5608 est,
922 5540 1049 5595 mihi
1069 5542 1296 5613 expedit.
1327 5541 1515 5598 Salvus
1534 5542 1744 5611 sum,-si
1767 5558 1867 5598 non
1905 5545 2129 5615 confarr-

526 5631 704 5685 darde
731 5630 952 5689 Domino
978 5651 1108 5692 meo.
1140 5632 1247 5703 Qui
1284 5634 1403 5704 mei,
1444 5635 1628 5709 inquit,
1659 5636 1903 5708 confusus
1950 5635 2124 5709 fuerit,

526 5723 816 5795 confundar
840 5734 889 5782 et
911 5742 1004 5799 ego
1035 5727 1166 5797 ejus.
1198 5725 1341 5782 Alias
1366 5742 1468 5782 non
1497 5727 1697 5784 invenio
1723 5727 1963 5784 materias
2001 5744 2127 5783 con-

527 5821 766 5892 fusionis,
796 5839 910 5897 qua:
928 5840 1006 5879 me
1027 5840 1118 5894 per
1143 5834 1487 5896 contemptum
1506 5825 1707 5882 ruboris
1752 5826 1963 5896 probent
2004 5825 2128 5882 bene

524 5917 865 5991 impudentem
887 5928 933 5979 et
947 5920 1164 5996 feliciter
1176 5922 1405 5981 stultum.
1427 5918 1597 5980 Natus
1614 5930 1684 5982 est
1697 5920 1795 5981 Dei
1814 5919 2006 5999 Filius,
2025 5937 2127 5982 nou

2231 4805 2337 4847 una
2375 4789 2557 4861 specie
2584 4784 2999 4860 par'ticiparent;
3031 4802 3223 4845 recens
3247 4788 3545 4861 baptizatos
3588 4787 3705 4845 sive
3748 4787 3845 4845 iu-

2227 4882 2423 4952 fantcs,
2450 4883 2565 4941 sive
2591 4881 2821 4950 adultos,
2848 4879 3039 4938 eodem
3065 4880 3328 4939 beneficio
3352 4881 3579 4939 donatos
3606 4880 3801 4939 fuisse.

2301 4977 2672 5039 llierarcbiam
2728 4975 3161 5035 Ecclesiasticam
3213 4990 3245 5033 a
3296 4974 3449 5033 laicis
3497 4974 3839 5045 distinctam,

2232 5076 2395 5132 variis
2418 5075 2738 5132 instructam
2764 5070 3067 5141 ordinibus,
3099 5071 3294 5144 quibus
3336 5085 3434 5128 sua
3473 5079 3600 5128 sunt
3626 5070 3844 5140 munia,

2237 5180 2446 5240 suaque
2471 5165 2692 5239 propria
2720 5164 2961 5233 nomina,
2992 5164 3133 5236 apud
3162 5164 3449 5221 haereticos
3474 5163 3846 5222 diSturbatam

2232 5270 2326 5319 aut
2371 5261 2585 5333 penitus
2624 5259 2983 5327 exstinctam,
3051 5258 3431 5315 inconcussam
3477 5273 3610 5315 vero
3661 5266 3716 5315 et
3763 5257 3850 5315 ab

2233 5354 2510 5427 Apostolis
2538 5352 2605 5410 ad
2631 5367 2801 5425 usque
2830 5350 3123 5408 novissima
3155 5359 3398 5422 tempora
3441 5346 3671 5422 perenni
3713 5363 3853 5407 suc-

2233 5449 2483 5508 cessione
2506 5446 2650 5520 apud
2669 5444 2979 5503 Catholicos
3002 5452 3295 5512 servatam,
3324 5443 3693 5500 Tertullianus
3711 5455 3852 5515 pas-

2233 5547 2336 5604 sim
2359 5544 2661 5618 prolitetur,
2686 5555 2750 5598 ac
2769 5539 3071 5613 praesertim
3097 5539 3151 5596 in
3178 5552 3342 5596 aureo
3369 5538 3463 5594 illo
3495 5538 3560 5594 de
3583 5537 3853 5595 Praescri-

2232 5638 2488 5713 ptiom‘bus
2532 5636 2692 5705 libro,
2731 5649 2893 5708 quem
2936 5632 3075 5690 forte
3109 5630 3289 5689 adhuc
3349 5631 3651 5689 catholicus
3705 5645 3853 5690 con-

2230 5730 2465 5804 scripsit,
2490 5729 2603 5802 jam
2626 5742 2759 5785 vero
2783 5723 3111 5784 moutanista
3131 5722 3315 5792 edidit,
3334 5723 3390 5780 in
3416 5737 3524 5795 quo
3551 5722 3855 5782 haereticos

2229 5829 2312 5886 sui
2341 5826 2601 5899 temporis
2636 5823 2919 5896 suggillat,
2966 5818 3109 5891 quod
3138 5818 3511 5876 ordinationes
3542 5833 3731 5876 eorum
3761 5827 3857 5876 te—

2231 5921 2503 5993 merariae,
2532 5919 2701 5991 leves,
2725 5915 3107 5987 inconstantes,
3140 5914 3336 5987 quippe
3363 5928 3485 5975 cum
3511 5913 3652 5972 alius
3673 5911 3846 5972 bodi.
