4084 6344
265 316 332 378 25
1696 295 2098 373 ΡΜΕΡΔΤΙΟ.

3463 294 3540 358 26

266 433 542 506 episcopus,
569 439 683 484 cras
732 421 870 479 alius
894 437 908 476 :
936 418 1094 478 hodie
1116 418 1397 486 Diaeonus,
1427 419 1516 491 qui
1558 432 1679 477 crus
1719 418 1845 474 Lec-
1869 414 1925 475 Α
1950 424 2120 475 ratam
2146 456 2164 489 ,
2232 413 2536 475 innocentia
2587 412 2849 485 integram
2875 454 2890 481 ,
2937 411 3187 471 castitate
3257 412 3534 486 mundam,

265 538 371 593 tor;
389 524 545 580 hodie
567 519 854 592 Presbyter,
876 515 1098 591 quicras
1123 515 1309 574 laicus.
1330 512 1518 587 libuit,
1540 529 1588 572 c.
1609 514 1697 582 il,
1718 522 1756 569 t.
1772 511 1833 583 ll,

266 621 361 681 col.
389 620 477 685 56,
505 616 616 689 57.)

328 708 735 775 Matrimonium,
766 721 892 763 cum
915 704 1178 778 Apostolo
1202 712 1359 761 vocat
1381 717 1635 776 magnum
1660 716 1843 759 sacra-

264 815 488 865 mentum
508 801 753 874 ;atjua:ta
773 799 1041 857 mosclriam
1068 808 1116 855 et
1148 798 1536 871 fornicationem
1570 795 1727 853 docet
1763 811 1844 851 re-

267 897 424 974 putari
441 894 821 967 conjnnetiones
845 891 1095 958 occultas,
1114 889 1370 964 nec‘prius
1398 890 1538 962 apud
1562 888 1845 945 Ecclesium

267 990 507 1069 professos
528 1032 542 1058 ,
575 1006 666 1044 nec
693 989 757 1043 ab
783 988 1042 1060 episcopo,
1071 987 1376 1060 presbyteris
1402 995 1451 1042 et
1478 984 1708 1041 diaconis
1732 1000 1846 1039 mo-

269 1088 482 1162 nogamis
507 1084 792 1158 postulatus
815 1083 920 1156 (De
948 1081 1205 1150 PudiciL,
1236 1097 1286 1138 c.
1305 1082 1360 1150 d,
1393 1089 1430 1136 t.
1457 1079 1520 1148 ll,
1555 1079 1658 1135 col.
1692 1077 1843 1151 987).

267 1184 451 1255 Cuique
473 1178 603 1235 illud
634 1188 819 1235 notum
852 1191 867 1230 :
903 1175 1055 1232 Unde
1081 1176 1390 1248 suﬁiciomus
1410 1174 1478 1228 ad
1503 1172 1849 1228 enarrandam

269 1277 543 1351 felicitatem
588 1272 699 1343 ejus
758 1269 1090 1335 matrimonii,
1115 1268 1250 1341 quod
1281 1267 1508 1323 Ecclesia
1532 1267 1772 1321 conciliat
1802 1274 1850 1320 et

270 1373 518 1441 confirmat
545 1367 736 1424 oblatio
778 1375 827 1420 et
865 1365 1096 1436 obsignat
1127 1363 1428 1430 benedictio,
1460 1361 1631 1433 angeli
1660 1376 1850 1415 renun—

271 1469 399 1533 tiant,
412 1464 565 1519 Pater
588 1472 700 1517 rato
720 1460 896 1515 habet?
912 1460 1015 1532 (Ad
1033 1458 1129 1515 Ux.
1152 1458 1189 1513 l.
1210 1457 1271 1526 ll,
1289 1458 1395 1527 0.9,
1424 1467 1462 1515 ι.
1480 1457 1517 1525 I,
1535 1457 1640 1513 col.
1661 1453 1849 1526 £502).

332 1560 450 1616 llaec
473 1558 694 1616 demum
724 1554 791 1608 de
812 1567 974 1625 prece
999 1551 1114 1608 sive
1141 1552 1367 1623 privata,
1391 1549 1505 1606 sive
1530 1548 1759 1620 publica,
1783 1546 1855 1603 de

273 1658 417 1718 sacris
469 1651 808 1728 synaxibus,
867 1666 931 1708 ac
975 1648 1250 1708 Dominica
1292 1660 1447 1703 creua
1492 1642 1854 1700 Tertulliunus

278 1754 449 1810 habet:
479 1747 779 1808 Christiani
825 1745 1074 1810 orabant,
1105 1742 1301 1800 coelum
1332 1738 1689 1815 suspicientes
1708 1778 1723 1803 ,
1752 1750 1854 1792 ex-

1943 524 2111 582 agape
2134 519 2467 578 coronatam,
2499 524 2621 568 cum
2649 523 2844 583 pompa
2869 522 3095 581 operum
3124 508 3412 578 bonorum,
3455 511 3540 569 in-

1949 613 2030 661 tcr
2057 604 2291 677 psalmos
2318 612 2373 661 ct
2393 604 2621 677 hymnos
2661 602 2945 661 deductam
2973 602 3039 659 ad
3071 602 3167 659 Dei
3193 606 3388 676 altare,
3432 619 3543 662 om~

1946 699 2033 755 nia
2060 714 2089 753 u
2118 699 2228 754 Deo
2266 697 2690 769 impetraturam,
2723 696 3013 755 Christiani
3035 699 3363 756 mactabant.

2020 791 2267 848 Strictius
2291 805 2354 846 ac
2381 788 2576 847 festino
2601 789 2740 861 pede
2761 789 3039 862 cujusuam
3071 793 3143 848 sit
3171 805 3302 847 usus
3333 790 3545 849 Tertul-

1950 887 2078 945 liani
2103 889 2154 943 in
2186 901 2246 944 re
2275 886 2461 943 nihrali
2502 893 2557 941 et
2593 885 2844 955 ascetica,
2900 895 2958 942 ut
2983 886 3345 957 promisimus,
3371 886 3547 958 carpi-

1909 984 1916 989 ’
1950 998 2091 1040 mus.
2116 981 2262 1040 Illico
2280 995 2343 1038 ac
2369 980 2545 1053 primo
2575 980 2961 1053 explorandum
2995 980 3129 1039 foret
3168 984 3386 1055 quinam
3411 997 3548 1054 qua.

1952 1076 2099 1133 lesve
2154 1073 2351 1130 fuerint
2394 1072 2820 1131 Christianorum
2887 1090 3087 1133 mores.
3135 1075 3217 1132 Ea
3274 1075 3548 1145 disciplina

1953 1169 2210 1242 patientiae
2237 1169 2420 1223 divina:
2446 1185 2595 1241 agere
2620 1185 2731 1236 nos,
2764 1168 2937 1240 inquit
2981 1170 3194 1238 Noster,
3226 1171 3349 1227 satis
3379 1170 3554 1225 mani-

1953 1264 2137 1335 festum
2164 1278 2273 1318 esse
2302 1262 2439 1317 vobis
2482 1271 2665 1333 potest,
2706 1278 2822 1316 cum
2862 1272 3005 1318 tanta
3051 1263 3318 1319 hominum
3373 1262 3553 1317 multis

1955 1360 2099 1426 tudo,
2130 1376 2249 1429 pars
2302 1374 2429 1430 pene
2471 1359 2639 1432 major
2686 1356 2901 1413 civitatis
2943 1360 3206 1432 cuiusque,
3258 1359 3313 1414 in
3350 1357 3551 1414 silentio

1955 1463 2004 1508 et
2046 1450 2292 1507 modestia
2336 1453 2559 1523 agimus,
2599 1453 2791 1523 singuli
2854 1461 2986 1528 forte
3032 1452 3142 1509 noti
3193 1451 3356 1523 magis
3400 1466 3553 1521 quant

1955 1560 2274 1611 ontncs;nec
2303 1548 2513 1603 aliunde
2542 1550 2808 1607 noscibiles
2834 1591 2850 1617 ,
2892 1564 3047 1620 quant
3099 1548 3163 1603 de
3207 1544 3557 1601 emendatione

1956 1643 2194 1698 vitiorum
2238 1643 2259 1715 (
2286 1642 2368 1699 Ad
2405 1644 2646 1717 Scapul.,
2669 1660 2790 1716 cap.
2819 1644 2875 1713 2,
2911 1652 2949 1699 t.
2982 1640 3023 1712 l,
3054 1641 3159 1698 cbl.
3190 1640 3340 1712 700).

2028 1736 2146 1792 Jam
2175 1750 2304 1793 vero
2348 1745 2546 1808 quanta
2590 1738 3015 1794 Christianorum
3046 1733 3281 1791 charitas
3307 1745 3426 1804 quae
3475 1731 3559 1788 vel

279 1847 436 1918 pansis
457 1843 733 1908 manibUS.
760 1842 812 1896 in
839 1836 1037 1896 Christi
1066 1834 1212 1892 cruci
1241 1831 1386 1888 aﬂixi
1415 1829 1633 1887 modum
1662 1842 1726 1883 ac
1753 1828 1859 1882 for-
1885 1819 1936 1884 Β
1963 1828 2208 1889 ethnicos
2230 1830 2283 1886 in
2300 1830 2709 1888 admirationem
2737 1830 2878 1902 rapit
2905 1847 2919 1887 :
2961 1827 3102 1895 Vide,
3130 1827 3387 1900 inquiunt,
3411 1833 3463 1879 ut
3481 1824 3563 1878 in-

282 1958 431 2008 ruant,
455 1941 637 2011 capite
665 1935 840 2001 nudo,
858 1935 1007 1991 vultu
1024 1943 1263 2002 voceque
1290 1927 1523 1985 demissa
1545 1967 1560 1994 ,
1588 1924 1654 1980 ad
1680 1922 1859 1980 orien-

288 2046 376 2093 tem
388 2034 627 2092 conversi
647 2039 802 2098 ;untc
816 2028 1116 2087 orationem
1136 2038 1326 2083 manus
1350 2021 1590 2086 abluere,
1610 2016 1858 2090 penulam

299 2128 535 2199 deponere,
575 2125 899 2198 plerumque
923 2118 1064 2178 soliti
1092 2116 1222 2185 ;alii
1253 2116 1392 2172 inter
1419 2111 1680 2171 orandum
1722 2108 1861 2167 assi-

307 2223 469 2290 dentes,
488 2221 584 2277 alii
614 2219 719 2277 sub
736 2223 1032 2288 conspectu
1054 2208 1377 2284 Dei,angelo
1403 2207 1577 2264 adhuc
1600 2204 1860 2263 orationis

299 2327 455 2385 stante,
481 2324 632 2373 stare
662 2323 720 2372 et
766 2312 897 2385 ipsis
924 2307 1258 2367 reverentius
1294 2305 1660 2369 aestimantes;
1699 2300 1862 2358 alter-

296 2411 364 2468 nis
388 2410 596 2467 demum
626 2407 964 2465 Psalmornm
990 2400 1238 2459 cantibus
1271 2406 1331 2457 et
1358 2396 1576 2470 hymnis
1620 2409 1743 2451 sese
1769 2406 1863 2451 re-

292 2514 527 2571 creantcs,
554 2516 624 2559 ac
646 2508 765 2574 post
788 2512 1002 2570 precem
1028 2492 1273 2551 osculum
1302 2494 1457 2565 pacis
1495 2503 1605 2545 non
1647 2485 1864 2544 subtra-

299 2599 506 2666 hentes;
526 2598 644 2654 siue
663 2593 957 2661 monitore.
983 2589 1078 2663 qui
1098 2601 1235 2647 voce
1278 2584 1521 2659 praeiret,
1540 2579 1639 2642 sed
1674 2581 1745 2639 de
1765 2593 1862 2653 pe-

306 2703 443 2750 ctore
475 2701 629 2763 atque
660 2689 848 2753 intimo
893 2684 1072 2742 cordis
1105 2682 1298 2741 all‘ectu
1353 2678 1741 2749 deprecantes;
1776 2671 1867 2730 die

222 2774 227 2781 ’
302 2786 425 2843 solis
464 2801 578 2841 cum
628 2783 802 2840 lurtitia
836 2777 1255 2843 convenientes;
1282 2767 1869 2829 tumsacrorumlibro-

293 2896 404 2937 rum
432 2876 642 2936 lectioni
687 2882 974 2938 vacantes;
1012 2870 1212 2939 scripta
1248 2864 1409 2925 simul
1453 2860 1864 2935 Prophetarum,

289 2972 758 3044 eorumeutariaqne
794 2965 1171 3041 Apostolorum
1198 2962 1517 3026 recitantes;
1543 2952 1872 3011 admonitio~

287 3085 397 3127 nem
412 3066 751 3140 praesidentis
762 3063 1061 3128 audientes;
1086 3052 1599 3136 tum_castigationes
1611 3058 1873 3105 etcensu-

286 3162 639 3220 ramdivinam
653 3156 1003 3226 excipientes,
1036 3166 1064 3207 a
1093 3145 1582 3209 communicatione
1608 3136 1871 3197 orationis

1960 1926 2115 1980 vicem
2136 1942 2189 1982 se
2209 1926 2447 1999 diligant,
2466 1935 2511 1981 et
2530 1934 2585 1981 ut
2608 1941 2700 1997 pro
2712 1922 2965 1980 alterutro
2978 1923 3105 1979 mori
3123 1922 3225 1978 sint
3242 1920 3436 1993 parati!
3449 1917 3475 1972 Ι
3483 1917 3562 1990 psi

1961 2020 2095 2075 enim
2116 2019 2315 2075 ethnici
2334 2019 2403 2073 ad
2422 2019 2754 2075 occidendum
2782 2019 3080 2073 alterutrum
3102 2011 3561 2086 paratiores(Apo-

1962 2112 2069 2185 leg.
2085 2111 2174 2180 59,
2192 2119 2232 2168 ι.
2248 2110 2289 2180 1,
2312 2112 2416 2169 col.
2438 2110 2587 2184 471).
2612 2111 2821 2179 Quanta
2846 2109 3130 2181 conjugnm
3148 2105 3560 2163 cltristiunorum

1964 2207 2203 2275 castitas,
2227 2214 2281 2264 et
2303 2206 2549 2264 czelibum
2574 2207 2862 2262 multorum
2892 2203 3263 2275 integritas,et
3295 2199 3562 2270 virginum

1964 2299 2301 2355 innocentia!
2338 2298 2476 2366 Quid
2501 2300 2630 2354 enim
2652 2300 2849 2370 insigne
2865 2297 3199 2370 prazferimus,
3233 2294 3329 2349 nisi
3348 2293 3567 2365 primum

1965 2392 2291 2462 sapientiam,
2320 2410 2420 2464 qua
2436 2392 2623 2463 frivola
2649 2393 2889 2447 humana:
2916 2406 3097 2444 ntanus
3124 2404 3279 2460 opera
3307 2402 3410 2442 non
3443 2384 3568 2440 ado-

1966 2504 2163 2555 ramus;
2182 2487 2665 2557 abstinentiam,quu
2691 2488 2753 2543 ab
2782 2488 2950 2542 alieno
2975 2495 3348 2555 temperamus;
3371 2478 3570 2551 pudici-

1970 2586 2271 2655 tiam,qnam
2298 2600 2386 2639 nec
2411 2583 2570 2640 oculis
2589 2575 3450 2645 contaminamus;misericordiam,
3466 2587 3567 2642 qua

1968 2692 2121 2747 super
2138 2676 2420 2748 indigentes
2456 2676 2749 2747 ﬂectimur;
2789 2671 3380 2745 ipsamveritatent,qua
3407 2663 3572 2733 o/fcn-

1972 2772 2165 2835 dimns;
2192 2771 2356 2840 ipsam
2400 2771 2699 2836 libertatem,
2734 2784 2826 2841 pro
2846 2783 2948 2840 qua
2986 2764 3117 2821 nrori
3138 2757 3371 2819 novimus
3399 2758 3520 2831 (lib.
3550 2756 3571 2812 ι

1972 2867 2038 2923 ad
2070 2866 2307 2935 Nation.,
2336 2882 2387 2923 c.
2415 2866 2468 2933 4,
2490 2876 2524 2921 t.
2544 2864 2587 2931 ι,
2611 2865 2711 2920 col.
2741 2862 2894 2936 961).
2917 2859 3141 2917 Cuinam
3164 2855 3458 2913 inauditum
3489 2859 3575 2907 est

1976 2977 2137 3035 quam
2166 2962 2366 3019 invicte
2395 2959 2760 3018 Tertullianus
2798 2972 2920 3014 cum
2946 2953 3377 3012 Christianorum
3406 2946 3571 3002 mori-

1975 3055 2077 3113 bus
2114 3054 2355 3111 conferat
2406 3051 2849 3126 philosophorum
2898 3044 3336 3121 priestantissima
3391 3055 3576 3097 exem-

1976 3148 2063 3219 pla
2113 3146 2391 3205 modestia:
2422 3189 2438 3215 ,
2495 3142 2905 3217 mquunimitatis
2934 3182 2950 3211 ,
3011 3138 3134 3196 fidei
3162 3180 3178 3207 ,
3220 3131 3576 3207 simplicitatis

286 3264 645 3313 ctconventus
675 3260 728 3309 et
749 3248 925 3306 omnis
949 3220 1121 3303 sancti
1173 3238 1482 3300 commercii
1511 3231 1868 3305 delinquenti-
1897 3220 1948 3290 C
1980 3240 2246 3316 (Apolog.,
2302 3241 2422 3311 cap.
2470 3238 2599 3311 46)?
2671 3237 2908 3294 C:nleras
2960 3234 3101 3290 inter
3147 3229 3575 3287 Christianorum

283 3349 374 3407 bus
415 3347 693 3421 relegatis.
725 3343 977 3417 Episc0pi
1007 3341 1089 3397 his
1113 3337 1404 3411 syuuxibus
1421 3329 1793 3405 praesidebant,
1822 3334 1877 3382 et

284 3460 454 3504 eorum
483 3420 837 3504 auctoritate,
867 3432 1166 3510 presbyteri
1196 3440 1251 3490 et
1274 3426 1508 3494 diaconi,
1526 3422 1737 3498 probati
1765 3420 1876 3476 cle-

282 3541 363 3609 cli,
392 3540 622 3595 seniores
666 3531 955 3604 nuncupati
981 3547 996 3597 ;
1019 3544 1048 3584 a
1071 3526 1267 3600 quibus
1287 3536 1388 3581 nec
1415 3520 1486 3577 de
1505 3517 1736 3577 aliorum
1764 3528 1877 3570 ma-

282 3650 362 3702 nn,
402 3636 453 3691 in
504 3644 760 3704 tempore
804 3629 999 3695 victus,
1026 3625 1189 3682 etiam
1240 3616 1573 3677 antelucanis
1624 3612 1875 3676 ctetibus,

283 3727 633 3785 EuchariStia:
659 3730 1052 3780 sacramentum
1077 3717 1192 3773 sive
1206 3711 1549 3779 sumendum,
1564 3707 1680 3763 sive
1703 3719 1880 3762 reser-

286 3821 532 3889 vandum,
570 3828 639 3877 ut
668 3815 814 3875 domi
864 3818 1161 3880 sumerent,
1192 3798 1551 3880 excipiebant.
1602 3800 1774 3858 Erant
1825 3805 1882 3855 et

284 3924 464 3988 prater
491 3914 651 3971 diem
680 3910 835 3977 solis,
860 3904 1188 3979 ieiuniorum
1212 3911 1268 3958 et
1292 3899 1582 3958 stationum
1601 3894 1738 3960 dies,
1770 3889 1882 3963 qui-

286 3986 378 4068 bus
407 4008 678 4083 prolixius
720 4004 944 4062 orabant
967 4043 982 4068 ,
1015 4011 1190 4072 genua
1221 3995 1500 4053 ﬂectentes
1525 4004 1647 4049 cum
1674 3986 1883 4059 reliquo

287 4103 596 4163 humilitatis
644 4113 816 4168 more,
850 4096 917 4152 ad
941 4109 1092 4152 aram
1133 4090 1355 4157 diutius,
1381 4093 1604 4159 accepto
1650 4092 1884 4152 corpore

287 4200 509 4269 Domini,
534 4203 783 4255 stantes.
836 4191 1004 4269 Erant
1033 4197 1089 4244 et
1130 4184 1281 4242 horae
1331 4180 1437 4239 diei
1505 4175 1881 4240 solemniorcs,

283 4311 468 4370 nempe
494 4268 690 4358 tertia,
717 4296 887 4354 sexta,
904 4268 1064 4351 nona,
1097 4287 1293 4352 praeter
1323 4274 1588 4347 legitimas
1611 4268 1882 4330 orationes

284 4362 702 4462 qum-ingressu
756 4381 890 4439 lucis
928 4387 983 4435 et
1045 4375 1218 4433 noctis
1269 4369 1649 4433 debebantur,
1705 4362 1886 4419 cibum

287 4496 335 4543 ct
351 4486 624 4543 lavacrqu
646 4479 840 4554 praeire
863 4476 1142 4541 solebant,
1171 4470 1474 4543 vigiliisque
1520 4464 1692 4522 noctis
1714 4464 1886 4519 inter-

284 4578 563 4645 cidcbant;
611 4581 871 4632 caeterum
917 4568 1051 4625 nihil
1102 4563 1327 4623 omnino
1378 4558 1750 4633 praescriptum
1780 4562 1881 4623 est,

1982 3333 2207 3390 virtutes
2258 3332 2493 3388 maxime
2540 3330 2760 3387 emicuit
2787 3341 2896 3384 tam
2926 3324 3111 3383 scdqu
3139 3338 3299 3396 quam
3327 3320 3460 3376 dura
3479 3319 3562 3388 je-

1975 3426 2253 3499 juniornm
2310 3424 2670 3491 observantia,
2724 3436 2827 3493 qua
2874 3436 2983 3476 non
3032 3418 3210 3473 minus
3257 3428 3415 3485 quam
3460 3411 3579 3467 aliis

1982 3519 2269 3575 virtutibus
2323 3517 2391 3573 ab
2435 3515 2665 3574 ethnicis
2717 3512 3117 3584 discrepabunt.
3187 3506 3321 3564 Nec.
3360 3505 3424 3561 iis
3482 3517 3573 3557 sa-

1982 3612 2052 3669 tis
2081 3611 2179 3668 luit
2200 3626 2306 3667 non
2335 3610 2511 3667 solum
2539 3607 2765 3680 publicis
2796 3607 2850 3662 in
2880 3601 3294 3668 calamitatibus,
3325 3596 3419 3655 sed
3462 3596 3581 3652 aliis

1983 3704 2145 3761 etiam
2171 3702 2359 3760 diebus
2391 3712 2496 3757 tam
2535 3713 2723 3756 severa
2763 3705 3084 3766 ansteraque
3123 3690 3452 3764 jejuniorum
3492 3689 3582 3743 οὺς

1983 3798 2289 3856 servatione
2315 3797 2448 3854 iram
2476 3796 2568 3852 Dei
2599 3796 2830 3867 placare,
2883 3789 2978 3846 sed
3000 3789 3054 3844 in
3089 3802 3235 3845 sacco
3279 3784 3466 3845 etiam,
3511 3781 3587 3835 ait

1986 3891 2419 3959 'l‘crtulliunus,et
2432 3889 2597 3945 cinere
2614 3882 3112 3952 volutantes,iuvidia
3127 3881 3307 3938 calum
3324 3876 3586 3933 tundimus

1989 3986 2269 4060 (Apolog.,
2291 4001 2408 4055 cap.
2427 3982 2498 4041 40
2516 3980 2558 4055 ).
2573 3980 2694 4038 ‘llue
2724 3977 3004 4036 referenda
3024 3974 3202 4031 forent
3222 3968 3580 4044 pulcherrima

1986 4097 2106 4153 quae
2122 4081 2172 4136 in
2192 4078 2343 4136 libris
2356 4076 2680 4151 specialibus
2691 4070 3034 4130 concinnavit
3051 4068 3241 4125 Noster
3253 4065 3322 4121 de
3335 4064 3583 4128 oratione,

1987 4175 2058 4234 de
2088 4174 2349 4248 patientia
2376 4173 2595 4237 virtute,
2623 4168 2689 4225 de
2718 4181 2857 4223 vano
2886 4163 3158 4223 mulierum
3183 4158 3326 4214 cultu
3354 4168 3400 4212 et
3430 4171 3589 4210 orna-

1989 4281 2181 4340 mento,
2210 4271 2277 4326 de
2299 4268 2481 4325 illicita
2506 4264 2911 4338 spectaculorum
2933 4252 3254 4328 frequentia,
3278 4252 3344 4313 de
3371 4249 3589 4319 idolola-

1991 4367 2089 4422 tria
2116 4372 2173 4423 et
2200 4361 2363 4419 variis
2387 4359 2629 4432 ejusdem
2651 4355 2954 4429 speciebus,
2986 4351 3054 4408 de
3079 4346 3315 4421 martyrii
3342 4357 3450 4417 pne
3469 4356 3588 4399 om-

1991 4461 2151 4519 nibus
2170 4456 2539 4516 excellentiori
2568 4449 3033 4526 magnanimitate.

2065 4556 2181 4624 llis,
2210 4551 2485 4611 eoronidis
2514 4546 2714 4616 in'star,
2748 4544 3103 4602 adnectantur
3148 4536 3350 4596 selecta
3378 4549 3441 4591 ex
3470 4531 3597 4590 Ter-

287 4674 381 4731 nisi
406 4672 647 4731 omniin
682 4678 922 4740 tempore
948 4672 1006 4719 ct
1048 4662 1168 4718 loco
1197 4672 1376 4717 orare.
1421 4654 1565 4711 Nihil
1591 4665 1720 4709 vero
1743 4648 1889 4707 cele-
1912 4626 1969 4690 D
1998 4652 2206 4711 inmani
2232 4648 2484 4721 operibus
2510 4644 2744 4703 ascetica
2760 4642 3105 4699 documenta.

288 4770 429 4827 brius
449 4781 622 4841 quam
656 4776 780 4819 cum
831 4772 985 4816 creua
1015 4755 1071 4811 lit
1124 4766 1247 4826 quae
1298 4750 1476 4822 Agape
1499 4746 1730 4811 dicitur;
1783 4756 1891 4799 non

286 4864 426 4934 prius
449 4855 818 4918 discumbitur
835 4865 995 4925 quam
1022 4847 1194 4904 oratio
1210 4842 1277 4900 ad
1300 4843 1466 4900 Deum
1494 4844 1889 4910 prmgustetur;

287 4927 480 5024 editur,
513 4958 783 5027 quantum
813 4946 1119 5004 esurientes
1164 4937 1411 5010 frugique
1445 4933 1706 5009 cupiunt;
1757 4927 1896 4984 bibi-

291 5062 389 5119 tur,
419 5020 692 5123 quantum
722 5039 928 5114 pudicis
957 5036 1087 5094 utile
1109 5040 1214 5091 est.
1241 5031 1371 5090 Post
1395 5041 1626 5093 ecetram,
1665 5036 1800 5109 aqua
1828 5020 1898 5077 ad

289 5104 477 5200 manus
495 5136 802 5198 abluendas
827 5129 1136 5206 porrigitur,
1165 5125 1364 5182 lumina
1403 5120 1472 5177 ad
1501 5130 1671 5190 usque
1720 5104 1896 5172 lucem

290 5236 391 5293 diei
421 5231 899 5294 accendebantur;
924 5234 1035 5281 tum
1067 5230 1273 5278 remota
1294 5231 1501 5282 mensa,
1535 5209 1900 5282 unusquisque

290 5333 352 5387 ad
407 5331 677 5404 hymnum
717 5324 968 5397 aliquem,
997 5327 1089 5375 aut
1129 5316 1471 5384 desumptum
1515 5324 1582 5365 ex
1623 5304 1899 5374 Scriptura

293 5399 497 5489 sancta,
530 5428 629 5476 aut
655 5417 723 5474 de
737 5414 950 5488 proprio
981 5409 1197 5484 ingenio
1224 5405 1482 5471 elicitum,
1508 5402 1560 5458 in
1586 5399 1745 5455 totius
1765 5410 1900 5450 con-

292 5532 475 5576 sessus
505 5523 566 5577 et
592 5524 808 5569 corona:
834 5507 1012 5565 medio
1037 5500 1360 5571 canendum,
1395 5508 1717 5572 provocant
1742 5508 1758 5552 :
1786 5498 1900 5551 tum

296 5609 549 5681 precibus
589 5614 777 5677 grates
804 5602 914 5659 Deo
966 5600 1292 5663 referuntur,
1334 5602 1393 5651 et
1441 5591 1565 5648 inde
1609 5588 1902 5647 disceditur

299 5702 365 5759 ad
381 5699 639 5761 eamdem
678 5712 860 5753 curam
890 5691 1167 5750 modestia:
1192 5699 1248 5747 et
1290 5686 1583 5760 pudicitia),
1627 5683 1718 5756 qui
1793 5696 1902 5739 non

300 5804 407 5852 tam
457 5808 675 5851 orenam
722 5787 1072 5854 crenaverint,
1127 5798 1289 5857 quam
1341 5779 1698 5853 disciplinam.
1754 5774 1903 5835 lianc

301 5892 538 5957 bestiam
589 5890 655 5950 de
680 5888 843 5951 corde
870 5886 1140 5955 devotam,
1171 5880 1278 5943 (ide
1300 5888 1526 5954 pastum,
1554 5875 1780 5941 veritate
1794 5892 1902 5942 cu.

2054 4746 2388 4817 ,Christiantts
2441 4740 2604 4796 Deum
2643 4738 2801 4805 timet,
2857 4751 2959 4791 non
3010 4731 3352 4788 Itomincs.-—
3396 4744 3415 4781 ι
3446 4723 3594 4788 Nos.

1997 4844 2089 4918 qui
2119 4842 2219 4901 sub
2243 4840 2353 4899 Deo
2396 4837 2635 4894 omnium
2676 4831 3021 4905 speculatore
3056 4823 3453 4897 dispungimur,
3481 4819 3597 4891 qui-

2000 4952 2107 5011 que
2133 4947 2391 4993 attcrnum
2421 4932 2489 4989 ab
2529 4946 2596 4987 eo
2635 4941 2851 5000 plenum
2874 4922 3240 4996 providemus,
3270 4915 3468 4973 merito
3495 4911 3597 4969 soli

2002 5028 2323 5089 innocentiae
2352 5014 2702 5089 occurrimus,
2732 5030 2786 5077 et
2802 5032 2899 5090 pro
2912 5012 3150 5073 scientiae
3168 5008 3518 5083 plenitudine,
3545 5013 3600 5060 ct

2001 5141 2100 5198 pro
2127 5123 2452 5180 latebrarum
2480 5115 2815 5179 difﬁcultate,
2849 5119 2906 5169 et
2952 5122 3049 5180 pro
3075 5101 3440 5177 magnitudine
3478 5114 3598 5154 cru-

2001 5220 2191 5285 ciutus,
2226 5231 2334 5272 non
2352 5265 2359 5279 ,
2379 5210 2637 5275 diuturni,
2689 5220 2875 5263 verum
2898 5198 3231 5272 sempiterni,
3259 5210 3380 5254 eum
3409 5194 3602 5249 timcn—

2005 5323 2106 5383 tes,
2121 5326 2280 5384 quem
2309 5309 2500 5366 timere
2526 5301 2743 5361 debebit
2761 5308 2815 5356 et
2839 5297 2974 5368 ipse,
2993 5294 3081 5366 qni
3105 5293 3354 5350 timentes
3372 5285 3597 5359 iudicat:

2004 5383 2197 5473 Deum,
2231 5418 2338 5460 non
2366 5395 2749 5475 proconsulem
2781 5391 3032 5447 timentes
3075 5385 3133 5461 (1
3144 5403 3177 5443 η
3205 5383 3450 5457 Apolog.,
3481 5395 3597 5451 cap.

2003 5502 2093 5569 45,
2118 5509 2155 5555 t.
2189 5500 2230 5567 Ι,
2262 5497 2363 5554 col.
2395 5494 2500 5553 500
2522 5494 2622 5567 ).-r

2076 5567 2220 5649 Deus
2232 5591 2299 5647 ad
2327 5587 2673 5662 paenitentiam
2688 5577 3257 5656 impellit—«Bonum
3279 5579 3363 5629 cst
3385 5567 3606 5641 pmnite-

2005 5702 2088 5755 re,
2115 5701 2185 5742 an
2207 5660 2338 5741 non?
2362 5680 2501 5752 Quid
2521 5677 2779 5736 revolvis?
2802 5675 2944 5732 Deus
2963 5669 3222 5745 praecipit.
3250 5669 3317 5722 At
3343 5663 3488 5721 enim
3515 5660 3608 5716 ille

2006 5796 2114 5837 non
2141 5775 2381 5849 prazcipit
2402 5780 2631 5841 tantum,
2656 5769 2752 5829 sed
2773 5770 2935 5826 etiam
2958 5766 3225 5822 hortatur.
3255 5758 3448 5816 Invitat
3470 5768 3609 5826 prm-

2006 5875 2117 5936 ruiu
2141 5845 2408 5943 salutent;
2450 5868 2659 5942 iurans,
2692 5864 2857 5929 etiam
2882 5861 2991 5922 vivo
3016 5858 3224 5930 dicens,
3276 5851 3422 5927 cupit
3460 5845 3607 5908 credi
