  <div class='ocr_page' id='page_1' title='image "/cluster/home/n/w/nwhite01/storage/ocr_20150623/1/hvd.32044015466733/023.png"; bbox 0 0 4084 6344; ppageno 0'>
   <div class='ocr_carea' id='block_1_1' title="bbox 389 255 466 327">
    <p class='ocr_par' dir='ltr' id='par_1_1' title="bbox 389 255 466 327">
     <span class='ocr_line' id='line_1_1' title="bbox 389 255 466 327; baseline 0.078 -6"><span class='ocrx_word' id='word_1_1' title='bbox 389 255 466 327; x_wconf 71' lang='grc'><strong>27</strong></span> 
     </span>
    </p>
   </div>
   <div class='ocr_carea' id='block_1_2' title="bbox 1850 243 3699 325">
    <p class='ocr_par' dir='ltr' id='par_1_2' title="bbox 1850 243 3699 325">
     <span class='ocr_line' id='line_1_2' title="bbox 1850 243 3699 325; baseline 0.01 -19"><span class='ocrx_word' id='word_1_2' title='bbox 1850 243 2236 309; x_wconf 70' lang='grc' dir='ltr'><strong>ΡΒᾸΞΡΑΤΙΟ.</strong></span> <span class='ocrx_word' id='word_1_3' title='bbox 3627 260 3699 325; x_wconf 69' lang='grc'><strong>28</strong></span> 
     </span>
    </p>
   </div>
   <div class='ocr_carea' id='block_1_3' title="bbox 400 366 3696 456">
    <p class='ocr_par' dir='ltr' id='par_1_3' title="bbox 400 366 3696 456">
     <span class='ocr_line' id='line_1_3' title="bbox 400 366 3696 456; baseline 0.009 -41"><span class='ocrx_word' id='word_1_4' title='bbox 400 382 524 442; x_wconf 47' lang='lat' dir='ltr'><strong>sibi.</strong></span> <span class='ocrx_word' id='word_1_5' title='bbox 546 381 593 441; x_wconf 83' lang='grc' dir='ltr'>ο</span> <span class='ocrx_word' id='word_1_6' title='bbox 624 378 811 442; x_wconf 58' lang='grc' dir='ltr'><strong>δραιοε</strong></span> <span class='ocrx_word' id='word_1_7' title='bbox 834 392 950 447; x_wconf 57' lang='lat' dir='ltr'><strong>nos,</strong></span> <span class='ocrx_word' id='word_1_8' title='bbox 980 387 1205 450; x_wconf 82' lang='lat' dir='ltr'><strong>quorum</strong></span> <span class='ocrx_word' id='word_1_9' title='bbox 1225 383 1412 432; x_wconf 88' lang='lat' dir='ltr'><strong>caussa</strong></span> <span class='ocrx_word' id='word_1_10' title='bbox 1461 366 1600 427; x_wconf 90' lang='lat' dir='ltr'><strong>Deus</strong></span> <span class='ocrx_word' id='word_1_11' title='bbox 1626 366 1802 441; x_wconf 85' lang='lat' dir='ltr'><strong>jurat!</strong></span> <span class='ocrx_word' id='word_1_12' title='bbox 1833 366 1876 426; x_wconf 89' lang='lat'>0</span> <span class='ocrx_word' id='word_1_13' title='bbox 1903 367 2003 421; x_wconf 85' lang='lat' dir='ltr'><strong>mi-</strong></span> <span class='ocrx_word' id='word_1_14' title='bbox 2031 367 2082 429; x_wconf 84' lang='lat' dir='ltr'><strong>A</strong></span> <span class='ocrx_word' id='word_1_15' title='bbox 2109 370 2227 429; x_wconf 91' lang='lat' dir='ltr'><strong>dus.</strong></span> <span class='ocrx_word' id='word_1_16' title='bbox 2263 370 2316 428; x_wconf 88' lang='lat' dir='ltr'><strong>ld</strong></span> <span class='ocrx_word' id='word_1_17' title='bbox 2350 387 2561 447; x_wconf 82' lang='lat' dir='ltr'><strong>quoque</strong></span> <span class='ocrx_word' id='word_1_18' title='bbox 2611 371 2934 436; x_wconf 89' lang='lat' dir='ltr'><strong>desiderium</strong></span> <span class='ocrx_word' id='word_1_19' title='bbox 2979 378 3227 450; x_wconf 72' lang='lat' dir='ltr'><strong>patientia</strong></span> <span class='ocrx_word' id='word_1_20' title='bbox 3271 386 3696 456; x_wconf 87' lang='lat' dir='ltr'><strong>temperandum.</strong></span> 
     </span>
    </p>
   </div>
   <div class='ocr_carea' id='block_1_4' title="bbox 396 458 2001 546">
    <p class='ocr_par' dir='ltr' id='par_1_4' title="bbox 396 458 2001 546">
     <span class='ocr_line' id='line_1_4' title="bbox 396 458 2001 546; baseline -0.013 -8"><span class='ocrx_word' id='word_1_21' title='bbox 396 476 675 546; x_wconf 72' lang='lat' dir='ltr'><strong>seri-imos,</strong></span> <span class='ocrx_word' id='word_1_22' title='bbox 724 475 770 533; x_wconf 88' lang='lat' dir='ltr'><strong>si</strong></span> <span class='ocrx_word' id='word_1_23' title='bbox 825 470 1144 545; x_wconf 88' lang='lat' dir='ltr'><strong>necjuranti</strong></span> <span class='ocrx_word' id='word_1_24' title='bbox 1185 466 1411 526; x_wconf 87' lang='lat' dir='ltr'><strong>Domino</strong></span> <span class='ocrx_word' id='word_1_25' title='bbox 1443 461 1718 523; x_wconf 87' lang='lat' dir='ltr'><strong>credimus</strong></span> <span class='ocrx_word' id='word_1_26' title='bbox 1758 458 1910 533; x_wconf 87' lang='lat' dir='ltr'><strong>(Lib.</strong></span> <span class='ocrx_word' id='word_1_27' title='bbox 1939 459 2001 517; x_wconf 84' lang='lat' dir='ltr'><strong>de</strong></span> 
     </span>
    </p>
   </div>
   <div class='ocr_carea' id='block_1_5' title="bbox 398 560 1400 642">
    <p class='ocr_par' dir='ltr' id='par_1_5' title="bbox 398 560 1400 642">
     <span class='ocr_line' id='line_1_5' title="bbox 398 560 1400 642; baseline -0.016 -12"><span class='ocrx_word' id='word_1_28' title='bbox 398 566 617 641; x_wconf 59' lang='lat' dir='ltr'><strong>Potuit},</strong></span> <span class='ocrx_word' id='word_1_29' title='bbox 639 587 753 642; x_wconf 88' lang='lat' dir='ltr'><strong>cap.</strong></span> <span class='ocrx_word' id='word_1_30' title='bbox 785 568 839 637; x_wconf 64' lang='lat'><strong>4,</strong></span> <span class='ocrx_word' id='word_1_31' title='bbox 876 576 914 625; x_wconf 87' lang='lat' dir='ltr'><strong>t.</strong></span> <span class='ocrx_word' id='word_1_32' title='bbox 944 565 984 636; x_wconf 85' lang='grc' dir='ltr'><strong>ι,</strong></span> <span class='ocrx_word' id='word_1_33' title='bbox 1020 564 1121 622; x_wconf 78' lang='lat' dir='ltr'><strong>col.</strong></span> <span class='ocrx_word' id='word_1_34' title='bbox 1151 560 1336 635; x_wconf 69' lang='lat'><strong>1255).</strong></span> <span class='ocrx_word' id='word_1_35' title='bbox 1381 579 1400 614; x_wconf 69' lang='grc' dir='ltr'><strong>ι</strong></span> 
     </span>
    </p>
   </div>
   <div class='ocr_carea' id='block_1_6' title="bbox 467 646 2023 722">
    <p class='ocr_par' dir='ltr' id='par_1_6' title="bbox 467 646 2023 722">
     <span class='ocr_line' id='line_1_6' title="bbox 467 646 2023 722; baseline -0.013 -2"><span class='ocrx_word' id='word_1_36' title='bbox 467 663 799 721; x_wconf 85' lang='lat' dir='ltr'><strong>Peccatorem</strong></span> <span class='ocrx_word' id='word_1_37' title='bbox 828 659 896 714; x_wconf 86' lang='lat' dir='ltr'><strong>ad</strong></span> <span class='ocrx_word' id='word_1_38' title='bbox 920 674 974 715; x_wconf 85' lang='lat' dir='ltr'><strong>se</strong></span> <span class='ocrx_word' id='word_1_39' title='bbox 1018 664 1347 713; x_wconf 82' lang='lat' dir='ltr'><strong>reuertentem</strong></span> <span class='ocrx_word' id='word_1_40' title='bbox 1382 651 1521 709; x_wconf 83' lang='lat' dir='ltr'><strong>Deus</strong></span> <span class='ocrx_word' id='word_1_41' title='bbox 1576 649 1786 722; x_wconf 82' lang='lat' dir='ltr'><strong>benigne</strong></span> <span class='ocrx_word' id='word_1_42' title='bbox 1838 646 2023 703; x_wconf 57' lang='grc' dir='ltr'><strong>διιδεῖν</strong></span> 
     </span>
    </p>
   </div>
   <div class='ocr_carea' id='block_1_7' title="bbox 396 741 1998 832">
    <p class='ocr_par' dir='ltr' id='par_1_7' title="bbox 396 741 1998 832">
     <span class='ocr_line' id='line_1_7' title="bbox 396 741 1998 832; baseline -0.014 -14"><span class='ocrx_word' id='word_1_43' title='bbox 396 760 493 832; x_wconf 82' lang='lat' dir='ltr'><strong>pit.</strong></span> <span class='ocrx_word' id='word_1_44' title='bbox 513 756 761 824; x_wconf 74' lang='lat' dir='ltr'><strong>—¢Quis</strong></span> <span class='ocrx_word' id='word_1_45' title='bbox 792 754 885 812; x_wconf 90' lang='lat' dir='ltr'><strong>ille</strong></span> <span class='ocrx_word' id='word_1_46' title='bbox 900 753 1057 810; x_wconf 89' lang='lat' dir='ltr'><strong>nobis</strong></span> <span class='ocrx_word' id='word_1_47' title='bbox 1082 748 1461 824; x_wconf 85' lang='lat' dir='ltr'><strong>intelligendus</strong></span> <span class='ocrx_word' id='word_1_48' title='bbox 1475 746 1669 804; x_wconf 89' lang='lat' dir='ltr'><strong>Pater?</strong></span> <span class='ocrx_word' id='word_1_49' title='bbox 1696 744 1841 800; x_wconf 89' lang='lat' dir='ltr'><strong>Deus</strong></span> <span class='ocrx_word' id='word_1_50' title='bbox 1892 741 1998 798; x_wconf 88' lang='lat' dir='ltr'><strong>sei-</strong></span> 
     </span>
    </p>
   </div>
   <div class='ocr_carea' id='block_1_8' title="bbox 393 836 2000 924">
    <p class='ocr_par' dir='ltr' id='par_1_8' title="bbox 393 836 2000 924">
     <span class='ocr_line' id='line_1_8' title="bbox 393 836 2000 924; baseline -0.013 -12"><span class='ocrx_word' id='word_1_51' title='bbox 393 855 540 924; x_wconf 91' lang='lat' dir='ltr'><strong>licet,</strong></span> <span class='ocrx_word' id='word_1_52' title='bbox 574 861 680 909; x_wconf 90' lang='lat' dir='ltr'><strong>tam</strong></span> <span class='ocrx_word' id='word_1_53' title='bbox 706 851 867 909; x_wconf 88' lang='lat' dir='ltr'><strong>Pater</strong></span> <span class='ocrx_word' id='word_1_54' title='bbox 897 863 1088 917; x_wconf 87' lang='lat' dir='ltr'><strong>nemo;</strong></span> <span class='ocrx_word' id='word_1_55' title='bbox 1119 855 1227 905; x_wconf 91' lang='lat' dir='ltr'><strong>tam</strong></span> <span class='ocrx_word' id='word_1_56' title='bbox 1264 841 1381 917; x_wconf 84' lang='lat' dir='ltr'><strong>pius</strong></span> <span class='ocrx_word' id='word_1_57' title='bbox 1414 838 1660 899; x_wconf 72' lang='lat' dir='ltr'><strong>nemoJS</strong></span> <span class='ocrx_word' id='word_1_58' title='bbox 1685 854 1813 912; x_wconf 85' lang='lat' dir='ltr'><strong>ergo</strong></span> <span class='ocrx_word' id='word_1_59' title='bbox 1856 845 1908 894; x_wconf 86' lang='lat' dir='ltr'><strong>te</strong></span> <span class='ocrx_word' id='word_1_60' title='bbox 1937 836 2000 893; x_wconf 82' lang='lat' dir='ltr'><strong>fi-</strong></span> 
     </span>
    </p>
   </div>
   <div class='ocr_carea' id='block_1_9' title="bbox 397 933 1997 1017">
    <p class='ocr_par' dir='ltr' id='par_1_9' title="bbox 397 933 1997 1017">
     <span class='ocr_line' id='line_1_9' title="bbox 397 933 1997 1017; baseline -0.013 -9"><span class='ocrx_word' id='word_1_61' title='bbox 397 950 530 1009; x_wconf 89' lang='lat' dir='ltr'><strong>lium</strong></span> <span class='ocrx_word' id='word_1_62' title='bbox 560 961 738 1015; x_wconf 89' lang='lat' dir='ltr'><strong>suum,</strong></span> <span class='ocrx_word' id='word_1_63' title='bbox 770 945 871 1002; x_wconf 90' lang='lat' dir='ltr'><strong>etsi</strong></span> <span class='ocrx_word' id='word_1_64' title='bbox 902 952 1182 1017; x_wconf 90' lang='lat' dir='ltr'><strong>acceptum</strong></span> <span class='ocrx_word' id='word_1_65' title='bbox 1207 940 1276 999; x_wconf 91' lang='lat' dir='ltr'><strong>ab</strong></span> <span class='ocrx_word' id='word_1_66' title='bbox 1304 954 1370 997; x_wconf 89' lang='lat' dir='ltr'><strong>eo</strong></span> <span class='ocrx_word' id='word_1_67' title='bbox 1397 935 1729 1011; x_wconf 83' lang='lat' dir='ltr'><strong>prodegeris,</strong></span> <span class='ocrx_word' id='word_1_68' title='bbox 1772 933 1872 992; x_wconf 90' lang='lat' dir='ltr'><strong>etsi</strong></span> <span class='ocrx_word' id='word_1_69' title='bbox 1896 950 1997 989; x_wconf 73' lang='lat' dir='ltr'><strong>nu~</strong></span> 
     </span>
    </p>
   </div>
   <div class='ocr_carea' id='block_1_10' title="bbox 397 1027 2000 1109">
    <p class='ocr_par' dir='ltr' id='par_1_10' title="bbox 397 1027 2000 1109">
     <span class='ocr_line' id='line_1_10' title="bbox 397 1027 2000 1109; baseline -0.009 -8"><span class='ocrx_word' id='word_1_70' title='bbox 397 1041 499 1102; x_wconf 89' lang='lat' dir='ltr'><strong>dus</strong></span> <span class='ocrx_word' id='word_1_71' title='bbox 528 1039 778 1107; x_wconf 89' lang='lat' dir='ltr'><strong>redieris,</strong></span> <span class='ocrx_word' id='word_1_72' title='bbox 803 1037 1047 1109; x_wconf 90' lang='lat' dir='ltr'><strong>recipiet,</strong></span> <span class='ocrx_word' id='word_1_73' title='bbox 1094 1034 1219 1109; x_wconf 83' lang='lat' dir='ltr'><strong>quia</strong></span> <span class='ocrx_word' id='word_1_74' title='bbox 1258 1031 1445 1091; x_wconf 91' lang='lat' dir='ltr'><strong>redisti</strong></span> <span class='ocrx_word' id='word_1_75' title='bbox 1476 1050 1490 1088; x_wconf 89' lang='lat'><strong>:</strong></span> <span class='ocrx_word' id='word_1_76' title='bbox 1522 1031 1801 1103; x_wconf 81' lang='lat' dir='ltr'><strong>magisque</strong></span> <span class='ocrx_word' id='word_1_77' title='bbox 1829 1027 1896 1086; x_wconf 91' lang='lat' dir='ltr'><strong>de</strong></span> <span class='ocrx_word' id='word_1_78' title='bbox 1921 1043 2000 1086; x_wconf 86' lang='lat' dir='ltr'><strong>rc-</strong></span> 
     </span>
    </p>
   </div>
   <div class='ocr_carea' id='block_1_11' title="bbox 396 1122 1998 1210">
    <p class='ocr_par' dir='ltr' id='par_1_11' title="bbox 396 1122 1998 1210">
     <span class='ocr_line' id='line_1_11' title="bbox 396 1122 1998 1210; baseline -0.012 -15"><span class='ocrx_word' id='word_1_79' title='bbox 396 1151 588 1210; x_wconf 83' lang='lat' dir='ltr'><strong>gressu</strong></span> <span class='ocrx_word' id='word_1_80' title='bbox 616 1143 724 1202; x_wconf 91' lang='lat' dir='ltr'><strong>tuo,</strong></span> <span class='ocrx_word' id='word_1_81' title='bbox 749 1148 909 1206; x_wconf 89' lang='lat' dir='ltr'><strong>quam</strong></span> <span class='ocrx_word' id='word_1_82' title='bbox 968 1130 1037 1189; x_wconf 91' lang='lat' dir='ltr'><strong>de</strong></span> <span class='ocrx_word' id='word_1_83' title='bbox 1081 1129 1304 1187; x_wconf 81' lang='lat' dir='ltr'><strong>alterius</strong></span> <span class='ocrx_word' id='word_1_84' title='bbox 1362 1125 1659 1185; x_wconf 83' lang='lat' dir='ltr'><strong>sobrietate</strong></span> <span class='ocrx_word' id='word_1_85' title='bbox 1708 1122 1998 1180; x_wconf 77' lang='lat' dir='ltr'><strong>lzetabitur.</strong></span> 
     </span>
    </p>
   </div>
   <div class='ocr_carea' id='block_1_12' title="bbox 396 1215 2001 1301">
    <p class='ocr_par' dir='ltr' id='par_1_12' title="bbox 396 1215 2001 1301">
     <span class='ocr_line' id='line_1_12' title="bbox 396 1215 2001 1301; baseline -0.011 -13"><span class='ocrx_word' id='word_1_86' title='bbox 396 1229 502 1288; x_wconf 90' lang='lat' dir='ltr'><strong>Sed</strong></span> <span class='ocrx_word' id='word_1_87' title='bbox 527 1230 571 1285; x_wconf 91' lang='lat' dir='ltr'><strong>si</strong></span> <span class='ocrx_word' id='word_1_88' title='bbox 596 1227 857 1301; x_wconf 65' lang='lat' dir='ltr'><strong>paeniteat</strong></span> <span class='ocrx_word' id='word_1_89' title='bbox 886 1241 956 1283; x_wconf 80' lang='lat' dir='ltr'><strong>ex</strong></span> <span class='ocrx_word' id='word_1_90' title='bbox 986 1223 1262 1282; x_wconf 89' lang='lat' dir='ltr'><strong>animo....</strong></span> <span class='ocrx_word' id='word_1_91' title='bbox 1302 1222 1346 1277; x_wconf 91' lang='lat' dir='ltr'><strong>si</strong></span> <span class='ocrx_word' id='word_1_92' title='bbox 1392 1232 1608 1292; x_wconf 90' lang='lat' dir='ltr'><strong>porcos,</strong></span> <span class='ocrx_word' id='word_1_93' title='bbox 1663 1215 2001 1273; x_wconf 89' lang='lat' dir='ltr'><strong>immundum</strong></span> 
     </span>
    </p>
   </div>
   <div class='ocr_carea' id='block_1_13' title="bbox 396 1308 2000 1395">
    <p class='ocr_par' dir='ltr' id='par_1_13' title="bbox 396 1308 2000 1395">
     <span class='ocr_line' id='line_1_13' title="bbox 396 1308 2000 1395; baseline -0.011 -13"><span class='ocrx_word' id='word_1_94' title='bbox 396 1323 670 1395; x_wconf 76' lang='lat' dir='ltr'><strong>relinquas</strong></span> <span class='ocrx_word' id='word_1_95' title='bbox 696 1336 879 1394; x_wconf 90' lang='lat' dir='ltr'><strong>pecus,</strong></span> <span class='ocrx_word' id='word_1_96' title='bbox 910 1320 955 1378; x_wconf 90' lang='lat' dir='ltr'><strong>si</strong></span> <span class='ocrx_word' id='word_1_97' title='bbox 980 1329 1189 1390; x_wconf 90' lang='lat' dir='ltr'><strong>patrem</strong></span> <span class='ocrx_word' id='word_1_98' title='bbox 1218 1325 1430 1389; x_wconf 83' lang='lat' dir='ltr'><strong>repetas</strong></span> <span class='ocrx_word' id='word_1_99' title='bbox 1460 1314 1545 1372; x_wconf 89' lang='lat' dir='ltr'><strong>vel</strong></span> <span class='ocrx_word' id='word_1_100' title='bbox 1571 1311 1836 1370; x_wconf 81' lang='lat' dir='ltr'><strong>offensum</strong></span> <span class='ocrx_word' id='word_1_101' title='bbox 1859 1355 1872 1379; x_wconf 94' lang='lat'><strong>,</strong></span> <span class='ocrx_word' id='word_1_102' title='bbox 1896 1308 2000 1366; x_wconf 87' lang='lat' dir='ltr'><strong>De-</strong></span> 
     </span>
    </p>
   </div>
   <div class='ocr_carea' id='block_1_14' title="bbox 396 1405 1997 1489">
    <p class='ocr_par' dir='ltr' id='par_1_14' title="bbox 396 1405 1997 1489">
     <span class='ocr_line' id='line_1_14' title="bbox 396 1405 1997 1489; baseline -0.006 -16"><span class='ocrx_word' id='word_1_103' title='bbox 396 1416 542 1489; x_wconf 84' lang='lat' dir='ltr'><strong>liqui,</strong></span> <span class='ocrx_word' id='word_1_104' title='bbox 572 1415 779 1482; x_wconf 86' lang='lat' dir='ltr'><strong>dicens,</strong></span> <span class='ocrx_word' id='word_1_105' title='bbox 814 1413 994 1483; x_wconf 87' lang='lat' dir='ltr'><strong>Pater,</strong></span> <span class='ocrx_word' id='word_1_106' title='bbox 1022 1429 1113 1469; x_wconf 85' lang='lat' dir='ltr'><strong>nec</strong></span> <span class='ocrx_word' id='word_1_107' title='bbox 1134 1412 1321 1485; x_wconf 86' lang='lat' dir='ltr'><strong>dignus</strong></span> <span class='ocrx_word' id='word_1_108' title='bbox 1350 1424 1440 1482; x_wconf 91' lang='lat' dir='ltr'><strong>ego</strong></span> <span class='ocrx_word' id='word_1_109' title='bbox 1480 1408 1596 1480; x_wconf 87' lang='lat' dir='ltr'><strong>jant</strong></span> <span class='ocrx_word' id='word_1_110' title='bbox 1639 1405 1809 1465; x_wconf 79' lang='lat' dir='ltr'><strong>uocari</strong></span> <span class='ocrx_word' id='word_1_111' title='bbox 1859 1414 1997 1464; x_wconf 83' lang='lat' dir='ltr'><strong>tuus.</strong></span> 
     </span>
    </p>
   </div>
   <div class='ocr_carea' id='block_1_15' title="bbox 398 1498 1998 1575">
    <p class='ocr_par' dir='ltr' id='par_1_15' title="bbox 398 1498 1998 1575">
     <span class='ocr_line' id='line_1_15' title="bbox 398 1498 1998 1575; baseline -0.011 -5"><span class='ocrx_word' id='word_1_112' title='bbox 398 1512 630 1571; x_wconf 90' lang='lat' dir='ltr'><strong>Tantum</strong></span> <span class='ocrx_word' id='word_1_113' title='bbox 659 1510 863 1569; x_wconf 89' lang='lat' dir='ltr'><strong>relevat</strong></span> <span class='ocrx_word' id='word_1_114' title='bbox 882 1507 1156 1568; x_wconf 81' lang='lat' dir='ltr'><strong>confessio</strong></span> <span class='ocrx_word' id='word_1_115' title='bbox 1177 1506 1517 1573; x_wconf 86' lang='lat' dir='ltr'><strong>delictorum,</strong></span> <span class='ocrx_word' id='word_1_116' title='bbox 1549 1511 1808 1575; x_wconf 88' lang='lat' dir='ltr'><strong>quantum</strong></span> <span class='ocrx_word' id='word_1_117' title='bbox 1838 1498 1998 1555; x_wconf 86' lang='lat' dir='ltr'><strong>dissi-</strong></span> 
     </span>
    </p>
   </div>
   <div class='ocr_carea' id='block_1_16' title="bbox 403 1594 2001 1679">
    <p class='ocr_par' dir='ltr' id='par_1_16' title="bbox 403 1594 2001 1679">
     <span class='ocr_line' id='line_1_16' title="bbox 403 1594 2001 1679; baseline -0.009 -15"><span class='ocrx_word' id='word_1_118' title='bbox 403 1607 628 1664; x_wconf 89' lang='lat' dir='ltr'><strong>mulatio</strong></span> <span class='ocrx_word' id='word_1_119' title='bbox 678 1615 987 1679; x_wconf 78' lang='lat' dir='ltr'><strong>exaggerat.</strong></span> <span class='ocrx_word' id='word_1_120' title='bbox 1058 1601 1344 1660; x_wconf 88' lang='lat' dir='ltr'><strong>Confessio</strong></span> <span class='ocrx_word' id='word_1_121' title='bbox 1417 1599 1563 1656; x_wconf 90' lang='lat' dir='ltr'><strong>enim</strong></span> <span class='ocrx_word' id='word_1_122' title='bbox 1619 1594 2001 1654; x_wconf 89' lang='lat' dir='ltr'><strong>satisfactionis</strong></span> 
     </span>
    </p>
   </div>
   <div class='ocr_carea' id='block_1_17' title="bbox 399 1688 1999 1766">
    <p class='ocr_par' dir='ltr' id='par_1_17' title="bbox 399 1688 1999 1766">
     <span class='ocr_line' id='line_1_17' title="bbox 399 1688 1999 1766; baseline -0.012 -6"><span class='ocrx_word' id='word_1_123' title='bbox 399 1701 681 1760; x_wconf 86' lang='lat' dir='ltr'><strong>consilium</strong></span> <span class='ocrx_word' id='word_1_124' title='bbox 744 1709 855 1766; x_wconf 89' lang='lat' dir='ltr'><strong>est,</strong></span> <span class='ocrx_word' id='word_1_125' title='bbox 913 1696 1272 1756; x_wconf 85' lang='lat' dir='ltr'><strong>dissimulatio</strong></span> <span class='ocrx_word' id='word_1_126' title='bbox 1324 1691 1674 1755; x_wconf 88' lang='lat' dir='ltr'><strong>contumaciae</strong></span> <span class='ocrx_word' id='word_1_127' title='bbox 1718 1688 1999 1766; x_wconf 80' lang='lat' dir='ltr'><strong>(Ibidem,</strong></span> 
     </span>
    </p>
   </div>
   <div class='ocr_carea' id='block_1_18' title="bbox 403 1778 1815 1868">
    <p class='ocr_par' dir='ltr' id='par_1_18' title="bbox 403 1778 1815 1868">
     <span class='ocr_line' id='line_1_18' title="bbox 403 1778 1815 1868; baseline -0.008 -18"><span class='ocrx_word' id='word_1_128' title='bbox 403 1811 519 1868; x_wconf 83' lang='lat' dir='ltr'><strong>cap.</strong></span> <span class='ocrx_word' id='word_1_129' title='bbox 551 1796 603 1865; x_wconf 88' lang='lat'><strong>8,</strong></span> <span class='ocrx_word' id='word_1_130' title='bbox 636 1793 734 1863; x_wconf 86' lang='lat' dir='ltr'><strong>t.l,</strong></span> <span class='ocrx_word' id='word_1_131' title='bbox 770 1792 870 1852; x_wconf 80' lang='lat' dir='ltr'><strong>col.</strong></span> <span class='ocrx_word' id='word_1_132' title='bbox 902 1790 1083 1865; x_wconf 72' lang='grc'><strong>1245).</strong></span> <span class='ocrx_word' id='word_1_133' title='bbox 1814 1778 1815 1781; x_wconf 36' lang='grc'><em>“</em></span> 
     </span>
    </p>
   </div>
   <div class='ocr_carea' id='block_1_19' title="bbox 478 1877 1999 1961">
    <p class='ocr_par' dir='ltr' id='par_1_19' title="bbox 478 1877 1999 1961">
     <span class='ocr_line' id='line_1_19' title="bbox 478 1877 1999 1961; baseline -0.009 -14"><span class='ocrx_word' id='word_1_134' title='bbox 478 1912 496 1947; x_wconf 73' lang='grc' dir='ltr'>ι</span> <span class='ocrx_word' id='word_1_135' title='bbox 526 1888 908 1960; x_wconf 71' lang='lat' dir='ltr'><strong>Exomoiogesis</strong></span> <span class='ocrx_word' id='word_1_136' title='bbox 933 1883 1307 1961; x_wconf 91' lang='lat' dir='ltr'><strong>prosternendi</strong></span> <span class='ocrx_word' id='word_1_137' title='bbox 1333 1892 1386 1940; x_wconf 92' lang='lat' dir='ltr'><strong>et</strong></span> <span class='ocrx_word' id='word_1_138' title='bbox 1405 1879 1790 1939; x_wconf 89' lang='lat' dir='ltr'><strong>humililicandi</strong></span> <span class='ocrx_word' id='word_1_139' title='bbox 1823 1877 1999 1935; x_wconf 87' lang='lat' dir='ltr'><strong>homi-</strong></span> 
     </span>
    </p>
   </div>
   <div class='ocr_carea' id='block_1_20' title="bbox 399 1970 2002 2056">
    <p class='ocr_par' dir='ltr' id='par_1_20' title="bbox 399 1970 2002 2056">
     <span class='ocr_line' id='line_1_20' title="bbox 399 1970 2002 2056; baseline -0.012 -11"><span class='ocrx_word' id='word_1_140' title='bbox 399 1987 485 2046; x_wconf 88' lang='lat' dir='ltr'><strong>nis</strong></span> <span class='ocrx_word' id='word_1_141' title='bbox 534 1983 817 2056; x_wconf 85' lang='lat' dir='ltr'><strong>disciplina</strong></span> <span class='ocrx_word' id='word_1_142' title='bbox 838 1990 940 2050; x_wconf 88' lang='lat' dir='ltr'><strong>est,</strong></span> <span class='ocrx_word' id='word_1_143' title='bbox 973 1978 1442 2038; x_wconf 89' lang='lat' dir='ltr'><strong>conversationem</strong></span> <span class='ocrx_word' id='word_1_144' title='bbox 1466 1974 1751 2047; x_wconf 86' lang='lat' dir='ltr'><strong>injungens</strong></span> <span class='ocrx_word' id='word_1_145' title='bbox 1787 1970 2002 2029; x_wconf 79' lang='lat' dir='ltr'><strong>miscri-</strong></span> 
     </span>
    </p>
   </div>
   <div class='ocr_carea' id='block_1_21' title="bbox 401 2065 2002 2146">
    <p class='ocr_par' dir='ltr' id='par_1_21' title="bbox 401 2065 2002 2146">
     <span class='ocr_line' id='line_1_21' title="bbox 401 2065 2002 2146; baseline -0.012 -8"><span class='ocrx_word' id='word_1_146' title='bbox 401 2079 599 2138; x_wconf 61' lang='lat' dir='ltr'><strong>cordia)</strong></span> <span class='ocrx_word' id='word_1_147' title='bbox 648 2076 867 2135; x_wconf 88' lang='lat' dir='ltr'><strong>illiccm.</strong></span> <span class='ocrx_word' id='word_1_148' title='bbox 899 2075 975 2132; x_wconf 89' lang='lat' dir='ltr'><strong>De</strong></span> <span class='ocrx_word' id='word_1_149' title='bbox 1023 2074 1142 2146; x_wconf 88' lang='lat' dir='ltr'><strong>ipso</strong></span> <span class='ocrx_word' id='word_1_150' title='bbox 1186 2084 1401 2144; x_wconf 87' lang='lat' dir='ltr'><strong>quoque</strong></span> <span class='ocrx_word' id='word_1_151' title='bbox 1444 2066 1626 2123; x_wconf 89' lang='lat' dir='ltr'><strong>habitu</strong></span> <span class='ocrx_word' id='word_1_152' title='bbox 1670 2076 1832 2139; x_wconf 87' lang='lat' dir='ltr'><strong>atque</strong></span> <span class='ocrx_word' id='word_1_153' title='bbox 1858 2065 2002 2123; x_wconf 85' lang='lat' dir='ltr'><strong>victu</strong></span> 
     </span>
    </p>
   </div>
   <div class='ocr_carea' id='block_1_22' title="bbox 404 2160 2004 2243">
    <p class='ocr_par' dir='ltr' id='par_1_22' title="bbox 404 2160 2004 2243">
     <span class='ocr_line' id='line_1_22' title="bbox 404 2160 2004 2243; baseline -0.01 -12"><span class='ocrx_word' id='word_1_154' title='bbox 404 2173 641 2243; x_wconf 83' lang='lat' dir='ltr'><strong>mandat,</strong></span> <span class='ocrx_word' id='word_1_155' title='bbox 675 2185 834 2228; x_wconf 89' lang='lat' dir='ltr'><strong>sacco</strong></span> <span class='ocrx_word' id='word_1_156' title='bbox 881 2178 937 2227; x_wconf 90' lang='lat' dir='ltr'><strong>et</strong></span> <span class='ocrx_word' id='word_1_157' title='bbox 982 2167 1154 2225; x_wconf 91' lang='lat' dir='ltr'><strong>cineri</strong></span> <span class='ocrx_word' id='word_1_158' title='bbox 1185 2164 1462 2231; x_wconf 88' lang='lat' dir='ltr'><strong>incubare,</strong></span> <span class='ocrx_word' id='word_1_159' title='bbox 1514 2176 1713 2234; x_wconf 90' lang='lat' dir='ltr'><strong>corpus</strong></span> <span class='ocrx_word' id='word_1_160' title='bbox 1753 2160 2004 2219; x_wconf 90' lang='lat' dir='ltr'><strong>sordibus</strong></span> 
     </span>
    </p>
   </div>
   <div class='ocr_carea' id='block_1_23' title="bbox 408 2250 2004 2334">
    <p class='ocr_par' dir='ltr' id='par_1_23' title="bbox 408 2250 2004 2334">
     <span class='ocr_line' id='line_1_23' title="bbox 408 2250 2004 2334; baseline -0.011 -8"><span class='ocrx_word' id='word_1_161' title='bbox 408 2250 719 2334; x_wconf 83' lang='lat' dir='ltr'><strong>obscurare,</strong></span> <span class='ocrx_word' id='word_1_162' title='bbox 776 2263 1013 2320; x_wconf 87' lang='lat' dir='ltr'><strong>animum</strong></span> <span class='ocrx_word' id='word_1_163' title='bbox 1069 2259 1393 2318; x_wconf 83' lang='lat' dir='ltr'><strong>maeroribus</strong></span> <span class='ocrx_word' id='word_1_164' title='bbox 1432 2256 1705 2328; x_wconf 84' lang='lat' dir='ltr'><strong>dejicere,</strong></span> <span class='ocrx_word' id='word_1_165' title='bbox 1751 2253 1839 2309; x_wconf 91' lang='lat' dir='ltr'><strong>illa</strong></span> <span class='ocrx_word' id='word_1_166' title='bbox 1884 2265 2004 2324; x_wconf 65' lang='lat' dir='ltr'><strong>quae</strong></span> 
     </span>
    </p>
   </div>
   <div class='ocr_carea' id='block_1_24' title="bbox 400 2356 2005 2438">
    <p class='ocr_par' dir='ltr' id='par_1_24' title="bbox 400 2356 2005 2438">
     <span class='ocr_line' id='line_1_24' title="bbox 400 2356 2005 2438; baseline -0.012 -19"><span class='ocrx_word' id='word_1_167' title='bbox 400 2361 664 2438; x_wconf 87' lang='lat' dir='ltr'><strong>peccavit,</strong></span> <span class='ocrx_word' id='word_1_168' title='bbox 713 2359 853 2419; x_wconf 73' lang='lat' dir='ltr'><strong>tristi</strong></span> <span class='ocrx_word' id='word_1_169' title='bbox 925 2356 1241 2413; x_wconf 84' lang='lat' dir='ltr'><strong>tractatione</strong></span> <span class='ocrx_word' id='word_1_170' title='bbox 1302 2365 1548 2420; x_wconf 89' lang='lat' dir='ltr'><strong>mutare;</strong></span> <span class='ocrx_word' id='word_1_171' title='bbox 1602 2359 1858 2406; x_wconf 69' lang='lat' dir='ltr'><strong>creterum</strong></span> <span class='ocrx_word' id='word_1_172' title='bbox 1906 2362 2005 2419; x_wconf 84' lang='lat' dir='ltr'><strong>pa-</strong></span> 
     </span>
    </p>
   </div>
   <div class='ocr_carea' id='block_1_25' title="bbox 404 2440 2003 2530">
    <p class='ocr_par' dir='ltr' id='par_1_25' title="bbox 404 2440 2003 2530">
     <span class='ocr_line' id='line_1_25' title="bbox 404 2440 2003 2530; baseline -0.012 -14"><span class='ocrx_word' id='word_1_173' title='bbox 404 2470 545 2516; x_wconf 89' lang='lat' dir='ltr'><strong>stum</strong></span> <span class='ocrx_word' id='word_1_174' title='bbox 579 2465 633 2515; x_wconf 91' lang='lat' dir='ltr'><strong>et</strong></span> <span class='ocrx_word' id='word_1_175' title='bbox 661 2464 843 2530; x_wconf 88' lang='lat' dir='ltr'><strong>potum</strong></span> <span class='ocrx_word' id='word_1_176' title='bbox 872 2469 1004 2528; x_wconf 88' lang='lat' dir='ltr'><strong>pura</strong></span> <span class='ocrx_word' id='word_1_177' title='bbox 1033 2467 1214 2521; x_wconf 89' lang='lat' dir='ltr'><strong>nosse,</strong></span> <span class='ocrx_word' id='word_1_178' title='bbox 1246 2465 1352 2507; x_wconf 92' lang='lat' dir='ltr'><strong>non</strong></span> <span class='ocrx_word' id='word_1_179' title='bbox 1380 2447 1582 2504; x_wconf 78' lang='lat' dir='ltr'><strong>ventris</strong></span> <span class='ocrx_word' id='word_1_180' title='bbox 1628 2444 1855 2511; x_wconf 90' lang='lat' dir='ltr'><strong>scilicet,</strong></span> <span class='ocrx_word' id='word_1_181' title='bbox 1909 2440 2003 2499; x_wconf 90' lang='lat' dir='ltr'><strong>sed</strong></span> 
     </span>
    </p>
   </div>
   <div class='ocr_carea' id='block_1_26' title="bbox 404 2536 2004 2622">
    <p class='ocr_par' dir='ltr' id='par_1_26' title="bbox 404 2536 2004 2622">
     <span class='ocr_line' id='line_1_26' title="bbox 404 2536 2004 2622; baseline -0.014 -11"><span class='ocrx_word' id='word_1_182' title='bbox 404 2556 600 2611; x_wconf 72' lang='lat' dir='ltr'><strong>animm</strong></span> <span class='ocrx_word' id='word_1_183' title='bbox 628 2566 818 2609; x_wconf 90' lang='lat' dir='ltr'><strong>caussa</strong></span> <span class='ocrx_word' id='word_1_184' title='bbox 847 2568 862 2606; x_wconf 88' lang='lat'><strong>:</strong></span> <span class='ocrx_word' id='word_1_185' title='bbox 899 2550 1214 2622; x_wconf 90' lang='lat' dir='ltr'><strong>plerumque</strong></span> <span class='ocrx_word' id='word_1_186' title='bbox 1240 2559 1368 2602; x_wconf 90' lang='lat' dir='ltr'><strong>vero</strong></span> <span class='ocrx_word' id='word_1_187' title='bbox 1391 2541 1608 2615; x_wconf 84' lang='lat' dir='ltr'><strong>jejuniis</strong></span> <span class='ocrx_word' id='word_1_188' title='bbox 1626 2553 1814 2612; x_wconf 90' lang='lat' dir='ltr'><strong>preces</strong></span> <span class='ocrx_word' id='word_1_189' title='bbox 1839 2536 2004 2604; x_wconf 90' lang='lat' dir='ltr'><strong>alere,</strong></span> 
     </span>
    </p>
   </div>
   <div class='ocr_carea' id='block_1_27' title="bbox 411 2628 2007 2718">
    <p class='ocr_par' dir='ltr' id='par_1_27' title="bbox 411 2628 2007 2718">
     <span class='ocr_line' id='line_1_27' title="bbox 411 2628 2007 2718; baseline -0.014 -14"><span class='ocrx_word' id='word_1_190' title='bbox 411 2646 788 2718; x_wconf 83' lang='lat' dir='ltr'><strong>ingemiscere,</strong></span> <span class='ocrx_word' id='word_1_191' title='bbox 814 2640 1221 2715; x_wconf 88' lang='lat' dir='ltr'><strong>lachrymari,et</strong></span> <span class='ocrx_word' id='word_1_192' title='bbox 1246 2637 1452 2709; x_wconf 81' lang='lat' dir='ltr'><strong>mugire</strong></span> <span class='ocrx_word' id='word_1_193' title='bbox 1476 2632 1600 2711; x_wconf 82' lang='lat' dir='ltr'><strong>dies</strong></span> <span class='ocrx_word' id='word_1_194' title='bbox 1622 2640 1914 2701; x_wconf 87' lang='lat' dir='ltr'><strong>noctesque</strong></span> <span class='ocrx_word' id='word_1_195' title='bbox 1939 2628 2007 2683; x_wconf 88' lang='lat' dir='ltr'><strong>ad</strong></span> 
     </span>
    </p>
   </div>
   <div class='ocr_carea' id='block_1_28' title="bbox 406 2721 2010 2804">
    <p class='ocr_par' dir='ltr' id='par_1_28' title="bbox 406 2721 2010 2804">
     <span class='ocr_line' id='line_1_28' title="bbox 406 2721 2010 2804; baseline -0.011 -9"><span class='ocrx_word' id='word_1_196' title='bbox 406 2738 691 2796; x_wconf 87' lang='lat' dir='ltr'><strong>Dominum</strong></span> <span class='ocrx_word' id='word_1_197' title='bbox 724 2737 891 2793; x_wconf 90' lang='lat' dir='ltr'><strong>Deum</strong></span> <span class='ocrx_word' id='word_1_198' title='bbox 913 2742 1086 2803; x_wconf 89' lang='lat' dir='ltr'><strong>tuum,</strong></span> <span class='ocrx_word' id='word_1_199' title='bbox 1113 2728 1447 2804; x_wconf 75' lang='lat' dir='ltr'><strong>presbyteris</strong></span> <span class='ocrx_word' id='word_1_200' title='bbox 1476 2725 1707 2793; x_wconf 84' lang='lat' dir='ltr'><strong>advolvi,</strong></span> <span class='ocrx_word' id='word_1_201' title='bbox 1745 2732 1801 2781; x_wconf 92' lang='lat' dir='ltr'><strong>et</strong></span> <span class='ocrx_word' id='word_1_202' title='bbox 1828 2721 2010 2780; x_wconf 90' lang='lat' dir='ltr'><strong>charis</strong></span> 
     </span>
    </p>
   </div>
   <div class='ocr_carea' id='block_1_29' title="bbox 409 2818 2008 2905">
    <p class='ocr_par' dir='ltr' id='par_1_29' title="bbox 409 2818 2008 2905">
     <span class='ocr_line' id='line_1_29' title="bbox 409 2818 2008 2905; baseline -0.011 -15"><span class='ocrx_word' id='word_1_203' title='bbox 409 2834 503 2890; x_wconf 90' lang='lat' dir='ltr'><strong>Dei</strong></span> <span class='ocrx_word' id='word_1_204' title='bbox 526 2829 912 2905; x_wconf 84' lang='lat' dir='ltr'><strong>adgeniculari,</strong></span> <span class='ocrx_word' id='word_1_205' title='bbox 940 2827 1191 2885; x_wconf 90' lang='lat' dir='ltr'><strong>omnibus</strong></span> <span class='ocrx_word' id='word_1_206' title='bbox 1221 2823 1476 2881; x_wconf 81' lang='lat' dir='ltr'><strong>fratribus</strong></span> <span class='ocrx_word' id='word_1_207' title='bbox 1503 2821 1799 2893; x_wconf 84' lang='lat' dir='ltr'><strong>legationes</strong></span> <span class='ocrx_word' id='word_1_208' title='bbox 1813 2818 2008 2890; x_wconf 86' lang='lat' dir='ltr'><strong>depre-</strong></span> 
     </span>
    </p>
   </div>
   <div class='ocr_carea' id='block_1_30' title="bbox 409 2910 2003 2997">
    <p class='ocr_par' dir='ltr' id='par_1_30' title="bbox 409 2910 2003 2997">
     <span class='ocr_line' id='line_1_30' title="bbox 409 2910 2003 2997; baseline -0.011 -14"><span class='ocrx_word' id='word_1_209' title='bbox 409 2928 634 2984; x_wconf 88' lang='lat' dir='ltr'><strong>cationis</strong></span> <span class='ocrx_word' id='word_1_210' title='bbox 655 2941 767 2983; x_wconf 70' lang='lat' dir='ltr'><strong>sure</strong></span> <span class='ocrx_word' id='word_1_211' title='bbox 793 2924 1072 2997; x_wconf 75' lang='lat' dir='ltr'><strong>iniungere</strong></span> <span class='ocrx_word' id='word_1_212' title='bbox 1097 2919 1342 2995; x_wconf 71' lang='lat' dir='ltr'><strong>(Ibidem,</strong></span> <span class='ocrx_word' id='word_1_213' title='bbox 1377 2935 1426 2976; x_wconf 90' lang='lat' dir='ltr'><strong>c.</strong></span> <span class='ocrx_word' id='word_1_214' title='bbox 1458 2916 1510 2987; x_wconf 87' lang='lat'><strong>9,</strong></span> <span class='ocrx_word' id='word_1_215' title='bbox 1539 2914 1631 2986; x_wconf 89' lang='lat' dir='ltr'><strong>t.l,</strong></span> <span class='ocrx_word' id='word_1_216' title='bbox 1658 2913 1759 2972; x_wconf 85' lang='lat' dir='ltr'><strong>eoi.</strong></span> <span class='ocrx_word' id='word_1_217' title='bbox 1784 2910 2003 2984; x_wconf 50' lang='lat' dir='ltr'><strong>libi)»</strong></span> 
     </span>
    </p>
   </div>
   <div class='ocr_carea' id='block_1_31' title="bbox 483 3004 2009 3091">
    <p class='ocr_par' dir='ltr' id='par_1_31' title="bbox 483 3004 2009 3091">
     <span class='ocr_line' id='line_1_31' title="bbox 483 3004 2009 3091; baseline -0.01 -14"><span class='ocrx_word' id='word_1_218' title='bbox 483 3020 720 3077; x_wconf 86' lang='lat' dir='ltr'><strong>Ridenda</strong></span> <span class='ocrx_word' id='word_1_219' title='bbox 737 3017 1047 3091; x_wconf 70' lang='lat' dir='ltr'><strong>paenitentia,</strong></span> <span class='ocrx_word' id='word_1_220' title='bbox 1068 3031 1183 3087; x_wconf 84' lang='lat' dir='ltr'><strong>qua:</strong></span> <span class='ocrx_word' id='word_1_221' title='bbox 1209 3013 1420 3070; x_wconf 79' lang='lat' dir='ltr'><strong>delicias</strong></span> <span class='ocrx_word' id='word_1_222' title='bbox 1446 3027 1546 3067; x_wconf 84' lang='lat' dir='ltr'><strong>non</strong></span> <span class='ocrx_word' id='word_1_223' title='bbox 1573 3008 1768 3083; x_wconf 74' lang='lat' dir='ltr'><strong>objicit.</strong></span> <span class='ocrx_word' id='word_1_224' title='bbox 1784 3004 2009 3064; x_wconf 71' lang='lat' dir='ltr'><strong>-—sAd-</strong></span> 
     </span>
    </p>
   </div>
   <div class='ocr_carea' id='block_1_32' title="bbox 404 3107 2010 3188">
    <p class='ocr_par' dir='ltr' id='par_1_32' title="bbox 404 3107 2010 3188">
     <span class='ocr_line' id='line_1_32' title="bbox 404 3107 2010 3188; baseline -0.009 -15"><span class='ocrx_word' id='word_1_225' title='bbox 404 3116 557 3188; x_wconf 88' lang='lat' dir='ltr'><strong>jicito</strong></span> <span class='ocrx_word' id='word_1_226' title='bbox 585 3115 651 3172; x_wconf 90' lang='lat' dir='ltr'><strong>ad</strong></span> <span class='ocrx_word' id='word_1_227' title='bbox 692 3121 987 3187; x_wconf 87' lang='lat' dir='ltr'><strong>sumptum,</strong></span> <span class='ocrx_word' id='word_1_228' title='bbox 1018 3111 1316 3182; x_wconf 89' lang='lat' dir='ltr'><strong>conquirito</strong></span> <span class='ocrx_word' id='word_1_229' title='bbox 1344 3107 1570 3165; x_wconf 88' lang='lat' dir='ltr'><strong>altilium</strong></span> <span class='ocrx_word' id='word_1_230' title='bbox 1601 3120 1878 3163; x_wconf 88' lang='lat' dir='ltr'><strong>enormem</strong></span> <span class='ocrx_word' id='word_1_231' title='bbox 1922 3119 2010 3160; x_wconf 88' lang='lat' dir='ltr'><strong>sa-</strong></span> 
     </span>
    </p>
   </div>
   <div class='ocr_carea' id='block_1_33' title="bbox 2103 467 3699 551">
    <p class='ocr_par' dir='ltr' id='par_1_33' title="bbox 2103 467 3699 551">
     <span class='ocr_line' id='line_1_33' title="bbox 2103 467 3699 551; baseline 0.009 -23"><span class='ocrx_word' id='word_1_232' title='bbox 2103 467 2211 528; x_wconf 88' lang='lat' dir='ltr'><strong>Cur</strong></span> <span class='ocrx_word' id='word_1_233' title='bbox 2225 469 2365 526; x_wconf 90' lang='lat' dir='ltr'><strong>enim</strong></span> <span class='ocrx_word' id='word_1_234' title='bbox 2382 470 2732 529; x_wconf 87' lang='lat' dir='ltr'><strong>immoderate</strong></span> <span class='ocrx_word' id='word_1_235' title='bbox 2750 471 2891 531; x_wconf 86' lang='lat' dir='ltr'><strong>feras</strong></span> <span class='ocrx_word' id='word_1_236' title='bbox 2907 474 3130 547; x_wconf 88' lang='lat' dir='ltr'><strong>abiisse,</strong></span> <span class='ocrx_word' id='word_1_237' title='bbox 3160 467 3322 551; x_wconf 81' lang='lat' dir='ltr'><strong>quem</strong></span> <span class='ocrx_word' id='word_1_238' title='bbox 3346 497 3473 538; x_wconf 81' lang='lat' dir='ltr'><strong>mox</strong></span> <span class='ocrx_word' id='word_1_239' title='bbox 3506 483 3699 542; x_wconf 82' lang='lat' dir='ltr'><strong>subse-</strong></span> 
     </span>
    </p>
   </div>
   <div class='ocr_carea' id='block_1_34' title="bbox 2106 562 3702 649">
    <p class='ocr_par' dir='ltr' id='par_1_34' title="bbox 2106 562 3702 649">
     <span class='ocr_line' id='line_1_34' title="bbox 2106 562 3702 649; baseline 0.014 -35"><span class='ocrx_word' id='word_1_240' title='bbox 2106 562 2324 635; x_wconf 84' lang='lat' dir='ltr'><strong>queris?</strong></span> <span class='ocrx_word' id='word_1_241' title='bbox 2350 563 2615 622; x_wconf 62' lang='lat' dir='ltr'><strong>Caeterum</strong></span> <span class='ocrx_word' id='word_1_242' title='bbox 2643 566 2975 639; x_wconf 86' lang='lat' dir='ltr'><strong>impatientia</strong></span> <span class='ocrx_word' id='word_1_243' title='bbox 3003 570 3056 626; x_wconf 89' lang='lat' dir='ltr'><strong>in</strong></span> <span class='ocrx_word' id='word_1_244' title='bbox 3075 569 3379 643; x_wconf 80' lang='lat' dir='ltr'><strong>hujusmedi</strong></span> <span class='ocrx_word' id='word_1_245' title='bbox 3401 585 3455 632; x_wconf 91' lang='lat' dir='ltr'><strong>et</strong></span> <span class='ocrx_word' id='word_1_246' title='bbox 3472 579 3585 649; x_wconf 86' lang='lat' dir='ltr'><strong>spei</strong></span> <span class='ocrx_word' id='word_1_247' title='bbox 3605 594 3702 637; x_wconf 57' lang='lat' dir='ltr'><strong>no.</strong></span> 
     </span>
    </p>
   </div>
   <div class='ocr_carea' id='block_1_35' title="bbox 2104 659 3699 740">
    <p class='ocr_par' dir='ltr' id='par_1_35' title="bbox 2104 659 3699 740">
     <span class='ocr_line' id='line_1_35' title="bbox 2104 659 3699 740; baseline 0.011 -25"><span class='ocrx_word' id='word_1_248' title='bbox 2104 669 2229 716; x_wconf 73' lang='lat' dir='ltr'><strong>stra:</strong></span> <span class='ocrx_word' id='word_1_249' title='bbox 2253 659 2394 717; x_wconf 87' lang='lat' dir='ltr'><strong>male</strong></span> <span class='ocrx_word' id='word_1_250' title='bbox 2421 661 2707 731; x_wconf 88' lang='lat' dir='ltr'><strong>ominatur,</strong></span> <span class='ocrx_word' id='word_1_251' title='bbox 2735 671 2792 722; x_wconf 89' lang='lat' dir='ltr'><strong>et</strong></span> <span class='ocrx_word' id='word_1_252' title='bbox 2813 662 2975 722; x_wconf 83' lang='lat' dir='ltr'><strong>fidem</strong></span> <span class='ocrx_word' id='word_1_253' title='bbox 3016 668 3419 740; x_wconf 73' lang='lat' dir='ltr'><strong>prmvaricatur.</strong></span> <span class='ocrx_word' id='word_1_254' title='bbox 3444 671 3513 728; x_wconf 91' lang='lat' dir='ltr'><strong>Et</strong></span> <span class='ocrx_word' id='word_1_255' title='bbox 3540 673 3699 731; x_wconf 84' lang='lat' dir='ltr'><strong>Chri-</strong></span> 
     </span>
    </p>
   </div>
   <div class='ocr_carea' id='block_1_36' title="bbox 2104 757 3701 841">
    <p class='ocr_par' dir='ltr' id='par_1_36' title="bbox 2104 757 3701 841">
     <span class='ocr_line' id='line_1_36' title="bbox 2104 757 3701 841; baseline 0.009 -28"><span class='ocrx_word' id='word_1_256' title='bbox 2104 765 2244 813; x_wconf 91' lang='lat' dir='ltr'><strong>stum</strong></span> <span class='ocrx_word' id='word_1_257' title='bbox 2272 757 2518 816; x_wconf 78' lang='lat' dir='ltr'><strong>lzedimes</strong></span> <span class='ocrx_word' id='word_1_258' title='bbox 2537 803 2552 831; x_wconf 92' lang='lat'><strong>,</strong></span> <span class='ocrx_word' id='word_1_259' title='bbox 2583 775 2704 817; x_wconf 91' lang='lat' dir='ltr'><strong>cum</strong></span> <span class='ocrx_word' id='word_1_260' title='bbox 2733 770 2985 818; x_wconf 89' lang='lat' dir='ltr'><strong>evocatos</strong></span> <span class='ocrx_word' id='word_1_261' title='bbox 3014 776 3258 837; x_wconf 87' lang='lat' dir='ltr'><strong>quosque</strong></span> <span class='ocrx_word' id='word_1_262' title='bbox 3302 766 3371 822; x_wconf 88' lang='lat' dir='ltr'><strong>ab</strong></span> <span class='ocrx_word' id='word_1_263' title='bbox 3406 767 3519 837; x_wconf 91' lang='lat' dir='ltr'><strong>illo,</strong></span> <span class='ocrx_word' id='word_1_264' title='bbox 3549 772 3701 841; x_wconf 87' lang='lat' dir='ltr'><strong>quasi</strong></span> 
     </span>
    </p>
   </div>
   <div class='ocr_carea' id='block_1_37' title="bbox 2105 851 3699 938">
    <p class='ocr_par' dir='ltr' id='par_1_37' title="bbox 2105 851 3699 938">
     <span class='ocr_line' id='line_1_37' title="bbox 2105 851 3699 938; baseline 0.007 -29"><span class='ocrx_word' id='word_1_265' title='bbox 2105 851 2463 924; x_wconf 87' lang='lat' dir='ltr'><strong>miserandos,</strong></span> <span class='ocrx_word' id='word_1_266' title='bbox 2539 871 2646 912; x_wconf 91' lang='lat' dir='ltr'><strong>non</strong></span> <span class='ocrx_word' id='word_1_267' title='bbox 2693 857 3064 931; x_wconf 66' lang='lat' dir='ltr'><strong>aequanimiter</strong></span> <span class='ocrx_word' id='word_1_268' title='bbox 3127 860 3417 934; x_wconf 87' lang='lat' dir='ltr'><strong>accipimus</strong></span> <span class='ocrx_word' id='word_1_269' title='bbox 3454 862 3699 938; x_wconf 78' lang='lat' dir='ltr'><strong>(ibidem,</strong></span> 
     </span>
    </p>
   </div>
   <div class='ocr_carea' id='block_1_38' title="bbox 2103 944 3367 1022">
    <p class='ocr_par' dir='ltr' id='par_1_38' title="bbox 2103 944 3367 1022">
     <span class='ocr_line' id='line_1_38' title="bbox 2103 944 3367 1022; baseline 0.009 -23"><span class='ocrx_word' id='word_1_270' title='bbox 2103 961 2219 1019; x_wconf 80' lang='lat' dir='ltr'><strong>cap.</strong></span> <span class='ocrx_word' id='word_1_271' title='bbox 2253 944 2306 1014; x_wconf 85' lang='lat'><strong>9,</strong></span> <span class='ocrx_word' id='word_1_272' title='bbox 2338 947 2441 1005; x_wconf 83' lang='lat' dir='ltr'><strong>col.</strong></span> <span class='ocrx_word' id='word_1_273' title='bbox 2473 946 2673 1022; x_wconf 64' lang='grc'><strong>1264).</strong></span> <span class='ocrx_word' id='word_1_274' title='bbox 2703 966 2722 1004; x_wconf 78' lang='lat' dir='ltr'><strong>t</strong></span> <span class='ocrx_word' id='word_1_275' title='bbox 2760 997 2770 1005; x_wconf 88' lang='lat'><strong>.</strong></span> <span class='ocrx_word' id='word_1_276' title='bbox 3364 952 3367 953; x_wconf 54' lang='grc'><strong><em>⁷</em></strong></span> 
     </span>
    </p>
   </div>
   <div class='ocr_carea' id='block_1_39' title="bbox 2177 1037 3703 1125">
    <p class='ocr_par' dir='ltr' id='par_1_39' title="bbox 2177 1037 3703 1125">
     <span class='ocr_line' id='line_1_39' title="bbox 2177 1037 3703 1125; baseline 0.012 -31"><span class='ocrx_word' id='word_1_277' title='bbox 2177 1037 2451 1096; x_wconf 74' lang='lat' dir='ltr'><strong>Patientia:</strong></span> <span class='ocrx_word' id='word_1_278' title='bbox 2476 1044 2808 1100; x_wconf 85' lang='lat' dir='ltr'><strong>encomia.—-</strong></span> <span class='ocrx_word' id='word_1_279' title='bbox 2831 1063 2850 1099; x_wconf 71' lang='grc' dir='ltr'>ι</span> <span class='ocrx_word' id='word_1_280' title='bbox 2890 1044 3033 1103; x_wconf 88' lang='lat' dir='ltr'><strong>Salis</strong></span> <span class='ocrx_word' id='word_1_281' title='bbox 3064 1045 3289 1106; x_wconf 86' lang='lat' dir='ltr'><strong>idoneus</strong></span> <span class='ocrx_word' id='word_1_282' title='bbox 3314 1049 3586 1125; x_wconf 63' lang='lat' dir='ltr'><strong>patientiae</strong></span> <span class='ocrx_word' id='word_1_283' title='bbox 3613 1067 3703 1112; x_wconf 51' lang='lat' dir='ltr'><strong>se.</strong></span> 
     </span>
    </p>
   </div>
   <div class='ocr_carea' id='block_1_40' title="bbox 2104 1136 3708 1218">
    <p class='ocr_par' dir='ltr' id='par_1_40' title="bbox 2104 1136 3708 1218">
     <span class='ocr_line' id='line_1_40' title="bbox 2104 1136 3708 1218; baseline 0.009 -27"><span class='ocrx_word' id='word_1_284' title='bbox 2104 1143 2324 1206; x_wconf 87' lang='lat' dir='ltr'><strong>quester</strong></span> <span class='ocrx_word' id='word_1_285' title='bbox 2350 1136 2512 1195; x_wconf 86' lang='lat' dir='ltr'><strong>Deus.</strong></span> <span class='ocrx_word' id='word_1_286' title='bbox 2544 1137 2599 1195; x_wconf 90' lang='lat' dir='ltr'><strong>Si</strong></span> <span class='ocrx_word' id='word_1_287' title='bbox 2632 1138 2878 1211; x_wconf 88' lang='lat' dir='ltr'><strong>injuriam</strong></span> <span class='ocrx_word' id='word_1_288' title='bbox 2906 1141 3222 1213; x_wconf 87' lang='lat' dir='ltr'><strong>deposueris</strong></span> <span class='ocrx_word' id='word_1_289' title='bbox 3250 1160 3416 1218; x_wconf 90' lang='lat' dir='ltr'><strong>penes</strong></span> <span class='ocrx_word' id='word_1_290' title='bbox 3447 1162 3592 1218; x_wconf 83' lang='lat' dir='ltr'><strong>eum,</strong></span> <span class='ocrx_word' id='word_1_291' title='bbox 3623 1150 3708 1207; x_wconf 86' lang='lat' dir='ltr'><strong>ul-</strong></span> 
     </span>
    </p>
   </div>
   <div class='ocr_carea' id='block_1_41' title="bbox 2106 1228 3704 1311">
    <p class='ocr_par' dir='ltr' id='par_1_41' title="bbox 2106 1228 3704 1311">
     <span class='ocr_line' id='line_1_41' title="bbox 2106 1228 3704 1311; baseline 0.011 -28"><span class='ocrx_word' id='word_1_292' title='bbox 2106 1234 2190 1284; x_wconf 88' lang='lat' dir='ltr'><strong>tor</strong></span> <span class='ocrx_word' id='word_1_293' title='bbox 2214 1237 2325 1297; x_wconf 89' lang='lat' dir='ltr'><strong>est;</strong></span> <span class='ocrx_word' id='word_1_294' title='bbox 2355 1230 2398 1286; x_wconf 92' lang='lat' dir='ltr'><strong>si</strong></span> <span class='ocrx_word' id='word_1_295' title='bbox 2420 1228 2695 1300; x_wconf 89' lang='lat' dir='ltr'><strong>damnum,</strong></span> <span class='ocrx_word' id='word_1_296' title='bbox 2728 1234 3003 1291; x_wconf 88' lang='lat' dir='ltr'><strong>restitutor</strong></span> <span class='ocrx_word' id='word_1_297' title='bbox 3016 1245 3136 1302; x_wconf 88' lang='lat' dir='ltr'><strong>est;</strong></span> <span class='ocrx_word' id='word_1_298' title='bbox 3167 1237 3211 1294; x_wconf 91' lang='lat' dir='ltr'><strong>si</strong></span> <span class='ocrx_word' id='word_1_299' title='bbox 3242 1238 3507 1311; x_wconf 91' lang='lat' dir='ltr'><strong>dolorem,</strong></span> <span class='ocrx_word' id='word_1_300' title='bbox 3537 1243 3704 1301; x_wconf 90' lang='lat' dir='ltr'><strong>medi-</strong></span> 
     </span>
    </p>
   </div>
   <div class='ocr_carea' id='block_1_42' title="bbox 2105 1324 3704 1407">
    <p class='ocr_par' dir='ltr' id='par_1_42' title="bbox 2105 1324 3704 1407">
     <span class='ocr_line' id='line_1_42' title="bbox 2105 1324 3704 1407; baseline 0.011 -31"><span class='ocrx_word' id='word_1_301' title='bbox 2105 1332 2200 1376; x_wconf 92' lang='lat' dir='ltr'><strong>cus</strong></span> <span class='ocrx_word' id='word_1_302' title='bbox 2227 1330 2343 1388; x_wconf 88' lang='lat' dir='ltr'><strong>est;</strong></span> <span class='ocrx_word' id='word_1_303' title='bbox 2376 1324 2420 1378; x_wconf 91' lang='lat' dir='ltr'><strong>si</strong></span> <span class='ocrx_word' id='word_1_304' title='bbox 2442 1332 2691 1396; x_wconf 88' lang='lat' dir='ltr'><strong>mortem,</strong></span> <span class='ocrx_word' id='word_1_305' title='bbox 2715 1328 3064 1385; x_wconf 85' lang='lat' dir='ltr'><strong>resuscitator</strong></span> <span class='ocrx_word' id='word_1_306' title='bbox 3083 1340 3183 1387; x_wconf 91' lang='lat' dir='ltr'><strong>est.</strong></span> <span class='ocrx_word' id='word_1_307' title='bbox 3209 1330 3478 1401; x_wconf 86' lang='lat' dir='ltr'><strong>Quantum</strong></span> <span class='ocrx_word' id='word_1_308' title='bbox 3505 1335 3704 1407; x_wconf 86' lang='lat' dir='ltr'><strong>patien-</strong></span> 
     </span>
    </p>
   </div>
   <div class='ocr_carea' id='block_1_43' title="bbox 2108 1413 3702 1499">
    <p class='ocr_par' dir='ltr' id='par_1_43' title="bbox 2108 1413 3702 1499">
     <span class='ocr_line' id='line_1_43' title="bbox 2108 1413 3702 1499; baseline 0.011 -31"><span class='ocrx_word' id='word_1_309' title='bbox 2108 1413 2195 1469; x_wconf 76' lang='lat' dir='ltr'><strong>tia:</strong></span> <span class='ocrx_word' id='word_1_310' title='bbox 2216 1413 2360 1483; x_wconf 89' lang='lat' dir='ltr'><strong>licet,</strong></span> <span class='ocrx_word' id='word_1_311' title='bbox 2392 1424 2448 1472; x_wconf 89' lang='lat' dir='ltr'><strong>ut</strong></span> <span class='ocrx_word' id='word_1_312' title='bbox 2476 1416 2644 1475; x_wconf 91' lang='lat' dir='ltr'><strong>Deum</strong></span> <span class='ocrx_word' id='word_1_313' title='bbox 2670 1419 2862 1477; x_wconf 87' lang='lat' dir='ltr'><strong>habeat</strong></span> <span class='ocrx_word' id='word_1_314' title='bbox 2887 1420 3222 1479; x_wconf 87' lang='lat' dir='ltr'><strong>debitorem?</strong></span> <span class='ocrx_word' id='word_1_315' title='bbox 3249 1441 3351 1482; x_wconf 92' lang='lat' dir='ltr'><strong>nec</strong></span> <span class='ocrx_word' id='word_1_316' title='bbox 3400 1428 3702 1499; x_wconf 83' lang='lat' dir='ltr'><strong>immerito;</strong></span> 
     </span>
    </p>
   </div>
   <div class='ocr_carea' id='block_1_44' title="bbox 2105 1507 3707 1584">
    <p class='ocr_par' dir='ltr' id='par_1_44' title="bbox 2105 1507 3707 1584">
     <span class='ocr_line' id='line_1_44' title="bbox 2105 1507 3707 1584; baseline 0.008 -20"><span class='ocrx_word' id='word_1_317' title='bbox 2105 1507 2287 1564; x_wconf 91' lang='lat' dir='ltr'><strong>omnia</strong></span> <span class='ocrx_word' id='word_1_318' title='bbox 2335 1508 2477 1565; x_wconf 88' lang='lat' dir='ltr'><strong>enim</strong></span> <span class='ocrx_word' id='word_1_319' title='bbox 2510 1511 2702 1581; x_wconf 86' lang='lat' dir='ltr'><strong>placita</strong></span> <span class='ocrx_word' id='word_1_320' title='bbox 2740 1511 2860 1584; x_wconf 86' lang='lat' dir='ltr'><strong>ejus</strong></span> <span class='ocrx_word' id='word_1_321' title='bbox 2907 1522 3105 1583; x_wconf 87' lang='lat' dir='ltr'><strong>tuetur,</strong></span> <span class='ocrx_word' id='word_1_322' title='bbox 3146 1517 3397 1574; x_wconf 88' lang='lat' dir='ltr'><strong>omnibus</strong></span> <span class='ocrx_word' id='word_1_323' title='bbox 3442 1521 3707 1577; x_wconf 82' lang='lat' dir='ltr'><strong>mandatis</strong></span> 
     </span>
    </p>
   </div>
   <div class='ocr_carea' id='block_1_45' title="bbox 2107 1598 3707 1683">
    <p class='ocr_par' dir='ltr' id='par_1_45' title="bbox 2107 1598 3707 1683">
     <span class='ocr_line' id='line_1_45' title="bbox 2107 1598 3707 1683; baseline 0.01 -27"><span class='ocrx_word' id='word_1_324' title='bbox 2107 1598 2224 1671; x_wconf 89' lang='lat' dir='ltr'><strong>ejus</strong></span> <span class='ocrx_word' id='word_1_325' title='bbox 2252 1601 2556 1659; x_wconf 85' lang='lat' dir='ltr'><strong>intervenit.</strong></span> <span class='ocrx_word' id='word_1_326' title='bbox 2587 1604 2777 1662; x_wconf 88' lang='lat' dir='ltr'><strong>Fidem</strong></span> <span class='ocrx_word' id='word_1_327' title='bbox 2797 1608 2990 1675; x_wconf 88' lang='lat' dir='ltr'><strong>munit,</strong></span> <span class='ocrx_word' id='word_1_328' title='bbox 3040 1624 3225 1681; x_wconf 90' lang='lat' dir='ltr'><strong>pacem</strong></span> <span class='ocrx_word' id='word_1_329' title='bbox 3256 1612 3542 1683; x_wconf 79' lang='lat' dir='ltr'><strong>gubernat,</strong></span> <span class='ocrx_word' id='word_1_330' title='bbox 3582 1613 3707 1672; x_wconf 84' lang='lat' dir='ltr'><strong>dile-</strong></span> 
     </span>
    </p>
   </div>
   <div class='ocr_carea' id='block_1_46' title="bbox 2107 1696 3703 1779">
    <p class='ocr_par' dir='ltr' id='par_1_46' title="bbox 2107 1696 3703 1779">
     <span class='ocr_line' id='line_1_46' title="bbox 2107 1696 3703 1779; baseline 0.009 -27"><span class='ocrx_word' id='word_1_331' title='bbox 2107 1696 2341 1753; x_wconf 89' lang='lat' dir='ltr'><strong>ctionem</strong></span> <span class='ocrx_word' id='word_1_332' title='bbox 2390 1697 2626 1770; x_wconf 79' lang='lat' dir='ltr'><strong>adjuvat,</strong></span> <span class='ocrx_word' id='word_1_333' title='bbox 2659 1700 3012 1761; x_wconf 87' lang='lat' dir='ltr'><strong>humilitatem</strong></span> <span class='ocrx_word' id='word_1_334' title='bbox 3063 1703 3303 1777; x_wconf 87' lang='lat' dir='ltr'><strong>instruit,</strong></span> <span class='ocrx_word' id='word_1_335' title='bbox 3331 1709 3703 1779; x_wconf 79' lang='lat' dir='ltr'><strong>ptenitcntiam</strong></span> 
     </span>
    </p>
   </div>
   <div class='ocr_carea' id='block_1_47' title="bbox 2030 1778 3709 1877">
    <p class='ocr_par' dir='ltr' id='par_1_47' title="bbox 2030 1778 3709 1877">
     <span class='ocr_line' id='line_1_47' title="bbox 2030 1778 3709 1877; baseline 0.01 -33"><span class='ocrx_word' id='word_1_336' title='bbox 2030 1778 2080 1843; x_wconf 88' lang='grc' dir='ltr'>Β</span> <span class='ocrx_word' id='word_1_337' title='bbox 2109 1801 2405 1864; x_wconf 77' lang='lat' dir='ltr'><strong>exspectat,</strong></span> <span class='ocrx_word' id='word_1_338' title='bbox 2431 1794 2851 1869; x_wconf 81' lang='lat' dir='ltr'><strong>exomologesim</strong></span> <span class='ocrx_word' id='word_1_339' title='bbox 2880 1797 3143 1871; x_wconf 83' lang='lat' dir='ltr'><strong>adsignat,</strong></span> <span class='ocrx_word' id='word_1_340' title='bbox 3166 1778 3385 1859; x_wconf 83' lang='lat' dir='ltr'><strong>carnem</strong></span> <span class='ocrx_word' id='word_1_341' title='bbox 3412 1804 3567 1877; x_wconf 85' lang='lat' dir='ltr'><strong>regit,</strong></span> <span class='ocrx_word' id='word_1_342' title='bbox 3600 1795 3709 1877; x_wconf 56' lang='lat' dir='ltr'><strong>spi4</strong></span> 
     </span>
    </p>
   </div>
   <div class='ocr_carea' id='block_1_48' title="bbox 2105 1886 3707 1966">
    <p class='ocr_par' dir='ltr' id='par_1_48' title="bbox 2105 1886 3707 1966">
     <span class='ocr_line' id='line_1_48' title="bbox 2105 1886 3707 1966; baseline 0.006 -21"><span class='ocrx_word' id='word_1_343' title='bbox 2105 1886 2267 1945; x_wconf 82' lang='lat' dir='ltr'><strong>ritum</strong></span> <span class='ocrx_word' id='word_1_344' title='bbox 2296 1897 2495 1958; x_wconf 87' lang='lat' dir='ltr'><strong>servat,</strong></span> <span class='ocrx_word' id='word_1_345' title='bbox 2529 1889 2761 1961; x_wconf 85' lang='lat' dir='ltr'><strong>linguam</strong></span> <span class='ocrx_word' id='word_1_346' title='bbox 2794 1890 3001 1961; x_wconf 73' lang='lat' dir='ltr'><strong>frmtlat,</strong></span> <span class='ocrx_word' id='word_1_347' title='bbox 3050 1908 3268 1952; x_wconf 88' lang='lat' dir='ltr'><strong>manum</strong></span> <span class='ocrx_word' id='word_1_348' title='bbox 3293 1898 3552 1966; x_wconf 87' lang='lat' dir='ltr'><strong>continet,</strong></span> <span class='ocrx_word' id='word_1_349' title='bbox 3589 1906 3707 1954; x_wconf 87' lang='lat' dir='ltr'><strong>ten-</strong></span> 
     </span>
    </p>
   </div>
   <div class='ocr_carea' id='block_1_49' title="bbox 2108 1979 3708 2061">
    <p class='ocr_par' dir='ltr' id='par_1_49' title="bbox 2108 1979 3708 2061">
     <span class='ocr_line' id='line_1_49' title="bbox 2108 1979 3708 2061; baseline 0.008 -25"><span class='ocrx_word' id='word_1_350' title='bbox 2108 1979 2334 2037; x_wconf 87' lang='lat' dir='ltr'><strong>lationes</strong></span> <span class='ocrx_word' id='word_1_351' title='bbox 2361 1980 2623 2051; x_wconf 89' lang='lat' dir='ltr'><strong>inculcat,</strong></span> <span class='ocrx_word' id='word_1_352' title='bbox 2656 1983 2907 2041; x_wconf 87' lang='lat' dir='ltr'><strong>scandala</strong></span> <span class='ocrx_word' id='word_1_353' title='bbox 2931 1986 3103 2058; x_wconf 91' lang='lat' dir='ltr'><strong>pellit,</strong></span> <span class='ocrx_word' id='word_1_354' title='bbox 3150 1990 3409 2061; x_wconf 88' lang='lat' dir='ltr'><strong>martyria</strong></span> <span class='ocrx_word' id='word_1_355' title='bbox 3458 2005 3708 2049; x_wconf 88' lang='lat' dir='ltr'><strong>consum—</strong></span> 
     </span>
    </p>
   </div>
   <div class='ocr_carea' id='block_1_50' title="bbox 2106 2080 3709 2156">
    <p class='ocr_par' dir='ltr' id='par_1_50' title="bbox 2106 2080 3709 2156">
     <span class='ocr_line' id='line_1_50' title="bbox 2106 2080 3709 2156; baseline 0.009 -27"><span class='ocrx_word' id='word_1_356' title='bbox 2106 2082 2236 2144; x_wconf 87' lang='lat' dir='ltr'><strong>mat,</strong></span> <span class='ocrx_word' id='word_1_357' title='bbox 2286 2089 2574 2149; x_wconf 89' lang='lat' dir='ltr'><strong>paupercm</strong></span> <span class='ocrx_word' id='word_1_358' title='bbox 2607 2080 2940 2150; x_wconf 88' lang='lat' dir='ltr'><strong>consolatur,</strong></span> <span class='ocrx_word' id='word_1_359' title='bbox 2970 2080 3190 2139; x_wconf 84' lang='lat' dir='ltr'><strong>divitem</strong></span> <span class='ocrx_word' id='word_1_360' title='bbox 3221 2092 3505 2156; x_wconf 86' lang='lat' dir='ltr'><strong>temperat,</strong></span> <span class='ocrx_word' id='word_1_361' title='bbox 3561 2085 3709 2143; x_wconf 84' lang='lat' dir='ltr'><strong>infir-</strong></span> 
     </span>
    </p>
   </div>
   <div class='ocr_carea' id='block_1_51' title="bbox 2105 2171 3705 2247">
    <p class='ocr_par' dir='ltr' id='par_1_51' title="bbox 2105 2171 3705 2247">
     <span class='ocr_line' id='line_1_51' title="bbox 2105 2171 3705 2247; baseline 0.009 -23"><span class='ocrx_word' id='word_1_362' title='bbox 2105 2182 2252 2225; x_wconf 88' lang='lat' dir='ltr'><strong>mum</strong></span> <span class='ocrx_word' id='word_1_363' title='bbox 2282 2184 2390 2225; x_wconf 90' lang='lat' dir='ltr'><strong>non</strong></span> <span class='ocrx_word' id='word_1_364' title='bbox 2435 2171 2692 2235; x_wconf 81' lang='lat' dir='ltr'><strong>extendit,</strong></span> <span class='ocrx_word' id='word_1_365' title='bbox 2725 2173 2995 2231; x_wconf 87' lang='lat' dir='ltr'><strong>valentem</strong></span> <span class='ocrx_word' id='word_1_366' title='bbox 3046 2192 3153 2233; x_wconf 92' lang='lat' dir='ltr'><strong>non</strong></span> <span class='ocrx_word' id='word_1_367' title='bbox 3184 2180 3473 2247; x_wconf 89' lang='lat' dir='ltr'><strong>consumit,</strong></span> <span class='ocrx_word' id='word_1_368' title='bbox 3494 2179 3705 2238; x_wconf 86' lang='lat' dir='ltr'><strong>fidelem</strong></span> 
     </span>
    </p>
   </div>
   <div class='ocr_carea' id='block_1_52' title="bbox 2107 2260 3706 2341">
    <p class='ocr_par' dir='ltr' id='par_1_52' title="bbox 2107 2260 3706 2341">
     <span class='ocr_line' id='line_1_52' title="bbox 2107 2260 3706 2341; baseline 0.009 -24"><span class='ocrx_word' id='word_1_369' title='bbox 2107 2260 2355 2330; x_wconf 89' lang='lat' dir='ltr'><strong>delectat,</strong></span> <span class='ocrx_word' id='word_1_370' title='bbox 2389 2264 2641 2336; x_wconf 72' lang='lat' dir='ltr'><strong>gentilem</strong></span> <span class='ocrx_word' id='word_1_371' title='bbox 2672 2265 2880 2337; x_wconf 84' lang='lat' dir='ltr'><strong>invitat,</strong></span> <span class='ocrx_word' id='word_1_372' title='bbox 2904 2281 3120 2325; x_wconf 89' lang='lat' dir='ltr'><strong>servum</strong></span> <span class='ocrx_word' id='word_1_373' title='bbox 3152 2269 3400 2341; x_wconf 89' lang='lat' dir='ltr'><strong>Domino,</strong></span> <span class='ocrx_word' id='word_1_374' title='bbox 3424 2272 3706 2331; x_wconf 90' lang='lat' dir='ltr'><strong>Dominum</strong></span> 
     </span>
    </p>
   </div>
   <div class='ocr_carea' id='block_1_53' title="bbox 2111 2353 3702 2437">
    <p class='ocr_par' dir='ltr' id='par_1_53' title="bbox 2111 2353 3702 2437">
     <span class='ocr_line' id='line_1_53' title="bbox 2111 2353 3702 2437; baseline 0.008 -27"><span class='ocrx_word' id='word_1_375' title='bbox 2111 2353 2224 2411; x_wconf 88' lang='lat' dir='ltr'><strong>Deo</strong></span> <span class='ocrx_word' id='word_1_376' title='bbox 2252 2356 2617 2423; x_wconf 87' lang='lat' dir='ltr'><strong>commendat,</strong></span> <span class='ocrx_word' id='word_1_377' title='bbox 2647 2357 2922 2418; x_wconf 81' lang='lat' dir='ltr'><strong>fteminam</strong></span> <span class='ocrx_word' id='word_1_378' title='bbox 2951 2372 3205 2431; x_wconf 80' lang='lat' dir='ltr'><strong>exornat,</strong></span> <span class='ocrx_word' id='word_1_379' title='bbox 3228 2363 3397 2420; x_wconf 84' lang='lat' dir='ltr'><strong>virum</strong></span> <span class='ocrx_word' id='word_1_380' title='bbox 3423 2366 3702 2437; x_wconf 89' lang='lat' dir='ltr'><strong>approbat;</strong></span> 
     </span>
    </p>
   </div>
   <div class='ocr_carea' id='block_1_54' title="bbox 2109 2451 3703 2530">
    <p class='ocr_par' dir='ltr' id='par_1_54' title="bbox 2109 2451 3703 2530">
     <span class='ocr_line' id='line_1_54' title="bbox 2109 2451 3703 2530; baseline 0.009 -27"><span class='ocrx_word' id='word_1_381' title='bbox 2109 2457 2322 2506; x_wconf 88' lang='lat' dir='ltr'><strong>amatur</strong></span> <span class='ocrx_word' id='word_1_382' title='bbox 2354 2451 2406 2507; x_wconf 92' lang='lat' dir='ltr'><strong>in</strong></span> <span class='ocrx_word' id='word_1_383' title='bbox 2438 2465 2626 2523; x_wconf 89' lang='lat' dir='ltr'><strong>puero,</strong></span> <span class='ocrx_word' id='word_1_384' title='bbox 2672 2453 2921 2511; x_wconf 88' lang='lat' dir='ltr'><strong>laudatur</strong></span> <span class='ocrx_word' id='word_1_385' title='bbox 2964 2456 3017 2514; x_wconf 92' lang='lat' dir='ltr'><strong>in</strong></span> <span class='ocrx_word' id='word_1_386' title='bbox 3064 2456 3288 2528; x_wconf 88' lang='lat' dir='ltr'><strong>juvene,</strong></span> <span class='ocrx_word' id='word_1_387' title='bbox 3334 2460 3619 2530; x_wconf 86' lang='lat' dir='ltr'><strong>suspicitur</strong></span> <span class='ocrx_word' id='word_1_388' title='bbox 3649 2462 3703 2518; x_wconf 89' lang='lat' dir='ltr'><strong>in</strong></span> 
     </span>
    </p>
   </div>
   <div class='ocr_carea' id='block_1_55' title="bbox 2097 2543 3707 2629">
    <p class='ocr_par' dir='ltr' id='par_1_55' title="bbox 2097 2543 3707 2629">
     <span class='ocr_line' id='line_1_55' title="bbox 2097 2543 3707 2629; baseline 0.007 -31"><span class='ocrx_word' id='word_1_389' title='bbox 2097 2556 2241 2600; x_wconf 84' lang='lat' dir='ltr'><strong>sene</strong></span> <span class='ocrx_word' id='word_1_390' title='bbox 2266 2560 2280 2610; x_wconf 85' lang='lat'><strong>;</strong></span> <span class='ocrx_word' id='word_1_391' title='bbox 2306 2543 2357 2620; x_wconf 82' lang='lat' dir='ltr'><strong>in</strong></span> <span class='ocrx_word' id='word_1_392' title='bbox 2387 2545 2532 2601; x_wconf 89' lang='lat' dir='ltr'><strong>omni</strong></span> <span class='ocrx_word' id='word_1_393' title='bbox 2561 2561 2714 2615; x_wconf 82' lang='lat' dir='ltr'><strong>sexu,</strong></span> <span class='ocrx_word' id='word_1_394' title='bbox 2753 2548 2807 2603; x_wconf 91' lang='lat' dir='ltr'><strong>in</strong></span> <span class='ocrx_word' id='word_1_395' title='bbox 2839 2548 2986 2606; x_wconf 91' lang='lat' dir='ltr'><strong>omni</strong></span> <span class='ocrx_word' id='word_1_396' title='bbox 3015 2557 3172 2607; x_wconf 65' lang='lat' dir='ltr'><strong>aetate</strong></span> <span class='ocrx_word' id='word_1_397' title='bbox 3215 2549 3450 2609; x_wconf 87' lang='lat' dir='ltr'><strong>formosa</strong></span> <span class='ocrx_word' id='word_1_398' title='bbox 3480 2552 3707 2629; x_wconf 84' lang='lat' dir='ltr'><strong>est(lbi—</strong></span> 
     </span>
    </p>
   </div>
   <div class='ocr_carea' id='block_1_56' title="bbox 2112 2637 2909 2711">
    <p class='ocr_par' dir='ltr' id='par_1_56' title="bbox 2112 2637 2909 2711">
     <span class='ocr_line' id='line_1_56' title="bbox 2112 2637 2909 2711; baseline 0.008 -19"><span class='ocrx_word' id='word_1_399' title='bbox 2112 2637 2246 2703; x_wconf 87' lang='lat' dir='ltr'><strong>dem,</strong></span> <span class='ocrx_word' id='word_1_400' title='bbox 2275 2654 2391 2711; x_wconf 85' lang='lat' dir='ltr'><strong>cap.</strong></span> <span class='ocrx_word' id='word_1_401' title='bbox 2416 2638 2507 2707; x_wconf 79' lang='grc'><strong>15,</strong></span> <span class='ocrx_word' id='word_1_402' title='bbox 2534 2640 2634 2695; x_wconf 85' lang='lat' dir='ltr'><strong>col.</strong></span> <span class='ocrx_word' id='word_1_403' title='bbox 2670 2640 2851 2709; x_wconf 72' lang='lat' dir='ltr'><strong>l270).</strong></span> <span class='ocrx_word' id='word_1_404' title='bbox 2888 2660 2909 2697; x_wconf 84' lang='grc'>›</span> 
     </span>
    </p>
   </div>
   <div class='ocr_carea' id='block_1_57' title="bbox 2184 2731 3716 2811">
    <p class='ocr_par' dir='ltr' id='par_1_57' title="bbox 2184 2731 3716 2811">
     <span class='ocr_line' id='line_1_57' title="bbox 2184 2731 3716 2811; baseline 0.005 -23"><span class='ocrx_word' id='word_1_405' title='bbox 2184 2731 2438 2789; x_wconf 84' lang='lat' dir='ltr'><strong>Adversus</strong></span> <span class='ocrx_word' id='word_1_406' title='bbox 2450 2736 2738 2805; x_wconf 82' lang='lat' dir='ltr'><strong>spectacula</strong></span> <span class='ocrx_word' id='word_1_407' title='bbox 2768 2744 2813 2791; x_wconf 85' lang='lat' dir='ltr'><strong>et</strong></span> <span class='ocrx_word' id='word_1_408' title='bbox 2842 2737 3161 2794; x_wconf 79' lang='lat' dir='ltr'><strong>tlteatra.—t</strong></span> <span class='ocrx_word' id='word_1_409' title='bbox 3182 2737 3570 2811; x_wconf 88' lang='lat' dir='ltr'><strong>impudicitiam</strong></span> <span class='ocrx_word' id='word_1_410' title='bbox 3597 2754 3716 2797; x_wconf 83' lang='lat' dir='ltr'><strong>om-</strong></span> 
     </span>
    </p>
   </div>
   <div class='ocr_carea' id='block_1_58' title="bbox 2115 2827 3714 2902">
    <p class='ocr_par' dir='ltr' id='par_1_58' title="bbox 2115 2827 3714 2902">
     <span class='ocr_line' id='line_1_58' title="bbox 2115 2827 3714 2902; baseline 0.006 -22"><span class='ocrx_word' id='word_1_411' title='bbox 2115 2839 2237 2882; x_wconf 91' lang='lat' dir='ltr'><strong>nem</strong></span> <span class='ocrx_word' id='word_1_412' title='bbox 2267 2827 2474 2883; x_wconf 88' lang='lat' dir='ltr'><strong>amoiiri</strong></span> <span class='ocrx_word' id='word_1_413' title='bbox 2497 2827 2769 2902; x_wconf 89' lang='lat' dir='ltr'><strong>jubemur.</strong></span> <span class='ocrx_word' id='word_1_414' title='bbox 2798 2828 2910 2885; x_wconf 93' lang='lat' dir='ltr'><strong>lloc</strong></span> <span class='ocrx_word' id='word_1_415' title='bbox 2941 2830 3102 2901; x_wconf 89' lang='lat' dir='ltr'><strong>igitur</strong></span> <span class='ocrx_word' id='word_1_416' title='bbox 3141 2830 3300 2887; x_wconf 92' lang='lat' dir='ltr'><strong>modo</strong></span> <span class='ocrx_word' id='word_1_417' title='bbox 3326 2832 3487 2892; x_wconf 86' lang='lat' dir='ltr'><strong>etiam</strong></span> <span class='ocrx_word' id='word_1_418' title='bbox 3518 2849 3549 2889; x_wconf 88' lang='lat' dir='ltr'><strong>a</strong></span> <span class='ocrx_word' id='word_1_419' title='bbox 3572 2832 3714 2889; x_wconf 89' lang='lat' dir='ltr'><strong>thea-</strong></span> 
     </span>
    </p>
   </div>
   <div class='ocr_carea' id='block_1_59' title="bbox 2118 2918 3711 2994">
    <p class='ocr_par' dir='ltr' id='par_1_59' title="bbox 2118 2918 3711 2994">
     <span class='ocr_line' id='line_1_59' title="bbox 2118 2918 3711 2994; baseline 0.004 -20"><span class='ocrx_word' id='word_1_420' title='bbox 2118 2926 2199 2975; x_wconf 93' lang='lat' dir='ltr'><strong>tro</strong></span> <span class='ocrx_word' id='word_1_421' title='bbox 2229 2933 2562 2990; x_wconf 89' lang='lat' dir='ltr'><strong>separamur,</strong></span> <span class='ocrx_word' id='word_1_422' title='bbox 2595 2918 2738 2992; x_wconf 89' lang='lat' dir='ltr'><strong>quod</strong></span> <span class='ocrx_word' id='word_1_423' title='bbox 2779 2929 2862 2978; x_wconf 88' lang='lat' dir='ltr'><strong>est</strong></span> <span class='ocrx_word' id='word_1_424' title='bbox 2901 2923 3167 2994; x_wconf 87' lang='lat' dir='ltr'><strong>privatum</strong></span> <span class='ocrx_word' id='word_1_425' title='bbox 3203 2925 3580 2981; x_wconf 87' lang='lat' dir='ltr'><strong>consistorium</strong></span> <span class='ocrx_word' id='word_1_426' title='bbox 3611 2926 3711 2980; x_wconf 87' lang='lat' dir='ltr'><strong>im-</strong></span> 
     </span>
    </p>
   </div>
   <div class='ocr_carea' id='block_1_60' title="bbox 2115 2996 3711 3091">
    <p class='ocr_par' dir='ltr' id='par_1_60' title="bbox 2115 2996 3711 3091">
     <span class='ocr_line' id='line_1_60' title="bbox 2115 2996 3711 3091; baseline 0.005 -22"><span class='ocrx_word' id='word_1_427' title='bbox 2115 3013 2404 3087; x_wconf 73' lang='lat' dir='ltr'><strong>pudicitize,</strong></span> <span class='ocrx_word' id='word_1_428' title='bbox 2434 2996 2524 3071; x_wconf 78' lang='lat' dir='ltr'><strong>ubi</strong></span> <span class='ocrx_word' id='word_1_429' title='bbox 2556 3014 2690 3070; x_wconf 89' lang='lat' dir='ltr'><strong>nihil</strong></span> <span class='ocrx_word' id='word_1_430' title='bbox 2736 3014 3016 3086; x_wconf 88' lang='lat' dir='ltr'><strong>probatur,</strong></span> <span class='ocrx_word' id='word_1_431' title='bbox 3052 3032 3210 3090; x_wconf 89' lang='lat' dir='ltr'><strong>quam</strong></span> <span class='ocrx_word' id='word_1_432' title='bbox 3241 3017 3384 3091; x_wconf 89' lang='lat' dir='ltr'><strong>quod</strong></span> <span class='ocrx_word' id='word_1_433' title='bbox 3428 3017 3555 3074; x_wconf 87' lang='lat' dir='ltr'><strong>alibi</strong></span> <span class='ocrx_word' id='word_1_434' title='bbox 3607 3036 3711 3077; x_wconf 90' lang='lat' dir='ltr'><strong>non</strong></span> 
     </span>
    </p>
   </div>
   <div class='ocr_carea' id='block_1_61' title="bbox 2116 3108 3639 3185">
    <p class='ocr_par' dir='ltr' id='par_1_61' title="bbox 2116 3108 3639 3185">
     <span class='ocr_line' id='line_1_61' title="bbox 2116 3108 3639 3185; baseline 0.003 -20"><span class='ocrx_word' id='word_1_435' title='bbox 2116 3110 2375 3181; x_wconf 87' lang='lat' dir='ltr'><strong>probatur</strong></span> <span class='ocrx_word' id='word_1_436' title='bbox 2406 3108 2556 3184; x_wconf 90' lang='lat' dir='ltr'><strong>(Lib.</strong></span> <span class='ocrx_word' id='word_1_437' title='bbox 2584 3110 2648 3165; x_wconf 88' lang='lat' dir='ltr'><strong>de</strong></span> <span class='ocrx_word' id='word_1_438' title='bbox 2677 3109 2879 3182; x_wconf 86' lang='lat' dir='ltr'><strong>Spect.,</strong></span> <span class='ocrx_word' id='word_1_439' title='bbox 2909 3128 3026 3182; x_wconf 87' lang='lat' dir='ltr'><strong>cap.</strong></span> <span class='ocrx_word' id='word_1_440' title='bbox 3061 3113 3146 3183; x_wconf 81' lang='lat' dir='ltr'><strong>i7,</strong></span> <span class='ocrx_word' id='word_1_441' title='bbox 3183 3121 3217 3169; x_wconf 83' lang='grc' dir='ltr'><strong>ι.</strong></span> <span class='ocrx_word' id='word_1_442' title='bbox 3239 3112 3279 3182; x_wconf 87' lang='grc' dir='ltr'><strong>Ι,</strong></span> <span class='ocrx_word' id='word_1_443' title='bbox 3303 3113 3400 3169; x_wconf 85' lang='lat' dir='ltr'><strong>col.</strong></span> <span class='ocrx_word' id='word_1_444' title='bbox 3425 3112 3589 3185; x_wconf 68' lang='lat'><strong>649).</strong></span> <span class='ocrx_word' id='word_1_445' title='bbox 3619 3133 3639 3169; x_wconf 71' lang='grc' dir='ltr'><strong><em>ι</em></strong></span> 
     </span>
    </p>
   </div>
   <div class='ocr_carea' id='block_1_62' title="bbox 408 3188 3715 3281">
    <p class='ocr_par' dir='ltr' id='par_1_62' title="bbox 408 3188 3715 3281">
     <span class='ocr_line' id='line_1_62' title="bbox 408 3188 3715 3281; baseline -0.002 -16"><span class='ocrx_word' id='word_1_446' title='bbox 408 3210 607 3281; x_wconf 85' lang='lat' dir='ltr'><strong>ginam,</strong></span> <span class='ocrx_word' id='word_1_447' title='bbox 633 3208 892 3265; x_wconf 65' lang='lat' dir='ltr'><strong>defaecato</strong></span> <span class='ocrx_word' id='word_1_448' title='bbox 924 3212 1254 3261; x_wconf 89' lang='lat' dir='ltr'><strong>senectutem</strong></span> <span class='ocrx_word' id='word_1_449' title='bbox 1274 3201 1383 3257; x_wconf 90' lang='lat' dir='ltr'><strong>viui</strong></span> <span class='ocrx_word' id='word_1_450' title='bbox 1404 3219 1416 3256; x_wconf 90' lang='lat'><strong>:</strong></span> <span class='ocrx_word' id='word_1_451' title='bbox 1438 3214 1665 3271; x_wconf 89' lang='lat' dir='ltr'><strong>cumque</strong></span> <span class='ocrx_word' id='word_1_452' title='bbox 1692 3198 1812 3270; x_wconf 73' lang='lat' dir='ltr'><strong>q&#39;uis</strong></span> <span class='ocrx_word' id='word_1_453' title='bbox 1842 3197 2012 3253; x_wconf 86' lang='lat' dir='ltr'><strong>inter-</strong></span> <span class='ocrx_word' id='word_1_454' title='bbox 2040 3188 2086 3256; x_wconf 89' lang='lat' dir='ltr'>C</span> <span class='ocrx_word' id='word_1_455' title='bbox 2166 3203 2368 3259; x_wconf 86' lang='lat' dir='ltr'><strong>Sceuici</strong></span> <span class='ocrx_word' id='word_1_456' title='bbox 2387 3218 2584 3274; x_wconf 84' lang='lat' dir='ltr'><strong>semper</strong></span> <span class='ocrx_word' id='word_1_457' title='bbox 2598 3203 2938 3275; x_wconf 77' lang='lat' dir='ltr'><strong>infames.—t</strong></span> <span class='ocrx_word' id='word_1_458' title='bbox 2950 3203 3410 3264; x_wconf 79' lang='lat' dir='ltr'><strong>Arcentscenicos</strong></span> <span class='ocrx_word' id='word_1_459' title='bbox 3424 3204 3715 3263; x_wconf 80' lang='lat' dir='ltr'><strong>honoribus</strong></span> 
     </span>
    </p>
   </div>
   <div class='ocr_carea' id='block_1_63' title="bbox 413 3292 2008 3375">
    <p class='ocr_par' dir='ltr' id='par_1_63' title="bbox 413 3292 2008 3375">
     <span class='ocr_line' id='line_1_63' title="bbox 413 3292 2008 3375; baseline -0.01 -16"><span class='ocrx_word' id='word_1_460' title='bbox 413 3304 618 3375; x_wconf 81' lang='lat' dir='ltr'><strong>rogavit</strong></span> <span class='ocrx_word' id='word_1_461' title='bbox 645 3301 856 3358; x_wconf 85' lang='lat' dir='ltr'><strong>cuinam</strong></span> <span class='ocrx_word' id='word_1_462' title='bbox 880 3314 942 3356; x_wconf 87' lang='lat' dir='ltr'><strong>ca</strong></span> <span class='ocrx_word' id='word_1_463' title='bbox 970 3296 1241 3368; x_wconf 83' lang='lat' dir='ltr'><strong>largiaris;</strong></span> <span class='ocrx_word' id='word_1_464' title='bbox 1266 3294 1484 3366; x_wconf 83' lang='lat' dir='ltr'><strong>deliqui,</strong></span> <span class='ocrx_word' id='word_1_465' title='bbox 1519 3292 1704 3359; x_wconf 89' lang='lat' dir='ltr'><strong>dicito,</strong></span> <span class='ocrx_word' id='word_1_466' title='bbox 1730 3293 1782 3347; x_wconf 91' lang='lat' dir='ltr'><strong>in</strong></span> <span class='ocrx_word' id='word_1_467' title='bbox 1817 3292 2008 3357; x_wconf 89' lang='lat' dir='ltr'><strong>Deum,</strong></span> 
     </span>
    </p>
   </div>
   <div class='ocr_carea' id='block_1_64' title="bbox 415 3382 2013 3468">
    <p class='ocr_par' dir='ltr' id='par_1_64' title="bbox 415 3382 2013 3468">
     <span class='ocr_line' id='line_1_64' title="bbox 415 3382 2013 3468; baseline -0.009 -15"><span class='ocrx_word' id='word_1_468' title='bbox 415 3406 469 3453; x_wconf 89' lang='lat' dir='ltr'><strong>ct</strong></span> <span class='ocrx_word' id='word_1_469' title='bbox 490 3396 763 3468; x_wconf 84' lang='lat' dir='ltr'><strong>periclitor</strong></span> <span class='ocrx_word' id='word_1_470' title='bbox 800 3393 854 3450; x_wconf 92' lang='lat' dir='ltr'><strong>in</strong></span> <span class='ocrx_word' id='word_1_471' title='bbox 886 3396 1145 3448; x_wconf 65' lang='lat' dir='ltr'><strong>internum</strong></span> <span class='ocrx_word' id='word_1_472' title='bbox 1186 3392 1380 3460; x_wconf 88' lang='lat' dir='ltr'><strong>perire.</strong></span> <span class='ocrx_word' id='word_1_473' title='bbox 1414 3387 1595 3458; x_wconf 79' lang='lat' dir='ltr'><strong>Itaque</strong></span> <span class='ocrx_word' id='word_1_474' title='bbox 1638 3400 1778 3441; x_wconf 92' lang='lat' dir='ltr'><strong>nunc</strong></span> <span class='ocrx_word' id='word_1_475' title='bbox 1804 3382 2013 3456; x_wconf 86' lang='lat' dir='ltr'><strong>pendeo</strong></span> 
     </span>
    </p>
   </div>
   <div class='ocr_carea' id='block_1_65' title="bbox 415 3477 2010 3552">
    <p class='ocr_par' dir='ltr' id='par_1_65' title="bbox 415 3477 2010 3552">
     <span class='ocr_line' id='line_1_65' title="bbox 415 3477 2010 3552; baseline -0.011 -2"><span class='ocrx_word' id='word_1_476' title='bbox 415 3502 469 3550; x_wconf 90' lang='lat' dir='ltr'><strong>et</strong></span> <span class='ocrx_word' id='word_1_477' title='bbox 491 3506 735 3547; x_wconf 75' lang='lat' dir='ltr'><strong>ill&#39;JCCI&#39;OI&#39;</strong></span> <span class='ocrx_word' id='word_1_478' title='bbox 760 3497 814 3546; x_wconf 91' lang='lat' dir='ltr'><strong>et</strong></span> <span class='ocrx_word' id='word_1_479' title='bbox 844 3485 1145 3552; x_wconf 81' lang='lat' dir='ltr'><strong>excrucior,</strong></span> <span class='ocrx_word' id='word_1_480' title='bbox 1176 3494 1233 3540; x_wconf 91' lang='lat' dir='ltr'><strong>ut</strong></span> <span class='ocrx_word' id='word_1_481' title='bbox 1281 3483 1447 3539; x_wconf 91' lang='lat' dir='ltr'><strong>Deum</strong></span> <span class='ocrx_word' id='word_1_482' title='bbox 1480 3479 1823 3537; x_wconf 76' lang='lat' dir='ltr'><strong>reconcilient</strong></span> <span class='ocrx_word' id='word_1_483' title='bbox 1857 3477 2010 3544; x_wconf 89' lang='lat' dir='ltr'><strong>mihi,</strong></span> 
     </span>
    </p>
   </div>
   <div class='ocr_carea' id='block_1_66' title="bbox 415 3571 2008 3657">
    <p class='ocr_par' dir='ltr' id='par_1_66' title="bbox 415 3571 2008 3657">
     <span class='ocr_line' id='line_1_66' title="bbox 415 3571 2008 3657; baseline -0.01 -18"><span class='ocrx_word' id='word_1_484' title='bbox 415 3599 572 3657; x_wconf 82' lang='lat' dir='ltr'><strong>quem</strong></span> <span class='ocrx_word' id='word_1_485' title='bbox 608 3580 964 3654; x_wconf 88' lang='lat' dir='ltr'><strong>delinquendo</strong></span> <span class='ocrx_word' id='word_1_486' title='bbox 992 3579 1102 3636; x_wconf 64' lang='lat' dir='ltr'><strong>latsi</strong></span> <span class='ocrx_word' id='word_1_487' title='bbox 1132 3575 1333 3649; x_wconf 66' lang='lat' dir='ltr'><strong>(Ibid,</strong></span> <span class='ocrx_word' id='word_1_488' title='bbox 1365 3592 1481 3646; x_wconf 79' lang='lat' dir='ltr'><strong>cap.</strong></span> <span class='ocrx_word' id='word_1_489' title='bbox 1510 3576 1597 3642; x_wconf 82' lang='lat' dir='ltr'><strong>ll,</strong></span> <span class='ocrx_word' id='word_1_490' title='bbox 1629 3574 1730 3632; x_wconf 83' lang='lat' dir='ltr'><strong>cal.</strong></span> <span class='ocrx_word' id='word_1_491' title='bbox 1760 3571 1902 3629; x_wconf 66' lang='grc'><strong>1246</strong></span> <span class='ocrx_word' id='word_1_492' title='bbox 1933 3572 2008 3645; x_wconf 78' lang='grc'><strong>).›</strong></span> 
     </span>
    </p>
   </div>
   <div class='ocr_carea' id='block_1_67' title="bbox 487 3666 2017 3736">
    <p class='ocr_par' dir='ltr' id='par_1_67' title="bbox 487 3666 2017 3736">
     <span class='ocr_line' id='line_1_67' title="bbox 487 3666 2017 3736; baseline -0.008 -4"><span class='ocrx_word' id='word_1_493' title='bbox 487 3676 775 3732; x_wconf 75' lang='lat' dir='ltr'><strong>Christiano</strong></span> <span class='ocrx_word' id='word_1_494' title='bbox 801 3673 1020 3729; x_wconf 77' lang='lat' dir='ltr'><strong>mundus</strong></span> <span class='ocrx_word' id='word_1_495' title='bbox 1045 3682 1116 3728; x_wconf 86' lang='lat' dir='ltr'><strong>est</strong></span> <span class='ocrx_word' id='word_1_496' title='bbox 1139 3671 1299 3726; x_wconf 81' lang='lat' dir='ltr'><strong>instar</strong></span> <span class='ocrx_word' id='word_1_497' title='bbox 1315 3668 1550 3723; x_wconf 81' lang='lat' dir='ltr'><strong>carceris.</strong></span> <span class='ocrx_word' id='word_1_498' title='bbox 1565 3668 1727 3722; x_wconf 77' lang='lat' dir='ltr'><strong>--tSi</strong></span> <span class='ocrx_word' id='word_1_499' title='bbox 1758 3666 2017 3736; x_wconf 85' lang='lat' dir='ltr'><strong>recogite-</strong></span> 
     </span>
    </p>
   </div>
   <div class='ocr_carea' id='block_1_68' title="bbox 417 3758 2017 3841">
    <p class='ocr_par' dir='ltr' id='par_1_68' title="bbox 417 3758 2017 3841">
     <span class='ocr_line' id='line_1_68' title="bbox 417 3758 2017 3841; baseline -0.009 -13"><span class='ocrx_word' id='word_1_500' title='bbox 417 3786 538 3828; x_wconf 91' lang='lat' dir='ltr'><strong>mus</strong></span> <span class='ocrx_word' id='word_1_501' title='bbox 568 3772 743 3841; x_wconf 88' lang='lat' dir='ltr'><strong>ipsum</strong></span> <span class='ocrx_word' id='word_1_502' title='bbox 769 3768 938 3840; x_wconf 88' lang='lat' dir='ltr'><strong>magis</strong></span> <span class='ocrx_word' id='word_1_503' title='bbox 962 3765 1215 3822; x_wconf 88' lang='lat' dir='ltr'><strong>mundum</strong></span> <span class='ocrx_word' id='word_1_504' title='bbox 1236 3777 1507 3819; x_wconf 88' lang='lat' dir='ltr'><strong>carcerem</strong></span> <span class='ocrx_word' id='word_1_505' title='bbox 1534 3775 1674 3824; x_wconf 85' lang='lat' dir='ltr'><strong>esse,</strong></span> <span class='ocrx_word' id='word_1_506' title='bbox 1703 3758 1901 3814; x_wconf 75' lang='lat' dir='ltr'><strong>exiisse</strong></span> <span class='ocrx_word' id='word_1_507' title='bbox 1924 3772 2017 3814; x_wconf 77' lang='lat' dir='ltr'><strong>vos</strong></span> 
     </span>
    </p>
   </div>
   <div class='ocr_carea' id='block_1_69' title="bbox 418 3850 2013 3932">
    <p class='ocr_par' dir='ltr' id='par_1_69' title="bbox 418 3850 2013 3932">
     <span class='ocr_line' id='line_1_69' title="bbox 418 3850 2013 3932; baseline -0.008 -13"><span class='ocrx_word' id='word_1_508' title='bbox 418 3880 449 3919; x_wconf 91' lang='lat' dir='ltr'><strong>c</strong></span> <span class='ocrx_word' id='word_1_509' title='bbox 478 3876 719 3929; x_wconf 89' lang='lat' dir='ltr'><strong>carcere,</strong></span> <span class='ocrx_word' id='word_1_510' title='bbox 748 3873 908 3932; x_wconf 88' lang='lat' dir='ltr'><strong>quam</strong></span> <span class='ocrx_word' id='word_1_511' title='bbox 933 3856 986 3912; x_wconf 91' lang='lat' dir='ltr'><strong>in</strong></span> <span class='ocrx_word' id='word_1_512' title='bbox 1016 3870 1288 3913; x_wconf 88' lang='lat' dir='ltr'><strong>carcerem</strong></span> <span class='ocrx_word' id='word_1_513' title='bbox 1329 3852 1600 3919; x_wconf 86' lang='lat' dir='ltr'><strong>introisse,</strong></span> <span class='ocrx_word' id='word_1_514' title='bbox 1634 3850 2013 3921; x_wconf 84' lang='lat' dir='ltr'><strong>intelligemus.</strong></span> 
     </span>
    </p>
   </div>
   <div class='ocr_carea' id='block_1_70' title="bbox 418 3945 2017 4026">
    <p class='ocr_par' dir='ltr' id='par_1_70' title="bbox 418 3945 2017 4026">
     <span class='ocr_line' id='line_1_70' title="bbox 418 3945 2017 4026; baseline -0.008 -14"><span class='ocrx_word' id='word_1_515' title='bbox 418 3956 647 4026; x_wconf 81' lang='lat' dir='ltr'><strong>Majorcs</strong></span> <span class='ocrx_word' id='word_1_516' title='bbox 678 3952 929 4010; x_wconf 89' lang='lat' dir='ltr'><strong>tenebras</strong></span> <span class='ocrx_word' id='word_1_517' title='bbox 958 3950 1121 4007; x_wconf 89' lang='lat' dir='ltr'><strong>habet</strong></span> <span class='ocrx_word' id='word_1_518' title='bbox 1150 3947 1404 4016; x_wconf 89' lang='lat' dir='ltr'><strong>mundus,</strong></span> <span class='ocrx_word' id='word_1_519' title='bbox 1430 3962 1550 4020; x_wconf 67' lang='lat' dir='ltr'><strong>quae</strong></span> <span class='ocrx_word' id='word_1_520' title='bbox 1572 3945 1849 4003; x_wconf 86' lang='lat' dir='ltr'><strong>hominum</strong></span> <span class='ocrx_word' id='word_1_521' title='bbox 1875 3960 2017 4016; x_wconf 83' lang='lat' dir='ltr'><strong>prae-</strong></span> 
     </span>
    </p>
   </div>
   <div class='ocr_carea' id='block_1_71' title="bbox 419 4039 2019 4118">
    <p class='ocr_par' dir='ltr' id='par_1_71' title="bbox 419 4039 2019 4118">
     <span class='ocr_line' id='line_1_71' title="bbox 419 4039 2019 4118; baseline -0.006 -12"><span class='ocrx_word' id='word_1_522' title='bbox 419 4049 600 4106; x_wconf 84' lang='lat' dir='ltr'><strong>cordia</strong></span> <span class='ocrx_word' id='word_1_523' title='bbox 617 4054 909 4113; x_wconf 83' lang='lat' dir='ltr'><strong>excaecant;</strong></span> <span class='ocrx_word' id='word_1_524' title='bbox 926 4045 1203 4118; x_wconf 84' lang='lat' dir='ltr'><strong>graviores</strong></span> <span class='ocrx_word' id='word_1_525' title='bbox 1216 4051 1434 4099; x_wconf 90' lang='lat' dir='ltr'><strong>catenas</strong></span> <span class='ocrx_word' id='word_1_526' title='bbox 1451 4039 1620 4096; x_wconf 91' lang='lat' dir='ltr'><strong>induit</strong></span> <span class='ocrx_word' id='word_1_527' title='bbox 1640 4039 2019 4111; x_wconf 63' lang='lat' dir='ltr'><strong>mundus,qu~.e</strong></span> 
     </span>
    </p>
   </div>
   <div class='ocr_carea' id='block_1_72' title="bbox 421 4134 2020 4217">
    <p class='ocr_par' dir='ltr' id='par_1_72' title="bbox 421 4134 2020 4217">
     <span class='ocr_line' id='line_1_72' title="bbox 421 4134 2020 4217; baseline -0.007 -17"><span class='ocrx_word' id='word_1_528' title='bbox 421 4147 563 4217; x_wconf 83' lang='lat' dir='ltr'><strong>ipsas</strong></span> <span class='ocrx_word' id='word_1_529' title='bbox 588 4143 795 4200; x_wconf 89' lang='lat' dir='ltr'><strong>animas</strong></span> <span class='ocrx_word' id='word_1_530' title='bbox 822 4140 1097 4197; x_wconf 89' lang='lat' dir='ltr'><strong>hominum</strong></span> <span class='ocrx_word' id='word_1_531' title='bbox 1118 4138 1523 4211; x_wconf 82' lang='lat' dir='ltr'><strong>constringunt;</strong></span> <span class='ocrx_word' id='word_1_532' title='bbox 1558 4134 1768 4207; x_wconf 85' lang='lat' dir='ltr'><strong>pejores</strong></span> <span class='ocrx_word' id='word_1_533' title='bbox 1790 4135 2020 4190; x_wconf 62' lang='lat' dir='ltr'><strong>immuno</strong></span> 
     </span>
    </p>
   </div>
   <div class='ocr_carea' id='block_1_73' title="bbox 421 4232 2017 4312">
    <p class='ocr_par' dir='ltr' id='par_1_73' title="bbox 421 4232 2017 4312">
     <span class='ocr_line' id='line_1_73' title="bbox 421 4232 2017 4312; baseline -0.006 -15"><span class='ocrx_word' id='word_1_534' title='bbox 421 4241 579 4297; x_wconf 87' lang='lat' dir='ltr'><strong>ditias</strong></span> <span class='ocrx_word' id='word_1_535' title='bbox 608 4240 821 4312; x_wconf 80' lang='lat' dir='ltr'><strong>expirat</strong></span> <span class='ocrx_word' id='word_1_536' title='bbox 843 4236 1349 4308; x_wconf 88' lang='lat' dir='ltr'><strong>mundus,libidines</strong></span> <span class='ocrx_word' id='word_1_537' title='bbox 1373 4232 1865 4291; x_wconf 70' lang='lat' dir='ltr'><strong>hominumJ’lures</strong></span> <span class='ocrx_word' id='word_1_538' title='bbox 1891 4247 2017 4304; x_wconf 85' lang='lat' dir='ltr'><strong>pos-</strong></span> 
     </span>
    </p>
   </div>
   <div class='ocr_carea' id='block_1_74' title="bbox 424 4322 2022 4403">
    <p class='ocr_par' dir='ltr' id='par_1_74' title="bbox 424 4322 2022 4403">
     <span class='ocr_line' id='line_1_74' title="bbox 424 4322 2022 4403; baseline -0.006 -12"><span class='ocrx_word' id='word_1_539' title='bbox 424 4344 593 4391; x_wconf 86' lang='lat' dir='ltr'><strong>tremo</strong></span> <span class='ocrx_word' id='word_1_540' title='bbox 618 4333 848 4391; x_wconf 88' lang='lat' dir='ltr'><strong>mundus</strong></span> <span class='ocrx_word' id='word_1_541' title='bbox 869 4348 989 4389; x_wconf 83' lang='lat' dir='ltr'><strong>reos</strong></span> <span class='ocrx_word' id='word_1_542' title='bbox 1007 4331 1479 4401; x_wconf 85' lang='lat' dir='ltr'><strong>continet,scilieet</strong></span> <span class='ocrx_word' id='word_1_543' title='bbox 1508 4322 1817 4386; x_wconf 85' lang='lat' dir='ltr'><strong>universum</strong></span> <span class='ocrx_word' id='word_1_544' title='bbox 1847 4326 2022 4403; x_wconf 87' lang='lat' dir='ltr'><strong>homi-</strong></span> 
     </span>
    </p>
   </div>
   <div class='ocr_carea' id='block_1_75' title="bbox 428 4419 2020 4499">
    <p class='ocr_par' dir='ltr' id='par_1_75' title="bbox 428 4419 2020 4499">
     <span class='ocr_line' id='line_1_75' title="bbox 428 4419 2020 4499; baseline -0.004 -16"><span class='ocrx_word' id='word_1_545' title='bbox 428 4444 554 4484; x_wconf 83' lang='lat' dir='ltr'><strong>num</strong></span> <span class='ocrx_word' id='word_1_546' title='bbox 585 4442 775 4499; x_wconf 87' lang='lat' dir='ltr'><strong>genus.</strong></span> <span class='ocrx_word' id='word_1_547' title='bbox 809 4426 1016 4483; x_wconf 88' lang='lat' dir='ltr'><strong>Judicia</strong></span> <span class='ocrx_word' id='word_1_548' title='bbox 1038 4423 1271 4496; x_wconf 85' lang='lat' dir='ltr'><strong>denique</strong></span> <span class='ocrx_word' id='word_1_549' title='bbox 1293 4439 1396 4480; x_wconf 89' lang='lat' dir='ltr'><strong>non</strong></span> <span class='ocrx_word' id='word_1_550' title='bbox 1419 4421 1776 4496; x_wconf 85' lang='lat' dir='ltr'><strong>proconsulis,</strong></span> <span class='ocrx_word' id='word_1_551' title='bbox 1805 4420 1901 4477; x_wconf 87' lang='lat' dir='ltr'><strong>sed</strong></span> <span class='ocrx_word' id='word_1_552' title='bbox 1927 4419 2020 4477; x_wconf 88' lang='lat' dir='ltr'><strong>Dei</strong></span> 
     </span>
    </p>
   </div>
   <div class='ocr_carea' id='block_1_76' title="bbox 422 4513 1965 4591">
    <p class='ocr_par' dir='ltr' id='par_1_76' title="bbox 422 4513 1965 4591">
     <span class='ocr_line' id='line_1_76' title="bbox 422 4513 1965 4591; baseline -0.005 -15"><span class='ocrx_word' id='word_1_553' title='bbox 422 4519 653 4577; x_wconf 86' lang='lat' dir='ltr'><strong>sustinet</strong></span> <span class='ocrx_word' id='word_1_554' title='bbox 683 4517 832 4591; x_wconf 87' lang='lat' dir='ltr'><strong>(Lib.</strong></span> <span class='ocrx_word' id='word_1_555' title='bbox 870 4519 937 4572; x_wconf 83' lang='lat' dir='ltr'><strong>ad</strong></span> <span class='ocrx_word' id='word_1_556' title='bbox 969 4516 1216 4590; x_wconf 80' lang='lat' dir='ltr'><strong>Martyr.,</strong></span> <span class='ocrx_word' id='word_1_557' title='bbox 1245 4533 1359 4590; x_wconf 85' lang='lat' dir='ltr'><strong>cap.</strong></span> <span class='ocrx_word' id='word_1_558' title='bbox 1382 4516 1442 4584; x_wconf 74' lang='lat'><strong>2,</strong></span> <span class='ocrx_word' id='word_1_559' title='bbox 1475 4527 1514 4571; x_wconf 90' lang='lat' dir='ltr'><strong>t.</strong></span> <span class='ocrx_word' id='word_1_560' title='bbox 1546 4514 1610 4584; x_wconf 90' lang='lat' dir='ltr'><strong>ll,</strong></span> <span class='ocrx_word' id='word_1_561' title='bbox 1645 4515 1744 4571; x_wconf 86' lang='lat' dir='ltr'><strong>col.</strong></span> <span class='ocrx_word' id='word_1_562' title='bbox 1779 4513 1965 4586; x_wconf 68' lang='lat'><strong>622).)</strong></span> 
     </span>
    </p>
   </div>
   <div class='ocr_carea' id='block_1_77' title="bbox 2116 3296 3715 3368">
    <p class='ocr_par' dir='ltr' id='par_1_77' title="bbox 2116 3296 3715 3368">
     <span class='ocr_line' id='line_1_77' title="bbox 2116 3296 3715 3368; baseline 0.003 -15"><span class='ocrx_word' id='word_1_563' title='bbox 2116 3296 2366 3353; x_wconf 92' lang='lat' dir='ltr'><strong>omnibus</strong></span> <span class='ocrx_word' id='word_1_564' title='bbox 2405 3296 2566 3353; x_wconf 89' lang='lat' dir='ltr'><strong>simul</strong></span> <span class='ocrx_word' id='word_1_565' title='bbox 2603 3306 2657 3353; x_wconf 91' lang='lat' dir='ltr'><strong>et</strong></span> <span class='ocrx_word' id='word_1_566' title='bbox 2683 3299 3080 3363; x_wconf 84' lang='lat' dir='ltr'><strong>ornamentis...</strong></span> <span class='ocrx_word' id='word_1_567' title='bbox 3100 3297 3309 3368; x_wconf 84' lang='lat' dir='ltr'><strong>Quanta</strong></span> <span class='ocrx_word' id='word_1_568' title='bbox 3339 3300 3606 3356; x_wconf 83' lang='lat' dir='ltr'><strong>confessio</strong></span> <span class='ocrx_word' id='word_1_569' title='bbox 3632 3309 3715 3357; x_wconf 89' lang='lat' dir='ltr'><strong>est</strong></span> 
     </span>
    </p>
   </div>
   <div class='ocr_carea' id='block_1_78' title="bbox 2117 3388 3718 3467">
    <p class='ocr_par' dir='ltr' id='par_1_78' title="bbox 2117 3388 3718 3467">
     <span class='ocr_line' id='line_1_78' title="bbox 2117 3388 3718 3467; baseline 0.002 -22"><span class='ocrx_word' id='word_1_570' title='bbox 2117 3389 2273 3446; x_wconf 79' lang='lat' dir='ltr'><strong>mala:</strong></span> <span class='ocrx_word' id='word_1_571' title='bbox 2300 3389 2399 3456; x_wconf 88' lang='lat' dir='ltr'><strong>rei,</strong></span> <span class='ocrx_word' id='word_1_572' title='bbox 2430 3388 2581 3461; x_wconf 89' lang='lat' dir='ltr'><strong>cujus</strong></span> <span class='ocrx_word' id='word_1_573' title='bbox 2601 3398 2849 3447; x_wconf 87' lang='lat' dir='ltr'><strong>auctores</strong></span> <span class='ocrx_word' id='word_1_574' title='bbox 2878 3406 3037 3462; x_wconf 88' lang='lat' dir='ltr'><strong>quam</strong></span> <span class='ocrx_word' id='word_1_575' title='bbox 3069 3392 3425 3463; x_wconf 87' lang='lat' dir='ltr'><strong>acceptissimi</strong></span> <span class='ocrx_word' id='word_1_576' title='bbox 3445 3393 3564 3450; x_wconf 89' lang='lat' dir='ltr'><strong>sine</strong></span> <span class='ocrx_word' id='word_1_577' title='bbox 3593 3402 3718 3467; x_wconf 89' lang='lat' dir='ltr'><strong>nota</strong></span> 
     </span>
    </p>
   </div>
   <div class='ocr_carea' id='block_1_79' title="bbox 2120 3480 3266 3557">
    <p class='ocr_par' dir='ltr' id='par_1_79' title="bbox 2120 3480 3266 3557">
     <span class='ocr_line' id='line_1_79' title="bbox 2120 3480 3266 3557; baseline 0.005 -22"><span class='ocrx_word' id='word_1_578' title='bbox 2120 3496 2225 3536; x_wconf 90' lang='lat' dir='ltr'><strong>non</strong></span> <span class='ocrx_word' id='word_1_579' title='bbox 2256 3480 2410 3537; x_wconf 83' lang='lat' dir='ltr'><strong>sunt!</strong></span> <span class='ocrx_word' id='word_1_580' title='bbox 2452 3500 2471 3535; x_wconf 84' lang='grc'>›</span> <span class='ocrx_word' id='word_1_581' title='bbox 2504 3481 2691 3556; x_wconf 88' lang='lat' dir='ltr'><strong>(lbid.,</strong></span> <span class='ocrx_word' id='word_1_582' title='bbox 2719 3488 2834 3554; x_wconf 84' lang='lat' dir='ltr'><strong>cap.</strong></span> <span class='ocrx_word' id='word_1_583' title='bbox 2862 3482 2954 3551; x_wconf 71' lang='lat'><strong>22,</strong></span> <span class='ocrx_word' id='word_1_584' title='bbox 2985 3481 3266 3557; x_wconf 66' lang='lat'><strong>001.654.)</strong></span> 
     </span>
    </p>
   </div>
   <div class='ocr_carea' id='block_1_80' title="bbox 2189 3572 3720 3636">
    <p class='ocr_par' dir='ltr' id='par_1_80' title="bbox 2189 3572 3720 3636">
     <span class='ocr_line' id='line_1_80' title="bbox 2189 3572 3720 3636; baseline 0.004 -6"><span class='ocrx_word' id='word_1_585' title='bbox 2189 3572 2463 3630; x_wconf 76' lang='lat' dir='ltr'><strong>Commdiis</strong></span> <span class='ocrx_word' id='word_1_586' title='bbox 2489 3574 2791 3632; x_wconf 83' lang='lat' dir='ltr'><strong>Christianis</strong></span> <span class='ocrx_word' id='word_1_587' title='bbox 2831 3577 3034 3632; x_wconf 86' lang='lat' dir='ltr'><strong>vetitum</strong></span> <span class='ocrx_word' id='word_1_588' title='bbox 3077 3578 3329 3634; x_wconf 80' lang='lat' dir='ltr'><strong>interesse.</strong></span> <span class='ocrx_word' id='word_1_589' title='bbox 3360 3609 3432 3620; x_wconf 94' lang='lat'><strong><em>—</em></strong></span> <span class='ocrx_word' id='word_1_590' title='bbox 3457 3594 3479 3632; x_wconf 72' lang='grc' dir='ltr'><strong><em>ι</em></strong></span> <span class='ocrx_word' id='word_1_591' title='bbox 3516 3579 3599 3636; x_wconf 81' lang='lat' dir='ltr'><strong>An</strong></span> <span class='ocrx_word' id='word_1_592' title='bbox 3629 3580 3720 3636; x_wconf 85' lang='lat' dir='ltr'><strong>illo</strong></span> 
     </span>
    </p>
   </div>
   <div class='ocr_carea' id='block_1_81' title="bbox 2120 3666 3718 3742">
    <p class='ocr_par' dir='ltr' id='par_1_81' title="bbox 2120 3666 3718 3742">
     <span class='ocr_line' id='line_1_81' title="bbox 2120 3666 3718 3742; baseline 0.002 -18"><span class='ocrx_word' id='word_1_593' title='bbox 2120 3666 2440 3738; x_wconf 87' lang='lat' dir='ltr'><strong>recogitabit</strong></span> <span class='ocrx_word' id='word_1_594' title='bbox 2464 3682 2528 3723; x_wconf 89' lang='lat' dir='ltr'><strong>eo</strong></span> <span class='ocrx_word' id='word_1_595' title='bbox 2566 3674 2811 3738; x_wconf 85' lang='lat' dir='ltr'><strong>tempore</strong></span> <span class='ocrx_word' id='word_1_596' title='bbox 2838 3668 2907 3725; x_wconf 93' lang='lat' dir='ltr'><strong>de</strong></span> <span class='ocrx_word' id='word_1_597' title='bbox 2945 3669 3078 3735; x_wconf 89' lang='lat' dir='ltr'><strong>Deo,</strong></span> <span class='ocrx_word' id='word_1_598' title='bbox 3112 3671 3286 3742; x_wconf 83' lang='lat' dir='ltr'><strong>posito</strong></span> <span class='ocrx_word' id='word_1_599' title='bbox 3313 3670 3443 3739; x_wconf 91' lang='lat' dir='ltr'><strong>illic,</strong></span> <span class='ocrx_word' id='word_1_600' title='bbox 3467 3670 3556 3728; x_wconf 90' lang='lat' dir='ltr'><strong>ubi</strong></span> <span class='ocrx_word' id='word_1_601' title='bbox 3586 3672 3718 3727; x_wconf 91' lang='lat' dir='ltr'><strong>nihil</strong></span> 
     </span>
    </p>
   </div>
   <div class='ocr_carea' id='block_1_82' title="bbox 2120 3759 3719 3832">
    <p class='ocr_par' dir='ltr' id='par_1_82' title="bbox 2120 3759 3719 3832">
     <span class='ocr_line' id='line_1_82' title="bbox 2120 3759 3719 3832; baseline 0.004 -16"><span class='ocrx_word' id='word_1_602' title='bbox 2120 3768 2203 3816; x_wconf 88' lang='lat' dir='ltr'><strong>est</strong></span> <span class='ocrx_word' id='word_1_603' title='bbox 2229 3759 2296 3817; x_wconf 89' lang='lat' dir='ltr'><strong>de</strong></span> <span class='ocrx_word' id='word_1_604' title='bbox 2323 3759 2444 3829; x_wconf 51' lang='lat' dir='ltr'><strong>,Deo</strong></span> <span class='ocrx_word' id='word_1_605' title='bbox 2470 3760 2562 3816; x_wconf 90' lang='lat'><strong>?...</strong></span> <span class='ocrx_word' id='word_1_606' title='bbox 2605 3759 2921 3817; x_wconf 90' lang='lat' dir='ltr'><strong>Pudicitiam</strong></span> <span class='ocrx_word' id='word_1_607' title='bbox 2964 3761 3194 3832; x_wconf 89' lang='lat' dir='ltr'><strong>ediscet,</strong></span> <span class='ocrx_word' id='word_1_608' title='bbox 3233 3764 3493 3820; x_wconf 89' lang='lat' dir='ltr'><strong>attonitus</strong></span> <span class='ocrx_word' id='word_1_609' title='bbox 3519 3764 3572 3821; x_wconf 92' lang='lat' dir='ltr'><strong>in</strong></span> <span class='ocrx_word' id='word_1_610' title='bbox 3615 3766 3719 3822; x_wconf 89' lang='lat' dir='ltr'><strong>mi-</strong></span> 
     </span>
    </p>
   </div>
   <div class='ocr_carea' id='block_1_83' title="bbox 2122 3854 3726 3931">
    <p class='ocr_par' dir='ltr' id='par_1_83' title="bbox 2122 3854 3726 3931">
     <span class='ocr_line' id='line_1_83' title="bbox 2122 3854 3726 3931; baseline 0.002 -19"><span class='ocrx_word' id='word_1_611' title='bbox 2122 3855 2277 3912; x_wconf 91' lang='lat' dir='ltr'><strong>mos?</strong></span> <span class='ocrx_word' id='word_1_612' title='bbox 2307 3854 2417 3911; x_wconf 90' lang='lat' dir='ltr'><strong>imo</strong></span> <span class='ocrx_word' id='word_1_613' title='bbox 2448 3855 2501 3910; x_wconf 89' lang='lat' dir='ltr'><strong>in</strong></span> <span class='ocrx_word' id='word_1_614' title='bbox 2540 3855 2685 3911; x_wconf 90' lang='lat' dir='ltr'><strong>omni</strong></span> <span class='ocrx_word' id='word_1_615' title='bbox 2715 3855 3022 3927; x_wconf 81' lang='lat' dir='ltr'><strong>Spectaculo</strong></span> <span class='ocrx_word' id='word_1_616' title='bbox 3052 3856 3256 3913; x_wconf 87' lang='lat' dir='ltr'><strong>nullmn</strong></span> <span class='ocrx_word' id='word_1_617' title='bbox 3295 3859 3465 3931; x_wconf 87' lang='lat' dir='ltr'><strong>magis</strong></span> <span class='ocrx_word' id='word_1_618' title='bbox 3485 3858 3726 3915; x_wconf 60' lang='lat' dir='ltr'><strong>scanda~</strong></span> 
     </span>
    </p>
   </div>
   <div class='ocr_carea' id='block_1_84' title="bbox 2122 3947 3717 4021">
    <p class='ocr_par' dir='ltr' id='par_1_84' title="bbox 2122 3947 3717 4021">
     <span class='ocr_line' id='line_1_84' title="bbox 2122 3947 3717 4021; baseline 0.001 -15"><span class='ocrx_word' id='word_1_619' title='bbox 2122 3947 2232 4006; x_wconf 92' lang='lat' dir='ltr'><strong>lum</strong></span> <span class='ocrx_word' id='word_1_620' title='bbox 2270 3957 2540 4017; x_wconf 90' lang='lat' dir='ltr'><strong>occurret,</strong></span> <span class='ocrx_word' id='word_1_621' title='bbox 2581 3965 2739 4021; x_wconf 89' lang='lat' dir='ltr'><strong>quam</strong></span> <span class='ocrx_word' id='word_1_622' title='bbox 2781 3949 2895 4021; x_wconf 88' lang='lat' dir='ltr'><strong>ipse</strong></span> <span class='ocrx_word' id='word_1_623' title='bbox 2935 3949 3028 4007; x_wconf 90' lang='lat' dir='ltr'><strong>ille</strong></span> <span class='ocrx_word' id='word_1_624' title='bbox 3067 3951 3351 4007; x_wconf 87' lang='lat' dir='ltr'><strong>mulierum</strong></span> <span class='ocrx_word' id='word_1_625' title='bbox 3388 3961 3443 4008; x_wconf 88' lang='lat' dir='ltr'><strong>et</strong></span> <span class='ocrx_word' id='word_1_626' title='bbox 3480 3954 3717 4010; x_wconf 86' lang='lat' dir='ltr'><strong>virorum</strong></span> 
     </span>
    </p>
   </div>
   <div class='ocr_carea' id='block_1_85' title="bbox 2122 4043 3722 4118">
    <p class='ocr_par' dir='ltr' id='par_1_85' title="bbox 2122 4043 3722 4118">
     <span class='ocr_line' id='line_1_85' title="bbox 2122 4043 3722 4118; baseline 0.003 -21"><span class='ocrx_word' id='word_1_627' title='bbox 2122 4043 2424 4099; x_wconf 85' lang='lat' dir='ltr'><strong>accuratior</strong></span> <span class='ocrx_word' id='word_1_628' title='bbox 2444 4043 2639 4109; x_wconf 89' lang='lat' dir='ltr'><strong>cultus,</strong></span> <span class='ocrx_word' id='word_1_629' title='bbox 2659 4044 2772 4114; x_wconf 90' lang='lat' dir='ltr'><strong>ipsa</strong></span> <span class='ocrx_word' id='word_1_630' title='bbox 2791 4044 3099 4113; x_wconf 83' lang='lat' dir='ltr'><strong>consensio,</strong></span> <span class='ocrx_word' id='word_1_631' title='bbox 3123 4047 3237 4118; x_wconf 88' lang='lat' dir='ltr'><strong>ipsa</strong></span> <span class='ocrx_word' id='word_1_632' title='bbox 3258 4047 3308 4101; x_wconf 91' lang='lat' dir='ltr'><strong>in</strong></span> <span class='ocrx_word' id='word_1_633' title='bbox 3331 4045 3602 4106; x_wconf 87' lang='lat' dir='ltr'><strong>favoribus</strong></span> <span class='ocrx_word' id='word_1_634' title='bbox 3630 4057 3722 4104; x_wconf 90' lang='lat' dir='ltr'><strong>aut</strong></span> 
     </span>
    </p>
   </div>
   <div class='ocr_carea' id='block_1_86' title="bbox 2123 4133 3721 4208">
    <p class='ocr_par' dir='ltr' id='par_1_86' title="bbox 2123 4133 3721 4208">
     <span class='ocr_line' id='line_1_86' title="bbox 2123 4133 3721 4208; baseline 0.004 -17"><span class='ocrx_word' id='word_1_635' title='bbox 2123 4133 2449 4208; x_wconf 78' lang='lat' dir='ltr'><strong>conspiratio</strong></span> <span class='ocrx_word' id='word_1_636' title='bbox 2474 4145 2567 4191; x_wconf 90' lang='lat' dir='ltr'><strong>aut</strong></span> <span class='ocrx_word' id='word_1_637' title='bbox 2589 4134 2881 4205; x_wconf 84' lang='lat' dir='ltr'><strong>dissensio,</strong></span> <span class='ocrx_word' id='word_1_638' title='bbox 2912 4138 3050 4193; x_wconf 90' lang='lat' dir='ltr'><strong>inter</strong></span> <span class='ocrx_word' id='word_1_639' title='bbox 3063 4153 3123 4196; x_wconf 89' lang='lat' dir='ltr'><strong>se</strong></span> <span class='ocrx_word' id='word_1_640' title='bbox 3148 4139 3215 4194; x_wconf 90' lang='lat' dir='ltr'><strong>de</strong></span> <span class='ocrx_word' id='word_1_641' title='bbox 3237 4141 3560 4198; x_wconf 91' lang='lat' dir='ltr'><strong>commercio</strong></span> <span class='ocrx_word' id='word_1_642' title='bbox 3577 4141 3721 4197; x_wconf 70' lang='lat' dir='ltr'><strong>seiu~</strong></span> 
     </span>
    </p>
   </div>
   <div class='ocr_carea' id='block_1_87' title="bbox 2123 4227 3719 4305">
    <p class='ocr_par' dir='ltr' id='par_1_87' title="bbox 2123 4227 3719 4305">
     <span class='ocr_line' id='line_1_87' title="bbox 2123 4227 3719 4305; baseline 0.003 -21"><span class='ocrx_word' id='word_1_643' title='bbox 2123 4227 2262 4285; x_wconf 85' lang='lat' dir='ltr'><strong>tilias</strong></span> <span class='ocrx_word' id='word_1_644' title='bbox 2290 4227 2570 4286; x_wconf 89' lang='lat' dir='ltr'><strong>libidinum</strong></span> <span class='ocrx_word' id='word_1_645' title='bbox 2600 4228 2997 4288; x_wconf 84' lang='lat' dir='ltr'><strong>conflabellant.</strong></span> <span class='ocrx_word' id='word_1_646' title='bbox 3031 4229 3200 4288; x_wconf 84' lang='lat' dir='ltr'><strong>Nemo</strong></span> <span class='ocrx_word' id='word_1_647' title='bbox 3224 4232 3455 4305; x_wconf 86' lang='lat' dir='ltr'><strong>denique</strong></span> <span class='ocrx_word' id='word_1_648' title='bbox 3482 4234 3532 4289; x_wconf 93' lang='lat' dir='ltr'><strong>in</strong></span> <span class='ocrx_word' id='word_1_649' title='bbox 3561 4248 3719 4305; x_wconf 89' lang='lat' dir='ltr'><strong>spee-</strong></span> 
     </span>
    </p>
   </div>
   <div class='ocr_carea' id='block_1_88' title="bbox 2127 4323 3719 4398">
    <p class='ocr_par' dir='ltr' id='par_1_88' title="bbox 2127 4323 3719 4398">
     <span class='ocr_line' id='line_1_88' title="bbox 2127 4323 3719 4398; baseline 0.003 -18"><span class='ocrx_word' id='word_1_650' title='bbox 2127 4323 2304 4380; x_wconf 91' lang='lat' dir='ltr'><strong>taculo</strong></span> <span class='ocrx_word' id='word_1_651' title='bbox 2326 4323 2561 4381; x_wconf 90' lang='lat' dir='ltr'><strong>ineundo</strong></span> <span class='ocrx_word' id='word_1_652' title='bbox 2589 4325 2734 4398; x_wconf 88' lang='lat' dir='ltr'><strong>prius</strong></span> <span class='ocrx_word' id='word_1_653' title='bbox 2750 4326 2969 4398; x_wconf 84' lang='lat' dir='ltr'><strong>cogitat,</strong></span> <span class='ocrx_word' id='word_1_654' title='bbox 2998 4326 3115 4383; x_wconf 88' lang='lat' dir='ltr'><strong>nisi‘</strong></span> <span class='ocrx_word' id='word_1_655' title='bbox 3141 4327 3309 4385; x_wconf 90' lang='lat' dir='ltr'><strong>videri</strong></span> <span class='ocrx_word' id='word_1_656' title='bbox 3351 4338 3407 4385; x_wconf 89' lang='lat' dir='ltr'><strong>et</strong></span> <span class='ocrx_word' id='word_1_657' title='bbox 3443 4330 3719 4387; x_wconf 88' lang='lat' dir='ltr'><strong>videre....</strong></span> 
     </span>
    </p>
   </div>
   <div class='ocr_carea' id='block_1_89' title="bbox 2123 4418 3724 4492">
    <p class='ocr_par' dir='ltr' id='par_1_89' title="bbox 2123 4418 3724 4492">
     <span class='ocr_line' id='line_1_89' title="bbox 2123 4418 3724 4492; baseline 0.003 -17"><span class='ocrx_word' id='word_1_658' title='bbox 2123 4418 2347 4475; x_wconf 80' lang='lat' dir='ltr'><strong>Avertat</strong></span> <span class='ocrx_word' id='word_1_659' title='bbox 2395 4418 2535 4476; x_wconf 87' lang='lat' dir='ltr'><strong>Deus</strong></span> <span class='ocrx_word' id='word_1_660' title='bbox 2574 4436 2602 4474; x_wconf 91' lang='lat' dir='ltr'><strong>a</strong></span> <span class='ocrx_word' id='word_1_661' title='bbox 2635 4419 2747 4475; x_wconf 90' lang='lat' dir='ltr'><strong>suis</strong></span> <span class='ocrx_word' id='word_1_662' title='bbox 2785 4428 2985 4477; x_wconf 87' lang='lat' dir='ltr'><strong>tantam</strong></span> <span class='ocrx_word' id='word_1_663' title='bbox 3029 4421 3317 4492; x_wconf 89' lang='lat' dir='ltr'><strong>voluptatis</strong></span> <span class='ocrx_word' id='word_1_664' title='bbox 3355 4422 3596 4480; x_wconf 80' lang='lat' dir='ltr'><strong>exitiosa:</strong></span> <span class='ocrx_word' id='word_1_665' title='bbox 3632 4439 3724 4480; x_wconf 91' lang='lat' dir='ltr'><strong>eu-</strong></span> 
     </span>
    </p>
   </div>
   <div class='ocr_carea' id='block_1_90' title="bbox 2125 4512 3258 4587">
    <p class='ocr_par' dir='ltr' id='par_1_90' title="bbox 2125 4512 3258 4587">
     <span class='ocr_line' id='line_1_90' title="bbox 2125 4512 3258 4587; baseline 0.003 -21"><span class='ocrx_word' id='word_1_666' title='bbox 2125 4513 2400 4586; x_wconf 86' lang='lat' dir='ltr'><strong>pidilatcm</strong></span> <span class='ocrx_word' id='word_1_667' title='bbox 2431 4513 2620 4586; x_wconf 84' lang='lat' dir='ltr'><strong>(lbid.,</strong></span> <span class='ocrx_word' id='word_1_668' title='bbox 2647 4530 2765 4585; x_wconf 84' lang='lat' dir='ltr'><strong>cap.</strong></span> <span class='ocrx_word' id='word_1_669' title='bbox 2793 4512 2885 4583; x_wconf 68' lang='lat'><strong>25,</strong></span> <span class='ocrx_word' id='word_1_670' title='bbox 2918 4514 3016 4570; x_wconf 82' lang='lat' dir='ltr'><strong>col.</strong></span> <span class='ocrx_word' id='word_1_671' title='bbox 3036 4513 3141 4572; x_wconf 80' lang='lat'><strong>656</strong></span> <span class='ocrx_word' id='word_1_672' title='bbox 3162 4515 3204 4587; x_wconf 73' lang='lat' dir='ltr'><strong>j.</strong></span> <span class='ocrx_word' id='word_1_673' title='bbox 3237 4531 3258 4569; x_wconf 75' lang='grc' dir='ltr'><strong>ι</strong></span> 
     </span>
    </p>
   </div>
   <div class='ocr_carea' id='block_1_91' title="bbox 428 4601 3721 4686">
    <p class='ocr_par' dir='ltr' id='par_1_91' title="bbox 428 4601 3721 4686">
     <span class='ocr_line' id='line_1_91' title="bbox 428 4601 3721 4686; baseline 0 -23"><span class='ocrx_word' id='word_1_674' title='bbox 428 4659 432 4663; x_wconf 84' lang='lat'><strong>.</strong></span> <span class='ocrx_word' id='word_1_675' title='bbox 496 4613 746 4686; x_wconf 78' lang='lat' dir='ltr'><strong>Exemplo</strong></span> <span class='ocrx_word' id='word_1_676' title='bbox 774 4612 961 4668; x_wconf 77' lang='lat' dir='ltr'><strong>Christi</strong></span> <span class='ocrx_word' id='word_1_677' title='bbox 985 4611 1364 4668; x_wconf 80' lang='lat' dir='ltr'><strong>contemnenda:</strong></span> <span class='ocrx_word' id='word_1_678' title='bbox 1395 4610 1703 4666; x_wconf 81' lang='lat' dir='ltr'><strong>divitiw.—t</strong></span> <span class='ocrx_word' id='word_1_679' title='bbox 1716 4608 1871 4665; x_wconf 87' lang='lat' dir='ltr'><strong>Omni</strong></span> <span class='ocrx_word' id='word_1_680' title='bbox 1889 4617 2024 4679; x_wconf 87' lang='lat' dir='ltr'><strong>pene</strong></span> <span class='ocrx_word' id='word_1_681' title='bbox 2046 4601 2103 4665; x_wconf 89' lang='lat' dir='ltr'><strong>D</strong></span> <span class='ocrx_word' id='word_1_682' title='bbox 2213 4605 2355 4662; x_wconf 73' lang='lat' dir='ltr'><strong>Vera:</strong></span> <span class='ocrx_word' id='word_1_683' title='bbox 2374 4607 2778 4663; x_wconf 82' lang='lat' dir='ltr'><strong>Christianorum</strong></span> <span class='ocrx_word' id='word_1_684' title='bbox 2798 4601 3079 4681; x_wconf 78' lang='lat' dir='ltr'><strong>voluptates</strong></span> <span class='ocrx_word' id='word_1_685' title='bbox 3103 4609 3267 4665; x_wconf 75' lang='lat' dir='ltr'><strong>iit/iac</strong></span> <span class='ocrx_word' id='word_1_686' title='bbox 3287 4608 3721 4666; x_wconf 62' lang='lat' dir='ltr'><strong>necuim—«lam</strong></span> 
     </span>
    </p>
   </div>
   <div class='ocr_carea' id='block_1_92' title="bbox 426 4703 2025 4778">
    <p class='ocr_par' dir='ltr' id='par_1_92' title="bbox 426 4703 2025 4778">
     <span class='ocr_line' id='line_1_92' title="bbox 426 4703 2025 4778; baseline -0.005 -11"><span class='ocrx_word' id='word_1_687' title='bbox 426 4710 480 4767; x_wconf 85' lang='lat' dir='ltr'><strong>in</strong></span> <span class='ocrx_word' id='word_1_688' title='bbox 506 4709 626 4767; x_wconf 93' lang='lat' dir='ltr'><strong>loco</strong></span> <span class='ocrx_word' id='word_1_689' title='bbox 671 4709 739 4765; x_wconf 88' lang='lat' dir='ltr'><strong>de</strong></span> <span class='ocrx_word' id='word_1_690' title='bbox 767 4707 1163 4766; x_wconf 90' lang='lat' dir='ltr'><strong>contemnendo</strong></span> <span class='ocrx_word' id='word_1_691' title='bbox 1189 4706 1389 4764; x_wconf 81' lang='lat' dir='ltr'><strong>saeculo</strong></span> <span class='ocrx_word' id='word_1_692' title='bbox 1414 4705 1705 4778; x_wconf 89' lang='lat' dir='ltr'><strong>Scripturis</strong></span> <span class='ocrx_word' id='word_1_693' title='bbox 1746 4703 2025 4761; x_wconf 89' lang='lat' dir='ltr'><strong>dominicis</strong></span> 
     </span>
    </p>
   </div>
   <div class='ocr_carea' id='block_1_93' title="bbox 427 4800 2024 4874">
    <p class='ocr_par' dir='ltr' id='par_1_93' title="bbox 427 4800 2024 4874">
     <span class='ocr_line' id='line_1_93' title="bbox 427 4800 2024 4874; baseline -0.005 -14"><span class='ocrx_word' id='word_1_694' title='bbox 427 4812 819 4860; x_wconf 90' lang='lat' dir='ltr'><strong>eommonetur.</strong></span> <span class='ocrx_word' id='word_1_695' title='bbox 870 4802 981 4859; x_wconf 87' lang='lat' dir='ltr'><strong>Nec</strong></span> <span class='ocrx_word' id='word_1_696' title='bbox 1036 4800 1210 4874; x_wconf 88' lang='lat' dir='ltr'><strong>major</strong></span> <span class='ocrx_word' id='word_1_697' title='bbox 1254 4800 1322 4857; x_wconf 81' lang='lat' dir='ltr'><strong>ad</strong></span> <span class='ocrx_word' id='word_1_698' title='bbox 1370 4801 1610 4872; x_wconf 72' lang='lat' dir='ltr'><strong>pecunia:</strong></span> <span class='ocrx_word' id='word_1_699' title='bbox 1656 4800 2024 4868; x_wconf 89' lang='lat' dir='ltr'><strong>contemptum</strong></span> 
     </span>
    </p>
   </div>
   <div class='ocr_carea' id='block_1_94' title="bbox 429 4891 2027 4969">
    <p class='ocr_par' dir='ltr' id='par_1_94' title="bbox 429 4891 2027 4969">
     <span class='ocr_line' id='line_1_94' title="bbox 429 4891 2027 4969; baseline -0.005 -15"><span class='ocrx_word' id='word_1_700' title='bbox 429 4897 734 4954; x_wconf 85' lang='lat' dir='ltr'><strong>exhortatio</strong></span> <span class='ocrx_word' id='word_1_701' title='bbox 756 4896 1017 4969; x_wconf 87' lang='lat' dir='ltr'><strong>subjaeet,</strong></span> <span class='ocrx_word' id='word_1_702' title='bbox 1050 4911 1211 4969; x_wconf 88' lang='lat' dir='ltr'><strong>quam</strong></span> <span class='ocrx_word' id='word_1_703' title='bbox 1240 4893 1379 4967; x_wconf 90' lang='lat' dir='ltr'><strong>quod</strong></span> <span class='ocrx_word' id='word_1_704' title='bbox 1408 4896 1523 4967; x_wconf 89' lang='lat' dir='ltr'><strong>ipse</strong></span> <span class='ocrx_word' id='word_1_705' title='bbox 1543 4893 1801 4950; x_wconf 88' lang='lat' dir='ltr'><strong>Dominus</strong></span> <span class='ocrx_word' id='word_1_706' title='bbox 1826 4892 1879 4948; x_wconf 91' lang='lat' dir='ltr'><strong>in</strong></span> <span class='ocrx_word' id='word_1_707' title='bbox 1907 4891 2027 4946; x_wconf 91' lang='lat' dir='ltr'><strong>nui-</strong></span> 
     </span>
    </p>
   </div>
   <div class='ocr_carea' id='block_1_95' title="bbox 429 4986 2026 5063">
    <p class='ocr_par' dir='ltr' id='par_1_95' title="bbox 429 4986 2026 5063">
     <span class='ocr_line' id='line_1_95' title="bbox 429 4986 2026 5063; baseline -0.003 -16"><span class='ocrx_word' id='word_1_708' title='bbox 429 4990 494 5047; x_wconf 93' lang='lat' dir='ltr'><strong>lis</strong></span> <span class='ocrx_word' id='word_1_709' title='bbox 522 4991 1029 5060; x_wconf 86' lang='lat' dir='ltr'><strong>divitiisinvcnilur;</strong></span> <span class='ocrx_word' id='word_1_710' title='bbox 1078 5006 1291 5063; x_wconf 75' lang='lat' dir='ltr'><strong>semper</strong></span> <span class='ocrx_word' id='word_1_711' title='bbox 1336 5004 1596 5061; x_wconf 87' lang='lat' dir='ltr'><strong>pauperes</strong></span> <span class='ocrx_word' id='word_1_712' title='bbox 1624 4986 1906 5062; x_wconf 87' lang='lat' dir='ltr'><strong>justilieat,</strong></span> <span class='ocrx_word' id='word_1_713' title='bbox 1947 4987 2026 5043; x_wconf 83' lang='lat' dir='ltr'><strong>di-</strong></span> 
     </span>
    </p>
   </div>
   <div class='ocr_carea' id='block_1_96' title="bbox 426 5079 2025 5156">
    <p class='ocr_par' dir='ltr' id='par_1_96' title="bbox 426 5079 2025 5156">
     <span class='ocr_line' id='line_1_96' title="bbox 426 5079 2025 5156; baseline -0.003 -17"><span class='ocrx_word' id='word_1_714' title='bbox 426 5083 563 5141; x_wconf 89' lang='lat' dir='ltr'><strong>vites</strong></span> <span class='ocrx_word' id='word_1_715' title='bbox 588 5083 933 5156; x_wconf 82' lang='lat' dir='ltr'><strong>praedatnnat.</strong></span> <span class='ocrx_word' id='word_1_716' title='bbox 961 5084 1036 5141; x_wconf 85' lang='lat' dir='ltr'><strong>lla</strong></span> <span class='ocrx_word' id='word_1_717' title='bbox 1058 5084 1437 5141; x_wconf 85' lang='lat' dir='ltr'><strong>detrimentum</strong></span> <span class='ocrx_word' id='word_1_718' title='bbox 1464 5082 1730 5154; x_wconf 79' lang='lat' dir='ltr'><strong>patientia:</strong></span> <span class='ocrx_word' id='word_1_719' title='bbox 1756 5079 2025 5137; x_wconf 87' lang='lat' dir='ltr'><strong>fastidium</strong></span> 
     </span>
    </p>
   </div>
   <div class='ocr_carea' id='block_1_97' title="bbox 429 5175 2028 5251">
    <p class='ocr_par' dir='ltr' id='par_1_97' title="bbox 429 5175 2028 5251">
     <span class='ocr_line' id='line_1_97' title="bbox 429 5175 2028 5251; baseline -0.004 -16"><span class='ocrx_word' id='word_1_720' title='bbox 429 5178 715 5250; x_wconf 72' lang='lat' dir='ltr'><strong>opulentiae</strong></span> <span class='ocrx_word' id='word_1_721' title='bbox 747 5180 1183 5251; x_wconf 65' lang='lat' dir='ltr'><strong>praeministravit</strong></span> <span class='ocrx_word' id='word_1_722' title='bbox 1212 5196 1225 5234; x_wconf 91' lang='lat'><strong>:</strong></span> <span class='ocrx_word' id='word_1_723' title='bbox 1252 5177 1630 5235; x_wconf 86' lang='lat' dir='ltr'><strong>demonstrans</strong></span> <span class='ocrx_word' id='word_1_724' title='bbox 1651 5189 1748 5249; x_wconf 92' lang='lat' dir='ltr'><strong>per</strong></span> <span class='ocrx_word' id='word_1_725' title='bbox 1774 5175 2028 5246; x_wconf 76' lang='lat' dir='ltr'><strong>abiectio-</strong></span> 
     </span>
    </p>
   </div>
   <div class='ocr_carea' id='block_1_98' title="bbox 432 5268 2027 5345">
    <p class='ocr_par' dir='ltr' id='par_1_98' title="bbox 432 5268 2027 5345">
     <span class='ocr_line' id='line_1_98' title="bbox 432 5268 2027 5345; baseline -0.002 -18"><span class='ocrx_word' id='word_1_726' title='bbox 432 5287 526 5329; x_wconf 89' lang='lat' dir='ltr'><strong>ncs</strong></span> <span class='ocrx_word' id='word_1_727' title='bbox 558 5273 883 5340; x_wconf 68' lang='lat' dir='ltr'><strong>divitiarum,</strong></span> <span class='ocrx_word' id='word_1_728' title='bbox 923 5272 1145 5331; x_wconf 64' lang='lat' dir='ltr'><strong>laesurus</strong></span> <span class='ocrx_word' id='word_1_729' title='bbox 1175 5287 1387 5345; x_wconf 87' lang='lat' dir='ltr'><strong>quoque</strong></span> <span class='ocrx_word' id='word_1_730' title='bbox 1426 5287 1610 5329; x_wconf 89' lang='lat' dir='ltr'><strong>earum</strong></span> <span class='ocrx_word' id='word_1_731' title='bbox 1641 5268 2027 5341; x_wconf 87' lang='lat' dir='ltr'><strong>computandas</strong></span> 
     </span>
    </p>
   </div>
   <div class='ocr_carea' id='block_1_99' title="bbox 432 5358 2022 5439">
    <p class='ocr_par' dir='ltr' id='par_1_99' title="bbox 432 5358 2022 5439">
     <span class='ocr_line' id='line_1_99' title="bbox 432 5358 2022 5439; baseline -0.004 -19"><span class='ocrx_word' id='word_1_732' title='bbox 432 5381 535 5422; x_wconf 89' lang='lat' dir='ltr'><strong>non</strong></span> <span class='ocrx_word' id='word_1_733' title='bbox 567 5380 683 5422; x_wconf 90' lang='lat' dir='ltr'><strong>esse</strong></span> <span class='ocrx_word' id='word_1_734' title='bbox 713 5365 862 5439; x_wconf 87' lang='lat' dir='ltr'><strong>(Lib.</strong></span> <span class='ocrx_word' id='word_1_735' title='bbox 897 5367 959 5422; x_wconf 85' lang='lat' dir='ltr'><strong>de</strong></span> <span class='ocrx_word' id='word_1_736' title='bbox 986 5366 1237 5434; x_wconf 83' lang='lat' dir='ltr'><strong>Patient.,</strong></span> <span class='ocrx_word' id='word_1_737' title='bbox 1275 5383 1389 5437; x_wconf 87' lang='lat' dir='ltr'><strong>cap.</strong></span> <span class='ocrx_word' id='word_1_738' title='bbox 1412 5366 1463 5438; x_wconf 88' lang='lat'><strong>7,</strong></span> <span class='ocrx_word' id='word_1_739' title='bbox 1493 5376 1533 5420; x_wconf 80' lang='grc' dir='ltr'><strong>ι.</strong></span> <span class='ocrx_word' id='word_1_740' title='bbox 1567 5365 1606 5433; x_wconf 91' lang='lat' dir='ltr'><strong>l,</strong></span> <span class='ocrx_word' id='word_1_741' title='bbox 1631 5366 1729 5420; x_wconf 87' lang='lat' dir='ltr'><strong>col.</strong></span> <span class='ocrx_word' id='word_1_742' title='bbox 1765 5362 1905 5419; x_wconf 69' lang='lat' dir='ltr'><strong>l‘iGO</strong></span> <span class='ocrx_word' id='word_1_743' title='bbox 1926 5358 1968 5435; x_wconf 92' lang='lat'><strong>).</strong></span> <span class='ocrx_word' id='word_1_744' title='bbox 2002 5379 2022 5414; x_wconf 75' lang='grc' dir='ltr'><strong><em>ι</em></strong></span> 
     </span>
    </p>
   </div>
   <div class='ocr_carea' id='block_1_100' title="bbox 504 5455 2028 5514">
    <p class='ocr_par' dir='ltr' id='par_1_100' title="bbox 504 5455 2028 5514">
     <span class='ocr_line' id='line_1_100' title="bbox 504 5455 2028 5514; baseline -0.001 -1"><span class='ocrx_word' id='word_1_745' title='bbox 504 5457 606 5513; x_wconf 81' lang='lat' dir='ltr'><strong>Cur</strong></span> <span class='ocrx_word' id='word_1_746' title='bbox 627 5457 690 5513; x_wconf 85' lang='lat' dir='ltr'><strong>de</strong></span> <span class='ocrx_word' id='word_1_747' title='bbox 703 5468 863 5513; x_wconf 84' lang='lat' dir='ltr'><strong>morte</strong></span> <span class='ocrx_word' id='word_1_748' title='bbox 891 5459 1173 5514; x_wconf 81' lang='lat' dir='ltr'><strong>amicorum</strong></span> <span class='ocrx_word' id='word_1_749' title='bbox 1200 5459 1710 5513; x_wconf 74' lang='lat' dir='ltr'><strong>nondoleudam.—r</strong></span> <span class='ocrx_word' id='word_1_750' title='bbox 1733 5455 1866 5514; x_wconf 87' lang='lat' dir='ltr'><strong>Cum</strong></span> <span class='ocrx_word' id='word_1_751' title='bbox 1895 5473 2028 5513; x_wconf 70' lang='lat' dir='ltr'><strong>con~</strong></span> 
     </span>
    </p>
   </div>
   <div class='ocr_carea' id='block_1_101' title="bbox 434 5552 2027 5621">
    <p class='ocr_par' dir='ltr' id='par_1_101' title="bbox 434 5552 2027 5621">
     <span class='ocr_line' id='line_1_101' title="bbox 434 5552 2027 5621; baseline -0.001 -13"><span class='ocrx_word' id='word_1_752' title='bbox 434 5561 537 5609; x_wconf 89' lang='lat' dir='ltr'><strong>stet</strong></span> <span class='ocrx_word' id='word_1_753' title='bbox 565 5552 633 5609; x_wconf 91' lang='lat' dir='ltr'><strong>de</strong></span> <span class='ocrx_word' id='word_1_754' title='bbox 655 5554 1051 5611; x_wconf 89' lang='lat' dir='ltr'><strong>resurrectione</strong></span> <span class='ocrx_word' id='word_1_755' title='bbox 1082 5561 1433 5620; x_wconf 87' lang='lat' dir='ltr'><strong>mortuorum,</strong></span> <span class='ocrx_word' id='word_1_756' title='bbox 1465 5562 1618 5608; x_wconf 89' lang='lat' dir='ltr'><strong>vacat</strong></span> <span class='ocrx_word' id='word_1_757' title='bbox 1641 5552 1793 5608; x_wconf 91' lang='lat' dir='ltr'><strong>dolor</strong></span> <span class='ocrx_word' id='word_1_758' title='bbox 1810 5552 2027 5621; x_wconf 88' lang='lat' dir='ltr'><strong>mentis,</strong></span> 
     </span>
    </p>
   </div>
   <div class='ocr_carea' id='block_1_102' title="bbox 435 5646 2030 5721">
    <p class='ocr_par' dir='ltr' id='par_1_102' title="bbox 435 5646 2030 5721">
     <span class='ocr_line' id='line_1_102' title="bbox 435 5646 2030 5721; baseline 0.001 -20"><span class='ocrx_word' id='word_1_759' title='bbox 435 5656 589 5702; x_wconf 81' lang='lat' dir='ltr'><strong>vacat</strong></span> <span class='ocrx_word' id='word_1_760' title='bbox 617 5656 671 5706; x_wconf 88' lang='lat' dir='ltr'><strong>et</strong></span> <span class='ocrx_word' id='word_1_761' title='bbox 701 5646 1031 5721; x_wconf 81' lang='lat' dir='ltr'><strong>impatientia</strong></span> <span class='ocrx_word' id='word_1_762' title='bbox 1052 5647 1274 5703; x_wconf 89' lang='lat' dir='ltr'><strong>doloris.</strong></span> <span class='ocrx_word' id='word_1_763' title='bbox 1309 5647 1418 5703; x_wconf 86' lang='lat' dir='ltr'><strong>Cur</strong></span> <span class='ocrx_word' id='word_1_764' title='bbox 1445 5661 1573 5721; x_wconf 84' lang='lat' dir='ltr'><strong>ergo</strong></span> <span class='ocrx_word' id='word_1_765' title='bbox 1601 5646 1803 5716; x_wconf 85' lang='lat' dir='ltr'><strong>doleas,</strong></span> <span class='ocrx_word' id='word_1_766' title='bbox 1829 5648 1873 5703; x_wconf 91' lang='lat' dir='ltr'><strong>si</strong></span> <span class='ocrx_word' id='word_1_767' title='bbox 1904 5662 2030 5718; x_wconf 89' lang='lat' dir='ltr'><strong>per-</strong></span> 
     </span>
    </p>
   </div>
   <div class='ocr_carea' id='block_1_103' title="bbox 437 5741 2027 5815">
    <p class='ocr_par' dir='ltr' id='par_1_103' title="bbox 437 5741 2027 5815">
     <span class='ocr_line' id='line_1_103' title="bbox 437 5741 2027 5815; baseline 0.001 -20"><span class='ocrx_word' id='word_1_768' title='bbox 437 5741 564 5798; x_wconf 90' lang='lat' dir='ltr'><strong>iisse</strong></span> <span class='ocrx_word' id='word_1_769' title='bbox 595 5757 701 5800; x_wconf 81' lang='lat' dir='ltr'><strong>nea</strong></span> <span class='ocrx_word' id='word_1_770' title='bbox 729 5742 938 5801; x_wconf 83' lang='lat' dir='ltr'><strong>credis?</strong></span> <span class='ocrx_word' id='word_1_771' title='bbox 964 5741 1234 5801; x_wconf 84' lang='lat' dir='ltr'><strong>Profectio</strong></span> <span class='ocrx_word' id='word_1_772' title='bbox 1259 5750 1343 5799; x_wconf 89' lang='lat' dir='ltr'><strong>est</strong></span> <span class='ocrx_word' id='word_1_773' title='bbox 1362 5782 1377 5811; x_wconf 93' lang='lat'><strong>,</strong></span> <span class='ocrx_word' id='word_1_774' title='bbox 1406 5758 1566 5815; x_wconf 86' lang='lat' dir='ltr'><strong>quam</strong></span> <span class='ocrx_word' id='word_1_775' title='bbox 1593 5749 1747 5815; x_wconf 85' lang='lat' dir='ltr'><strong>putas</strong></span> <span class='ocrx_word' id='word_1_776' title='bbox 1776 5750 2027 5800; x_wconf 89' lang='lat' dir='ltr'><strong>mortem.</strong></span> 
     </span>
    </p>
   </div>
   <div class='ocr_carea' id='block_1_104' title="bbox 437 5831 2035 5915">
    <p class='ocr_par' dir='ltr' id='par_1_104' title="bbox 437 5831 2035 5915">
     <span class='ocr_line' id='line_1_104' title="bbox 437 5831 2035 5915; baseline 0.005 -24"><span class='ocrx_word' id='word_1_777' title='bbox 437 5833 555 5895; x_wconf 79' lang='lat' dir='ltr'><strong>Non</strong></span> <span class='ocrx_word' id='word_1_778' title='bbox 580 5846 661 5896; x_wconf 82' lang='lat' dir='ltr'><strong>est</strong></span> <span class='ocrx_word' id='word_1_779' title='bbox 684 5836 964 5913; x_wconf 80' lang='lat' dir='ltr'><strong>lugendus,</strong></span> <span class='ocrx_word' id='word_1_780' title='bbox 991 5841 1083 5915; x_wconf 85' lang='lat' dir='ltr'><strong>qui</strong></span> <span class='ocrx_word' id='word_1_781' title='bbox 1109 5840 1393 5912; x_wconf 87' lang='lat' dir='ltr'><strong>antecedit,</strong></span> <span class='ocrx_word' id='word_1_782' title='bbox 1423 5839 1517 5899; x_wconf 89' lang='lat' dir='ltr'><strong>sed</strong></span> <span class='ocrx_word' id='word_1_783' title='bbox 1543 5837 1702 5914; x_wconf 88' lang='lat' dir='ltr'><strong>plane</strong></span> <span class='ocrx_word' id='word_1_784' title='bbox 1728 5831 2035 5902; x_wconf 84' lang='lat' dir='ltr'><strong>desideran-</strong></span> 
     </span>
    </p>
   </div>
   <div class='ocr_carea' id='block_1_105' title="bbox 2130 4700 3722 4776">
    <p class='ocr_par' dir='ltr' id='par_1_105' title="bbox 2130 4700 3722 4776">
     <span class='ocr_line' id='line_1_105' title="bbox 2130 4700 3722 4776; baseline -0.001 -17"><span class='ocrx_word' id='word_1_785' title='bbox 2130 4716 2272 4759; x_wconf 92' lang='lat' dir='ltr'><strong>nunc</strong></span> <span class='ocrx_word' id='word_1_786' title='bbox 2310 4703 2354 4759; x_wconf 89' lang='lat' dir='ltr'><strong>si</strong></span> <span class='ocrx_word' id='word_1_787' title='bbox 2400 4711 2554 4773; x_wconf 90' lang='lat' dir='ltr'><strong>putas</strong></span> <span class='ocrx_word' id='word_1_788' title='bbox 2605 4700 3015 4759; x_wconf 87' lang='lat' dir='ltr'><strong>delectamentis</strong></span> <span class='ocrx_word' id='word_1_789' title='bbox 3069 4703 3287 4775; x_wconf 80' lang='lat' dir='ltr'><strong>exigere</strong></span> <span class='ocrx_word' id='word_1_790' title='bbox 3325 4705 3553 4776; x_wconf 89' lang='lat' dir='ltr'><strong>spatium</strong></span> <span class='ocrx_word' id='word_1_791' title='bbox 3599 4703 3722 4771; x_wconf 86' lang='lat' dir='ltr'><strong>hoc,</strong></span> 
     </span>
    </p>
   </div>
   <div class='ocr_carea' id='block_1_106' title="bbox 2130 4798 3724 4870">
    <p class='ocr_par' dir='ltr' id='par_1_106' title="bbox 2130 4798 3724 4870">
     <span class='ocr_line' id='line_1_106' title="bbox 2130 4798 3724 4870; baseline 0 -15"><span class='ocrx_word' id='word_1_792' title='bbox 2130 4813 2224 4855; x_wconf 87' lang='lat' dir='ltr'><strong>cur</strong></span> <span class='ocrx_word' id='word_1_793' title='bbox 2249 4806 2356 4854; x_wconf 90' lang='lat' dir='ltr'><strong>tam</strong></span> <span class='ocrx_word' id='word_1_794' title='bbox 2389 4798 2628 4870; x_wconf 84' lang='lat' dir='ltr'><strong>ingratus</strong></span> <span class='ocrx_word' id='word_1_795' title='bbox 2654 4813 2744 4867; x_wconf 92' lang='lat' dir='ltr'><strong>es,</strong></span> <span class='ocrx_word' id='word_1_796' title='bbox 2780 4807 2836 4854; x_wconf 92' lang='lat' dir='ltr'><strong>ut</strong></span> <span class='ocrx_word' id='word_1_797' title='bbox 2869 4808 2948 4855; x_wconf 87' lang='lat' dir='ltr'><strong>tot</strong></span> <span class='ocrx_word' id='word_1_798' title='bbox 2987 4808 3041 4854; x_wconf 92' lang='lat' dir='ltr'><strong>et</strong></span> <span class='ocrx_word' id='word_1_799' title='bbox 3069 4798 3201 4856; x_wconf 88' lang='lat' dir='ltr'><strong>tales</strong></span> <span class='ocrx_word' id='word_1_800' title='bbox 3228 4798 3531 4870; x_wconf 88' lang='lat' dir='ltr'><strong>voluptates</strong></span> <span class='ocrx_word' id='word_1_801' title='bbox 3557 4816 3587 4855; x_wconf 92' lang='lat' dir='ltr'><strong>a</strong></span> <span class='ocrx_word' id='word_1_802' title='bbox 3616 4800 3724 4855; x_wconf 89' lang='lat' dir='ltr'><strong>Deo</strong></span> 
     </span>
    </p>
   </div>
   <div class='ocr_carea' id='block_1_107' title="bbox 2130 4890 3726 4966">
    <p class='ocr_par' dir='ltr' id='par_1_107' title="bbox 2130 4890 3726 4966">
     <span class='ocr_line' id='line_1_107' title="bbox 2130 4890 3726 4966; baseline -0.001 -18"><span class='ocrx_word' id='word_1_803' title='bbox 2130 4891 2461 4948; x_wconf 89' lang='lat' dir='ltr'><strong>contributas</strong></span> <span class='ocrx_word' id='word_1_804' title='bbox 2484 4890 2580 4947; x_wconf 91' lang='lat' dir='ltr'><strong>tibi</strong></span> <span class='ocrx_word' id='word_1_805' title='bbox 2607 4893 2737 4947; x_wconf 87' lang='lat' dir='ltr'><strong>satis</strong></span> <span class='ocrx_word' id='word_1_806' title='bbox 2768 4908 2873 4947; x_wconf 91' lang='lat' dir='ltr'><strong>non</strong></span> <span class='ocrx_word' id='word_1_807' title='bbox 2893 4890 3113 4960; x_wconf 89' lang='lat' dir='ltr'><strong>habeas,</strong></span> <span class='ocrx_word' id='word_1_808' title='bbox 3141 4906 3315 4966; x_wconf 92' lang='lat' dir='ltr'><strong>neque</strong></span> <span class='ocrx_word' id='word_1_809' title='bbox 3337 4892 3726 4964; x_wconf 85' lang='lat' dir='ltr'><strong>recognoscas?</strong></span> 
     </span>
    </p>
   </div>
   <div class='ocr_carea' id='block_1_108' title="bbox 2131 4982 3725 5056">
    <p class='ocr_par' dir='ltr' id='par_1_108' title="bbox 2131 4982 3725 5056">
     <span class='ocr_line' id='line_1_108' title="bbox 2131 4982 3725 5056; baseline -0.001 -16"><span class='ocrx_word' id='word_1_810' title='bbox 2131 4982 2270 5052; x_wconf 81' lang='lat' dir='ltr'><strong>Quid</strong></span> <span class='ocrx_word' id='word_1_811' title='bbox 2308 4984 2452 5041; x_wconf 89' lang='lat' dir='ltr'><strong>enim</strong></span> <span class='ocrx_word' id='word_1_812' title='bbox 2489 4982 2798 5055; x_wconf 88' lang='lat' dir='ltr'><strong>jucundius,</strong></span> <span class='ocrx_word' id='word_1_813' title='bbox 2850 4997 3011 5056; x_wconf 88' lang='lat' dir='ltr'><strong>quam</strong></span> <span class='ocrx_word' id='word_1_814' title='bbox 3056 4984 3154 5042; x_wconf 88' lang='lat' dir='ltr'><strong>Dei</strong></span> <span class='ocrx_word' id='word_1_815' title='bbox 3200 4985 3374 5041; x_wconf 86' lang='lat' dir='ltr'><strong>Patris</strong></span> <span class='ocrx_word' id='word_1_816' title='bbox 3415 4994 3473 5042; x_wconf 87' lang='lat' dir='ltr'><strong>et</strong></span> <span class='ocrx_word' id='word_1_817' title='bbox 3514 4984 3725 5040; x_wconf 69' lang='lat' dir='ltr'><strong>Domini</strong></span> 
     </span>
    </p>
   </div>
   <div class='ocr_carea' id='block_1_109' title="bbox 2131 5079 3717 5153">
    <p class='ocr_par' dir='ltr' id='par_1_109' title="bbox 2131 5079 3717 5153">
     <span class='ocr_line' id='line_1_109' title="bbox 2131 5079 3717 5153; baseline 0.001 -18"><span class='ocrx_word' id='word_1_818' title='bbox 2131 5079 2533 5136; x_wconf 88' lang='lat' dir='ltr'><strong>reconciliatio?</strong></span> <span class='ocrx_word' id='word_1_819' title='bbox 2563 5095 2722 5151; x_wconf 86' lang='lat' dir='ltr'><strong>quam</strong></span> <span class='ocrx_word' id='word_1_820' title='bbox 2762 5080 3003 5136; x_wconf 84' lang='lat' dir='ltr'><strong>veritatis</strong></span> <span class='ocrx_word' id='word_1_821' title='bbox 3033 5081 3329 5137; x_wconf 83' lang='lat' dir='ltr'><strong>revelatio?</strong></span> <span class='ocrx_word' id='word_1_822' title='bbox 3358 5097 3517 5153; x_wconf 86' lang='lat' dir='ltr'><strong>quam</strong></span> <span class='ocrx_word' id='word_1_823' title='bbox 3550 5096 3717 5136; x_wconf 82' lang='lat' dir='ltr'><strong>erro-</strong></span> 
     </span>
    </p>
   </div>
   <div class='ocr_carea' id='block_1_110' title="bbox 2131 5156 3724 5245">
    <p class='ocr_par' dir='ltr' id='par_1_110' title="bbox 2131 5156 3724 5245">
     <span class='ocr_line' id='line_1_110' title="bbox 2131 5156 3724 5245; baseline 0 -18"><span class='ocrx_word' id='word_1_824' title='bbox 2131 5187 2251 5228; x_wconf 90' lang='lat' dir='ltr'><strong>rum</strong></span> <span class='ocrx_word' id='word_1_825' title='bbox 2306 5172 2640 5245; x_wconf 87' lang='lat' dir='ltr'><strong>recognitio?</strong></span> <span class='ocrx_word' id='word_1_826' title='bbox 2696 5188 2857 5245; x_wconf 90' lang='lat' dir='ltr'><strong>quam</strong></span> <span class='ocrx_word' id='word_1_827' title='bbox 2917 5181 3187 5229; x_wconf 83' lang='lat' dir='ltr'><strong>tantorum</strong></span> <span class='ocrx_word' id='word_1_828' title='bbox 3240 5156 3389 5231; x_wconf 86' lang='lat' dir='ltr'><strong>retro</strong></span> <span class='ocrx_word' id='word_1_829' title='bbox 3442 5175 3724 5230; x_wconf 89' lang='lat' dir='ltr'><strong>criminum</strong></span> 
     </span>
    </p>
   </div>
   <div class='ocr_carea' id='block_1_111' title="bbox 2131 5266 3728 5341">
    <p class='ocr_par' dir='ltr' id='par_1_111' title="bbox 2131 5266 3728 5341">
     <span class='ocr_line' id='line_1_111' title="bbox 2131 5266 3728 5341; baseline 0.004 -21"><span class='ocrx_word' id='word_1_830' title='bbox 2131 5266 2319 5321; x_wconf 85' lang='lat' dir='ltr'><strong>venia?</strong></span> <span class='ocrx_word' id='word_1_831' title='bbox 2345 5266 2477 5335; x_wconf 60' lang='lat' dir='ltr'><strong>Quae</strong></span> <span class='ocrx_word' id='word_1_832' title='bbox 2522 5267 2697 5339; x_wconf 84' lang='lat' dir='ltr'><strong>major</strong></span> <span class='ocrx_word' id='word_1_833' title='bbox 2725 5267 2993 5338; x_wconf 90' lang='lat' dir='ltr'><strong>voluptas,</strong></span> <span class='ocrx_word' id='word_1_834' title='bbox 3034 5282 3193 5338; x_wconf 89' lang='lat' dir='ltr'><strong>quam</strong></span> <span class='ocrx_word' id='word_1_835' title='bbox 3235 5266 3506 5325; x_wconf 84' lang='lat' dir='ltr'><strong>fastidium</strong></span> <span class='ocrx_word' id='word_1_836' title='bbox 3560 5270 3728 5341; x_wconf 90' lang='lat' dir='ltr'><strong>ipsius</strong></span> 
     </span>
    </p>
   </div>
   <div class='ocr_carea' id='block_1_112' title="bbox 2133 5360 3727 5437">
    <p class='ocr_par' dir='ltr' id='par_1_112' title="bbox 2133 5360 3727 5437">
     <span class='ocr_line' id='line_1_112' title="bbox 2133 5360 3727 5437; baseline 0.001 -21"><span class='ocrx_word' id='word_1_837' title='bbox 2133 5360 2446 5433; x_wconf 88' lang='lat' dir='ltr'><strong>voluptatis,</strong></span> <span class='ocrx_word' id='word_1_838' title='bbox 2498 5378 2658 5435; x_wconf 89' lang='lat' dir='ltr'><strong>quam</strong></span> <span class='ocrx_word' id='word_1_839' title='bbox 2709 5363 2893 5419; x_wconf 63' lang='lat' dir='ltr'><strong>saeculi</strong></span> <span class='ocrx_word' id='word_1_840' title='bbox 2943 5364 3106 5419; x_wconf 85' lang='lat' dir='ltr'><strong>totius</strong></span> <span class='ocrx_word' id='word_1_841' title='bbox 3158 5372 3516 5435; x_wconf 89' lang='lat' dir='ltr'><strong>contemptus,</strong></span> <span class='ocrx_word' id='word_1_842' title='bbox 3567 5380 3727 5437; x_wconf 87' lang='lat' dir='ltr'><strong>quam</strong></span> 
     </span>
    </p>
   </div>
   <div class='ocr_carea' id='block_1_113' title="bbox 2135 5454 3728 5530">
    <p class='ocr_par' dir='ltr' id='par_1_113' title="bbox 2135 5454 3728 5530">
     <span class='ocr_line' id='line_1_113' title="bbox 2135 5454 3728 5530; baseline 0 -17"><span class='ocrx_word' id='word_1_843' title='bbox 2135 5471 2262 5513; x_wconf 86' lang='lat' dir='ltr'><strong>vera</strong></span> <span class='ocrx_word' id='word_1_844' title='bbox 2309 5454 2551 5528; x_wconf 87' lang='lat' dir='ltr'><strong>libertas,</strong></span> <span class='ocrx_word' id='word_1_845' title='bbox 2592 5473 2751 5530; x_wconf 89' lang='lat' dir='ltr'><strong>quam</strong></span> <span class='ocrx_word' id='word_1_846' title='bbox 2778 5457 3108 5514; x_wconf 90' lang='lat' dir='ltr'><strong>conscientia</strong></span> <span class='ocrx_word' id='word_1_847' title='bbox 3158 5457 3385 5528; x_wconf 83' lang='lat' dir='ltr'><strong>integra,</strong></span> <span class='ocrx_word' id='word_1_848' title='bbox 3417 5473 3574 5529; x_wconf 88' lang='lat' dir='ltr'><strong>quam</strong></span> <span class='ocrx_word' id='word_1_849' title='bbox 3622 5457 3728 5513; x_wconf 87' lang='lat' dir='ltr'><strong>vita</strong></span> 
     </span>
    </p>
   </div>
   <div class='ocr_carea' id='block_1_114' title="bbox 2135 5547 3727 5621">
    <p class='ocr_par' dir='ltr' id='par_1_114' title="bbox 2135 5547 3727 5621">
     <span class='ocr_line' id='line_1_114' title="bbox 2135 5547 3727 5621; baseline -0.001 -15"><span class='ocrx_word' id='word_1_850' title='bbox 2135 5548 2451 5615; x_wconf 78' lang='lat' dir='ltr'><strong>sufficiens,</strong></span> <span class='ocrx_word' id='word_1_851' title='bbox 2524 5564 2684 5620; x_wconf 88' lang='lat' dir='ltr'><strong>quam</strong></span> <span class='ocrx_word' id='word_1_852' title='bbox 2731 5549 2921 5608; x_wconf 88' lang='lat' dir='ltr'><strong>mortis</strong></span> <span class='ocrx_word' id='word_1_853' title='bbox 2993 5550 3151 5605; x_wconf 92' lang='lat' dir='ltr'><strong>timor</strong></span> <span class='ocrx_word' id='word_1_854' title='bbox 3214 5549 3436 5607; x_wconf 72' lang='lat' dir='ltr'><strong>nullus?</strong></span> <span class='ocrx_word' id='word_1_855' title='bbox 3513 5547 3727 5621; x_wconf 61' lang='lat' dir='ltr'><strong>(Ibid,</strong></span> 
     </span>
    </p>
   </div>
   <div class='ocr_carea' id='block_1_115' title="bbox 2135 5641 2728 5715">
    <p class='ocr_par' dir='ltr' id='par_1_115' title="bbox 2135 5641 2728 5715">
     <span class='ocr_line' id='line_1_115' title="bbox 2135 5641 2728 5715; baseline -0.003 -17"><span class='ocrx_word' id='word_1_856' title='bbox 2135 5660 2249 5715; x_wconf 80' lang='lat' dir='ltr'><strong>cap.</strong></span> <span class='ocrx_word' id='word_1_857' title='bbox 2276 5642 2369 5710; x_wconf 70' lang='lat' dir='ltr'><strong>2i),</strong></span> <span class='ocrx_word' id='word_1_858' title='bbox 2401 5643 2500 5697; x_wconf 85' lang='lat' dir='ltr'><strong>col.</strong></span> <span class='ocrx_word' id='word_1_859' title='bbox 2524 5641 2673 5713; x_wconf 83' lang='lat'><strong>659).</strong></span> <span class='ocrx_word' id='word_1_860' title='bbox 2709 5661 2728 5696; x_wconf 71' lang='grc' dir='ltr'><strong><em>ι</em></strong></span> 
     </span>
    </p>
   </div>
   <div class='ocr_carea' id='block_1_116' title="bbox 2211 5735 3732 5811">
    <p class='ocr_par' dir='ltr' id='par_1_116' title="bbox 2211 5735 3732 5811">
     <span class='ocr_line' id='line_1_116' title="bbox 2211 5735 3732 5811; baseline 0.002 -20"><span class='ocrx_word' id='word_1_861' title='bbox 2211 5737 2341 5793; x_wconf 80' lang='lat' dir='ltr'><strong>Mali</strong></span> <span class='ocrx_word' id='word_1_862' title='bbox 2370 5738 2653 5793; x_wconf 83' lang='lat' dir='ltr'><strong>sacerdotes</strong></span> <span class='ocrx_word' id='word_1_863' title='bbox 2676 5737 2877 5792; x_wconf 76' lang='lat' dir='ltr'><strong>Judwis</strong></span> <span class='ocrx_word' id='word_1_864' title='bbox 2903 5735 3373 5811; x_wconf 55' lang='lat' dir='ltr'><strong>pejores—«Proh</strong></span> <span class='ocrx_word' id='word_1_865' title='bbox 3396 5737 3607 5796; x_wconf 82' lang='lat' dir='ltr'><strong>scelus!</strong></span> <span class='ocrx_word' id='word_1_866' title='bbox 3637 5738 3732 5794; x_wconf 87' lang='lat' dir='ltr'><strong>Sc—</strong></span> 
     </span>
    </p>
   </div>
   <div class='ocr_carea' id='block_1_117' title="bbox 2138 5830 3731 5908">
    <p class='ocr_par' dir='ltr' id='par_1_117' title="bbox 2138 5830 3731 5908">
     <span class='ocr_line' id='line_1_117' title="bbox 2138 5830 3731 5908; baseline -0.005 -11"><span class='ocrx_word' id='word_1_867' title='bbox 2138 5832 2244 5897; x_wconf 82' lang='lat' dir='ltr'><strong>mcl</strong></span> <span class='ocrx_word' id='word_1_868' title='bbox 2278 5831 2447 5897; x_wconf 69' lang='lat' dir='ltr'><strong>Judaei</strong></span> <span class='ocrx_word' id='word_1_869' title='bbox 2466 5830 2682 5896; x_wconf 80' lang='lat' dir='ltr'><strong>Christo</strong></span> <span class='ocrx_word' id='word_1_870' title='bbox 2704 5845 2892 5893; x_wconf 85' lang='lat' dir='ltr'><strong>manus</strong></span> <span class='ocrx_word' id='word_1_871' title='bbox 2916 5832 3229 5905; x_wconf 83' lang='lat' dir='ltr'><strong>intulerunt;</strong></span> <span class='ocrx_word' id='word_1_872' title='bbox 3254 5832 3341 5896; x_wconf 84' lang='lat' dir='ltr'><strong>isti</strong></span> <span class='ocrx_word' id='word_1_873' title='bbox 3367 5832 3518 5908; x_wconf 82' lang='lat' dir='ltr'><strong>impii</strong></span> <span class='ocrx_word' id='word_1_874' title='bbox 3553 5847 3731 5894; x_wconf 78' lang='lat' dir='ltr'><strong>sacer-</strong></span> 
     </span>
    </p>
   </div>
  </div>
