4082 6338
1783 352 2175 422 ΡΒΕΡΑΤΙΟ.
3553 369 3625 434 50

309 477 468 539 dotes
485 476 727 550 quotidie
743 487 942 549 corpus
962 474 1080 550 ejus
1113 473 1405 534 lacessunt.
1434 472 1479 532 Ο
1507 485 1699 532 manus
1726 473 1916 546 pratei-
1942 468 2001 538 Α
2024 473 2317 542 credimus,
2358 490 2466 533 non
2519 478 2660 549 esse,
2691 476 2837 551 quod
2871 479 3007 538 ultra
3034 476 3283 550 teredcre
3333 482 3625 547 debeamus

307 571 524 630 dendae!
560 570 1006 644 Viderintanjam
1030 570 1544 644 persimilitudinem
1566 568 1768 628 dictum
1798 569 1867 627 sit
1896 588 1910 627 :

308 667 375 726 Si
400 677 448 723 te
466 684 652 725 manus
678 678 768 724 tua
790 668 1127 739 scandalizat,
1171 678 1379 741 amputa
1409 685 1542 724 eam.
1588 668 1719 736 Quae
1747 667 1917 740 magis

302 762 841 836 amputanda,un
872 764 925 820 in
952 764 1147 835 quibus
1179 763 1388 819 Domini
1426 778 1623 835 corpus
1650 761 1917 820 scandali—

304 867 464 916 zatur
498 860 511 915 !
549 876 569 913 ι
604 856 744 933 (Lib.
773 860 839 915 de
876 857 1206 926 Idololatria,
1236 874 1351 930 cap.
1376 836 1432 925 7,
1466 867 1503 912 t.
1533 855 1572 926 l,
1603 856 1720 913 cot.’
1737 854 1862 913 669.
1892 853 1914 928 )

304 968 315 1019 ξ
380 952 579 1009 Mulier
625 953 917 1023 christiana
964 952 1251 1008 hominibus
1305 954 1508 1025 placere
1553 951 1782 1024 negligit,
1814 952 1918 1007 imo

309 1050 583 1106 horret.-—
615 1067 636 1102 ‹
670 1048 949 1117 Perfecta),
975 1048 1029 1105 id
1055 1059 1139 1104 est
1163 1046 1472 1105 christiana:
1491 1046 1720 1118 pudicm,
1752 1060 1919 1117 appe-

222 1202 233 1207 -
313 1145 561 1204 titionem
601 1145 688 1200 sui
721 1159 826 1200 non
856 1152 1059 1200 tantum
1086 1157 1195 1200 non
1221 1140 1599 1214 appetendam,
1632 1138 1727 1197 sed
1756 1139 1917 1196 etiam

312 1237 712 1297 exsecrandam
751 1236 902 1293 vobis
928 1237 1110 1293 sciatis
1146 1254 1159 1292 :
1188 1235 1383 1307 primo,
1422 1233 1567 1307 quod
1594 1248 1701 1290 non
1731 1232 1800 1290 de
1829 1232 1917 1290 iu-

310 1346 460 1406 tegra
481 1334 818 1391 conscientia
840 1331 988 1387 venit
1006 1329 1241 1388 studium
1266 1329 1510 1402 placendi
1530 1345 1624 1403 per
1641 1328 1914 1395 decorem,

314 1443 477 1499 quem
504 1425 829 1483 naturaliter
879 1423 1221 1480 invitatorem
1253 1422 1486 1479 libidinis
1524 1422 1745 1479 scimus.
1778 1420 1917 1490 Quid

304 1524 471 1596 igitur
508 1522 564 1578 in
592 1529 646 1578 te
673 1519 884 1577 excitas
906 1518 1107 1575 malum
1153 1515 1291 1573 istud
1314 1515 1489 1588 ?'qnid
1520 1514 1733 1583 invitas,
1766 1513 1917 1585 cujus

306 1628 363 1675 te
380 1615 663 1689 proﬁteris
688 1616 1043 1672 extraneum?
1072 1623 1181 1669 tum
1206 1610 1346 1684 quod
1378 1609 1761 1666 tentationibus
1777 1608 1917 1664 viam

308 1713 523 1785 aperire
551 1724 662 1766 non
695 1708 974 1775 debemus,
1008 1721 1127 1779 qua:
1148 1719 1535 1776 nonnunquam
1568 1702 1748 1777 (quod
1777 1702 1918 1759 Deus

308 1823 340 1863 a
376 1808 491 1864 suis
518 1803 740 1877 abigat)
775 1802 1023 1859 instando
1046 1801 1365 1873 perﬁciunt;
1399 1808 1546 1856 certe
1591 1798 1678 1853 vel
1722 1797 1915 1869 spiritu

2022 567 2043 642 (
2077 567 2240 635 Ibid.,
2270 587 2388 643 cap.
2420 571 2507 640 17,
2541 580 2579 627 t.
2609 571 2674 643 ll,
2707 574 2806 630 col.
2833 573 2950 647 20).
2988 594 3007 629 ι

2092 664 2171 719 De
2195 663 2509 721 Clericorum
2534 669 2860 724 continentia.
2884 688 2902 723 ‹
2934 669 3126 739 Quanti
3159 672 3314 746 igitur
3335 684 3386 733 et
3410 686 3622 748 quantm

2023 756 2078 816 in
2130 758 2512 817 ecclesiasticis
2548 762 2829 820 ordinibus
2859 764 2925 822 de
2948 768 3275 825 continentia
3309 781 3618 843 censentur,

2023 851 2114 923 qui
2144 851 2254 908 Deo
2282 852 2488 911 nubere
2517 854 2838 924 maluerunt,
2866 858 2956 929 qui
2998 861 3176 933 carnis
3200 875 3311 921 Sum
3355 862 3621 923 honorem

2022 945 2387 1018 instituerunt,
2417 949 2614 1021 quique
2640 964 2700 1007 se
2734 949 2846 1023 jam
2875 936 3268 1027 illius‘pudoris
3296 957 3434 1015 ﬁlios
3471 960 3621 1017 diea-

2020 1050 2232 1109 verunt,
2290 1041 2598 1100 occidentes
2648 1043 2702 1102 in
2751 1058 2811 1103 se
2851 1050 3338 1123 concupiscentiam
3381 1051 3621 1115 libidinis

2029 1144 2085 1191 et
2116 1144 2286 1191 totum
2315 1136 2445 1193 illud
2473 1137 2616 1211 quod
2655 1139 2795 1199 intra
2836 1144 3143 1217 paradisum
3180 1159 3285 1201 non
3319 1147 3491 1217 potuit
3528 1149 3624 1206 ad-

2022 1232 2327 1310 mitti....._..
2376 1234 2504 1293 inde
2528 1238 2669 1310 apud
2712 1256 2813 1297 nos
2864 1242 3074 1315 plenius
3120 1251 3284 1317 atque
3312 1244 3623 1306 instructius

2021 1327 2388 1398 praescribitur
2407 1334 2565 1389 unius
2594 1348 2717 1391 esse
2743 1337 3076 1395 matrimonii
3111 1347 3367 1411 oportere
3404 1341 3497 1413 qui
3524 1341 3621 1398 ad-

2022 1418 2273 1491 leguntur
2296 1422 2347 1478 in
2375 1422 2618 1482 ordinem
2667 1428 3055 1488 sacerdotalem
3085 1430 3188 1504 (De
3214 1431 3434 1490 Exltort.
3481 1433 3616 1492 Cast.

2025 1521 2062 1568 t.
2089 1510 2154 1584 Π,
2175 1532 2220 1571 c.
2252 1517 2306 1584 7,
2336 1519 2435 1577 col.
2462 1519 2588 1588 9'22,
2618 1539 2664 1579 c.
2693 1523 2779 1593 15,
2824 1525 2924 1581 col.
2954 1525 3138 1601 950).)

2096 1608 2266 1666 Homo
2305 1613 2473 1686 imago
2512 1614 2609 1671 Dei
2660 1634 2750 1691 per
2792 1618 3003 1675 liberum
3051 1620 3436 1693 arbitrium.-
3464 1643 3482 1678 ι
3508 1625 3623 1682 Non

2021 1699 2158 1760 faeie
2183 1703 2346 1762 homo
2375 1706 2442 1763 ad
2474 1708 2791 1768 uniformem
2826 1711 2923 1768 Dei
2959 1727 3251 1786 expressus
3292 1726 3404 1785 est;
3451 1719 3543 1775 sed
3573 1719 3627 1775 in

2024 1811 2086 1855 ea
2109 1800 2405 1858 substantia
2431 1820 2589 1875 quam
2616 1805 2683 1862 ab
2708 1806 2825 1878 ipso
2853 1808 2964 1865 Deo
2991 1810 3172 1879 traxit,
3201 1810 3252 1866 id
3298 1821 3380 1869 est
3408 1813 3623 1883 animm,

311 1887 973 1968 scandalum'permovent
1001 1893 1104 1968 (Dc
1128 1893 1280 1949 Cultu
1308 1891 1474 1949 Fient.
1505 1890 1590 1947 lib.
1624 1890 1689 1961 Il,
1719 1908 1835 1965 cap.
1861 1892 1916 1963 2,
1951 1885 2000 1950 Β
2030 1892 2096 1948 ad
2127 1892 2350 1951 formam
2372 1896 2463 1954 Dei
2488 1899 2863 1971 respondentis
2893 1909 2946 1959 et
2974 1902 3181 1967 arbitrii
3202 1906 3285 1963 sui
3309 1906 3559 1964 libertate
3575 1917 3628 1963 et

316 1993 426 2062 1.1,
469 1992 569 2048 col.
615 1990 755 2047 1517
789 1993 831 2059 ).
870 2008 888 2042 ι
1848 2048 1853 2053 λ

332 2074 343 2087 ’
398 2087 560 2143 Fucos
598 2070 880 2153 adbibere,
912 2083 1063 2155 quale
1099 2082 1309 2138 crimen.
1335 2113 1406 2125 —-
1427 2100 1447 2137 ί
1468 2081 1585 2138 Non
1632 2093 1921 2154 supergre-

337 2180 582 2240 dieudum
602 2180 653 2236 in
684 2178 936 2235 ornando
979 2192 1205 2249 corpore
1232 2176 1390 2244 ultra,
1436 2193 1593 2249 quam
1624 2174 1766 2247 quod
1794 2176 1925 2231 sim-

337 2276 496 2349 plices
537 2282 587 2330 et
623 2272 962 2330 sufﬁcientes
998 2269 1273 2327 munditia:
1310 2270 1732 2341 concupiscunt,
1787 2269 1923 2325 ultra

327 2384 479 2441 quam
499 2367 729 2424 Domino
751 2366 998 2438 placere;
1024 2365 1079 2421 in
1102 2364 1249 2420 illum
1274 2364 1416 2421 enim
1441 2364 1775 2439 delinquunt,
1806 2378 1924 2436 quae

318 2472 491 2521 cutem
535 2459 984 2517 medicaminibus
1028 2467 1252 2531 ungunt,
1296 2473 1461 2530 genas
1496 2458 1694 2514 rubore
1744 2473 1925 2513 macu-

309 2556 496 2614 lant...
529 2555 793 2626 Displicet
835 2553 940 2609 illis
987 2553 1239 2609 nimirum
1272 2553 1493 2624 plastica
1539 2551 1630 2608 Dei
1665 2569 1679 2606 :
1714 2551 1768 2606 in
1795 2549 1924 2622 ipsis

307 2656 668 2728 redarguunt,
697 2654 1101 2729 reprehendunt
1123 2652 1384 2710 artificem
1424 2650 1686 2707 omnium.
1716 2649 1924 2720 Repre-

308 2753 559 2812 hendunt
582 2753 730 2809 enim
761 2768 885 2808 cum
917 2749 1227 2816 emendant,
1260 2764 1381 2804 cum
1428 2745 1707 2818 adjiciunt,
1743 2746 1924 2817 utique

307 2848 379 2903 ab
392 2846 714 2904 adversario
735 2846 938 2903 artiﬁce
972 2853 1248 2902 sumentes
1277 2834 1583 2899 addimenta
1607 2842 1729 2909 ista,
1759 2839 1812 2896 id
1842 2847 1926 2897 cst

309 2942 553 3001 diabolo.
593 2961 613 2997 ι
659 2940 848 3016 (Ibid.,
874 2958 989 3013 cap.
1018 2940 1071 3009 5,
1105 2939 1203 2995 col.
1233 2937 1421 3012 1327.)

384 3036 573 3111 Imago
603 3035 832 3093 mulieris
854 3031 1616 3104 christiana—«Proditejam
1631 3044 1748 3097 vos,
1766 3027 1927 3085 medi-

309 3132 583 3191 camentis
631 3138 685 3185 et
734 3128 1065 3184 ornamentis
1113 3132 1401 3185 exstructa:
1440 3120 1926 3195 apbstolorum.....

309 3235 479 3297 caput
507 3223 718 3279 maritis
745 3220 1015 3293 subjicitc,
1046 3229 1101 3276 ct
1127 3220 1258 3276 satis
1288 3225 1493 3274 ornatae
1521 3216 1702 3282 eritis;
1736 3229 1929 3270 manus

311 3293 455 3379 lanis
476 3327 746 3390 occupate
770 3359 784 3386 ,
815 3315 979 3389 pedes
1006 3314 1152 3372 domi
1181 3312 1326 3387 ﬁgite
1347 3353 1362 3380 ,
1390 3321 1444 3369 et
1487 3311 1607 3383 plus
1636 3323 1819 3397 .quam
1871 3308 1925 3363 in
1954 3293 2003 3361 C
2034 3305 2331 3378 dominum,
2378 3308 2668 3367 timendum
2699 3312 3002 3369 necessarie
3049 3328 3064 3368 :

314 3432 452 3473 auro
485 3415 797 3487 placebunt.
823 3411 1031 3469 Vestite
1055 3425 1151 3466 vos
1178 3408 1351 3465 serico
1372 3404 1673 3479 probitatis,
1708 3404 1926 3474 hissyno

322 3509 653 3576 sanctitatis,
692 3518 925 3579 purpura
974 3502 1266 3576 pudicitiae.
1296 3489 1499 3557 Taliter
1540 3498 1883 3569 pigmentatte
1907 3540 1921 3566 ,

316 3605 497 3663 Deum
526 3601 796 3659 habebitis
823 3607 1116 3656 amatorem
1147 3595 1333 3671 (lbid.,
1366 3592 1605 3667 cap.15).
1643 3611 1662 3645 ›

393 3700 717 3756 Christianus
744 3694 1023 3766 voluptates
1046 3690 1220 3747 mundi
1242 3693 1415 3763 fugere
1436 3687 1674 3742 dcbet.—
1693 3704 1710 3739 t
1731 3682 1811 3741 Tu
1839 3700 1931 3757 pe-

313 3793 573 3865 regrinus
604 3788 789 3846 mundi
836 3787 1013 3858 hujus,
1056 3786 1187 3841 civis
1222 3797 1469 3854 superum
1498 3780 1926 3839 llierusalctn....

316 3886 468 3943 Nihil
505 3884 600 3940 tibi
630 3894 753 3938 cum
783 3879 992 3953 gaudiis
1013 3878 1217 3946 saeculi,
1244 3877 1352 3931 imo
1381 3873 1712 3931 contrarium
1743 3871 1927 3929 debes.

319 3980 594 4039 Strculum
637 3978 771 4034 enim
806 3975 1062 4049 gaudebit,
1092 3989 1179 4029 vos
1208 3988 1323 4028 vero
1352 3970 1602 4042 lugebitis.
1646 3969 1713 4027 Et.
1762 3968 1931 4041 felices

317 4078 402 4132 ait
432 4076 761 4146 lugentes....
788 4068 980 4127 Omnia
1012 4066 1325 4138 imaginaria
1380 4064 1436 4119 in
1486 4062 1687 4119 sa‘eulo
1718 4069 1771 4117 et
1799 4059 1933 4116 nihil

318 4169 442 4226 veri
472 4166 613 4238 (Lib.
644 4164 708 4220 de
733 4162 937 4219 Corona
963 4161 1158 4225 militis,
1189 4176 1305 4231 cap.
1337 4158 1423 4226 15,
1466 4165 1505 4210 1.
1550 4154 1617 4223 Il,
1645 4154 1743 4209 col.
1773 4153 1887 4224 96).
1907 4172 1925 4206 ›

401 4260 659 4316 Adversus
706 4257 959 4314 veritatem
1008 4253 1150 4309 nulla
1202 4251 1634 4325 prtuscriptio.—
1667 4268 1684 4301 ι
1724 4245 1937 4303 Verituti

323 4370 493 4414 nemo
511 4352 863 4427 prmscribere
885 4357 1080 4421 potest;
1102 4363 1207 4402 non
1234 4346 1463 4419 spatium
1489 4354 1809 4415 temporum,
1828 4356 1935 4397 non

326 4447 634 4525 patrocinia
673 4456 1048 4517 personarum,
1092 4457 1197 4496 non
1246 4439 1580 4512 privilegium
1630 4438 1931 4509 regionum.

324 4542 416 4601 Ex
438 4541 521 4596 his
547 4539 693 4596 enim
720 4535 832 4593 fere
867 4533 1197 4592 consuetudo
1236 4530 1444 4586 initium
1472 4528 1540 4585 ab
1572 4528 1749 4601 aliqua
1787 4529 1939 4599 igno-

326 4634 512 4692 rantia
532 4631 617 4689 vel
643 4628 985 4703 simplicitate
1009 4626 1217 4694 sortita,
1246 4622 1302 4679 in
1340 4637 1492 4679 usum
1517 4638 1611 4693 per
1636 4620 1938 4677 successio-

2029 1994 2297 2057 potestate
2322 1989 2562 2060 signatus
2611 2001 2712 2051 est.
2738 1993 2892 2052 Hunc
2913 2004 3112 2053 statum
3145 1997 3264 2069 ejus
3292 1999 3628 2058 conﬁrmavit

2029 2079 2189 2137 etiam
2220 2080 2588 2153 ipsalex.Non
2606 2087 2748 2143 enim
2773 2098 3067 2160 poneretur
3080 2090 3168 2148 lex
3198 2092 3248 2149 ei
3279 2092 3365 2164 qui
3399 2108 3504 2148 non
3531 2092 3630 2150 ha-

2030 2173 2182 2231 beret
2210 2175 2525 2249 obsequium
2556 2180 2798 2238 debitum
2839 2183 2944 2257 legi
2970 2185 3023 2240 in
3047 2199 3142 2241 sua
3186 2195 3495 2258 potestate:
3527 2204 3628 2245 nec

2028 2283 2216 2325 rursus
2256 2272 2600 2328 comminatio
2630 2274 2818 2332 mortis
2850 2278 3263 2348 transgressioni
3288 2279 3627 2339 adscribere-

2030 2368 2142 2431 tur,
2176 2363 2219 2419 si
2266 2379 2371 2419 non
2402 2373 2456 2419 et
2479 2374 2824 2440 contemptus
2852 2367 2986 2441 legis
3016 2369 3070 2425 in
3096 2369 3301 2427 arbitrii
3328 2371 3629 2430 libertatem

2028 2453 2232 2512 homini
2273 2457 2688 2529 deputaretur...
2710 2461 2815 2519 Sed
2831 2471 2884 2518 et
2903 2462 3036 2520 alias
3058 2464 3213 2536 quale
3235 2476 3369 2534 erat,
3397 2476 3454 2522 ut
3470 2468 3630 2526 totius

2028 2548 2211 2604 mundi
2237 2550 2521 2622 possidens
2549 2552 2732 2624 homo,
2752 2570 2857 2611 non
2889 2555 2943 2610 in
2972 2556 3158 2625 primis
3184 2557 3345 2613 animi
3377 2558 3458 2613 sui
3508 2574 3630 2631 pas-

2028 2644 2180 2701 sione
2202 2656 2467 2717 regnaret,
2496 2648 2721 2705 aliorum
2749 2649 3019 2717 dominus,
3048 2652 3131 2708 sui
3162 2652 3388 2709 latnulus
3407 2652 3543 2723 (Lib.
3562 2653 3628 2722 ll,

2028 2739 2227 2794 advers.
2259 2738 2539 2814 Marciam,
2573 2760 2687 2817 cap.
2718 2745 2768 2811 5,
2803 2744 2854 2813 ϐ,
2888 2755 2923 2800 l.
2954 2742 3018 2815 ΙΙ,
3053 2747 3152 2802 col.
3187 2747 3313 2815 290,
3344 2747 3497 2819 9.91).
3535 2768 3554 2800 i

2104 2832 2242 2891 Deus
2286 2836 2537 2922 aptandus
2564 2848 2616 2894 ut
2647 2838 2836 2906 Pater,
2869 2842 3120 2898 timendus
3162 2828 3215 2897 ut
3245 2827 3633 2898 Dominum":

2037 2946 2055 2981 ι
2077 2926 2287 2985 Iustitia
2308 2930 2400 2986 Dei
2419 2931 2696 3002 plenitudo
2714 2944 2797 2991 est
2822 2933 3117 2992 divinitatis
3148 2937 3342 3008 ipsius,
3373 2937 3633 2996 exhibens

2032 3024 2199 3080 Deum
2234 3024 2546 3097 perlectum,
2589 3038 2645 3085 et
2690 3039 2895 3101 patrem
2943 3040 2997 3087 et
3046 3030 3366 3089 dominum:
3401 3042 3627 3105 patrem,

2032 3118 2315 3175 clementia
2345 3137 2359 3187 ;
2407 3120 2703 3192 dominum,
2738 3122 3017 3195 disciplina
3048 3142 3061 3189 ;
3106 3133 3330 3196 patrem,
3367 3130 3631 3198 poteStatc

2033 3209 2247 3282 blanda;
2277 3214 2572 3287 dominum,
2598 3232 2785 3273 severa
2811 3234 2825 3284 ;
2876 3228 3103 3289 patrem,
3142 3219 3470 3292 diligendum
3499 3222 3583 3294 pie
3612 3240 3627 3289 ;

3122 3312 3467 3385 diligendum,
3507 3316 3628 3387 quia

2031 3400 2183 3456 malit
2228 3402 2597 3472 pamitcntiam
2651 3406 2990 3475 peccatoris,
3043 3420 3204 3476 quam
3258 3416 3524 3475 mortem;
3581 3419 3633 3464 et

2031 3495 2346 3565 timendum,
2379 3498 2501 3569 quia
2524 3497 2653 3555 nolit
2674 3509 2979 3570 peccatores
3000 3500 3082 3554 sui
3101 3498 3211 3571 jam
3236 3514 3342 3556 non
3370 3501 3635 3572 pmniten-

2031 3597 2134 3644 tes.
2163 3587 2295 3645 Ideo
2316 3589 2399 3644 lex
2428 3600 2710 3662 utrumque
2732 3590 2925 3646 dilﬁnit
2944 3612 2956 3649 :
2978 3590 3170 3664 Diliges
3200 3591 3388 3658 Deum,
3419 3604 3464 3648 et
3488 3595 3633 3649 lime-

2034 3681 2109 3739 bis
2133 3680 2320 3737 Deum.
2372 3681 2528 3739 Aliud
2558 3683 2861 3740 obsecutori
2895 3689 3195 3756 preposuit,
3230 3686 3370 3742 aliud
3413 3688 3631 3743 exorbi-

2038 3776 2217 3833 tatori.
2249 3776 2327 3833 Ad
2355 3777 2532 3833 omnia
2561 3779 2795 3835 occurrit.
2824 3779 2919 3834 tibi
2944 3779 3108 3849 Deus,
3128 3781 3268 3837 idem
3304 3781 3628 3854 percutiens,

2035 3871 2128 3928 sed
2158 3879 2213 3928 et
2241 3885 2459 3937 sanans,
2489 3872 2835 3939 mortilicans,
2878 3871 2972 3929 sed
3000 3883 3055 3931 ct
3095 3872 3407 3942 viviﬁcaris;
3451 3875 3631 3930 humi-

2036 3964 2193 4029 lians,
2222 3963 2315 4020 sed
2343 3972 2397 4019 et
2424 3963 2718 4021 sublimans
2742 3982 2756 4034 ;
2797 3966 3036 4023 condens
3065 3967 3224 4036 mala,
3253 3967 3348 4023 sed
3375 3979 3428 4024 et
3452 3984 3634 4041 pacem
3734 3988 3735 3991 η

2038 4054 2435 4129 faciens(lbid.,
2461 4074 2579 4129 cap.
2621 4057 2688 4116 15
2744 4067 2789 4113 et
2830 4058 2919 4128 14,
2951 4059 3200 4127 col.500,
3245 4060 3396 4130 501).
3441 4080 3458 4113 δ

2111 4150 2399 4221 [lucusque
2444 4148 2646 4205 bonum
2698 4165 2818 4207 esse
2869 4165 2932 4207 ac
2986 4151 3267 4222 perutilcm
3312 4151 3628 4208 Tertulliani

2039 4258 2195 4300 usum
2228 4260 2292 4301 ex
2317 4243 2565 4302 omnibus
2586 4259 2706 4316 quae
2736 4243 2803 4301 de
2832 4245 2949 4316 ejus
2985 4243 3229 4302 doctrina
3261 4248 3633 4317 congessimus

2042 4338 2199 4395 enixe
2245 4339 2474 4410 probare
2514 4337 2745 4395 voluisse
2782 4338 3061 4407 videmur;
3093 4339 3203 4410 jam
3251 4357 3378 4396 vero
3428 4342 3638 4397 crimini

2041 4432 2195 4488 nobis
2217 4432 2411 4488 merito
2440 4429 2600 4501 foret,
2633 4432 2684 4489 ni
2713 4431 2778 4488 ad
2806 4449 3027 4506 pravum
3050 4450 3205 4490 usum
3231 4436 3636 4507 praecavendum

2042 4514 2398 4581 nihileous‘ilii
2431 4525 2772 4583 adderenxus.
2794 4528 2884 4596 At,
2911 4527 3360 4600 quemadmodum
3382 4539 3636 4601 quantum

2043 4621 2301 4694 prodesse
2334 4631 2497 4694 queat
2524 4622 2645 4694 ejus
2679 4621 2920 4680 doctrina
2965 4624 3283 4691 statuimus,
3325 4624 3397 4678 ita
3433 4639 3496 4680 ex
3524 4624 3640 4694 ejus

328 4741 461 4784 nem
480 4704 2320 4788 corroboratur,etitaadversusveritatemvindicatur.Derroribus
2374 4715 2710 4773 inferendum
2758 4726 2842 4774 est
2892 4733 3050 4790 quam
3125 4733 3320 4775 nocere
3396 4719 3638 4789 possint,

330 4819 445 4876 Sed
470 4816 729 4874 Dominus
752 4822 937 4870 noster
958 4811 1200 4869 Christus
1221 4809 1476 4863 veritatem
1491 4822 1571 4876 se,
1595 4821 1700 4863 non
1716 4822 1944 4864 consue-

338 4910 584 4968 tudinem
612 4887 1009 4979 cognominavit
1037 4900 1200 4979 (Lib.
1240 4901 1305 4957 de
1365 4898 1656 4973 Virginibus
1714 4900 1937 4969 celauit,

337 5021 458 5076 cap.
496 5003 607 5073 l,t.
635 5000 701 5070 ll,
733 4999 834 5057 col.
860 4998 1011 5071 889).
1060 5016 1079 5051 ›

415 5095 541 5153 Νοη
577 5111 643 5152 ea:
687 5093 914 5166 personis
952 5091 1080 5165 ﬁdes
1127 5091 1414 5164 probanda,
1463 5088 1553 5146 sed
1606 5103 1833 5161 personae
1883 5105 1947 5144 ea:

338 5171 469 5265 ﬁde.
491 5215 572 5236 -ο
599 5208 619 5243 t
640 5187 765 5245 Non
792 5203 859 5245 ω
875 5187 1107 5259 personis
1141 5186 1417 5257 probamus
1441 5184 1616 5256 ﬁdem,
1645 5184 1736 5240 sed
1762 5200 1825 5238 ea:
1842 5183 1946 5255 ﬁde

344 5299 629 5354 personas;
650 5280 1035 5353 nemosaplens
1055 5287 1156 5349 est,
1179 5279 1280 5334 nisi
1306 5277 1478 5337 ﬁdelis
1510 5293 1525 5331 :
1573 5292 1733 5333 nemo
1749 5277 1943 5350 major,

344 5378 805 5437 nisiChristianus
831 5392 851 5434 :
876 5390 1037 5433 nemo
1065 5382 1245 5431 autem
1265 5371 1612 5439 Christianus,
1638 5370 1739 5429 nisi
1767 5371 1859 5442 qui
1879 5370 1947 5428 ad

350 5472 514 5532 ﬁnem
550 5486 723 5545 usque
760 5467 1187 5543 perseveraverit
1236 5465 1353 5543 (De
1404 5463 1704 5538 Prtescript.
1743 5464 1941 5521 advers.

355 5569 550 5627 litaret.
577 5585 694 5640 cap.
718 5568 772 5635 3,
798 5574 835 5621 ι.
870 5565 937 5635 ll,
966 5564 1066 5620 col.
1102 5564 1169 5620 15
1190 5565 1236 5637 ).
1265 5579 1287 5619 ι

422 5665 550 5721 Non
580 5663 685 5718 alia
713 5661 989 5733 qurereutla
1023 5659 1255 5726 scientia,
1292 5673 1445 5730 quam
1483 5654 1609 5711 Jesu
1644 5652 1850 5710 Christi.
1876 5681 1947 5693 -—

364 5778 385 5813 ι
422 5758 590 5816 Nobis
612 5754 928 5813 curiositate
952 5767 1213 5825 opusnon
1249 5759 1336 5805 est
1382 5756 1503 5819 post
1542 5745 1819 5802 Christum
1851 5743 1947 5800 Je-

355 5840 496 5920 sum,
535 5865 642 5907 nec
668 5847 1011 5921 inquisitione
1032 5836 1037 5839 “
1055 5852 1177 5917 post
1204 5834 1575 5913 Evangelium.
1602 5838 1739 5895 Cum
1770 5838 1950 5895 credi-

358 5958 504 6017 mus,
531 5941 669 6005 nihil
694 5938 1067 6003 desideramus
1090 5937 1226 5997 ultra
1252 5931 1494 5996 credere.
1512 5931 1625 5996 lloc
1643 5931 1785 5994 enim
1803 5931 1952 6007 prius

2047 4825 2204 4884 quam
2236 4809 2343 4865 acri
2371 4808 2573 4881 judicio
2591 4809 2711 4881 ejus
2730 4811 2925 4884 scripta
2956 4810 3284 4868 secernenda
3316 4809 3440 4865 sint.
3474 4809 3643 4865 Porro

2047 4908 2149 4963 alia
2189 4905 2492 4961 communia
2515 4903 2677 4961 habet
2707 4907 2972 4976 paradoxa
3006 4921 3127 4963 cum
3155 4904 3511 4972 Montanistis,
3541 4903 3642 4958 alia

2048 5012 2175 5054 vero
2206 4996 2341 5053 adeo
2371 4996 2469 5053 sibi
2501 4997 2716 5069 propria
2759 5006 2812 5051 ut
2851 4994 3190 5053 heresiarcba
3231 4995 3354 5051 inde
3392 4995 3641 5058 evaserit,

2048 5105 2111 5147 ac
2151 5093 2339 5146 horum
2371 5106 2614 5146 errorum
2645 5090 2881 5146 asseclas
2920 5088 3375 5157 Tcrtullianistas,
3427 5102 3489 5143 ex
3523 5102 3647 5143 auc-

2052 5191 2165 5238 tore
2188 5188 2545 5253 nuncupatos,
2570 5181 2872 5254 protulerit.
3116 5163 3127 5169 ’

2122 5272 2339 5332 Certum
2384 5273 2848 5346 indubitatumque
2879 5282 2963 5330 est
2991 5272 3379 5328 Tertulliauum
3418 5286 3522 5327 non
3556 5282 3648 5327 so-'

2051 5368 2160 5424 lum
2201 5368 2484 5426 erroribus
2521 5383 2584 5425 ac
2621 5366 2989 5433 deliramentis
3034 5356 3478 5422 Montanistarutn
3527 5364 3649 5419 sul:-

2050 5468 2355 5539 scripsisse,
2387 5482 2570 5523 verum
2615 5466 2777 5522 etiam
2824 5460 3435 5525 eadem,ardcutissime
3472 5460 3652 5532 prepi-

2052 5576 2232 5619 nasse.
2261 5558 2562 5617 Istiusmodi
2586 5567 2714 5613 sunt
2733 5555 2914 5612 omnia
2934 5555 3126 5628 quibus
3146 5569 3302 5611 suum
3327 5553 3648 5610 Paraclitum

2054 5655 2251 5727 passim
2271 5662 2326 5709 et
2347 5651 2639 5724 procaciter
2656 5649 2914 5717 venditat;
2944 5648 3138 5720 quibus
3157 5647 3421 5707 secundas
3440 5645 3653 5716 nuptias

2056 5764 2163 5807 non
2190 5749 2365 5806 solum
2398 5747 2634 5812 damnat,
2668 5742 2763 5802 sed
2808 5743 3030 5816 insuper
3067 5741 3443 5809 enormitatem
3497 5752 3651 5795 vocat

2055 5843 2201 5902 Omni
2225 5840 2451 5897 crimine
2471 5839 2731 5912 majorem
2755 5853 2774 5911 ;
2802 5838 2994 5914 quibus
3016 5835 3259 5893 illicitum
3276 5847 3416 5903 esse,
3433 5841 3659 5906 urgente

2054 5934 2446 6011 persecutionis
2468 5946 2619 6005 testu
2644 5976 2663 6008 ,
2691 5944 2805 5998 tum
2849 5936 3057 6008 lugere,
3112 5938 3226 5992 tum
3266 5940 3391 5994 sese
3427 5928 3652 6001 pecunia
