4084 6344
427 343 492 406 51
1874 342 2258 403 ΡΒίΈΕΑΤΙΟ.
2388 343 2415 410 ε’
3668 340 3739 403 52

428 465 696 525 redimere
754 463 931 522 docet.
988 461 1060 522 At
1108 460 1304 534 refugit
1351 460 1574 520 animus
1629 460 1833 522 referre
1894 463 2035 533 inju-
2064 463 2119 525 Α
2143 461 2369 520 aliorum
2398 502 2415 530 ,
2443 461 2782 533 maximeque
2811 460 2981 534 ipsius
3006 458 3270 522 Ecclesia)
3290 460 3589 536 respiciens
3611 476 3742 519 auc-

432 561 545 618 rias
594 574 728 632 quas
809 557 1047 614 evomuit
1130 556 1320 615 doctor
1378 556 1469 614 ille
1522 567 1802 630 protervus
1850 568 2038 615 contra

429 653 525 711 Dei
553 652 846 710 Eeelesiam
872 666 887 719 ;
933 650 1128 723 quibus
1152 650 1460 709 Catholicos
1486 651 1712 723 impetit,
1747 666 1882 723 quos
1913 667 2036 725 pas—

429 746 531 803 sim
580 744 816 817 appellat
859 743 1158 816 f’syclticos,
1202 744 1255 799 id
1324 752 1407 801 est
1485 744 1744 801 animales
1790 744 2036 801 homines

434 853 500 895 ac
547 836 818 895 carnales.
874 836 1108 895 Eosdem
1150 837 1326 909 arguit
1375 837 1559 909 quod,
1625 853 1819 909 agapes
1890 836 2035 894 cele-

430 929 669 999 brando,
730 930 907 988 ventri
977 928 1317 1002 indulgerent
1385 939 1441 988 et
1511 929 1859 1001 impudicitiis
1906 944 2036 1001 0pc-

433 1039 548 1082 ram
578 1024 809 1094 darent,
852 1024 1300 1096 confessoresque
1342 1025 1395 1080 in
1442 1039 1660 1081 carcere
1686 1023 1937 1081 detentos
1969 1020 2036 1077 ad

442 1117 910 1189 intemperantiam
932 1117 1344 1189 compellerent.
1370 1116 1681 1187 Prmeipuos
1710 1115 1876 1172 habes
1897 1115 2036 1173 Ter-

435 1210 640 1268 tulliani
670 1212 1014 1269 montanistae
1040 1225 1275 1278 errores,
1310 1226 1340 1267 e
1367 1210 1561 1281 quibus
1583 1225 1771 1266 ansam
1810 1210 2038 1281 arripuit

434 1301 550 1373 ipse
572 1301 1028 1373 prodendiodium
1052 1318 1232 1372 suum,
1257 1302 1607 1376 animumque
1633 1317 1762 1377 erga
1787 1301 2035 1361 Catholi-

443 1411 538 1453 cos
567 1396 1012 1455 iul‘ensissimum.

512 1492 859 1549 Pervenimus
872 1492 939 1550 ad
952 1508 1167 1551 errores
1189 1494 1279 1568 qui
1301 1494 1641 1551 Tertulliano
1661 1492 2037 1552 haaresiareha:

439 1586 641 1659 proprii
665 1596 789 1645 sunt
814 1603 876 1646 ac
905 1590 1201 1661 peculiares
1226 1608 1240 1659 ;
1274 1605 1340 1648 ac
1369 1605 1439 1647 ne
1479 1589 1533 1645 in
1563 1590 1885 1647 immensum
1912 1602 2040 1661 pro-

440 1682 741 1753 traltamur,
774 1682 841 1739 ad
870 1682 1112 1753 Pamclii,
1145 1683 1385 1754 Rigaltii,
1418 1694 1850 1755 caaterorumque
1890 1701 2039 1741 com-

438 1784 797 1833 mcntatorum
828 1787 985 1834 notas
1014 1777 1149 1834 infra
1176 1778 1560 1850 subjiciendas,
1586 1777 1705 1834 haec
1733 1778 2036 1834 minutatim

439 1869 711 1941 pensanda
740 1871 1084 1929 remittimus.
1108 1870 1437 1933 Notabiliora
1486 1886 1738 1945 promere
1783 1869 2034 1927 sulficiat.
2068 1874 2115 1936 B

446 1962 525 2019 Ac
552 1964 726 2034 primo
764 1964 903 2033 loco,
938 1965 1199 2037 virginem
1243 1965 1525 2035 Deiparam
1570 1964 1929 2036 virginitatem
1981 1964 2036 2020 in

447 2066 604 2129 partu
645 2058 892 2120 amisisse
933 2060 1096 2118 audet
1120 2058 1384 2131 profiteri.
1418 2058 1555 2115 Tum
1607 2059 1677 2117 de
1703 2059 1903 2129 anima,
1937 2058 2039 2116 etsi

441 2150 694 2207 nonnulla
743 2151 975 2224 benigne
1018 2152 1335 2225 explicanda
1361 2167 1669 2219 censemus,
1698 2152 1867 2209 multa
1892 2151 2039 2209 nullo

448 2255 605 2317 pacto
676 2247 979 2305 excusanda
1034 2257 1337 2317 remanent,
1388 2247 1485 2317 uti,
1548 2248 1786 2321 exempli
1824 2262 2037 2318 caussa,

448 2353 570 2410 qua:
593 2338 919 2396 solemniora
964 2349 1020 2397 et
1049 2341 1193 2397 omni
1248 2340 1409 2397 modo
1437 2339 1784 2412 corpulentiae
1815 2340 1991 2398 debita
2021 2385 2036 2409 ,

446 2447 514 2489 ea
566 2448 781 2506 quoque
852 2434 1045 2495 adesse
1130 2436 1323 2494 anima:
1354 2480 1369 2505 ,
1447 2437 1617 2509 ipsam
1691 2448 1757 2492 ex
1828 2436 2043 2508 preprio

447 2540 580 2583 sexu
614 2526 892 2601 distingui,
919 2530 1010 2586 .vel
1057 2529 1357 2587 masculino
1381 2530 1589 2588 scilicet
1616 2529 1701 2589 vel
1729 2529 2041 2597 fmminino;

448 2619 665 2684 trinam.
713 2621 871 2679 sicuti
918 2630 974 2679 et
1038 2638 1263 2696 corpora
1300 2667 1317 2693 ,
1398 2640 1495 2696 per
1561 2624 1818 2697 longum,
1875 2624 2044 2680 latum

445 2723 498 2769 et
528 2711 852 2786 profundum
879 2756 894 2783 ,
934 2713 1327 2775 dimensionem
1377 2716 1613 2785 habere;
1659 2717 1905 2790 corporis
1944 2717 2045 2773 hu-

446 2796 589 2864 niani
636 2806 869 2877 speciem
900 2822 963 2865 ac
1015 2808 1237 2881 figuram
1281 2825 1391 2881 pra:
1440 2825 1501 2867 se
1544 2811 1726 2877 ferre;
1776 2826 1882 2868 non
1924 2827 2046 2870 esse

448 2898 719 2969 qualitatis
763 2900 937 2957 inanis
983 2910 1039 2960 et
1075 2917 1257 2959 vacuae
1282 2944 1299 2974 ,
1330 2904 1423 2961 sed
1454 2918 1576 2976 qua:
1620 2905 1791 2962 teneri
1840 2906 2044 2977 possit,

447 2989 592 3046 aerei
641 2990 838 3048 coloris
889 3006 952 3048 ac
999 2992 1255 3052 lucidam.
1306 2994 1630 3053 Notabiliter
1662 2995 2047 3068 insupererrat

450 3082 970 3153 Tertullianus,cum
1000 3087 1159 3148 docet
1189 3090 1483 3149 Ecclesium
1514 3092 1582 3149 ibi
1625 3092 1787 3149 etiam
1824 3093 2044 3162 haberi,

451 3177 543 3235 ubi
594 3189 719 3235 sunt
747 3180 853 3237 duo
885 3182 969 3239 vel
1002 3191 1131 3250 tres,
1162 3185 1289 3242 licet
1334 3185 1456 3244 laici
1485 3204 1498 3242 :
1532 3186 1616 3243 ubi
1652 3196 1781 3255 tres,
1815 3188 2048 3245 Ecclesia

453 3282 545 3340 est,
853 3276 875 3332 !
1818 3298 1923 3356 qua
1966 3284 2047 3341 tu.
2076 3280 2121 3346 C
2153 3272 2378 3313 διυωιδ,
2410 3272 2474 3301 illi
2498 3272 2820 3316 \pl'wacrutu
2867 3272 2984 3299 υηιί.
3042 3272 3281 3315 ιιηαυυιι
3325 3272 3531 3300 υυιιιυν
3560 3272 3751 3298 Ωιιιυυ-

456 3350 690 3423 mmora
714 3368 853 3424 bene
880 3371 1043 3424 multa
1071 3388 1168 3424 om
1195 3374 1436 3424 Ecclesia
1465 3385 1888 3424 communium
2080 3413 2093 3424 l
2155 3355 2378 3394 nemanu
2399 3353 2517 3394 rara
2538 3336 2824 3395 admodum
2844 3335 3175 3394 Bibliotheca
3213 3336 3751 3403 historico-litentria,

456 3366 690 3423 nestiora
714 3368 853 3426 bene
880 3371 1043 3427 multa
1071 3388 1168 3445 pro
1195 3374 1437 3432 Ecclesia
1465 3385 1889 3448 consequuntur.

529 3458 756 3518 Silentio
778 3472 1041 3536 praetereo
1064 3467 1201 3525 alios
1224 3484 1440 3526 errores
1469 3484 1606 3542 quos
1632 3486 1738 3526 non
1760 3470 1909 3527 solus
1936 3471 2053 3543 ipse

458 3559 811 3631 propugnavit
836 3601 851 3627 ,
883 3559 978 3617 sed
1008 3568 1062 3617 ct
1089 3561 1182 3617 alii
1209 3577 1277 3618 ex
1300 3562 1699 3631 vetustioribus,
1726 3565 2052 3637 creteroquiu

463 3652 516 3708 in
542 3667 602 3709 re
624 3652 860 3710 nondum
889 3654 956 3711 ab
981 3653 1222 3713 Ecclesia
1250 3655 1469 3713 definita
1499 3674 1512 3711 :
1547 3659 1840 3730 ex.gratia,
1859 3657 2052 3730 rebap-

459 3745 701 3802 tizandos
716 3760 837 3805 esse
852 3745 921 3804 ab
938 3746 1204 3807 baireticis
1227 3748 1520 3821 baptiratos
1541 3767 1553 3804 :
1572 3749 1699 3807 item
1725 3764 1791 3808 eo
1822 3752 2057 3809 refertur

459 3839 642 3910 opinio
662 3841 1107 3913 milleuariorum,
1137 3851 1193 3901 et
1225 3842 1517 3916 descriptio
1544 3845 1774 3916 paradisi
1802 3862 1959 3918 quem
2001 3847 2055 3904 in

461 3933 742 4006 Apologet.
797 3951 914 4006 cap.
956 3937 1048 4005 47,
1088 3937 1319 4009 appellat
1372 3938 1548 3995 locum
1587 3938 1782 3995 divina:
1833 3941 2059 3998 amoeni-

466 4025 612 4095 tatis,
638 4029 960 4100 recipiendis
986 4039 1297 4089 sanctorum
1323 4031 1599 4104 Spiritibus
1625 4032 1974 4103 destinatum,
2005 4044 2061 4092 et

463 4121 696 4179 maceria
724 4123 951 4195 quadam
981 4124 1150 4197 ignea:
1180 4140 1331 4182 zona:
1365 4140 1394 4181 a
1424 4125 1609 4183 notitia
1637 4126 1783 4183 orbis
1812 4141 2056 4184 commu-

467 4217 552 4273 nis
590 4226 946 4290 segregatum.
974 4216 1179 4287 Quibus
1203 4219 1508 4277 addendum
1540 4221 1685 4278 venit
1728 4221 1869 4295 quod
1897 4221 2062 4280 habet

468 4310 536 4366 de
579 4311 784 4382 angelis
828 4311 1107 4384 apostatis,
1148 4313 1242 4386 qui
1292 4313 1427 4372 filias
1470 4313 1745 4373 hominum
1797 4331 2065 4389 cognove-

471 4415 598 4463 runt
626 4406 733 4481 (l).

540 4500 672 4560 Illud
722 4509 903 4559 autem
959 4512 1266 4575 portentum
1329 4520 1546 4578 aequare
1590 4505 1843 4575 videtur,
1895 4507 2069 4581 inquit

473 4606 662 4656 auctor
686 4598 901 4671 quidam
931 4596 1055 4655 vita:
1081 4598 1414 4667 Tertulliani,
1439 4599 1614 4657 virum
1656 4598 1796 4657 hunc
1827 4599 2063 4670 scilicet,

475 4692 691 4751 sublimi
722 4695 939 4768 ingenio
964 4694 1219 4754 donatum
1249 4738 1263 4764 ,
1295 4694 1456 4753 fidem
1502 4695 1796 4769 conciliare
1827 4696 2067 4766 potuisse
2093 4689 2147 4752 D

473 4785 779 4859 lmjusmodi
810 4788 1106 4857 erroribus,
1150 4789 1221 4845 ob
1261 4788 1497 4845 visiones
1541 4787 1828 4847 mulierum
1876 4786 2070 4860 quibus

474 4882 627 4953 :I‘Qtie
670 4895 734 4938 ac
770 4882 940 4939 sancti
963 4881 1197 4955 Spiritus
1236 4880 1655 4942 revelationibus
1700 4880 2071 4941 omnimodam

475 4972 636 5030 fidem
667 4976 980 5045 praestabat.

552 5067 691 5125 liinc
703 5082 823 5124 cum
841 5068 1169 5141 prmlaudato
1180 5076 1400 5126 auctore
1419 5066 1851 5127 concludendum
1879 5077 1964 5127 est
1990 5068 2070 5144 (9.)

476 5163 587 5235 jam
604 5178 702 5220 nos
720 5179 749 5221 a
763 5159 1096 5222 Tertulliano
1110 5164 1262 5237 lapso
1282 5163 1559 5221 admoneri
1582 5179 1743 5235 quam
1764 5164 1969 5221 lubrica
1988 5177 2076 5223 res

476 5260 549 5316 sit
580 5259 855 5317 hominum
895 5261 1223 5332 intellectus,
1262 5261 1331 5317 de
1368 5275 1429 5316 se
1455 5258 1679 5316 nimium
1716 5274 2073 5333 praesumens,

480 5351 580 5412 sibi
612 5353 705 5410 uni
742 5354 925 5413 omnia
974 5354 1217 5413 tribuens
1246 5396 1261 5424 ,
1291 5353 1624 5426 nimiumque
1667 5352 1894 5414 credens
1918 5394 1937 5426 ,
1979 5366 2079 5412 nec

554 5516 636 5587 (l)
666 5515 793 5573 Haec
821 5525 877 5574 et
919 5518 1021 5574 alia
1069 5515 1387 5575 Tertulliani
1438 5515 1707 5586 paradoxa
1748 5514 1883 5573 infra
1922 5530 2079 5584 repe-

484 5589 592 5645 ries
611 5603 732 5644 eum
765 5589 1005 5646 antidoto
1034 5589 1277 5657 Pamelii,
1303 5600 1358 5647 et
1383 5587 1511 5645 alibi
1536 5590 1656 5645 aliis
1685 5596 2080 5645 commentato-

484 5677 604 5716 rum
644 5662 787 5717 notis
832 5670 1054 5726 sanata;
1102 5662 1170 5719 ab
1198 5662 1484 5733 erroribus
1520 5660 1839 5733 quibusdam
1886 5674 2083 5733 perpe-

488 5748 622 5817 ram.
657 5733 759 5804 ipsi
799 5734 1103 5818 .imputati‘s
1163 5732 1551 5790 Tertullianum
1604 5732 1841 5789 vindieat
1884 5732 2077 5805 Lump.

486 5804 730 5877 Bibliotli.
759 5805 938 5877 histor.
958 5818 1135 5877 critica
1167 5803 1310 5872 ΡΡ.,
1342 5813 1379 5859 t.
1398 5803 1865 5877 Vll,c.il,p.709
1887 5819 2007 5877 sqq.

492 5963 526 6021 Ρ
565 5875 986 6007 (fg‘corhiuiani
1038 5877 1082 5935 Τ
1088 5878 1261 5939 homa:
1306 5877 1525 5940 dissert.
1586 5875 1777 5949 final}.
1812 5893 1902 5951 op.
1933 5875 2079 5947 'cit.,

2140 556 2444 614 toritatem!
2499 571 2659 628 quam
2712 556 2821 614 cito
2875 556 3067 629 privati
3108 556 3396 629 cujuslibet
3460 558 3736 630 ingenium

2138 650 2381 707 subverti
2435 653 2628 721 queat!
2681 665 2841 721 quam
2895 665 3095 722 pronus
3136 651 3375 723 ejusdem
3425 652 3479 708 in
3520 667 3738 711 errores

2139 743 2342 816 lapsus!
2362 758 2521 815 quant
2536 758 2659 800 vere
2678 743 2746 801 de
2768 743 3099 801 Tertulliano
3138 743 3193 800 in
3216 744 3299 800 sui
3324 744 3740 803 Commonitorii

2140 852 2259 909 cap.
2311 840 2416 903 18,
2478 839 2901 910 pronuntiaverit
2938 838 2999 894 Β.
3024 834 3342 897 Vincentius
3391 839 3734 898 Lirinensis:

2143 931 2489 990 Tertullianus
2517 934 2753 989 catholici
2793 934 3046 1006 dogmatis
3069 974 3083 1001 ,
3112 933 3167 988 id
3219 942 3292 989 est
3338 934 3641 990 universalis
3678 952 3742 991 ac

2140 1036 2345 1081 vetustte
2374 1027 2495 1096 ﬁdei
2533 1043 2715 1097 parum
2758 1036 2929 1094 tenam,
2993 1042 3054 1081 ac
3099 1026 3335 1083 disertior
3374 1027 3536 1082 multo
3584 1043 3745 1098 quam

2140 1117 2357 1190 felicior,
2386 1128 2582 1175 mutata
2619 1119 2856 1189 deinceps
2876 1120 3140 1187 sententia,
3191 1119 3311 1192 fecit
3354 1119 3424 1173 ad
3462 1129 3743 1176 extremum

2139 1217 2274 1287 quod
2299 1216 2363 1270 de
2389 1231 2447 1271 eo
2476 1214 2653 1272 beatus
2680 1220 2941 1289 confessor
2972 1204 3204 1270 Hilarius
3219 1214 3440 1286 quodam
3469 1214 3580 1270 loco
3611 1215 3742 1271 scri-
3802 1228 3823 1241 ι

2142 1309 2246 1366 bit:
2272 1308 2536 1382 Sequenti,
2570 1311 2756 1383 inquit,
2779 1327 2950 1367 errore
2976 1310 3199 1367 detraxit
3227 1310 3431 1384 scriptis
3458 1310 3739 1383 probabili-

2141 1404 2233 1461 bus
2260 1407 2631 1476 auctoritatem.

2674 1497 3061 1558 ARTICULUS
3098 1498 3183 1557 ΙΙΙ.

2381 1629 2452 1676 DE
2489 1632 2787 1675 ιιτειιιιιιιιε
2826 1630 3184 1674 τεητυιιιλκι
3224 1630 3535 1674 ΑΝκΑιιῐιυε.

2214 1731 2371 1789 Modo
2411 1746 2694 1803 perpensa,
2746 1740 2865 1788 utut
2903 1732 3019 1791 fieri
3048 1731 3228 1803 licuit,
3256 1730 3572 1787 Tertulliani
3600 1731 3743 1787 mul-

2145 1826 2307 1898 tipliei
2336 1826 2686 1896 auctoritate,
2730 1836 2892 1898 atque
2933 1824 3105 1891 datis,
3151 1841 3269 1898 qua:
3307 1824 3421 1881 ausi
3453 1839 3643 1881 sumus
3683 1841 3745 1884 ae

2145 1921 2348 1992 potiora
2382 1919 2664 1988 duximus,
2698 1917 2768 1976 de
2793 1926 2941 1976 recto
2967 1917 3209 1990 ejusdem
3229 1933 3327 1975 usu
3352 1917 3611 1987 consiliis,
3630 1919 3743 1993 jam

2143 2030 2208 2072 ex
2238 2013 2341 2071 hoc
2360 2013 2551 2070 ordine
2579 2028 2760 2070 rerum
2786 2014 3004 2069 minime
3031 2011 3306 2071 declinare
3336 2012 3597 2081 videmus,
3622 2030 3743 2071 cum

2143 2107 2359 2181 quinam
2387 2107 2587 2165 fuerint
2615 2107 2668 2164 in
2699 2123 2765 2166 eo
2795 2109 3031 2166 virorqu
3075 2109 3359 2165 doctorum
3412 2107 3638 2181 impeusi
3671 2109 3748 2165 la—

2144 2206 2337 2273 bores,
2368 2205 2481 2261 sive
2507 2203 2574 2260 ad
2600 2203 2813 2262 codices
2844 2203 3314 2271 transcribendos,
3360 2203 3476 2260 sive
3522 2180 3749 2260 ad’edi-

2147 2297 2323 2355 tiones
2375 2296 2753 2368 proferendas,
2808 2296 2922 2353 sive
2968 2295 3035 2352 ad
3088 2304 3288 2353 textum
3335 2296 3387 2352 in
3442 2296 3748 2353 recentibus

2147 2390 2341 2463 linguis
2364 2389 2797 2447 transferendum
2822 2432 2838 2461 ,
2871 2390 2985 2448 sive
3032 2389 3100 2445 ad
3146 2388 3390 2461 qumdam
3424 2388 3503 2445 rei
3530 2388 3746 2446 Tertul-

2148 2484 2303 2542 liana:
2332 2493 2526 2557 puncta
2555 2484 2827 2558 sigillatim
2871 2484 3203 2543 enucleanda
3224 2524 3239 2553 ,
3285 2484 3337 2540 in
3380 2483 3607 2541 decursu
3636 2498 3745 2541 διο-

2147 2577 2389 2635 culorum
2411 2619 2425 2643 ,
2450 2578 2676 2650 singulis
2699 2577 3036 2635 volventibus
3070 2578 3255 2647 annis,
3284 2592 3567 2634 recensere
3598 2593 3746 2633 sum-

2150 2674 2331 2729 matim
2360 2672 2751 2746 aggrediamur.
2778 2672 2920 2729 Nihil
2959 2673 3105 2730 enim
3131 2673 3299 2744 magis
3329 2673 3563 2729 ostendit
3591 2688 3749 2742 quant

2151 2768 2477 2841 totivirorum
2504 2770 2555 2824 in
2578 2768 2827 2826 eumdem
2847 2777 3125 2824 auctorem
3151 2783 3379 2840 operosa
3406 2767 3752 2826 acindefessa

2150 2862 2452 2932 temulatio,
2499 2864 2685 2936 quanti
2724 2863 3113 2920 Tertullianum
3164 2863 3349 2920 fecerit
3394 2865 3570 2921 omnis
3610 2873 3753 2923 retro

2151 2961 2439 3032 antiquitas
2474 2975 2537 3018 ac
2579 2961 2854 3018 recensior
2900 2959 3164 3029 eruditio,
3192 2968 3389 3031 quanta
3436 2958 3595 3017 fuerit
3638 2958 3755 3031 ejus

2153 3056 2463 3122 auctoritas,
2512 3056 2722 3128 qualive
2750 3056 3025 3128 diligentia
3072 3071 3135 3112 ac
3183 3055 3464 3127 prudentia
3526 3055 3755 3128 quisque

2153 3148 2271 3219 ejus
2323 3148 2536 3220 scriptis
2587 3164 2713 3205 usus
2761 3148 2941 3205 fuerit.
2999 3146 3316 3205 Prmhabitis
3365 3146 3553 3204 eadem
3599 3148 3650 3202 in
3700 3162 3759 3203 re

2153 3245 2378 3313 studiis,
2410 3260 2474 3301 ac
2498 3245 2820 3316 \prmsertim
2867 3243 2984 3299 Car.
3035 3241 3283 3315 Traugott
3325 3241 3531 3300 Gottlob
3560 3241 3757 3298 Schoe-

2154 3434 2440 3500 libentius,
2473 3449 2568 3505 pro
2597 3448 2747 3489 more
2769 3442 2955 3489 nostro
3000 3445 3064 3487 ae
3107 3432 3265 3502 jure,
3317 3440 3550 3501 utentes,
3588 3430 3760 3501 primo

2156 3529 2224 3587 de
2253 3529 2528 3587 codicibus
2556 3528 2974 3601 manuscriptis,
2998 3542 3225 3600 quorum
3251 3527 3437 3585 notitia
3482 3525 3549 3582 ad
3592 3540 3762 3596 usipte

2158 3640 2257 3681 nos
2305 3625 2639 3696 pervenerit,
2687 3638 2853 3696 pauca
2892 3623 3210 3692 libahimus;
3262 3630 3371 3678 tum
3420 3619 3762 3685 editionum,

2157 3719 2467 3775 versionum
2510 3733 2576 3774 ac
2623 3717 3139 3775 commentationum
3188 3715 3420 3786 amplam
3469 3714 3664 3771 seriem
3693 3712 3764 3769 ad

2159 3812 2399 3888 singulos
2437 3826 2641 3882 annos,
2673 3820 2931 3886 quantum
2960 3809 3170 3868 licuerit
3192 3851 3207 3879 ,
3239 3807 3535 3869 referemus
3558 3805 3663 3880 (t).

2466 3946 2494 4020 ς
2534 3945 2575 4003 1.
2618 3963 2687 4006 ne
2726 3961 3000 4005 CODICIBUS
3039 3959 3413 4004 TEBTULLIANI.

2243 4085 2399 4142 «Post
2426 4084 2795 4156 antiquissima
2820 4082 3093 4156 Cypriani,
3112 4081 3390 4149 Lactantii,
3413 4079 3618 4148 llilarii,
3646 4078 3763 4135 Eu-

2165 4177 2321 4245 sebii,
2346 4177 2559 4244 Rufini,
2594 4176 2924 4250 Hieronymi,
2969 4172 3568 4248 Augustitti,\’ittcentii
3621 4173 3770 4231 Liri-

2167 4264 2349 4328 nensis
2369 4313 2385 4338 ,
2409 4270 2478 4327 de
2502 4269 2817 4327 Tertulliani
2847 4268 3014 4337 libris,
3047 4269 3282 4341 ingenio,
3313 4268 3632 4325 auctoritate
3661 4277 3765 4324 tes-

2167 4367 2422 4436 timonia,
2456 4367 2603 4422 nulla
2652 4364 2883 4423 subinde
2914 4379 3010 4435 per
3048 4364 3204 4435 plura
3258 4362 3455 4420 smcula
3483 4370 3772 4420 remanent

2168 4460 2287 4531 ejus
2314 4460 2554 4532 vcsdgia,
2590 4460 2924 4529 obrutusque
2948 4457 3157 4513 videtur
3181 4456 3280 4515 sub
3293 4455 3644 4513 celeberrimo
3659 4454 3773 4510 Ge-

2171 4555 2289 4613 lasii
2316 4571 2463 4629 papa:
2493 4554 2716 4611 decreto
2738 4593 2752 4617 ,
2797 4553 2887 4624 qui
2933 4551 3242 4608 indistincta
3295 4549 3412 4621 ejus
3439 4565 3603 4623 opera
3632 4549 3775 4605 inter

2172 4651 2481 4726 apocrypha
2529 4648 2856 4706 amandavit.
2887 4647 3112 4703 Excitus
3151 4644 3365 4703 tandem
3413 4660 3481 4702 ex
3530 4643 3597 4700 iis
3640 4660 3774 4714 apo-

2174 4746 2503 4819 crypltorum
2557 4742 2813 4810 tenebris,
2864 4755 3058 4796 rursus
3097 4739 3151 4795 in
3198 4738 3375 4794 lucem
3407 4736 3598 4809 prodiit
3631 4735 3775 4791 circa

2175 4838 2347 4895 fausta
2379 4836 2558 4894 Caroli
2595 4835 2772 4907 Magni
2822 4845 3062 4906 tempora
3088 4873 3104 4899 ,
3138 4846 3261 4888 cum
3291 4847 3359 4888 ex
3392 4830 3612 4887 immani
3652 4829 3777 4883 bar-

2175 4931 2427 4989 barorum
2463 4929 2694 4987 colluvie
2730 4942 2940 4986 emersa
2978 4934 3389 4984 renascerentur
3417 4923 3594 4982 studia
3649 4922 3777 4979 litc-

2176 5041 2381 5085 rarum.
2431 5024 2563 5096 Qua:
2594 5022 2855 5095 imprimis
2888 5020 3119 5077 floruere
3147 5019 3414 5093 Lugduni,
3469 5021 3522 5075 in
3563 5028 3775 5075 vetusta

2178 5120 2498 5181 eruditionis
2550 5133 2615 5174 ac
2659 5117 2979 5189 eloquentia:
3007 5114 3226 5172 Gallica:
3254 5115 3413 5183 sedc,
3446 5128 3548 5171 nec
3589 5126 3779 5186 parum

2179 5216 2376 5275 favisse
2420 5212 2809 5287 archiepiscopi
2853 5210 3239 5283 lugduneuses,
3302 5207 3603 5266 Leidradus
3641 5207 3785 5262 inter

2180 5312 2391 5383 quos‘et
2416 5306 2755 5380 Agobardus,
2776 5315 3163 5362 memorantur.
3193 5303 3361 5360 Porro
3392 5302 3779 5359 Tertullianmn

2182 5419 2295 5476 pra:
2336 5401 2586 5458 omnibus
2615 5400 2667 5456 in
2701 5398 2909 5457 deliciis
2949 5396 3202 5455 habuisse
3239 5396 3559 5471 Agobardus
3599 5395 3782 5451 existi-

2184 5496 2412 5554 mandus
2463 5505 2583 5562 est,
2624 5495 2824 5567 quippe
2879 5494 3034 5565 cujus
3086 5499 3304 5552 exstant
3354 5490 3537 5562 plures
3590 5505 3781 5545 ιιιιιιιιςο

2183 5590 2370 5663 scripti
2420 5590 2636 5651 codices
2664 5604 2861 5650 nomen
2911 5589 3030 5662 ejus
3075 5603 3183 5663 pra:
3238 5601 3296 5645 se
3327 5586 3601 5658 ferentes.
3632 5582 3783 5656 ,lliue

2185 5683 2348 5760 igitur
2372 5702 2386 5741 :

2261 5802 2340 5877 (l)
2364 5801 2503 5877 Qua:
2524 5801 2849 5877 doctissima:
2862 5796 3288 5877 Schoenemanni
3312 5796 3518 5877 notitia:
3535 5791 3781 5852 addenda

2186 5869 2519 5943 censuimus,
2555 5874 2670 5928 haec
2698 5873 2907 5929 uncinis
2935 5870 3281 5943 prteligeuda,
3303 5869 3779 5943 curavimus,__t:e-

2188 5957 2304 6009 tera
2333 5948 2489 6009 novis
2507 5938 2721 6007 tantum
2750 5938 3172 6016 titulis,’auta‘lio
3198 5941 3543 6002 distinximus
3560 5938 3775 5999 ordine.
