4082 6338
453 288 524 347 '55
1939 303 2332 366 PREFATIO.
3687 313 3767 381 86

453 407 464 436 ⁸
534 425 552 457 ι
588 404 703 476 XII,
748 399 892 469 XIII.
939 406 1317 481 Ilirsattgiensis
1337 416 1395 471 et
1425 411 1835 474 Pulerniacettsia
1887 420 2045 491 primi
2069 419 2131 489 Α
2154 432 2207 480 et
2229 425 2412 482 insunt
2439 425 2636 486 indicia
2657 467 2675 497 ,
2701 440 2821 502 quae
2843 434 3107 489 attentum
3145 432 3547 505 obsonatorem
3571 439 3767 499 adver-

452 494 667 553 fueruut
694 514 763 554 ex
809 498 1038 570 quibus,
1069 500 1467 574 'l‘ertullianus,
1501 505 1765 565 Rbenano
1804 511 2055 570 obstetri-
2162 526 2278 576 tere
2310 530 2532 595 possunt
2558 522 2610 578 in
2634 494 2801 596 hujus
2825 525 2987 584 libelli
3016 526 3204 585 habitu
3231 499 3394 588 veluti
3424 533 3658 606 capitum
3682 545 3762 594 ta-

455 601 631 660 cante,
648 591 899 663 prodiit.»
918 591 1251 651 Etiamnunc
1277 608 1561 655 servantur
1582 601 1635 655 in
1668 602 1798 659 urbe
1824 602 2053 661 Sehlett-
2156 612 2281 672 bula
2303 591 2482 688 ipsum.
2507 591 2814 689 prmced'ens
2833 664 2848 688 ,
2882 638 3000 691 quae
3028 622 3106 681 sic
3134 613 3411 698 exscripta
3429 591 3545 698 est,
3569 639 3628 686 ut
3648 631 3761 689 lere

448 687 625 757 stadt,
670 702 735 743 ex
767 687 991 760 ipsamet
1035 687 1100 747 B.
1142 689 1387 748 Rhenani
1433 694 1705 764 biblioth.,
1739 696 2010 755 Tertulliat

2156 707 2210 764 in
2239 710 2457 783 reliquis
2483 687 2632 771 Tcrt.
2661 687 2999 789 Apologe-tici
3041 734 3164 776 cum
3192 687 3474 780 Lactantio
3504 704 3769 784 editioni.

448 781 644 852 scripta
662 779 907 853 qumdam
926 797 1059 840 mss.
1092 785 1461 844 membranae.
1482 788 1566 845 Cf.
1597 788 1803 848 Hacnel.
1835 809 1889 865 p.
1919 794 2048 851 4'57.
2098 869 2109 877 _
2154 801 2254 859 bus
2278 779 2508 862 exseribi
2538 806 2676 865 solet
2698 779 2801 877 ,.in
2838 779 3061 868 dimidia
3094 811 3205 870 lere
3235 822 3392 886 parte
3417 779 3755 889 paginae—vste;

517 875 660 946 XIV,
692 875 811 934 XV.
843 875 1136 943 Corziensis
1164 891 1217 939 et
1257 881 1569 951 Fnldeusis,
1618 901 1779 957 quem
1824 888 2050 959 posthac
2098 875 2107 877 ἡ
2154 896 2339 952 eundm
2366 898 2481 955 folii
2510 875 2705 972 primi,
2749 913 2859 961 tum
2898 906 3068 976 ipsius
3111 875 3253 965 anni.
3284 875 3433 966 nota;
3473 875 3756 987 defectus,

444 969 538 1027 Fr.
612 970 821 1031 Modius
884 974 1190 1047 diligentius
1251 981 1512 1048 excussit,
1572 980 1859 1051 plurimum
1908 982 2047 1044 Ter:
2150 989 2241 1045 vix
2264 990 2451 1048 obvius
2475 969 2531 1049 in
2561 992 2715 1066 hujus
2744 997 2847 1053 loci
2873 969 2932 1055 et
2950 969 3759 1074 typographieditionibus,de:

443 1066 665 1124 tulliano
690 1068 1029 1126 emendando
1053 1068 1390 1142 proluerunt.
2150 1081 2275 1139 inde
2300 1085 2440 1157 quod
2472 1096 2595 1158 post
2636 1066 3434 1166 subscriptionem'subjicitur:
3483 1066 3666 1157 Sermo
3694 1103 3760 1159 de

515 1158 655 1217 XVI.
677 1159 889 1237 Cagntei
916 1161 1172 1235 Codicem,
1201 1178 1268 1222 ex
1297 1181 1403 1239 quo
1430 1166 1724 1239 pleniorem
1757 1166 2043 1227 Tertullia-
2147 1177 2252 1232 rita
2274 1188 2465 1235 attenta
2508 1180 2612 1255 (ι),
2644 1184 2731 1255 qui
2757 1158 2954 1255 pariter
2978 1201 3102 1244 cum
3125 1158 3472 1261 sequentibus
3498 1191 3771 1253 Lactantii‘

443 1269 571 1310 num
598 1253 744 1311 dedit
764 1296 779 1322 ,
809 1256 1142 1329 ignoramus.

510 1346 675 1404 XVII.
706 1346 1037 1407 Britannicus
1064 1351 1276 1408 caenobii
1319 1351 1684 1412 Masburiensis
1730 1370 1760 1411 a
1790 1354 1913 1413 Joh.
1935 1355 2041 1415 Le-

438 1440 599 1500 Iando
623 1457 747 1500 cum
774 1442 998 1503 Gelenio
1047 1447 1477 1505 eommunieatus
1500 1488 1517 1518 ,
1548 1450 1702 1521 plane
1744 1450 1993 1523 egregius
2022 1468 2039 1519 ;

438 1538 525 1608 qui
556 1538 852 1611 usquedum
897 1555 1006 1598 non
1042 1539 1381 1600 habebantur
1421 1542 1591 1601 libros
1630 1544 1857 1603 Tertull.
1903 1563 2042 1620 pra:-

435 1630 572 1698 huit,
602 1631 722 1689 aliis
747 1642 934 1690 contra
961 1636 1051 1707 qui
1076 1634 1188 1708 jam
1211 1637 1515 1708 exstabant,
1546 1654 1758 1697 carens.

505 1722 699 1793 XVIII,
728 1724 924 1783 XXIV.
952 1726 1162 1786 Codices
1205 1728 1464 1798 Pamelii;
1498 1742 1604 1789 tres
1633 1732 1873 1791 Vaticani
1914 1749 2037 1792 car-

2147 1270 2278 1328 edit.
2316 1289 2440 1344 quae
2489 1273 2803 1335 Tertulliani
2851 1279 3258 1353 Apologeticum
3300 1284 3614 1357 adjunctum
3655 1289 3754 1345 ha-

2143 1361 2311 1431 bent,
2345 1364 2660 1441 plerumque
2688 1369 2911 1441 prodiit.
2950 1364 3186 1431 Pos'sunt
3213 1373 3330 1432 haec
3358 1377 3549 1437 saltem
3597 1380 3757 1441 exci-

2148 1466 2263 1515 tare
2287 1456 2404 1518 VV.
2450 1461 2563 1521 DD.
2597 1473 2652 1520 ut
2676 1465 2943 1526 curiosius
2980 1466 3051 1530 de
3092 1467 3215 1545 his,
3245 1470 3342 1534 ubi
3385 1470 3547 1549 licet,
3586 1474 3756 1552 dispi-

2144 1553 2308 1611 ciant.

2216 1702 2502 1799 Mediolani
2527 1760 2618 1817 per
2646 1655 3348 1811 Uldericuigggcinziuzelet’.
3378 1753 3470 1813 fol.
3501 1756 3547 1827 Ω
3575 1755 3752 1833 Septi-

432 1818 598 1875 dinal.
627 1819 793 1877 Sirlet
816 1820 971 1892 jussu
997 1821 1052 1878 in
1083 1838 1236 1880 usum
1264 1825 1382 1895 ejus
1403 1824 1620 1894 collati,
1664 1825 1772 1884 duo
1814 1843 2036 1886 monas-
2065 1834 2115 1897 B
2142 1837 2235 1893 mii
2278 1837 2426 1895 Flor.
2477 1839 2788 1899 Tertulliani
2819 1845 3201 1920 Apologeticus
3226 1849 3351 1909 adv.
3391 1818 3605 1925 gentes.
3634 1818 3749 1916 Cat.

435 1911 691 1971 tcriorum
716 1914 776 1972 S.
808 1916 1040 1973 Amandi
1070 1925 1125 1974 et
1168 1917 1227 1975 S.
1269 1918 1501 1976 Bavonis
1554 1922 1610 1977 in
1641 1921 1859 1995 Belgio;
1890 1938 2030 1980 unus

435 2007 786 2080 Anglicanus,
816 2012 906 2082 qui
939 2026 1106 2083 penes
1133 2010 1258 2069 Joh.
1288 2010 1622 2072 Clementem
1649 2014 1768 2073 fuit.

503 2100 674 2158 XXV.
702 2102 875 2160 Codex
898 2103 1178 2179 Bongarsii
1194 2148 1211 2175 ,
1242 2124 1350 2180 quo
1388 2123 1518 2167 usus
1547 2119 1629 2167 est
1654 2109 1943 2171 Heraldns.

497 2194 688 2254 XXVI.
721 2198 895 2256 Codex
918 2217 1067 2273 quem
1097 2202 1387 2261 Salmasius
1425 2205 1492 2261 ad
1520 2205 1715 2264 librum
1755 2209 1818 2265 de
1852 2207 2030 2266 Pallio

426 2290 832 2364 perpoliendum
860 2294 1167 2354 adhibuisse
1203 2296 1479 2370 professus
1508 2308 1611 2358 est.

495 2382 712 2454 XXVII,
742 2386 982 2443 XXVIII.
1010 2388 1239 2446 Codices
1264 2390 1371 2449 duo
1399 2394 1799 2453 membranacei
1850 2396 1903 2452 in
1940 2397 2024 2453 bi—

425 2473 691 2532 bliotheca
718 2476 980 2550 Lugdune
1001 2510 1027 2522 -
1047 2480 1245 2539 Batava
1272 2500 1327 2540 n.
1358 2484 1468 2542 524
1491 2477 1512 2553 ,’
1534 2486 1639 2543 ’576
1688 2487 1982 2547 existentes
2005 2533 2021 2560 ,

424 2569 619 2640 quibus
645 2569 782 2629 liber
806 2572 869 2629 de
896 2572 1072 2631 Pallio
1109 2576 1622 2650 comprehenditur,
1664 2595 1727 2639 ae
1769 2597 1899 2641 usus
1940 2592 2025 2640 est

424 2660 864 2738 Ilavercampius.

495 2757 721 2833 Insuper
758 2760 1027 2821 variantes
1062 2762 1365 2841 lectiones,
1408 2782 1542 2841 quas
1585 2784 1616 2827 e
1642 2770 1822 2827 ‘variis
1868 2770 2020 2830 libris

420 2865 550 2908 mss.
604 2850 669 2907 F.
724 2851 953 2912 Ursinus
999 2857 1331 2931 collegerat,
1379 2869 1660 2933 notemus,
1714 2880 1849 2937 quas
1895 2877 2017 2939 post

419 2944 785 3004 \Vouwerium
815 2946 1074 3022 Rigaltius
1101 2952 1153 3009 in
1182 2970 1336 3011 usum
1366 2958 1595 3016 vocavit.

496 3060 515 3094 ι
537 3041 730 3099 XXIX.
778 3040 953 3101 Codex
984 3044 1279 3119 Vaticanus,
1309 3052 1595 3108 continens
1615 3067 1738 3111 cum
1758 3044 2016 3114 cbrdnico

410 3132 482 3190 ην.
508 3132 668 3192 Beda:
714 3136 886 3195 multa
930 3137 1034 3195 alia
1087 3154 1121 3196 e
1158 3141 1353 3212 quibus
1405 3142 1765 3215 fragmentum
1796 3147 2013 3205 Tertul-

2138 1929 2274 1985 Bibl.
2308 1930 2501 1989 Pinell.
2531 1952 2587 2006 p.
2617 1933 2710 1993 lat.
2745 1934 2855 1993 682
2875 1980 2889 2007 ,
2922 1948 3044 1996 tom.
3071 1939 3115 1999 Ι.

2740 2026 2743 2029 ’
2861 2034 3024 2093 M94.

2217 2116 2454 2193 Venetiis,
2491 2140 2612 2180 cura
2645 2135 2691 2182 et
2734 2128 2970 2197 expensis
2998 2128 3183 2188 nobilis
3226 2132 3325 2189 viri
3355 2132 3564 2194 Domini
3593 2135 3750 2196 Octa-

2134 2212 2270 2268 viani
2293 2212 2437 2272 Scott
2465 2216 3223 2296 Modoetiettsisdwhquinlo
3247 2228 3365 2285 idus
3386 2232 3621 2289 octobris
3651 2250 3748 2305 per

2130 2306 2385 2367 Bouctmn
2422 2310 2737 2371 Locatellnm
2767 2333 2784 2371 :
2817 2316 2883 2387 Q.
2924 2317 3077 2391 Sept.
3130 2320 3447 2415 Tertulliani
3478 2328 3746 2399 Apologe-
3852 2386 3855 2391 λ

2118 2404 2291 2472 licus,
2325 2421 2446 2462 cum
2466 2406 2778 2471 Lactantio.

2845 2507 3008 2567 1500.
3058 2517 3063 2523 ’

2200 2594 2452 2668 Parisiis,
2484 2614 2573 2672 ap.
2603 2597 2691 2659 Jo.
2725 2600 2884 2660 Petit.
2904 2602 2983 2661 4ο.
3006 2603 3734 2686 TertullianiApologeticus,

2125 2704 2246 2748 cum
2277 2690 2588 2765 Lactantio,
2621 2696 2669 2753 si
2712 2696 3039 2770 conjectum
3083 2700 3248 2760 ﬁdere
3283 2704 3460 2781 licet.;

2618 2809 2829 2870 Sicculo
2854 2812 3062 2872 decimo
3100 2826 3275 2875 sexto.

2706 2947 2843 3007 1501
2877 2979 2949 2991 --
2977 2949 3140 3009 1600.

2192 3059 2323 3119 Cum
2352 3061 2634 3121 Lactantio
2680 3065 2874 3125 iterum
2927 3070 3233 3144 iterumque
3278 3064 3478 3145 pro'diit
3522 3073 3737 3132 Tertul-

2118 3134 2245 3209 liani
2277 3156 2665 3230 Apologeticon
2699 3179 2711 3216 :
2748 3160 2910 3230 1509,
2952 3134 3310 3233 Vettet.'fol..;
3344 3164 3513 3232 I509,
3560 3166 3734 3227 Venet.

415 3225 541 3281 liani
584 3226 1024 3327 dehexsecrandia
1061 3229 1190 3299 Diis,
1237 3235 1410 3303 primo
1456 3235 1662 3292 editum
1719 3254 1847 3294 ann.
1873 3240 2013 3298 1650
2042 3254 2087 3317 C
2122 3246 2218 3301 fol.
2248 3265 2262 3313 ;
2297 3225 2666 3315 εδοθξΡανίδ.
2695 3252 2794 3319 4ος
2825 3225 2958 3313 I5II
2985 3299 3001 3323 ,
3044 3254 3218 3312 Venet.
3250 3225 3383 3325 fol;
3432 3225 3591 3327 I5I3,
3623 3225 3736 3315 Pa;

412 3330 442 3370 a
473 3315 524 3373 J.
557 3316 627 3373 Μ.
655 3314 929 3391 Suaresio,
957 3321 1299 3381 bibliotheca:
1326 3324 1499 3383 Vatic.
1532 3338 1744 3399 custos,
1776 3349 1876 3391 nec
1901 3334 2015 3405 jam

413 3412 609 3470 abhinc
636 3429 908 3489 recusum,
939 3416 1137 3475 iterum
1158 3418 1212 3476 in
1235 3419 1335 3478 hac
1358 3433 1541 3480 nostra
1560 3425 1796 3485 editione
1826 3430 2010 3489 datum

413 3505 476 3562 T.
506 3505 566 3577 ll,
596 3509 703 3565 col.
730 3511 895 3567 IIII».
922 3510 1249 3584 Codex‘ille,
1291 3516 1467 3589 inquit
1503 3519 1811 3593 Suaresius,
1844 3525 2015 3585 literis

411 3599 811 3672 longobardicis
838 3606 1097 3678 scriptum
1139 3618 1267 3668 ante
1319 3613 1692 3686 septingentos
1733 3619 1817 3676 vel
1862 3631 2014 3680 octo-

410 3701 600 3763 gentos
627 3709 800 3753 annos
825 3697 1064 3770 scriptus
1096 3701 1333 3760 videtur.

488 3804 506 3837 ι
540 3785 711 3845 XXX.
741 3787 921 3849 Codex
943 3792 1326 3867 Ambrosianus,
1352 3814 1382 3856 e
1402 3815 1510 3873 quo
1530 3801 1848 3864 Muratorius
1874 3811 2015 3868 eruit

409 3879 652 3938 ultimam
685 3892 893 3956 partem
926 3896 1185 3947 tractatus
1205 3891 1271 3947 de
1298 3895 1532 3951 oratione
1559 3941 1572 3966 ,
1608 3908 1853 3957 vetustus
1884 3905 2007 3974 qui-

407 3974 550 4046 dem,
582 3976 775 4035 eodem
793 3978 993 4051 judice,
1027 3990 1083 4039 at
1122 3985 1313 4044 nullibi
1356 3988 1425 4045 ab
1454 4004 1519 4047 eo
1562 3990 1881 4066 descriptus,
1909 4012 2011 4057 nec

406 4068 499 4126 ulli
528 4069 719 4129 afﬁxus
740 4076 904 4131 aetati.
939 4092 959 4129 ο
1376 4068 1387 4075 ’
1581 4070 1596 4087 ⁸

477 4165 766 4239 Perperam
806 4168 1118 4231 Tertulliani
1158 4176 1377 4235 nomine
1415 4179 1777 4241 inscribuntur
1801 4182 2010 4244 duoeo-

346 4306 355 4314 ,
405 4258 549 4317 dices
604 4259 954 4337 Parisienses,
1012 4284 1241 4340 quorum
1293 4274 1429 4329 alius
1484 4275 1535 4332 in
1571 4277 1817 4335 biblioth.
1861 4282 2006 4354 regia

404 4369 553 4411 num.
592 4355 756 4426 I656,
776 4357 913 4417 alter
930 4361 982 4417 in
1013 4362 1146 4420 bibl.
1167 4365 1518 4426 S.-Gcnovel.
1549 4373 2007 4433 num.69Iasser-

400 4458 585 4520 vatur,
635 4462 824 4510 neuter
872 4469 1002 4514 vero
1054 4459 1137 4516 vel
1178 4460 1462 4519 minimum
1486 4463 1806 4524 Tertulliani
1838 4467 2005 4527 habet

403 4544 712 4617 vestigium.

2122 3340 2213 3395 ris.
2245 3339 2335 3395 υς
2369 3341 2605 3401 Floreat.
2636 3343 2715 3413 8°,
2747 3362 2834 3418 ap.
2871 3346 3015 3405 Phil.
3044 3348 3194 3406 lunt.
3224 3349 3458 3409 Iuntina:
3483 3354 3735 3424 exempla

2121 3450 2364 3494 seorsum
2395 3440 2558 3497 etiam
2609 3443 2869 3514 reperias.
2904 3441 3029 3501 Vid.
3071 3443 3186 3502 Cat.
3216 3445 3355 3503 Bibl.
3398 3446 3589 3505 Pincll.
3624 3447 3729 3503 PP.

2120 3529 2216 3587 lat.
2238 3570 2257 3602 ,
2302 3548 2357 3588 n.
2390 3531 2523 3593 085.
3495 3555 3512 3563 '

2201 3716 2420 3777 Venetiis
2446 3721 2499 3776 in
2545 3722 2737 3779 (edibus
2787 3630 3010 3781 Αῗᾱῗιῗί
3056 3690 3277 3783 Αηιινέω
3325 3727 3507 3795 soceri,
3542 3741 3729 3786 mense

2115 3816 2273 3887 aprili
2315 3814 2476 3874 I5l5.
2511 3816 2568 3874 In
2599 3819 2775 3875 fronte
2808 3837 2823 3876 :
2856 3820 3288 3879 TERTULLIANUS.
3323 3822 3730 3881 Prcemittuntur

2066 3958 2067 3961 η
2118 3910 2428 3979 praetorio.
2464 3910 2618 3983 Bapt.
2650 3912 2858 3982 Egnatii
2899 3912 3036 3970 Ven.
3064 3914 3132 3970 ad
3160 3912 3323 3987 Gasp.
3364 3916 3724 3973 Contarenum

2113 3997 2403 4058 Patricium
2434 4002 2626 4061 Venet.
2660 4012 2715 4060 et
2755 4004 3134 4077 philosophum
3188 4011 3514 4079 praecipuum
3560 4010 3724 4082 epist.
3762 4040 3779 4052 ~

2112 4092 2490 4153 dedicatoriam
2515 4134 2532 4165 ,
2574 4096 2884 4171 llieronymi
2924 4100 3032 4157 vita
3078 4100 3428 4174 Tertulliani,
3477 4112 3531 4161 et
3568 4104 3726 4178 capi-

2111 4196 2223 4246 tum
2257 4189 2452 4248 tabula.

2823 4288 2986 4350 1521.

2181 4374 2295 4436 ED.
2320 4376 2656 4439 PRINCEPS
2688 4381 3123 4445 BASILEENSIS
3159 4382 3200 4443 Ι.
3238 4385 3470 4458 Operum
3504 4384 3722 4444 Tertul-

2108 4469 2256 4537 liani,
2280 4472 2400 4528 Bas.
2423 4476 2563 4546 apud
2575 4475 2800 4532 Froben.
2819 4479 2913 4549 fol.
2928 4496 2946 4530 ί
2966 4478 3140 4550 Opera
3155 4479 3217 4548 Q.
3235 4478 3480 4551 Septimii
3496 4479 3722 4537 Floren-

2107 4565 2175 4621 tis
2205 4566 2550 4637 Tertulliani,
2586 4569 2725 4626 inter
2748 4570 2942 4627 latinos
2960 4572 3211 4628 Ecclesiae
3227 4572 3516 4644 scriptores
3531 4573 3712 4644 primi,

400 4657 523 4732 §ll.
577 4675 644 4719 ne
687 4676 920 4725 manus
964 4682 1318 4743 EDITIONIBUS,
1354 4688 1718 4748 vensromaus,
1779 4694 1847 4738 ac
1901 4697 1996 4739 va-

2126 4659 2224 4717 ;ine
2251 4676 2477 4732 quorum
2506 4663 2739 4721 lectione
2765 4665 2970 4722 nullum
2999 4666 3144 4723 diem
3169 4667 3559 4725 intermittebat
3586 4669 3714 4724 olim

556 4772 755 4817 RIORUI
803 4776 855 4818 IN
893 4778 1262 4824 TEBTULLIANO
1292 4783 1843 4832 COMBIENTATIONIBUS.

862 4857 1075 4918 Steculo
1099 4861 1547 4936 decimo-quinto.

1114 4953 1275 5014 “85.

464 5037 530 5111 ρ.
574 5036 818 5115 Septimii
848 5040 1117 5104 Florentis
1162 5048 1540 5122 Apologeticus
1569 5052 2000 5129 adversus‘gen-

392 5145 493 5192 tes.
526 5135 849 5210 lmpressum
891 5140 1108 5199 Venetiis
1136 5160 1226 5216 per
1274 5143 1651 5205 Bernardiuum
1696 5148 1991 5209 Benalium.

388 5247 430 5285 s.
467 5249 519 5286 α.
552 5242 693 5289 ηοια.
718 5235 812 5308 fol.
842 5235 1164 5296 Charactere
1192 5240 1420 5313 eleganti
1443 5243 1669 5315 gaudet,
1700 5246 1869 5303 literis
1896 5249 1996 5305 ini-

389 5322 599 5382 tialibus
628 5327 794 5384 minio
823 5330 1067 5401 adpictis.
1114 5332 1433 5406 Singulatim
1474 5336 1691 5408 quidem
1738 5337 1827 5397 hic
1856 5339 1991 5397 Ter-

388 5415 586 5472 tulliani
604 5418 815 5478 libellus
836 5421 887 5477 in
911 5423 1226 5481 bibliotheca
1244 5426 1584 5499 Regio-acad.
1609 5429 1787 5488 Goett.
1817 5440 1993 5491 exstat

384 5518 439 5564 ct
464 5521 793 5570 memoratur
820 5514 877 5573 in
914 5515 1161 5575 biblioth.
1189 5519 1485 5580 Pinelliana
1539 5532 1577 5579 t.
1620 5521 1644 5580 Ι
1687 5524 1835 5582 Patr.
1864 5526 1984 5583 Lat.

384 5618 438 5659 n.
467 5604 592 5663 685.
619 5606 723 5664 Sed
749 5649 763 5675 ,
799 5608 854 5664 ni
897 5608 1087 5680 fallor,
1134 5612 1202 5670 ad
1245 5614 1647 5677 Lactantianam
1694 5621 1985 5682 editionem
2077 5673 2084 5679 .

382 5694 450 5751 ab
471 5697 661 5755 eodem
682 5699 844 5757 Bern.
867 5699 935 5758 de
955 5699 1189 5762 Benaliis
1214 5705 1410 5764 factam
1439 5718 1494 5767 et
1513 5726 1543 5766 a
1570 5711 1816 5770 Fabricio
1839 5730 1987 5771 com-

382 5801 728 5849 memoratam
760 5794 1021 5867 pertinet;
1053 5814 1248 5872 quam,
1297 5804 1418 5876 quia
1469 5804 1608 5863 forte
1657 5809 1831 5866 rarior
1872 5811 1979 5880 sit,

380 5882 545 5942 nolim
574 5887 825 5947 continuo
849 5904 969 5948 cum
1000 5890 1346 5954 Bunemanuo
1394 5898 1442 5954 iu
1485 5898 1703 5958 dubium
1744 5916 1936 5961 vocare
1964 5946 1978 5975 ,

2104 4753 2260 4810 divus
2281 4755 2598 4828 Cyprianus,
2624 4772 2719 4828 per
2740 4758 3025 4817 BEATUM
3043 4759 3429 4818 RHENANUM
3454 4760 3716 4818 Seletsta-

2106 4848 2344 4907 diensem
2368 4866 2411 4923 ο,
2423 4852 2655 4908 tenebris
2686 4862 2839 4909 eruta
2864 4863 3025 4925 atque
3052 4869 3081 4909 a
3108 4855 3211 4910 situ
3238 4870 3337 4925 pro
3370 4854 3509 4911 virili
3538 4855 3715 4911 vindi-

2103 4952 2242 5011 cata,
2273 4943 2497 5015 adjectis
2522 4946 2855 5017 singulorum
2888 4947 3143 5003 librorum
3174 4948 3504 5020 argumentis
3531 4958 3586 5005 et
3609 4949 3713 5004 ali-

2102 5039 2222 5093 cubi
2246 5038 2570 5110 conjecturis
2588 5081 2604 5107 ,
2634 5040 2830 5111 quibus
2853 5041 3250 5100 vetustissimus
3262 5052 3450 5101 auctor
3464 5044 3712 5101 nonnihil

2101 5133 2420 5189 illustratur.
2447 5132 2684 5201 Quorum
2708 5135 3012 5208 catalogum
3044 5139 3284 5208 proxima
3318 5139 3511 5210 pagina
3551 5153 3712 5212 repe-

2097 5226 2226 5282 ries.
2255 5226 2460 5282 Fluruit
2488 5227 2589 5283 sub
2617 5226 2756 5285 Caes.
2790 5229 2990 5285 Severo
3019 5228 3302 5289 Pertinace
3333 5241 3388 5288 et
3429 5233 3704 5289 Antonino

2096 5319 2400 5386 Caraealla,
2453 5320 2606 5377 valde
2663 5322 2869 5379 vicinus
2919 5325 3283 5396 apostolorum
3334 5326 3701 5397 temporibus,

2095 5414 2235 5470 circa
2263 5428 2460 5469 annum
2486 5428 2519 5470 a
2547 5413 2763 5471 Christo
2791 5431 2948 5487 passo
2997 5416 3122 5474 I60.
3154 5418 3332 5486 Quare
3363 5417 3487 5476 boni
3513 5434 3704 5476 consu-

2091 5505 2250 5562 lenda
2279 5516 2404 5562 sunt
2429 5505 2587 5578 hujus
2614 5508 2813 5580 scripta
2839 5549 2854 5575 ,
2882 5509 2929 5565 si
2957 5509 3151 5566 alicubi
3176 5510 3385 5567 varient
3409 5526 3441 5566 a
3468 5513 3701 5583 receptis

2091 5599 2286 5656 borum
2318 5609 2618 5673 temporum
2648 5602 2912 5674 dogmatis
2933 5643 2948 5669 ,
2977 5618 3099 5659 cum
3128 5618 3318 5662 omnes
3345 5605 3581 5678 synodos
3600 5619 3700 5662 an-

2090 5694 2375 5753 tecesserit
2398 5734 2414 5764 ,
2445 5694 2757 5769 apostolicis
2789 5698 2892 5759 illis
2918 5699 3157 5771 exceptis
3176 5741 3193 5769 ,
3217 5714 3443 5773 quarum
3469 5702 3524 5757 in
3551 5702 3698 5758 Actis

2157 5827 2241 5903 (l)
2266 5829 2597 5960 Maepham
2619 5831 2904 5906 inscriptus
2932 5848 2949 5890 τ
2982 5830 3114 5896 Ilem
3137 5851 3303 5897 sermo
3331 5836 3396 5895 de
3418 5837 3521 5896 vita
3545 5824 3694 5898 teter;

2160 5945 2175 5960 .
2206 5918 2334 5960 εαωι
2384 5920 2389 5925 ’
2460 5942 2475 5960 ο

2087 5916 2175 5976 tta,
2206 5916 2358 5975 caput
2384 5916 2475 5961 '47.
