4084 6344
272 308 340 371 δν
1724 256 1897 369 rant

1999 300 2117 369 ΓΙΟ.
2702 326 2709 331 '
3505 307 3577 370 58

274 426 438 487 Lucas
459 420 854 487 commeminit.
879 420 1100 496 Gaude,
1129 422 1324 495 lector,
1366 428 1423 484 et
1456 421 1603 485 hunc
1636 422 1733 481 tibi
1775 437 1867 484 ra-
1892 424 1951 489 Α

276 536 388 579 rum
410 535 474 579 ac
498 535 702 579 novum
731 519 1044 576 thesaurum
1056 532 1207 591 para,
1231 533 1296 575 ac
1317 520 1450 575 rale.
1480 534 1501 575 s
1539 518 1594 575 lu
1616 518 1781 583 calce,
1802 517 1874 573 lo-

276 616 344 673 lio
367 625 490 674 ante
529 604 760 673 indicem
789 616 1033 687 proximo
1066 608 1079 670 ἐ
1108 612 1330 672 Basilca:
1369 615 1507 689 apud
1544 611 1635 670 Jo.
1664 613 1871 670 'Frobe-

276 712 452 766 nium:
506 724 681 766 mense
732 709 898 765 Julia.
951 707 1052 763 An.
1083 707 1249 766 1521.
1290 708 1466 780 Opera
1512 721 1632 780 qua!
1673 708 1727 765 in
1771 707 1873 764 hoc

207 850 215 855 _
275 803 542 861 volumine
567 801 911 860 continentur
935 808 957 871 ,’
980 816 1208 874 quorum
1258 800 1556 874 catalogum
1584 801 1774 875 pagina
1803 803 1871 858 ti-

276 896 363 951 tuli
389 893 615 951 adversa
644 894 876 966 prtebet,
904 894 1021 952 haec
1043 904 1170 952 sunt
1197 911 1210 949 :
1243 894 1307 951 de
1333 893 1596 952 Patientia
1625 894 1787 961 liber;
1814 895 1877 950 de

273 988 435 1048 Came
477 987 710 1055 Christi;
749 987 815 1044 de
840 986 1230 1045 Resurrectione
1270 988 1474 1061 carnis;
1520 988 1584 1045 de
1628 987 1877 1045 Prcescri-

278 1084 440 1157 ptione
464 1083 817 1140 timeticorum
832 1099 855 1151 ;
872 1082 1129 1140 Adversus
1147 1100 1321 1141 omnes
1352 1088 1565 1142 hwreses
1586 1102 1605 1152 ;
1626 1085 1878 1142 Adversus

276 1176 524 1246 Iudices;
563 1176 817 1233 Adversus
859 1176 1179 1233 Marcionem
1204 1177 1319 1233 libri
1344 1176 1416 1246 V;
1454 1178 1713 1234 Adversus
1740 1176 1878 1233 Hera

277 1276 557 1346 mogcnem;
580 1270 832 1327 Aduersus
869 1268 1280 1338 Valentinianos;
1308 1271 1565 1327 Adversus
1595 1269 1879 1337 Prameam;

278 1363 562 1422 deCorona
601 1364 819 1429 militis;
861 1364 943 1418 Ad
977 1362 1277 1437 Martyres;
1327 1366 1390 1421 de
1430 1364 1777 1431 Pwnitentia;
1817 1367 1881 1422 de

287 1456 575 1532 Virginibus
602 1458 871 1523 velandis;
900 1458 964 1513 de
1000 1457 1198 1513 Habitu
1220 1458 1491 1524 muliebri;
1519 1457 1582 1515 de
1608 1458 1759 1515 Cultu
1790 1462 1881 1530 fa:-

280 1554 571 1620 minarum;
601 1552 668 1607 ad
699 1550 921 1608 Uxorem
941 1568 1086 1607 suam
1112 1551 1229 1607 libri
1253 1550 1332 1617 ll;
1367 1553 1431 1608 de
1462 1550 1613 1626 Fuga
1642 1554 1695 1609 in
1718 1570 1883 1625 perse-

280 1646 471 1703 cutione
494 1660 517 1713 ;
541 1645 613 1700 ad
644 1645 922 1719 Sequulam
946 1661 966 1711 ;
1000 1646 1064 1700 de
1093 1643 1466 1702 Exliortatione
1489 1647 1776 1713 castitatis;
1820 1647 1883 1703 de

284 1738 608 1813 Monogann'a
631 1752 651 1807 ;
677 1739 742 1795 de
770 1737 986 1804 Pallio;
1014 1737 1374 1811 Apologeticus
1401 1740 1644 1796 adversus
1687 1752 1878 1812 gentes.

2401 417 2568 479 159.3.
2644 413 2908 496 issam
2979 417 3142 482 l556.

2042 512 2174 577 Bas.
2204 526 2291 589 ap.
2314 512 2549 573 Froben.
2581 515 2615 572 t.
2646 516 2997 589 repelitioucs
3024 518 3230 591 primae.

2050 702 2162 759 ΕΙ).
2194 612 3021 764 ΒΑειιΕΕΝδιειιῗῖὶῖέιεωλ.
3049 707 3221 781 Opera
3243 702 3307 779 ρ.
3336 705 3581 780 Septimii

1950 786 2247 856 .Floreutis
2292 798 2611 858 Tertulliani
2657 799 3152 873 Carthaginiensis,
3198 801 3340 860 inter
3388 802 3582 860 latinos

1979 892 2235 949 Ecclesia:
2288 895 2581 967 scriptores
2632 894 2834 967 primi,
2898 897 3017 971 sine
3067 910 3296 969 quorum
3350 895 3584 955 lectione

1980 986 2184 1043 nullum
2215 986 2358 1044 diem
2382 987 2774 1046 intermittebat
2804 989 2933 1047 olim
2959 990 3115 1047 divus
3139 992 3453 1064 Cyprianus,
3485 1007 3584 1064 per

1980 1080 2204 1139 Beatum
2224 1080 2540 1139 Rhenanum
2572 1082 3042 1142 Seletstadiensem
3071 1100 3103 1143 e
3133 1085 3366 1143 tenebris
3410 1094 3581 1155 eruta,

1980 1181 2143 1246 atque
2179 1188 2211 1230 a
2240 1173 2345 1233 situ
2374 1189 2472 1247 pro
2503 1175 2643 1232 virili
2671 1175 2959 1245 vindicata,
2994 1176 3219 1250 adjectis
3248 1176 3585 1251 singulorum

1984 1266 2247 1325 librorum
2286 1269 2641 1340 argumentis,
2674 1277 2730 1326 et
2758 1269 2945 1327 nullibi
2989 1285 3096 1327 non
3139 1270 3493 1343 conjecturis,
3523 1281 3588 1331 ac

1982 1377 2155 1435 nuper
2207 1362 2495 1421 collatione
2540 1363 2850 1422 Gorziensis
2897 1364 3220 1438 exemplaris
3264 1380 3331 1423 cx
3380 1363 3587 1422 Medio-

1982 1458 2297 1516 matricibus
2315 1460 2514 1528 oblata,
2538 1475 2644 1516 non
2667 1460 2839 1516 solum
2861 1458 3021 1534 longe
3034 1458 3402 1518 emendatiora
3424 1458 3585 1530 facta,

1984 1564 2174 1607 verum
2202 1550 2364 1609 etiam
2396 1566 2494 1625 pro
2521 1568 2580 1610 re
2605 1561 2729 1610 nata
2758 1552 2910 1610 novis
2950 1567 3015 1610 ac
3037 1552 3257 1612 retextis
3282 1553 3589 1611 annotatio-

1984 1644 2144 1701 nibus
2211 1648 2451 1719 cxposita
2523 1646 2914 1721 illustrataque.
2980 1647 3222 1719 Quorum
3289 1649 3590 1723 catalogum

1986 1738 2229 1810 proxima
2264 1742 2456 1812 pagina
2497 1740 2762 1813 reperies.
2802 1740 3013 1811 Floruit
3055 1741 3157 1800 sub
3191 1741 3348 1802 Cass.
3389 1741 3593 1800 Severo

343 1834 574 1904 Ceperat
606 1830 800 1888 edendi
831 1830 1215 1889 Tertullianum
1240 1832 1523 1890 consilium
1553 1834 1844 1891 Rhenanus
1866 1875 1882 1906 ,
1912 1836 1962 1899 Β
1992 1831 2277 1890 Pertinace
2301 1876 2317 1901 ,
2384 1843 2438 1891 ct
2485 1836 2761 1892 Antonino
2814 1834 3125 1907 Caracalla,
3168 1834 3330 1894 valde
3384 1836 3594 1895 vicinus

284 1946 390 1988 cum
421 1930 562 1985 forte
595 1929 649 1984 in
675 1927 916 1987 codicem
949 1936 1221 1985 vetustum
1251 1927 1548 1985 Paterniaci
1581 1928 1881 2004 (Pwterlin-

288 2023 410 2097 gen)
458 2021 697 2080 cmnobii
750 2019 1104 2094 Transjurani
1147 2021 1457 2093 incidisset,
1498 2038 1624 2080 mox
1670 2024 1885 2097 adjutus

296 2120 434 2174 etiam
460 2118 653 2175 codice
682 2114 1044 2189 Ilirsaugiensi
1089 2114 1417 2189 (Hirscliau).
1463 2115 1763 2190 Utrumque
1804 2128 1884 2175 ta-

306 2226 407 2267 men
448 2220 546 2267 tam
588 2218 909 2281 corruptum
947 2219 1002 2267 et
1029 2210 1240 2267 mendis
1268 2211 1521 2283 plenum,
1562 2210 1721 2269 simul
1748 2213 1876 2268 scri-

297 2317 481 2378 pturam
506 2306 802 2378 utrobique
831 2315 938 2361 tam
968 2306 1198 2362 similem
1229 2305 1620 2378 deprehendit,
1661 2314 1720 2362 ut
1750 2306 1889 2365 alter

288 2403 347 2456 ab
367 2401 543 2458 altero
582 2400 890 2471 descriptus
931 2399 1226 2469 videretur,
1264 2398 1331 2457 'et
1375 2400 1431 2457 ni
1471 2401 1641 2458 semel
1670 2400 1887 2458 vixdum

286 2493 515 2564 inscripti
562 2491 717 2562 libri,
744 2491 872 2550 dum
916 2489 1170 2549 Frobenii
1206 2491 1370 2563 prmia
1412 2501 1699 2561 vacarent,
1747 2493 1890 2566 typis

284 2589 476 2644 excudi
504 2588 668 2660 ctepti
689 2596 870 2646 essent
892 2628 908 2655 ,
935 2588 1159 2645 omnino
1187 2586 1255 2645 ab
1281 2602 1447 2659 opere
1485 2587 1801 2646 destitutum
1827 2602 1890 2645 se

297 2679 464 2738 fuisse
506 2680 747 2736 affirmat.
773 2677 1003 2738 Secutus
1045 2695 1174 2753 ergo
1219 2680 1275 2736 in
1325 2679 1660 2752 proﬂigando
1705 2680 1891 2737 labore

293 2774 398 2831 hoc
423 2783 531 2842 cst,
552 2775 842 2845 aliquando
864 2776 978 2832 loca
999 2775 1245 2836 mendosa
1267 2774 1693 2845 deprehenderet,
1720 2784 1890 2830 etnon

284 2868 607 2926 subvenirent
646 2870 978 2944 eaemplaria,
1006 2869 1172 2925 sciens
1200 2868 1434 2942 religiose
1479 2885 1585 2926 esse
1625 2867 1895 2925 tractanda

287 2971 546 3019 auctorum
574 2964 764 3034 scripta
790 2980 893 3019 non
917 2979 1059 3019 secus
1082 2978 1143 3019 ac
1183 2976 1265 3019 res
1289 2979 1463 3019 sacras
1488 3003 1504 3032 ,
1548 2963 1679 3019 nihil
1727 2972 1892 3019 mutae

286 3067 393 3131 ret,
417 3060 510 3118 sed
549 3063 904 3134 conjecturas,
945 3078 1058 3134 qua:
1083 3070 1191 3118 tum
1216 3062 1272 3117 in
1294 3048 1513 3117 mentem
1550 3061 1682 3132 forte
1723 3061 1893 3117 venie-

287 3153 437 3225 bant,
465 3157 522 3211 in
546 3159 866 3229 marginibus
901 3156 1144 3229 adjiceret
1169 3198 1182 3225 ,
1214 3172 1430 3226 quarum
1460 3154 1725 3211 nonnulla:
1748 3196 1763 3222 ,
1814 3154 1897 3211 in-

1986 1920 2351 1997 apostolorum
2410 1927 2781 1999 temporibus,
2839 1929 2980 1986 circa
3026 1944 3227 1987 annum
3294 1943 3327 1987 a
3378 1929 3594 1988 Christo

1939 2087 1947 2095 _
1988 2032 2147 2090 passo
2202 2021 2325 2079 l60.
2378 2018 2627 2079 [insuere
2672 2021 2834 2081 1559.
2881 2039 3052 2083 mense
3094 2037 3318 2084 πλείτω.
3366 2023 3444 2083 De
3492 2023 3596 2081 hac

1988 2115 2223 2172 secunda
2254 2116 2804 2192 editiouegaudiamus,
2825 2135 2944 2193 qum
2966 2119 3081 2192 ipse
3109 2119 3403 2177 Rhenanus
3423 2119 3594 2177 literis

1989 2206 2265 2279 praefixis,
2322 2210 2459 2267 datis
2516 2211 2823 2270 Seletstadii
2877 2213 2977 2271 sub
3034 2200 3157 2271 cal.
3198 2222 3355 2270 mart.
3415 2212 3592 2281 1559,

1989 2303 2176 2360 scribit
2210 2323 2225 2360 :
2260 2322 2277 2359 t
2314 2303 2516 2363 lterum
2546 2306 2738 2364 damus
2768 2306 3189 2379 Tertulliauum,
3222 2307 3319 2366 sed
3345 2307 3598 2366 emenda-

1993 2397 2203 2466 tiorcm,
2236 2415 2395 2472 quam
2436 2398 2682 2461 antehac.
2712 2399 2875 2475 Cujus
2900 2403 2978 2461 rei
3018 2419 3227 2472 caussa,
3261 2404 3402 2476 quod
3432 2403 3599 2462 colla-

1993 2492 2193 2551 tionem
2224 2493 2341 2567 ejus
2386 2497 2609 2566 codicis,
2643 2497 2732 2571 qui
2761 2497 2971 2557 Gorzia:
3008 2499 3061 2555 in
3106 2498 3599 2557 Mcdiomatricibus

1992 2597 2299 2644 asscrvatur
2341 2588 2613 2663 diligentia
2664 2604 2728 2649 ac
2789 2591 3113 2649 dexteritate
3152 2590 3378 2650 Huberti
3421 2590 3601 2649 Custi-

1995 2679 2454 2754 nci—adjuvante
2476 2682 2754 2741 Dominico
2777 2683 3091 2743 Florentino
3106 2683 3281 2743 sodali
3301 2692 3596 2758 peractam,

1996 2788 2122 2832 cura
2148 2775 2516 2848 iurisconsulti
2548 2779 2609 2833 D.
2640 2778 2845 2838 Claudii
2874 2777 3244 2838 Cautiunculae
3271 2777 3600 2837 Ferdinandi

1995 2865 2222 2925 Caesaris
2260 2884 2292 2926 a
2344 2869 2591 2939 consilio,
2636 2872 2851 2929 tandem
2898 2873 3040 2930 nacti
3076 2888 3283 2930 sumus.
3314 2871 3425 2931 Nec
3472 2888 3603 2930 vero

2000 2972 2205 3020 tantum
2261 2965 2464 3036 profuit
2518 2966 2608 3022 illa
2639 3009 2654 3038 ,
2696 2983 3022 3041 quamquam
3077 2969 3306 3027 multum
3360 2968 3598 3041 proluit,

1999 3066 2254 3129 quantum
2272 3059 2530 3116 momenti
2545 3060 2721 3117 attulit
2736 3061 2802 3117 ad
2821 3062 3153 3120 exactiorem
3173 3062 3601 3135 castigationem,

2001 3151 2141 3223 quod
2173 3150 2628 3224 deprehendimus
2666 3152 2895 3212 subinde
2920 3157 3238 3228 graecissare
3281 3155 3603 3228 Septimium

287 3248 433 3320 quit,
464 3266 558 3305 nec
587 3251 715 3306 milii
739 3250 956 3306 multum
972 3249 1224 3319 arrident,
1268 3264 1438 3305 verum
1463 3248 1726 3320 cupiebam
1748 3249 1900 3304 lecto-
1926 3239 1973 3309 C
2007 3244 2188 3317 figuris
2222 3255 2275 3303 et
2305 3247 2797 3305 coustructionibus
2835 3248 3025 3321 graecis
3077 3257 3341 3307 utentem.
3368 3251 3608 3321 Apparet

290 3366 393 3404 rem
414 3350 771 3406 dubitaturum
793 3350 1056 3422 adjuvare.
1076 3348 1228 3418 Quod
1242 3348 1287 3404 si
1310 3364 1413 3404 non
1436 3347 1616 3419 ubique
1638 3346 1896 3414 successit,

293 3457 391 3497 non
414 3453 489 3498 est
516 3443 708 3499 idcirco
731 3443 1057 3499 damnandus
1086 3450 1356 3498 conatus.»
1385 3439 1599 3512 Pergit:
1638 3457 1657 3493 ι
1689 3436 1900 3496 Utinam

295 3538 417 3593 mihi
439 3538 589 3611 copia
618 3539 800 3612 fuisset
846 3537 1151 3611 exemplaris
1172 3537 1311 3608 quod
1340 3536 1395 3592 in
1424 3533 1689 3592 ϐω·ιίωηὶ
1730 3549 1900 3590 aeno-

299 3631 378 3687 bio
420 3642 675 3700 seruatur,
723 3633 782 3688 id
807 3632 947 3690 abest
982 3631 1052 3687 ad
1095 3632 1302 3687 tertium
1346 3628 1650 3685 milliarium
1696 3628 1759 3683 ab
1782 3627 1904 3685 urbe

308 3725 771 3795 Mediomatricum,
804 3735 852 3783 et
879 3728 998 3782 item
1026 3727 1139 3799 ejus
1158 3723 1295 3797 quod
1316 3721 1457 3795 apud
1484 3720 1713 3777 Fuldam
1742 3730 1904 3777 exstat

310 3822 383 3876 vel
431 3823 541 3895 ejus
582 3822 721 3893 quod
765 3837 874 3879 esse
903 3819 1083 3877 Romw
1127 3823 1319 3893 ferunt.
1360 3817 1474 3874 ‘Sed
1520 3816 1700 3888 spatiis
1740 3814 1906 3887 iniqui

321 3894 543 3986 temporis
568 3916 782 3984 exclusi,
812 3930 913 3972 non
937 3914 1193 3989 potuimus
1226 3927 1288 3967 ea
1314 3894 1559 3967 nancisci.
1586 3909 1905 3981 Quamquam

324 4019 478 4062 verear
502 4008 631 4064 nihil
654 4008 845 4064 nostris
890 4022 997 4063 esse
1036 4004 1414 4071 emendatiora,
1463 4000 1670 4074 quando
1710 4000 1906 4057 codices

331 4102 490 4169 quibus
514 4104 591 4159 usi
618 4118 819 4171 sumus,
844 4100 1209 4173 Hirsaugensis
1247 4108 1295 4154 et
1347 4095 1778 4167 Paterniacensis,
1802 4102 1906 4150 tam

334 4207 591 4255 constanter
628 4215 719 4269 per
740 4197 914 4255 omnia
959 4194 1374 4263 consentiebant,
1401 4208 1464 4249 ea:
1501 4190 1712 4247 diversis
1762 4189 1907 4245 allati

339 4288 618 4349 bibliothecis
641 4334 658 4362 ,
687 4302 736 4348 et
759 4306 862 4348 non
890 4305 993 4347 uno
1032 4298 1258 4362 tempore
1300 4285 1562 4358 descripti.
1605 4282 1717 4345 Sed
1754 4282 1909 4355 hujus

341 4382 601 4456 conferatdi
628 4387 854 4443 laborem
878 4385 994 4441 aliis
1019 4384 1439 4440 commutemus.»

401 4473 585 4537 Frater
607 4486 921 4555 argumenta
946 4519 962 4548 ,
986 4474 1212 4549 singulis
1229 4474 1378 4531 libris
1399 4487 1505 4530 una
1533 4485 1655 4529 cum
1683 4480 1910 4528 annota-

346 4567 565 4629 tiunculis
606 4572 884 4645 praemissa
907 4613 923 4638 ,
965 4570 1195 4643 praeﬁxit
1232 4568 1525 4626 Rhenanus
1561 4567 1723 4624 vitam
1773 4565 1910 4623 Ter-

2008 3354 2137 3397 sane
2167 3349 2408 3397 nostrum
2426 3350 2701 3399 auctorem
2730 3345 2780 3399 in
2801 3342 3031 3403 lectione
3044 3344 3352 3418 Graecorum
3365 3356 3606 3403 veterum

2003 3434 2093 3504 qui
2122 3432 2334 3506 plurimi
2358 3434 2421 3491 id»
2442 3436 2699 3508 temporis
2715 3445 2770 3493 et
2788 3436 2892 3493 soli
2915 3438 3052 3495 inter
3081 3454 3263 3497 sacros
3289 3440 3608 3510 interpretes

2005 3524 2343 3584 habebantur
2387 3526 2606 3585 assidue
2648 3538 2944 3598 versatum,
2983 3538 3043 3587 ut
3076 3531 3374 3589 imbibitam
3415 3540 3469 3589 et
3508 3530 3611 3588 im-

2005 3632 2249 3691 pressam
2299 3619 2578 3677 memoriae
2638 3619 2948 3679 Graecorum
2993 3623 3260 3681 dialectbn
3317 3622 3495 3682 etiam’
3535 3625 3612 3681 la-

2007 3711 2118 3770 tine
2141 3712 2381 3771 scribens
2408 3713 2795 3773 interoblivisci
2851 3716 3122 3790 nequiret.
3152 3716 3263 3777 Nos
3296 3719 3608 3792 hujusmodi

2006 3813 2191 3879 tmpus
2217 3806 2595 3877 indicavimus;
2638 3817 2694 3867 et
2736 3810 2951 3883 quidem
2981 3827 3126 3885 saepe
3165 3812 3417 3885 crassius,
3448 3813 3611 3871 modo

2008 3900 2283 3973 apertius;
2340 3914 2469 3958 nam
2523 3901 2790 3960 voluimus
2839 3903 3095 3977 adjuvare
3148 3904 3437 3963 studiosos.
3493 3906 3615 3964 iam

2009 3993 2157 4053 dedit
2197 3995 2611 4054 retexendarum
2643 3998 3051 4056 annotationum
3079 4014 3267 4057 ansam
3310 4000 3614 4058 collationis

2010 4089 2165 4148 istius
2183 4092 2573 4164 opportunitas,
2604 4092 2695 4149 ubi
2724 4092 2884 4151 lectio
2903 4095 3172 4167 posterior
3194 4111 3222 4151 a
3253 4093 3440 4169 priore
3470 4109 3610 4153 nou-

2011 4200 2302 4259 numquam
2343 4184 2569 4245 evariat.
2617 4185 2732 4244 Hoc
2776 4188 3029 4261 quoniam
3077 4197 3193 4246 erat
3246 4188 3610 4258 indicandum,

2010 4280 2172 4336 aliam
2202 4280 2361 4336 etiam
2380 4280 3001 4350 expositionem'mutata
3021 4282 3184 4340 verba
3210 4280 3612 4341 desiderabant.

2010 4370 2129 4430 Non
2157 4370 2308 4430 licuit
2353 4372 2545 4431 adesse
2572 4372 2781 4431 Basilca
2822 4372 3169 4432 dum’editur
3216 4389 3370 4449 Opus.
3416 4374 3617 4433 Verum

2011 4465 2384 4540 Sigismundus
2409 4464 2683 4539 Gelenius,
2712 4468 2874 4526 homo
2905 4470 3081 4542 magni
3130 4468 3184 4525 iu
3219 4468 3617 4541 literisjudicii,
3672 4498 3675 4501 -

2012 4568 2068 4617 et
2122 4559 2427 4617 eruditione
2471 4575 2683 4618 summa
2741 4562 3035 4634 praeditus,
3081 4563 3133 4619 in
3183 4561 3622 4637 recognoscendo

346 4662 545 4735 tulliani,
590 4667 828 4738 itemque
865 4663 1306 4736 disputationem,
1358 4660 1460 4717 sub
1484 4661 1703 4718 nomine
1731 4654 2184 4732 admo-Dopere
2232 4656 2490 4714 vicariam
2540 4670 2759 4729 operam
2813 4658 2867 4713 in
2918 4656 3129 4716 ofﬁcina
3186 4659 3476 4731 prmslitil,
3531 4657 3623 4730 qui

346 4759 526 4815 uitiosis
550 4760 617 4815 ad
634 4760 875 4817 lectorem
893 4759 958 4813 de
971 4757 1269 4830 quibusdam
1294 4754 1601 4812 Tertulliani
1620 4753 1876 4826 dogmatis
1894 4768 1916 4819 ;

348 4849 707 4924 subiunguntur
745 4865 875 4908 vero
912 4848 1245 4921 Definitiones
1289 4846 1745 4903 ecclesiasticarum
1785 4845 1915 4918 dog-

352 4952 540 5013 malum,
564 4944 783 5017 posthac
798 4940 1077 5001 Gennadio
1096 4940 1400 5012 adscriptae,
1425 4947 1483 4996 et
1501 4936 1665 4995 index
1688 4937 1919 5009 denique

354 5031 612 5095 dictionum
638 5038 1134 5121 sententiarumque
1163 5049 1226 5091 ac
1266 5032 1600 5106 dogmatum.
1643 5029 1921 5102 Inscripsit

356 5140 475 5199 opus
488 5132 702 5205 principi
721 5130 989 5191 Stanislao
1014 5128 1212 5197 Tune,
1235 5127 1502 5200 Episcopo
1529 5122 1917 5183 Olornutzensi.

358 5221 653 5283 Abatiticio
675 5212 1059 5300 typographico
1080 5223 1198 5282 haec
1222 5222 1387 5281 editio
1411 5228 1496 5279 est
1516 5220 1647 5278 satis
1676 5218 1918 5292 insignis,

360 5321 455 5373 tum
498 5319 797 5378 charactere
838 5334 1035 5393 magno
1079 5327 1137 5376 et
1184 5316 1376 5386 nitido,
1445 5323 1561 5372 tum
1608 5313 1796 5387 ﬁguris
1836 5311 1924 5369 vel

358 5411 742 5481 emblematicis,
786 5413 875 5471 vel
926 5410 1301 5487 mythologicis
1352 5418 1409 5467 et
1464 5406 1737 5465 historicis
1783 5405 1925 5479 ligno

360 5501 625 5577 impressis,
664 5523 787 5582 quas
821 5508 1014 5581 partim
1042 5506 1310 5579 margines
1340 5504 1497 5573 tituli,
1547 5504 1779 5575 itemque
1814 5499 1927 5573 pri-

360 5608 454 5653 ma
490 5599 855 5671 dedicationis,
901 5610 957 5657 ct
999 5599 1195 5658 deinde
1240 5599 1409 5671 ipsius
1453 5605 1635 5654 textus
1677 5594 1928 5668 paginam

361 5690 564 5760 primam
589 5697 829 5770 cingunt,
874 5694 1065 5769 partim
1111 5693 1279 5753 literis
1322 5690 1612 5751 initialibus
1641 5688 1932 5763 majoribus

357 5797 696 5851 accesserunt.

2019 4750 2210 4808 merita
2248 4749 2404 4808 laude
2441 4765 2547 4807 non
2588 4758 2673 4808 est
2713 4749 3061 4810 fraudandus.
3111 4770 3130 4807 ι
3176 4782 3245 4794 -—
3282 4750 3432 4809 [Iane
3468 4766 3623 4807 novae

1982 4843 1995 4854 ’
2020 4842 2272 4901 editionis
2307 4820 2673 4915 prmiatioriem
2730 4844 3003 4918 excipiunt
3041 4844 3319 4903 Proverbia
3359 4853 3450 4903 aut
3491 4844 3625 4904 Pro-

2020 4935 2191 4994 verbii
2222 4936 2457 5008 speciem
2497 4935 2812 5004 referentia,
2845 4938 3036 5010 quibus
3078 4939 3279 5011 passim
3320 4937 3370 4995 in
3407 4937 3625 5012 scriptis

2023 5034 2135 5091 suis
2173 5034 2342 5090 utitur
2370 5031 2523 5105 Sept.
2552 5030 2916 5093 Tertullianus
2945 5050 2975 5091 a
2996 5034 3155 5107 vulgo
3181 5025 3466 5092 maximam
3497 5051 3625 5107 par-

2026 5136 2134 5186 tem
2162 5127 2453 5200 descripta,
2481 5135 2591 5184 tum
2613 5129 2841 5202 repetita
2865 5144 2931 5187 ex
2954 5129 3115 5202 priori
3139 5130 3373 5189 editione
3396 5131 3625 5205 epistola

2026 5223 2411 5296 nunctrpatoria
2449 5230 2504 5280 et
2549 5225 2655 5280 vita
2687 5223 3022 5282 Tertulliani.
3070 5224 3363 5284 Admonitio
3404 5227 3471 5284 de
3508 5228 3629 5301 qui-

2028 5319 2252 5376 busdam
2272 5315 2587 5375 Tertulliani
2606 5316 2873 5391 dogmatis
2896 5318 2966 5375 ad
2990 5318 3193 5376 calcem
3223 5321 3468 5393 recessit,
3495 5321 3633 5378 dell-

2029 5411 2264 5469 nitiones
2318 5408 2515 5469 ceclcs.
2570 5410 2881 5483 dogmatum
2944 5413 3160 5485 penitus
3213 5414 3428 5472 omissae
3478 5422 3625 5472 sunt.

2030 5507 2199 5568 Iudex
2234 5524 2403 5568 novus
2427 5518 2481 5566 et
2496 5522 2719 5581 prorsus
2742 5507 2877 5565 alius
2907 5516 3012 5567 est.
3045 5509 3127 5567 Ad
3155 5512 3425 5585 margines
3452 5519 3630 5570 textus

2032 5603 2174 5662 dicta
2230 5614 2285 5662 et
2345 5602 2627 5661 sententiae
2690 5592 3013 5676 insigniores
3074 5601 3359 5679 diligenter
3411 5612 3631 5665 notate.

2107 5765 2194 5840 (i)
2227 5762 2286 5826 In
2324 5761 2446 5823 Cat.
2492 5761 2631 5821 Bibl.
2687 5762 3057 5840 Βίηςζ-Βνίιιη
3091 5774 3131 5824 t.
3163 5764 3247 5840 ill,
3294 5765 3631 5828 laudantur:

2038 5835 2209 5904 Opera
2238 5866 2311 5880 -
2338 5852 2459 5894 cum
2498 5844 2683 5892 annot.
2714 5836 2776 5893 B.
2806 5835 3049 5898 Rhenani
3080 5849 3134 5899 et
3160 5835 3251 5899 Fr.
3277 5840 3468 5901 Junii!
3506 5843 3631 5905 Bas.

2040 5908 2259 5977 15284⁵.
2286 5910 2505 5986 ineplc‘.
2562 5908 2986 5990 Scuoessnauuq
