4082 6338
482 334 556 400 59
1924 334 2318 396 PREFATIO.
3723 338 3803 400 ιθ

485 457 940 517 Adnotationibus
977 456 1046 514 ad
1081 455 1204 513 libr.
1268 457 1386 512 adv.
1430 456 1819 513 Valentinianos
1866 460 2089 514 accessit
2115 461 2500 525 Acltartarum
2558 473 2619 516 ac
2665 467 2912 533 typorum
2956 457 3218 530 elegantia
3267 456 3406 516 inter
3446 457 3800 519 nitidissimas

484 552 664 610 tabula
689 553 833 624 ligno
856 553 1143 624 impressa,
1164 549 1463 607 doctrinam
1488 565 1677 608 eorum
1702 552 1754 606 in
1782 549 1957 623 efﬁgie
1983 553 2085 607 sis-

484 655 624 702 tcns.
686 645 926 702 Tandem
1009 644 1102 717 qui
1184 643 1510 716 singularem
1592 644 1832 701 libellum
1919 658 2084 717 supe-

481 738 610 796 riori
661 737 898 796 editione
936 737 1330 807 constituerat,
1376 745 1635 794 tractatus
1683 737 1940 794 Adversus
1976 755 2087 792 om-

482 848 571 887 nes
618 830 917 899 lmreticos,
968 839 1221 905 tanquam
1269 830 1526 903 particula
1572 846 1854 904 perperam
1902 828 2085 886 avulsa

479 925 619 982 libro
684 925 754 983 de
818 925 1323 999 Praescriptionibus
1382 927 1472 985 hic
1533 924 1603 983 ad
1666 941 1862 998 corpus
1929 941 2087 986 suum

481 1018 641 1075 rediit
667 1017 770 1095 (l).
1798 1010 1803 1013 ’

1204 1114 1367 1172 1545.

556 1208 666 1267 ΕΙ).
698 1206 1120 1268 PARISIENSIS
1135 1207 1478 1269 L—Parisiis
1491 1206 1563 1264 fol
1574 1249 1586 1262 .
1602 1222 1698 1280 per
1710 1205 2093 1271 GAGNIEUM.

482 1301 846 1360 Accesserant
884 1303 1103 1376 Cagnzei
1130 1299 1294 1376 opera
1321 1302 1395 1359 XI
1437 1301 1515 1376 (2)
1559 1301 1682 1359 libri
1726 1302 2041 1358 Tertulliani
2073 1319 2088 1359 :

480 1392 549 1452 de
590 1394 853 1453 Trinitate
898 1396 989 1452 lib.
1024 1395 1065 1463 1,
1095 1395 1164 1452 de
1212 1396 1421 1451 Anima:
1468 1394 1774 1450 testimonio
1806 1394 1898 1451 lib.
1943 1395 1987 1461 l,
2024 1394 2093 1451 de

430 1479 439 1489 ’
476 1491 673 1548 Anima
703 1492 796 1549 lib.
824 1491 863 1560 I,
893 1491 961 1548 de
983 1489 1317 1564 Spectaculis
1347 1489 1440 1546 lib.
1470 1488 1516 1556 Ι,
1546 1489 1613 1545 de
1630 1488 1902 1561 Baptismo
1928 1488 2024 1544 lib.
2049 1487 2088 1556 l,

478 1593 666 1641 contra
719 1583 1007 1641 Gnosticos
1069 1582 1414 1655 Scorpiacum
1468 1582 1565 1639 lib.
1625 1582 1676 1648 l,
1746 1582 1813 1639 de
1866 1581 2094 1639 Idolola-

477 1678 583 1735 tria
632 1677 729 1734 lib.
777 1676 821 1744 Ι,
869 1677 936 1735 de
960 1675 1225 1734 Pudicitia
1252 1676 1345 1732 lib.
1372 1674 1415 1744 l,
1464 1675 1534 1732 de
1562 1674 1777 1746 Jejunio
1834 1674 2095 1733 adversus

476 1770 883 1845 Psychicoslib.
914 1768 1046 1840 l,dc
1083 1768 1231 1826 Cibis
1268 1767 1508 1825 Judaicis
1545 1766 1806 1839 epistola,
1843 1768 1913 1823 d'e
1959 1766 2093 1823 Ora-

2190 554 2465 610 numerari
2491 553 2651 610 debet
2682 555 2798 608 tunc
2821 552 3007 609 editio.
3049 552 3107 608 In
3140 552 3473 609 Bibliotheca
3505 552 3796 611 Balnziana

2195 648 2356 720 hujus
2386 648 2712 721 exemplaris
2735 636 3115 721 Apologeticus
3128 662 3251 705 cum
3276 648 3398 705 cod.
3426 662 3529 706 ms.
3568 649 3800 709 collatus

2194 752 2329 800 erat.

2913 837 3082 897 1561.

2264 929 2522 1000 Parisiis,
2581 931 2721 1004 apud
2776 930 2942 989 Andr.
3001 929 3323 987 Wecltelum.
3370 930 3451 989 4⁸⁵.
3515 929 3582 998 ρ.
3645 929 3797 1003 Sept.

2194 1019 2344 1082 Flor.
2408 1023 2723 1081 Tertulliani
2789 1025 2926 1082 liber
2990 1023 3060 1081 de
3126 1022 3632 1095 Praiscriptionibus
3695 1025 3798 1080 ad.

2196 1131 2388 1177 versus
2442 1118 2747 1188 hmrcticos',
2802 1135 2923 1176 cum
2952 1117 3173 1175 scholiis
3210 1117 3300 1175 Jo.
3335 1118 3574 1187 Quintini
3603 1118 3797 1177 lledui.

2916 1214 3077 1272 1562.

2270 1308 2382 1365 El).
2413 1306 2856 1386 BASILEENSIS
2903 1309 2995 1366 IV.
3019 1341 3088 1350 —
3130 1309 3369 1367 Basilem.
3405 1308 3497 1367 fol.
3531 1309 3799 1381 Repetitio

2201 1402 2456 1460 editionis
2484 1419 2536 1458 a.
2572 1403 2807 1461 1550.1n
2840 1404 2946 1461 (ine
2971 1423 2986 1460 :
3013 1403 3137 1460 Bas.
3152 1405 3206 1460 in
3233 1403 3326 1473 o/f,
3347 1403 3505 1462 Frob.
3531 1423 3622 1478 per
3650 1404 3795 1463 Hier.

2198 1495 2360 1553 Frob.
2390 1507 2439 1552 et
2466 1497 2587 1556 Nic.
2622 1497 2972 1571 EpiscOpium,
2998 1514 3167 1557 meme
3192 1499 3486 1570 septembri.

2927 1589 3092 1650 1562.

2277 1705 2296 1738 ι
2319 1682 2566 1742 \‘ERSIO
2592 1699 2817 1743 GALLICA
2841 1684 2882 1741 Ι.
2904 1684 3141 1743 Tractat.
3178 1683 3407 1743 Tertulh
3437 1684 3516 1741 De
3549 1684 3798 1742 Ρνωδενί-

2198 1782 2451 1852 ptionibus
2478 1782 2761 1837 Iiwreticor.
2788 1794 2886 1852 per
2914 1779 3213 1851 Aubertum
3250 1779 3320 1836 de
3360 1778 3605 1849 Macerc,
3647 1780 3799 1838 erui-

479 1866 625 1923 tione
672 1864 768 1921 lib.
816 1862 876 1931 I;
936 1878 1002 1919 ex
1030 1863 1224 1936 quibus
1241 1862 1308 1919 de
1342 1860 1604 1920 Trinitate
1650 1870 1706 1918 et
1732 1861 1801 1918 de
1828 1860 1974 1918 Cibis
1996 1861 2091 1918 Ju-
2120 1871 2168 1933 Β
2194 1883 2314 1946 gata
2342 1874 2583 1931 Parisiis,
2617 1891 2638 1927 ι

475 1957 645 2016 daicis
681 1956 909 2030 posthac
954 1956 1254 2013 Novatiauo
1280 1953 1535 2011 vindicati
1574 1963 1721 2011 sunt.
1770 1953 1923 2012 Unde
1952 1970 2088 2012 vero

477 2049 745 2123 Gagnaeus
786 2056 981 2106 nactus
1008 2050 1078 2105 sit
1103 2048 1203 2105 hos
1233 2047 1422 2114 libros,
1451 2063 1575 2104 cum
1604 2048 1772 2121 ipsius
1793 2048 2087 2105 editionem

476 2143 646 2201 oculis
664 2158 929 2216 usurpare
948 2157 1056 2199 non
1078 2141 1385 2215 contigerit,
1409 2141 1590 2199 dicere
1612 2158 1720 2198 non
1764 2141 1959 2208 habeo,
1988 2156 2092 2199 nec

477 2236 715 2309 reperire
739 2234 955 2308 quidem
996 2235 1144 2306 potui
1171 2248 1516 2307 quemquam,
1536 2235 1625 2307 qui
1653 2234 1812 2305 hujus
1834 2234 2089 2291 editionis

478 2330 721 2387 notitiam
738 2329 871 2386 dare
898 2343 1076 2400 operae
1101 2328 1360 2396 duxisset;
1389 2328 1442 2384 in
1469 2327 1589 2384 Cat.
1611 2327 1751 2384 Bibl.
1786 2328 2091 2401 Tbottianre

478 2436 517 2482 t.
548 2423 674 2496 l,p.
739 2421 782 2488 Ι,
828 2437 884 2494 p.
930 2421 1020 2489 6‘2,
1074 2423 1176 2479 hoc
1219 2436 1360 2478 anno
1424 2430 1481 2478 et
1530 2421 1672 2491 loco,
1737 2420 1906 2477 forma
1960 2423 2090 2478 item

478 2516 714 2575 maxima
766 2523 1094 2573 memoratas
1147 2514 1370 2572 invenio
1398 2513 1666 2571 editiones
1707 2513 1873 2583 duas,
1926 2531 2095 2573 unam

477 2608 786 2668 Tertulliani
852 2627 1011 2682 Opera
1070 2625 1136 2668 ea:
1187 2626 1393 2684 recogn.
1442 2608 1593 2665 Beati
1654 2608 1894 2665 Riteuani
1920 2652 1935 2679 ,
1999 2629 2085 2686 ap.

479 2705 723 2763 Carolum
789 2702 1032 2761 Guillard
1059 2745 1075 2774 ,
1140 2702 1365 2762 alteram
1395 2719 1489 2776 per
1522 2704 1773 2761 eumdem
1817 2724 1907 2777 ap.
1967 2704 2086 2761 Ilu-

479 2815 662 2872 gonem
703 2807 752 2855 et
780 2798 1007 2854 lueredes
1033 2791 1279 2854 Emam:
1305 2813 1336 2852 a
1366 2795 1549 2852 Porta.
1608 2795 1739 2853 Utra
1764 2797 1952 2855 harum
1980 2798 2089 2856 Ga-

477 2890 616 2967 gnaei
642 2893 733 2963 sit,
759 2907 827 2949 an
857 2901 1082 2964 utraque
1120 2889 1326 2948 nescio.

1198 2980 1360 3040 1550.

549 3080 660 3137 ΕΒ.
681 3076 1215 3138 BASlLEENSlSIlI.
1233 3077 1473 3135 Basilezc.
1494 3075 1615 3135 fol.t
1628 3075 1692 3149 ρ.
1710 3077 1950 3153 Septimii
1966 3077 2091 3137 Flo-

475 3177 646 3234 rentis
664 3167 981 3233 Tertulliani
1009 3173 1463 3246 Carthaginiensis
1491 3172 1822 3248 Presbyteri,
1854 3177 2088 3233 auctoris

2270 2078 2291 2114 ι
2323 2058 2580 2118 V’ERSIO
2602 2048 2829 2117 GALLICA
2853 2058 2896 2116 Ι.
2938 2058 3059 2116 Lib.
3098 2057 3177 2114 De
3220 2057 3420 2116 Corona
3468 2056 3657 2115 Militis
3698 2073 3798 2132 per

2193 2154 2442 2212 eumdem
2461 2194 2478 2223 ,
2508 2153 2636 2210 ibid.
2671 2171 2692 2207 ι
2929 2205 2937 2214 ,

2902 2245 3065 2306 1566.
3165 2290 3179 2301 .

2266 2339 2379 2397 ΕΙ).
2398 2338 3154 2417 BASILEO—PARISIENSIS.
3172 2339 3393 2398 Parisiis
3422 2342 3564 2414 apud
3592 2342 3799 2399 Anch—

2194 2449 2316 2490 num
2330 2432 2580 2505 Parvum(
2593 2436 2612 2489 1
2623 2434 2762 2506 ),sub
2773 2434 3071 2506 intersignio
3084 2433 3207 2490 Lilii
3218 2435 3468 2503 aurei,via
3479 2436 3545 2489 ad
3563 2433 3796 2489 DJara-

2194 2528 2331 2583 bum.
2347 2527 2611 2585 Accurata
2638 2527 2949 2587 Celeniante
2963 2529 3233 2600 repetitio.
3260 2529 3446 2585 Tomis
3473 2530 3677 2586 duobus
3705 2530 3787 2585 8°.

2192 2622 2252 2679 In
2295 2623 2401 2680 [ine
2450 2624 2708 2695 cujusque
2740 2639 2755 2677 :
2788 2621 2919 2679 Par.
2940 2622 3216 2680 excutiebat
3244 2624 3475 2680 Andreas
3500 2624 3788 2680 Wedtelns.

2194 2716 2357 2773 1566.
2401 2715 2568 2774 Index
2603 2715 2931 2773 Celenianus
2976 2717 3064 2790 (ab
3118 2716 3178 2772 J.
3239 2716 3306 2773 G.
3366 2719 3625 2791 confectus
3661 2717 3792 2790 quid

2192 2810 2295 2868 sibi
2323 2810 2471 2879 velit,
2526 2808 2744 2885 nescio)
2787 2811 2853 2868 ad
2910 2811 3040 2869 tomi
3095 2810 3356 2884 cujusque
3398 2821 3649 2869 contenta
3708 2819 3795 2868 est

2192 2903 2534 2961 reformatus.

2897 2996 3062 3057 1572.

2268 3106 2290 3146 t
2323 3088 2574 3149 VEBSIO
2597 3099 2902 3149 ceanwica
2924 3088 2970 3146 Ι.
2997 3092 3063 3159 Q.
3089 3089 3147 3147 S.
3173 3088 3235 3146 F.
3260 3089 3575 3147 Tertulliani
3602 3100 3790 3158 certe,

2186 3185 2347 3255 justze
2391 3194 2446 3241 ct
2479 3186 2798 3241 necessaria:
2826 3184 3266 3254 Praescriptiones
3303 3182 3563 3240 adversus
3601 3197 3792 3240 omnes

477 3269 831 3342 antiquissimi
871 3282 935 3325 ac
962 3266 1260 3323 doctissimi
1282 3266 1501 3337 scripta,
1533 3275 1589 3323 et
1617 3267 1770 3339 plura
1797 3282 1957 3339 quam
1987 3284 2082 3323 an-

2188 3277 2424 3333 ha:reses
2462 3278 2519 3332 in
2560 3277 2922 3349 germanicum
2964 3275 3160 3332 idioma
3200 3294 3229 3331 a
3270 3275 3525 3333 Laurent.
3568 3276 3794 3333 Alberto

476 3372 550 3433 te,
579 3374 633 3421 et
657 3362 963 3436 diligentius
984 3378 1080 3435 per
1108 3360 1426 3417 industriam
1457 3360 1596 3417 bene
1632 3360 1965 3417 literatorum
1991 3361 2088 3419 ali-

474 3464 607 3528 quot
633 3456 698 3511 ad
720 3454 1026 3526 complures
1047 3463 1261 3511 veteres
1281 3467 1312 3509 e
1332 3451 1622 3509 Gallicanis
1646 3452 2089 3525 Cermanicisque

475 3548 815 3606 bibliothecis
854 3546 1187 3620 conquisitos
1234 3546 1510 3618 reCOgnita
1542 3545 1782 3614 codices,
1810 3548 1864 3602 in
1889 3548 2086 3620 quibus

474 3644 776 3717 praecipuus
825 3643 924 3699 fuit
952 3658 1088 3698 unus
1130 3643 1289 3714 longe
1331 3641 1826 3714 incorruptissimus
1866 3642 1919 3698 in
1960 3642 2085 3699 ulti-

471 3752 615 3793 mam
638 3749 805 3807 usque
824 3735 1022 3808 petitus
1048 3733 1376 3789 Britanniam
1409 3751 1423 3790 :
1452 3747 1556 3788 non
1580 3731 1794 3789 omissis
1819 3735 2083 3791 accuratis

470 3831 620 3887 Beati
685 3829 931 3886 Rhenani
994 3825 1450 3884 annotationibus.
1518 3824 1831 3899 Catalogum
1904 3838 2082 3886 autem

470 3925 679 3996 aperiet
732 3936 887 3979 versa
941 3921 1155 3994 pagina.
1209 3921 1448 3977 Accessit
1484 3928 1541 3976 et
1582 3918 1744 3977 index
1787 3920 2079 3992 copiosior,

470 4016 592 4073 Bas.
653 4014 810 4072 l550.
850 4014 911 4073 In
948 4012 1052 4069 line
1085 4030 1098 4067 :
1132 4011 1379 4069 Basmca:
1430 4026 1567 4068 aruo
1622 4009 1780 4067 Ihm.
1840 4010 2078 4071 Facem.

471 4122 540 4164 ET
596 4106 714 4165 Nic.
771 4107 1111 4174 Ertscortuu,
1153 4119 1294 4161 ANNO
1346 4105 1511 4170 1550,
1545 4120 1718 4160 nens:
1784 4120 2003 4164 nan'rto.
2049 4123 2073 4165 ι

468 4203 692 4260 Curavit
718 4192 1573 4271 hanceditionemSigismuudus
1611 4198 1893 4269 Gelenius,
1921 4203 2076 4272 cujus

463 4295 575 4368 jam
602 4295 655 4351 in
690 4294 935 4352 Rhenani
963 4292 1200 4374 secunda
1231 4299 1413 4363 partes
1452 4289 1810 4347 laudavimus.
1845 4291 2079 4350 Exhibet

468 4399 666 4464 praeter
693 4390 860 4446 libros
886 4387 1255 4460 superioribus
1281 4385 1438 4442 editt.
1467 4384 1864 4442 Basileensibus
1892 4385 2078 4458 vulga-

469 4493 551 4541 tos
583 4490 678 4539 e‘os
712 4496 947 4554 quoque,
974 4496 1109 4552 quos
1139 4478 1458 4535 Parisiensis
1498 4492 1687 4534 recens
1717 4477 2070 4549 produxerat,

451 4565 562 4633 sed
605 4591 636 4633 e
681 4575 863 4632 codice
905 4573 1273 4642 Brittannico,
1318 4573 1372 4629 in
1414 4586 1523 4644 quo
1573 4572 1765 4643 singuli
1809 4572 1898 4628 isti
1945 4572 2069 4629 libri

2190 3368 2402 3426 France
2430 3369 2673 3425 translat.
2706 3380 2760 3426 et
2783 3385 2969 3429 excus.
3000 3369 3250 3441 Dilingm.
3282 3388 3303 3423 ι

2911 3462 3073 3521 1579.

2263 3558 2374 3615 ED.
2407 3553 3433 3615 PAMELIANA—ANTVERPIENSIS
3460 3553 3505 3613 1.
3539 3552 3635 3610 [οι.
3671 3572 3691 3607 ι
3721 3552 3791 3622 ρ.

2186 3653 2435 3726 Septimii
2462 3652 2611 3709 Flor.
2640 3650 2957 3707 Tertulliani
2995 3647 3458 3720 Carthaginiensis
3488 3646 3791 3719 presbyteri

2185 3762 2371 3820 opera,
2420 3761 2541 3817 qua:
2567 3745 2831 3802 hactenus
2857 3741 3080 3813 reperiri
3102 3750 3392 3813 potuerunt
3440 3740 3639 3796 omnia.
3667 3738 3791 3794 Jam

2183 3852 2515 3916 postremum
2541 3882 2559 3909 ,
2610 3840 2678 3895 ad
2726 3838 3054 3910 exemplaria
3092 3837 3457 3909 manuscripta
3500 3836 3793 3891 collatione

2183 3938 2344 4006 facta,
2367 3950 2525 4008 quam
2555 3932 2958 3991 accuratissime
2982 3931 3272 4004 recognita,
3306 3931 3690 4001 aliquotetiam
3720 3928 3789 3983 li-

2182 4031 2295 4088 bris
2318 4029 2592 4096 auctiora;
2626 4043 2767 4084 nunc
2787 4027 3017 4098 primum
3044 4026 3096 4081 in
3127 4027 3323 4097 capita,
3350 4034 3405 4082 et
3431 4034 3579 4081 certo
3598 4024 3793 4080 ordine

2184 4123 2383 4191 habita,
2413 4130 2615 4195 quanto
2641 4121 2755 4199 ﬁeri
2786 4120 2957 4192 potuit
2979 4127 3277 4190 temporum
3308 4117 3537 4184 ratione,
3562 4117 3614 4172 in
3633 4117 3794 4188 quin-

2180 4236 2285 4292 que
2338 4228 2515 4276 tomos
2541 4217 2814 4284 distincta,
2856 4230 2975 4271 cum
3005 4213 3189 4271 Jacobi
3217 4212 3443 4269 Pamelii
3470 4210 3787 4283 Brugensis,

2183 4312 2435 4385 theologi,
2470 4309 2842 4383 archidiaconi
2878 4305 3792 4378 Audomaropolitani,argumentis

2179 4417 2234 4465 et
2277 4404 2712 4463 adnotationibus
2770 4401 2867 4457 toti
2905 4401 3057 4472 Operi
3090 4400 3417 4471 intcrjectis;
3445 4398 3642 4471 quibus
3671 4408 3788 4453 tum

2178 4500 2284 4557 loci
2327 4498 2666 4556 obscuriores
2696 4495 3054 4566 explicantur,
3108 4504 3217 4548 tum
3249 4492 3506 4564 quidquid
3538 4490 3605 4547 ad
3644 4491 3789 4547 anti-

2178 4572 2436 4666 quitatem
2457 4590 2874 4649 ecclesiasticam
2896 4596 3126 4660 spectat,
3155 4587 3474 4644 illustratur.
3494 4586 3576 4642 Ab
3592 4586 3786 4643 eodem

466 4670 770 4736 “sumam,
802 4684 867 4725 ex
899 4667 1125 4725 an‘ehac
1156 4667 1314 4724 editis
1351 4675 1528 4723 mmo"
1550 4664 1709 4722 "mdo
1735 4665 1810 4722 illi
1843 4676 1987 4724 "es:
2014 4667 2077 4725 de
2099 4689 2155 4750 D
2183 4664 2422 4746 Bamelio
2443 4701 2635 4744 recens
2660 4684 2873 4756 adjecta
2899 4681 3213 4739 Tertulliani
3235 4680 3785 4753 vita,Scriptttrarutn

465 4764 857 4822 Resurrectione
883 4763 1073 4831 carnis,
1102 4761 1165 4817 de
1194 4760 1671 4832 Prwscriptionibus
1694 4760 1813 4816 adv.
1862 4761 1990 4816 liwr.
2024 4770 2072 4816 et

466 4861 530 4916 de
556 4859 906 4932 Monogamia,
933 4856 1361 4930 reperiebantur.
1390 4885 1463 4895 -—
1488 4854 1761 4912 Praeterea
1794 4855 2068 4929 Apologe-

464 4955 571 5011 tico
604 4960 833 5012 accessit
865 4952 1284 5011 commentarius
1325 4948 1492 5007 Fran.
1520 4949 1804 5021 Zephyrini
1843 4948 2071 5007 Floren-

473 5048 589 5118 liui,
607 5063 751 5106 nunc
780 5049 1011 5120 primum
1039 5044 1239 5103 editus.
1258 5043 1503 5115 Bepetita
1528 5044 1691 5099 ctiam
1720 5042 1808 5099 hic
1834 5043 2073 5099 invenies

472 5138 711 5200 llhenani
751 5141 1035 5216 epistolam
1062 5139 1529 5211 nuncupatoriam,
1564 5138 1726 5192 vitam
1756 5135 2071 5193 Tertulliani

467 5251 534 5295 ac
565 5235 845 5310 proverbia
913 5244 970 5292 ct
1025 5234 1445 5292 admonitionem
1490 5230 1561 5288 de
1616 5229 1973 5302 dogmatibus.
2024 5229 2070 5286 A

546 5396 629 5471 (ι)
645 5395 907 5471 omnibus
920 5393 1215 5471 catholicis
1243 5391 1547 5471 innotescat
1567 5400 1801 5471 necesse
1819 5393 1908 5471 est
1924 5383 2072 5443 Rhe-

464 5456 590 5526 narii
611 5456 1111 5525 animadversiones
1141 5467 1388 5539 censoria
1428 5459 1796 5539 Inquisitionis
1819 5456 2070 5539 Hispana:

463 5542 666 5613 virgula
696 5550 921 5613 notatas
940 5539 1107 5594 fuisse
1141 5547 1196 5613 et
1227 5536 1422 5613 Boreae
1457 5528 1574 5613 a_S.
1608 5532 1705 5595 Pio
1760 5528 1973 5613 Papa’V

464 5600 683 5670 brorum
710 5610 1109 5684 prohibitorum
1155 5607 1334 5684 indici
1358 5603 1679 5684 inscriptas,
1724 5610 1949 5674 prepter
1967 5600 2067 5684 “li-

463 5672 953 5755 beriores'hujusce
975 5680 1229 5755 editionis
1251 5672 1745 5755 animadversiones
1775 5686 1943 5745 super
1967 5672 2072 5730 Ec-

462 5750 845 5827 clesiaelcges'.
871 5754 1006 5810 ritus
1042 5761 1098 5827 et
1148 5750 1532 5827 institutiones.
1563 5750 1698 5827 Epp.

535 5826 621 5903 (g)
646 5815 1021 5903 XV_numcrat
1045 5815 1314 5881 Parné'lius
1365 5821 1421 5878 in
1455 5820 1558 5903 Ep.
1586 5818 1762 5876 dedic.
1793 5816 1884 5874 ed.
1909 5815 2068 5903 $79.

462 5898 531 5965 ad
545 5893 712 5965 'Pcnt.
743 5896 847 5958 Ed.
874 5895 1088 5975 praeﬁxa
1117 5911 1132 5967 ;
1164 5907 1469 5971 perperam.
1514 5893 1931 5952 Scaosnsnanu.

2174 4783 2457 4840 citatarum
2504 4777 2666 4835 index
2719 4775 3176 4846 locupletissimus
3205 4815 3221 4843 ,
3270 4774 3481 4849 aliaque
3526 4773 3787 4844 Protege-

2176 4892 2354 4935 mena.
2392 4894 2413 4930 ›
2448 4872 2676 4945 Adjutus
2703 4881 2786 4929 est
2813 4880 2999 4927 auctor
3034 4885 3193 4926 novre
3235 4868 3396 4940 hujus
3421 4868 3781 4935 recensionis,

2173 4971 2404 5030 Jacobus
2446 4967 2717 5027 Pamelius
2755 4966 2810 5039 (α
2849 4961 3105 5036 Pa‘mete),
3145 4963 3409 5035 imprimis
3431 4963 3624 5035 {tribus
3646 4962 3782 5019 mss.

2180 5061 2611 5123 membranaceis
2634 5058 2911 5116 codicibus
2935 5056 3230 5126 Vaticanis,
3262 5044 3551 5115 cardinalis
3569 5055 3777 5120 Sirleti,

2175 5159 2315 5217 Bibl.
2347 5166 2461 5214 tttm
2502 5155 2775 5212 Vaticana:
2827 5149 3089 5223 praefecti,
3120 5167 3247 5207 cura
3293 5150 3552 5223 jussuque
3604 5147 3785 5206 codici

2177 5268 2376 5312 excuso
2388 5249 2734 5324 comparatis.
2751 5246 2992 5305 Habebat
3018 5247 3180 5302 etiam
3202 5247 3369 5303 libros
3398 5261 3533 5306 mss.
3560 5260 3782 5303 monas-

2175 5349 2431 5407 teriorum
2442 5343 2737 5404 S.Amandi
2750 5357 2815 5399 ac
2825 5340 3123 5400 S.Bavonis
3141 5349 3198 5398 et
3209 5341 3490 5413 Anglicum
3507 5341 3752 5397 codicem
3765 5381 3781 5408 ,

2172 5445 2265 5518 qui
2288 5457 2452 5516 penes
2470 5441 2558 5499 Jo.
2572 5438 2904 5497 Clementem
2924 5437 3144 5508 anglum
3171 5444 3309 5504 erat;
3342 5451 3447 5492 nec
3465 5451 3572 5493 non
3600 5434 3782 5495 Latini

2173 5536 2369 5597 Latinii
2391 5534 2505 5591 ltali
2529 5541 2582 5591 et
2605 5531 2691 5589 Jo.
2723 5528 2946 5587 llarrisii
2966 5528 3145 5600 Angli,
3160 5528 3230 5586 ab
3255 5528 3517 5601 ipsiscum
3537 5543 3606 5585 eo
3625 5543 3782 5586 com-

2174 5632 2475 5689 municatas
2512 5625 2850 5700 conjecturas
2878 5623 3260 5694 variorumque
3309 5621 3545 5694 denique
3603 5621 3784 5677 homi-

2176 5884 2229 5945 ά,
2252 5810 2333 5940 (ll)
2359 5807 2650 5941 Mglgugig‘c
2689 5819 2778 5880 ap.
2806 5801 3016 5865 Robert.
3044 5802 3233 5876 Steph.
3271 5800 3538 5877 prodiisse
3576 5799 3784 5862 saan

2217 5900 2282 5944 ICI
2311 5898 2392 5941 υτ.
2630 5917 2645 5937 ο

2217 5900 2392 5944 ιοιιυΐ.
2409 5900 2645 5941 DCHOEN.
