4082 6338
277 378 336 436 ll
1720 395 2111 466 ΡΒΑΞΡΑΤΙΟ.
3501 422 3576 484 42

276 517 392 556 num
423 500 705 559 doctorum
740 504 913 562 varias
942 504 1370 566 observationes.
1403 511 1610 582 Quibus
1635 515 1866 575 admini-
1893 528 1946 589 Α

272 595 398 651 culis
423 606 630 652 tantum
672 614 801 657 sane
831 600 1074 672 profecit,
1116 612 1175 660 ut
1217 604 1333 661 loca
1393 606 1670 667 innumera
1707 613 1871 669 casti—

269 702 440 759 gasse,
498 690 672 748 hiulca
720 693 1017 764 supplesse,
1070 698 1313 768 quaedam
1355 699 1515 757 etiam
1570 704 1866 776 superflua,

273 800 387 854 qua:
414 801 481 840 ex
514 787 752 858 margine
774 788 824 844 in
846 799 1155 849 contextum
1179 793 1528 867 irrepserunt,
1554 814 1658 854 non
1679 800 1870 871 injuria

268 878 557 936 rrseidisse
600 882 698 936 sibi
750 883 1042 941 videretur.
1094 887 1333 945 Primum
1383 893 1546 948 etiam
1587 894 1641 949 in
1693 897 1870 966 capita

264 969 428 1025 libros
459 988 647 1029 omnes
694 973 959 1046 distinxit,
998 990 1421 1055 argumentaque
1451 999 1587 1042 nova
1622 986 1690 1041 ad
1726 988 1873 1060 capi-

264 1072 375 1119 tum
425 1065 829 1125 distinctionem
876 1070 1209 1144 comparata
1238 1077 1504 1148 et-ipsius
1553 1078 1870 1137 Tertulliani

262 1158 439 1214 Verbis
494 1162 795 1234 conscripta
847 1162 1069 1221 addidit.
1132 1166 1338 1225 Deinde
1395 1178 1572 1227 totum
1629 1187 1763 1244 opus
1818 1174 1871 1229 in

263 1253 500 1324 quinque
553 1264 728 1313 tomos
766 1258 1016 1329 partitum
1050 1271 1131 1317 cst
1163 1282 1176 1317 :
1224 1278 1448 1335 quorum
1488 1266 1663 1337 primo
1702 1269 1875 1325 conti-

262 1359 456 1404 nentur
496 1350 620 1406 libri
670 1352 932 1410 adversus
971 1354 1174 1412 Gentes
1216 1369 1270 1412 et
1312 1358 1571 1428 iudmos;
1630 1362 1872 1419 secundo

262 1441 625 1507 Parwuctica;
658 1444 816 1499 tertio
840 1446 1040 1517 scripta
1067 1447 1325 1506 adversus
1356 1450 1634 1518 liaereses;
1670 1462 1866 1524 quarto

261 1536 517 1592 Puemata
534 1552 655 1591 eum
680 1536 1017 1609 Fragmentis
1041 1555 1286 1610 operum,
1314 1556 1435 1613 quae
1452 1543 1869 1616 desiderantur;

261 1630 443 1701 quinto
471 1628 710 1700 denique
738 1645 801 1685 ea
846 1645 969 1702 qua:
1006 1631 1266 1690 adversus
1291 1633 1587 1691 Ecelesiam
1630 1638 1868 1709 scripsit,

260 1733 310 1779 et
338 1724 519 1778 aliena
547 1724 829 1795 quasdam;
870 1725 1129 1782 libroruin
1163 1729 1216 1785 in
1244 1730 1468 1802 singulis
1499 1734 1744 1803 partibus
1771 1751 1870 1791 eo-

262 1814 380 1871 dem
410 1830 525 1887 quo
547 1816 837 1888 conscripti
874 1827 1148 1889 putantur,
1166 1820 1357 1879 ordine
1389 1822 1592 1906 habito.
1614 1825 1872 1881 Admoni-

2694 530 2854 590 1580.

2012 617 2121 672 ED.
2145 617 2444 677 BARIUEA
2454 620 2863 682 NA.—Parisiis
2884 625 3029 698 apud
3042 626 3096 682 Μ
3104 627 3205 685 iclt.
3219 628 3251 685 J
3260 631 3489 693 uliamun
3505 637 3578 690 ad

1974 721 2133 767 mont.
2151 713 2254 769 diri
2268 713 2459 769 llilarii
2468 716 2558 772 sub
2571 718 2759 790 insigni
2771 720 2929 776 stella:
2942 731 3216 790 coronatw,
3231 744 3247 777 ι
3261 725 3434 795 Opera
3445 728 3577 785 Ter-

1976 803 2181 860 tulliani
2208 812 2259 863 et
2291 808 2510 865 Arnobii
2533 813 3106 883 quotquolabinteritu
3126 818 3386 877 vindicari
3422 838 3576 877 sum-

1976 913 2185 954 morum
2235 900 2470 957 virorum
2510 903 2772 962 industria
2824 917 3135 979 potuerunt,
3181 920 3575 974 cumvt-trr'um

1974 993 2360 1065 exemplarium
2385 1005 2493 1054 tum
2514 1002 2877 1058 recentiorum
2895 1002 3179 1063 collatione
3203 1011 3472 1078 restituta,
3499 1012 3578 1067 lo-

1975 1086 2053 1142 cis
2067 1086 2358 1159 Scriptura:
2373 1103 2526 1149 aucta
2541 1103 2593 1149 et
2611 1095 2868 1153 illustrata
2883 1101 3429 1174 commentariigqum
3444 1107 3577 1163 alias

1976 1182 2285 1239 auctoribus
2334 1186 2680 1244 subobscuris
2733 1198 2786 1245 et
2824 1190 3155 1250 difﬁcillimis
3205 1210 3311 1250 non
3365 1197 3577 1253 medio-

1976 1288 2122 1330 crem
2156 1278 2328 1333 lucem
2359 1279 2550 1336 afferre
2580 1293 2853 1352 poterunt.
2887 1283 3078 1341 Omnia
3110 1289 3290 1344 studio
3314 1301 3366 1344 et
3394 1294 3578 1350 labare

1978 1365 2166 1423 lienali
2195 1368 2554 1429 Lanreutiiﬁe
2578 1373 2627 1427 la
2650 1375 2833 1431 Barre.
2864 1377 3075 1434 Additis
3098 1380 3359 1438 indicibus
3385 1385 3579 1440 ﬁdissi-

1977 1462 2079 1516 mis
2106 1471 2160 1518 et
2186 1463 2591 1535 amplissimis.)
2627 1468 2683 1524 In
2719 1472 2858 1525 line:
2894 1490 2913 1524 ι
2944 1472 3257 1530 Excudebat
3284 1476 3473 1533 Petrus
3502 1477 3580 1538 Le

1976 1554 2235 1625 Voirrier,
2269 1559 2446 1630 regius
2475 1560 2525 1615 iu
2557 1562 2955 1620 Matltematicis
2975 1565 3385 1641 Typograplms,
3421 1572 3579 1627 Anno

1975 1648 2076 1704 sal.
2111 1648 2258 1705 bum.
2289 1650 2360 1706 Μ.
2402 1652 2463 1706 1).
2502 1652 2718 1711 LXXX.
2754 1672 2939 1714 mense
2967 1656 3146 1715 Junio.
3184 1678 3203 1712 ι
3248 1660 3323 1734 (a)
3367 1662 3582 1718 Primus

1976 1743 2298 1803 Laurentius
2355 1747 2600 1804 Barrmus
2650 1748 2701 1805 id
2758 1752 2902 1822 egit,
2957 1763 3043 1822 ut,
3099 1768 3220 1825 qua:
3273 1757 3467 1827 passim
3521 1758 3580 1815 in

1975 1839 2188 1909 scriptis
2214 1839 2373 1895 variis
2401 1839 2509 1895 νγ.
2536 1842 2644 1897 DD.
2677 1843 2939 1914 imprimis
2966 1846 3276 1913 Beroaldus.
3302 1848 3569 1919 Alciatus,

264 1911 463 1966 tionem
492 1912 653 1968 etiam
677 1911 746 1968 de
770 1911 1088 1970 Tertulliani
1115 1915 1456 1988 dogmatibus
1477 1934 1573 1975 seu
1594 1920 1868 1976 erroribus

1978 1930 2229 1998 Crinitus,
2257 1932 2572 2000 Turnebus,
2602 1932 2916 1990 Vertranius
2936 1978 2952 2004 ,
2989 1937 3387 2009 llotomannus,
3418 1942 3581 2015 Cuja-

266 2020 326 2059 ea
354 2020 517 2075 quam
548 2004 843 2062 Rhenanus
888 2005 1306 2078 conscripserat,
1345 2010 1505 2082 longe
1553 2010 1873 2083 lucupletio-

274 2115 391 2154 rem
416 2109 473 2153 et
495 2099 674 2156 ordine
714 2100 1059 2171 alpbabetico
1103 2102 1403 2160 confectam
1432 2119 1554 2160 cum
1586 2105 1868 2177 Autidoto,

284 2202 342 2242 ut
364 2200 535 2253 vorat,
556 2190 715 2245 edidit
744 2191 844 2263 (a).
876 2190 1022 2248 Ordo
1068 2209 1197 2251 vero
1222 2205 1598 2278 contentorum
1627 2196 1717 2254 hic
1740 2190 1827 2255 est
1854 2216 1869 2255 :

288 2281 343 2335 1⁵³
410 2280 666 2337 Dedicatio
696 2283 765 2338 ad
811 2283 1010 2340 Pontif.
1045 2283 1186 2340 Max.
1231 2285 1547 2358 Gregorium
1579 2286 1716 2356 XIII,
1748 2289 1874 2346 data

270 2374 429 2430 οη.τεί
456 2377 560 2446 ipsa
588 2375 945 2432 Exultationis
985 2377 1174 2435 Crucis
1194 2376 1281 2434 die
1301 2378 1474 2449 1579;
1501 2380 1561 2435 2⁸
1593 2381 1873 2441 Dedicatio

254 2446 425 2523 altera
455 2470 523 2523 ad
561 2468 868 2539 Philippum
932 2469 978 2526 ll
1032 2469 1185 2541 IIisp.
1218 2487 1400 2544 regem
1428 2446 1617 2544 script.
1646 2475 1718 2530 ib.
1745 2475 1870 2531 eod.

256 2564 323 2619 ﬂ
366 2565 693 2634 septembr.;
725 2564 784 2621 5°
817 2563 1023 2621 Indices
1063 2564 1318 2622 librorum
1348 2567 1542 2637 quovis
1572 2579 1719 2624 torno
1744 2583 1874 2624 con-

253 2667 526 2715 lentarum
564 2668 622 2715 et
652 2668 931 2715 auctormn
983 2659 1356 2731 codicumque,
1403 2661 1493 2731 qui
1539 2659 1872 2717 Tertulliano

249 2735 569 2827 mstigando
613 2754 731 2810 usui
773 2754 922 2811 fuere
952 2797 967 2823 ,
1017 2755 1240 2822 notitia;
1305 2765 1413 2811 tum
1459 2756 1517 2812 4°
1593 2756 1696 2812 vita
1740 2755 1872 2814 Ter-

247 2846 463 2901 tulliani
506 2862 604 2918 per
649 2846 969 2913 Pamelium,
1001 2855 1055 2902 et
1107 2846 1165 2903 5°
1240 2846 1515 2903 Paradoxa
1556 2848 1869 2905 Tertulliani

243 2955 369 2997 cum
414 2942 662 2998 antidoto
713 2941 965 3008 Pamelii;
1009 2942 1067 2998 6°
1141 2942 1457 2999 Tertulliani
1498 2944 1869 3015 jurisconsulti

243 3036 461 3090 romani
516 3035 695 3106 legum
748 3035 1005 3106 rescripta
1036 3051 1051 3102 ;
1083 3034 1296 3091 tandem
1329 3036 1386 3091 7°
1420 3037 1628 3093 Indices
1654 3038 1707 3094 iu
1738 3038 1870 3095 Ter-

244 3129 559 3193 tullianum,
605 3143 731 3184 cum
773 3128 963 3194 locor.,
996 3135 1105 3183 tum
1150 3128 1376 3184 aliorum
1433 3140 1641 3186 auctor.
1690 3129 1756 3187 ab
1802 3145 1871 3187 eo

242 3222 492 3289 citatam,
520 3231 629 3277 tum
659 3237 938 3277 rerum.—
958 3219 1058 3288 Qui
1090 3231 1282 3292 quarto
1322 3230 1467 3277 tomo
1511 3226 1868 3295 comprehen-

1977 2025 2114 2093 cius,
2144 2026 2387 2099 Scaliger
2416 2027 2481 2083 ad
2513 2029 2903 2085 emendandum
2958 2032 3408 2103 explicandumve
3440 2038 3578 2093 Ter-

1980 2118 2258 2174 tullianum
2289 2119 2659 2184 contulissent,
2691 2116 3066 2191 cunquireret,
3099 2133 3154 2180 et
3189 2138 3439 2199 excerpta
3472 2146 3577 2187 una

1976 2228 2097 2269 cum
2119 2213 2232 2269 suis
2269 2214 2707 2271 adnotationibus
2739 2214 2985 2272 ltltcnani
3016 2222 3416 2278 commentariis
3454 2224 3577 2280 alli-

1977 2319 2152 2375 neret;
2184 2309 2274 2366 ubi
2303 2324 2433 2366 vero
2477 2310 2553 2366 illi
2589 2311 2902 2382 deﬁcerent,
2938 2312 2989 2367 in
3028 2313 3178 2370 libris
3222 2317 3426 2374 scilicet
3457 2331 3578 2389 post

1975 2402 2295 2460 Rhenanum
2338 2404 2573 2472 additis,-
2606 2404 2674 2463 de
2713 2421 2812 2461 suo
2859 2406 3159 2477 proferret:
3196 2409 3249 2465 in
3297 2428 3363 2468 co
3396 2421 3572 2469 tamen

1975 2495 2266 2552 lectoribus
2298 2496 2577 2568 molestus,
2618 2499 2761 2568 quod
2800 2515 2896 2555 sua
2939 2516 3201 2573 nusquam
3249 2520 3277 2557 a
3328 2502 3576 2563 lilteuani

1974 2590 2268 2647 aliorumve
2298 2591 2667 2664 distingueret.
2697 2591 2940 2649 thunani
2979 2596 3261 2667 epistolam
3296 2614 3576 2666 nuncupa-

1975 2684 2164 2739 toriam
2218 2684 2451 2755 itemque
2495 2684 2914 2742 admonitionem
2959 2688 3027 2744 de
3072 2688 3390 2760 quilmsdam
3440 2692 3575 2748 Ter-

1975 2777 2182 2833 tulliani
2213 2778 2476 2850 dogmatis
2498 2779 2670 2849 repeti
2709 2781 2938 2848 curavit,
2969 2780 3132 2836 vitam
3157 2781 3473 2839 Tertulliani
3502 2784 3574 2841 de

1971 2887 2071 2928 suo
2093 2870 2317 2940 addidit,
2349 2880 2613 2943 praetcrea
2641 2872 2877 2945 amplum
2901 2873 3130 2944 praeﬁxit
3151 2888 3421 2941 amorum,
3440 2893 3574 2948 quo-

1972 2980 2093 3021 rum
2119 2964 2225 3021 fide
2254 2957 2866 3037 annot'att.'conscript:n
2895 2978 3040 3035 sunt,
3077 2969 3398 3041 catalogum.
3426 2969 3571 3026 Nun-

1971 3057 2185 3129 eupavit
2213 3056 2350 3115 banc
2379 3057 2670 3115 editionem
2713 3060 3029 3130 prmccplori
3068 3074 3167 3117 suo
3200 3062 3272 3117 De
3301 3062 3372 3118 La
3406 3063 3571 3135 Digne

1970 3147 2180 3204 Tli.-D.
2221 3149 2372 3219 Quod
2421 3159 2699 3207 externam
2745 3151 2935 3207 faciem
2990 3164 3218 3223 spectat,
3278 3155 3570 3213 admodum

1970 3243 2136 3299 nitida
2162 3254 2243 3299 est
2272 3243 2459 3312 editio,
2490 3244 2852 3317 adornataqne
2878 3245 3008 3302 satis
3032 3248 3312 3304 connuode
3338 3264 3569 3306 annota-

245 3315 474 3383 δυηιιιτι
506 3316 675 3397 “DNS
700 3317 939 3388 I’0elicns
969 3324 1024 3372 οι
1061 3315 1359 3389 fragmenta
1389 3332 1486 3373 5°“
1527 3318 1721 3376 ίηάίείο
1762 3334 1859 3392 Ρο’
1884 3338 1928 3401 C
1964 3334 2197 3391 tionibus
2227 3337 2328 3393 sub
2375 3345 2527 3393 textu
2577 3315 2855 3410 dispositis
2893 3337 3121 3398 diversis
3171 3357 3384 3420 qquue
3429 3345 3568 3419 typis

244 3409 361 3464 tius
405 3408 661 3465 librorum
693 3409 1097 3481 dcperditorum
1128 3411 1269 3482 apud
1307 3411 1443 3467 alios
1478 3421 1725 3471 auctores
1766 3423 1859 3470 aut

249 3500 430 3572 ipsum
454 3502 846 3559 Tertullianum
878 3506 1033 3561 obvia
1064 3504 1268 3575 primus
1294 3502 1381 3561 hic
1424 3504 1694 3561 Pamelius
1723 3520 1857 3578 ope-

254 3597 405 3652 ribus
449 3596 679 3654 Tertull.
722 3598 964 3655 inseruit.
1017 3597 1097 3654 Ad
1141 3609 1388 3670 poemata
1452 3598 1593 3669 quod
1645 3600 1856 3668 attinet,

255 3691 313 3747 in
355 3692 504 3749 libris
532 3694 795 3750 adversus
834 3694 1158 3769 Marcionepi
1193 3703 1247 3750 et
1274 3692 1515 3749 carmine
1552 3690 1621 3749 de
1649 3691 1860 3749 Iudicio

270 3784 473 3841 homini
526 3787 866 3847 Tertulliano
905 3787 1266 3854 vindicandis,
1305 3786 1419 3846 Ge.
1475 3784 1710 3842 Fabricii
1762 3786 1858 3858 (in

269 3882 438 3948 poetis
474 3881 782 3938 eltristianis
818 3883 864 3956 ),
921 3882 973 3938 in
1023 3881 1263 3939 carmine
1314 3880 1382 3937 de
1436 3880 1669 3937 Sodoma
1729 3894 1861 3939 vero

278 3972 407 4029 Sixti
443 3975 693 4034 Senensis
739 3977 915 4052 (Bibl.
960 3976 1146 4033 Sanct.
1195 3977 1287 4032 lib.
1344 3974 1435 4050 IV)
1487 3976 1859 4033 auctoritatem

282 4068 617 4138 sequebatur;
647 4069 883 4128 Genesis
913 4078 1090 4126 autem
1115 4078 1167 4125 et
1189 4068 1255 4124 ad
1279 4077 1562 4125 senatorem
1588 4084 1707 4143 qua:
1735 4078 1860 4125 eum

283 4157 495 4218 Sodoma
540 4163 781 4220 carmine
816 4162 1089 4236 Cypriano
1131 4162 1257 4218 olim
1286 4173 1612 4229 asseruerat,
1640 4172 1861 4234 propter

280 4256 521 4314 orationis
549 4257 975 4328 similitudinem,
1003 4257 1337 4314 Tertulliano
1361 4272 1502 4316 nunc
1522 4258 1737 4315 demum
1761 4256 1859 4313 ad-

277 4344 516 4416 iudicavit
554 4359 609 4407 et
646 4351 826 4408 denuo
855 4351 1150 4409 recensuit.
1178 4350 1305 4407 Haec
1329 4351 1602 4423 excipiunt
1636 4349 1860 4408 Grinco-

280 4454 393 4496 rmn
414 4458 628 4515 operum
653 4445 954 4518 fragmenta
982 4461 996 4501 :
1021 4445 1089 4502 ad
1120 4445 1351 4501 amicum
1382 4444 1764 4517 philosophum
1794 4444 1863 4501 de

281 4531 575 4607 Nuptiarum
604 4538 866 4611 angustiis
893 4553 990 4595 seu
1029 4538 1098 4595 de
1123 4538 1476 4611 Virginitate;
1510 4538 1578 4595 de
1603 4537 1767 4605 Fato;
1795 4535 1864 4593 de

280 4628 481 4686 mundis
506 4640 561 4689 et
582 4631 877 4688 immundis
906 4631 1280 4699 Animalibus;
1310 4631 1378 4689 de
1398 4630 1861 4697 Gircumcisione;

1962 3427 2257 3500 expressis.

2668 3522 2828 3580 l582.
3534 3597 3560 3613 η

2032 3611 2284 3671 VERSIO
2332 3629 2634 3671 GERMANICA
2673 3615 2716 3670 I.
2746 3614 2892 3674 Libri
2936 3616 3015 3674 De
3067 3618 3323 3675 Patientia
3356 3635 3385 3677 a
3426 3611 3559 3681 Luc.

1959 3704 2131 3775 Maio,
2165 3704 2513 3764 Sinalkalaca:
2535 3748 2551 3775 ,
2581 3708 2634 3763 in
2663 3706 2744 3764 8".

2686 3800 2843 3860 l583.

2035 3891 2131 3948 Eo.
2164 3890 2835 3951 Pwsuaxa-Pamsnmsrs
2879 3893 2919 3950 Ι.
2942 3925 3015 3936 -
3035 3891 3257 3953 Parisiis
3288 3897 3386 3955 sub
3410 3908 3567 3958 scuto

1963 3984 2243 4041 Basiliensi
2285 3986 2387 4042 sol.
2423 3986 2733 4042 Pameliana
2782 4002 2993 4044 recusa.
3027 3989 3163 4046 lIuic
3201 3991 3420 4048 domum
3450 3993 3567 4049 edi-

1963 4079 2095 4135 tioni
2138 4080 2430 4137 accessisse
2460 4078 2746 4137 videntur:
2791 4080 2869 4154 (ὁ)
2906 4079 3258 4139 Prooerbialcs
3303 4083 3568 4142 Famiqu

1965 4171 2148 4244 Operi:
2177 4170 2523 4229 Tertulliauici
2565 4184 2835 4245 contemtu,
2866 4175 3117 4234 brevibus
3154 4178 3375 4235 scboliis
3418 4180 3567 4236 illus-

1965 4276 2118 4323 trata:
2170 4281 2267 4338 per
2321 4266 2592 4324 Andream
2634 4265 2848 4340 Hoyum
2897 4267 3259 4342 Brugensem,
3302 4273 3385 4328 cui
3429 4273 3568 4329 banc

1963 4377 2148 4419 curam
2180 4361 2295 4432 ipse
2323 4359 2591 4417 Pamelius
2635 4359 2962 4431 injunxerat,
2993 4373 3050 4418 ut
3081 4363 3297 4435 prmlixa
3327 4363 3462 4438 lloyi
3494 4363 3564 4421 ad

1966 4454 2259 4511 Pamelium
2281 4453 2532 4526 epistola,
2563 4452 2685 4508 data
2713 4454 2852 4525 apud
2892 4455 3167 4514 Atrebates
3195 4456 3313 4514 Kal.
3339 4456 3566 4516 Januar.

1967 4548 2127 4617 £583,
2160 4562 2258 4604 nos
2284 4547 2462 4604 docet.
2499 4546 2571 4618 (c)
2614 4530 2806 4604 Utrum
2833 4562 2963 4606 vero
2988 4558 3041 4605 et
3067 4551 3309 4621 ejusdem
3352 4551 3489 4626 lloyi
3516 4555 3568 4610 in

1966 4642 2359 4700 Tertullianum
2410 4641 2633 4699 Pamelii
2690 4657 2779 4714 op.
2834 4643 3145 4701 restitutum
3200 4646 3565 4718 Epigramma,

280 4720 352 4778 de
384 4724 609 4783 vestibus
651 4726 863 4784 Aaron:
897 4726 965 4784 de
1007 4726 1304 4795 Trinitate;
1347 4726 1415 4783 de
1455 4740 1621 4782 censu
1656 4724 1945 4806 Animal)
1971 4752 2078 4809 quo
2124 4734 2792 4808 singulorumJibrorum,
2842 4737 2935 4808 qui
2981 4736 3085 4795 hoc
3134 4740 3572 4812 quinquepartito

279 4812 522 4874 adversus
546 4818 980 4893 Hermogenem;
1022 4819 1283 4876 adversus
1324 4818 1762 4890 Appelletianos;
1793 4815 1865 4874 de

280 4904 558 4980 Paradiso;
602 4913 672 4971 de
697 4914 805 4984 Spe
833 4912 1070 4970 ﬁdelium
1095 4928 1110 4980 ;
1141 4912 1211 4968 de
1252 4911 1459 4969 Ecstasi
1491 4910 1583 4967 lib.
1613 4925 1742 4978 sex;
1772 4907 1870 4965 ad-

280 5012 462 5067 versus
483 5005 820 5077 Apollonium
847 5022 863 5074 ;
886 5005 1128 5062 Aliorum
1144 5005 1349 5077 aliquot
1369 5003 1570 5060 etl‘also
1591 5003 1872 5075 inscripto-

279 5104 417 5150 rum.
443 5095 504 5152 T.
530 5096 596 5154 ν.
616 5078 1008 5155 continentur:
1039 5097 1108 5155 de
1135 5098 1525 5155 Exhortatione
1549 5097 1862 5167 Caslitatis;

279 5182 353 5240 de
371 5186 722 5262 Monogamia;
752 5190 821 5249 de
845 5190 991 5264 Fuga
1013 5192 1065 5248 in
1084 5192 1481 5264 persecutione,
1508 5192 1574 5249 ad
1597 5191 1819 5250 Fabium
1846 5209 1863 5249 :

279 5274 357 5333 de
376 5278 588 5353 Jejuniis
631 5283 892 5343 adversus
920 5285 1242 5359 Psycbieos;
1270 5286 1340 5343 de
1368 5285 1665 5355 Pudicitia;
1697 5287 1872 5345 Nova-

283 5370 409 5430 tiani
434 5375 498 5433 de
521 5378 817 5448 Trinitate;
852 5379 1096 5452 ejusdem
1129 5379 1199 5438 de
1232 5380 1662 5452 Cibisjudaicis;
1694 5381 1868 5453 cjusd.

284 5465 617 5533 epistolarum
673 5469 742 5528 de
777 5485 904 5529 vera
940 5471 1367 5531 Gircumcisione
1396 5481 1452 5532 et
1478 5488 1608 5531 vero
1630 5473 1869 5533 Sabbato

284 5559 492 5617 notulze.

355 5670 425 5743 (a)
448 5674 621 5733 Prima
650 5676 864 5767 quidem
887 5678 1300 5767 editionParnelii
1330 5679 1398 5737 ad
1420 5692 1610 5767 manus
1631 5694 1737 5736 non
1760 5687 1867 5767 est,

283 5758 451 5822 peque
477 5750 839 5832 typographos
866 5759 921 5807 et
950 5752 1296 5823 Bibliopolas,
1322 5752 1463 5822 apud
1480 5766 1619 5823 quos
1647 5750 1868 5823 prodiit,

283 5816 525 5893 !_ndagare
544 5831 839 5893 potuimus,
871 5823 966 5879 sed
991 5823 1234 5880 desumta
1256 5823 1373 5881 base
1390 5833 1518 5880 sunt
1538 5840 1604 5883 ex
1625 5824 1713 5881 ed.
1748 5825 1871 5880 Par.

288 5885 441 5958 1598',
470 5885 565 5947 cui
595 5908 715 5966 qua:
741 5885 962 5963 insuper
1001 5910 1301 5966 accessere,
1333 5911 1434 5956 suo
1461 5896 1514 5956 lo
1549 5914 1583 5956 ο
1624 5911 1873 5958 comme-

284 5970 569 6021 morantur.
596 5970 908 6021 Senonum.

518 6057 958 6121 TERTL‘LLIANI
1002 6058 1051 6123 Ι.

1969 4844 2134 4901 opere
2185 4829 2532 4885 continentur
2587 4838 2904 4901 argumenta
2953 4830 3019 4887 eit
3075 4832 3267 4903 ordine
3323 4834 3570 4890 indican-

1967 4929 2094 4988 tur,
2157 4920 2260 4979 bac
2297 4920 2516 4978 demum
2562 4921 2800 4979 editione
2844 4924 3151 4993 accesserit,
3196 4941 3263 4982 an
3293 4926 3420 4983 olim
3457 4928 3570 4999 jam

1966 5017 2128 5074 fuerit
2180 5017 2474 5090 vulgatum,
2511 5017 2727 5095 nescio.
2785 5016 2955 5089 Hujus
3007 5020 3333 5090 exemplaris
3385 5023 3571 5094 apolo-

1965 5110 2172 5183 geticus
2206 5124 2328 5168 cum
2356 5109 2480 5168 cod.
2508 5108 2616 5169 MS.
2638 5111 2863 5170 collatus
2892 5109 3138 5170 exstabat
3162 5114 3218 5171 in
3240 5114 3379 5172 Bibl.
3410 5117 3571 5175 Batu-

1969 5220 2144 5262 zrana.

2043 5392 2145 5453 Eo.
2171 5392 2488 5453 PAIELIANA
2514 5422 2542 5437 -
2574 5296 2998 5452 Ακτὲἓιῗέιεαειε
3046 5392 3114 5453 ιι.
3156 5397 3403 5472 Antverp.
3434 5401 3577 5475 apud
3620 5418 3630 5429 κ

2000 5526 2125 5606 "(0)
2152 5531 2296 5606 Inter
2324 5531 2673 5606 repetitioues
2706 5528 3046 5606 Pamelianas
3074 5534 3193 5592 sine
3220 5537 3445 5597 editoris
3476 5556 3575 5599 no-

1974 5602 2119 5660 mine
2143 5604 2352 5663 Caveus
2380 5602 2595 5670 Iaudat;
2626 5616 2929 5673 perperam.
2968 5603 3276 5666 Scuoeueu.

2046 5675 2126 5746 (ὁ)
2151 5675 2383 5732 Sandius
2408 5674 2545 5747 edit.
2573 5675 2936 5747 Parisiensem
2964 5676 3125 5747 bujus
3166 5681 3293 5737 anni
3320 5697 3441 5739 cum
3465 5684 3579 5742 No-
3666 5700 3669 5701 '

1973 5747 2041 5804 tis
2058 5744 2307 5832 Blienani
2329 5754 2385 5804 et
2410 5745 2555 5803 Junii
2581 5745 2645 5802 Ρ).
2668 5744 2872 5815 laudat;
2899 5763 3002 5820 qua
3030 5744 3155 5819 iide,
3178 5751 3449 5813 afﬁrmare
3470 5773 3579 5815 non

1974 5835 2363 5971 Μῗὲῗὶὲρίξίςθῑ
2392 5906 2458 5947 ex
2482 5889 2617 5971 edit.
2644 5889 2805 5971 l598.
2849 5890 3023 5971 Paris.
3069 5893 3199 5951 milii
3230 5897 3396 5971 iambis
3434 5899 3582 5971 judi-

1981 5961 2209 6024 candum
2233 5961 2352 6032 fuit,
2372 5973 2427 6019 ut
2453 5963 2619 6021 semel
2643 5962 2753 6036 jam
2786 5964 3063 6033 professus
3092 5983 3231 6026 smn.
3262 5961 3576 6035 Scuoe'ugu.

2773 6054 3032 6140 (Deum)
