4084 6344
485 379 556 440 45
1431 396 1436 400 ι
1937 358 2329 424 Pii/EFATIO.
3720 356 3792 415 η

487 491 722 548 Ptann’u.
764 488 858 558 fol.
921 484 1111 543 eadem
1172 479 1432 554 repetita;
1492 480 1544 538 in
1599 479 1716 537 Cat.
1775 478 1911 536 Bibl.
1971 477 2090 533 Lei-
2115 480 2168 540 Α
2197 477 2453 547 temporis
2523 474 2804 535 historiam
2873 481 3168 532 contexere
3222 469 3522 544 voluisse).
3558 469 3686 527 Hine
3739 471 3790 526 in

488 586 642 642 dens.
715 579 928 656 (Lugd.
981 579 1100 636 Bat.
1157 573 1343 646 716.)
1399 575 1652 632 scribitur
1710 591 1722 628 :
1776 570 2093 630 Tertulliani

489 677 590 750 Op.
647 693 715 734 ex
767 671 980 731 emend.
1045 669 1162 727 Jac.
1227 667 1443 726 Pamelii
1505 684 1627 725 cum
1692 667 1816 724 coll.
1889 664 2091 722 codicis

489 770 602 829 MS.
651 765 922 841 Agobardi
974 779 1070 838 per
1105 763 1190 819 Jo.
1217 762 1554 820 Mcrccrium.
1583 761 1825 832 Antvcrp.
1861 761 2020 816 1581.
2051 760 2088 814 r.

1217 877 1380 946 15,83.
1457 921 1461 924 .

560 999 663 1055 En.
697 997 1010 1056 Pausuana
1045 995 1374 1054 PABISIENSIS
1398 992 1782 1061 IL—Pariaiis,
1807 1009 1892 1064 ap.
1928 991 2086 1047 Mich.

489 1093 766 1152 Saturium.
802 1093 838 1148 l'.
895 1093 960 1160 ρ.
990 1089 1139 1162 Sept.
1169 1089 1318 1146 Flor.
1343 1087 1660 1145 Tertulliani
1693 1103 1854 1159 opera
1886 1089 2088 1156 omnia,

486 1187 555 1245 ad
611 1187 936 1259 exemplaria
993 1184 1141 1243 MSS.
1198 1182 1485 1240 collatione
1539 1183 1835 1254 recognita,
1891 1181 2094 1252 aliquot

486 1281 651 1338 etiam
678 1281 832 1337 libris
871 1279 1136 1344 auctiora,
1171 1292 1234 1334 ex
1273 1276 1508 1333 editione
1542 1285 1598 1332 et
1633 1291 1754 1332 cum
1785 1275 2090 1330 annutatio-

486 1373 649 1432 nibus
694 1371 881 1429 Jacobi
911 1369 1134 1428 Pamelii
1167 1388 1180 1426 :
1210 1368 1476 1426 accedunt
1504 1354 1747 1440 ejusdem
1774 1366 2089 1423 Tertulliani

489 1468 623 1535 vita,
662 1467 873 1538 aliaque
917 1466 1319 1537 prolegomene.
1365 1463 1480 1519 Cat.
1513 1463 1576 1518 de
1595 1463 1645 1517 la
1671 1461 1806 1516 Bibl.
1841 1461 1909 1514 du
1953 1459 2087 1531 Bay.

488 1563 552 1622 T.
585 1564 626 1620 1.
656 1581 710 1634 p.
742 1563 868 1620 565.
895 1561 1014 1618 Non
1034 1558 1557 1630 succurritjamjam,
1585 1557 1680 1614 ubi
1709 1555 2091 1612 laudatainve—

489 1657 1174 1728 nerimTertullianiopcra
1189 1671 1310 1712 cum
1334 1664 1470 1710 nott.
1513 1652 1626 1710 Jac.
1662 1649 1886 1708 Pamelii
1915 1649 2086 1706 Paris.

489 1752 632 1824 apud
657 1751 817 1809 Mieh.
847 1751 1148 1808 Somnium.
1181 1749 1344 1808 1548.
1369 1748 1510 1821 quod
1540 1749 1664 1804 hinc
1695 1755 1906 1804 constat
1942 1759 2092 1801 erro-

488 1859 606 1902 rem
631 1859 753 1902 esse
781 1841 1244 1916 typographieum.

567 2077 586 2112 ι
629 2055 832 2114 Vaasro
881 2069 1105 2113 GALLICA
1132 1959 1368 2112 Eligilt.
1408 2053 1483 2110 De
1521 2053 1730 2111 Corona
1771 2054 1954 2111 Militis
1998 2070 2091 2126 per

486 2149 896 2210 Florimundum
921 2148 1166 2208 Bemond
1198 2147 1404 2222 (Louis
1427 2147 1768 2223 Bichcome)
1813 2149 2029 2222 Burdig.
2064 2168 2084 2203 ›

1213 2261 1376 2318 1595.

560 2355 801 2432 Lugduni
839 2354 1082 2410 Batauor.
1123 2369 1187 2409 ea:
1225 2351 1319 2421 olf.
1366 2351 1726 2436 Plaptiniana.
1776 2352 1830 2407 4.
1859 2351 1996 2423 -(Sic
2038 2352 2090 2408 itt

490 2454 609 2512 Cat.
663 2451 808 2509 Bibl.
862 2447 1187 2524 Leidensis)
1243 2458 1297 2505 et
1361 2448 1416 2502 8.
1477 2445 1642 2519 (Cat.
1712 2445 1781 2502 de
1843 2447 1896 2501 la
1951 2445 2088 2502 Bibl.

494 2547 564 2604 (in
619 2545 744 2601 Boi.
801 2560 851 2614 p.
891 2543 1016 2599 564.
1063 2552 1101 2596 t.
1131 2540 1228 2613 l.)
1283 2541 1349 2610 Q.
1393 2537 1542 2610 Sept.
1589 2538 1733 2595 Flor.
1777 2535 2092 2595 Tertulliani

489 2639 652 2696 Liber
679 2637 747 2695 de
781 2635 971 2705 Pallio,
1005 2650 1070 2690 ex
1111 2633 1348 2690 editione
1383 2642 1438 2689 et
1471 2648 1592 2689 cum
1635 2633 1777 2689 notis
1821 2631 2091 2689 Francisci

488 2729 658 2790 Junii.

1225 2819 1386 2879 1596.
1575 2861 1578 2864 η

565 2920 677 2976 ED.
711 2914 1369 2975 HEIDELBERGENSJS.
1392 2912 1522 2972 ].---.
1542 2913 1776 2970 Heidelb.
1821 2930 1910 2986 ap.
1940 2911 2092 2968 Cont-

495 3014 760 3080 melinum,
779 3013 820 3070 f.
839 3030 868 3069 a
885 3013 1162 3082 llheuano,
1185 3011 1440 3079 Pamelio,
1458 3008 1617 3066 Junio
1639 3008 1940 3065 emendata.
1955 3007 2097 3065 Lau—

494 3110 623 3167 dant
661 3108 926 3176 Sandius,
957 3107 1030 3165 du
1059 3107 1178 3175 Pin,
1211 3115 1264 3162 et
1283 3105 1447 3162 Cave.

1211 3199 1374 3257 1597.

565 3299 680 3355 ED.
702 3293 1618 3355 PAMELIANA—FRANECKEBIE
1646 3291 2106 3354 I.—Franeckeraz
2130 3303 2174 3368 C

497 3391 802 3450 cxcudebat
826 3390 951 3463 ὣς.
983 3389 1214 3446 Badaeus
1248 3390 1365 3445 0rd.
1401 3381 1588 3446 Frisia:
1617 3399 1727 3461 typ.
1759 3389 1820 3456 ρ.
1855 3390 2098 3460 Septimii

497 3485 767 3542 Florentis
812 3483 1129 3540 Tertulliani
1173 3482 1428 3554 Carthag.
1477 3483 1808 3554 Presbyteri,
1862 3485 2100 3542 auctoris

497 3578 851 3650 antiquissimi
895 3592 1015 3649 qua:
1058 3575 1234 3632 adhuc
1275 3576 1501 3648 reperiri
1547 3584 1837 3646 potuerunt
1873 3577 2097 3632 omnia:

501 3687 566 3728 ex
588 3671 828 3728 editione
846 3669 1043 3726 Jacobi
1067 3668 1290 3725 Pamclii
1313 3668 1620 3740 Brugensis.
1643 3669 1846 3736 Quibus
1873 3669 2102 3726 seorsim

499 3764 698 3822 additae
745 3773 872 3820 sunt
921 3765 1296 3819 annotatioucs
1349 3762 1496 3818 Beati
1553 3762 1797 3817 lthenani
1845 3763 2103 3820 Selctsm-

501 3855 727 3924 diensis,
764 3865 936 3912 aucta:
966 3871 1194 3914 censura
1225 3855 1587 3927 inquisitionis
1629 3855 1930 3926 lliSpanicre
1963 3877 1975 3914 :
2021 3858 2098 3930 (α)

499 3948 736 4020 itemque
782 3948 1163 4018 castigationes
1203 3962 1267 4003 ac
1313 3957 1453 4002 notae
1481 3948 1776 4022 perspicuae
1815 3959 1870 4004 ct
1915 3951 2104 4006 breves

499 4040 787 4098 Fnascrscr
841 4040 983 4096 Jusn
1026 4039 1328 4112 Biturigis,
1383 4049 1492 4095 tum
1543 4057 1608 4096 ex
1651 4041 1798 4100 MSS.
1858 4042 1998 4110 tide,
2049 4052 2104 4100 et

500 4133 681 4191 Latini
740 4133 934 4190 Latinii
989 4133 1383 4199 Viterbiensis,
1447 4135 1785 4200 aliorumque
1845 4135 2104 4208 symbolis

501 4235 855 4299 comportata:
887 4267 903 4294 ,
975 4235 1086 4282 tum
1148 4225 1476 4297 conjecturis
1539 4227 1873 4300 gravissimis
1945 4239 2104 4300 atque

503 4320 813 4377 lectissimis
842 4330 1128 4377 accuratze.
1186 4320 1513 4376 Communes
1576 4331 1836 4394 praeterea
1899 4323 2106 4380 indices

505 4423 852 4470 accesserunt
869 4413 1110 4470 locorum
1139 4412 1430 4484 Scriptum
1456 4429 1642 4481 sacrae,
1668 4415 1894 4471 aliorum
1921 4426 2104 4472 aucto-

505 4523 623 4562 rum
655 4508 888 4580 itcmque
913 4508 1198 4563 verborum
1226 4516 1281 4562 et
1305 4523 1480 4563 rerum
1512 4507 1983 4580 locupletissimus.
2009 4512 2108 4566 l’a-

507 4600 650 4655 melii
676 4609 876 4656 textum
899 4609 1060 4671 atque
1086 4599 1328 4655 ordinem
1344 4598 1534 4657 Junius
1563 4601 1964 4673 religiosissime
1991 4618 2104 4659 scr-

2195 569 2370 626 ironte
2398 580 2632 643 gerunt:
2680 567 2747 625 ad
2775 567 2840 637 Q.
2882 566 2938 624 S.
2978 567 3061 624 Fl.
3109 565 3427 624 Tertulliani
3471 580 3632 636 opera
3673 580 3794 636 qua:

2195 674 2380 722 extant
2417 665 2600 722 omnia
2625 662 3006 736 castigationes
3055 672 3110 718 et
3152 671 3315 732 notae,
3366 676 3530 734 quam
3561 659 3795 718 maxime

2195 759 2250 815 in
2291 769 2398 814 tam
2427 767 2696 815 vetustum
2723 769 2775 814 ct
2807 771 3025 829 gravem
3065 755 3384 826 scriptorem
3432 753 3545 810 tieri
3584 753 3791 826 potuit,

2195 851 2493 923 perspicua:
2519 860 2573 908 ct
2599 851 2794 908 breves
2823 847 2920 924 (ε).
2965 849 3021 904 In
3048 849 3240 920 quibus
3271 855 3381 902 tum
3410 861 3596 902 omnes
3627 845 3796 903 ferme

2193 944 2434 1001 omnium
2489 944 2675 1002 saeculi
2761 944 2933 1002 nostri
3007 941 3442 998 doctis-simorum
3517 940 3793 999 hominum

2197 1039 2478 1106 lectiones,
2527 1036 2957 1106 emendationes,
2999 1035 3582 1107 interpretationesque
3609 1047 3798 1092 neces-

2195 1133 2353 1188 sariae
2381 1149 2444 1189 ex
2486 1130 2638 1187 MSS.
2682 1131 2786 1187 tidc
2825 1141 2878 1186 et
2917 1129 3243 1200 cnnjccturis
3270 1127 3636 1200 probabilibus
3666 1127 3816 1184 adu--

2196 1236 2393 1282 nantur
2444 1236 2498 1284 et
2548 1224 2928 1282 adscribuntur
2967 1224 3080 1279 suis
3127 1221 3474 1288 auctoribus;
3526 1221 3591 1277 iis
3633 1222 3795 1277 etiam

2195 1321 2484 1394 expressis,
2510 1335 2629 1392 qua:
2661 1334 2765 1375 non
2789 1319 2915 1375 visa:
2937 1326 3058 1373 sunt
3087 1316 3244 1388 plane
3269 1315 3504 1385 rejicula:
3529 1333 3542 1368 :
3598 1324 3708 1370 tum
3731 1330 3795 1370 cx

2195 1416 2484 1474 collatione
2528 1414 2914 1486 exemplarium
2951 1411 3052 1468 loci
3091 1426 3260 1483 quam
3297 1409 3510 1482 plurimi
3548 1410 3614 1466 ad
3660 1409 3797 1466 veri-

2193 1518 2358 1566 tatem
2399 1524 2575 1564 rerum
2617 1507 3106 1580 proprietatemque
3143 1503 3430 1560 verborum
3469 1501 3537 1558 de
3575 1503 3796 1574 penitis-

2195 1603 2346 1660 sima:
2385 1603 2716 1675 antiquitatis
2741 1600 2982 1679 tenebris
3012 1600 3356 1673 proferuntur
3389 1598 3641 1670 suppleti,
3679 1613 3798 1654 cor-

2196 1697 2348 1762 recti,
2379 1695 2630 1752 illustrati
2660 1693 3174 1766 atqueconﬁrmati.
3203 1693 3334 1748 Post
3362 1691 3610 1748 Bhenani
3638 1705 3797 1746 anno-

2195 1789 2427 1845 tationcs
2458 1790 2684 1846 accessit
2709 1788 3010 1844 variantium
3039 1785 3308 1842 lectionum
3332 1789 3383 1842 in
3407 1786 3590 1842 librum
3615 1784 3798 1858 Apolo-

2119 1889 2168 1950 B
2195 1886 2409 1957 gelicmn
2457 1895 2505 1940 et
2551 1884 2794 1939 adversus
2819 1882 3032 1938 Judtecs
3055 1881 3340 1950 iudiculus,
3382 1895 3515 1952 quas
3542 1895 3607 1937 ex
3645 1877 3796 1936 MSS.

2198 1979 2630 2036 membranarum
2677 1977 2974 2048 praesertim
3019 1976 3130 2032 MS.
3173 1973 3464 2031 Fuldcnsis
3507 1974 3796 2030 collatione

2197 2071 2520 2128 Franciseus
2566 2069 2776 2126 Modius
2821 2068 3114 2141 Brugensis
3143 2067 3272 2123 olim
3303 2065 3712 2134 observaverat,
3746 2075 3798 2122 (ιι

2200 2177 2545 2239 posteaquam
2569 2163 2656 2220 diu
2685 2163 2826 2235 apud
2855 2162 2926 2241 Μ.
2959 2162 3243 2219 Vclscrum
3268 2163 3637 2232 Augustanum
3668 2159 3798 2216 deli-

2199 2270 2434 2342 tuerant,
2485 2262 2554 2316 ab
2598 2276 2666 2318 eo
2709 2275 2832 2316 eum
2875 2258 3038 2330 Gasp.
3091 2257 3365 2328 Schoppio
3409 2255 3642 2326 France,
3685 2265 3796 2312 tum

2191 2354 2411 2427 juvene,
2443 2355 2854 2421 communicata:
2891 2361 3068 2420 erant,
3115 2353 3204 2424 qui
3253 2351 3413 2408 Junio
3445 2351 3658 2408 tandem
3704 2365 3798 2408 eas

2201 2448 2592 2504 transmiserat.
2622 2445 2825 2502 Laudat.
2854 2445 3118 2517 imprimis
3141 2444 3345 2512 Junius,
3386 2445 3578 2500 multas
3607 2444 3798 2500 Panic-

2199 2541 2253 2596 lii
2306 2541 2712 2599 emendatioues
2775 2539 3058 2596 Fuldensis
3123 2538 3233 2597 MS.
3293 2540 3608 2596 auctoritate
3674 2553 3796 2594 esse

2199 2634 2459 2692 ﬁrmatas.
2493 2635 2719 2691 Collatia
2765 2636 2978 2707 quidem
3017 2636 3129 2708 ipsa
3160 2633 3227 2690 ad
3271 2635 3359 2691 ed.
3397 2634 3592 2692 Barrari
3631 2633 3792 2702 1580,

2202 2729 2372 2786 Paris.
2401 2728 2478 2803 (α)
2509 2727 2646 2786 facta
2669 2740 2788 2786 erat
2825 2745 2926 2787 nec
2952 2738 3158 2786 mutata
3193 2745 3225 2785 a
3253 2729 3434 2798 Junio,
3460 2728 3556 2786 sed
3596 2730 3801 2800 pagina:

2201 2834 2407 2882 tantum
2449 2839 2602 2882 novae
2625 2823 2878 2882 editionis
2904 2834 3029 2880 sunt
3074 2825 3379 2896 adscriptis.
3417 2825 3473 2880 In
3504 2823 3645 2880 Bibl.
3678 2822 3801 2879 Lei-

2200 2919 2354 2976 densi
2376 2929 2561 2978 extant
2588 2921 2696 2978 duo
2723 2919 2778 2974 li.
2807 2936 2858 2977 e.
2887 2921 3240 2992 exempl-aria,
3273 2935 3440 2976 unum
3472 2937 3626 2976 metm
3654 2918 3800 2976 lose-

2203 3016 2292 3086 plu‘
2313 3015 2570 3088 Scaiigeri
2591 3024 2852 3080 notatum,
2887 3016 3111 3072 alterum
3139 3016 3276 3072 cuia
3296 3016 3572 3072 Dominico
3601 3014 3802 3074 Baudio

2201 3110 2486 3181 adscripta:
2541 3122 2665 3167 sunt
2717 3112 3095 3185 castigationes
3143 3111 3366 3184 Josephi
3419 3111 3676 3185 Scaligeri
3730 3127 3798 3168 ex

2203 3204 2536 3277 autographo
2564 3207 2665 3278 (li).

2927 3300 3085 3359 1597.

2278 3394 2377 3451 Eo.
2403 3392 3169 3453 Pannmam—GENEVENSIS
3197 3395 3530 3453 l.——Geuevw
3551 3410 3670 3454 cum
3689 3405 3802 3453 not.

2204 3487 2424 3546 Patnelii
2457 3489 2648 3560 (Sand.
2692 3487 2777 3544 Du
2804 3487 2925 3558 Pin,
2955 3487 3130 3562 Cave).

2928 3583 3087 3640 1598.
3379 3659 3384 3664 τ

2278 3678 2378 3736 En.
2439 3675 3206 3735 PMIELlANA-pA“ISJENSJS
3235 3676 3620 3736 lll.—-Parisiis
3667 3676 3808 3751 apud

2206 3769 2544 3852 Laurentium
2579 3771 2848 3826 Somnium
2888 3772 2967 3826 via
3006 3771 3248 3828 Jacobwa
3288 3771 3342 3826 in
3383 3771 3586 3827 Circino
3629 3787 3802 3827 aureo.

2206 3864 2274 3920 Μ.
2310 3865 2368 3918 1).
2395 3863 2627 3920 XCVIII.
2661 3863 2792 3918 Vide
2825 3865 3034 3920 titulum
3058 3865 3146 3921 cd.
3181 3864 3342 3933 1579,
3371 3867 3454 3920 cui
3483 3866 3568 3921 hic
3591 3867 3808 3937 insuper

2207 3958 2436 4014 addita:
2473 3977 2492 4010 σ
2542 3959 2834 4014 Accessere
2885 3967 2937 4014 ct
2989 3959 3090 4014 loci
3141 3974 3204 4014 ex
3255 3959 3562 4030 conjectura
3617 3959 3808 4016 Laris!

2205 4051 2418 4108 Larum
2465 4051 2815 4107 Viterbiensis
2862 4051 3120 4119 restituti,
3172 4061 3227 4108 et
3247 4053 3455 4110 erudita
3497 4053 3552 4109 in
3594 4053 3684 4110 lib.
3737 4053 3808 4110 de

2209 4144 2383 4201 Pallio
2435 4144 2653 4202 Joansts
2709 4145 2976 4202 dicacem:
3029 4148 3405 4205 Antecessoris
3457 4149 3810 4206 Bituricensis

2207 4247 2626 4302 Lommeutaria.
2660 4244 2974 4319 Catalogum
3004 4247 3166 4303 totius
3181 4247 3361 4318 operis
3383 4245 3622 4302 inveniet
3643 4244 3810 4302 lector

2211 4319 2334 4410 post
2383 4339 2639 4410 epistulas
2698 4341 3089 4409 dedicatorias;
3149 4343 3300 4400 etin
3367 4341 3595 4414 singulis
3651 4341 3810 4395 tomis

2209 4431 2646 4504 praidiunculas
2672 4433 2739 4488 de
2775 4433 3032 4488 librorum
3063 4433 3273 4490 ordine.
3315 4453 3334 4487 ι
3368 4465 3437 4474 -
3463 4434 3581 4490 Lat.
3613 4431 3809 4490 Latinii

2209 4524 2616 4580 emendatioucs
2671 4523 2712 4580 f.
2764 4527 3090 4596 conjectura:
3149 4536 3270 4598 post
3319 4526 3450 4583 edit.
3501 4525 3710 4582 Paiuel.
3753 4541 3804 4580 a.

2211 4616 2374 4674 1585.
2429 4619 2748 4688 conscripta:
2797 4619 3087 4689 (Praefatio
3135 4621 3301 4690 ipsius
3349 4620 3403 4676 d.
3456 4620 3643 4677 Burria:
3687 4617 3808 4677 Kal.

504 4691 666 4758 νθνῑι.
692 4690 806 4785 nisi
845 4691 989 4785 quod
1029 4699 1174 4746 ιοιηο
1223 4700 1418 4762 quarto
1469 4691 1764 4763 fragmenta
1807 4703 1862 4750 ει
1904 4694 2101 4750 imlicia
2130 4719 2182 4783 ι)
2208 4709 2467 4766 Novemb.
2500 4709 2570 4765 M.
2623 4711 2682 4765 D.
2733 4710 3083 4785 Lxxxntt.)
3116 4722 3170 4768 ct
3211 4714 3435 4770 seorsim
3462 4713 3622 4770 editae
3659 4721 3810 4769 erant

507 4783 908 4856 deperditoruln
940 4784 1201 4841 librorum
1231 4787 1444 4856 penitus
1473 4787 1677 4842 omisit.
1711 4789 2103 4846 Annotationes

505 4878 638 4934 item
657 4877 880 4934 Pamelii
911 4879 1130 4935 omnino
1158 4879 1371 4934 absunt.
1397 4877 1470 4952 (ὁ)
1501 4879 1630 4940 Post
1649 4888 1850 4936 textum
1875 4883 2104 4938 seorsim

509 4973 736 5040 primum
757 4971 923 5044 ipsius
941 4972 1107 5040 Junii,
1127 4971 1326 5042 deinde
1349 4973 1597 5028 lihenani
1613 4973 2106 5032 animadversiones

507 5063 764 5133 subjectae
809 5071 954 5120 sunt.
981 5066 1066 5121 Ac
1105 5065 1222 5120 ista:
1250 5066 1488 5136 quidem,
1521 5066 1716 5136 quibus
1744 5068 1903 5123 etiam
1937 5067 2102 5138 Junii,

507 5156 575 5210 ad
595 5155 826 5213 Ordines
841 5156 1008 5228 Belgii
1045 5155 1109 5212 F.
1135 5150 1430 5222 dedicatio;
1455 5157 1576 5213 data
1625 5159 1796 5230 Lugd.
1830 5161 1947 5216 Bal.
1971 5177 2021 5216 a.
2047 5163 2104 5216 d.

510 5247 740 5305 Kalend.
773 5248 992 5304 Martias
1024 5250 1183 5314 1597,
1238 5265 1361 5306 cum
1390 5250 1496 5306 vita
1537 5251 1850 5309 Tertulliani
1891 5256 1960 5310 ab
1991 5256 2108 5326 ipso

509 5354 702 5398 recens
727 5342 1030 5412 conscripta
1061 5341 1354 5414 praeﬁgitur
1415 5343 1504 5415 (de
1529 5343 1770 5402 Pamelio
1799 5347 1942 5414 enim
1966 5347 2110 5418 judi-

508 5441 598 5490 (at
637 5447 744 5490 non
787 5435 948 5490 vitam
989 5450 1111 5514 eum
1138 5435 1474 5506 Tertulliani,
1521 5439 1615 5495 sed
1657 5441 1924 5497 curiosam
1969 5441 2112 5497 illius

579 5566 655 5644 (ᾳ)
686 5567 738 5644 in
766 5567 1022 5644 Qatalogo
1042 5570 1172 5644 libr.
1191 5579 1535 5642 expurgatur.
1565 5570 1774 5630 Madriti
1809 5573 1966 5641 1581,
1993 5574 2109 5644 jus-

514 5655 580 5718 su
591 5639 936 5718 C'ard.Gasp:
955 5639 1186 5714 Quiroga
1199 5639 1454 5715 At‘clticp.
1475 5644 1742 5702 'l‘olctani.
1769 5639 2106 5718 geminquis.

507 5711 657 5770 llisn.
684 5713 850 5770 edito.
887 5711 1214 5770 'Scnoeséu.

580 5783 656 5855 (ὁ)
683 5785 966 5855 Perperatn
991 5785 1237 5840 laudatur
1257 5801 1284 5840 a
1309 5785 1555 5845 Fabricio
1580 5817 1645 5829 ε-
1669 5805 1788 5848 cum
1811 5789 1954 5846 notis
1975 5789 2114 5847 Rbe-

509 5856 658 5936 naui.
705 5857 921 5936 i’atirclii
949 5866 1006 5936 et
1030 5857 1118 5912 Fr.
1164 5859 1332 5918 Junii.
1369 5857 1521 5935 (DN.
1554 5861 1658 5918 SS.
1690 5879 1782 5936 pro
1831 5861 1946 5920 Ver.
1991 5861 2107 5932 Bel,

508 5926 631 5983 (Δι’.
667 5945 701 6002 ρ
749 5929 925 6004 1115.)
973 5927 1283 5990 διιιιοεκειι.

2212 4803 2398 4860 llonnc
2437 4803 2600 4871 1581,
2654 4821 2748 4876 per
2798 4805 3074 4862 Francisc.
3129 4805 3428 4862 Zannetnm
3470 4815 3523 4862 et
3570 4807 3811 4877 repetita:

2213 4910 2394 4970 postea
2427 4910 2552 4956 sunt
2569 4898 2988 4956 accuratiusaC.
3007 4899 3250 4956 Macroin
3268 4899 3462 4956 Latinii
3487 4899 3622 4956 Bibl.
3654 4901 3805 4956 Sacr.

2195 5001 2265 5047 .et
2316 4991 2462 5046 Pref.
2507 5007 2559 5062 p.
2606 4993 2729 5050 191.
2770 4991 2994 5048 Codices
3029 4991 3246 5064 quidem
3277 5008 3382 5048 non
3413 4993 3662 5058 habebat,
3695 5004 3814 5082 utc-
3885 5025 3894 5031 -

2213 5083 2368 5146 batur
2395 5093 2570 5140 tamen
2609 5084 2854 5140 codicum
2893 5084 2961 5140 ab
2988 5084 3108 5142 aliis
3152 5085 3488 5144 laudatorum
3521 5087 3810 5154 varietate;

2289 5289 2362 5359 (α)
2378 5287 2710 5362 Qntcbrevcs
2731 5299 2784 5346 et
2799 5288 3092 5362 perspicuae
3107 5288 3396 5359 ipSuJunio
3418 5289 3542 5345 visae
3557 5299 3679 5362 sunt
3699 5279 3816 5362 ani-

2216 5361 2646 5434 madversiones,
2670 5360 2872 5418 eadem
2890 5372 2945 5419 et
2961 5361 3232 5434 Scaligero
3247 5362 3594 5432 castigatione
3609 5360 3813 5434 dignis—

2214 5445 2397 5498 Smnn,
2429 5433 2920 5491 ctSchoeuetuann
2966 5433 3127 5489 mera:
3173 5433 3556 5488 hariolationcs
3617 5433 3814 5488 habita:

2215 5513 2360 5558 sunt.
2410 5523 2428 5555 ι
2456 5503 2817 5562 [lectissimus
2860 5505 3148 5562 Gretserus
3193 5506 3360 5561 edidit
3396 5504 3814 5560 vindicationem

2218 5575 2574 5643 quorun'tdant
2626 5577 2866 5632 locorum
2920 5577 3425 5632 'l‘erlullitmicorum
3475 5593 3504 5632 a
3539 5576 3816 5632 Francisci

2217 5646 2362 5720 Junii
2399 5647 2705 5720 Calvinistze
2742 5649 3232 5720 depravationibus.
3277 5648 3332 5702 1n
3385 5663 3512 5720 opp.
3542 5649 3723 5720 Gretz.
3773 5655 3827 5719 t._

2219 5717 2296 5787 V,
2321 5734 2444 5791 pars
2471 5717 2536 5784 ν,
2569 5736 2619 5791 p.
2653 5721 2783 5786 505,
2811 5717 2939 5778 edit.
2976 5719 3254 5791 Ratisbnn.
3289 5717 3519 5776 1735.12
3554 5738 3573 5770 ι
3607 5719 3739 5774 Enn.

2289 5789 2364 5862 (b)
2397 5791 2545 5846 llanc
2571 5789 2866 5850 editionem
2902 5791 3168 5848 l-icnatum
3197 5789 3544 5862 Laurentium
3589 5791 3816 5848 Lutetia:

2218 5861 2475 5918 Parisiur.
2506 5865 2668 5932 15811,
2701 5865 2910 5920 Barrmo
2955 5874 3174 5918 attcture
3201 5863 3434 5919 edidisse
3457 5861 3647 5918 Junius
3675 5863 3817 5923 seri-

2217 5933 2316 5992 b;t.
2361 5935 2439 5992 ’l‘u
2473 5937 2592 5999 \ide
2615 5953 2715 6003 suo
2747 5936 2864 5993 loco
2890 5953 2916 5990 ιι
2947 5935 3098 5992 nobis
3125 5935 3284 5992 dicta.
3329 5937 3642 5996 εωίωςλωι.
