4082 6338
288 353 355 411 45
1741 355 2127 415 ΡΠᾹΞΡΑΤΙΟ.
3512 371 3586 429 46

218 506 221 513 λ
290 470 456 524 insunt
481 480 699 539 quoque
720 474 772 524 ct
801 464 861 521 P.
886 465 1122 523 Ciaconii
1153 467 1397 525 Toletani
1429 466 1670 541 qncedam
1691 468 1885 543 partim
1912 473 1965 533 Α
1992 474 2124 527 satis
2170 472 2491 542 praedicabo.
2523 474 2833 549 Quanquam
2860 476 3016 535 valde
3060 478 3351 538 Voluissem
3387 482 3589 542 diutius

289 565 600 635 exingenio,
632 565 821 634 partim
851 578 915 618 ex
936 561 1072 617 Cod.
1094 563 1374 620 Vaticano.
1410 565 1675 621 Castorum
1722 576 1880 639 typo-

286 664 476 712 mmet
504 655 708 714 chartae
736 656 912 713 nitore
952 654 1241 712 admodum
1290 658 1407 714 lucc
1456 656 1683 716 eruditis
1728 674 1880 716 cout-

285 747 579 805 mendatur.

1003 844 1166 904 1599.

350 938 448 995 Eo.
503 939 1340 999 Paululam-HEtnuLBencsNSIS
1409 941 1472 998 li.
1514 973 1586 983 —
1638 941 1874 1002 Heidelb.

285 1034 416 1107 apud
462 1033 767 1091 Commelin.
817 1036 855 1093 l.
911 1036 1157 1108 Repetita
1201 1037 1510 1094 Pameliana
1556 1038 1642 1094 Du
1681 1038 1803 1094 Pin.

996 1154 1156 1212 1599.

346 1247 575 1303 Coloniae
635 1248 777 1319 apud
844 1248 1060 1305 Arnold.
1137 1246 1378 1321 Mylium.
1448 1249 1538 1307 12.
1598 1249 1664 1320 Q.
1729 1251 1878 1322 Sept.

282 1341 419 1399 Flor.
451 1342 827 1399 Tertullianus
874 1343 1007 1401 liber
1047 1344 1112 1400 de
1142 1336 1639 1419 prmscriptibnibus
1686 1347 1882 1404 adver-

281 1451 367 1493 sus
417 1437 735 1508 llzcreticos,
765 1453 834 1495 ex
858 1438 947 1497 ed.
991 1448 1046 1497 et
1074 1454 1197 1497 cum
1224 1442 1660 1501 annotationibus
1697 1440 1882 1505 Jacobi

281 1530 530 1590 Pamelii.

460 1694 476 1709 ,
1027 1628 1189 1688 1599.

354 1740 371 1773 ι
401 1719 607 1776 Vensxo
631 1734 859 1778 GALLICA
888 1720 951 1778 ll.
1009 1721 1207 1780 lterum
1256 1723 1401 1805 edita
1431 1723 1523 1782 lib.
1558 1722 1639 1783 De
1685 1722 1886 1783 Corona

283 1827 373 1885 per
398 1813 583 1870 eumd.
612 1813 950 1871 Florimund.
983 1815 1066 1873 Ad
1093 1816 1295 1875 calcem
1345 1826 1503 1876 tract.
1538 1819 1779 1892 ejusdem
1817 1820 1886 1879 de

285 1906 611 1967 Antichristo
635 1916 688 1965 et
712 1909 1053 1981 Antipapissa
1079 1910 1347 1968 Johanna.
1383 1932 1402 1966 ι

618 2026 917 2088 SECULO
937 2028 1098 2088 XVII.
1124 2030 1260 2090 1601
1292 2063 1363 2075 -—
1389 2032 1548 2092 1700.

1001 2151 1025 2206 1
1036 2148 1162 2207 600.

376 2242 581 2297 Parisiis
627 2259 718 2314 per
764 2244 1000 2319 Ambros.
1048 2242 1294 2300 Drouart.
1326 2244 1381 2302 8.
1416 2242 1721 2301 Tertulliani
1750 2242 1886 2301 liber

297 2333 363 2391 de
386 2334 553 2392 Pallio
577 2351 697 2393 cum
729 2338 1175 2410 interpretatione
1211 2338 1402 2412 gallica
1444 2348 1501 2396 et
1534 2338 1677 2395 notis
1706 2337 1886 2394 latinis

284 2426 438 2482 Etim.
502 2427 757 2486 Ricberii.
825 2431 844 2503 (
893 2429 1006 2488 Cat.
1066 2432 1129 2487 de
1178 2432 1230 2487 la
1291 2431 1540 2489 Bibliotlt.
1612 2431 1685 2487 du
1743 2430 1880 2502 Roy.

277 2537 331 2591 ρ.
362 2518 527 2593 564.)
1248 2554 1255 2559 -

1001 2618 1160 2676 1601.

342 2709 449 2767 En.
511 2708 1343 2770 Pusmm-Humnmsncsusrs
1408 2712 1495 2770 lli.
1538 2743 1609 2755 —-
1672 2711 1882 2770 Heidel-

264 2805 465 2877 θηρῶ.
526 2804 565 2861 l'.
617 2822 668 2863 c.
722 2807 867 2863 notis
946 2807 1189 2864 Pamelii.
1248 2804 1437 2863 Sand.
1499 2805 1648 2864 Cave.
1718 2808 1882 2864 Eam-

266 2896 399 2955 dem
453 2897 563 2955 hoc
618 2912 761 2956 anno
811 2897 1025 2956 Genera:
1079 2898 1345 2972 prodiisse
1400 2900 1661 2973 Dupinius
1715 2899 1883 2958 adno-

268 2992 430 3048 tavit.

1005 3065 1168 3124 1601.

347 3159 580 3215 Colonia
607 3159 1035 3234 Agripp.in-12.
1078 3160 1211 3218 Tres
1257 3161 1563 3234 gravissimi
1608 3171 1884 3235 perpetuae

269 3251 570 3309 Catholij
622 3254 743 3311 ﬁdei
791 3254 1106 3312 constantia:
1165 3262 1349 3311 testes.
1400 3253 1768 3311 Tertullianus
1816 3254 1884 3311 de

1985 564 2126 635 apud
2156 580 2243 622 me
2283 567 2641 639 delituisscnt,
2688 571 2861 629 donec
2911 571 3015 629 illis
3059 575 3127 630 ab
3156 575 3370 647 ingenio
3401 589 3589 635 nostro

1983 655 2262 715 decentior
2290 661 2467 717 cultus
2495 663 2833 721 accessisset.
2864 665 2971 723 Sed
2996 667 3109 739 jam
3140 681 3335 741 sponte
3364 687 3589 729 curren-

1982 759 2090 808 tem
2114 752 2353 810 incitavit
2380 756 2566 813 nescio
2594 757 2710 828 quis
2731 757 2955 827 clamor,
2987 770 3045 816 ut
3064 761 3179 818 hzec
3208 763 3485 834 publicare
3508 765 3587 821 fe-

1980 845 2260 916 stinarem,
2293 863 2400 921 quo
2428 850 2715 930 satisﬁerct
2740 852 3040 910 curiositati
3070 855 3307 925 illorum,
3350 859 3439 930 qui
3476 860 3588 928 pati

1983 955 2090 996 non
2138 951 2431 1013 poterant,
2475 924 2618 1003 liunc
2664 945 2857 1002 exilem
2906 956 2961 1005 et
3007 946 3300 1021 fugientem
3343 924 3588 1022 gloriolae

1983 1032 2327 1105 splendorem
2347 1036 2415 1092 ad
2436 1052 2525 1093 me
2550 1040 2873 1110 pertingere.
2902 1060 2920 1093 ›

2278 1192 2281 1197 ,
2706 1152 2869 1212 1605.
2924 1196 2933 1201 .

2058 1242 2313 1301 Gronovio:
2339 1288 2356 1315 ,
2422 1247 2476 1301 in
2542 1245 2636 1314 οΙΪ.
2697 1247 2864 1303 Andr.
2940 1246 3242 1306 Petriaonii.
3309 1250 3375 1319 ρ.
3436 1251 3585 1325 Sept.

1986 1334 2132 1394 Flor.
2211 1338 2531 1396 Tertulliani
2608 1338 2678 1396 de
2748 1341 3255 1414 Prmscriptionibus
3328 1343 3590 1401 adversus

1986 1444 2176 1487 omnes
2213 1429 2501 1489 haereticos
2542 1430 2698 1499 liber,
2740 1432 3028 1491 distinctus
3073 1434 3130 1490 in
3181 1434 3357 1508 capita
3385 1445 3442 1493 et
3470 1436 3593 1492 bre-

1990 1524 2147 1581 vibus
2191 1524 2577 1597 notationibus,
2610 1542 2676 1584 ex
2714 1527 2901 1589 Jacobi
2938 1528 3163 1587 Pamelii
3190 1531 3592 1589 commentariis

1988 1604 2308 1677 illustratus.

2712 1715 2873 1775 1607.

2061 1806 2158 1865 Eo.
2191 1806 3039 1869 PAMELIANA-FBANECKERE.1“.
3071 1840 3145 1854 --
3171 1810 3509 1871 Franeckerw
3552 1814 3593 1870 l'.

1913 1890 1962 1953 Β
1990 1904 2220 1975 repetita
2244 1902 2331 1963 ed.
2357 1920 2407 1964 a.
2445 1906 2608 1964 1507.
2628 1907 2797 1965 Saml.
2824 1907 3035 1966 Genera;
3058 1910 3094 1967 l’.
3124 1924 3174 1967 c.
3207 1918 3320 1968 not.
3349 1909 3595 1970 Pamelii.

1989 1998 2076 2056 Du
2095 1997 2221 2057 Pin.

2062 2208 2158 2265 En.
2205 2114 2881 2271 Pausuma-Panrsirgfssts
2918 2212 3099 2272 IV.——
3127 2212 3309 2272 Puris.
3361 2218 3397 2271 t'.
3434 2228 3592 2290 repe-

1988 2302 2108 2360 titio
2134 2303 2476 2375 Pamelianze,
2511 2307 2683 2364 Paris.
2719 2306 2878 2367 1598.
2912 2308 3083 2366 Sand.
3116 2307 3279 2367 Fabr.
3300 2309 3449 2383 Cave.
3478 2312 3594 2369 Cat.

1989 2395 2126 2462 Bibl.
2150 2395 2365 2455 Barber.
2395 2397 2536 2456 Mus.
2564 2398 2719 2456 Britt.

2718 2493 2881 2553 1609.

2058 2587 2157 2645 En.
2186 2587 2953 2648 PAMELIANA-ANTVERPIENSIS
2997 2587 3082 2649 III.
3126 2620 3199 2635 -—
3226 2592 3382 2667 Apud
3438 2592 3595 2653 Com-

1986 2682 2159 2738 melin.
2234 2681 2274 2737 f.
2325 2682 2594 2757 Repetitio
2642 2684 2984 2744 Pamelianm.
3053 2689 3215 2745 Antv.
3268 2687 3429 2747 1585.
3480 2689 3591 2746 Fa-

1988 2776 2112 2833 bric.

2714 2874 2874 2932 1610.

2060 2967 2161 3025 En.
2230 2966 2903 3026 i’ulELlANA-PARISIENSIS
2977 2967 3070 3026 Ψ.
3140 3000 3212 3011 -
3271 2970 3510 3034 Parisiis.
3554 2979 3598 3036 l.

1987 3064 2174 3121 eadem
2204 3063 2455 3123 laudante
2482 3064 2692 3122 Oudiuo
2718 3082 2773 3137 p.
2802 3063 2941 3123 218..
2965 3062 3030 3121 Τ.
3097 3065 3140 3122 l.
3172 3065 3479 3129 Comment.
3521 3073 3592 3132 de

1985 3157 2083 3217 SS.
2116 3160 2268 3217 Rom.

2708 3255 2870 3313 1612.

270 3348 801 3421 praescriptionibus.
881 3348 1201 3407 Vincentius
1256 3348 1557 3406 Lirinensis
1625 3349 1885 3407 adversus
1912 3335 1958 3399 C
2068 3345 2400 3419 Francofurti
2430 3346 2500 3403 ad
2527 3346 2792 3417 Moenum,
2832 3350 2972 3421 typis
3002 3350 3385 3411 Richtcrianis.
3426 3357 3596 3414 Joan-

281 3438 536 3509 proianas
578 3443 821 3498 omnium
872 3442 1150 3501 baereseon
1208 3444 1549 3501 novationcs.
1611 3442 1882 3500 Edmundi

282 3530 561 3604 Campiani
599 3534 764 3592 oblati
788 3537 1101 3593 certaminis
1127 3537 1178 3592 in
1225 3552 1385 3593 causa
1438 3536 1593 3594 Fidei
1646 3539 1882 3595 rationes

289 3624 496 3684 decem.
544 3628 711 3686 Catal.
768 3628 901 3687 Bibl.
950 3629 1163 3703 Regalis
1202 3627 1488 3688 Carthasim
1539 3629 1601 3687 S.
1645 3628 1878 3689 Martini.

298 3714 513 3793 Neapoli
538 3722 698 3781 1764.
720 3721 762 3780 f.

1004 3818 1165 3877 1602.

335 3894 341 3900 ’
383 3929 400 3964 ο
433 3908 483 3968 lu
510 3912 695 3971 librum
720 3913 788 3971 de
813 3912 1295 3987 Prtescriptianibus
1321 3920 1475 3971 notas
1503 3912 1672 3971 edidit
1698 3912 1881 3973 Justus

318 3999 540 4064 Calvinus
560 4008 611 4064 in
628 4008 769 4065 libro
788 4008 1075 4082 Moguntiae
1096 4008 1242 4066 edito
1263 4010 1361 4066 sub
1386 4008 1487 4066 hoc
1514 4009 1670 4066 titulo
1690 4026 1705 4067 :
1729 4009 1881 4065 Prw-

320 4096 618 4169 scriptionum
659 4102 900 4160 adversus
939 4102 1200 4161 Inereticoa
1228 4110 1585 4176 perpetuarum
1636 4111 1881 4159 tractatus

318 4201 413 4245 δα.
440 4208 457 4244 ι

1037 4295 1161 4350 605.

1001 4294 1068 4350 16
1147 4334 1161 4349 .

318 4376 324 4383 ’
384 4400 402 4435 ι
434 4383 685 4445 Theodori
733 4386 927 4444 Petreii
972 4295 1237 4447 conﬁisio
1279 4387 1657 4447 Tcrtullianica
1698 4394 1751 4444 et
1777 4386 1886 4459 Cy-

318 4472 545 4543 prianaua
572 4481 623 4537 in
650 4479 717 4535 IV
744 4480 870 4537 libr.
898 4482 1121 4555 digesta.
1157 4483 1351 4553 Paris,
1386 4483 1546 4539 in-8°.
1590 4501 1609 4536 ι

1008 4576 1169 4633 1605.

1991 3439 2070 3495 nis
2099 3457 2131 3494 a
2163 3440 2367 3497 Wower
2405 3440 2811 3498 cmendationes
2862 3441 3159 3514 epidictico:
3200 3443 3267 3499 ad
3311 3445 3377 3515 Ω.
3440 3447 3592 3520 Sept.

1989 3532 2134 3591 Flor.
2180 3533 2497 3591 Tertulliani
2552 3548 2739 3605 opera.
2794 3532 2907 3591 Cat.
2954 3535 3018 3591 de
3059 3535 3110 3591 la
3150 3533 3291 3592 Bibl.
3332 3538 3402 3595 du
3452 3540 3593 3614 Roy.

1990 3646 2042 3700 p.
2077 3628 2204 3687 565.

2727 3722 2888 3781 1612.

2066 3837 2084 3870 ι
2111 3818 2310 3875 Vensro
2334 3833 2557 3875 GALLICA
2601 3821 2659 3875 ll.
2687 3817 2869 3876 Tract.
2899 3816 3405 3897 Praescriptionum,
3432 3824 3595 3886 Bros-

1986 3927 2097 3972 saec
2120 3914 2434 3987 interprete,
2451 3916 2621 3973 Paris.
2652 3915 2811 3972 in~8°.
2827 3934 2845 3969 ι

2708 4011 2873 4067 1615.

2061 4100 2277 4159 Lutetia:
2314 4101 2653 4157 Parisiorum.
2683 4100 2769 4157 Ea:
2797 4100 2891 4171 o/f.
2924 4101 3281 4172 Plautiniana,
3312 4109 3451 4180 apud
3481 4108 3595 4167 Ila-

1990 4195 2158 4251 drian.
2204 4194 2383 4253 Perier
2401 4238 2419 4265 ,
2448 4198 2529 4250 via
2556 4195 2801 4251 Jacobea.
2825 4194 2893 4264 Q.
2918 4196 3170 4268 Septimii
3196 4198 3343 4256 Flor.
3371 4201 3593 4260 Tertul-

1993 4291 2123 4347 liani
2162 4291 2559 4364 Apologeticus.
2594 4284 2901 4347 Desiderids
2946 4290 3214 4350 IIeraldus
3255 4310 3322 4350 ex
3352 4297 3593 4370 antiquis

1986 4382 2143 4441 libris
2192 4384 2528 4450 emendavit,
2576 4383 2966 4439 commentario
3008 4383 3145 4441 libro
3188 4385 3492 4456 illustravit,
3539 4399 3598 4445 et:

1990 4478 2126 4536 duos
2182 4479 2580 4551 digressionum
2646 4478 2854 4548 libros,
2913 4477 3110 4550 quibus
3159 4480 3404 4553 ejusdem
3459 4481 3593 4540 Ter-

1986 4572 2196 4629 tulliani
2250 4581 2305 4629 et
2358 4572 2585 4629 aliorum
2654 4571 2977 4642 scriptorum
3035 4573 3261 4645 plurima
3315 4576 3433 4633 loca
3484 4591 3593 4648 qua

382 4658 609 4739 Francof.
639 4668 693 4723 8.
717 4667 806 4723 Jo.
825 4686 856 4724 α
878 4667 1101 4726 Wower.
1135 4669 1551 4728 Emendationes
1574 4669 1882 4741 Epidictica:
1907 4648 1963 4708 D
1986 4666 2363 4733 emendantur,
2394 4681 2499 4738 qua
2528 4666 2870 4737 extilicantur
2895 4673 2949 4721 et
2978 4665 3333 4735 illustrantur,
3366 4668 3588 4740 adjecit.

316 4752 379 4809 ad
421 4757 478 4827 ρ.
527 4760 581 4816 S.
626 4762 710 4819 Fl.
762 4763 1075 4821 Tertulliani
1122 4781 1305 4838 opera.
1367 4784 1386 4819 ι
1447 4766 1537 4822 Jo.
1592 4782 1624 4820 a
1682 4765 1886 4823 Wower

318 4842 473 4906 lectori
495 4870 507 4906 :
528 4854 689 4913 Totus
720 4856 1054 4935 bic‘libellus
1083 4875 1190 4915 non
1223 4869 1328 4917 tam
1359 4860 1411 4916 in
1440 4859 1694 4932 speciem,
1717 4875 1884 4930 quam

316 4948 455 4996 “Sum
490 4958 699 5015 paratus
744 4951 1151 5009 emendationes
1181 4954 1464 5025 promittit,
1507 4951 1700 5024 quibus
1746 4951 1877 5008 Ter-

316 5031 503 5095 tulliani
525 5056 684 5114 Opera
724 5045 948 5102 inﬁnitis
978 5047 1185 5103 mendis
1215 5049 1529 5116 liberantur,
1560 5063 1654 5105 eas
1696 5063 1883 5105 exem-

312 5122 399 5189 pio
420 5142 642 5192 veterum
668 5137 992 5209 Epidicticas
1032 5140 1317 5212 inscripsi;
1360 5142 1484 5213 quia
1531 5142 1803 5214 specimen
1829 5149 1884 5197 et

308 5226 646 5300 αέθκυθάρισμα
697 5232 918 5302 majoris
958 5235 1175 5305 operis;
1231 5236 1317 5290 cui
1368 5250 1491 5305 me,
1561 5251 1719 5309 quam
1776 5236 1883 5307 pri-

308 5322 446 5372 mum
488 5336 577 5390 per
612 5339 797 5382 rerum
836 5342 1075 5384 mearum
1114 5330 1427 5387 varietatem
1468 5330 1667 5398 licebit,
1706 5330 1884 5399 accin-

306 5415 441 5473 8³111.
466 5410 787 5474 Beneﬁcium
824 5428 1003 5477 tamen
1056 5422 1289 5493 illarum,
1324 5440 1393 5481 ne
1421 5424 1547 5495 quid
1573 5438 1744 5493 erres,
1773 5439 1881 5480 non

305 5502 413 5555 tam
456 5505 599 5577 nubi,
646 5526 809 5583 quam
840 5512 1031 5571 Fulvio
1060 5514 1275 5583 Ursino,
1328 5518 1692 5575 eruditissimo
1740 5519 1878 5587 viro,

297 5590 491 5668 debes;
519 5619 583 5669 ex
609 5606 778 5678 ipsius
799 5610 943 5666 enim
982 5611 1141 5681 libro,
1175 5613 1264 5685 qui
1293 5611 1346 5669 in
1380 5613 1710 5671 Bibliotheca
1741 5614 1885 5670 Vati-

289 5704 425 5750 cana
447 5709 770 5771 asservatur,
799 5719 862 5759 ea
908 5706 1171 5776 cxcerpsi,
1200 5716 1254 5763 et
1281 5723 1350 5764 ne
1382 5696 1543 5764 .ﬁdes'
1565 5723 1684 5765 mea
1740 5707 1882 5779 apud

289 5787 537 5846 te'dubia
582 5793 737 5850 istius
767 5795 888 5852 libri
937 5813 1089 5853 usum
1120 5800 1251 5855 mihi
1296 5802 1563 5859 concessit
1606 5802 1749 5859 doct.
1798 5803 1880 5859 vir

281 5878 594 5943 Dominieus
616 5887 942 5962 Raynaldus,
967 5891 1208 5962 ejusdem
1236 5894 1372 5951 Bibl.
1389 5896 1561 5965 praei,
1578 5896 1729 5967 cujus
1755 5911 1881 5968 erga

278 5990 372 6034 me
433 5978 819 6041 humanitatem
854 5995 930 6063 et
1002 5987 1268 6063 singulare
1322 5990 1555 6049 studium
1606 6007 1876 6066 nunquam

1988 4762 2068 4820 Μ.
2096 4764 2313 4819 Minucii
2341 4763 2532 4819 Felicis
2560 4762 2817 4818 Octavius.
2850 4761 3161 4819 Desiderius
3187 4763 3445 4819 I‘leraldus
3471 4764 3584 4821 MS.

1987 4860 2119 4932 Reg.
2171 4875 2273 4930 ope
2312 4858 2618 4916 emendavit
2677 4869 2732 4914 et
2778 4866 2930 4913 notas
2973 4855 3178 4912 addidit
3221 4857 3472 4929 (Minucii
3521 4859 3586 4916 F.

1986 4952 2124 5008 libro
2166 4952 2455 5023 peculiaris
2472 4959 2651 5008 tamen
2695 4950 2876 5006 titulus
2926 4953 3237 5021 praeligitur,
3279 4967 3437 5021 quem
3483 4969 3585 5008 suo

1985 5048 2105 5105 loco
2135 5046 2305 5120 vide).
2334 5046 2391 5101 lu
2422 5045 2758 5103 emendando
2792 5046 2892 5101 hoc
2922 5044 3231 5100 Tertulliani
3278 5044 3414 5101 libro
3453 5062 3610 5117 usus

1986 5152 2068 5199 est
2122 5140 2384 5199 Heraldus
2446 5140 2655 5197 duobus
2707 5138 2864 5194 codd.
2923 5136 3073 5193 MSS.
3137 5135 3309 5192 altero
3360 5136 3585 5201 Puteani

1987 5236 2151 5309 patris
2179 5250 2274 5307 per
2296 5234 2433 5290 ﬁlios
2458 5243 2637 5290 tamen
2657 5234 2757 5302 ipsi
2775 5232 3187 5294 communicato,
3207 5231 3374 5287 altero
3394 5231 3584 5289 Jacobi

1986 5329 2285 5401 Bongarsii.
2313 5328 2469 5383 Illum
2513 5327 2615 5383 etsi
2656 5326 2763 5398 jam
2807 5323 2934 5380 olim
2984 5323 3305 5381 adhibuerat
3352 5325 3586 5382 Jacobus

1985 5425 2274 5488 Pamelius,
2306 5432 2484 5480 tamen
2509 5422 2735 5478 aliorum
2783 5419 3038 5473 librorum
3068 5418 3317 5489 prmsldio
3348 5419 3579 5476 destitu-

1987 5530 2093 5588 tus,
2126 5534 2232 5574 non
2258 5517 2609 5589 spicilegium,
2663 5513 2758 5570 sed
2800 5526 3031 5569 messem
3058 5513 3318 5584 integram
3351 5514 3585 5575 Heraldo

1983 5614 2266 5687 reliquisse
2306 5610 2608 5667 videbatur.
2654 5609 2857 5664 Praeter
2907 5607 3124 5664 codices
3161 5608 3291 5663 istos
3335 5608 3585 5666 adhibuit

1985 5709 2145 5765 etiam
2171 5706 2370 5762 librum
2400 5702 2604 5774 Cujacii
2630 5717 2792 5759 manu
2824 5709 3088 5769 notatum,
3114 5715 3273 5772 quem
3302 5701 3582 5776 Bongarsii

1984 5820 2114 5862 cura
2144 5811 2332 5859 nactus
2360 5808 2514 5866 erat;
2543 5799 2705 5869 unde,
2737 5814 2854 5871 qua:
2894 5813 2961 5854 ex
3010 5812 3070 5852 re
3113 5811 3236 5853 esse
3273 5796 3586 5859 viderentur

1983 5898 2199 5954 laudato
2225 5895 2460 5951 auctoris
2491 5893 2707 5948 nomine
2753 5889 3108 5973 deprompsit.
3141 5909 3159 5940 ι
3194 5888 3250 5943 In
3290 5888 3586 5951 Commen-

1987 5993 2120 6049 tario
2150 6002 2383 6063 nostro,»
2412 5993 2600 6065 inquit,
2625 5992 2756 6047 «hoc
2777 5994 3257 6062 temperamentum
3290 5992 3440 6058 sequi
3471 5995 3587 6043 Stu-
