4084 6344
470 334 541 392 t7
658 301 664 307 ’
1922 328 2314 391 ιιιιιειτΑτιο.
3703 322 3778 381 is

472 451 707 517 duimus,
733 457 791 505 ut
839 462 1014 522 neque
1051 461 1113 505 ea
1141 459 1259 519 qua:
1303 445 1645 519 mediocriter
1690 446 1913 505 eruditis
1943 450 2075 505 satis
2101 449 2153 510 Α
2178 450 2439 516 Jacobam,
2469 450 2561 505 sub
2588 456 2731 506 scuto
2756 425 2933 505 solari.
2964 448 3031 517 Q.
3058 447 3209 520 Sept.
3258 447 3403 507 Flor.
3458 446 3775 506 Tertulliani

473 544 619 599 clara
660 551 807 610 sunt,
837 542 1251 606 illustrarcmns,
1279 539 1331 595 id
1363 551 1465 610 εει,
1509 540 1607 596 soli
1656 540 2074 597 accenderemus

476 635 671 704 facem,
703 650 879 708 neque
905 649 967 692 ea
997 650 1116 704 qua:
1140 634 1408 704 homines,
1437 634 1671 706 alioquin
1695 635 1954 702 eruditos,
1977 633 2075 690 sed

473 730 596 785 aliis
620 728 862 785 scientiis
880 718 1395 799 occupatos'morari
1424 726 1647 799 possint,
1678 742 1900 797 prorsus
1924 727 2076 784 inex-

476 823 659 895 plicita
699 823 1092 880 omitteremns.
1134 821 1281 878 Libri
1309 821 1464 878 istius
1504 836 1574 879 ea
1620 822 1850 877 mixtura
1876 830 1980 889 est,
2014 829 2075 878 ut

473 933 582 974 non
630 917 793 974 modo
829 916 898 975 ad
935 915 1271 972 humanioris
1301 914 1620 972 eruditionis
1654 915 1947 983 studiosos,
1977 914 2074 972 sed

471 1011 541 1068 ad
593 1010 873 1082 theologos
911 1010 1185 1082 praecipue
1227 1018 1283 1066 et
1332 1008 1734 1082 jureconsultos
1762 1007 1899 1064 adeo
1929 1008 2075 1078 ipsos

473 1105 593 1177 ejus
633 1104 792 1162 lectio
817 1104 1123 1175 pertineat;
1151 1112 1528 1175 argumentum
1554 1112 1754 1169 autem,
1785 1111 1840 1158 et
1864 1117 1983 1173 qua:
2020 1102 2074 1157 in

471 1213 539 1255 eo
559 1199 918 1269 disputantur,
950 1212 1013 1254 ea
1038 1206 1186 1262 sunt,
1225 1206 1285 1253 ut
1308 1196 1550 1253 omnium
1576 1196 1665 1267 qui
1694 1211 1723 1250 a
1751 1195 1935 1252 steculi
1962 1193 2073 1250 fer-

472 1299 658 1348 mento
686 1289 790 1346 sibi
828 1304 1021 1347 cavere
1049 1278 1260 1355 volunt,
1303 1287 1553 1345 manibus
1591 1287 1805 1345 libellus
1834 1287 1924 1343 hic
1954 1301 2076 1343 ver-

472 1387 581 1442 sari
625 1385 841 1442 debeat.
882 1384 1011 1440 Haec
1056 1382 1217 1456 igitur
1247 1382 1490 1440 fecerunt
1514 1424 1529 1451 ,
1558 1390 1617 1438 ut
1658 1381 1914 1439 nonnulla
1952 1395 2076 1452 qua:

470 1479 677 1550 absque
700 1490 887 1534 caussa
921 1475 1023 1532 hac
1046 1474 1246 1541 forent,
1279 1487 1501 1548 prorsus
1543 1474 1870 1542 amisissem,
1900 1487 2074 1545 quan-

472 1570 651 1641 doque
676 1569 943 1640 attigerim
968 1609 982 1635 ,
1015 1566 1112 1624 sed
1139 1567 1409 1639 attigerim
1456 1575 1665 1623 tantum
1693 1608 1706 1634 ,
1736 1575 1790 1623 et
1815 1575 2075 1637 quantum

474 1664 542 1719 ad
566 1663 740 1719 lucem
770 1662 903 1719 satis
925 1670 1092 1719 esset.
1116 1660 1223 1717 Sed
1247 1669 1301 1719 et
1320 1661 1445 1733 quia
1483 1675 1690 1717 morem
1718 1660 1878 1716 istum
1904 1659 2075 1717 inole-

475 1758 618 1814 visse
642 1755 912 1821 videmus,
934 1764 993 1811 ut
1017 1752 1269 1810 dictionis
1295 1762 1389 1810 aut
1412 1752 1547 1809 ritus
1568 1752 1792 1823 alicujus
1822 1762 1877 1807 et
1908 1750 2075 1808 moris

2181 539 2314 596 liber
2337 539 2405 597 de
2427 540 2616 598 Pallio.
2648 539 2896 597 Claudias
2927 541 3216 597 Salmasius
3257 541 3549 607 recensuit,
3600 539 3802 618 cxpli-g

2179 634 2340 701 cavit,
2371 634 2512 690 notis
2543 633 2849 690 illustravit.
2881 632 3143 690 Notarum
3182 633 3317 690 liber
3346 633 3497 688 titulo
3522 633 3778 704 peculiari

2177 727 2393 799 gaudet.
2421 729 2500 784 Ac
2527 727 2595 785 de
2625 728 2708 784 his
2735 728 2865 784 satis
2893 727 3109 798 quidem
3131 737 3372 792 conStat;
3403 726 3454 782 id
3485 726 3645 782 modo
3677 742 3775 782 no-

2180 831 2295 879 tare
2318 822 2488 894 juvat,
2548 830 2747 893 praeter
2764 830 2975 877 veteres
3001 819 3265 877 editiones
3305 820 3424 876 cod.
3455 835 3615 875 manu
3645 835 3777 877 exa-

2164 923 2353 971 ratum
2378 914 2510 971 satis
2537 922 2807 970 vetustum
2838 922 2892 969 et
2913 913 3131 983 optima:
3156 923 3297 968 nota:
3323 912 3627 984 inspexisse
3656 911 3776 968 Sal-

2179 1006 2407 1062 masium
2437 1006 2660 1078 ejusque
2685 1006 3007 1077 scripturam
3041 1002 3062 1077 (
3080 1020 3202 1077 quae
3248 1020 3371 1061 cum
3401 1005 3573 1076 prima
3607 1014 3662 1061 et
3686 1019 3777 1060 se-

2177 1100 2351 1158 cunda
2378 1100 2627 1157 Rhenaui
2657 1100 2711 1155 in
2741 1100 2990 1157 omnibus
3019 1099 3134 1156 fere
3179 1098 3548 1171 consentiret)
3580 1095 3783 1170 ubique

2178 1193 2411 1250 fideliter
2438 1207 2749 1264 expressam
2778 1190 3110 1249 exhibuisse.
3143 1190 3420 1248 Dedicavit
3446 1191 3639 1247 librum
3661 1190 3754 1247 edi

2179 1295 2263 1342 tor
2288 1286 2425 1357 patri
2452 1284 2693 1357 Benigno
2727 1284 2991 1342 Salmasio
3023 1284 3076 1339 in
3122 1298 3244 1356 sup.
3277 1282 3590 1341 Dirionensi
3629 1282 3780 1341 curia

2178 1376 2325 1448 regio
2368 1377 2700 1435 consiliario.
2756 1376 2954 1433 Contra
3005 1376 3143 1432 hanc
3178 1375 3432 1434 Salmasii
3482 1376 3778 1435 editionem

2178 1470 2371 1527 eodem
2421 1485 2474 1525 a.
2508 1469 2773 1527 thedonis
2814 1487 2903 1542 ap.
2955 1468 3170 1526 lvonem
3215 1469 3487 1526 Haleciuni
3532 1481 3779 1544 typogra-

2180 1564 2337 1634 phum
2366 1562 2605 1634 juratunt
2635 1562 2831 1635 prodiit
2857 1564 3091 1619 Amos"
3145 1562 3446 1621 Κειιιιοετιι
3498 1564 3784 1621 Aremorici

2180 1655 2439 1728 (Dionys.
2472 1654 2670 1711 Petavii
2707 1671 2776 1712 ex
2805 1656 2864 1714 S.
2893 1655 2935 1711 Ι.
2962 1655 2982 1726 )
3012 1656 3514 1713 animadversorum
3541 1657 3681 1714 liher
3708 1658 3778 1715 ad

2183 1750 2394 1806 Claudii
2419 1748 2669 1807 Sahnasii
2698 1760 2853 1806 notas
2876 1749 2929 1805 in
2956 1749 3343 1807 Tertullianum
3369 1750 3437 1807 de
3460 1751 3649 1807 Pallio.
3679 1750 3781 1808 Cui

472 1851 670 1906 veteris
710 1847 996 1904 occasione
1042 1846 1290 1903 homines
1334 1845 1494 1918 paulo
1524 1845 1737 1917 longius
1782 1854 2071 1902 excurrant
2099 1852 2148 1913 Β
2178 1845 2425 1916 opposita
2459 1842 2756 1901 confutatio
2789 1841 3285 1901 animadversorum
3313 1844 3520 1899 Antonii
3552 1842 3781 1900 Kerkoe-

472 1940 805 2012 smpissime,
850 1948 905 1995 et
944 1937 1113 1993 multa
1159 1946 1411 2006 tractent,
1460 1953 1582 2009 qua:
1627 1938 1693 1993 ad
1732 1937 2072 2008 scriptorem,

473 2048 633 2105 quem
655 2046 763 2103 pra:
782 2030 1028 2086 manibus
1049 2028 1249 2087 habent
1275 2029 1672 2099 illustrandum,
1696 2028 1898 2085 faciant
1920 2030 2077 2101 plane

472 2123 607 2180 nihil
632 2140 648 2191 ;
674 2133 729 2179 et
748 2120 1125 2179 consuetudini
1154 2121 1286 2179 satis
1314 2122 1634 2189 faceremus,
1657 2129 1717 2177 et
1737 2120 2075 2177 incommoda

472 2224 677 2282 tamen,
718 2228 839 2285 quae
868 2212 994 2270 inde
1020 2222 1342 2286 sequuntur,
1376 2213 1759 2286 eﬂ‘ugeremus,
1789 2213 1989 2285 placuit
2012 2228 2076 2270 ea

472 2323 595 2379 qua:
624 2314 782 2363 erant
818 2317 1016 2380 praeter
1043 2315 1099 2363 τὸ
1123 2314 1253 2379 ἔργον
1309 2306 1364 2364 in
1407 2306 1544 2366 alios
1595 2307 1764 2362 libros
1816 2305 2073 2377 rejicere;

470 2398 685 2469 quibus‘
717 2396 839 2455 ideo
888 2397 1275 2472 Digressionum
1320 2413 1521 2455 nomen
1574 2396 1841 2454 dedimus.
1900 2398 2078 2470 Atque

470 2509 660 2549 corum
728 2493 939 2563 priore,
1004 2509 1126 2566 quae
1176 2494 1244 2550 ad
1309 2493 1680 2550 humaniorem
1740 2493 2075 2551 literaturam

471 2586 856 2659 pertinebant,
900 2586 1167 2659 complexi
1209 2601 1427 2654 sumus;
1484 2586 1781 2657 posteriore
1838 2603 1958 2658 qua:
2009 2588 2076 2644 ad

472 2682 674 2738 rituum
724 2682 1217 2740 ecclesiasticorum
1264 2682 1704 2740 illustrationem.
1760 2702 1780 2736 ›
1838 2683 2077 2755 Epistola

469 2778 798 2835 dedicatoria
852 2778 922 2836 ad
975 2777 1093 2836 Nic.
1152 2778 1497 2847 Brulardum,
1546 2779 1793 2837 Francia:
1847 2780 2078 2838 Cancel-

471 2872 684 2939 larium,
708 2881 934 2943 propter
960 2881 1264 2944 temporum
1291 2872 1516 2929 istorum
1543 2886 1703 2929 casus
1730 2871 1869 2928 lectu
1891 2873 2071 2944 digna.

478 2965 606 3022 Data
632 2975 717 3023 est
753 2965 981 3023 Lutetia:
1023 2966 1195 3022 Paris.
1241 2980 1294 3022 a.
1341 2966 1398 3022 d.
1437 2965 1556 3022 Kal.
1603 2966 1884 3024 Decembr.
1912 2966 2074 3024 1615.

472 3057 644 3131 Hujus
671 3060 791 3115 libri
840 3060 1109 3130 exemplo,
1140 3058 1288 3131 quod
1312 3058 1454 3117 Bibl.
1487 3058 1657 3131 Regio
1683 3062 1782 3115 Ac.
1815 3058 2074 3130 possidet,

470 3155 705 3211 varietas
729 3153 977 3211 lectionis
999 3151 1213 3210 Codicis
1235 3151 1350 3211 MS.
1395 3151 1588 3209 Baliol.
1616 3151 1793 3210 Oxon.
1825 3151 2074 3225 adscrip-

471 3258 524 3304 ta
563 3257 678 3306 est.

1188 3338 1352 3398 1614.

539 3433 759 3492 Parisiis
782 3435 927 3506 apud
949 3430 1018 3491 lo
1049 3432 1330 3491 Libertum.
1363 3433 1445 3492 8°.
1471 3433 1539 3503 ρ.
1568 3432 1719 3506 Sept.
1752 3432 1901 3492 Flor.
1932 3434 2069 3492 Ter-

470 3530 681 3587 tulliani
712 3529 848 3586 liber
872 3529 941 3585 de
966 3528 1156 3595 Pallio,
1182 3543 1250 3585 ex
1270 3526 1509 3585 editione
1528 3535 1585 3583 et
1608 3542 1728 3582 cum
1750 3527 2070 3599 interpreta-

470 3623 617 3681 tione
660 3624 911 3695 notisque
954 3622 1156 3679 criticis
1184 3631 1239 3678 et
1268 3620 1540 3678 historicis
1569 3618 1824 3676 Theodori
1871 3620 2069 3677 Marci-

471 3714 547 3769 lii.
580 3714 694 3772 Cat.
748 3715 812 3770 de
837 3715 888 3770 la
939 3713 1077 3770 Bibl.
1131 3713 1203 3768 du
1231 3713 1370 3786 Roy.
1402 3712 1470 3769 T.
1497 3712 1537 3769 Ι.
1569 3729 1626 3785 p.
1653 3712 1782 3770 564.
1829 3730 1885 3770 ιι.
1914 3715 1967 3771 b.
2011 3733 2067 3771 ιι.

462 3810 593 3866 462.
622 3807 757 3866 ibid.
788 3827 843 3866 ιι.
868 3808 994 3867 465.
1025 3818 1082 3866 ct
1102 3805 1218 3865 Cat.
1244 3808 1396 3863 d‘une
1415 3805 1553 3861 Bibl.
1580 3807 1613 3859 ὰ
1645 3806 1760 3861 Utr.
1787 3807 1911 3864 776.
1934 3809 1998 3864 T.
2020 3809 2064 3867 Ι.

467 3920 522 3974 p.
551 3904 679 3961 557.
709 3904 790 3960 sic
815 3919 1030 3975 quoque
1076 3902 1363 3959 laudatur:
1397 3902 1589 3972 Salyra
1618 3900 1682 3955 de
1710 3902 1869 3970 pallio
1900 3919 1950 3960 c.
1981 3904 2069 3961 in-

466 3998 850 4069 terprctatione
890 3996 1136 4053 familiari
1162 3998 1276 4054 sive
1317 3983 1577 4069 glossaﬁa
1620 4000 1677 4051 et
1701 3995 2071 4057 notationibus

464 4093 685 4165 reliquis
716 4091 971 4148 Theodori
996 4090 1243 4148 lllarcilii.

940 4255 944 4263 ι
1184 4184 1348 4242 1616.

536 4278 631 4335 En.
690 4275 1363 4338 PAMELIANA-PARISIBNSIS
1411 4282 1495 4339 ιι.
1519 4314 1593 4328 -
1641 4291 1818 4347 Pam.
1876 4288 1916 4345 ι.
1961 4288 2066 4346 Pa-

466 4369 698 4431 iueliana
729 4370 897 4428 Paris.
933 4371 1179 4443 repetita.
1213 4371 1381 4430 Sand.
1407 4375 1553 4434 Cave.

1200 4468 1362 4524 1617.

540 4558 640 4615 En.
692 4556 1304 4618 Fannius-Comata:
1371 4562 1411 4617 Ι.
1462 4593 1533 4606 --
1581 4566 1804 4624 Colonia
1845 4569 2062 4642 Agripp.

2182 1938 2238 1992 tii
2264 1937 2331 1992 ad
2358 1936 2568 1992 Claudii
2596 1934 2847 1992 Salmasii
2876 1945 3035 1993 notas
3053 1937 3109 1993 in
3138 1937 3523 1994 Tertullianum
3550 1936 3618 1995 de
3649 1938 3777 1995 Pal-

2182 2030 2273 2095 lio,
2305 2040 2523 2087 auctore
2545 2028 2832 2088 Francisco
2858 2029 3065 2087 Franco
3090 2031 3131 2087 1.
3158 2031 3222 2089 C.
3247 2032 3591 2104 Mitldelburgi
3616 2032 3780 2103 1625,

2180 2131 2381 2179 etcum
2411 2137 2540 2180 mox
2568 2124 2764 2179 iterum
2797 2123 3110 2194 prodiisset:
3137 2124 3347 2180 Antonii
3375 2123 3631 2180 Παγκραὶὶ
3658 2125 3784 2182 Arc-

2180 2215 2357 2272 morici
2382 2216 2816 2289 Mastigophorus
2840 2217 3127 2286 secundus,
3149 2218 3268 2275 sive
3288 2217 3516 2277 Elenchi
3537 2218 3783 2277 confuta-

2183 2311 2529 2382 tionis,quam
2557 2312 2815 2370 Claudius
2833 2312 3126 2370 Salmasius
3153 2313 3251 2370 sub
3277 2314 3536 2371 Clllt‘lllllo
3561 2316 3782 2373 nomine

2180 2405 2589 2462 Animadversis
2639 2404 3015 2463 Kerkoetianis
3055 2407 3327 2478 opposuit,
3360 2407 3493 2463 Pars
3520 2408 3778 2477 secunda,

2180 2501 2399 2557 Parisiis
2442 2501 2601 2568 1625,
2636 2517 2955 2574 responsum
2982 2512 3067 2559 est
3109 2503 3299 2560 eodem
3348 2520 3509 2571 anno,
3555 2505 3774 2565 Parisiis

2186 2593 2511 2667 Iiefutatione
2537 2595 2796 2667 utriusque
2835 2595 3046 2652 Elenclti
3077 2595 3231 2653 Cerco
3264 2595 3544 2667 Petauiavi,
3571 2608 3777 2657 auctore

2182 2689 2463 2746 Francisco
2515 2689 2724 2746 Franco
2781 2690 2820 2745 Ι.
2850 2691 2908 2748 C.
2941 2700 2996 2747 et
3014 2701 3201 2749 contra
3258 2692 3435 2749 denuo
3483 2694 3711 2749 emissus
3762 2711 3780 2750 :

2180 2784 2605 2857 Mastigopltorus
2634 2786 2807 2841 tertius
2834 2790 2874 2858 f.
2919 2785 3139 2842 Eleus/ti
3176 2788 3541 2860 confutationis
3570 2789 3787 2845 Salma-

2178 2879 2337 2934 sianaz
2392 2876 2529 2934 Pars
2558 2878 2647 2949 lll,
2674 2879 2801 2935 ibid.
2832 2881 2947 2936 eod.
2974 2898 3027 2937 a.
3058 2879 3142 2937 Ad
3171 2881 3558 2941 Tertullianum
3585 2901 3649 2942 ex
3679 2885 3789 2943 hac

2179 2973 2542 3030 conviciorum
2572 2984 2875 3033 mutuarum
2922 2974 3153 3035 colluvie
3205 2994 3394 3053 parum
3422 2977 3632 3038 fructus
3683 2995 3784 3039 rc-

2178 3067 2457 3126 dundavit.
3035 3114 3039 3119 .
3104 3146 3107 3147 ν
3782 3071 3789 3077 ’

2815 3166 3146 3226 1624-1630.

2099 3258 2146 3323 C
2257 3276 2277 3310 ι
2314 3257 2543 3316 EDITIO
2594 3257 2681 3314 LA
2718 3257 2973 3317 CEllDAE
3015 3262 3481 3321 IMPERFECTA.
3517 3265 3585 3335 ρ.
3624 3263 3786 3338 Sept.

2175 3349 2323 3407 Flor.
2347 3351 2661 3408 Tertulliani
2715 3353 2894 3424 prcsb.
2926 3354 3182 3429 Carthag.
3214 3373 3395 3430 opera,
3427 3360 3782 3431 argumentis,

2174 3444 2643 3515 explicationibus,
2674 3454 2730 3502 et
2761 3448 2903 3502 notis
2929 3446 3227 3520 illustrata,
3268 3451 3500 3509 authore
3542 3453 3595 3511 J.
3641 3454 3785 3512 Lun.

2176 3555 2243 3595 ne
2275 3556 2342 3596 LA
2363 3540 2588 3596 CERDA
2615 3540 2739 3598 Soc.
2765 3541 2917 3611 lssu,
2942 3557 3067 3600 cum
3109 3543 3287 3604 indice
3323 3546 3787 3619 locupletissimo,

2173 3631 2429 3701 Parisiis,
2465 3634 2769 3706 sumptibus
2816 3635 2979 3693 Miclt.
3016 3637 3236 3706 Sonnii,
3264 3640 3349 3696 via
3379 3639 3646 3711 Jacobsoa,
3677 3643 3792 3699 sub

2173 3740 2328 3813 scuto
2354 3733 2661 3802 basileensi,
2696 3743 2827 3791 tom.
2872 3735 2914 3802 l,
2945 3750 3076 3792 ann.
3096 3737 3267 3807 169.4;
3301 3747 3342 3793 t.
3367 3737 3432 3807 ll,
3458 3755 3588 3795 ann.
3613 3737 3786 3797 1630.

2174 3823 2411 3892 Quorum
2434 3827 2757 3897 priorlibros
2777 3828 3047 3886 sexdecim
3070 3831 3467 3902 complectitur,
3491 3847 3559 3889 eo
3571 3833 3794 3890 scilicet

2173 3916 2383 3984 ordine,
2416 3920 2479 3973 de
2505 3917 2683 3975 Pallio
2723 3920 2819 3976 lib.
2849 3920 2906 3989 l;
2934 3921 3249 3996 Apologetic.
3279 3923 3373 3981 lib.
3405 3924 3479 3992 ll;
3507 3925 3574 3980 de
3608 3923 3788 3981 Testi-

2172 4011 2343 4065 ntonio
2364 4009 2584 4080 Anium,
2616 4012 2709 4068 lib.
2742 4012 2839 4081 Ill;
2872 4013 2954 4069 Ad
2983 4015 3289 4089 Scapulam,
3314 4016 3407 4073 lib.
3436 4016 3526 4080 1V;
3556 4019 3620 4073 dc
3656 4006 3791 4075 Pa:-

2172 4103 2354 4161 nitent.
2372 4103 2466 4161 lib.
2483 4104 2549 4172 v;
2569 4105 2631 4161 de
2654 4105 2803 4162 Orat.
2829 4106 2924 4163 lib.
2945 4107 3043 4176 v1;
3076 4110 3144 4165 ad
3162 4109 3423 4183 Martyras
3446 4091 3538 4168 ιιι).
3559 4110 3683 4180 vn;
3712 4113 3790 4171 de

2174 4193 2403 4251 Paticnt.
2419 4194 2654 4265 lib.Vlll;
2676 4197 2742 4253 de
2764 4196 3102 4271 Spectaculis,
3121 4200 3214 4258 lib.
3232 4201 3326 4267 IX;
3358 4201 3422 4258 de
3444 4200 3783 4275 Idololatria,

2172 4286 2266 4342 lib.
2292 4287 2362 4355 X;
2391 4288 2457 4343 de
2481 4289 2657 4346 habitu
2684 4291 2942 4361 ntuliebr.,
2974 4292 3066 4348 lib.
3084 4292 3190 4362 X1;
3218 4293 3283 4350 de
3304 4293 3459 4350 Cultu
3490 4295 3785 4367 laminam.

2171 4385 2265 4442 lib.
2296 4383 2422 4452 Xll;
2454 4387 2526 4441 ad
2558 4385 2805 4457 Uxorem,
2834 4388 2927 4446 lib.
2962 4387 3077 4444 Xlll
3102 4399 3160 4447 et
3181 4389 3336 4456 XIV;
3367 4391 3431 4447 de
3460 4389 3648 4447 Coron.
3677 4392 3788 4447 nti-

2170 4479 2295 4546 litis,
2324 4479 2417 4536 lib.
2443 4479 2561 4547 XV;
2589 4481 2653 4536 de
2693 4480 2913 4537 Veland.
2964 4480 3161 4555 Virgin.
3182 4527 3196 4551 ,
3241 4483 3334 4540 lib.
3366 4482 3508 4539 XVI.
3533 4482 3679 4541 Nihil
3703 4482 3785 4542 de

2173 4571 2402 4628 editoris
2425 4586 2611 4645 cpera,
2638 4588 2739 4631 nec
2764 4574 2835 4631 de
2860 4573 3193 4633 Tertulliano
3219 4576 3477 4649 przevium
3502 4576 3780 4645 occurrit;

465 4653 562 4727 fol.
596 4653 737 4724 apud
762 4652 1041 4710 Antonium
1068 4652 1270 4713 llicrat.
1298 4658 1485 4717 eadem
1508 4674 1571 4718 ac
1588 4662 1855 4734 superior.
1885 4664 2057 4722 Sand.
2085 4664 2139 4726 D
2168 4665 2509 4739 praemittitur
2543 4675 2749 4723 tantum
2819 4668 3052 4739 epistola
3104 4669 3495 4742 nuncupatoria
3548 4656 3778 4729 Clariss.

465 4744 601 4803 Fab.
636 4745 787 4802 Cave.
822 4744 961 4803 Mus.
995 4744 1152 4804 Britt.

1193 4844 1214 4898 Ι
1226 4841 1349 4902 620.
1760 4864 1764 4868 ‘

544 4955 564 4989 ι
597 4931 811 4989 llEllM.
860 4930 1218 4991 RATHMANI
1249 4934 1575 5009 T/ieosopltia
1616 4940 1916 5013 priscorum
1965 4959 2061 5014 pa-

466 5040 609 5085 trum
658 5025 972 5082 Tertulliani
1014 5038 1070 5083 ct
1103 5026 1356 5101 Cypriani
1403 5032 1527 5089 fidei
1567 5035 1803 5106 antiqua:
1842 5048 1898 5094 et
1941 5038 2061 5096 vita:

458 5135 591 5178 vere
616 5117 932 5174 christiana:
977 5129 1125 5175 certa
1151 5129 1207 5176 et
1229 5122 1484 5178 salutaria
1516 5125 1734 5182 tradens
1764 5128 2061 5187 documen-

463 5227 553 5284 ta,
583 5231 614 5271 c
639 5212 1006 5270 monumentis
1032 5229 1221 5272 eorum
1248 5218 1482 5291 prepriis
1511 5218 1720 5277 reddita
1748 5231 1803 5280 et
1837 5225 2060 5283 recitata

458 5308 659 5369 verbis.
712 5325 732 5359 ι
776 5310 781 5317 ’

1171 5402 1332 5462 4622.

533 5521 554 5555 ι
589 5501 645 5558 ln
676 5500 796 5562 libr.
822 5499 892 5557 de
917 5499 1417 5571 Prmscriptionibus
1442 5509 1595 5560 notas
1626 5503 1795 5564 edidit
1818 5507 2062 5582 AlbaSpi-

452 5614 611 5656 naeus
652 5614 891 5656 annexas
934 5598 1103 5670 ipsius
1146 5598 1579 5657 Observationum
1628 5601 2051 5664 Ecclesiasticar.

452 5689 583 5751 libb.
614 5691 680 5749 ll‘.
720 5691 923 5760 Paris.,
956 5689 1116 5747 1622.
1149 5689 1471 5763 llcltnstud.,
1506 5695 1666 5752 1672.
1704 5715 1724 5748 ι

1169 5781 1332 5840 1622.

2169 4760 2332 4818 Heroi
2355 4760 2427 4816 ι).
2455 4760 2577 4818 Αιιι.
2607 4762 2670 4818 de
2697 4763 2749 4818 la
2772 4760 2961 4827 Cerdo,
2986 4762 3311 4833 Atanconis,
3340 4763 3487 4833 Poci,
3521 4762 3778 4821 Olmillo-

2167 4872 2287 4913 rum
2320 4854 2611 4928 toparchae,
2635 4855 2804 4914 Piozii
2831 4857 3056 4929 ejusque
3087 4855 3229 4913 areis
3272 4856 3511 4928 despotic
3529 4901 3544 4925 ,
3571 4857 3776 4914 Minoe-

2168 4951 2279 5007 nati
2334 4966 2398 5007 ac
2437 4950 2588 5007 fratri
2616 4964 2716 5007 suo
2745 4951 3140 5008 amantissimo.
3161 4949 3206 5006 1°
3232 4959 3379 5008 tomo
3397 4951 3565 5008 altera
3596 4950 3779 5022 prmli-

2164 5046 2309 5116 gitur
2342 5043 2611 5102 dedicatio
2645 5044 2852 5102 Excell.
2899 5043 3122 5116 Dynast.
3163 5043 3387 5117 Gaspari
3420 5044 3483 5100 de
3512 5043 3767 5115 Guzman,

2163 5136 2364 5194 Comiti
2388 5136 2459 5193 de
2481 5136 2741 5206 Olivares,
2761 5145 2891 5204 etc.;
2915 5152 3034 5209 quae
3060 5137 3256 5195 litterae
3276 5136 3432 5194 unice
3445 5137 3500 5194 in
3519 5136 3774 5194 laudibus

2163 5241 2514 5304 patronorum
2545 5232 2617 5289 ita
2653 5240 3000 5303 occupantur,
3034 5240 3094 5288 ut
3126 5232 3214 5288 vix
3252 5232 3420 5291 semel
3451 5231 3770 5307 Tertulliani

2164 5340 2360 5383 nomen
2392 5324 2446 5383 in
2474 5325 2543 5384 iis
2568 5325 2886 5398 appelletur.
2910 5325 2969 5381 ln
2989 5325 3029 5379 l°
3046 5333 3177 5381 tom.
3192 5327 3447 5399 quinque,
3470 5325 3591 5383 libri
3611 5341 3771 5399 seqq.

2161 5420 2508 5476 continentur
2538 5436 2550 5475 :
2583 5417 2663 5475 De
2690 5418 3166 5492 Prwscriptionibus
3213 5422 3455 5476 adversus
3503 5422 3771 5478 Iiwreticos

2162 5511 2258 5568 lib.
2300 5511 2342 5569 l.
2391 5510 2471 5567 De
2512 5510 2779 5584 Baptismo
2810 5512 3052 5570 adversus
3099 5512 3402 5581 Quintilium
3441 5512 3535 5568 lib.
3579 5513 3647 5569 ll.
3690 5512 3771 5569 De

2162 5604 2348 5660 Anima
2392 5604 2484 5663 lib.
2528 5603 2614 5661 ΙΙΙ.
2669 5604 2752 5661 De
2798 5605 2962 5662 Carne
3022 5605 3212 5663 Christi
3258 5606 3501 5663 adversus
3550 5610 3771 5663 hwreses

2156 5707 2374 5771 quatuor
2428 5699 2522 5756 lib.
2574 5698 2665 5755 ιν.
2732 5698 2816 5756 De
2873 5699 3262 5758 Resurrectione
3321 5700 3505 5757 Carnis
3558 5701 3654 5759 lib.
3696 5701 3764 5758 ν.

2153 5792 2349 5850 Cteteri
2393 5791 2708 5850 Tertulliani
2782 5793 2906 5852 libri
2972 5795 3384 5864 desiderantur,
3441 5792 3767 5851 dolendum-

520 5874 739 5934 Lutetia:
781 5874 1120 5944 Parisiorum,
1178 5885 1365 5950 sumpt.
1397 5876 1446 5938 ὁ.
1485 5877 1634 5939 Ilier.
1687 5878 1914 5946 Drouart
1967 5884 2049 5943 via
2149 5900 2254 5960 quc
2319 5893 2406 5946 cst
2454 5885 2825 5963 imperfectam
2883 5888 3211 5949 remansisse
3266 5888 3405 5949 hanc
3468 5888 3763 5950 editionem
