4082 6338
3349 316 3374 350 \

334 351 413 409 49
1791 352 2182 417 PREFATIO.
3574 378 3646 439 50

337 468 526 542 iniquo
572 468 863 542 supercilio
891 470 1204 547 plerumque
1241 472 1570 548 despectant.
1614 475 1671 534 ln
1712 486 1940 550 utroque
1966 476 2022 537 A
2046 477 2226 546 simus,
2259 478 2361 536 nisi
2407 480 2531 538 locis
2559 482 2844 543 admodum
2871 489 3071 560 paucis,
3109 509 3371 573 nunquam
3400 513 3642 570 supressa

303 573 473 634 ,tom.
496 563 645 621 edito
688 576 866 622 textus
895 568 1158 639 capitibus
1185 584 1216 624 a
1256 569 1488 626 Pamelia
1528 570 1761 628 editione
1782 587 1937 643 .acce-

336 657 463 729 ptis,
493 672 596 715 nec
626 672 731 715 non
765 667 820 717 ct
844 675 1002 733 quam
1033 662 1276 734 plurimis
1304 665 1630 723 sectionibus
1651 665 1936 739 distingui-

336 761 447 807 tur.
513 751 723 825 Cuiquc
760 753 906 827 libro
953 757 1295 826 praemittitur
1346 759 1509 817 breve
1560 772 1935 833 argumentum

332 844 500 911 nimis
523 844 804 917 jejunum;
831 848 1057 921 singulis
1086 866 1218 908 vero
1241 852 1505 923 capitibus
1536 854 1747 923 tituius,
1791 870 1939 911 sum-

332 939 495 996 marit
520 940 710 1010 instar,
760 942 1106 1015 locupletior:
1135 946 1359 1019 singulis
1396 956 1576 1004 autem
1608 950 1938 1008 sectionibus

328 1034 621 1106 subjicitur
647 1038 934 1109 esplicatio
959 1039 1012 1095 in
1038 1054 1144 1112 qua
1177 1048 1350 1099 textus
1377 1054 1774 1118 παραφραστικὼς
1796 1047 1939 1103 evol-

328 1126 496 1195 vitor,
524 1130 907 1203 completoque
925 1133 1102 1204 capite
1129 1134 1364 1191 subeunt
1388 1138 1733 1208 amplissimze
1760 1148 1901 1194 uota:
1918 1182 1934 1209 ,

326 1234 399 1277 eo
419 1219 703 1277 uberiores
724 1238 828 1293 quo
844 1224 1073 1296 amplius
1090 1228 1288 1284 crescit
1314 1242 1465 1301 Opus,
1490 1230 1542 1285 in
1568 1232 1855 1288 verborum
1883 1240 1939 1289 et

324 1313 595 1371 orationis
646 1315 1005 1375 illustratione
1043 1320 1307 1392 plurimae,
1359 1323 1640 1393 pauciores
1666 1325 1719 1381 in
1753 1342 1933 1383 rerum

324 1423 396 1465 ac
423 1408 742 1482 dogmatum
773 1409 1132 1484 indagatione,
1156 1414 1210 1472 in
1238 1425 1463 1489 utroque
1488 1434 1776 1491 parumper
1806 1436 1935 1491 pro-

327 1499 482 1570 lixae,
520 1504 833 1575 neutiquam
878 1521 1006 1563 vero
1035 1509 1255 1564 omnino
1288 1509 1591 1583 superﬂuae.
1618 1512 1701 1568 Ad
1728 1513 1933 1570 calcem

320 1603 456 1649 tom.
490 1594 536 1649 ι.
561 1595 835 1653 adduntur
858 1598 912 1654 in
940 1598 1063 1656 libr.
1110 1600 1180 1658 dc
1228 1602 1404 1660 Pallio
1441 1604 1856 1663 exercitationes
1881 1606 1933 1663 in

319 1674 524 1760 quibus
545 1686 802 1746 Salmasii
827 1691 964 1748 liber
982 1692 1050 1749 ad
1079 1696 1297 1752 strictos
1320 1696 1520 1768 judicis
1548 1698 1729 1771 apices
1756 1698 1934 1755 defer-

321 1792 430 1853 tur,
460 1783 520 1840 in
548 1785 871 1858 quibusdam
903 1788 1184 1860 probatur,
1214 1791 1267 1847 in
1314 1791 1502 1849 multis
1532 1791 1849 1862 damnatur,
1876 1794 1931 1851 in

2042 567 2161 625 libri
2188 573 2371 627 veteris
2394 577 2665 648 scriptura.
2702 579 2909 639 Dicitur
2937 567 3323 660 nonnunquam
3362 567 3479 648 lucc
3518 593 3643 650 .edi-

2044 664 2119 719 tio
2158 680 2211 719 a.
2243 665 2384 725 1624
2408 667 2586 740 facta;
2618 674 2760 732 unde
2786 677 3063 752 utriusque
3087 684 3213 740 anni
3250 684 3431 743 natam
3463 688 3643 746 diver-

2043 755 2120 812 sis
2152 760 2546 831 exemplaribus
2571 764 2882 840 inscriptam
2912 778 3033 829 ess'e
3057 776 3414 848 suspicamur.
3445 780 3642 841 Utrum

2042 865 2169 907 vero
2194 861 2250 909 et
2298 857 2571 926 quomodo
2593 860 2663 916 ab
2687 860 2790 919 bac
2832 862 3135 925 Genevensi
3162 870 3401 931 editione
3429 873 3641 935 diversa

2040 944 2130 1011 sit,
2170 962 2291 1017 qua:
2339 948 2531 1007 eodem
2586 967 2728 1011 anno
2785 955 2977 1033 (1625)
3012 959 3329 1035 Aureliopoti
3377 967 3640 1039 impressa

2040 1038 2439 1110 circumfertur,
2465 1044 2646 1106 dicere
2689 1064 2798 1107 non
2824 1054 3019 1111 ausim.
3052 1056 3222 1129 Hujus
3250 1059 3337 1115 ed.
3366 1063 3640 1135 exempla-

2040 1134 2087 1189 ri
2109 1133 2159 1189 in
2182 1134 2580 1198 Bibl.Leidensi
2600 1143 2847 1225 quaedam
2864 1158 2987 1204 sunt
3008 1148 3276 1223 adscripta
3298 1169 3327 1209 a
3349 1133 3637 1215 Salmasio.

2771 1238 2794 1294 1
2806 1237 2931 1297 626.

2110 1317 2284 1393 Lugd.
2313 1320 2353 1379 f.
2374 1322 2597 1383 Tertull.
2616 1327 2684 1386 de
2712 1330 2883 1390 Pallio
2902 1350 3024 1392 cum
3052 1353 3249 1398 comm.
3277 1340 3345 1399 de
3369 1341 3418 1399 la
3444 1341 3635 1403 Ccrdat

2626 1423 2789 1495 tces,
2824 1426 2967 1485 1629
2996 1430 3099 1502 (α).

2110 1507 2346 1582 Lutetiae,
2380 1515 2516 1586 typis
2548 1516 2681 1573 Rob.
2710 1518 2966 1591 Stephani
3005 1524 3149 1595 apud
3188 1527 3394 1597 viduam
3425 1529 3643 1588 Olivarii

2048 1598 2337 1661 Varenmci.
2369 1605 2448 1663 8°.
2477 1608 2544 1677 Q.
2576 1608 2725 1683 Sept.
2756 1611 2906 1670 Flor.
2936 1614 3255 1675 Tertulliani
3286 1620 3407 1677 libri
3449 1622 3540 1679 IX.
3573 1642 3639 1682 ex

2036 1695 2223 1753 codice
2270 1697 2377 1756 lllS.
2405 1701 2672 1775 Agobardi
2712 1706 2768 1763 in
2806 1706 2946 1765 Bibl.
2993 1710 3128 1783 Reg.
3181 1712 3339 1771 obvio
3366 1717 3636 1775 emendati

2036 1799 2095 1846 et
2119 1790 2587 1853 observationibus
2627 1799 2896 1859 illustrati.
2928 1833 3002 1845 —
3024 1803 3142 1862 Nic.
3173 1806 3455 1879 Rigaltius,
3486 1812 3639 1883 cujus

320 1877 580 1935 omnibus
605 1877 1223 1953 doctissimepensatur.
1251 1883 1378 1941 Haec
1403 1883 1622 1941 laudare
1638 1885 1792 1957 juvat
1817 1887 1933 1959 qui-
1963 1880 2013 1945 Β
2042 1900 2236 1944 nomen
2265 1886 2353 1946 bic
2382 1891 2593 1960 siletur,
2629 1894 2820 1952 borum
2861 1877 3264 1971 opusculorum
3283 1903 3520 1963 editione
3556 1907 3637 1963 fn-

320 1969 723 2029 busconcludit
752 1972 886 2030 Rev.
910 1974 1153 2035 Auctor:
1187 1995 1208 2031 ι
1245 1977 1369 2035 Mihi
1391 1993 1537 2050 smpe
1562 1981 1788 2054 contigit
1820 1998 1930 2054 pra:

325 2066 610 2125 meditanti
643 2069 761 2141 ejus
802 2071 1081 2143 lectiones,
1119 2076 1377 2147 gaudere,
1408 2078 1551 2150 quod
1591 2078 1927 2153 Scripturam

339 2172 553 2219 Sacram
573 2162 641 2218 ita
671 2164 937 2237 integram
965 2167 1257 2226 habeamus
1304 2181 1360 2227 et
1404 2172 1455 2226 in
1492 2184 1835 2245 corruptam,
1873 2189 1929 2235 ut

347 2254 546 2310 nemini
558 2256 922 2316 sitdubitandi
952 2260 1124 2332 locus,
1147 2265 1290 2335 quod
1322 2265 1422 2323 nisi
1443 2277 1605 2337 esset,
1640 2278 1693 2326 ct
1719 2270 1930 2330 Salma-

333 2350 423 2404 sio
451 2348 531 2405 vel
557 2350 714 2409 alteri
752 2353 1073 2424 traderetur,
1119 2369 1249 2430 quot
1294 2371 1726 2434 commutarent,
1780 2366 1929 2426 dele-

323 2453 465 2513 rent,
504 2447 892 2518 transferrent,
936 2466 1058 2509 cum
1110 2452 1162 2510 in
1194 2472 1299 2512 uno
1337 2456 1672 2517 Tertulliano
1713 2464 1784 2519 ita
1819 2464 1929 2522 sint

315 2541 491 2597 varia:
523 2545 668 2601 circa
714 2547 944 2605 litteram
998 2551 1537 2612 lectiones.—Raro
1581 2557 1634 2613 in
1672 2558 1922 2618 bibliotlt.

311 2632 695 2694 refertissiutis
722 2651 1012 2699 occurrunt
1040 2644 1146 2699 duo
1170 2645 1255 2701 isti
1288 2647 1540 2707 Lacerda:
1568 2654 1717 2720 tomi,
1752 2656 1927 2714 rarius

311 2728 567 2785 secundo
591 2732 797 2802 primus
827 2735 1080 2792 sociatur.
1106 2736 1259 2797 Unde
1293 2744 1488 2799 multas
1515 2744 1731 2803 ineunte
1756 2747 1928 2806 admi-

310 2836 511 2882 serunt
560 2828 785 2887 mendas
842 2831 1190 2892 fabricatores
1239 2837 1603 2909 catalogorum
1650 2842 1921 2914 bibliotb.,

310 2919 431 2976 imo
490 2932 547 2979 et
593 2925 883 2994 patristiczc
915 2928 1269 3003 bibliograpb.
1314 2945 1563 2993 auctores
1589 2940 1921 3011 peritissimi.

308 3013 411 3069 Sic
430 3014 581 3071 enim
622 3017 673 3072 in
712 3027 822 3096 cat.
873 3020 1117 3079 bibliotb.
1168 3024 1483 3086 Barberina:
1521 3039 1561 3087 t.
1613 3030 1635 3087 Ι
1671 3044 1726 3090 et
1753 3032 1815 3090 ll.
1854 3037 1923 3093 ad

226 3120 233 3125 ‘
307 3125 449 3165 anu.
482 3110 624 3167 1621
667 3115 993 3175 referuntur.
1039 3119 1129 3177 Sic
1171 3120 1310 3179 l‘also
1357 3135 1606 3182 asserunt
1664 3126 1918 3201 Oudinus,

308 3218 524 3260 comm.
554 3205 623 3263 de
671 3206 873 3280 Script.
928 3211 1075 3270 Eccl.
1111 3223 1149 3270 t.
1183 3214 1221 3283 Ι,
1244 3231 1298 3287 p.
1324 3216 1451 3288 218,
1501 3219 1726 3278 Tertull.
1756 3239 1918 3296 opera

308 3297 515 3363 omnia,
544 3308 600 3355 et
625 3296 899 3358 Fabricius
926 3304 977 3359 in
999 3304 1109 3363 del.
1132 3322 1180 3364 s.
1204 3282 1260 3364 ἐξ
1276 3308 1344 3366 de
1368 3324 1496 3367 vera
1534 3313 1686 3386 relig.
1727 3282 1916 3375 christ.
1945 3282 1993 3347 Ο

309 3406 373 3461 p.
417 3389 547 3460 215,
581 3394 825 3466 pleraque
852 3395 1060 3455 duobtts
1100 3400 1464 3461 voluminibus
1489 3421 1542 3461 a.
1583 3408 1726 3464 1624
1757 3422 1810 3466 et
1843 3420 1922 3468 to-

308 3484 486 3541 tidem
518 3486 707 3545 iterata
734 3490 817 3546 via
844 3507 896 3548 a.
929 3494 1383 3567 1650.prodiisse.
1409 3501 1483 3556 Dc
1514 3501 1708 3560 Oudini
1735 3522 1921 3566 errore

302 3580 429 3651 jam
452 3579 899 3657 admonuitluig.
928 3586 1056 3645 bist.
1086 3590 1283 3648 eccles.
1317 3592 1362 3649 ll
1375 3596 1559 3661 sazcul.
1596 3605 1655 3671 p.
1686 3600 1755 3659 69
1780 3612 1832 3658 et
1852 3603 1921 3661 dc

308 3685 516 3728 errore
538 3671 772 3731 Fabricii
804 3674 1218 3738 Schoenemamt.
1247 3683 1386 3741 Bibl.
1412 3686 1558 3745 Patr.
1606 3689 1762 3748 latin.
1806 3701 1845 3751 t.
1876 3696 1917 3762 l,

308 3780 371 3836 p.
392 3764 484 3821 56.
500 3785 522 3819 ι
536 3765 625 3823 Sic
636 3766 858 3827 doctiss.
876 3769 1311 3845 Schoenemann,
1331 3792 1576 3837 errorum
1596 3781 1749 3841 istius
1772 3786 1919 3843 modi

310 3859 530 3937 rigidus
553 3866 793 3932 exactor,
821 3866 1024 3922 erravit
1051 3878 1108 3924 et
1149 3869 1266 3940 ipse
1293 3871 1347 3927 in
1372 3871 1729 3934 dcscribendo
1757 3895 1917 3951 quem

308 3965 429 4007 non
455 3953 665 4011 viderat
692 3965 820 4012 tom.
849 3958 891 4025 Ι,
926 3958 979 4015 in
1010 3975 1117 4031 quo
1142 3961 1261 4018 Xlll
1303 3963 1469 4024 libros
1506 3965 1714 4027 tantum
1741 3972 1916 4029 conti-

309 4048 459 4117 neri,
495 4048 634 4108 haud
656 4050 729 4109 ita
767 4051 956 4111 ﬁrmus
983 4056 1194 4115 asserit.

1047 4152 1207 4212 1625.

392 4234 581 4294 Eutrto
604 4253 854 4298 »ωηερε
881 4243 1067 4302 libror.
1096 4246 1163 4303 ad
1192 4247 1477 4307 Nationes.

393 4328 623 4397 ϐρίθεται,
638 4348 727 4403 ap.
751 4333 898 4393 Patr.
914 4336 1087 4395 etlac.
1106 4339 1320 4411 Chonct,
1338 4342 1497 4400 ἰπὶ-4³.
1515 4344 1580 4415 ρ.
1599 4344 1747 4419 Sept.
1768 4348 1913 4406 Flor.

308 4423 634 4482 Tertulliani
655 4427 775 4512 libri
805 4428 913 4486 duo
938 4432 1006 4488 ad
1033 4432 1316 4503 Nationes,
1363 4438 1431 4495 ad
1470 4441 1748 4512 exemplar
1777 4444 1915 4516 Ago-

311 4518 495 4585 bardi,
518 4508 892 4592 Lugdunensis
936 4526 1214 4602 episcopi,
1254 4545 1376 4586 cum
1427 4533 1589 4599 notis,
1630 4508 1917 4596 laborevet

300 4610 500 4667 'stttdio
520 4611 707 4670 Jacobi
733 4613 1057 4689 Gothofredi.
1087 4651 1157 4661 —
1178 4622 1298 4694 Ipsa
1327 4622 1443 4681 hinc
1471 4626 1639 4683 editio
1684 4628 1751 4684 ad
1795 4645 1913 4687 ma-
1936 4668 1951 4694 _-

311 4717 421 4760 nus
447 4719 554 4762 non
579 4715 680 4763 est.
717 4708 794 4765 De
829 4710 955 4768 cod.
983 4713 1075 4784 qui
1105 4690 1377 4787 Agdbardi
1404 4718 1620 4787 dicitur,
1652 4723 1914 4795 antiquis-
1936 4690 1992 4755 D

310 4799 463 4857 simu
500 4816 630 4858 sane
667 4813 723 4859 et
765 4803 956 4863 borum
1006 4808 1268 4871 librorum
1314 4813 1530 4885 quidem
1570 4815 1710 4874 haud
1755 4818 1917 4879 dubie

307 4891 503 4983 unico,
538 4909 698 4965 quem
740 4893 864 4954 ﬁdei
897 4913 1008 4956 sum
1048 4901 1445 4977 diligentiaeque
1490 4894 1684 4967 testé'm
1728 4910 1912 4983 Regius

309 4981 457 5039 Bibl.
489 4982 779 5044 Parisiensi
812 5000 992 5059 postea
1040 4993 1259 5051 donavit
1302 4997 1499 5069 editor,
1548 4981 1832 5073 Rigaltius'
1862 5005 1916 5062 in

308 5076 565 5146 proxima
603 5078 920 5139 Tertulliani
961 5084 1196 5144 editione
1224 5090 1451 5159 scribit,
1502 5094 1722 5166 paginas
1767 5110 1920 5151 com-

310 5167 503 5239 plures
522 5171 661 5228 adeo
684 5173 824 5232 tmde
850 5176 1015 5234 fuisse
1055 5183 1337 5242 vetustatis
1366 5185 1582 5254 injuria,
1613 5204 1707 5246 seu
1736 5191 1914 5262 potius

312 5261 671 5321 barbarorum
712 5266 916 5325 incuria
960 5286 1211 5331 corrosas
1245 5288 1655 5352 corruptasquc,
1688 5261 1746 5337 ut
1773 5283 1915 5339 lacu-

310 5370 402 5410 nae
426 5369 807 5429 smpenumero
833 5362 995 5418 etiam
1028 5364 1081 5420 in
1108 5382 1204 5423 sua
1233 5368 1486 5427 'editione
1511 5384 1816 5455 occuqrant,
1845 5375 1915 5434 de

310 5448 513 5519 quibus
541 5451 662 5507 sine
687 5453 891 5511 codicis
932 5456 1237 5530 integrioris
1282 5477 1383 5535 ope
1428 5448 1712 5535 explendis
1759 5483 1914 5539 pror-

309 5556 409 5599 sus
442 5543 721 5616 desperat.
764 5546 899 5603 Sunt
928 5562 1121 5619 autem,
1170 5558 1363 5627 pergit,
1390 5565 1439 5613 et
1465 5572 1652 5630 praeter
1681 5559 1912 5632 lacunas,

310 5636 424 5692 alia
476 5653 595 5708 qua:
637 5639 803 5711 ipsius
851 5644 1127 5715 antiquarii
1173 5664 1356 5704 manus
1408 5651 1549 5705 haud
1573 5667 1692 5707 raro
1736 5670 1916 5725 pecca-

308 5731 404 5797 vit,
435 5748 653 5803 quarunt
677 5744 812 5790 certe
834 5738 1081 5792 nonnulla
1106 5741 1407 5812 conjecturt's
1438 5746 1629 5801 nostris
1654 5746 1918 5805 emendari

310 5823 603 5882 videantur.
638 5826 746 5882 Sed
791 5828 855 5882 iis
879 5838 1045 5884 tamen
1083 5832 1270 5900 absque
1311 5836 1492 5891 veteris
1517 5838 1787 5909 scriptura:
1814 5828 1918 5897 ues-

314 5919 456 5991 tigiis
480 5921 614 5978 male
652 5920 791 5979 credi
834 5941 934 5981 non
977 5924 1264 5997 difﬁtemur,
1294 5944 1456 6002 neque
1477 5931 1534 5987 id
1556 5932 1701 5990 trabis
1726 5934 1914 6005 permi-

2039 1979 2172 2036 turis
2219 1981 2333 2038 suis
2381 1985 2613 2057 egregiis
2638 1985 2705 2044 de
2736 1988 3073 2048 Tertulliano
3099 1995 3307 2051 meritis
3336 1997 3637 2068 praeludcre

2035 2073 2228 2139 voluit.
2257 2074 2394 2154 sunt
2422 2088 2601 2136 autem
2646 2080 2812 2162 libelli
2839 2084 2927 2140 isti
2968 2099 3161 2143 novem
3209 2098 3533 2161 sequentes:
3572 2094 3636 2150 de

2036 2165 2407 2236 0ratione;ad
2453 2170 2678 2230 Uxorem
2728 2174 2765 2230 Ι.
2802 2174 2875 2233 2:
2923 2177 2987 2233 de
3039 2178 3192 2234 Cultu
3241 2184 3564 2254 fazntinarum
3593 2185 3633 2240 Ι.

2030 2259 2110 2328 2;
2164 2261 2241 2334 (b)
2298 2262 2361 2319 de
2408 2263 2781 2323 Exhortationc
2829 2268 3129 2339 Castitatis;
3175 2273 3239 2329 de
3286 2273 3534 2353 Corona;
3572 2277 3636 2333 dc

2033 2353 2433 2430 Prwscriptioue
2463 2359 2818 2419 haereticorum
2845 2371 2901 2421 et
2929 2363 3233 2437 Scorpiacc.
3279 2366 3461 2425 Codex
3494 2371 3633 2440 Ago-

2030 2452 2184 2510 bardi
2222 2453 2391 2511 libros
2432 2455 2604 2513 XXIV
2647 2458 2963 2532 complexus
3001 2460 3199 2531 fuerat,
3228 2477 3446 2534 nempe,
3489 2479 3632 2535 prxu-

2030 2553 2114 2603 ter
2162 2563 2354 2605 novem
2403 2549 2543 2620 illos,
2592 2552 2754 2608 etiam
2804 2553 2988 2609 librum
3015 2553 3038 2610 I
3066 2565 3115 2612 et
3160 2553 3211 2611 ll
3247 2558 3319 2613 ad
3362 2557 3631 2629 Nationes,

2028 2654 2129 2697 nec
2149 2655 2257 2697 non
2285 2641 2348 2697 de
2380 2640 2689 2699 Tcstimonio
2717 2646 2921 2713 aninnc,
2953 2648 3016 2702 de
3044 2645 3386 2719 Spectaculis,
3417 2652 3480 2705 de
3506 2648 3634 2705 ldo-

2027 2732 2255 2804 lolatria,
2286 2734 2349 2790 de
2401 2734 2570 2793 Censu
2597 2737 2806 2807 animm,
2833 2740 2917 2794 δάε
2945 2737 3111 2797 Carne
3137 2728 3327 2797 Christi
3354 2759 3373 2799 :
3411 2751 3464 2799 et
3511 2759 3632 2815 quc

2028 2823 2190 2882 bodie
2228 2825 2542 2884 Tertulliani
2577 2831 2774 2903 scripta
2800 2830 3189 2903 desideramus,
3233 2835 3295 2890 dc
3339 2835 3448 2907 Spe
3502 2837 3636 2907 ﬁde-

2027 2918 2176 2985 lium,
2194 2918 2257 2974 dc
2285 2918 2563 2990 Paradiso,
2594 2922 2659 2980 de
2683 2923 2882 2981 Anima:
2907 2926 3239 3009 submissionc
3265 2936 3318 2985 et
3342 2929 3406 2985 de
3434 2928 3631 3002 Super-

2026 3012 2230 3070 stitione
2282 3013 2479 3069 surculi.
2532 3014 2807 3089 Inscripsit
2859 3019 2975 3077 lucc
3004 3019 3320 3080 Tertulliani
3364 3021 3628 3095 Rigaltius

2027 3106 2188 3166 Card.
2215 3109 2489 3167 Armaudo
2532 3110 2676 3186 duci.
2698 3111 2965 3171 Ricbelio.

2753 3205 2915 3264 1650.
2995 3276 3000 3280 ι

2102 3312 2122 3348 ι
2159 3294 2538 3368 Fragmentum
2568 3313 2635 3355 cx
2682 3298 2833 3356 libris
2870 3298 3184 3361 Tertulliani
3236 3303 3301 3362 dc
3333 3308 3631 3367 execrandis

2025 3391 2250 3462 gentium
2281 3390 2413 3461 Diis,
2443 3403 2655 3449 erutum
2683 3408 2715 3450 e
2738 3393 2993 3452 Bibliotb.
3028 3395 3305 3469 Vaticana,
3331 3400 3512 3458 studio
3530 3402 3627 3458 Jo-

2025 3486 2179 3559 seph.
2202 3486 2987 3559 Mar.;Suarezii.Bom.,1630.
3010 3494 3203 3565 Paris,
3227 3498 3351 3555 cod.
3365 3513 3492 3556 ann.
3506 3500 3583 3557 8°.
3600 3520 3620 3557 υ

2734 3582 2894 3640 1652.
3304 3581 3334 3605 '

2104 3690 2123 3725 ι
2154 3670 2279 3728 Joh.
2307 3652 2501 3745 Crojus
2528 3675 2798 3746 specimen
2829 3678 3260 3749 conjecturarum
3293 3682 3348 3739 in
3376 3684 3621 3756 quaedam

2024 3762 2140 3821 loca
2168 3764 2435 3838 Origenis,
2464 3765 2677 3829 Irenaci.
2707 3768 3044 3844 Tertulliani,
3072 3782 3128 3832 et
3149 3770 3435 3848 Epipbauii
3456 3776 3625 3837 edidit

2023 3856 2195 3916 Oxon.
2220 3858 2370 3917 ἰπὶ-8⁸.
2386 3878 2406 3914 ι
3046 3932 3073 3940 _

2040 3956 2043 3957 '
2285 3990 2299 4002 .
2755 3958 2918 4016 1654.
3071 3996 3087 4009 -

2097 4048 2209 4107 eo.
2246 4032 2728 4111 RIGALTIANAI.
2758 4053 2994 4124 ιιιιειεω,
3023 4059 3307 4129 sumptibus
3337 4058 3625 4118 Mat/mrini

2022 4143 2111 4199 Du
2139 4145 2287 4211 Puis,
2320 4148 2401 4202 via
2424 4146 2686 4216 Jacobaza,
2721 4149 2815 4206 sub
2838 4151 2984 4223 signa
3009 4152 3243 4210 Cordum.
3265 4152 3300 4209 l‘.
3327 4174 3345 4208 α
3369 4154 3433 4225 Q.
3464 4156 3618 4228 Sept.

2023 4238 2171 4296 Flor.
2213 4239 2527 4297 Tertulliani
2575 4243 2750 4315 Opera
2786 4243 2852 4300 ad
2897 4246 3384 4304 vetustissimorum
3434 4263 3620 4306 exem-

2019 4335 2250 4408 plarium
2293 4336 2453 4394 (idem
2481 4338 2617 4394 locis
2640 4354 2803 4411 quam
2836 4338 3080 4411 plurimis
3107 4340 3411 4409 emendata,
3456 4341 3617 4398 Nico-

2022 4428 2092 4484 lai
2124 4429 2341 4503 Rigattii
2369 4430 2412 4487 Ι.
2441 4432 2503 4487 C.
2544 4432 3014 4490 observationibus
3044 4442 3101 4489 et
3136 4435 3278 4491 notis
3322 4435 3610 4492 illustrata.

2019 4521 2155 4578 Cum
2183 4522 2359 4579 indice
2383 4524 2647 4595 glossario
2671 4526 2796 4598 styli
2818 4524 3330 4597 Africani.»-Quid
3354 4542 3492 4584 nova
3521 4529 3621 4586 bac

2022 4617 2260 4676 omnium
2283 4616 2430 4675 Tert.
2462 4633 2685 4690 operum
2705 4621 3043 4699 recensione,
3069 4637 3189 4694 qua:
3208 4630 3263 4679 et.
3289 4637 3432 4679 nunc
3453 4623 3614 4680 etiam

2019 4711 2373 4783 principatum
2429 4720 2614 4780 tenet,
2663 4711 2944 4782 olfecerit,
2999 4723 3092 4773 aut
3139 4714 3356 4774 efﬁcere
3420 4717 3611 4774 saltem

2019 4806 2253 4862 Voluerit
2283 4796 2567 4877 Rigaltius,
2601 4806 2769 4879 ipsius
2820 4817 2951 4879 puto
2974 4810 3174 4878 verbis,
3205 4811 3417 4867 etiamsi
3454 4810 3615 4882 paulo

2018 4896 2369 4970 plenioribus,
2405 4897 2591 4955 audire
2620 4900 2691 4956 sit
2715 4901 2967 4973 pretium.
3024 4922 3044 4956 ‹
3081 4903 3400 4961 Tertulliani
3431 4946 3447 4993 ,
3478 4926 3498 4960 ι
3532 4907 3617 4964 in-

2092 5076 2167 5161 (a)
2199 5075 2257 5132 In
2285 5075 2662 5161 Catgdelaﬁ.
2688 5078 2869 5161 diluti.
2898 5095 2951 5152 p.
2984 5078 3112 5161 564.
3161 5081 3348 5161 titulus
3377 5084 3450 5161 ita
3483 5099 3620 5161 eon-

2020 5148 2249 5218 cipitur:
2313 5166 2333 5202 r
2383 5148 2532 5205 Tert.
2582 5149 2703 5207 libri
2733 5150 2828 5207 IX.
2879 5148 2974 5208 seu
3007 5159 3264 5208 tractatus
3299 5157 3428 5211 varii
3483 5157 3617 5213 locis

2019 5235 2179 5293 quain
2209 5220 2449 5298 plurimis
2489 5221 2777 5298 emendati,
2811 5238 2878 5279 ex
2920 5222 3249 5298 bibliotheca
3272 5227 3419 5298 regia
3460 5230 3614 5288 editi.

2018 5308 2086 5348 ex
2113 5293 2428 5372 recensione
2461 5304 2514 5372 e_t
2552 5307 2675 5349 cum
2700 5294 3161 5372 observationibus
3198 5293 3405 5372 Νίσοῖαί
3439 5299 3618 5372 Rigal-

2021 5365 2098 5429 tii,
2135 5364 2328 5441 1628:»
2363 5365 2511 5441 Anni
2533 5375 2655 5420 nota
2684 5366 2763 5420 sic
2775 5381 3003 5441 quoque
3024 5367 3382 5441 diversimodc
3411 5364 3612 5441 pasSim

2022 5437 2380 5510 CXSCI‘iIJllU[._
2398 5444 2457 5491 ut
2499 5436 2551 5491 in
2578 5436 2979 5510 exemplaribus
3008 5439 3087 5494 sic
3115 5454 3232 5494 eam
3262 5436 3486 5510 reperiri
3517 5459 3616 5498 ne-

2020 5522 2174 5583 cesse
2200 5507 2296 5583 sit._
2318 5506 2529 5583 piserte
2554 5508 2706 5583 enim
2740 5508 2793 5583 in
2811 5508 3060 5583 editione
3083 5510 3222 5583 Opp.
3246 5506 3396 5568 Tert.
3428 5512 3611 5583 Rigal-

2018 5579 2162 5634 tiana
2194 5594 2244 5634 τι.
2274 5578 2438 5651 1641,
2469 5576 2732 5651 dedicatio
2756 5577 2971 5651 Rigaltii
2998 5580 3063 5634 ad
3088 5576 3278 5651 ducem
3310 5576 3612 5641 llichelium

2019 5667 2087 5727 ex
2113 5665 2303 5727 novem
2334 5650 2521 5705 libror.
2563 5648 2800 5706 editione
2826 5648 2879 5706 a.
2926 5650 3263 5710 MDCXXIX.
3309 5656 3481 5727 repeti
3527 5656 3611 5713 di-

2020 5723 2180 5781 citur.
2241 5722 2552 5777 Sancum-zu.
3046 5750 3049 5757 ς
3228 5738 3231 5743 ν

2093 5792 2168 5866 (b)
2200 5792 2636 5866 Nempelibellos
2654 5790 2732 5866 de
2759 5791 3210 5866 Habituimuliebri
3238 5804 3291 5851 et
3317 5796 3475 5854 Cultu
3505 5796 3625 5856 τωο

2019 5863 2283 5921 minarum
2324 5863 2523 5919 codicis
2545 5863 2742 5919 laudati
2770 5864 3085 5921 auctoritate
3113 5867 3166 5922 in
3189 5884 3351 5926 unum
3380 5868 3610 5927 duorum

2018 5936 2275 5996 librorum
2306 5944 2586 5995 tractatum
2614 5935 2837 6008 redegit.
2857 5936 3165 5997 SCIIOENEI.
