4084 6344
511 335 550 380 :l
1952 323 2036 380 PB
2045 319 2342 380 :BFA'HO.

511 337 520 351 '
1952 322 2342 380 PREFA’HO.

489 335 628 501 33m,
665 445 684 480 ι
717 424 914 498 scripta
957 419 1256 496 lrgcntibus
1288 414 1326 489 ,’
1350 416 1511 475 etiam
1562 415 1699 472 haud
1751 415 2094 474 mediocriter
2125 417 2177 480 Λ
2207 424 2383 470 tamen
2409 410 2753 484 spernendis,
2783 412 3098 484 scrupulose
3129 412 3462 472 calculorum
3512 322 3806 487 diligenti:

489 522 761 588 litteratis,
787 503 1072 576 occurrunt
1107 514 1346 571 difﬁcilia
1389 527 1496 568 non
1543 526 1708 584 pauca
1751 511 2016 568 sermonis
2039 519 2095 567 et

490 617 794 688 scripturae.
829 613 960 668 Nam
994 608 1262 666 sermonis
1315 604 1528 680 quidem
1565 603 1803 661 Africani
1843 603 2095 676 superbia

493 712 796 769 doctrinam
827 708 996 765 ferme
1021 703 1262 761 omnium
1292 701 1417 758 dote
1445 708 1708 773 praestans
1731 698 1966 756 lectores
1993 697 2096 754 sibi

492 806 750 878 poscebat
784 802 849 857 ad
871 810 1057 857 nutum
1086 796 1443 854 attentissime
1469 808 1712 866 Sagaces.
1739 793 2096 864 Posteaquam

492 915 626 957 vero
669 899 721 954 in
752 897 909 970 longe
964 895 1100 951 alios
1139 891 1348 959 incidit,
1394 889 1590 946 mutari
1630 889 1815 960 coepit,
1847 903 1875 941 a
1903 886 2097 957 quibus

492 1011 602 1052 non
633 993 806 1065 potuit
839 989 958 1061 capi
1015 997 1070 1045 et
1107 987 1319 1059 spurias
1365 983 1630 1040 dictiones
1676 994 1775 1052 pro
1823 978 2094 1050 legitimis,

495 1087 755 1146 adultera:
779 1099 968 1141 manus
1003 1078 1381 1138 inverecundia
1411 1076 1626 1149 sparsit.
1668 1074 1958 1144 Scriptura:
2003 1087 2097 1127 au-

494 1190 606 1238 tem
649 1181 846 1236 nativa:
877 1177 1051 1243 ruina,
1079 1173 1320 1230 auctoris
1347 1170 1527 1226 verbis
1561 1167 1732 1225 semel
1755 1166 2096 1237 interceptis,

494 1284 557 1330 ut
577 1273 776 1329 obtrito
800 1285 1052 1343 corpore,
1080 1281 1298 1324 sensum
1340 1280 1444 1320 una
1473 1262 1625 1334 quasi
1656 1262 1831 1333 ipsum
1863 1269 1917 1315 et
1944 1274 2098 1314 men-

494 1377 606 1424 tem
649 1364 971 1436 proﬁigavit.
1003 1361 1092 1418 Sic
1133 1357 1355 1431 pessimi
1401 1364 1738 1412 correctores
1766 1349 2098 1408 emendatis-

497 1461 635 1518 sima
667 1458 971 1531 perdidere.
1001 1456 1134 1512 Nam
1161 1453 1282 1526 quis
1308 1459 1452 1510 esset
1479 1449 1822 1522 querelarum
1867 1445 2100 1502 modus?

493 1565 590 1612 ant
629 1555 754 1628 quid
798 1555 852 1610 in
897 1561 1059 1608 tantm
1107 1547 1431 1606 calamitatis
1469 1559 1598 1601 casn
1645 1552 1752 1599 tam
1777 1540 1950 1598 veteri
1989 1554 2102 1597 non

498 1647 931 1724 desperandum?
958 1633 1084 1702 Πωὸ
1128 1643 1297 1716 pestis
1340 1641 1632 1696 Homerum
1672 1634 1996 1707 jampridem
2028 1633 2100 1688 ita

499 1750 867 1817 persuaserat,
899 1749 957 1795 ut
983 1725 1146 1794 Arato
1191 1732 1488 1808 quaerenti:
1530 1750 1548 1784 ι
1584 1728 1673 1785 ubi
1717 1729 1960 1784 locorum
2009 1726 2104 1781 ha-

2203 507 2430 576 relictis,
2461 517 2519 564 ut
2550 508 2619 564 sit
2647 507 2775 563 olim
2805 507 2992 580 ingens
3017 507 3216 564 cumuli
3264 523 3492 564 summa.
3539 507 3804 566 Observa-

2203 605 2383 661 tiones
2420 601 2718 674 adjecimus
2761 600 3094 659 illustrandis
3117 601 3319 674 aliquot
3352 603 3485 659 locis
3533 587 3806 660 obscurio-

2204 697 2376 766 ribus,
2429 697 2592 768 prisci
2646 696 2814 752 moris
2851 696 2964 768 jam
3003 695 3161 767 longa
3204 695 3473 753 oblivione
3501 695 3685 766 deleti,
3713 707 3808 755 aut

2205 790 2528 849 eruditionis
2577 789 2804 862 alicujus
2845 789 3142 847 reconditae
3181 789 3422 862 vestigiis
3467 789 3802 862 indagandis.

2207 889 2266 946 ln
2295 903 2422 961 quo,
2450 887 2496 943 si
2525 887 2780 944 nonnulla
2806 886 2964 960 paulo
2991 887 3241 944 licentius
3268 887 3440 958 posita
3477 896 3571 942 aut
3601 885 3808 959 disqui-

2207 985 2305 1040 sita
2355 991 2699 1048 censeantur,
2731 991 2792 1038 ut
2846 991 2972 1038 sunt
3015 981 3106 1038 illa
3153 980 3384 1038 fortasse
3424 981 3493 1036 de
3517 980 3806 1038 criminum

2209 1077 2544 1134 occultorum
2575 1073 2946 1145 castigatione,
2973 1073 3150 1147 deque
3177 1073 3346 1131 forma
3390 1073 3658 1130 Dominici
3687 1073 3806 1130 vul-

2207 1181 2294 1228 tus
2342 1187 2406 1229 ac
2435 1171 2503 1228 de
2542 1171 2777 1228 lucernis
2817 1187 2915 1244 per
2963 1171 3106 1230 diem
3145 1171 3408 1237 accensis,
3439 1186 3504 1228 ea
3531 1169 3608 1227 sic
3637 1170 3807 1243 accipi

2211 1267 2432 1335 debent,
2473 1276 2724 1338 tanquam
2751 1266 3098 1338 Septimianis
3123 1264 3468 1338 opinionibus
3496 1264 3809 1337 despicien-

2211 1359 2299 1414 dis
2324 1357 2696 1414 animadvcrsa
2727 1375 2742 1428 ;
2774 1358 2996 1424 minime
3023 1367 3202 1417 autem
3246 1356 3535 1430 arguendis
3577 1357 3811 1417 catholi-

2213 1468 2404 1511 corum
2435 1453 2720 1510 sententiis
2747 1463 2840 1509 aut
2879 1453 3248 1526 improbandis
3275 1452 3496 1510 Patrum
3547 1451 3814 1526 Septimio

2216 1545 2577 1619 posteriorum
2605 1546 2837 1604 decretis
2867 1545 2966 1621 (a).
2997 1547 3110 1604 lmo
3149 1547 3445 1604 sententias
3491 1559 3546 1604 et
3593 1547 3814 1609 decreta

2210 1643 2324 1714 ipsa
2379 1651 2594 1714 patrum
2647 1643 2704 1698 in
2745 1641 2988 1700 Ecclesia
3039 1642 3538 1716 receptissimorum
3596 1659 3815 1718 semper

2211 1737 2562 1810 opposuimus
2591 1736 2942 1806 Tertulliano,
2971 1745 3030 1794 ut
3069 1737 3162 1809 qui
3207 1735 3481 1794 Africanis
3510 1736 3628 1794 istis
3655 1737 3808 1795 velut

505 1839 723 1894 beretur
750 1833 928 1892 Iliadis
955 1830 1196 1903 pristina:
1222 1827 1420 1898 copia?
1451 1845 1468 1878 ι
1517 1821 1795 1879 Timarcbi
1839 1819 1983 1876 ﬁlius
2012 1818 2103 1873 Ti-
2129 1833 2182 1895 Β
2210 1833 2438 1892 salebris
2459 1831 2822 1900 “penduntur,
2849 1831 3031 1889 statim
3079 1829 3312 1888 habeam
3335 1845 3442 1903 quo
3469 1830 3673 1888 referre
3721 1847 3816 1904 pc.

501 1947 630 1989 mon
659 1944 784 1986 cum
828 1923 1233 1999 rcSpondisset:
1283 1915 1629 1992 qumrendam
1667 1929 1791 1974 esse
1841 1914 1896 1969 in
1923 1927 2103 1970 exem-

498 2026 740 2100 plaribus
771 2022 1025 2094 antiquis,
1059 2015 1366 2074 addiderit:
1397 2013 1494 2070 scd
1537 2011 1775 2067 nondum
1815 2007 2097 2066 correctis.

499 2122 628 2180 Dira
661 2119 808 2174 natio
833 2127 940 2172 tam
969 2114 1108 2172 ﬁnde
1135 2109 1382 2184 Septimii
1413 2108 1581 2164 nostri
1610 2106 1777 2164 libros
1798 2103 1935 2161 adeo
1965 2117 2103 2176 quo-

499 2228 608 2286 que
655 2209 978 2283 jampridem
1025 2205 1259 2271 vexavit,
1307 2211 1366 2259 ut
1390 2203 1502 2272 jam
1532 2199 1649 2256 l‘alsi
1691 2207 1930 2256 vetustas
1959 2197 2103 2269 longi

499 2306 763 2378 temporis
787 2301 1251 2376 praescriptionem
1292 2296 1538 2353 obstruat
1575 2293 1810 2349 veritati.
1857 2290 2013 2359 Quod
2055 2291 2104 2346 si

498 2410 744 2457 veterum
779 2398 1038 2452 librorum
1084 2391 1324 2466 appelles
1353 2389 1537 2456 ﬁdem,
1575 2387 1734 2444 etiam
1763 2393 2004 2442 veterum
2032 2381 2100 2436 li-

495 2493 719 2551 brorum
761 2488 865 2545 ﬁde
911 2485 1215 2543 falsissimte
1260 2481 1518 2538 lectiones
1560 2477 1900 2534 adferuntur.
1961 2473 2098 2530 Nam

499 2592 631 2642 sunt
669 2593 723 2640 et
755 2581 873 2638 libri
903 2567 1112 2636 veteres
1155 2573 1600 2648 depravatissime
1627 2569 1894 2636 correcti;
1925 2581 2104 2637 neque

499 2678 611 2734 ulla
639 2691 763 2750 spes
790 2671 1113 2730 reducendae
1165 2682 1400 2740 unquam
1445 2665 1704 2732 veritatis,
1737 2663 1841 2719 nisi
1870 2669 1978 2716 tam
2006 2674 2096 2716 ve-

501 2782 650 2830 teres
692 2769 1094 2832 nanciscantur,
1129 2772 1185 2820 ut
1213 2764 1322 2818 sint
1364 2761 1512 2817 omni
1557 2766 1929 2816 correctorum
1957 2753 2101 2810 anti-

509 2867 714 2939 quitate
740 2863 1086 2920 vetustiores.
1129 2857 1284 2914 ditas
1307 2869 1529 2911 avorum
1559 2851 1858 2908 laudabiles
1894 2849 2104 2905 Rhena-

504 2961 562 3015 ni
593 2973 786 3030 operas
811 2955 966 3021 vidit,
1013 2952 1183 3010 tribus
1229 2948 1558 3007 editionibus
1583 2943 1906 3003 elaborat‘as.
1935 2942 2104 3012 Cujus

505 3055 608 3112 viri
640 3053 782 3119 ﬁdei,
810 3049 1033 3122 judicio,
1083 3044 1392 3110 eruditioni,
1437 3040 1748 3112 diligentiae,
1795 3038 1840 3093 si
1872 3035 2103 3108 partium

505 3149 683 3208 studia
721 3145 1006 3203 meliorum
1045 3137 1433 3211 exemplarium
1464 3133 1790 3191 commercia
1830 3146 1936 3187 non
1966 3129 2105 3185 invi-

2209 1927 2333 1984 dem
2365 1934 2480 1981 tuto
2506 1924 2736 1997 possint.
2781 1923 2950 1982 Notas
2969 1922 3132 1980 etiam
3175 1923 3504 1980 intexuimtts
3531 1923 3812 1982 variarum

2210 2019 2507 2077 lectionum
2529 2018 2864 2092 ambiguitati
2890 2018 3246 2090 pensitandte,
3277 2018 3488 2076 veritati
3533 2019 3816 2090 exploran-

2210 2113 2316 2184 dae,
2345 2113 2672 2185 conjecturis
2698 2129 3090 2184 nonnunquam
3131 2111 3464 2185 explicandis
3491 2122 3584 2168 aut
3611 2113 3812 2172 conﬁr-

2208 2208 2442 2264 mandis.
2474 2207 2713 2278 Denique
2752 2205 2993 2264 Africani
3031 2206 3160 2280 styli
3207 2205 3418 2278 glossas
3455 2207 3815 2280 complurium

2209 2301 2352 2356 inter
2412 2315 2535 2357 sese
2585 2300 2832 2358 locorum
2883 2301 3294 2372 comparatione
3346 2301 3811 2378 concinnavimus,

2210 2395 2602 2468 interpretandi
2651 2395 2867 2452 ratione
2912 2395 3233 2452 certissima.
3291 2393 3516 2452 Glossas
3580 2395 3815 2458 diximus

2209 2489 2399 2546 Graeco
2428 2487 2709 2558 vocabulo,
2725 2503 2832 2562 quo
2859 2488 3057 2546 Fabius
3084 2487 3303 2545 tradidit
3332 2488 3526 2561 linguai
3549 2491 3812 2549 secretio-

2207 2579 2284 2636 ris
2335 2593 2498 2636 voces
2559 2577 2740 2636 minus
2781 2580 3009 2636 usitatas
3036 2580 3348 2653 signiﬁcari.
3377 2581 3544 2638 Porro
3579 2582 3795 2642 brevio-

2207 2688 2298 2730 res
2352 2671 2767 2731 Observationes
2822 2688 2888 2731 ac
2943 2673 3110 2732 Notas
3177 2674 3453 2748 plerisque
3505 2675 3645 2732 haud
3722 2692 3811 2736 sa-

2209 2765 2516 2825 tisfacturas
2565 2768 2802 2836 scimus,
2860 2783 2961 2826 nec
3017 2777 3302 2842 propterea
3350 2770 3565 2842 culpam
3619 2771 3814 2844 depre-

2209 2874 2414 2917 camur.
2447 2860 2581 2918 At'er
2631 2861 2731 2917 iste
2783 2859 3041 2919 lectorem
3105 2877 3212 2918 non
3273 2862 3509 2920 admittit
3555 2864 3659 2922 nisi
3701 2867 3812 2937 jam

2208 2954 2498 3012 eruditum.
2543 2975 2563 3008 ι
2608 2955 2737 3012 Hinc
2780 2955 3044 3028 Rigaltius
3080 2956 3134 3012 in
3165 2956 3548 3030 disputatione,
3581 2959 3815 3032 inscrip-

2211 3058 2263 3105 ta
2291 3065 2304 3102 :
2345 3049 2410 3104 de
2442 3048 2757 3105 Tertulliano
2783 3058 2831 3105 et
2869 3051 2978 3122 ejus
3013 3050 3218 3122 scriptis
3245 3052 3404 3123 deque
3439 3051 3595 3108 variis
3639 3069 3814 3110 eorum

2213 3143 2540 3212 editionibus,
2583 3153 2630 3198 et
2677 3133 2801 3215 quid
2845 3144 2941 3198 hac
2967 3153 3142 3200 nostra
3191 3154 3481 3217 praestetur,
3529 3162 3651 3218 quae
3710 3163 3816 3203 una

504 3245 734 3309 dissent,
769 3242 814 3297 is
843 3237 1027 3311 procul
1065 3237 1227 3293 dubio
1259 3231 1620 3305 praestitisset,
1648 3227 1790 3300 quod
1817 3228 1972 3282 istam
2013 3243 2101 3282 no-

2213 3251 2336 3294 cum
2373 3235 2590 3307 epistola
2616 3234 2927 3290 dedicatoria
2958 3236 3028 3291 ad
3077 3236 3394 3294 Armandum
3439 3235 3578 3294 Duc.
3625 3237 3816 3294 Richa-

500 3337 590 3394 liis
618 3333 779 3390 hodie
809 3345 1028 3403 operam
1080 3327 1236 3384 valde
1278 3326 1498 3381 levaret.
1540 3321 1782 3393 Sequens
1811 3329 1943 3376 artas
1972 3319 2104 3375 Ful-

501 3431 645 3485 vium
682 3427 935 3484 Ursinum
981 3423 1128 3489 tulit,
1178 3420 1267 3492 qui
1321 3418 1535 3477 codices
1585 3417 1892 3485 inspexerat
1950 3413 2108 3484 longe

500 3523 756 3580 meliores
803 3516 1190 3582 Rhenanianis,
1225 3523 1510 3571 contentus
1534 3517 1818 3579 excerptas
1843 3505 1964 3562 inde
1993 3507 2106 3562 lec-

513 3615 694 3670 tiones
739 3611 991 3670 cditionis
1039 3608 1360 3666 Pamelianae
1415 3603 1746 3676 marginibus
1793 3604 2105 3665 adnotasse,

503 3706 600 3762 sed
623 3722 690 3762 ne
711 3703 1116 3778 possessoribus
1142 3699 1358 3771 quidem
1380 3693 1767 3767 exemplarium
1797 3689 2105 3759 nominatis,

497 3799 782 3857 Fulvianm
821 3797 1101 3862 lectiones,
1133 3796 1187 3848 in
1216 3792 1409 3847 librum
1438 3789 1680 3860 atnpliss.
1703 3785 2109 3852 doctissimique

503 3889 837 3944 Tolosatium
873 3884 1279 3956 Archiepiscopi
1307 3883 1430 3938 Car.
1454 3876 1742 3935 Moncltalli
1769 3891 1835 3930 ex
1857 3881 2108 3944 autogra-

499 3983 611 4054 plto
640 3980 945 4047 transfusm,
978 3980 1134 4036 nobis
1161 3979 1263 4032 hoc
1285 3975 1444 4031 etiam
1468 3973 1803 4045 proluerunt,
1833 3975 1893 4024 ut
1919 3982 2105 4024 earum

501 4077 786 4140 editioni,’
814 4074 1113 4146 Epidicticis
1166 4069 1408 4126 Wowerii
1454 4067 1606 4123 Notis
1653 4073 1924 4130 accuratae,
1975 4059 2107 4146 ﬁdes

506 4174 671 4230 etiam
725 4170 867 4242 apud
934 4167 1264 4225 ansteriores
1335 4174 1584 4221 consmre
1629 4163 1856 4228 debeat;
1904 4160 2012 4216 imo
2054 4131 2110 4214 ἐι

503 4263 870 4336 Schoppianis
918 4261 1026 4317 illis
1051 4278 1115 4318 ex
1143 4259 1392 4316 Fuldensi
1425 4266 1478 4314 et
1519 4257 1783 4313 Vaticano
1816 4255 1867 4310 in
1901 4253 2106 4325 Apolo-

507 4361 742 4434 geticutn
788 4369 841 4416 et
891 4358 1150 4414 adversus
1173 4355 1390 4412 Judteos
1447 4353 1715 4424 excerptis
1741 4351 1808 4408 ab
1829 4350 1990 4407 .Iunio
2009 4364 2108 4420 pu-

507 4453 746 4509 blicatis.
790 4452 1028 4520 Quorum
1076 4457 1228 4505 certe
1271 4447 1432 4503 ﬁdem
1469 4461 1534 4503 eo
1563 4445 1736 4518 magis
1783 4443 1950 4500 refert
1986 4440 2106 4498 ubi-

505 4561 613 4618 que
656 4543 1077 4605 testatissimam,
1121 4540 1264 4613 quod
1304 4548 1359 4596 et
1398 4541 1568 4596 multa
1591 4546 1720 4595 sunt
1743 4547 1797 4594 et
1847 4535 2107 4608 praeclara

2212 3331 2338 3386 lium
2363 3347 2426 3386 ea:
2454 3329 2537 3386 ed.
2570 3328 2644 3384 IX
2666 3328 2910 3384 librorum
2936 3347 2988 3385 α.
3017 3330 3289 3386 MDXXIX
3337 3331 3462 3406 (sic)
3495 3334 3662 3389 textui
3687 3350 3819 3404 pra:-

2213 3422 2466 3479 mittilur.
2518 3420 2666 3477 Hanc
2715 3422 3001 3478 testimonia
3031 3432 3150 3478 cett.
3185 3423 3249 3478 de
3279 3421 3592 3480 Tertulliano
3621 3424 3816 3482 subsc-

2211 3524 2449 3588 quuntur
2473 3557 2488 3583 ,
2521 3524 2576 3572 et
2617 3515 2772 3572 series
2813 3515 3120 3573 Tertulliani
3165 3533 3375 3588 operum
3403 3533 3518 3589 qua:
3545 3517 3642 3574 hoc
3669 3519 3817 3576 volu—

2212 3611 2348 3665 mine
2391 3609 2730 3664 continentur.
2767 3607 2902 3664 Item
2948 3626 3012 3666 ea:
3037 3609 3215 3681 quibus
3261 3626 3471 3683 qumque
3523 3621 3571 3668 et
3618 3614 3819 3681 quoties

2212 3703 2312 3757 sint
2351 3701 2608 3756 codicibus
2655 3701 2946 3758 notabiliter
2976 3703 3263 3757 emendata.
3293 3701 3351 3758 Id
3378 3703 3518 3775 quod
3561 3703 3629 3760 ad
3656 3705 3818 3762 mini-

2213 3809 2358 3850 mum
2396 3803 2596 3865 quater,
2627 3793 2694 3848 ad
2748 3809 3020 3850 summum
3076 3794 3330 3849 ducenties
3359 3796 3689 3870 quinquagies
3719 3797 3739 3868 (
3768 3800 3816 3853 in

2213 3884 2608 3959 Apologetico)
2639 3886 2690 3941 in
2721 3886 2993 3958 plerisque
3035 3887 3282 3960 trigesies,
3336 3887 3568 3958 vigesies,
3615 3902 3818 3961 septua-

2213 3981 2340 4054 gies,
2371 3978 2466 4036 scd
2494 3987 2550 4035 et
2591 3979 2743 4036 octies
2774 3980 2982 4048 centies,
3015 3980 3200 4036 centies
3250 3981 3495 4054 trigesics,
3544 3967 3816 4040 interdum

2213 4073 2444 4129 omnibus
2470 4076 2576 4148 fere
2602 4074 2846 4130 clausulis
2872 4072 3072 4130 factum
3103 4073 3318 4132 dicitur.
3355 4073 3504 4132 Liber
3529 4076 3591 4130 de
3613 4076 3814 4147 Pallio,

2213 4168 2420 4235 scribit,
2450 4167 2746 4222 emendatur
2775 4167 3004 4222 omnibus
3052 4171 3156 4239 fere
3175 4167 3345 4237 lineis,
3370 4169 3528 4239 juxta
3557 4169 3640 4224 ed.
3686 4171 3815 4226 doc-

2213 4261 2393 4316 tissimi
2424 4259 2668 4317 Salntasii
2698 4259 2767 4313 ad
2796 4268 2989 4314 uetusta
3015 4261 3328 4332 exemplaria
3371 4261 3815 4318 accuratissimam

2213 4363 2549 4426 prwterquam
2575 4345 2776 4408 sex'aut
2801 4360 2988 4424 septem
3029 4353 3174 4408 locis.
3228 4351 3456 4410 Tcxtum
3491 4354 3696 4426 excipit
3727 4355 3816 4422 In:

2212 4446 2316 4504 dett
2344 4435 2742 4518 Script'urarum
2767 4459 3074 4510 sacrarum;
3108 4454 3220 4502 tum
3250 4445 3532 4516 subjuncta
3558 4445 3660 4502 sub
3687 4447 3818 4504 titu-

2210 4541 2264 4596 lo
2291 4539 2479 4596 incerti
2508 4538 2746 4594 auctoris
2773 4537 3011 4594 carmina
3040 4536 3372 4595 Tertulliano
3415 4539 3543 4596 olim
3573 4539 3814 4598 adscribi

503 4637 665 4696 nobis
704 4636 830 4693 inde
861 4645 1066 4704 notata,
1098 4650 1219 4707 qua:
1249 4633 1373 4690 huic
1409 4631 1632 4690 editioni
1678 4630 1967 4704 plurimum
2009 4630 2104 4685 tri-
2129 4657 2184 4718 Β
2209 4634 2389 4704 solita,
2431 4634 2669 4689 adversus
2717 4631 3030 4688 Marcionem
3077 4632 3115 4690 ι.
3150 4632 3195 4689 V
3238 4633 3301 4689 de
3349 4634 3554 4690 Judicio
3600 4635 3818 4692 Domini

502 4732 676 4788 buant
721 4730 858 4787 lucis
896 4738 952 4786 et
988 4729 1313 4786 ornamenti.
1359 4727 1488 4784 llaec
1514 4727 1617 4784 erit
1664 4724 1806 4796 apud
1856 4735 2103 4797 posteros

503 4825 680 4881 astatis
708 4833 905 4880 nostrae
944 4821 1151 4893 gloriae.
1181 4821 1280 4878 Cui
1306 4821 1471 4878 decus
1495 4819 1701 4876 accedit
1743 4818 1936 4890 ingens
1958 4834 2102 4875 eom-

497 4929 656 4993 perte
720 4917 937 4974 tandem
1014 4915 1201 4974 codice
1230 4958 1246 4984 ,
1304 4931 1464 4987 quem
1519 4931 1582 4971 ex
1640 4924 1766 4970 voto
1833 4913 2103 4985 Agohardi

498 5012 738 5087 episcopi
790 5011 1163 5083 Lugdunensis
1191 5010 1256 5066 ad
1285 5010 1342 5066 S.
1374 5009 1629 5081 Stephani
1659 5009 1828 5064 altare
1857 5009 2098 5064 oblatum

496 5108 666 5166 fuisse
695 5105 944 5177 legimus.
976 5103 1127 5160 llunc
1155 5112 1305 5160 certe
1335 5103 1530 5159 librum
1555 5101 1621 5156 ad
1651 5089 1980 5173 exemplaria
2009 5102 2098 5158 illa

497 5201 743 5259 nondum
770 5205 1014 5254 correcta
1061 5196 1386 5268 descriptum
1419 5194 1580 5252 luisse
1602 5237 1618 5262 ,
1645 5194 1955 5266 probabunt
1979 5196 2098 5264 ejus

502 5309 608 5365 ope
636 5292 880 5348 restituta
907 5290 1081 5345 nitore
1107 5288 1332 5360 pristino
1357 5288 1515 5360 qua‘m
1545 5289 1796 5359 plurima,
1839 5304 1959 5360 qua:
1987 5287 2096 5344 sin-

497 5385 624 5458 gula
653 5382 892 5439 indicare
935 5381 1075 5437 ttedii
1113 5395 1244 5438 sane
1283 5381 1470 5436 luisset
1508 5381 1895 5447 molestissimi,
1941 5382 2095 5451 pretii

497 5492 634 5536 vero
663 5475 898 5540 nullius;
931 5488 1051 5528 nam
1083 5473 1200 5530 haec
1225 5473 1336 5544 ipsa
1366 5473 1734 5529 Tertullianus
1763 5472 1917 5530 avide
1948 5489 2098 5530 recc-

497 5570 602 5642 pit,
630 5577 685 5625 et
710 5581 824 5632 sua,
854 5579 978 5637 qua:
1003 5566 1144 5622 male
1173 5565 1356 5622 avulsa
1385 5566 1614 5632 fuerant,
1643 5575 1748 5622 tam
1773 5567 1912 5622 bene
1940 5565 2102 5622 hodie

497 5663 798 5729 cohaerent,
831 5669 890 5716 ut
915 5659 1071 5716 avelli
1098 5676 1332 5732 unquam
1359 5661 1599 5732 potuisse
1628 5676 1734 5716 non
1763 5660 1972 5716 credas.
2003 5659 2102 5716 lta-

504 5770 609 5828 que
654 5768 894 5812 summas
926 5761 1367 5823 recuperatorutn
1401 5752 1578 5824 colligi
1609 5763 1691 5809 sat
1731 5753 1853 5820 erit,
1887 5763 1946 5808 ut
1973 5752 2094 5809 inde

500 5854 749 5933 consteth
769 5847 897 5918 quid
937 5854 1194 5917 praestare
1234 5845 1402 5902 simus
1448 5847 1638 5916 parati.
1669 5846 1760 5903 Sic
1803 5857 1998 5914 tamen,
2034 5856 2098 5902 ut

497 5940 753 5999 notabilia
777 5940 993 5998 tandem
1017 5939 1569 6011 comprehendantur:
1595 5941 1968 6001 minutioribus
1990 5958 2090 6002 nec

2214 4727 2441 4796 Genesis,
2477 4728 2729 4795 Sodoma;
2777 4727 3006 4800 denique
3053 4727 3218 4786 Index
3261 4745 3441 4786 rerum
3483 4733 3814 4788 memorabi-

2207 4825 2362 4882 lium.
2396 4822 2844 4910 Observationum
2872 4822 3091 4880 libellus
3117 4822 3376 4896 peculiari
3407 4824 3560 4881 titulo
3588 4825 3810 4898 gaudet,

2279 5072 2354 5145 (a)
2373 5071 2472 5145 His
2492 5070 2682 5145 verbis
2695 5080 2914 5145 excusat
2931 5069 3192 5145 Rigaltius
3216 5069 3500 5145 liberiores
3521 5073 3812 5145 opiniones

2207 5141 2345 5216 quas
2368 5143 2422 5200 in
2446 5141 2884 5216 annotationibus
2899 5141 3017 5216 suis
3037 5143 3321 5214 aliquoties
3348 5141 3574 5201 inseruit
3598 5161 3724 5201 cum
3757 5151 3808 5204 in

2200 5210 2550 5290 Cyprianum,
2571 5214 2758 5290 tum_in
2777 5210 3186 5290 Tertullianum;
3210 5229 3395 5290 verum
3419 5219 3601 5274 nescio
3624 5228 3807 5273 ntrtnn

2201 5284 2642 5357 eo'satisfactum
2680 5284 2839 5340 fuerit
2879 5287 3166 5351 omnibus;
3213 5285 3488 5342 fatendum
3514 5298 3598 5344 est
3618 5290 3765 5343 enim
3789 5331 3804 5357 ,

2203 5360 2448 5433 qumdam
2473 5372 2596 5413 esse
2622 5356 2736 5412 loca
2763 5357 2816 5433 in
2843 5357 3040 5429 quibus
3068 5359 3454 5433 satistestatur
3496 5375 3556 5433 se
3593 5375 3660 5414 ex
3704 5356 3806 5415 sua

2201 5427 2381 5505 potius
2405 5444 2564 5503 quam
2605 5427 2842 5484 auctoris
2860 5427 3049 5505 mente
3077 5429 3302 5505 loqttiget
3337 5431 3390 5486 in
3412 5432 3804 5505 llllibllSACIlillll

2201 5500 2476 5560 aberrat’a
2504 5517 2595 5565 re,
2625 5510 2682 5554 ιιι
2707 5501 3086 5571 annotationes
3133 5500 3334 5556 scribat
3377 5500 3667 5571 aliquando
3707 5501 3806 5557 ho-

2205 5577 2394 5633 dierno
2419 5571 2678 5629 Ecclesiae
2706 5569 3031 5644 usuiparnim
3058 5569 3604 5644 consentaneas.’ll:ec
3631 5574 3768 5644 ani
3787 5605 3804 5613 -

2203 5651 2325 5704 nius
2349 5656 2404 5703 et
2433 5645 2594 5718 paulo
2621 5652 2775 5718 post:
2806 5642 2885 5718 Illi
2918 5643 2948 5718 _(
2968 5641 3236 5714 Rigaltio)
3261 5646 3617 5718 exprobratur
3654 5641 3801 5717 quod

2204 5713 2532 5790 conjecturis
2559 5715 2718 5770 fuerit
2741 5713 2997 5790 audacior
3029 5729 3130 5770 nec
3194 5713 3341 5790 satis
3389 5713 3687 5774 adcuratus
3729 5719 3800 5774 ad

2199 5784 2489 5849 Auctorem
2519 5802 2674 5860 suum
2700 5785 2937 5854 antiquis
2977 5784 3356 5860 manuscriptis
3397 5802 3799 5860 recognoscen-

2197 5865 2326 5921 dum
2351 5871 2406 5919 et
2432 5859 2646 5915 tandem
2676 5871 2802 5912 suas
2827 5897 2842 5922 ,
2885 5865 2978 5910 aut
3014 5855 3263 5930 aliornm’
3284 5855 3558 5913 contextui
3608 5861 3798 5930 conje-

2195 5947 2376 5996 cturas
2405 5933 2548 5992 nulla
2574 5929 3058 5998 manuscriptorum
3086 5929 3238 5985 nixus
3265 5930 3602 5989 auctoritate.
3657 5931 3798 5991 Eon.
