4084 6344
300 304 383 366 53

300 514 537 571 consilio
569 523 624 571 et
659 512 866 587 judicio
906 515 1201 572 confectus.
1233 513 1513 586 Elegantia
1542 524 1599 573 et
1625 518 1799 574 nitore
1833 527 1911 590 ty-

299 623 521 682 porum,
574 606 863 679 siquidem
912 608 1084 680 prima
1128 607 1217 664 ed.
1265 623 1370 665 non
1415 608 1637 666 inferior
1691 611 1761 667 sit
1817 626 1902 667 se-

296 702 517 769 caudae,
546 717 706 773 quam
756 715 936 757 coram
978 700 1278 769 intuemur,
1307 703 1595 761 admodum
1626 719 1902 763 commen-

295 795 462 852 datur
486 794 603 850 haee
628 793 815 863 editio,
850 793 933 851 cui
964 794 1271 866 bibliopolae
1319 794 1602 853 honestate
1626 796 1765 855 haud
1790 799 1905 857 exi-

292 906 439 965 guus
491 889 737 946 utilitatis
784 890 1030 946 cumulus
1070 892 1296 947 accessit
1346 891 1504 948 editis
1547 893 1901 964 plurimorum

293 984 529 1043 γωδ.
576 983 634 1040 in
684 983 911 1040 Tertull.
958 982 1396 1042 adnotationibus
1444 985 1699 1058 singulari
1748 987 1900 1043 volu—

292 1079 446 1137 mine
476 1077 741 1151 tituloque
784 1077 1229 1164 comprehensis:
1260 1078 1442 1135 Jacobi
1490 1079 1707 1136 Pamelii
1735 1079 1895 1154 Brug.

294 1177 481 1235 Theol.
521 1186 621 1232 etc.
662 1175 973 1248 Argumenta
1004 1184 1049 1231 et
1074 1176 1438 1232 Annotationes
1466 1178 1519 1232 in
1548 1176 1613 1247 Q.
1646 1175 1770 1249 Sep.
1804 1177 1893 1233 Fl.

291 1269 607 1328 Tertulliani
636 1286 809 1341 opera,
837 1270 1019 1342 quibus
1046 1270 1263 1340 adiecta:
1302 1280 1417 1325 sunt
1445 1273 1797 1327 annotationes
1823 1271 1898 1326 di-

294 1383 580 1424 uersorum.
618 1362 805 1421 Omnia
844 1366 999 1420 textui
1044 1364 1280 1421 editionis
1317 1364 1383 1419 V.
1415 1363 1494 1421 Cl.
1544 1365 1767 1422 NICOLAI
1794 1365 1894 1421 Rt-

286 1464 465 1518 ωιτη
487 1457 543 1514 1.
571 1456 634 1516 C.
664 1457 1039 1530 respondentia.
1076 1458 1199 1513 Par.
1228 1468 1421 1530 sumpt.
1452 1459 1622 1514 Mulli.
1647 1461 1716 1515 du
1738 1460 1892 1531 Pais,

285 1557 368 1612 ria
392 1553 518 1610 Jac.
550 1552 645 1609 sub
669 1554 813 1625 signo
842 1552 1075 1609 Coronte.
1106 1553 1266 1610 1655.
1304 1552 1505 1612 Practer
1533 1569 1595 1609 ea
1621 1570 1741 1625 quae
1786 1554 1891 1610 Pa-

284 1648 483 1707 melius
531 1646 587 1704 in
629 1644 1017 1702 Tertullianum
1048 1646 1354 1719 composuit
1379 1646 1774 1713 adnotationes,
1804 1663 1893 1704 ar-

286 1750 564 1815 gumenta,
592 1739 760 1795 vitam
784 1746 839 1795 et
863 1749 968 1796 cet.
991 1755 1111 1810 quae
1133 1739 1292 1812 longe
1313 1740 1573 1814 majorem
1598 1741 1891 1799 voluminis

286 1844 489 1909 partem
544 1832 762 1905 (usque
796 1832 863 1888 ad
910 1848 964 1903 p.
1007 1831 1182 1907 781.)
1231 1843 1514 1907 occupant,
1568 1836 1892 1893 exhibentur

284 1897 368 1986 bic
406 1926 585 1982 Latini
636 1924 833 1980 Latinii
874 1926 1197 1997 conjecturae
1245 1936 1293 1984 et
1340 1929 1765 1999 emendationes,
1796 1928 1885 1987 Jo.
1922 1897 1966 1957 Β

290 2019 505 2077 Merceri
532 2017 934 2085 adnotationes,
967 2018 1127 2075 Edm.
1157 2019 1419 2088 Richerii,
1448 2021 1722 2099 Theodori
1747 2023 1887 2079 Mar-

297 2113 645 2182 ciliiJoanuis
667 2129 699 2169 a
714 2112 935 2170 Wower
949 2124 1002 2169 et
1021 2114 1288 2172 Gabrielis
1305 2114 1585 2189 Albospini
1605 2117 1882 2175 Aurelian.

304 2207 465 2281 Epise.
486 2217 635 2264 noue
655 2214 712 2263 et
736 2205 1161 2264 emendatioues.
1186 2208 1389 2278 Quibus
1410 2212 1661 2269 omnibus
1682 2227 1887 2269 accom-

301 2302 535 2359 modatus
564 2306 654 2359 est
683 2301 845 2358 index
876 2300 1120 2373 apprime
1148 2302 1312 2359 utilis.
1348 2303 1502 2372 Quod
1532 2306 1583 2361 in
1614 2306 1771 2363 titulo
1798 2321 1887 2378 p0-

286 2399 439 2466 nitur,
470 2397 644 2453 hasce
678 2395 1066 2452 'aduotaliones
1118 2399 1279 2453 textui
1329 2399 1631 2471 Rigaltiano
1661 2406 1885 2474 re’spono

282 2489 427 2558 dere,
479 2489 722 2545 numeris
753 2488 1070 2561 paginarum
1101 2490 1152 2545 in
1179 2490 1417 2562 margine
1439 2492 1881 2551 Observationum

284 2585 556 2642 adnotatis
597 2582 840 2641 ellectum
890 2592 996 2652 est,
1032 2585 1100 2640 ita
1132 2593 1307 2640 tamen
1335 2594 1394 2640 ut
1423 2585 1561 2643 liber
1602 2587 1669 2645 de
1721 2590 1883 2660 pallio

295 2687 350 2735 et
394 2676 790 2749 Apologeticus,
846 2676 935 2748 qui
985 2678 1039 2732 in
1086 2676 1403 2749 Rigaltianis
1444 2680 1603 2749 plane
1637 2681 1727 2737 alii
1756 2683 1882 2739 facti

289 2782 630 2843 comparent,
674 2771 737 2829 ad
759 2771 1123 2828 Pamelianam
1167 2772 1540 2830 recensionem
1573 2774 1752 2833 denuo
1781 2792 1879 2834 ex-

280 2857 634 2922 cirderentur.
665 2865 927 2922 Volumen
971 2865 1073 2922 hoc
1116 2874 1362 2922 notarum
1394 2867 1620 2925 seorsim
1649 2868 1794 2926 vehit
1825 2871 1879 2926 in

276 2959 550 3031 Catalogis
590 2974 750 3029 quam
796 2959 1042 3031 plurimis
1077 2976 1170 3017 ex.
1201 2976 1251 3015 c.
1280 2961 1338 3016 In
1368 2959 1536 3018 Catal.
1568 2961 1705 3019 Bibl.
1752 2963 1878 3019 Tot-

277 3053 446 3121 tiame,
478 3051 1115 3121 Bodleiante,‘Firmiame
1145 3064 1197 3110 ct
1223 3052 1521 3123 D’Estrées,
1653 3054 1704 3112 1.

1013 3146 1173 3203 1656.

348 3239 600 3297 «Vensro
639 3256 864 3298 GALLICA
908 3257 946 3296 ι.
989 3239 1336 3313 Apologen‘ci,
1391 3240 1570 3296 studio
1612 3241 1870 3301 Ludovic.

272 3333 418 3404 Gyrii
438 3375 455 3403 ,
486 3333 662 3390 Paris.
690 3332 888 3391 in-12°.
917 3353 935 3386 ι

1006 3428 1165 3486 1656.

346 3541 365 3575 ι
405 3520 588 3579 litauit.
619 3512 890 3578 nnuuim
931 3520 1250 3593 Tlteosophia
1284 3521 1386 3577 sub
1411 3520 1512 3577 hac
1534 3538 1667 3577 nova
1694 3523 1874 3579 inscri-

273 3618 488 3688 ptiouc:
520 3615 819 3686 Theolngia
849 3617 1176 3688 speculativa
1203 3625 1257 3672 et
1285 3616 1515 3686 practica
1544 3632 1612 3671 ex
1636 3617 1875 3687 patribus

271 3713 340 3767 ab
362 3712 562 3784 insigni
587 3711 819 3783 quodam
851 3712 1102 3784 theologo
1127 3711 1354 3768 colIeCIa
1397 3722 1452 3768 et
1491 3710 1689 3782 publici
1735 3711 1875 3784 juris

272 3808 428 3864 facta.
457 3804 812 3879 Witemberg.
858 3824 875 3859 ι
991 3858 995 3862 .

1008 3888 1169 3946 1659.

357 3989 602 4046 ιῩεκειο
644 3982 979 4047 msrsmcn.
1020 3990 1231 4047 Libror.
1288 3990 1603 4048 Tertulliani
1660 3991 1735 4048 De
1762 3992 1873 4048 Pa-

286 4085 472 4147 tientia.
530 4086 593 4140 de
619 4086 901 4140 testimonio
931 4086 1145 4153 animae,
1173 4086 1241 4140 ad
1272 4085 1577 4159 Scapulam,
1607 4096 1715 4144 etc.
1745 4103 1872 4145 cura

288 4176 499 4250 losephi
525 4177 783 4235 Pellecicr
802 4221 817 4247 ,
848 4177 1193 4234 Barcellonae.
1228 4196 1247 4231 i
1786 4183 1798 4197 ‘

1000 4270 1159 4329 l639.

376 4384 394 4417 ι
424 4360 665 4423 Paetum
712 4380 1000 4422 canonum
1041 4364 1279 4421 Salebrte
1308 4364 1704 4437 Tertullianicze
1751 4383 1874 4425 cum

310 4455 520 4522 ejusdem
550 4457 951 4527 comparatione
982 4456 1290 4529 dogmatum
1316 4458 1561 4529 Origenis
1586 4473 1708 4515 cum
1746 4458 1870 4524 phi-

315 4545 521 4619 lO‘SOpltltl
548 4546 804 4605 Platonis.
834 4548 1005 4618 Flor.,
1037 4550 1199 4605 ἰπὶ-4ο.
1237 4569 1257 4603 ι
1291 4609 1297 4615 ,

999 4642 1158 4699 1659.

1774 302 2165 364 romano.
3346 272 3351 277 ’
3546 307 3617 365 54

298 421 465 494 eique
512 418 741 477 accessit
798 416 967 477 index
1013 419 1297 493 glossarum
1353 421 1655 478 Tertulliani
1696 424 1911 495 egregio
1937 428 1990 488 Α

2736 420 2896 479 1611.

2090 513 2180 570 ΕΙ).
2201 514 2532 572 RIGALTIANA
2588 512 2651 568 ll.
2686 513 2932 583 Lutetia',
2953 506 3142 587 sumpt:
3169 513 3333 571 Mulli.
3367 512 3453 572 Du
3483 516 3614 574 I’nis

2012 616 2115 663 etc.
2146 608 2185 662 f.
2224 607 2670 663 Observationibus
2711 618 2757 664 et
2788 608 2942 665 Notis
2980 621 3130 681 atque
3156 612 3307 665 etiam
3351 610 3612 669 Glossario

2010 703 2224 768 auctior,
2281 703 2435 773 cujus
2483 702 2789 773 exetnplum
2821 719 2945 759 cum
2980 703 3244 775 frequent.
3276 705 3401 760 coll.
3432 704 3604 761 Codd.

2010 793 2162 851 MSS.
2204 793 2365 865 impr.
2398 792 2724 866 Agobardini
2755 795 2805 849 in
2831 794 2967 851 Bibl.
3002 795 3186 851 Baluz.
3217 796 3452 853 extabat.
3480 798 3611 854 Post

2008 888 2148 944 hanc
2189 886 2475 959 repetitam
2503 902 2626 944 esse
2651 887 3009 960 Rigaltianam
3041 887 3283 961 Parisiis,
3319 888 3479 954 1641.
3506 889 3603 959 46.

2004 983 2076 1040 50
2106 991 2157 1039 et
2185 981 2274 1040 58.
2303 979 2545 1039 Oudinus
2574 981 2830 1039 afﬁrmat.

2728 1072 2891 1131 1611.

2081 1186 2100 1219 ι
2137 1166 2392 1224 Passum
2435 1183 2720 1224 canonum
2765 1166 3019 1239 opuscula
3054 1167 3178 1236 tria,
3224 1183 3450 1241 quorum
3485 1169 3609 1226 ulti-

2001 1277 2149 1317 mum
2186 1262 2249 1317 de
2293 1262 2657 1334 philosophicis
2702 1262 3023 1335 opinionibus
3074 1272 3297 1319 veterum
3362 1262 3608 1320 Ecclesiae

2002 1355 2244 1425 Patrum,
2274 1355 2438 1412 multa
2468 1356 2536 1413 de
2563 1354 2897 1413 Tertulliano
2927 1358 3137 1429 quaerit.
3167 1356 3353 1423 Pisis.,
3384 1358 3550 1414 iuni".
3579 1380 3599 1412 ι

2728 1452 2889 1509 1644.

2077 1567 2096 1601 ι
2124 1547 2291 1604 Vens.
2323 1561 2459 1603 HlSP.
2489 1545 2533 1603 ll
2554 1545 2773 1601 Matriti.
2805 1547 2841 1603 f.
2874 1545 3188 1603 Tertulliani
3228 1545 3372 1603 liber.
3400 1546 3466 1603 de
3500 1546 3606 1603 Pa-

1998 1642 2181 1698 tientia
2225 1655 2347 1697 cum
2388 1640 2709 1697 commentis
2744 1639 2876 1699 Orii.
2909 1640 3022 1696 Cat.
3058 1638 3192 1695 Bibl.
3224 1637 3413 1697 Pinell.
3443 1637 3505 1696 T.
3547 1638 3601 1694 Ι.

1998 1752 2050 1793 υ.
2080 1734 2169 1791 89.
2212 1752 2230 1787 ι

2741 1828 2901 1885 1641.

2072 1942 2091 1976 ‹
2130 1922 2330 1979 V’ensro
2343 1937 2613 1980 HISPANICA
2640 1937 2697 1979 ιι.
2722 1922 2866 1979 Libr.
2892 1921 2960 1979 ad
2978 1920 3281 1995 Scapulam,
3313 1921 3602 1997 interprete

1993 2018 2108 2076 Pet.
2140 2018 2356 2075 Manero
2382 2058 2397 2085 ,
2423 2016 2604 2075 Ctesar
2630 2017 2853 2092 August.
2886 2039 2905 2072 ι

2715 2110 2878 2168 1615.

2062 2206 2129 2262 ll.
2181 2205 2384 2262 Veasro
2408 2221 2654 2262 GALLICA.
2714 2205 2938 2262 Librum
2983 2205 3050 2262 de
3093 2205 3417 2264 Pcenitentia
3472 2221 3596 2262 cum

1988 2299 2117 2354 aliis
2137 2299 2353 2355 Patrum
2384 2299 2452 2355 de
2480 2298 2580 2354 hac
2607 2299 2832 2355 materia
2880 2297 3192 2356 tractatibus
3219 2297 3409 2369 gallica
3437 2299 3599 2355 vertit

1988 2393 2253 2449 Antonius
2300 2391 2567 2448 Arnaldus
2594 2400 2650 2448 et
2678 2390 2848 2448 Paris.
2879 2391 3053 2465 evulg.
3078 2390 3225 2449 inter
3264 2389 3381 2463 ejus
3418 2405 3544 2463 opp.
3573 2426 3590 2457 ,

1989 2494 2027 2541 t.
2052 2484 2292 2555 XXVIII,
2325 2484 2454 2542 edit.
2488 2484 2681 2554 Paris.,
2708 2485 2867 2543 i779.

2720 2578 2884 2637 1616.

2065 2692 2082 2724 ι
2114 2672 2318 2729 Vsasro
2378 2688 2599 2731 camus
2646 2690 2704 2729 ιι.
2747 2674 3080 2747 Apologctici
3143 2672 3322 2733 studio
3384 2671 3591 2735 Ludov.

1986 2768 2136 2843 Gyrii
2155 2811 2170 2836 ,
2207 2768 2381 2825 ἰπὶ-12.
2415 2788 2433 2822 ι

2489 2862 2632 2920 teis
2658 2894 2728 2905 -
2756 2864 2827 2921 ss
2850 2895 2925 2907 —
2951 2865 3022 2922 50
3047 2865 3146 2940 (α).

2058 2957 2278 3013 Parisiis
2312 2975 2401 3031 ap.
2455 2957 2613 3014 illtch.
2673 2959 2822 3033 Solg.
2872 2961 2953 3016 via
3000 2959 3244 3020 ,Ιαεοὺαά
3295 2966 3385 3022 sub
3443 2968 3589 3037 signa

1986 3050 2267 3107 Phoenicis.
2316 3052 2410 3107 fol.
2440 3050 2594 3107 Tomi
2643 3051 2732 3107 IlI.
2768 3052 3110 3111 Tertullianus
3153 3059 3424 3127 redivivus,
3479 3077 3591 3114 sco-

1985 3145 2066 3199 liis
2095 3154 2140 3200 et
2169 3144 2599 3201 observationibus
2629 3146 2931 3202 illustratus.
2983 3147 3052 3204 In
3082 3166 3181 3220 quo
3207 3154 3466 3224 utriusque
3486 3155 3582 3224 jn-

1982 3239 2055 3292 ris
2083 3241 2251 3309 forma
2278 3239 2345 3292 ad
2370 3240 2615 3311 originem
2643 3256 2790 3295 suam
2823 3252 3130 3299 recentatur.
3180 3244 3245 3300 Et
3275 3248 3436 3301 Avitaz
3478 3250 3585 3319 pic-

1902 3310 1946 3373 (ἶ
1982 3331 2100 3383 tatis
2137 3330 2461 3385 Amator-ibus
2505 3332 2795 3404 inquirendi
2822 3350 3002 3388 norma
3050 3337 3412 3407 pr'wscribitur.
3452 3339 3586 3393 Anc-

1985 3431 2094 3476 ttn'e
2122 3420 2190 3474 P.
2231 3420 2473 3495 Georgio,
2525 3423 2848 3491 Ambianate,
2888 3425 3134 3482 Minorita
3162 3428 3443 3499 Capueino,
3477 3429 3583 3484 l’u-

1978 3516 2115 3570 risiis
2143 3517 2282 3586 apud
2323 3533 2443 3572 suos
2474 3516 2773 3589 Professore
2815 3518 3090 3595 Theologo.
3151 3522 3347 3579 Facete
3394 3523 3576 3595 lligzul-

1981 3610 2086 3666 tius
2130 3611 2329 3681 grande
2361 3611 2463 3667 hoe
2513 3610 2768 3683 Capucini
2806 3627 2941 3685 opus
2971 3593 3263 3687 respiciens
3293 3617 3347 3673 in
3381 3593 3574 3688 preclu-

1982 3704 2126 3759 tione
2152 3704 2292 3759 notis
2323 3703 2555 3777 inCypr.
2590 3707 2866 3776 praemissa
2895 3708 3082 3764 scribit
3107 3725 3120 3763 :
3149 3707 3303 3778 Quod
3345 3710 3413 3765 ad
3442 3710 3579 3766 Ter-

1981 3794 2258 3850 tulliauum
2316 3795 2530 3859 attinet,
2564 3797 2652 3852 vix
2682 3808 2787 3865 est,
2834 3807 2892 3854 ut
2916 3799 3186 3856 redivivus
3232 3817 3462 3873 unquam
3509 3803 3578 3856 ab

1980 3886 2091 3942 ullo
2118 3887 2424 3944 mortalium
2452 3888 2557 3945 dici
2583 3900 2765 3960 queat,
2796 3892 2885 3963 qui
2908 3894 3017 3963 jam
3047 3893 3120 3949 sit
3159 3893 3444 3950 horrendis
3488 3896 3577 3951 vel

1980 3978 2264 4061 grandium
2309 3981 2823 4037 commentariorum
2855 3982 3082 4039 sarcinis
3108 3984 3332 4041 obrutus
3361 3996 3414 4041 et
3443 4001 3573 4042 con-

1982 4074 2156 4131 tritus.
2191 4105 2262 4116 —
2294 4077 2596 4148 Antequam
2621 4086 2797 4134 autem
2828 4079 2893 4134 ad
2924 4079 3035 4150 ipsa
3066 4080 3380 4139 Tertulliani
3410 4099 3576 4154 opem

1980 4170 2199 4226 accedat
2244 4171 2424 4227 scoliis
2476 4173 2586 4228 suis
2637 4183 2689 4228 et
2730 4174 3194 4233 observationibus
3238 4176 3574 4239 illustranda.

1980 4266 2256 4336 praemittit
2304 4266 2565 4323 vindicias
2613 4267 3044 4333 Tertulliauicas,
3123 4287 3345 4343 quarum
3406 4273 3577 4344 prima

1978 4368 2132 4432 parte
2182 4360 2250 4417 de
2280 4359 2591 4416 Tertulliani
2622 4362 2811 4432 patria,
2840 4363 3179 4434 educatione,
3212 4367 3403 4423 studiis
3431 4367 3580 4423 aliis-

1978 4467 2082 4525 que
2112 4452 2177 4509 ad
2216 4453 2381 4509 vitam
2425 4453 2542 4525 ejus
2581 4457 2877 4511 naturalem
2929 4459 3293 4527 spectantibus
3338 4460 3465 4533 agit.
3518 4462 3574 4517 In

1978 4547 2209 4604 secunda
2240 4556 2393 4619 parte
2448 4549 2586 4605 inter
2631 4549 2730 4604 alia
2774 4551 3107 4623 disquiritur,
3139 4554 3332 4624 quibus
3362 4557 3583 4613 motivis

1979 4642 2045 4697 ad
2086 4641 2443 4700 Christianam
2474 4643 2633 4700 fidem
2683 4644 2945 4702 adductus
2989 4647 3189 4705 fuerit?
3215 4666 3282 4706 an
3312 4653 3495 4707 statim
3543 4668 3575 4708 τι

377 4753 394 4785 ι
422 4733 609 4792 νεηςιο
638 4751 912 4792 ηιερλκιελ
952 4736 1137 4792 libror.
1170 4736 1236 4793 de
1267 4737 1551 4807 Patientia,
1595 4740 1662 4798 de
1695 4741 1871 4798 Tcsti-
1900 4726 1951 4787 D
1978 4736 2329 4792 conversione
2361 4736 2624 4807 baptismo
2648 4738 3102 4797 initiatnsfuerit?
3131 4758 3196 4798 an
3250 4754 3305 4800 et
3345 4760 3570 4802 uxorem

311 4826 465 4881 monio
490 4830 701 4893 animae,
731 4829 796 4883 ad
823 4829 1127 4900 Scapulam,
1151 4839 1281 4897 etc,
1315 4844 1442 4887 cura
1486 4832 1705 4906 Joscphi
1757 4835 1875 4892 Pel-

310 4920 467 4988 lecier,
497 4920 842 4980 Barcellonrc.
885 4942 903 4976 ι

990 4995 1147 5053 1610.

376 5104 391 5137 α
425 5085 616 5145 Vnusro
654 5104 879 5146 GALLICA
935 5089 977 5144 Ι.
1020 5089 1204 5146 Iibror.
1260 5090 1327 5146 de
1367 5091 1635 5167 oratione.
1674 5092 1870 5164 Paris,

312 5174 471 5234 12⁶.-
499 5181 572 5238 De
599 5182 887 5249 Patientia,
920 5182 1049 5239 ibid.
1083 5184 1173 5253 l2,
1203 5195 1424 5242 auctore
1453 5184 1716 5243 llobierio.
1752 5208 1770 5242 ι

644 5278 657 5289 ’
1010 5277 1171 5335 1640.

323 5429 337 5445 ο
373 5364 603 5427 «Vensto
652 5386 876 5428 GALLICA
901 5389 957 5428 ιι.
1006 5371 1171 5429 Libro
1218 5370 1293 5428 De
1318 5370 1491 5430 Pallio
1532 5388 1658 5431 cura
1702 5374 1874 5433 Titre-

220 5464 233 5475 ‘
309 5456 423 5528 villi,
448 5461 613 5521 Paris.
656 5484 677 5518 ι

1002 5538 1164 5596 1611.

367 5622 520 5684 Latet.
548 5628 723 5685 Paris.
753 5646 801 5684 c.
834 5631 1019 5704 insigni
1058 5648 1258 5705 magna:
1285 5633 1448 5690 navis.
1474 5635 1593 5691 Fol.
1625 5636 1776 5693 Tomi
1807 5637 1868 5692 ll.

305 5712 362 5787 ρ.
390 5720 529 5795 Sept.
556 5722 707 5780 Flor.
736 5723 884 5781 Tert.
938 5741 1124 5798 opera,
1173 5728 1522 5800 argumentis,
1554 5730 1872 5799 explicatio-

306 5813 465 5883 nibus,
495 5819 633 5874 notis
677 5818 963 5891 illustrata,
995 5832 1135 5878 auct.
1169 5820 1258 5899 .lo.
1308 5818 1441 5878 Lud.
1495 5821 1557 5880 de
1596 5823 1644 5879 lu
1687 5822 1869 5883 Corda.

264 5936 289 5951 ε
312 5901 441 5973 (Viti.
464 5908 559 5970 Ed.
589 5910 749 5983 prim.
776 5910 798 5983 )

1980 4828 2044 4883 ad
2070 4828 2227 4886 ﬁdem
2260 4830 2517 4885 traxerit?
2551 4846 2615 4886 an
2646 4831 2903 4888 Ecclesiae
2930 4834 3145 4902 Doctor,
3174 4851 3238 4892 an
3280 4837 3572 4905 Sacerdos,

1979 4938 2046 4976 an
2086 4922 2396 4989 Monachus,
2428 4939 2493 4979 an
2540 4923 2740 4996 Martyr
2768 4925 2972 4981 fuerit?
3018 4928 3192 4983 Tertia
3218 4931 3574 4987 vindiciarum

1980 5029 2105 5085 pars
2154 5014 2224 5070 de
2276 5014 2591 5072 Tertulliani
2644 5017 2886 5073 doctrina
2935 5019 3155 5090 ejusque
3200 5018 3414 5094 scriptis
3467 5035 3575 5081 tam

1979 5108 2324 5180 apologeticis
2366 5124 2526 5180 quam
2574 5111 2856 5182 polemicis
2884 5120 2939 5168 et
2964 5114 3304 5184 parmneticis
3329 5118 3457 5187 agit.
3493 5118 3569 5174 Ita

1980 5212 2161 5260 autem
2211 5205 2280 5261 de
2327 5205 2567 5261 doctrina
2598 5205 2715 5277 ejus
2741 5222 2801 5263 se
2844 5221 3006 5278 agerc
3028 5195 3330 5279 profitetur,
3376 5221 3428 5266 ut
3458 5212 3578 5283 ejus

2693 5362 2743 5417 p.
2779 5344 2905 5401 5⁸26.
2962 5345 3025 5401 Τ.
3070 5347 3136 5411 II,
3183 5357 3238 5404 et
3278 5349 3395 5404 Gul.
3438 5349 3575 5409 Bibl.

1980 5415 2242 5486 Cliigiana:
2270 5432 2320 5470 ν.
2352 5415 2660 5471 Ambianos.
2694 5415 2817 5472 'Scd
2852 5418 3063 5473 variant
3090 5420 3140 5474 in
3185 5436 3449 5477 annorum
3497 5425 3579 5479 in-

1977 5489 2120 5562 dicio
2148 5487 2260 5562 γγ.
2283 5487 2414 5562 ω).
2446 5487 2656 5562 Fabric.
2685 5489 2844 5560 (Del.
2878 5504 2932 5560 p.
2963 5489 3135 5562 215.)
3190 5491 3332 5547 1616
3379 5504 3431 5549 et
3478 5496 3575 5554 18.

1980 5559 2487 5635 Β-ιιῐιὶιεὶυε-1648ῌοι
2519 5560 2605 5635 50,
2634 5559 3069 5635 ρι’ὸΐθηςηιιειῐύ
3100 5559 3386 5635 utrumque
3418 5582 3475 5619 se
3497 5568 3571 5635 μεὶ

1979 5631 2198 5700 placuit.
2241 5629 2375 5685 Male
2417 5629 2647 5687 Saudius
2674 5634 2823 5702 quasi
2867 5629 3145 5703 repetitam
3174 5652 3223 5689 a.
3267 5629 3577 5694 16501ιςὶιιυ

1978 5704 2267 5779 editionem
2293 5702 2489 5779 laudat.
2513 5704 2610 5779 nisi
2637 5702 2989 5779 negligentius
3011 5705 3425 5779 honscripserit,
3454 5726 3576 5766 cum

1982 5776 2225 5848 diversas
2246 5773 2532 5848 editiones
2560 5773 2865 5848 significare
2895 5777 3055 5834 vellet
3099 5773 3284 5846 factas,
3333 5796 3382 5835 a.
3411 5782 3569 5837 1613.

1978 5846 2040 5902 P.
2064 5845 2279 5926 Georgii
2304 5853 2360 5899 et
2379 5862 2429 5901 a.
2459 5845 2631 5920 1650,
2660 5850 2818 5907 aliam
2845 5849 3162 5922 Bigaltianae
3186 5845 3277 5910 sc.
3297 5854 3578 5926 repetitio~

1978 5933 2123 5977 nem.
2169 5915 2478 5978 Scuosasu.

2052 5341 2128 5423 (al
2160 5341 2234 5398 lla
2269 5342 2378 5423 jam
2427 5342 2642 5423 Qeillier
