4084 6344
497 235 570 299 55

499 464 561 510 et
600 455 751 525 plura
798 469 962 523 super
1005 455 1103 511 hac
1145 454 1382 513 editione
1422 454 1632 530 Ittigius
1662 456 1717 515 in
1756 458 1895 516 Hist.
1946 459 2096 517 Eccl.

494 545 617 608 Sec.
650 547 712 615 ll,
756 563 809 619 p.
842 548 901 603 Ἠ
936 562 1019 618 sq.

1224 644 1385 703 1650.

576 735 742 792 Lond.
767 735 820 793 8.
849 737 1162 797 Tertulliani
1184 743 1439 814 opuscula
1456 743 1621 800 varia.
1645 776 1716 787 —
1737 745 1877 804 inter
1899 748 2092 808 Franc.

498 827 650 885 Reus
675 828 829 887 Mella
861 831 1081 889 Patrum
1128 850 1248 907 pag.
1280 835 1388 893 295
1412 864 1482 907 5-—
1504 836 1630 895 468.
1666 837 1778 895 Cat.
1809 839 2048 899 Buneau.

1244 927 1406 986 1651.

574 1033 593 1068 ι
631 1015 944 1073 Tertulliani
977 1033 1101 1091 opp.
1133 1020 1340 1090 poetica
1361 1020 1526 1077 edidit
1548 1021 1776 1079 Andreas
1798 1023 2015 1081 Birinus
2035 1040 2101 1084 ac

474 1118 620 1185 ,post
648 1109 962 1178 Pamelium,
992 1111 1208 1170 Junium
1241 1113 1513 1173 Barthium
1546 1114 1739 1175 breves
1773 1127 1928 1175 notas
1947 1119 2098 1177 addi-

495 1199 594 1267 dit,
632 1199 822 1272 (10th.,
853 1202 906 1259 8.
942 1223 961 1257 ι

1240 1278 1401 1336 1655.

574 1386 593 1419 ι
630 1366 843 1424 HERM.
862 1368 1224 1428 ΠΔΤΙΙΜΑΝΙ
1249 1370 1572 1443 ΤΙιεοεορΙιὶα
1591 1383 1672 1431 ter
1688 1373 1827 1430 edita
1845 1375 1945 1431 sub
1959 1390 2099 1433 novo

494 1463 746 1519 nomine:
776 1462 1001 1519 Medulla
1032 1465 1282 1535 Patrum,
1313 1468 1414 1523 hoc
1442 1480 1528 1524 est
1553 1469 1859 1526 Consensus
1886 1470 2101 1526 harmo-

496 1558 687 1620 niacus
733 1558 949 1615 Patrqu
1007 1560 1127 1617 fidei
1176 1567 1411 1634 antiquae
1437 1564 1638 1619 etvita:
1661 1548 1790 1620 vero
1836 1564 2099 1623 Christia-

494 1668 582 1709 me
602 1694 617 1718 ,
645 1652 808 1709 certis
836 1670 930 1725 per
970 1654 1117 1711 locos
1159 1654 1487 1726 theologicos
1514 1658 1896 1729 porismatibus
1921 1660 2098 1715 consi-

812 308 813 315 η
1824 296 1827 297 ν
1952 244 2341 312 ΡΒίΕΕΛΤΙΟζ

498 372 715 415 errores
741 358 794 416 iu
832 356 1027 415 bonam
1077 367 1283 431 partem
1328 360 1666 435 interpretari
1700 363 1919 420 nitatur.
1969 365 2096 423 Haec
2120 368 2171 428 Λ
2198 366 2467 439 Secunda,
2505 372 2746 445 pacilice,
2783 385 2838 433 et
2881 378 3085 452 absque
3128 381 3459 440 contentiosa
3488 392 3809 444 controver‘

3734 268 3813 333 53

2202 464 2302 533 sia,
2338 466 2498 522 tacito
2524 471 2684 526 etiam
2725 470 3019 530 adversarii
3045 475 3429 550 cujuscumque
3460 481 3675 537 nomine
3706 497 3810 537 nu-

2202 559 2273 615 do
2297 562 2554 632 veritatis,
2580 574 2637 620 et
2658 566 2869 638 pietatis
2891 568 2951 625 S.
2975 569 3118 626 Patri
3143 572 3464 643 Augustino,
3487 573 3682 630 debitae
3706 590 3809 632 nec

2203 667 2311 727 non
2333 657 2492 713 totius
2516 662 2694 731 operis
2719 676 2784 717 cx
2806 662 2920 734 ejus
2939 665 3216 722 sententiis
3236 666 3542 724 lectissimis
3562 670 3807 726 contexti

2201 748 2272 805 ab
2300 752 2443 806 omni
2469 752 2827 813 armulationis
2851 756 3043 828 injuria
3074 759 3277 816 tutandi
3318 773 3586 834 respectu,
3629 762 3806 827 diluit,

2201 842 2562 915 Alphabetum
2611 863 2856 906 errorum
2908 867 3189 924 perperam
3256 855 3635 926 impntatorum
3688 856 3807 913 Au-

2200 936 2438 1006 gustino,
2472 937 2787 996 Tertulliani
2831 942 2881 998 in
2915 946 3163 1002 omnilms
3201 948 3347 1004 sanis
3378 949 3712 1016 illustratori,
3747 950 3803 1006 in

2203 1031 2472 1099 perversis
2498 1037 2816 1091 correctori.
2848 1036 2950 1094 Ubi
2982 1048 3087 1096 tota
3116 1041 3232 1112 ejus
3272 1042 3539 1113 doctrina,
3572 1043 3809 1099 maxime

2201 1136 2333 1177 vero
2363 1122 2431 1179 de
2471 1124 2973 1198 Przedestinatione',
3021 1133 3211 1203 gratia,
3242 1142 3298 1190 et
3323 1132 3493 1190 libero
3542 1135 3807 1199 Arbitrio,

2202 1232 2309 1272 non
2364 1220 2566 1288 privata
2618 1222 2778 1279 unius
2825 1227 3087 1286 auctoris.
3128 1214 3228 1284 sed
3280 1228 3577 1297 Catholica,
3630 1238 3684 1285 ct
3737 1229 3809 1284 ad

2201 1306 2259 1365 S.
2293 1308 2609 1383 Seripturm,
2642 1314 2884 1384 Patrum,
2916 1315 3300 1387 Conciliorum,
3335 1319 3431 1377 SS.
3482 1319 3808 1377 Pontificum

2201 1411 2257 1457 et
2304 1402 2635 1462 Tridentinte
2686 1424 2846 1477 quam
2891 1412 3123 1466 maxime
3177 1412 3377 1485 Synodi
3425 1422 3480 1470 et
3527 1414 3813 1474 Constitu-

2201 1495 2361 1551 tionis
2409 1497 2705 1555 Innocentii
2760 1501 2829 1556 Χ.
2872 1502 2924 1557 in
2955 1504 3193 1576 quinque
3232 1505 3500 1578 Proposit.
3529 1509 3807 1584 Censura,

2202 1590 2437 1661 regulas,
2468 1604 2660 1651 exacte
2692 1596 2949 1664 reducta;
2993 1606 3049 1654 et
3087 1615 3182 1671 per
3230 1599 3301 1656 27
3343 1603 3668 1674 qtuestioncs
3714 1623 3812 1663 cn-

2201 1684 2345 1739 tiose
2380 1685 2645 1756 discussa,
2705 1689 3010 1747 orthodoxa
3043 1707 3263 1763 prorsus
3292 1710 3415 1752 esse
3444 1702 3806 1760 convincitur.

495 1754 726 1860 ‘gna'tus,
750 1756 906 1860 ferta
938 1755 992 1802 et
1016 1747 1269 1860 salutaria
1300 1760 1486 1860 contra
1507 1751 1854 1860 adversarios.
1877 1752 2096 1860 αηρενίε
2125 1780 2173 1841 Β
2201 1773 2377 1830 Tertia
2410 1793 2533 1857 pars
2560 1794 2839 1850 erroneas,
2874 1747 3175 1850 hmreticas,
3205 1785 3559 1860 durioresque
3586 1802 3811 1848 senten-

494 1837 717 1894 tradens
746 1837 1086 1903 documenta.
1137 1840 1192 1896 lu
1225 1842 1331 1898 line
1352 1842 1568 1899 additur
1596 1844 1888 1916 'l‘heologia
1933 1847 2097 1903 Prac-

494 1930 600 1986 tica
647 1945 680 1986 c
726 1930 1042 1987 Tertulliani
1074 1943 1129 1989 et
1152 1933 1407 2007 Cypriani
1435 1935 1667 2013 propriis
1690 1937 1868 1993 verbis
1894 1938 2095 1993 contir-

492 2030 639 2078 mata
669 2034 723 2080 et
749 2023 853 2080 luci
884 2027 1125 2095 exposita
1174 2039 1257 2085 est
1302 2046 1331 2084 a
1358 2029 1426 2084 Μ.
1476 2028 1660 2086 llerm.
1687 2047 1700 2085 :
1730 2030 2090 2089 Bathmanuo.
2163 2059 2167 2063 -

495 2113 850 2191 Witembcrg.
890 2138 908 2173 ι

1219 2214 1377 2273 1656.

489 2303 504 2327 '
568 2302 740 2376 Lugd.
786 2304 906 2362 Bal.
954 2322 1019 2362 ea:
1058 2306 1151 2376 o/f.
1194 2307 1285 2363 Jo.
1334 2308 1522 2365 Maire.
1568 2309 1623 2366 8.
1681 2310 1745 2381 Q.
1802 2310 1953 2382 Sept.
2008 2312 2092 2370 Fl.

493 2394 811 2453 Tertulliani
838 2397 976 2456 liber
1002 2401 1069 2456 de
1111 2400 1296 2456 Pallio.
1345 2401 1600 2459 Claudius
1628 2402 1923 2460 Salmasius
1968 2416 2095 2461 ante

492 2498 728 2546 mortem
766 2491 1060 2559 recensuit,
1086 2492 1394 2565 explicavit,
1450 2496 1592 2550 notis
1644 2496 1948 2567 illustravit.
1992 2501 2098 2553 Ac-

494 2582 641 2640 cedit
668 2598 796 2640 vera
836 2584 902 2640 ad
947 2585 1126 2641 virum
1169 2586 1413 2658 ejusdem
1454 2586 1676 2660 clligies.

1230 2679 1393 2738 1.657.

573 2772 959 2845 (Argentorati.
988 2773 1043 2831 8.
1086 2773 1404 2832 Tertulliani
1439 2780 1620 2848 opera,
1670 2790 1834 2848 opera
1874 2776 2088 2833 Boecle-

494 2864 604 2937 ri.)
651 2864 729 2920 Ita
757 2863 1010 2922 Sandius.
1042 2866 1286 2923 Oudinus
1325 2877 1511 2924 contra
1542 2870 1696 2942 hujus
1744 2869 1844 2925 loci
1888 2879 1937 2925 et
1970 2870 2095 2925 anni

494 2960 844 3033 repetitionem
875 2960 1186 3033 Rigaltianw
1213 2960 1387 3019 forma
1421 2978 1529 3020 non
1578 2964 1810 3020 iudicata
1848 2979 2091 3022 commc-

495 3071 694 3117 IIIOI'M.

1227 3135 1387 3193 1658.

570 3224 787 3282 Parisiis
841 3244 930 3299 ap.
969 3225 1090 3283 Jac.
1119 3226 1300 3285 Dallin
1343 3229 1436 3285 sub
1481 3230 1625 3301 signa
1661 3229 1722 3286 S.
1757 3229 2011 3299 Stephani
2040 3239 2095 3285 et

493 3318 749 3377 Thomam
773 3320 898 3393 Joly
942 3322 1035 3377 sub
1077 3325 1224 3394 signo
1279 3326 1412 3379 sculi
1444 3324 1759 3388 llallanditc,
1810 3326 1891 3379 via
1937 3324 2094 3379 Jaco-

491 3414 642 3470 bwa:
674 3416 765 3471 fol.
798 3415 949 3470 Tomi
982 3415 1071 3471 lll.
1120 3416 1435 3472 Tertulliani
1466 3416 1865 3488 Omniloquiutn
1896 3417 2094 3487 Alpina-

493 3507 731 3564 beticum
765 3509 1049 3565 Rationale
1088 3509 1459 3581 Tripartitum,
1489 3512 1600 3567 sive
1628 3509 1945 3568 Tertulliani
1967 3525 2093 3580 0pc-

495 3616 558 3656 ra
603 3601 784 3657 omnia
815 3603 866 3657 in
908 3617 1109 3659 novum
1149 3602 1417 3670 ordinem,
1464 3603 1727 3661 hactenus
1772 3604 2092 3659 intentatum

490 3706 550 3755 et.
580 3698 811 3768 facilem,
843 3699 1095 3755 omnibus
1144 3699 1421 3770 utriusque
1466 3700 1564 3755 fori
1604 3699 1941 3764 Oratoribus,
1989 3697 2096 3753 Rc-

491 3808 613 3848 rum
678 3793 1028 3849 humanarum
1094 3794 1507 3866 divinarumque
1562 3793 1970 3851 Professoribus
2029 3808 2095 3851 ac

497 3884 869 3955 Seriptorihus
914 3886 1125 3955 utilem,
1175 3886 1459 3957 disposita,
1514 3888 1779 3958 exposita,
1826 3884 2092 3944 illustrata

493 3994 658 4050 opera
713 3980 894 4036 fratris
943 3980 1119 4036 Caroli
1173 3980 1389 4035 Moreau
1452 3970 1831 4051 Augustiniani
1874 3981 2094 4038 Ordinis

490 4073 853 4129 Eremitarum
887 4073 1213 4130 Communit.
1265 4073 1586 4129 Bituricens.
1636 4073 1947 4129 Conventus
1984 4073 2090 4130 Re-

493 4170 633 4242 gina:
660 4169 979 4241 Margaritaz,
1013 4170 1066 4225 in
1090 4168 1360 4226 suhurhiis
1387 4169 1444 4226 S.
1470 4168 1725 4226 Germani
1750 4167 1924 4225 Paris.
1953 4168 2092 4238 Quid

492 4267 617 4320 novi
651 4265 958 4335 praestiterit
986 4263 1195 4319 Author
1221 4264 1272 4319 iu
1296 4264 1397 4319 hoc
1422 4278 1607 4334 opere,
1624 4279 1889 4319 summam
1913 4262 2093 4320 Theo-

491 4357 649 4429 logia:
692 4356 1048 4420 scholaSticte,
1082 4355 1334 4412 Positivze
1389 4367 1441 4415 et
1473 4356 1690 4412 Moralis
1719 4371 1785 4412 ex
1812 4354 2089 4427 Scriptura

493 4449 552 4507 S.
586 4448 837 4505 Patribus
880 4458 936 4504 et
964 4449 1296 4506 Tertulliauo
1324 4460 1377 4505 et
1407 4449 1718 4523 Augustino
1738 4449 1971 4505 maxime
2000 4450 2095 4505 de-

493 4552 716 4616 cerptte,
768 4543 1178 4613 cotnplecteute,
1220 4558 1452 4615 sequens
1482 4543 1669 4615 pagina
1709 4542 1985 4599 indicabit.
2021 4573 2092 4583 —
2115 4582 2172 4644 Β

492 4637 699 4693 Titulos
724 4636 763 4691 ll
795 4647 850 4693 et
876 4635 944 4692 Ill
970 4635 1271 4693 Voluminis
1300 4636 1441 4693 haud
1464 4637 1644 4693 minus
1666 4636 1909 4708 prolixos
1933 4636 2093 4691 omit-

491 4733 675 4799 timus,
708 4733 835 4789 etsi
884 4748 1138 4787 summam
1184 4748 1375 4800 rerum,
1427 4749 1554 4803 quas
1595 4732 1659 4788 de
1702 4748 1831 4787 novo
1879 4731 2093 4787 contulit

489 4826 688 4880 Aut/tor
715 4826 784 4879 at!
805 4825 1194 4880 illustrationem
1222 4823 1532 4881 Tertulliani
1567 4838 1688 4897 pag.
1717 4824 1888 4881 altera
1934 4825 2090 4883 Tomi

494 4921 651 4988 primi
684 4917 947 4985 exhibita,
998 4917 1324 4990 descriptam
1370 4918 1703 4989 dederimus,
1736 4917 1867 4974 satis
1896 4918 2091 4989 cuique

489 5010 558 5065 de
581 5010 795 5082 ingenio
818 5009 1358 5066 editoris'eonstabit.
1392 5010 1468 5066 Ita
1498 5024 1624 5065 vero
1654 5008 1770 5064 haec
1797 5018 1990 5066 sonat:

567 5121 587 5155 ‹
625 5102 771 5174 Opus
800 5103 904 5159 hoc
928 5119 1126 5160 novum
1156 5104 1481 5176 tripartitum
1510 5101 1679 5159 tribus
1709 5103 1866 5158 tomis
1909 5102 2087 5160 absol-

486 5195 650 5252 vitur.
702 5197 915 5253 Primus
964 5197 1051 5254 hic
1083 5207 1192 5254 tres
1238 5206 1417 5269 partes
1457 5197 1854 5268 complectitur.
1906 5198 2087 5255 Prima

485 5292 703 5364 quidem
735 5308 926 5350 omnes
966 5292 1136 5351 libros
1166 5293 1503 5358 Tertulliani,
1539 5293 1590 5347 in
1621 5290 1867 5349 ordinem
1895 5292 2088 5364 alpha-

485 5387 717 5443 hcticum
746 5385 1005 5458 digestos,
1051 5387 1277 5458 profert,
1306 5388 1561 5459 supplcns
1586 5395 1819 5459 quatuor
1844 5386 2088 5443 defectus

486 5478 774 5545 notabiles,
823 5480 874 5534 in
923 5481 1173 5535 omnibus
1204 5479 1465 5536 hactenus
1511 5477 1839 5535 editionihus
1868 5488 2086 5551 prtetcr-

483 5572 700 5638 missos,
750 5570 802 5627 iu
853 5570 1258 5643 prmfatiuncula
1305 5572 1683 5645 praemittenda
1723 5582 1957 5630 notatos.
2009 5571 2085 5649 (a)

555 5685 633 5760 (a)
673 5684 909 5754 Quales?
940 5687 1187 5757 equidem
1232 5703 1331 5744 nec
1383 5689 1527 5745 dicto
1567 5690 1685 5746 loco
1720 5689 1958 5758 reperire
1988 5705 2088 5760 po-

458 5742 581 5821 ,tui‘,
614 5742 833 5831 [nece
861 5742 1191 5830 specialio-ri,
1216 5742 1293 5815 adi
1315 5742 2082 5831 queminderemi'ttitlcc'to-
2118 5742 2120 5746 λ

481 5843 591 5897 res,
634 5829 943 5901 praefatione
971 5833 1167 5893 certior
1194 5829 1368 5893 factus
1390 5848 1510 5893 sum
1539 5851 1553 5891 :
1583 5833 1841 5906 quoniam
1875 5847 2004 5892 vero
2026 5834 2081 5891 in

2201 1871 2302 1926 tias
2319 1870 2637 1931 Tertulliani
2669 1890 2697 1930 a
2725 1890 2854 1932 sana
2885 1878 3001 1949 ejus
3023 1878 3264 1936 doctrina
3292 1894 3587 1954 separatas,
3616 1889 3811 1945 ordine

2200 1964 2400 2033 pariter
2440 1966 2782 2037 alphabetico
2808 1980 3087 2027 contextas
3115 1974 3336 2041 crolvit,
3364 1978 3602 2049 explicat
3630 1991 3685 2035 et
3708 1982 3812 2038 Ca-

2200 2056 2404 2112 tholica
2438 2059 2495 2115 S.
2531 2060 2593 2117 P.
2624 2062 2906 2133 Augustini
2935 2062 3182 2121 doctrina
3231 2065 3497 2124 dissolvit.
3546 2071 3683 2127 Cum
3711 2090 3809 2144 ge-

2198 2149 2347 2205 mino
2386 2151 2638 2208 secunda:
2663 2164 2715 2209 et
2744 2154 2916 2212 tertia:
2943 2158 3111 2228 partis
3138 2160 3357 2228 proprio
3398 2161 3610 2230 iudice;
3637 2166 3811 2223 altero

2198 2246 2438 2302 locorum
2461 2244 2759 2305 selectioris
2788 2251 3070 2322 scriptura:
3092 2252 3287 2309 ibidem
3312 2256 3598 2326 esplicatte
3616 2300 3630 2325 ,
3661 2260 3804 2316 alte-

2198 2352 2259 2393 ro
2298 2354 2477 2415 rerum
2528 2341 2932 2399 uolabiliorum.
2977 2344 3324 2412 Secunduset
3365 2346 3567 2405 Tertius
3608 2350 3803 2408 Tantus

2198 2435 2475 2504 patiuntur
2506 2437 2686 2492 omnia
2718 2453 2848 2494 sana
2894 2439 3138 2510 ejusdem
3198 2441 3509 2499 Tertulliani
3539 2445 3708 2516 Opera
3749 2449 3806 2506 in

2198 2526 2347 2585 locos
2374 2544 2690 2589 communes
2718 2532 2909 2590 ordine
2959 2526 3098 2591 novo
3131 2544 3187 2592 et
3225 2535 3478 2594 hactenus
3506 2539 3797 2608 intentato,

2196 2638 2304 2678 non
2335 2633 2541 2679 tantum
2588 2624 2950 2698 alphabetico,
2997 2628 3092 2688 sed
3146 2629 3307 2686 etiam
3359 2633 3604 2689 rationali
3631 2650 3805 2692 exac-

2197 2717 2408 2774 tissime
2430 2718 2706 2788 distincta,
2735 2721 2990 2778 brevibus
3042 2722 3265 2780 scholiis
3314 2725 3381 2781 ad
3421 2727 3629 2800 singula
3657 2745 3813 2801 qua:-

2195 2826 2301 2882 que
2328 2810 2576 2879 obseura,
2607 2813 2673 2870 ad
2704 2814 2912 2872 literam
2941 2817 3208 2889 exposita,
3233 2826 3287 2875 et
3312 2820 3510 2892 ubique
3538 2838 3631 2894 per
3664 2825 3814 2881 sele-

2196 2906 2395 2963 ctiores
2442 2924 2507 2965 ex
2552 2907 2784 2965 Medulla
2815 2911 3212 2983 S.Seriptura:,
3260 2913 3661 2983 Conciliorum,
3705 2917 3817 2974 Pa-

2196 3008 2359 3065 trum,
2385 3001 2827 3077 ctS.Augustini
2856 3007 3178 3076 prtesertim,
3208 3007 3399 3063 nullibi
3429 3011 3811 3081 praetermissi,

2197 3096 2427 3151 aliorum
2479 3098 2607 3152 item
2660 3097 3163 3167 probatissimorum
3212 3101 3499 3157 authorum
3543 3104 3817 3177 cujusque

2119 3181 2496 3261 C_diseiplintn
2523 3191 2671 3245 locos
2698 3191 2983 3249 illustrata.
3029 3192 3161 3249 Cum
3193 3195 3403 3265 triplice
3429 3197 3608 3255 indice
3656 3199 3814 3255 locu-

2199 3282 2498 3352 pletissimo
2543 3283 2596 3337 in
2646 3285 2752 3339 fine
2801 3286 2928 3341 torni
2976 3288 3130 3342 tertii
3170 3288 3527 3357 collocando;
3583 3292 3808 3361 quidem

2197 3375 2490 3446 Scriptura:
2511 3392 2680 3433 sacras
2697 3393 2759 3434 ex
2770 3379 2976 3448 plicata:
3003 3390 3081 3437 ter
3103 3380 3303 3439 millies
3324 3393 3375 3438 et
3394 3384 3627 3456 amplius
3642 3385 3808 3454 locis,

2197 3487 2376 3527 rerum
2415 3488 2479 3528 ac
2527 3473 2833 3541 verbortuu,
2876 3476 3219 3534 concionum.
3265 3479 3339 3551 De
3373 3478 3563 3551 Operis
3615 3483 3814 3537 inscri-

2199 3566 2378 3637 ptione
2397 3567 2499 3638 (a),
2519 3567 2886 3637 dispositione,
2913 3570 3162 3638 utilitate,
3187 3573 3476 3643 soliditate,
3492 3575 3812 3631 curiositate

2196 3668 2251 3716 et
2272 3662 2474 3716 iutanla
2495 3676 2676 3717 rerum
2702 3661 3035 3718 diversarum
3057 3664 3812 3741 abundantia,eonjunctaque

2197 3753 2463 3810 brevitate
2486 3755 2764 3825 perspicua
2792 3772 2805 3810 :
2850 3771 2952 3812 nec
2992 3772 3099 3813 non
3129 3757 3363 3814 Tabellzc
3393 3741 3811 3817 Emblematiczc

2195 3849 2359 3905 fronti
2382 3849 2561 3919 operis
2583 3850 2847 3920 impositae
2864 3851 3302 3925 expositione,(b)
3333 3854 3563 3926 SynOpsi
3585 3870 3811 3929 quoque

2196 3944 2320 4001 vita:
2335 3943 2648 4000 Tertulliani
2671 3952 2727 4000 et
2753 3943 3235 4018 Augustiui,deque
3257 3946 3569 4020 symbolicis
3583 3962 3806 4018 eorum,

2196 4106 2298 4181 ista
2338 4106 2498 4181 huius
2541 4106 3058 4181 editionisvirtutes
3077 4108 3144 4165 ad
3190 4123 3286 4166 sex
3312 4109 3576 4181 imprimis
3619 4113 3807 4179 capita

2196 4178 2363 4234 refert
2390 4180 2469 4253 (et
2493 4179 2665 4248 tribus
2690 4178 2908 4253 quidem
2942 4181 3176 4253 reliquas
3202 4178 3616 4253 carereidiserte
3642 4178 3804 4238 affir-

2198 4258 2329 4315 mat,
2364 4250 2462 4324 uec
2486 4250 2738 4324 quartam
2760 4250 3149 4324 eiseoncedere
3175 4253 3386 4309 videtur
3402 4252 3446 4323 ),
3469 4253 3590 4309 scil.
3617 4272 3631 4308 :
3652 4254 3805 4324 quod

2200 4330 2346 4396 textu
2377 4323 2448 4377 sit
2473 4322 3155 4396 emendatior,Scr_iptura2
3177 4323 3236 4380 S.
3266 4326 3385 4381 loca
3406 4322 3461 4379 in
3495 4326 3613 4396 ipso
3643 4322 3802 4381 textu

2197 4393 2419 4468 diverso
2466 4394 3206 4468 characterejntdiscreta,
3254 4396 3321 4453 ad
3360 4393 3655 4468 marginem
3685 4414 3802 4453 non

2196 4467 2369 4536 capita
2401 4465 2575 4522 solum
2612 4465 2732 4521 libri
2771 4465 2867 4521 SS.
2900 4482 2930 4520 a
2969 4465 3196 4522 Tertull.
3242 4468 3441 4523 laudati
3471 4465 3566 4523 sed
3606 4484 3805 4526 versus

2199 4535 2361 4612 etiam
2396 4537 2587 4610 singuli
2634 4535 2700 4612 ad
2731 4536 3007 4612 originale,
3048 4537 3225 4612 denuo
3260 4540 3441 4595 collati
3467 4583 3481 4604 ,
3512 4538 3799 4612 adscripti,

2199 4608 2546 4684 Argumenta,
2565 4608 2759 4684 quibus
2782 4609 2902 4684 alias
2925 4609 3079 4684 editt_.
3105 4609 3367 4684 laborent,
3392 4612 3552 4669 'Iibris
3573 4608 3803 4684 praefixa

2197 4681 2356 4751 plana
2380 4689 2433 4737 et
2461 4681 2640 4736 brevia
2659 4709 2731 4720 —
2749 4680 2864 4736 haec
2889 4681 3003 4752 ipsa
3039 4680 3350 4738 defectuum
3371 4680 3591 4738 nomine
3610 4684 3767 4740 decla
3781 4716 3802 4727 -

2197 4766 2370 4826 rasse_
2413 4752 2695 4807 Morellum
2747 4767 2966 4826 suorum
3006 4768 3137 4809 sane
3181 4753 3446 4811 bonorum
3489 4756 3803 4826 cognitione
3895 4752 3903 4760 ’

2196 4826 2326 4881 satis
2356 4823 2592 4889 beatum,
2622 4834 2773 4895 puto.
2822 4824 3130 4881 Senonum.

2266 4896 2346 4968 (a)
2392 4896 2797 4967 Omniloquium,
2827 4897 3020 4967 inquit,
3063 4896 3167 4953 hoc
3191 4909 3327 4968 Opus
3358 4898 3652 4968 inscripsi»:
3678 4908 3798 4958 tum

2193 4968 2335 5038 quod
2363 4968 2561 5024 nullam
2595 4982 2816 5038 prorsus
2842 4969 2894 5024 in
2925 4984 2993 5024 eo
3025 4971 3349 5025 sententiam
3372 4970 3457 5025 vel
3480 4970 3677 5026 lineam
3723 4989 3795 5028 ex

2194 5038 2299 5097 hoc
2320 5041 2439 5096 solo
2461 5053 2645 5108 opere,
2675 5053 2921 5108 magnam
2953 5040 3004 5095 in
3037 5041 3183 5097 omni
3209 5056 3369 5099 causa
3397 5042 3631 5107 dicendi,
3655 5042 3799 5099 Ter-

2192 5111 2400 5167 tulliani
2417 5111 2891 5183 praetermiserim:
2917 5119 3030 5166 tum
3051 5112 3191 5182 quod
3214 5112 3552 5170 scribendive
3576 5116 3795 5182 copiam

2191 5181 2509 5255 cuicumque
2531 5182 2751 5255 oratori,
2768 5181 3118 5255 scriptorique
3140 5186 3529 5255 prospexerim.
3549 5181 3792 5243 Scnocu.

2270 5254 2347 5328 (b)
2364 5254 2682 5330 _A_drise_rant
2706 5253 3042 5330 Parisienses
3058 5253 3322 5330 imagines
3360 5258 3629 5328 Augustini
3659 5258 3797 5330 (eu-

2191 5323 2411 5399 ettllati)
2442 5336 2496 5381 et
2519 5323 2853 5399 Tertulliani
2883 5326 2901 5397 (
2926 5342 2974 5381 e.
3006 5323 3217 5399 Pallio)
3262 5343 3371 5383 tere
3408 5323 3708 5399 impressas
3734 5340 3797 5387 et

2194 5398 2345 5470 titulo
2383 5395 2563 5468 operis
2607 5398 2840 5469 generali
2882 5395 3132 5469 praefixas
3176 5395 3790 5470 cum_suhscriptione:

2191 5469 2308 5525 Duo
2325 5471 2557 5543 inAfri‘ca
2576 5468 2767 5543 ingenii
2787 5468 3013 5543 monstra
3035 5470 3283 5543 totiusque
3303 5468 3566 5543 Dos-trime
3589 5482 3634 5526 et
3660 5471 3795 5527 Elo-

2189 5545 2407 5627 quentia:
2428 5538 2437 5543 ⁷
2458 5539 2603 5627 Genii
2634 5538 2713 5627 ille
2750 5538 3222 5627 palmahcert'antcs'.
3250 5570 3321 5583 —-
3340 5540 3618 5627 Coc/liniue
3660 5545 3794 5627 ipsis

2188 5611 2482 5680 insultasse,
2512 5611 2767 5683 Morellus
2793 5612 2985 5683 inquit.
3010 5611 3155 5683 Hinc
3180 5628 3312 5668 vero
3349 5614 3643 5670 incumbere
3683 5611 3791 5671 sibi

2187 5688 2461 5743 existimat
2508 5682 2843 5757 Tertulliano
2868 5682 3214 5757 conformari
3253 5694 3309 5757 et
3363 5686 3503 5742 sicut
3548 5686 3641 5742 ille
3686 5703 3790 5757 pro

2187 5758 2359 5831 Pallio
2378 5772 2496 5822 suo,
2520 5771 2625 5831 pro
2648 5755 2917 5831 Augustini
2947 5754 3321 5814 Bardocucullo
3349 5768 3394 5814 et
3428 5775 3574 5815 sacco
3597 5754 3788 5831 apolo-

2184 5830 2402 5904 geticum
2427 5829 2684 5887 scribere.
2712 5828 3019 5887 Senonum.
