4082 6338
291 272 356 334 57
1717 260 2106 320 ΡΒᾹΞΡΑΤΙΟ.

3489 271 3564 331 58

289 399 350 443 ac
386 375 760 453 dissymbolieis
815 374 1237 449 proprietatibus
1283 386 1334 432 et
1368 376 1604 447 Elugiis:
1654 374 1720 431 ilo
1761 391 1859 430 usu
1888 375 1944 437 Λ
1970 377 2110 434 uotis
2140 376 2386 436 illustrati
2415 377 2699 437 habentur.
2744 379 2950 436 Prm‘ter
2978 393 3062 446 ea,
3090 396 3212 453 queo
3240 382 3565 440 Parnm-mis

290 474 482 535 tandem
524 482 577 528 et
614 469 761 542 praxi
804 470 973 547 totius
996 468 1187 539 Operis
1223 468 1421 535 habet,
1455 484 1612 540 quam
1653 479 1858 522 attente

289 570 533 635 examinet
554 565 779 635 Lector,
805 571 866 620 ut
908 562 1009 620 sibi
1060 564 1446 632 necessariam,
1473 561 1855 619 Praefationem

287 660 568 737 generalem
598 644 786 729 {post
821 655 1268 726 nuncupatoriam
1323 654 1609 727 epistolam
1666 654 1854 711 immo.

287 758 417 813 diate
462 752 894 822 subsequentem.
933 768 952 804 ι
998 747 1219 814 Restat,
1251 756 1308 804 ut
1360 746 1430 804 ad
1482 748 1594 817 illa,
1641 761 1762 818 qua:
1803 748 1858 802 in

289 859 422 907 textu
467 844 777 918 praestitisse
842 841 1144 913 proﬁtetur,
1196 840 1466 912 paulisper
1508 839 1855 896 animadver-

291 955 481 1008 tamus;
530 938 621 994 sed
652 946 707 994 et
752 937 844 995 hic
870 937 1064 1010 verbis
1094 936 1264 1008 ipsius
1291 935 1513 1006 defungi
1542 934 1746 991 licebit.
1780 932 1857 988 lta

292 1051 403 1092 vero
428 1032 700 1106 pollicetur
727 1032 782 1086 in
811 1039 949 1087 textu
977 1032 1247 1087 imuunera
1273 1028 1425 1085 etiam
1451 1028 1503 1083 in
1535 1027 1858 1082 emendatio-

296 1131 416 1185 ribus
439 1126 730 1182 editionibus
758 1125 942 1181 menda
970 1125 1287 1190 correxisse;
1316 1124 1660 1196 virgularum,
1691 1138 1859 1191 puuc~

298 1233 459 1287 torum,
507 1228 802 1274 accentuum
858 1219 1105 1290 defectus,
1152 1217 1464 1272 intellectum
1513 1215 1859 1271 obscurissimi

301 1315 497 1371 authuris
527 1310 874 1368 olmubilantes
909 1313 1261 1384 supplevisse;
1293 1310 1660 1381 cncographias
1705 1324 1858 1379 qmnn

306 1412 516 1483 plurimas
539 1408 866 1474 emendasse;
892 1416 945 1461 ut
972 1407 1016 1460 si
1059 1404 1387 1478 Typograplti
1432 1420 1557 1458 cura
1605 1404 1863 1473 Autogra-

311 1505 383 1578 p‘ti
405 1500 724 1575 purgatissimi
766 1498 1102 1554 sollicitudini
1134 1497 1470 1568 responderit,
1499 1504 1546 1549 et
1587 1494 1861 1549 correctori

312 1596 650 1671 rigiluntissimo
691 1594 943 1665 paruerit,
985 1591 1115 1646 nihil
1140 1595 1369 1663 futurum
1396 1590 1482 1656 sit,
1522 1588 1660 1659 quod
1685 1588 1737 1642 in
1764 1587 1860 1643 hoc

320 1702 429 1749 testu
451 1690 651 1746 censoris
698 1688 891 1752 oculos,
936 1685 1235 1744 severissimi
1264 1684 1398 1749 licet,
1431 1683 1746 1755 urguendum
1774 1698 1858 1737 os.

1961 471 2094 529 edit.
2121 474 2550 543 prmmittuutur,
2586 476 2690 530 vita
2742 490 2938 546 nempe
2967 475 3285 532 Tertulliani
3312 494 3341 531 a
3375 477 3563 535 Parne-

1964 566 2036 621 lio
2054 569 2383 639 conscripta,
2427 568 2699 625 Paradoxa
2725 569 2867 626 illius
2893 586 3015 627 cum
3043 573 3305 639 antidoto,
3339 588 3564 643 proverc

1961 659 2128 717 biales
2173 660 2414 716 formulae
2460 671 2572 717 toto
2620 677 2783 733 opere
2807 672 3097 731 contentae,
3142 681 3213 721 ex
3266 664 3565 738 Rigaltiana

1961 755 2190 809 accessit
2198 754 2462 824 judicium
2490 754 2559 813 de
2597 756 2950 823 Tertulliano,
2986 768 3120 827 etc.,
3152 769 3209 816 et
3234 761 3405 818 series
3434 774 3565 831 oue-

1960 865 2079 905 rum
2131 866 2162 904 a
2203 847 2436 920 Rigallio
2469 849 2743 917 iusrituta,
2786 859 2898 907 tum
2938 866 3127 908 recens
3179 854 3372 910 Priorii
3427 854 3564 911 diss.

1962 959 2063 1014 qua
2081 941 2395 1011 Tertulliani
2420 942 2546 1012 vita,
2566 943 2845 1014 epiuiones
2860 953 2915 1002 et
2930 959 3142 1002 errores
3164 946 3561 1018 expenduntur.

2678 1036 2842 1094 1664.

2040 1148 2059 1184 ‹
2091 1130 2277 1187 Herm.
2308 1130 2631 1187 Rathmauui
2658 1131 3015 1204 TheOSophite
3043 1130 3173 1188 edit.
3203 1140 3393 1203 quarta
3420 1147 3562 1189 novo

1962 1224 2217 1295 inscripta
2259 1224 2787 1297 titulozAurifodina
2839 1224 3059 1279 Patrum
3108 1225 3411 1297 theologica,
3455 1237 3563 1281 tum

1960 1319 2291 1387 spcculativa,
2310 1328 2415 1372 tum
2431 1319 2674 1388 practicn,
2708 1318 2856 1373 certis
2883 1335 2970 1388 per
2986 1317 3121 1373 locos
3150 1318 3455 1391 theologicae
3472 1336 3566 1390 po-

1961 1409 2254 1465 rismatibus
2296 1411 2627 1481 consignata;
2653 1421 2789 1465 certa
2815 1427 2875 1465 ac
2901 1410 3149 1464 salutaria
3184 1422 3361 1465 contra
3383 1410 3569 1467 adver-

1962 1504 2125 1559 sarios
2150 1504 2349 1575 quosvis
2393 1505 2599 1558 tradens
2628 1503 2947 1569 documenta,
2995 1519 3027 1556 a
3052 1502 3225 1559 multis
3258 1503 3569 1575 jamdudum

1963 1598 2281 1667 desiderata;
2309 1600 2424 1673 jam
2449 1614 2583 1653 nunc
2624 1612 2742 1653 vero
2788 1605 2851 1652 ab
2879 1595 3147 1668 insigniori
3173 1595 3392 1667 quodam
3420 1605 3468 1652 et
3507 1597 3571 1652 de

1966 1694 2198 1750 Ecclesia
2223 1693 2413 1751 Christi
2436 1708 2588 1766 quam
2616 1691 2938 1748 meritissimo
2977 1689 3207 1763 theolng
3231 1688 3417 1760 publici
3433 1690 3572 1762 juris

327 1786 477 1841 tendat.
513 1782 618 1838 iam
643 1780 762 1836 hmo
807 1779 937 1836 satis
974 1787 1154 1846 erunt,
1188 1791 1289 1834 nec
1341 1785 1518 1831 tamen
1568 1773 1750 1841 nimia,
1806 1781 1864 1829 ut

1969 1796 2126 1866 facta.
2148 1792 2229 1848 An
2258 1790 2327 1846 ob
2352 1789 2531 1845 fucum
2552 1785 2884 1859 emptoribus
2913 1776 3237 1854 iaciendum,
3266 1800 3331 1840 an
3359 1784 3429 1840 ob
3447 1799 3572 1855 gra-

332 1894 473 1951 spero,
497 1893 582 1948 pro
604 1876 825 1931 raritate
856 1874 1015 1930 molis
1042 1873 1199 1944 hujus
1228 1873 1552 1927 ehartaceze.
1586 1867 1865 1940 Inscripsit

338 1987 441 2044 opus
460 1971 724 2041 Pomponio
756 1968 823 2024 de
871 1966 1134 2024 Bellicore
1170 1964 1373 2038 Equiti,
1404 1973 1459 2021 et
1497 1962 1735 2035 supremi
1779 1976 1866 2020 se-

344 2076 463 2121 natus
481 2060 764 2122 Parisiensis
794 2059 1042 2133 principi.
1241 2117 1248 2124 ,

984 2157 1011 2212 1
1023 2155 1151 2211 662.

417 2251 485 2306 Eu.
507 2247 1255 2305 PAIELIANA-BOTBOHAGBNSIS
1280 2242 1346 2300 1⁸.
1373 2241 1702 2314 llothomngi.
1733 2239 1773 2295 l'.
1794 2238 1864 2307 Ο.

360 2342 400 2401 8.
424 2342 768 2398 FLTertalliani
814 2356 977 2412 opera
1016 2340 1217 2408 omnia,
1245 2348 1376 2405 etc.,
1407 2353 1529 2393 cum
1565 2335 1679 2392 Jac.
1712 2335 1863 2390 Pam.

352 2450 457 2506 διες.
488 2414 829 2501 οιπηιιοιαιι.ξ
844 2432 1018 2488 Latini
1044 2431 1218 2489 Latini
1244 2429 1590 2503 conjecturis,
1616 2436 1750 2498 etc.,
1781 2441 1864 2483 re-

346 2529 481 2599 petita.
509 2526 592 2583 Ed.
622 2528 778 2601 £597.

982 2625 1009 2680 1
1020 2622 1143 2679 662.

394 2746 411 2781 ι
437 2726 498 2784 Le
520 2724 672 2784 Genio
701 2720 771 2780 de
815 2717 1137 2787 Tertullien,
1168 2731 1264 2791 par
1294 2714 1363 2773 de
1408 2712 1647 2791 Fayolle.
1695 2711 1866 2780 Paris,
1942 2689 1946 2694 ’

336 2823 458 2882 iit-4°.
489 2842 507 2878 ι

984 2909 1148 2971 1664.

382 3013 462 3071 Eo.
484 3014 1055 3073 PANELIO'RIGALTIANA
1087 3010 1609 3071 Paruum—Latent:
1641 3013 1874 3072 Parisio-

324 3124 432 3175 rum,
474 3109 700 3180 impensis
724 3109 978 3165 societatis
1014 3107 1396 3179 typoqraplricte
1438 3107 1682 3162 librorum
1710 3110 1874 3181 ofﬁcii

1970 1903 2087 1942 vein
2116 1894 2361 1941 exortam
2394 1882 2448 1939 in
2477 1880 2766 1939 Germania
2806 1875 3227 1935 controversiam
3269 1874 3571 1930 Rathmau-

1969 1980 2207 2048 niauam,
2240 1978 2536 2049 excogitata
2570 1977 2727 2033 luerit
2753 1973 2871 2031 haec
2898 1972 3171 2029 titulorum
3204 1971 3452 2036 varietas,
3476 1969 3572 2026 dc—

1969 2074 2242 2145 letumque
2263 2073 2495 2129 auctoris
2517 2086 2732 2138 nomen,
2758 2067 2899 2124 haud
2927 2067 3097 2139 liquet
3125 2080 3223 2122 nec
3242 2078 3564 2137 quemquam

1968 2183 2111 2225 nunc
2135 2168 2382 2241 ignorare
2411 2166 2569 2238 piget.
2607 2184 2626 2218 ι

2671 2262 2834 2321 1665.

2049 2379 2068 2415 ι
2102 2361 2303 2420 Vensro
2332 2378 2557 2421 GALLICA
2594 2361 2782 2418 libror.
2807 2364 2875 2420 de
2906 2358 3095 2429 Pallio,
3129 2359 3196 2418 de
3228 2359 3489 2417 Patientia
3519 2366 3576 2415 et

1971 2455 2342 2514 exhortatione
2372 2456 2438 2512 ad
2468 2465 2749 2530 martyres,
2782 2458 3073 2528 interprete
3105 2454 3449 2511 Mannesiero.
3478 2473 3497 2505 ι

2694 2553 2855 2609 1675.

2052 2668 2070 2702 ι
2108 2648 2329 2705 Librum
2345 2650 2689 2723 Admartyres
2715 2649 3301 2722 galliceinterpretatus
3323 2644 3574 2702 estPaul.

1973 2741 2327 2813 Colomesius,
2360 2743 2599 2816 Rupcll.,
2634 2744 2846 2800 iit-8".)

2700 2838 2860 2896 1675.

2048 2930 2327 2997 Bruxellis,
2348 2932 2402 2989 4.
2428 2931 2579 2991 Tert.
2606 2931 2742 2988 liber
2766 2931 2834 2987 de
2864 2927 3358 3002 prmseriptionibus
3384 2934 3578 2984 contra

1978 3022 2264 3082 hazreticos
2287 3040 2336 3082 c.
2366 3024 2563 3094 schol.,
2587 3034 2641 3082 ct
2666 3015 2809 3080 notis
2833 3023 3105 3080 Christiani
3134 3021 3291 3095 Lupi.

2702 3118 2865 3174 1675.

317 3202 608 3258 ecclesiastici.
637 3204 700 3272 Q.
736 3202 886 3274 Sept.
915 3201 1061 3258 Flor.
1106 3200 1418 3257 Tertulliani
1453 3199 1626 3271 Opera
1656 3203 1720 3258 ad
1774 3219 1866 3260 ve-

2045 3217 2142 3273 En.
2169 3214 2772 3273 PMIELIO-RIGALTIANA
2801 3214 3006 3269 l’ntonn
3029 3210 3408 3270 n.--Lutetia:
3441 3207 3579 3262 Puri-

305 3298 685 3354 'tustissimorutn
717 3296 1105 3369 exemplarium
1154 3294 1312 3351 ﬁdem
1343 3293 1535 3353 sedulo
1558 3297 1864 3365 emendata,

316 3391 544 3464 diligentia
571 3393 689 3449 Nic.
717 3392 926 3464 Rigaltii
952 3390 992 3447 Ι.
1026 3390 1087 3447 C.
1132 3404 1254 3446 cum
1295 3388 1535 3458 ejusdem
1567 3391 1869 3446 adnotatio-

317 3488 445 3545 nibus
469 3489 753 3557 integrisct
779 3487 1046 3543 rariorum
1064 3483 1484 3551 cou'unentariis,
1512 3485 1738 3539 seorsim
1765 3472 1867 3540 an-

317 3592 382 3637 tea
408 3584 567 3652 editis,
600 3584 697 3640 Pb.
734 3580 969 3637 Priorius
996 3587 1306 3650 argumenta
1336 3586 1391 3633 et
1418 3577 1580 3633 Notas
1620 3579 1672 3633 in
1702 3577 1869 3634 libros

316 3668 471 3733 onmes
496 3678 724 3734 deuoro
769 3674 969 3745 adjecit
1017 3681 1070 3728 et
1129 3671 1567 3728 Dissertationem
1626 3670 1868 3742 apprime

315 3770 466 3827 milcm
494 3770 850 3831 concinnavit.
874 3765 1150 3824 Accedunt
1182 3764 1465 3820 Novatiani
1494 3772 1771 3832 tractatus,
1800 3763 1868 3820 de

314 3862 536 3921 Triuitate
556 3875 608 3922 ct
630 3863 778 3920 Cibis
800 3861 1050 3933 judaicis,
1081 3876 1201 3917 cum
1226 3858 1416 3927 Notis,
1445 3868 1500 3914 ut
1532 3859 1584 3913 in
1617 3856 1869 3915 Editione

313 3957 518 4015 Pamelii.
546 3959 747 4014 Testus
766 3965 853 4013 est
878 3955 1191 4027 Rigaltiaua:
1219 3952 1494 4020 secundae,
1534 3952 1686 4024 cujus
1705 3953 1866 4008 etiam

307 4060 425 4109 noun
449 4067 652 4116 omnes,
683 4062 792 4105 tum
835 4063 968 4120 quas
994 4047 1058 4102 ad
1103 4048 1305 4103 calcem
1356 4054 1699 4118 opposuerat,
1754 4054 1866 4101 tum

298 4138 387 4217 ine,
408 4163 519 4219 qua:
564 4145 629 4201 ad
671 4154 826 4199 notas
855 4144 906 4198 in
937 4141 1229 4214 Cyprinum
1258 4147 1412 4197 erant
1451 4140 1695 4209 adjectae,
1725 4154 1866 4210 pra»

294 4250 421 4301 terea
448 4239 718 4309 reroJac.
744 4236 960 4293 Pamelii
989 4237 1358 4292 adnotatioues
1380 4233 1610 4301 selecue,
1640 4233 1704 4289 B.
1724 4233 1869 4290 Rhe-

286 4337 423 4405 nani,
449 4335 639 4391 Franc.
666 4331 1221 4406 Zephyrii,Gabrielis
1245 4330 1585 4400 Albaspiuaei,
1611 4330 1866 4387 Ludovici

283 4435 344 4491 de
363 4436 410 4490 la
437 4431 607 4489 Corda
635 4429 909 4485 doctiores
937 4427 1362 4491 observationes,
1396 4436 1506 4480 tum
1534 4425 1783 4481 Saluiasii
1815 4425 1866 4479 iu

278 4514 339 4587 L.
376 4528 447 4584 de
484 4525 655 4583 Pallio
699 4524 957 4594 potiores,
990 4537 1090 4579 nec
1129 4536 1235 4595 non
1292 4519 1554 4586 Mercerii,
1609 4518 1868 4576 Wowerii

1970 3314 2097 3370 sior.
2114 3330 2201 3382 np.
2220 3309 2361 3366 Petr.
2386 3310 2433 3364 le
2464 3307 2619 3376 Petit,
2636 3308 2737 3364 sub
2755 3309 2908 3380 signo
2934 3308 3118 3364 Crucis
3133 3320 3331 3371 aureae,
3350 3301 3578 3356 Edmun-

1973 3407 2092 3460 dum
2105 3404 2343 3461 Couterot
2370 3403 2532 3458 subs.
2551 3402 2674 3457 boni
2698 3401 2934 3456 Pastoris
2950 3408 3003 3457 et
3020 3398 3261 3455 Carolum
3289 3397 3455 3466 Auget
3479 3394 3579 3449 sub

1971 3512 2023 3553 s.
2066 3498 2262 3553 Leonis
2284 3497 2453 3563 aurei,
2484 3497 2535 3551 in
2564 3496 2647 3551 via
2694 3495 2945 3551 Jacobea.
2982 3491 3225 3564 Repetita
3273 3506 3325 3544 a.
3356 3489 3518 3555 i66l,
3546 3505 3579 3542 (ι

1972 3593 2207 3667 pluribus
2232 3591 2426 3646 mendis
2449 3606 2564 3660 qua:
2586 3592 2640 3644 in
2668 3589 3033 3660 prwcedcnlem
3062 3587 3370 3658 irrepserunt
3387 3599 3578 3654 expur-

1970 3703 2110 3768 gatu.
2145 3691 2386 3749 Accessit
2411 3690 2641 3747 Carmen
2670 3688 2736 3743 de
2765 3686 2902 3742 Joua
2928 3695 2982 3743 et
3000 3685 3210 3741 Ninive.

2051 3900 2070 3933 ι
2106 3877 2198 3934 DE
2229 3876 2318 3933 LA
2348 3873 2604 3933 ΜΟΤΤΕ.
2656 3780 2889 3929 uigili;
2938 3869 3006 3926 de
3042 3867 3336 3925 'l‘ertullieu
3375 3874 3429 3924 et
3458 3864 3580 3923 (1⁸0-

1970 3973 2180 4049 rigéue.
2207 3972 2399 4040 Paris.,
2430 3971 2590 4029 1675.
2618 4001 2691 4011 -
2718 3967 2914 4039 Lugd.,
2943 3962 3102 4032 {702,
3131 3963 3297 4019 iuo8°.
3338 3982 3358 4016 ›

2693 4062 2850 4123 1680.

2051 4183 2070 4216 ι
2101 4162 2264 4218 Persi
2318 4157 2572 4216 ALLIXII
2615 4158 2682 4214 de
2728 4152 3040 4213 Tertulliani
3080 4151 3187 4207 vita
3236 4159 3290 4206 ct
3337 4146 3574 4216 scriptis.

1972 4236 2166 4302 Paris,
2192 4231 2356 4289 in-8°.
2393 4252 2413 4285 ι

2053 4444 2073 4479 ι
2112 4404 2350 4481 NA'rALts
2391 4323 3040 4478 ALEXANSﬁ??lissert.
3078 4413 3145 4470 de
3170 4408 3420 4469 Doctrina
3448 4407 3579 4463 Ter-

1974 4520 2182 4577 tulliani
2223 4528 2278 4576 et
2320 4516 2387 4574 de
2414 4522 2753 4573 sacramento
2797 4507 3255 4572 conﬁrmationis,
3290 4504 3341 4558 in
3396 4499 3571 4572 ejusd.

276 4623 608 4691 aliorumque
629 4591 1017 4676 illustrationes
1040 4625 1093 4672 et
1115 4591 1505 4680 correctiones,
1531 4612 1766 4684 denique
1795 4614 1871 4684 ip-
1894 4591 1951 4654 Ῑ)
1977 4615 2116 4673 Hist.
2148 4612 2295 4670 Eccl.
2318 4611 2387 4667 V.
2416 4618 2470 4667 et
2494 4609 2560 4665 N.
2588 4608 2768 4678 Tcst.,
2798 4614 2837 4661 t.
2867 4602 2953 4662 lll.
2986 4618 3112 4660 sam.
3170 4599 3234 4656 ll.
3281 4604 3384 4653 art.
3435 4591 3572 4663 Vlll,

273 4718 383 4774 sius
425 4713 657 4785 Philippi
705 4713 750 4768 le
782 4710 1008 4777 Prieur,
1037 4710 1139 4789 qui
1180 4723 1366 4766 curam
1420 4708 1577 4779 hujus
1620 4708 1872 4767 editionis

272 4810 465 4882 gessit,
515 4815 657 4861 nota:
708 4813 773 4861 et‘
810 4813 1123 4875 argumenta
1175 4803 1226 4858 iu
1255 4802 1424 4858 libros
1468 4816 1656 4857 omnes
1685 4818 1870 4858 acces-

272 4907 484 4960 serunt.
507 4899 826 4968 Consilium,
852 4913 959 4968 quo
983 4896 1297 4954 societatem
1327 4894 1431 4953 sibi
1464 4895 1759 4955 instituam
1787 4910 1874 4951 cs-

274 5013 334 5055 se
360 4994 672 5066 bibliOpul:e
698 4992 952 5059 fatentur,
986 5002 1044 5047 ut
1092 4991 1289 5047 latinos
1328 4990 1517 5046 Patres
1553 5004 1618 5046 ac
1660 5000 1872 5047 veteres

275 5089 371 5147 SS.
394 5087 807 5144 Ecelesiasticos
834 5084 1164 5142 eruditorum
1198 5084 1473 5139 hominum
1501 5082 1875 5142 lucubratione

276 5180 574 5259 illustratus
603 5177 843 5245 ederent,
884 5189 1138 5233 successu
1186 5176 1423 5233 caruisse
1451 5174 1740 5233 dolendum
1766 5186 1869 5233 est.

277 5274 409 5331 Nam
438 5271 556 5328 hau:
581 5271 753 5328 editior
775 5269 1019 5341 profecto
1051 5279 1163 5325 tum
1193 5268 1381 5325 ordine
1407 5277 1465 5326 et
1500 5268 1874 5326 distributione
1922 5288 1927 5295 '

279 5380 549 5434 notarum,
583 5383 703 5437 (μυξη
726 5365 893 5421 textui
922 5363 1235 5420 charactere
1264 5363 1455 5419 tninori
1496 5363 1759 5420 colmunis
1783 5380 1872 5420 se-

280 5464 379 5520 ctis
403 5460 778 5531 subjiciuntur,
808 5466 919 5514 tum
961 5458 1267 5513 chartarum
1310 5467 1365 5513 et
1409 5466 1655 5530 typorum
1705 5459 1875 5516 nitore

280 5553 522 5610 nomium
566 5552 896 5606 literatorum
937 5550 1182 5620 plausum
1224 5550 1439 5607 meruit.
1499 5551 1692 5608 Priorii
1723 5551 1900 5619 Notae,

282 5646 431 5720 parvi
449 5645 667 5718 quidem
696 5646 848 5716 pretii
892 5655 1036 5715 suul,
1069 5645 1335 5701 laudanda
1362 5655 1562 5715 tamen,
1591 5663 1750 5720 quam
1782 5649 1878 5704 ad-

283 5741 533 5799 ornanda:
560 5740 779 5798 editioni
828 5741 1098 5820 prieStitit,
1130 5741 1426 5814 diligentia.
1460 5742 1741 5800 Novatiaui
1771 5754 1878 5800 tra-

282 5846 454 5895 ctatus
496 5852 561 5893 ex
601 5834 918 5895 recensione
961 5835 1268 5893 Pameliaua
1299 5845 1354 5894 et
1382 5836 1622 5909 ejusdem
1670 5848 1873 5897 tantum

1973 4724 2031 4783 p.
2058 4707 2184 4765 295.
2223 4705 2409 4763 Venet.
2435 4703 2595 4761 1778.
2631 4721 2651 4756 ι

2697 4797 2875 4858 1682.

2054 4919 2073 4953 ‹
2105 4895 2331 4953 Carmen
2381 4896 2445 4950 de
2481 4893 2619 4950 Jona
2651 4905 2696 4950 et
2738 4895 2928 4951 Ninive
2952 4937 2969 4964 ,
2998 4909 3121 4952 eum
3168 4886 3435 4945 auimadv.
3482 4883 3580 4940 Ju-

1974 5001 2079 5058 ret,
2126 4989 2353 5057 Barthii,
2384 4987 2663 5055 Gronovii,
2692 4987 2760 5044 ad
2785 4988 2986 5046 calcem
3018 4982 3249 5042 Paulliui
3277 4977 3574 5042 l’ctricorii,

1979 5087 2181 5144 editum
2206 5102 2234 5141 a
2263 5083 2389 5141 Chr.
2417 5082 2664 5141 Daumio.
2691 5084 2866 5153 Lips...
2899 5081 3059 5136 in-8".
3092 5098 3112 5133 ι

2696 5176 2861 5234 1682.

2058 5293 2078 5329 ι
2119 5274 2315 5332 Vunsro
2378 5255 2681 5330 cehnAtsmA
2728 5270 2768 5326 l.
2819 5269 2909 5326 lib.
2959 5268 3027 5323 ad
3079 5264 3372 5338 scopulum,
3419 5262 3583 5317 inter-

1980 5380 2131 5443 prete
2160 5368 2351 5424 Abrah.
2389 5366 2816 5427 liiuckelmnuno.
2848 5361 3084 5428 Luneb.,
3114 5358 3277 5425 1682,
3309 5353 3483 5417 iit-1‘2.
3514 5352 3582 5410 ab

1978 5462 2170 5520 eodem
2202 5475 2371 5528 vers.,
2403 5460 2524 5516 libr.
2553 5458 2621 5513 ad
2647 5464 2912 5528 martyres,
2946 5452 3120 5511 in-l2.
3153 5471 3178 5498 ι

2694 5552 2855 5610 1685.

1981 5670 1996 5695 r
2059 5672 2079 5706 ι
2112 5650 2316 5707 Vensro
2340 5663 2563 5708 GALLICA
2593 5645 2680 5702 lll.
2710 5646 2890 5704 Traet.
2923 5647 2993 5706 de
3038 5649 3372 5723 Prrescript.,
3421 5651 3585 5708 inter-

1981 5754 2133 5819 prete
2148 5744 2475 5811 D.lleberto,
2490 5743 2580 5814 qui
2595 5751 2647 5799 et
2664 5752 2923 5799 tractatus
2937 5744 3255 5814 develandis
3268 5746 3580 5817 virginibus,

1979 5841 2048 5900 de
2077 5839 2259 5900 habitu
2277 5848 2574 5912 ornatuque
2603 5837 2923 5899 feminarum
2956 5839 3150 5913 galliee
3178 5841 3350 5902 vertit.
3375 5840 3579 5900 Paris.»
