4082 6338
258 334 355 397 δι’
1476 395 1483 398 _
1727 294 1883 387 ΡΜ

2002 326 2120 386 [ῚΟ.
3518 339 3589 398 62

256 471 319 527 p.
353 452 488 510 376.
520 447 640 507 Cat.
671 445 805 505 Bibl.
841 441 1009 516 Lugd.
1041 441 1103 501 B.
1138 450 1490 514 memoratur,
1523 452 1633 501 tum
1660 445 1869 500 varian-
1900 447 1952 508 Λ

255 556 339 603 res
378 544 651 601 Lectiones
677 538 879 597 Codicis
918 536 1194 593 Fuldeasis
1221 552 1253 594 a
1274 535 1449 594 Medio
1494 536 1791 610 exscriptas
1817 547 1874 595 et

254 656 392 699 cum
427 638 666 696 editione
693 633 861 703 Junii,
889 648 941 689 a.
973 632 1137 699 1597,
1191 634 1447 705 primum
1478 632 1740 705 volgatas,
1799 649 1867 691 ex

251 732 370 789 isto
392 741 578 787 autem
606 737 848 799 tempore
870 724 1001 780 nulli
1045 723 1158 780 fere
1180 724 1284 780 nisi
1311 722 1645 782 Gutboiredo
1689 726 1874 798 cogni-

257 835 348 881 tas
380 834 445 881 et
473 838 503 878 a
534 821 631 878 Nic
661 819 892 890 Rigaltio
914 817 1129 874 demum
1155 816 1208 872 in
1232 833 1385 873 usum
1414 830 1649 884 vocatas,
1681 818 1776 875 sed
1797 818 1872 876 ita

250 929 317 977 ut
341 932 481 992 qua:
507 917 609 989 ipsi
638 913 932 988 placuerint
954 911 1079 967 inde
1096 911 1477 983 desumpserit,
1510 926 1685 984 neque
1709 912 1875 969 ullam

250 1013 781 1086 reliquarum,qu:e
823 1008 957 1064 satis
1003 1006 1187 1062 multae
1241 1014 1417 1072 erant,
1471 1006 1523 1062 in
1567 1008 1710 1063 notis
1760 1008 1875 1065 suis

251 1110 607 1167 mentionem
640 1102 847 1170 fecerit,
880 1116 1047 1174 quare
1089 1100 1220 1157 satis
1246 1099 1529 1157 fecundum
1554 1100 1877 1157 ﬂaveream-

250 1204 349 1277 pio
380 1199 729 1274 spicilegium
752 1204 1090 1269 superesset;
1119 1204 1386 1267 praeterea
1411 1195 1749 1252 Collutianem
1774 1195 1874 1253 Co-

252 1300 399 1354 dicis
430 1293 772 1369 Agobardini,
803 1290 1000 1347 diversi
1028 1290 1097 1345 ab
1130 1289 1243 1359 illo,
1274 1305 1340 1346 ex
1380 1305 1488 1363 quo
1520 1305 1712 1362 magna
1739 1290 1878 1347 seri-

252 1404 488 1466 ptorum
514 1390 846 1462 reliquorum
872 1385 1186 1443 Tertulliani
1218 1400 1343 1457 pars
1365 1386 1492 1443 olim
1514 1385 1875 1455 fuitexcitata,

254 1489 360 1545 sed
396 1496 546 1544 nota:
596 1485 734 1541 satis
760 1484 916 1539 bona:
942 1492 997 1538 et
1043 1482 1175 1538 nulli
1202 1491 1328 1539 aute
1379 1483 1555 1554 ipsum
1611 1483 1877 1541 editorum

256 1581 418 1638 Tert.
462 1578 721 1649 inspecti.
769 1574 1000 1631 Cullatio
1028 1589 1158 1630 vero
1206 1573 1342 1629 facta
1373 1590 1401 1631 a
1448 1574 1594 1631 Josia
1637 1575 1878 1633 Mercero

264 1672 589 1750 (Agobardi
610 1668 658 1745 ),
686 1669 847 1737 I625,
881 1669 947 1724 ad
976 1669 1254 1741 exemplar
1283 1670 1372 1726 ed.
1417 1669 1744 1727 Pamelianzc
1783 1686 1880 1728 ex-

263 1779 342 1826 lat
370 1770 428 1824 in
454 1766 599 1823 Bibl.
631 1763 805 1835 Lugd.
831 1762 891 1819 Β.
918 1762 1097 1832 p.71;
1144 1762 1390 1819 eamdem
1439 1778 1469 1819 a
1512 1762 1681 1819 Paulo
1724 1762 1876 1821 Colo-

2057 534 2263 593 tCuru.
2292 451 2984 617 ΑΙΙΕΗΜΑΝΝΙἚῗὲέῑυΙώ
3005 546 3198 620 quibus
3227 551 3585 610 emendantur

1977 639 2139 703 atque
2183 631 2520 689 illustrantur
2572 637 2861 707 caputlet
2912 640 2956 695 ll
3006 642 3340 714 Apologetici
3386 647 3438 701 in
3472 646 3589 716 ejus

1979 724 2199 793 Poecile,
2223 734 2261 782 t.
2293 725 2333 795 I,
2358 742 2413 799 p.
2444 726 2637 800 25-55,
2674 730 2927 789 197-212.
2959 733 3128 805 Halm,
3157 737 3318 794 inw8°.
3360 757 3381 792 ι

2702 825 2865 882 1724.

2058 934 2077 968 ί
2104 913 2226 972 Jun.
2258 914 2429 974 Lava.
2453 917 2761 975 MOSIIEIM
2789 919 3095 979 Comment.
3123 920 3434 998 cltronolog.
3455 925 3585 983 bist.

1980 1008 2220 1084 defactate
2260 1012 2593 1085 Apologetici
2623 1012 2942 1071 Tertulliani
2984 1023 3041 1073 et
3083 1016 3234 1073 initio
3265 1019 3593 1090 persecutio-

1981 1105 2065 1160 nis
2101 1103 2518 1162 cbristiauorum
2562 1107 2661 1163 sub
2696 1107 2917 1165 Severo.
2957 1107 3214 1178 Helmst.,
3242 1111 3416 1182 in-L“,
3455 1121 3512 1171 et
3536 1113 3587 1169 iu

1982 1199 2099 1273 ejus
2123 1200 2340 1259 dissert.
2368 1201 2436 1258 ad
2465 1201 2891 1261 Histor.-eceles.
2916 1206 3205 1277 pertinent.
3241 1215 3283 1264 t.
3308 1206 3350 1262 Ι.
3374 1225 3394 1261 ι

2702 1297 2864 1355 1729.

2061 1408 2080 1443 ι
2116 1388 2313 1447 Vsasro
2340 1389 2671 1460 GALLICAIV,
2691 1400 2844 1449 tract.
2863 1392 2930 1450 de
2944 1393 3340 1467 Prtescription.
3360 1394 3582 1460 prodiit.

1982 1486 2154 1543 Paris.
2208 1487 2360 1542 in-IZ
2406 1485 2665 1557 (Journal
2701 1486 2797 1544 des
2843 1498 3096 1559 savants,
3142 1497 3183 1546 t.
3228 1484 3545 1547 LXXXVIII
3573 1533 3589 1553 ,

1983 1594 2040 1651 p.
2070 1576 2314 1650 499).“
2348 1577 2557 1635 Vcrsio.
2607 1578 2729 1636 eod.
2781 1594 2921 1636 anno
2964 1580 3230 1654 prodiissc
3286 1592 3590 1640 memorant

1984 1669 2372 1743 Epltemerides
2402 1671 2742 1743 trivultianzc,
2779 1688 2965 1733 mense
2987 1684 3144 1732 mart.
3181 1695 3200 1728 ι

2708 1766 2872 1825 1729.

266 1862 443 1937 mesip
463 1858 534 1914 ad
555 1872 710 1913 oram
739 1855 825 1913 ed.
852 1855 1168 1927 Rigaltianae
1210 1854 1536 1928 descriptam
1569 1856 1879 1928 possidebat
1910 1860 1958 1923 B
2065 1874 2084 1910 ο
2116 1855 2291 1914 Locus
2335 1857 2391 1913 in
2444 1856 2757 1915 Tertulliani
2805 1859 2943 1918 libro
2982 1860 3050 1919 de
3087 1862 3591 1936 Praescriptionibus

270 1958 470 2016 Franc.
500 1953 807 2017 Fabricius,
852 1950 1145 2020 Lugduuus
1175 1949 1504 2023 Theologus,
1533 1951 1625 2023 qui
1674 1951 1883 2009 Haver-

277 2051 473 2120 eampii
501 2048 689 2105 usibus
729 2045 875 2101 illam
921 2044 1106 2102 cessit.
1137 2044 1401 2112 Quoniam
1427 2053 1610 2102 autem
1640 2045 1884 2118 aliquan-

290 2126 407 2199 tum
427 2143 537 2213 jam
574 2153 750 2210 operte
802 2146 1212 2209 processerant,
1259 2146 1546 2209 antequam
1585 2154 1648 2195 ea
1680 2138 1884 2195 submi-

182 2234 191 2241 ’
301 2239 624 2299 nistraretur,
647 2236 883 2304 priorem
908 2230 981 2287 IX
1004 2246 1162 2305 capp.
1186 2231 1488 2301 diversitas,
1516 2240 1574 2288 ut
1599 2242 1654 2289 et
1679 2234 1884 2306 integra

293 2330 403 2387 MS.
427 2327 646 2385 merubr.
668 2325 895 2383 secundi
924 2324 989 2381 L.
1013 2325 1075 2380 Β.
1095 2325 1335 2394 collatio,
1357 2341 1477 2398 qutc
1493 2327 1753 2398 opuscqu
1774 2327 1887 2397 jam

282 2423 353 2479 ad
379 2431 681 2478 extremum
711 2433 997 2492 progresso
1020 2420 1336 2486 obvenerat,
1386 2421 1740 2477 addendorum
1766 2422 1887 2478 loco

276 2517 578 2591 pmmissu:
599 2523 748 2571 sunt.
776 2512 975 2570 Nactus
1022 2522 1140 2570 erat
1187 2514 1408 2587 insuper
1456 2514 1571 2571 Jos.
1632 2515 1886 2589 Scaligcri

267 2613 470 2682 aliquot
525 2612 847 2681 conjecturas
896 2607 1028 2664 edit.
1081 2607 1228 2663 Junii
1275 2607 1613 2681 adscriptas,
1646 2609 1886 2680 aliasque

266 2703 663 2761 emendatione:
737 2718 800 2757 ea:
855 2699 1065 2756 vestutis
1112 2698 1277 2756 Codd.
1331 2700 1572 2773 ejusdem
1633 2700 1886 2759 editionis

262 2797 579 2870 exemplari
623 2811 653 2852 a
694 2794 850 2850 Petro
873 2794 1129 2851 Scriverio
1180 2792 1440 2865 adjectas.
1470 2794 1565 2852 His
1598 2803 1774 2851 tamen
1796 2810 1887 2851 co-

256 2895 376 2968 piis
423 2892 852 2963 Iiavercampius
894 2889 1258 2963 Rigaltianum
1291 2900 1493 2949 textum
1548 2892 1888 2950 confirmavit

253 2989 449 3059 magis
476 3002 644 3060 quam
676 3001 869 3041 novam
919 2986 1291 3043 recensionem
1344 2985 1592 3060 procudit
1635 2986 1689 3043 iu
1720 2986 1889 3060 expli-

255 3080 467 3138 candis
488 3094 622 3135 vero
653 3077 831 3134 verbis
859 3076 1319 3151 illustraudisque,
1339 3094 1459 3151 qum
1485 3079 1550 3135 ad
1580 3078 1882 3148 historiam,

252 3175 415 3231 ritus
435 3183 492 3228 et
509 3173 799 3244 religiones
820 3170 1068 3242 antiquas
1092 3170 1383 3242 pertinent,
1411 3172 1602 3245 insigni
1622 3172 1885 3241 doctrina,

252 3283 449 3341 eaque
476 3268 600 3323 eum
628 3266 837 3339 judicio
859 3274 1179 3338 temperata,
1211 3276 1296 3324 est
1331 3277 1599 3334 versatus,
1630 3269 1757 3325 illud
1787 3270 1886 3324 im-
1913 3282 1958 3348 ρ

252 3363 469 3436 primis
498 3361 772 3418 detexisse
798 3360 1014 3431 gaudet,
1049 3360 1192 3432 quod
1220 3359 1296 3417 bis
1327 3360 1465 3417 idem
1497 3363 1597 3418 huc
1628 3363 1885 3433 scriptum

254 3459 362 3515 hic
413 3456 530 3512 illic
561 3454 795 3527 paullum
847 3453 901 3509 in
941 3454 1123 3510 verbis
1163 3461 1219 3510 et
1267 3455 1884 3533 oratioueimmutatum

256 3550 428 3607 Tert.
480 3547 534 3602 iu
588 3546 854 3618 publicum
912 3546 1175 3603 emiserit.
1210 3546 1483 3604 Promittit
1527 3557 1581 3603 et
1623 3548 1889 3620 reliquus;

261 3656 419 3714 quos
446 3639 709 3697 adversus
728 3639 925 3696 Gentes
953 3638 1114 3694 variis
1154 3639 1322 3695 titulis
1350 3641 1651 3711 composuit
1672 3641 1883 3697 Tertul-

263 3737 477 3800 Iianus,
524 3732 710 3795 libros.
742 3731 945 3788 notulis
972 3740 1038 3787 -ct
1090 3733 1319 3788 aliorum
1368 3732 1685 3803 illustratus,
1715 3735 1768 3790 in
1802 3735 1885 3791 his

263 3829 446 3883 libros
491 3825 557 3881 ad
586 3824 842 3881 Nationes
890 3825 1186 3881 innumeris
1216 3825 1346 3881 locis
1391 3826 1729 3901 emendatos,
1777 3842 1883 3882 una

265 3935 403 3976 eum
436 3918 843 3990 Prolegomenis
872 3917 1119 3984 eruditis,
1146 3918 1197 3973 in
1225 3918 1418 3991 quibus
1443 3919 1662 3975 omnino
1691 3920 1758 3975 de
1781 3921 1887 3976 vita

267 4026 327 4069 et
350 4012 571 4083 scriptis
602 4011 715 4082 ejus
746 4011 964 4067 uberius
989 4010 1353 4084 disputaturus
1379 4013 1448 4068 sit
1480 4032 1492 4067 :
1526 4030 1645 4086 qum
1676 4030 1772 4069 cur
1801 4014 1885 4070 lu-

265 4121 398 4161 eetn
444 4118 551 4159 non
575 4103 925 4173 adSpexerint
953 4103 1281 4175 ignoramus.
1312 4102 1523 4158 Nummi
1555 4112 1606 4160 et
1637 4104 1737 4160 alia
1782 4119 1889 4161 a‘re

266 4212 561 4273 expressa,
590 4212 689 4270 pro
712 4211 884 4265 more,
931 4213 1091 4269 quem
1127 4206 1250 4253 tuue
1268 4197 1331 4253 ad
1357 4214 1519 4253 unum
1544 4214 1733 4253 omnes
1761 4214 1888 4255 eru-

267 4295 379 4351 diti
402 4293 787 4364 sequebantur,
817 4293 1028 4347 ornatui
1057 4292 1233 4363 potius
1256 4309 1414 4364 quant
1439 4294 1555 4348 usui
1610 4303 1752 4349 sunt.
1804 4293 1889 4351 Ab

267 4389 386 4444 illis
430 4401 565 4443 vero
593 4386 750 4441 ducta
781 4384 1133 4442 dedicationis
1187 4387 1403 4443 occasio
1451 4386 1519 4442 ad
1578 4387 1891 4447 Gualtcrum

269 4480 559 4539 Bluekium
598 4477 963 4552 gazophylacii
994 4478 1320 4536 ornatissimi
1352 4494 1743 4548 possessorem.

1010 4575 1172 4632 1719.

352 4690 375 4724 ι
410 4670 682 4745 Anonymi
749 4670 1123 4728 adnotationes
1185 4668 1240 4725 in
1294 4667 1491 4725 librum
1536 4669 1603 4726 de
1640 4668 1893 4728 Oratione

264 4764 495 4822 Tertul.
547 4794 622 4806 —
678 4762 980 4838 (Mémoires
1049 4762 1117 4818 de
1186 4760 1455 4830 Trévuux,
1526 4777 1652 4817 ann.
1731 4761 1891 4831 1719,

260 4875 323 4932 p.
360 4857 527 4914 19.02.
570 4889 641 4899 —-
685 4855 903 4915 Journal
949 4856 1045 4913 des
1084 4861 1320 4924 savants,
1374 4869 1504 4910 ann.
1554 4854 1711 4964 I712,
1746 4854 1892 4927 déc.,

264 4969 327 5025 θ’
361 4949 546 5024 665')
587 4971 605 5004 ³
1008 5022 1164 5079 tm.

351 5135 372 5170 ‹
405 5115 590 5172 Lana.
634 5113 1033 5172 MAGALO’I‘TI
1082 5115 1268 5170 lettera
1313 5128 1471 5186 supra
1519 5130 1587 5169 un
1633 5128 1794 5186 passo
1840 5115 1894 5172 di

263 5208 619 5266 Tertulliano
646 5208 719 5277 (iu
750 5208 939 5264 lettere
967 5202 1258 5263 scientitice
1285 5207 1351 5264 ed
1372 5206 1582 5263 erudite
1609 5205 1693 5263 del
1717 5216 1894 5265 comte

260 5302 579 5376 Hagalotti,
610 5316 662 5372 p.
693 5299 949 5358 192-198.
983 5300 1232 5367 Firenze,
1261 5299 1466 5373 εει-4ο.)
1507 5320 1525 5353 ι

171 5416 175 5418 ν
1006 5392 1169 5451 I722.
1527 5445 1531 5450 .

1006 5394 1169 5451 I722.
1527 5445 1531 5450 .

349 5509 370 5543 ι
414 5488 628 5544 Vcasro
657 5502 880 5544 ANGLICA
933 5486 977 5542 Ι.
1021 5486 1143 5542 libr.
1174 5484 1584 5558 Prwscription.,
1630 5501 1756 5545 cura
1796 5485 1892 5543 Jo-

262 5582 409 5658 sepb
442 5580 633 5654 Bcrty,
667 5595 786 5637 cum
811 5581 971 5638 notis.
1001 5579 1201 5650 Oxum,
1231 5580 1406 5636 ἱππ-12.
1454 5598 1474 5635 ι

1047 5673 1173 5731 72‘2.

1011 5677 1173 5731 1722.

350 5792 370 5826 ‹
402 5772 547 5828 Amr.
586 5767 823 5827 GREVE
837 5769 1147 5825 Tertulliani
1174 5768 1646 5826 Testimoniumde
1671 5764 1891 5825 Ᾰποοεώ-

265 5891 346 5924 σει
372 5864 604 5923 Christo
644 5878 677 5920 a
716 5861 934 5921 Tiberio
979 5861 1195 5921 decreta
1249 5861 1553 5921 defensum.
1607 5861 1842 5920 Vitemb.
1871 5903 1886 5933 ,

269 5958 451 6017 insi".
491 5977 510 6011 ι

1988 1948 2200 2006 advers.
2233 1950 2403 2009 Hrer..
2436 1965 2557 2022 cap.
2587 1950 2778 2008 XLIX.
2802 1952 2927 2010 Job.
2952 1953 3211 2012 Harduini
3231 1970 3384 2027 cura,
3429 1956 3595 2014 inter-

1990 2052 2227 2115 pretatus
2257 2044 2583 2120 (Mémoircs
2612 2046 2679 2105 de
2705 2047 2981 2119 Trévoux,
3025 2066 3117 2109 an.
3147 2051 3307 2120 17‘29,
3340 2067 3416 2109 m.
3448 2053 3590 2122 mai,

1940 2192 1945 2197 .
1991 2152 2043 2209 ι).
2071 2137 2259 2211 842).»

2708 2237 2869 2297 1750.

2066 2342 2086 2377 ι
2130 2325 2193 2382 1).
2223 2340 2410 2385 nemo.
2441 2328 2758 2387 CELLERII
2786 2332 2848 2389 0.
2878 2331 2937 2391 S.
2965 2332 3028 2389 B.
3059 2331 3195 2389 Hist.
3222 2332 3474 2407 géuérale
3502 2331 3598 2391 des

1996 2432 2108 2480 aut.
2138 2423 2459 2495 ecclesiast,
2489 2436 2617 2498 etc.,
2652 2438 2692 2485 t.
2726 2429 2789 2485 II.
2821 2450 2841 2484 ι

2709 2526 2872 2582 1755.

2074 2631 2093 2666 ε
2119 2613 2387 2689 Anonymi
2403 2616 2806 2699 observationes
2821 2623 2872 2678 iu
2889 2622 3281 2682 Tertullianum
3307 2632 3359 2681 et
3372 2623 3598 2697 Cypria-

1993 2721 2121 2762 num
2167 2708 2219 2763 in
2273 2710 2566 2767 Miscellan.
2597 2712 2865 2771 observat.
2914 2717 2969 2774 in
3012 2726 3182 2784 auct.,
3213 2717 3320 2774 vol.
3366 2716 3456 2786 IlI,
3489 2704 3595 2773 t.‘I.

1992 2799 2403 2873 Amstelodam.,
2435 2804 2599 2875 in-8°,
2630 2821 2681 2878 p.
2712 2807 2903 2865 45-54.
2945 2829 2965 2864 ι

2438 2886 2487 2933 ⁸
2712 2904 2875 2961 I755.

2071 3006 2090 3042 ι
2140 2988 2229 3045 IV.
2270 3005 2458 3049 vnnsro
2487 3008 2710 3052 GALLICA
2736 2995 2859 3053 libr.
2879 2996 2946 3054 ad
2968 3005 3231 3074 martyres
3250 2998 3390 3058 edita
3413 3016 3442 3058 a
3463 3002 3600 3061 Caa-
3659 3025 3675 3035 κ

1994 3082 2128 3140 bere.
2156 3083 2326 3154 Paris,
2357 3086 2409 3143 in
2444 3087 2521 3144 8°.
2555 3107 2574 3142 ι

2707 3185 2868 3242 1755.

2080 3290 2098 3325 ‹
2132 3272 2254 3330 Jun.
2291 3291 2454 3331 nexu.
2492 3277 2958 3339 BLUMEMBACII
3009 3282 3077 3341 de
3122 3282 3600 3340 Senatusconsulto

1995 3372 2063 3439 ρ.
2117 3369 2378 3440 Septimio
2444 3369 2697 3427 Floreute
2746 3373 3067 3447 Presbytero
3132 3382 3187 3433 et
3229 3375 3597 3449 jureconsulto

1994 3463 2342 3521 Tertullianis
2369 3463 2523 3531 liber,
2553 3463 2768 3536 Lipsiar,
2804 3465 2968 3523 in-b".
2995 3485 3015 3520 ι

2709 3556 2869 3614 1758.

2070 3652 2231 3710 «Jun.
2265 3666 2463 3708 WUILL.
2494 3650 2847 3736 HOFMANNI
2881 3650 3185 3711 dissertatio
3232 3655 3294 3723 Q.
3353 3654 3596 3726 Septimii
3664 3674 3673 3683 κ

1995 3746 2142 3803 Flor.
2177 3746 2526 3810 Tertulliani,
2559 3762 2677 3819 qum
2705 3757 3030 3819 supersunt,
3062 3750 3243 3804 omnia
3288 3749 3340 3805 in
3392 3748 3595 3805 Manta.

1992 3840 2167 3896 nismo
2193 3840 2401 3910 Scripta
2433 3839 2620 3909 videri,
2654 3840 3027 3914 Vitembergm,
3062 3841 3222 3898 ἰπὶ-1ο.
3255 3858 3278 3897 ι

2708 3958 2869 4015 1759.

2708 3958 2773 4014 17
2815 3962 2869 4015 ί.

2073 4074 2090 4107 ‹
2127 4050 2296 4109 Cum.
2330 4071 2383 4110 Α.
2423 3958 3222 4112 ΠΕΗΜΑΝΝῗὲὺεοιθνυιῑοηρε
3284 4053 3483 4109 eriticm
3532 4055 3596 4108 ad

1995 4148 2289 4219 posteriora
2322 4149 2652 4220 Apologetici
2704 4151 2879 4220 capita
2925 4151 2978 4206 in
3024 4149 3247 4207 Miscell.
3289 4149 3544 4220 Grouiug.
3579 4192 3594 4217 ,

1996 4249 2035 4297 t.
2072 4240 2136 4309 Il,
2168 4239 2301 4298 I‘asc.
2326 4243 2381 4311 5,
2412 4258 2465 4314 p.
2494 4241 2799 4300 479—485.
2822 4263 2841 4296 ι

2708 4338 2869 4397 1741.

2074 4449 2091 4482 ι
2116 4430 2248 4487 Cnn.
2280 4430 2576 4490 LOERERI
2594 4432 2780 4505 Progr.
2805 4433 3000 4489 librum
3033 4432 3349 4491 Tertulliani
3379 4430 3449 4489 de
3476 4430 3596 4489 Ρω-

1997 4525 2219 4581 nitentia
2246 4526 2349 4597 ipsi
2378 4527 2679 4585 vindicans.
2713 4527 2927 4584 Altcnb.
2957 4528 3116 4586 1741.
3154 4546 3174 4581 ι

2715 4622 2877 4679 1715.

1918 4714 1973 4776 D
2077 4731 2097 4767 ι
2133 4713 2286 4771 Jusr.
2331 4728 2455 4771 can.
2489 4714 3009 4776 WIESENIIAUER
3061 4713 3359 4785 Disputatio
3383 4712 3448 4769 de
3470 4710 3599 4768 Jure

1997 4810 2242 4868 consulto
2267 4821 2319 4867 et
2345 4811 2409 4880 Q.
2440 4810 2589 4884 Sept.
2620 4811 2764 4869 Flor.
2795 4810 3129 4869 Tertulliani.
3155 4808 3424 4866 Hildesite.
3460 4826 3480 4861 ι

2722 4927 2884 4983 1741.

2071 5020 2170 5077 En.
2192 5020 2417 5077 VENETA
2444 5036 2580 5077 tt.—
2597 5019 2839 5088 Venetiis,
2865 5020 2997 5091 typis
3028 5017 3274 5088 Casperio
3300 5014 3536 5071 Germ-di.
3559 5014 3596 5069 Γ.
3659 5070 3682 5096 ξ

2001 5114 2067 5182 ρ.
2096 5116 2157 5170 S.
2189 5114 2273 5169 FI.
2305 5114 2451 5171 Tcrt.
2481 5113 2679 5185 Opera.
2713 5113 3006 5169 -—Recusa
3031 5110 3219 5166 Priorii
3247 5110 3430 5175 editio,
3479 5108 3599 5163 vide

2001 5209 2082 5265 tit.
2112 5207 2199 5264 ed.
2233 5206 2406 5273 1675;
2439 5209 2489 5261 in
2528 5207 2628 5263 hac
2648 5222 2779 5263 vero
2806 5205 3099 5260 novissima
3130 5202 3367 5257 editione
3396 5201 3596 5256 Veneta

2001 5303 2214 5361 additur
2238 5301 2505 5375 Sigeberti
2532 5298 2882 5370 Ilavercampi
2916 5296 3347 5354 Cummcntarius
3368 5295 3419 5350 in
3450 5295 3597 5366 Λρκ-

1997 5393 2780 5469 Iugetieum.—Splendidum
2829 5391 2964 5447 artis
3015 5404 3171 5461 opus.
3219 5388 3370 5444 Nota:
3436 5386 3600 5442 textui

2005 5492 2385 5563 subjiciuntur.
2433 5478 2809 5560 Apologeticus
2859 5500 2907 5541 e.
2941 5500 3141 5541 comm.
3193 5482 3600 5555 Ilavcrcampiu

2004 5584 2200 5640 mendis
2228 5582 2529 5653 quibusdam
2560 5588 2861 5651 expurgatu,
2896 5586 2955 5633 ut
2982 5578 3049 5634 ibi
3081 5576 3314 5643 additur,
3345 5575 3595 5647 peculiari

2004 5678 2159 5732 titulo
2188 5686 2408 5732 ornatus
2448 5681 2531 5729 est
2568 5672 2880 5743 adjectaque
2904 5672 2954 5726 in
2977 5670 3122 5726 calce
3142 5669 3226 5726 Jo.
3261 5669 3422 5725 Laur.
3456 5667 3600 5723 Mos-

1997 5772 2165 5827 ltemii
2213 5767 2522 5840 Disquisitio
2563 5765 3160 5836 chronologico~eritica
3195 5763 3261 5819 de
3289 5776 3416 5819 vera
3442 5770 3598 5816 artato

1997 5859 2620 5955 apolog.a.Tertulliano
2672 5856 3006 5929 conscripti;
3041 5855 3296 5926 initiOque
3352 5867 3599 5925 persecu-

1996 5954 2156 6011 tionis
2194 5944 2376 6010 Sevet'i
2413 5969 2425 6005 :
2474 5950 2722 6023 inscripta
2759 5948 2874 6006 viro
2896 5948 3104 6006 clariss.
3158 5946 3338 6020 Sigei).
3392 5944 3588 6002 "'IYCY-
