4084 6344
515 321 588 380 63

511 531 714 589 tionem
739 546 859 588 esse
886 531 1223 588 maculatam.

1242 625 1404 684 1711.

1278 627 1309 679 7
1390 671 1404 684 .

522 703 535 713 ’
593 739 613 772 ι
646 717 697 776 J.
729 735 894 776 tum.
927 627 1268 777 CHIADEN1
1282 627 1696 779 dffStationibus
1713 729 1840 777 vett.
1861 720 2122 778 Christia-

436 853 441 858 .
522 827 738 868 norum.
768 811 1201 869 Commentarios
1244 814 1312 869 ad
1353 815 1552 872 illustr.
1575 814 1812 871 maxime
1837 813 2123 871 Tertullia-

510 920 639 963 num
664 912 1027 977 comparatus,
1050 904 1197 978 Lips.
1229 906 1389 963 1744.
1426 916 1449 963 ι

1240 1000 1406 1058 1752.

1348 1001 1406 1058 ‘2.

593 1113 614 1148 ι
646 1093 712 1150 D.
743 1001 1347 1150 donatrmm'l‘llOMiz:
1377 1092 1441 1150 Ο.
1461 1093 1518 1150 S.
1544 1094 1605 1150 Β.
1639 1093 2041 1151 observationes
2070 1104 2125 1152 et

511 1197 659 1244 nota:
701 1189 755 1243 in
809 1195 1092 1246 tractatum
1146 1187 1215 1245 de
1269 1188 1773 1261 Prwscriptionibus.
1808 1189 2119 1262 Salisbnrg,

507 1283 562 1338 in
599 1280 739 1338 8⁸.»

1229 1356 1393 1412 1755.

510 1449 526 1511 t
590 1467 610 1501 ‹
645 1447 694 1503 J.
724 1465 778 1505 ε.
811 1464 931 1506 mit.
961 1448 1216 1507 WALCll
1244 1451 1307 1505 de
1328 1450 1690 1523 Apostolorum
1725 1448 1886 1505 literis
1913 1448 2124 1505 authen-

512 1542 626 1598 ticis
651 1557 681 1598 a
710 1541 1048 1600 Tertulliano
1070 1544 1527 1600 commemoratis.
1560 1543 1681 1600 Jcn.
1711 1543 1768 1600 4.
1808 1561 1828 1594 ι

1235 1638 1401 1694 1755.
1732 1642 1751 1651 ⁸

588 1772 609 1808 ι
646 1754 709 1809 D.
731 1768 1031 1811 CORBINIANI
1061 1753 1343 1812 TllOM/E.
1377 1753 1442 1810 Ο.
1484 1753 1541 1812 S.
1603 1754 1665 1810 Β.
1716 1753 2125 1811 observationes

505 1856 562 1904 et
581 1858 722 1903 nota:
738 1848 789 1905 in
818 1849 939 1905 libr.
957 1850 1274 1909 Tertulliani
1298 1853 1366 1911 de
1396 1853 1670 1924 Baptismo
1697 1862 1752 1912 et
1772 1844 2115 1920 Pmnitentia,
2146 1846 2195 1908 B
2223 1844 2555 1946 com-ecum;
2582 1877 2915 1946 subscriptis.

510 1939 810 2012 Salisbut‘g,
838 1940 1008 2000 in--8°.
1031 1961 1050 1997 ι

1221 2043 1383 2101 1756.

585 2146 605 2182 σ
646 2127 846 2186 Vnasro
910 2147 1124 2190 ITALICA
1190 2136 1243 2190 1.
1296 2134 1612 2194 Tertulliani
1695 2153 1857 2211 opera
1933 2140 2113 2197 omnia

509 2222 777 2280 catholica
807 2234 863 2281 et
909 2226 1135 2282 moralia
1176 2226 1359 2284 italico
1388 2245 1638 2286 sermone
1683 2232 1893 2287 reddita
1940 2248 1970 2288 a
2016 2233 2112 2289 do-

504 2316 647 2370 tnina
675 2316 946 2373 Selvatica
967 2317 1204 2390 Bargini,
1239 2320 1406 2376 nobili
1429 2322 1648 2389 Pisana,
1681 2322 1946 2381 habentur
1969 2327 2111 2398 typis

505 2407 649 2463 edita
699 2408 886 2466 Romae
915 2411 1057 2482 apud
1102 2412 1381 2470 Nicolaum
1431 2424 1485 2471 et
1528 2415 1763 2473 Marcum
1799 2418 2109 2490 Pagliarini.

506 2503 774 2560 Nonnulla
821 2504 923 2561 alia
968 2521 1170 2579 opera,
1217 2510 1425 2577 scilicet
1466 2510 1708 2566 adversus
1755 2511 2002 2580 Iudaeos;
2043 2515 2112 2573 de

499 2593 1015 2668 Prtescriptionibus;
1043 2610 1219 2655 contra
1243 2599 1635 2681 Hermogenem,
1658 2604 1725 2659 ab
1742 2604 1928 2661 eadem
1958 2606 2111 2663 illus-

502 2692 569 2747 tri
599 2690 818 2748 foemina
853 2693 905 2749 in
949 2694 1182 2751 italicum
1228 2711 1536 2755 sermonem
1577 2698 1834 2754 translata
1856 2741 1871 2767 ,
1902 2701 2111 2757 edenda

498 2784 931 2855 promittuntur:
981 2803 1109 2842 num
1160 2796 1344 2844 autem
1416 2790 1559 2847 edita
1611 2791 1763 2861 sint,
1814 2793 2020 2864 ignoro.
2053 2793 2110 2850 in

504 2876 831 2933 Florentinis
882 2879 1137 2936 literasiis
1181 2881 1321 2938 loliis
1363 2883 1558 2955 legitur
1603 2870 1755 2941 ραι.
1789 2884 1855 2941 ν.
1905 2886 2112 2944 Bottari

501 2970 680 3028 italico
705 2988 959 3030 sermone
1014 2974 1220 3032 reddita
1252 2990 1315 3032 ea
1352 2977 1615 3048 opuscula
1650 2994 1877 3050 quorum
1903 2982 2111 3038 versio-

508 3082 631 3121 nem
682 3068 741 3123 D.
775 3068 986 3140 Bargini
1027 3071 1285 3127 omiserat
1335 3071 1605 3147 (Lmnper
1651 3088 1716 3130 ex
1759 3076 2012 3145 Argelato
2058 3087 2116 3134 et

497 3157 742 3218 Paitonio
767 3161 834 3219 de
862 3163 1242 3235 Volgarizatori
1270 3166 1640 3240 bibliotheca).
1682 3187 1701 3221 ι

1228 3260 1390 3318 nso.
2136 3246 2182 3312 C

579 3365 598 3399 ‹
629 3346 678 3403 J.
711 3364 800 3404 ce.
827 3348 1061 3407 GERET
1092 3352 1181 3409 Pr.
1210 3352 1260 3409 in
1282 3353 1565 3425 quemdam
1582 3354 1975 3416 Tertullianide
2006 3367 2113 3415 lcr-

503 3456 684 3499 rarum
712 3441 953 3501 motibus
977 3445 1175 3502 locum.
1200 3445 1423 3516 0nold.,
1455 3448 1618 3504 iii-4°.
1652 3469 1672 3503 ι

1228 3539 1392 3596 1757.

579 3649 598 3683 ε
634 3628 757 3686 Jon.
788 3646 911 3689 auc.
953 3631 1334 3690 NOESSELTI
1379 3634 1607 3693 Dissert.
1663 3635 1734 3694 de
1775 3654 1905 3695 vera
1953 3649 2111 3698 :etate

501 3736 564 3777 ac
590 3722 834 3781 doctrina
884 3727 1208 3799 scriptorum
1252 3744 1373 3800 qua:
1418 3739 1710 3800 supersunt
1744 3731 1812 3799 Q.
1860 3730 2111 3804 Septimii

502 3818 649 3875 Flor.
678 3819 1013 3889 Tertulliani,
1056 3822 1224 3879 Halat.
1288 3822 1474 3894 Ejusd.
1534 3822 1620 3890 Ill,
1669 3823 1804 3882 diss.
1855 3827 1923 3883 ad
1968 3827 2106 3886 illst.

501 3912 648 3969 Eccl.
681 3917 877 3985 pertin.
906 3914 1066 3971 1817.
1099 3935 1119 3969 ι

1154 4011 1465 4070 1758-59.

580 4121 598 4154 ι
620 4101 758 4159 Anc.
788 4101 1421 4176 HEUMANNlappendix
1452 4106 1520 4162 ad
1546 4107 2138 4190 variasannotationes.

503 4196 557 4253 in
592 4197 1020 4267 Tcrtullianum,
1063 4215 1187 4255 cum
1236 4200 1442 4273 analysi
1488 4201 1824 4258 accuratiore
1870 4203 1989 4259 libri
2038 4208 2107 4264 de

502 4291 1003 4363 l‘ra-scriptionibns
1022 4293 1077 4350 in
1099 4301 1202 4351 act.
1230 4293 1513 4353 Eruditor.
1537 4294 1779 4366 lipsiens.
1799 4295 2103 4369 Supplem.,

501 4395 540 4443 t.
582 4386 688 4455 γι,
716 4394 850 4443 sect.
883 4388 937 4445 5.
962 4406 981 4441 ι

1222 4486 1386 4543 1753.
1452 4552 1463 4563 _

581 4596 599 4630 ‹
629 4577 765 4634 Cnn.
820 4594 892 4635 w.
939 4590 1131 4637 sane.
1163 4579 1418 4639 WALCll
1447 4581 1515 4639 de
1539 4583 1757 4655 Pompis
1781 4584 1993 4642 Satantc
2035 4585 2101 4642 ad
2128 4659 2136 4665 υ

499 4670 723 4727 Tertull.
750 4670 818 4727 de
843 4673 1186 4744 spectaculis,
1216 4667 1496 4748 Gotting,
1515 4675 1705 4733 in-4°.i

1222 4769 1385 4825 1759.

578 4855 671 4913 «C.
706 4873 795 4916 δε.
824 4872 947 4916 su.
979 4859 1346 4917 BERNHOLD
1364 4863 1552 4936 Progr.
1568 4863 2106 4937 TertullianiApolo—

499 4953 707 5023 getieus
735 4954 804 5011 ab
853 4955 1119 5027 iniquiore
1162 4957 1591 5028 reprehensione
1628 4959 1949 5018 vindicatus.
1993 4960 2100 5018 Er-

420 5066 429 5073 ’
496 5046 870 5118 lang.,in~4".
910 5067 931 5102 ι

1219 5149 1245 5202 1
1256 5144 1381 5201 762.

575 5253 594 5287 ‹
614 5234 698 5292 Jo.
726 5252 850 5292 nan.
875 5236 1015 5294 VAN
1035 5238 1288 5297 HOVEN.
1305 5256 1454 5314 spec.
1484 5251 1668 5301 annot.
1690 5242 1757 5301 ad
1793 5243 2022 5302 Tertull.
2047 5244 2102 5302 in

495 5328 756 5387 lilusmum
782 5331 958 5389 critic.
986 5330 1053 5403 ll,
1078 5332 1171 5392 26.
1212 5354 1233 5388 ι

854 5460 855 5463 η
1224 5432 1387 5490 1764.

574 5541 595 5575 ς
628 5520 687 5578 C.
719 5540 773 5579 Α.
805 5522 1039 5580 BEGER
1079 5524 1181 5598 Ep.
1225 5543 1331 5601 quo
1358 5545 1519 5588 sensu
1540 5531 1902 5593 Tertullianus
1933 5534 2101 5595 Deum

492 5616 691 5676 dixerit
717 5633 936 5691 corpus,
970 5618 1183 5691 Lipsiae,
1213 5621 1376 5678 in-4°.
1392 5642 1411 5676 ι
1934 5626 1945 5637 ”
1992 5642 1997 5646 ·

1216 5718 1378 5779 1766.

579 5828 593 5860 ι
630 5808 727 5865 Er.
768 5809 1208 5870 WERNSDORF
1234 5815 1305 5872 de
1350 5819 1770 5877 vestel’almata
1803 5819 1868 5878 ad
1897 5820 2108 5879 Tertul-

493 5901 616 5960 liani
641 5905 944 5979 .\pologet.,
972 5923 1022 5965 e.
1047 5908 1135 5967 50.
1172 5909 1475 5984 Wittemb.,
1504 5914 1667 5973 in-i".
1699 5934 1719 5967 ι

1964 319 2357 382 PRIEFATIO.

514 453 811 509 campo.—-
830 437 1126 494 Dolendum
1148 443 1232 494 est
1257 444 1333 492 tot
1361 447 1646 508 operarum
1674 435 1816 491 vitiis
1847 435 1986 494 hanc
2005 437 2122 496 edi-
2151 438 2204 498 A

3766 335 3840 395 61

2900 451 2923 508 1
2937 448 3166 510 769·76.

2300 564 2397 622 En.
2416 565 2681 625 HALENSIS
2706 567 2981 625 l.—llala:
3003 587 3090 640 ap.
3116 568 3316 640 Salam,
3335 588 3423 644 ap.
3453 571 3540 628 Jo.
3555 570 3839 632 ChrJIen-

2226 658 2354 723 del..
2371 660 2405 717 6
2425 661 2575 727 voll.,
2591 660 2655 730 Q.
2684 660 2741 718 S.
2760 662 2840 717 Fl.
2867 662 3013 721 Tert.
3040 663 3212 735 Opera
3231 666 3501 723 recensuit
3525 682 3602 723 to.
3628 683 3843 729 SALOIO

2226 749 2533 811 SEMLER.
2554 787 2627 797 —
2651 756 2734 812 Ab
2774 756 2926 813 initio
2965 758 3189 814 seorsim
3226 760 3572 831 quinquelibri
3593 763 3844 820 ridemus

2226 843 2543 903 Marcionem
2564 849 2894 919 prodierunt,
2925 849 3116 920 quibus
3158 858 3409 923 tanquam
3457 863 3604 911 tomo
3659 856 3845 926 primo

2226 938 2436 1009 reliqui,
2470 949 2698 1011 quatuor
2724 941 3082 1000 voluminibus
3102 985 3117 1009 ,
3149 954 3275 1000 sunt
3295 945 3514 1017 adjecti,
3545 955 3731 1005 sextus
3748 950 3846 1007 it.-

2227 1029 2375 1088 diccs
2428 1048 2549 1090 cum
2596 1034 2857 1107 glossario
2886 1035 3195 1093 Tertulliani
3245 1039 3467 1110 praebet.
3526 1040 3844 1103 Editionem

2225 1121 2493 1182 librorum
2524 1127 2785 1185 adversus
2810 1128 3136 1187 Marcionem
3167 1130 3308 1186 haud
3356 1131 3572 1203 quidem
3612 1136 3719 1191 alia
3769 1138 3847 1194 de

2227 1234 2387 1277 causa
2412 1236 2695 1293 aggressus
2711 1233 2827 1278 erat
2854 1222 3156 1289 Semlerus,
3187 1239 3347 1296 quam
3397 1236 3454 1281 ut
3493 1229 3845 1288 Academicis

2232 1313 2428 1371 studiis
2459 1314 2596 1371 libro
2625 1331 2736 1386 pra!
2773 1315 2894 1373 aliis
2932 1315 3252 1373 Tertulliani
3306 1318 3502 1391 insigni
3552 1330 3609 1379 et
3654 1322 3846 1404 forma

2228 1407 2697 1482 descriptioneqne
2720 1409 2860 1466 facto
2891 1411 3195 1479 parabiliori
3220 1413 3533 1480 inserviret,
3553 1431 3659 1474 nec
3688 1433 3834 1490 ope-

2230 1517 2353 1557 rum
2393 1504 2727 1560 edendorum
2760 1506 3051 1562 consilium
3095 1507 3366 1563 rationem
3417 1511 3586 1568 semel
3642 1515 3842 1573 initam

2228 1598 2475 1652 mutavit.
2524 1598 2754 1655 Textum
2824 1598 3035 1655 reduxit
3094 1600 3528 1673 Rhenanianum,
3579 1607 3846 1669 editionis

2232 1690 2438 1760 primae,
2464 1692 2559 1749 sed
2587 1707 2688 1750 suo
2718 1695 2910 1765 partim
2933 1695 3169 1767 ingenio,
3195 1697 3390 1767 partim
3414 1699 3845 1774 suffragantibus

2230 1782 2383 1839 editt.
2411 1784 2634 1856 reliquis
2658 1787 3029 1857 emendatum,
3051 1789 3310 1847 varietate
3338 1793 3391 1847 in
3418 1793 3618 1862 dubiis,
3655 1798 3843 1857 rarius

2946 1880 3027 1937 Ad
3057 1897 3246 1939 manus
3271 1892 3426 1940 erant
3457 1897 3656 1958 prmter
3678 1889 3840 1951 lihe-

2219 1967 2343 2025 nani
2370 1952 2948 2040 primam,'Parisiensis
2961 1972 3199 2046 Gagntci,
3223 1991 3291 2030 an
3320 1952 3481 2048 1566,
3494 1979 3621 2040 in-8.
3639 1982 3842 2043 Pame-

2221 2061 2365 2120 liana
2414 2065 2578 2122 1597.
2612 2066 2994 2125 Franekcrana
3038 2069 3229 2126 Franc.
3271 2070 3415 2128 Junii
3444 2074 3688 2145 ejusdem
3720 2081 3829 2137 loc.

2216 2166 2273 2214 et
2295 2173 2437 2215 com.
2473 2159 2686 2234 Rigahii
2716 2164 2890 2235 prima
2929 2180 3050 2222 cum
3080 2165 3285 2223 Veneta
3315 2170 3636 2241 novissima,
3684 2190 3830 2246 pra:-

2217 2258 2364 2307 terea
2385 2251 2501 2309 Lat.
2529 2253 2723 2311 Latinii
2752 2256 2887 2312 Bibl.
2921 2273 3073 2315 saera
3101 2268 3158 2315 et
3187 2261 3324 2330 prof.
3358 2270 3412 2317 et
3443 2262 3689 2322 Wowerii
3711 2267 3830 2326 No-

2219 2351 2287 2399 tae
2311 2343 2646 2415 Epidicticm,
2680 2362 2773 2405 an.
2807 2348 2967 2415 1605.
3007 2359 3138 2407 tom.
3171 2350 3237 2419 ll,
3282 2356 3657 2425 complectitur
3709 2360 3830 2431 ple-

2215 2451 2411 2510 rasque
2476 2439 2801 2512 scriptiones
2855 2444 3194 2515 polemicas:
3243 2446 3309 2501 de
3352 2450 3827 2518 prmeripliouibus

2220 2530 2395 2587 ltwret.
2424 2533 2667 2589 adversus
2696 2533 3088 2608 Hermogenem,
3124 2536 3527 2610 Valentinianus,
3545 2539 3819 2609 Praxemt.

2216 2621 2451 2693 Juda’os,
2491 2637 2668 2682 contra
2707 2633 2963 2699 gnostt‘cos
3005 2632 3123 2687 adv.
3154 2634 3440 2706 psysiclios,
3485 2645 3524 2691 t.
3549 2634 3825 2704 lll,exhi—

2216 2713 2308 2771 hct
2337 2716 2458 2773 libr.
2492 2720 2555 2774 de
2580 2720 2808 2777 velandis
2837 2724 3136 2795 virginibus,
3160 2727 3223 2781 de
3252 2726 3429 2782 habitu
3454 2727 3710 2797 muliebri,
3761 2732 3831 2787 de

2217 2810 2357 2864 cultu
2397 2811 2742 2883 (trutinantur,
2773 2816 2844 2871 ad
2881 2833 3092 2873 uxorem
3145 2818 3191 2897 Ιι
3227 2817 3303 2886 ll,
3356 2820 3420 2877 de
3472 2822 3833 2882 exhortatione

2217 2904 2489 2970 castitatis,
2520 2906 2583 2961 de
2605 2910 2958 2981 monogamia,
2989 2912 3053 2965 de
3077 2912 3203 2983 fuga
3252 2913 3303 2968 in
3349 2914 3721 2984 persecutione,
3757 2918 3832 2973 ad

2219 2996 2524 3072 Scapulam,
2572 3002 2636 3057 de
2665 3002 3053 3061 Ilesurrectione
3089 3008 3282 3075 carnis,
3319 3008 3383 3063 de
3409 3026 3564 3065 carne
3589 3009 3785 3066 Christi
3810 3029 3833 3079 ,-

2219 3100 2354 3147 tom.
2386 3092 2478 3160 IV,
2524 3095 2587 3149 de
2615 3097 2848 3153 oratione
2875 3097 3143 3168 integrum
3167 3115 3233 3155 ex
3255 3100 3379 3156 cod.
3409 3102 3661 3159 Ambros.
3697 3118 3835 3177 sup-

2221 3184 2507 3255 plementis
2536 3204 2563 3243 a
2602 3189 2890 3247 .lluratorio
2914 3192 2965 3247 in
2990 3193 3181 3248 Anecd.
3216 3196 3530 3267 propositis,
3558 3196 3625 3253 de
3650 3197 3833 3255 Testi-

2217 3280 2388 3335 monio
2408 3281 2616 3348 animm,
2633 3282 2697 3337 de
2719 3282 3050 3354 Paenitentia,
3066 3286 3135 3340 ad
3152 3286 3428 3361 Martyres,
3454 3290 3519 3345 de
3534 3290 3832 3361 Patientia,

2216 3372 2281 3425 de
2310 3372 2651 3443 Spectaculis,
2676 3377 2740 3432 de
2765 3375 3093 3440 Idololatria,
3126 3379 3190 3436 de
3213 3378 3502 3453 Baptismo,
3527 3383 3591 3438 de
3612 3384 3831 3454 Anium,

2215 3465 2280 3520 de
2307 3464 2510 3522 Corona
2538 3469 2740 3535 militis,
2764 3469 2829 3525 de
2850 3468 3133 3539 Pudicitia,
3164 3480 3295 3528 tom.
3324 3473 3391 3543 V,
3411 3474 3832 3547 Apologeticum,

2214 3559 2283 3612 ad
2322 3558 2572 3616 Nationes
2603 3561 2646 3630 Ι,
2679 3561 2746 3631 ll,
2780 3562 2843 3617 de
2873 3561 3047 3619 Pallio
3072 3580 3193 3620 cum
3214 3564 3235 3619 Ι
3256 3564 3482 3623 Semleri
3512 3567 3736 3625 Dissert.
3774 3572 3833 3629 in

2218 3649 2356 3707 Tcrt.
2383 3654 2447 3709 de
2488 3654 2632 3710 varia
2675 3664 2723 3711 et
2750 3657 2942 3712 incerta
2983 3660 3093 3726 ejus
3118 3657 3362 3714 librorum
3385 3660 3596 3728 indole;
3622 3661 3837 3721 Sextus

2215 3741 2448 3816 denique
2508 3761 2631 3801 cum
2684 3747 2994 3818 praefatione
3052 3748 3278 3807 Semleri
3327 3750 3532 3809 Indices
3593 3753 3838 3813 locorum

2214 3834 2278 3891 S.
2312 3837 2388 3893 S.
2434 3839 2487 3895 in
2539 3838 2687 3895 Tcrt.
2734 3857 2857 3914 app.
2882 3844 3270 3912 occurrentium,
3320 3860 3493 3900 rerum
3537 3855 3586 3901 et
3613 3859 3837 3904 senten-

2213 3931 2402 3985 tiarum
2461 3934 2867 3989 memorabilium
2898 3977 2913 4002 ,
2970 3920 3241 3992 latinitatis
3290 3934 3673 4008 Tertullianew,
3728 3942 3836 4012 qui

2215 4024 2456 4095 perpetui
2526 4027 2900 4083 commentarii
2966 4028 3141 4084 vicem
3184 4030 3452 4086 sustinere
3524 4031 3715 4102 possit.
3782 4036 3833 4090 A

2212 4124 2361 4173 tomo
2388 4116 2511 4181 inde
2533 4132 2722 4191 quarto
2740 4135 2956 4178 omnem
2978 4123 3231 4180 editionis
3256 4139 3439 4181 curam
3460 4127 3649 4198 gessit,
3680 4142 3841 4198 prte-

2211 4208 2354 4267 fatus
2392 4213 2555 4269 etiam
2582 4222 2665 4269 est
2692 4212 2894 4271 Christ.
2938 4214 3235 4274 Godofred.
3265 4216 3572 4288 Schutzius,
3628 4220 3834 4278 Celei».

2211 4319 2354 4359 nunc
2399 4304 2566 4361 Acad.
2608 4304 2821 4362 lcncns.
2860 4307 2963 4363 litt.
2995 4307 3143 4365 hum.
3185 4319 3241 4366 et
3268 4311 3461 4385 Eloqu.
3504 4311 3832 4379 Professor,

2209 4400 2452 4469 quicum
2499 4399 2609 4470 jam
2660 4401 3028 4472 superioribus
3079 4403 3441 4463 voluminibus
3488 4420 3709 4485 operam
3767 4409 3832 4465 in

2208 4492 2514 4565 colligenda
2537 4493 2826 4551 lectionum
2854 4498 3111 4554 varietate
3138 4510 3387 4557 navasset
3435 4510 3490 4558 et
3517 4500 3605 4556 hic
3636 4500 3708 4556 ab
3734 4501 3837 4559 in-

2208 4595 2365 4657 cepto
2392 4586 2522 4643 nihil
2555 4588 2798 4655 descivit,
2829 4591 2928 4647 nisi
2949 4591 3093 4664 quod
3124 4596 3364 4665 potiores
3384 4603 3591 4651 tantum
3609 4596 3833 4667 eligen-

2127 4656 2184 4720 Ῑ)
2208 4656 2305 4734 das
2327 4680 2612 4738 varietates
2630 4682 2878 4739 lectionis
2898 4696 3164 4755 censeret,
3193 4689 3490 4757 inutilibus,
3514 4705 3622 4762 quo
3651 4692 3830 4752 etiam

2209 4772 2573 4829 Franc.Junii
2603 4774 3019 4834 hariolationum
3068 4790 3271 4851 partem
3321 4780 3512 4853 refert,
3570 4783 3828 4846 omissis.

2210 4866 2312 4925 Ubi
2344 4868 2589 4949 Rhenani
2615 4871 2703 4928 ed.
2733 4872 3009 4941 deficeret,
3041 4874 3402 4933 Pamelianam
3431 4887 3646 4936 secutus
3668 4881 3788 4936 anxi
3808 4912 3829 4923 -

2207 4976 2369 5033 quam
2397 4963 2596 5036 ubique
2624 4964 2937 5034 lectionem,
2972 4966 3246 5034 nisi,‘cnm
3270 4970 3493 5028 omnino
3524 4972 3652 5028 ferri
3703 4988 3825 5031 non

2206 5070 2371 5127 posse
2404 5057 2697 5127 videretur,
2728 5061 3013 5130 expressit.
3061 5061 3119 5117 ln
3149 5062 3300 5120 libris
3333 5064 3442 5120 vol.
3469 5064 3538 5132 ν,
3569 5081 3830 5138 compre-

2210 5148 2395 5205 hensis
2434 5150 2841 5223 Apolegeticum
2869 5167 2932 5209 ex
2980 5153 3370 5228 Havercampi,
3422 5157 3491 5214 de
3533 5159 3702 5216 Pallio
3746 5178 3826 5219 ex

2207 5246 2459 5304 Salmasii
2484 5244 2881 5315 emendatione,
2911 5248 3075 5304 libros
3104 5249 3171 5304 ad
3199 5250 3457 5307 Nationes
3499 5267 3562 5308 ex
3595 5254 3827 5324 ltigaltii

2206 5338 2544 5396 Auctoritate
2565 5338 2860 5408 proposuit.
2898 5338 3109 5397 Utinam
3149 5356 3276 5398 vero
3304 5356 3426 5398 cum
3456 5343 3676 5416 reliquis
3726 5347 3820 5405 Cl.

2208 5433 2442 5492 Semleri
2466 5434 2518 5490 in
2540 5433 2763 5490 Tertull.
2797 5432 3288 5502 dissertationibus,
3317 5452 3472 5493 nova:
3494 5438 3600 5495 luci
3641 5439 3820 5497 facem

2209 5527 2639 5601 praeferentibus,
2669 5537 2724 5584 et
2766 5528 2890 5595 ista,
2943 5543 3101 5600 quam
3152 5528 3439 5587 Schﬁtzius
3491 5533 3823 5609 promiserat

2210 5621 2491 5680 historiam
2518 5635 2742 5693 operum
2775 5630 2829 5677 et
2867 5620 3020 5698 cditt.
3082 5620 3420 5689 Tertulliani,
3449 5625 3770 5682 accessisset
3798 5630 3814 5685 !

2208 5718 2410 5776 -—Non
2437 5716 2649 5774 curiose
2673 5715 2805 5772 satis
2830 5715 3033 5773 Censor
3071 5715 3251 5772 Goett.
3281 5718 3405 5774 huic
3432 5718 3657 5776 editioni
3687 5737 3817 5790 pro-

2209 5814 2381 5889 priam
2427 5825 2548 5868 esse
2591 5810 2762 5880 inquit
2811 5808 3196 5880 descriptione»:
3221 5808 3464 5865 librorum
3494 5826 3585 5882 per
3611 5813 3810 5883 capita,

2212 5911 2408 5984 quippe
2421 5918 2541 5978 quae
2558 5920 2586 5960 a
2602 5902 2822 5962 Pamelii
2840 5901 2965 5960 inde
2982 5901 3311 5975 temporibus
3326 5916 3541 5978 semper
3553 5904 3806 5964 obtinuit.
