4082 6338
522 311 590 368 67
1634 274 1637 279 ’
1760 342 1767 353 ι
1978 319 2099 377 pax

2202 322 2365 382 ATIO.

3756 339 3830 397 68

512 436 632 496 gela
655 456 724 465 —
745 423 796 479 in
830 425 1022 483 Annal.
1068 427 1233 485 Acad.
1277 429 1465 488 Rheno
1487 432 1733 505 -trajcct.
1779 434 1920 492 Ann.
1949 437 2117 495 1825-
2146 443 2200 501 A
2224 443 2549 512 optimorum
2583 442 2772 501 libror.
2811 444 2971 504 ﬁdem
3019 445 3184 517 edita,
3213 458 3436 509 curante
3477 452 3541 510 E.
3572 454 3638 512 G.
3671 454 3833 515 Gers-

516 520 735 579 1824.»

1240 600 1404 658 1825.

590 709 609 743 ι
631 692 697 747 Λ.
728 690 1058 749 ΝΕΑΝΒΕΒ
1086 693 1515 766 Antignostikus,
1536 695 1687 753 Geist
1706 697 1805 754 des
1830 698 2116 757 Tertullia-

510 800 611 841 llus
667 786 773 842 und
830 786 1137 860 Einleitung
1194 788 1246 844 in
1295 789 1488 847 dessen
1534 790 1840 860 Schriften,
1871 793 1968 849 mit
2028 810 2115 850 ar-

512 876 951 951 chaaologischeii
992 881 1099 936 und
1176 881 1772 955 dogmenhistorischcn
1847 885 2110 944 Uutersu-

510 971 782 1046 cllnngen.
811 973 980 1044 Berl.,
1018 975 1185 1032 in-8°.
1220 995 1241 1031 ›

1241 1067 1404 1127 1825.

504 1199 511 1207 .
589 1181 608 1214 ι
658 1159 855 1219 Vensro
904 1176 1127 1218 GALLICA
1174 1161 1240 1217 V.
1277 1163 1563 1235 Apologet.
1613 1173 1668 1221 et
1708 1142 2108 1235 Praescrtption.

509 1252 790 1310 adv.ll;cr.
822 1256 1116 1327 interprete
1169 1254 1239 1314 de
1289 1256 1529 1329 Gourcy,
1587 1259 1758 1327 Paris,
1811 1260 1966 1328 iii-8°,
2017 1275 2110 1317 ac-

512 1348 714 1403 curatis
739 1349 1090 1419 argumentis,
1123 1349 1332 1421 exiguis
1359 1365 1422 1406 ac
1442 1351 1849 1421 pauciorihtlsin
1872 1360 2106 1422 textum,

508 1439 1028 1513 frcquentioribusin
1058 1444 1316 1501 lectiones
1343 1445 1519 1503 varias
1548 1448 1687 1504 notis
1714 1446 2031 1504 adornata.»

1234 1537 1399 1595 1827.

584 1646 604 1679 ι
638 1627 958 1685 Tertulliani
1019 1629 1356 1702 Apologetici
1413 1632 1543 1689 edit.
1599 1649 1726 1690 nov.
1773 1649 1895 1691 cum
1955 1650 2101 1692 varr.

506 1719 677 1779 Lectt.
703 1737 810 1780 ros.
840 1738 947 1781 leti.
980 1724 1261 1782 RITTER.
1289 1726 1564 1799 Eberl‘eld,
1596 1728 1757 1786 ill-8°.
1791 1750 1809 1783 ι

1228 1820 1391 1879 1827.

585 1911 685 1968 «Α.
718 1928 876 1969 nuru.
910 1911 1181 1973 ΟΕΒὸΕῆ
1219 1914 1474 1971 Biblioth.
1501 1916 1595 1972 lat.
1620 1917 1874 1975 Veterum
1888 1918 2104 1976 Poetar.

504 2004 863 2063 Christianor.
884 2006 1057 2064 lente.
1084 2008 1288 2068 Praeter
1314 2011 1544 2083 primum
1574 2021 1779 2071 tomum
1806 2013 1941 2071 nihil
1968 2014 2111 2073 ulte-

502 2101 613 2158 rius
644 2101 860 2174 prodiit.
896 2119 918 2155 ι

1238 2176 1400 2235 1827.

582 2285 601 2319 ‹
639 2265 842 2325 Vsasro
893 2283 1118 2327 GALLICA
1156 2269 1248 2327 Vl.
1289 2270 1626 2344 Apologetici
1683 2272 1910 2331 Tertull.
1960 2284 2099 2333 auct.

500 2358 551 2414 .l.
569 2358 665 2415 Fr.
696 2362 917 2417 ALLARD
943 2362 1163 2419 human.
1188 2363 1331 2422 liter.
1351 2364 1477 2420 olim
1509 2366 1798 2436 professor.
1826 2383 1927 2425 nec
1948 2368 2107 2440 hujus

503 2452 827 2510 conditionis
867 2456 1205 2525 immemore,
1257 2459 1371 2515 sive
1421 2459 1475 2515 in
1527 2462 1725 2532 praevia
1770 2461 1991 2519 dissert.
2036 2463 2105 2521 de

507 2544 755 2604 laudibus
808 2547 1154 2620 Tertulliani,
1196 2567 1355 2623 quem
1397 2552 1573 2611 Tullio
1636 2563 1692 2610 et
1741 2555 2106 2612 Demosthene

503 2636 663 2710 longe
684 2639 989 2713 eloquentia
1013 2645 1441 2715 praestantiorem
1472 2646 1667 2715 habet;
1700 2648 1817 2705 sive
1859 2649 1914 2704 in
1959 2650 2104 2707 notis

501 2731 571 2787 ad
590 2734 792 2791 calcem
815 2737 1054 2808 rejectis,
1088 2753 1241 2812 quas,
1276 2739 1523 2814 Septimii
1552 2741 1867 2814 plerumque
1883 2743 2101 2815 oblitus,

503 2824 559 2880 in
585 2826 858 2898 quoslibet
882 2828 1074 2887 obvios
1112 2842 1398 2890 novatores
1427 2835 1742 2907 pugnaciter
1781 2836 2041 2894 immittit.
2076 2856 2096 2891 ι

706 2908 711 2913 ’
1142 2926 1473 2987 1827-1829.

578 3033 596 3067 i
631 3015 730 3072 En.
757 3015 1054 3075 HALLENSIS
1083 3019 1148 3077 II.
1182 3022 1335 3079 Ηιιιω
1364 3024 1779 3099 Magdelmrgictc
1803 3027 1943 3099 apud
1969 3027 2097 3086 Job.

503 3105 689 3163 Christ.
716 3106 937 3180 Hendei,
964 3112 1155 3170 iterum
1177 3115 1373 3188 prodiit
1396 3118 1449 3175 iit
1479 3128 1608 3178 tom.
1638 3119 1729 3190 Vl,
1752 3119 1838 3178 ed.
1865 3121 2099 3180 Semler.

501 3200 618 3257 Vid.
654 3218 835 3276 supra.

1220 3283 1244 3338 1
1254 3281 1381 3341 829.

577 3372 706 3430 «Fu.
734 3373 1020 3434 MUNTER
1042 3369 1340 3435 Primordia
1358 3379 1616 3438 Ecclesiae
1641 3380 1929 3453 Africanae,
1961 3380 2099 3440 [lav-

497 3466 620 3535 illa},
663 3468 825 3538 iit-4",
857 3486 911 3541 p.
940 3470 1063 3527 128.
1094 3492 1114 3526 ι

1221 3543 1382 3603 1829.

486 3694 495 3697 _
575 3653 594 3687 ι
626 3633 681 3690 In
708 3635 1032 3701 collectione
1052 3638 1252 3696 selecta
1288 3638 1389 3697 SS.
1421 3640 1681 3698 Ecclesia:
1713 3640 1930 3699 Palmm
1951 3658 2100 3700 com-

496 3727 763 3797 plectellte
797 3730 1219 3804 exquisitissima
1249 3747 1435 3789 eorum
1468 3749 1595 3807 opp.
1622 3750 1752 3791 cura
1771 3738 1835 3792 A.
1865 3738 1926 3792 Β.
1954 3736 2098 3793 Cail-

498 3819 584 3876 lim
622 3829 677 3877 et
710 3821 870 3879 M.N.
900 3823 960 3880 s.
1006 3808 1247 3891 Guillon,
1296 3826 1545 3896 prodiere
1589 3826 1712 3882 libri
1754 3827 2094 3897 Tertulliani,

498 3912 611 3970 fere
640 3929 827 3973 omnes
846 3919 1090 3989 exceptis
1118 3927 1320 3975 tantum
1351 3935 1442 3977 sex
1466 3922 1660 3992 partim
1685 3922 1871 3990 editis,
1903 3940 2096 3996 nempe

497 4005 566 4063 de
592 4007 802 4076 Anima,
821 4008 890 4066 de
910 4009 1057 4082 Fuga
1078 4011 1131 4067 in
1157 4027 1329 4083 pers.,
1360 4012 1426 4069 de
1446 4013 1724 4079 Pudicitia,
1753 4015 1822 4071 de
1855 4015 2089 4087 Jejunio,

497 4098 565 4155 de
589 4098 869 4159 Exhortat.
899 4103 1075 4160 castit.
1103 4103 1173 4162 de
1189 4103 1541 4178 Monogamia.
1576 4116 1705 4164 tom.
1729 4107 1821 4177 Vl,
1854 4107 1962 4165 V11.
1994 4128 2013 4163 ι

1220 4201 1383 4259 1852.

575 4307 594 4341 ε
629 4289 829 4348 Vsusro
856 4306 1081 4353 GALLICA
1104 4292 1144 4348 l.
1174 4293 1324 4352 Libri
1350 4296 1415 4351 de
1441 4295 1745 4353 Testimonio
1762 4299 1968 4367 animm,
2000 4301 2088 4372 qui

497 4388 551 4435 et
578 4382 693 4453 ipse
717 4386 929 4441 caeteris
956 4385 1182 4444 Tertull.
1207 4389 1425 4461 scriptis
1452 4390 1718 4462 elegantia
1750 4395 2120 4463 praestantior~

499 4475 640 4532 haud
683 4478 944 4550 imparem
983 4490 1172 4537 nactus
1207 4492 1291 4542 est
1328 4485 1561 4555 primum
1620 4485 2002 4557 interpretem,
2035 4491 2087 4546 in

495 4569 706 4635 Annali.
758 4571 1114 4645 Pliiloaopltiw
1160 4575 1485 4646 Christiania,
1532 4595 1661 4635 ann.
1710 4579 1868 4648 1852,
1901 4596 2087 4640 mense

2224 533 2367 591 duri.
2408 534 2463 592 in
2503 538 2741 595 medium
2773 541 2949 611 posuit
2970 556 3036 598 ac
3067 542 3262 613 publici
3287 544 3423 615 juris
3472 545 3601 604 fecit
3652 544 3825 606 libros

2221 627 2444 685 Tertull.
2494 630 2608 688 fere
2659 648 2867 703 omnes,
2919 634 2972 690 in
3012 634 3149 693 duas
3175 637 3379 696 classes
3417 638 3721 710 distinctos,
3773 650 3831 699 et

2220 734 2346 778 suos
2375 730 2508 778 tom.
2540 724 2751 782 scilicet
2778 727 2823 782 1°
2849 726 2992 783 Libr.
3038 729 3417 802 Apolageticos,
3450 732 3518 790 ad
3536 733 3823 807 Martyres,

2220 813 2287 869 de
2311 814 2615 887 Spectacul.
2647 817 2718 875 de
2742 817 2935 876 Idolul.
2968 821 3251 894 Apologet.
3278 823 3349 880 ad
3374 824 3497 881 Nat.
3527 826 3624 882 lib.
3647 826 3713 895 ll,
3754 828 3831 885 de

2220 905 2442 963 Testinl.
2486 908 2670 965 Anim.
2721 912 2791 968 de
2839 912 3051 970 Corona
3096 916 3207 971 mil.
3236 917 3304 973 de
3342 917 3488 989 Fuga
3530 919 3581 975 in
3612 935 3830 991 persec.

2221 997 2532 1073 Scorpiace,
2565 1004 2631 1058 ad
2663 1005 2877 1078 Scapul.
2907 1004 3129 1079 QVLibr.
3158 1011 3227 1065 ad
3256 1011 3382 1067 ritus
3409 1021 3456 1067 et
3482 1030 3645 1071 utare:
3669 1014 3831 1072 Chri-

2215 1093 2434 1148 stianor.
2452 1095 2752 1164 pertinentes
2777 1097 2845 1155 de
2864 1098 3037 1173 0rat.,
3065 1102 3134 1159 de
3160 1102 3414 1175 Patient.,
3437 1103 3506 1161 de
3522 1106 3827 1179 Baptismo,

2214 1187 2284 1246 de
2312 1189 2532 1258 Ρωηίιη
2580 1193 2647 1248 ad
2702 1192 2804 1249 Ux.
2848 1195 2942 1252 lib.
2992 1195 3069 1262 ll,
3104 1197 3174 1254 de
3218 1194 3378 1254 Cultu
3437 1197 3587 1257 Imm.
3630 1201 3725 1260 lib.
3757 1202 3824 1274 ll,
3872 1274 3877 1279 ε

2213 1284 2281 1339 de
2334 1284 2567 1343 Exhort.
2614 1296 2771 1354 cast.,
2813 1288 2881 1345 de
2918 1289 3153 1364 Monog.,
3199 1292 3265 1349 de
3304 1292 3560 1365 Pudicit.,
3605 1295 3674 1353 de
3728 1295 3827 1354 Je-

2208 1377 2404 1450 juniis,
2450 1380 2519 1437 de
2567 1381 2832 1455 Virginib.
2884 1383 3125 1452 veland.,
3159 1386 3230 1441 de
3284 1386 3475 1444 Pallio.
3512 1419 3588 1433 --
3615 1389 3830 1449 Prodiit

2213 1470 2330 1530 hinc
2385 1473 2552 1531 editio
2602 1477 2802 1532 selecta
2849 1476 2999 1547 Lips.
3043 1477 3205 1535 1839.
3250 1480 3304 1535 2.
3339 1492 3471 1536 tom.
3513 1482 3689 1550 iii-12,
3732 1499 3826 1540 re-

2213 1579 2359 1622 cens.
2406 1567 2471 1622 E.
2518 1566 2579 1621 F.
2617 1568 2883 1627 Lsorom.
2925 1570 3064 1627 Pliil.
3093 1587 3146 1629 υ.
3174 1588 3262 1627 ΔΛ.
3288 1589 3364 1629 m.
3392 1574 3446 1629 in
3478 1590 3665 1648 gymn.
3705 1578 3823 1633 An-

2213 1665 2436 1738 naberg.
2467 1667 2735 1742 Pratcept.
2761 1670 2944 1728 ordin.
2975 1671 3268 1730 Laudanda
3297 1688 3430 1731 sane
3457 1682 3514 1732 et
3547 1677 3820 1746 recensio,

2215 1764 2284 1821 ob
2306 1773 2481 1821 textus
2509 1763 2835 1833 castitatem,
2880 1773 2937 1821 et
2978 1765 3146 1822 editio
3180 1766 3252 1822 ob
3277 1765 3514 1824 charter.
3558 1777 3616 1826 et
3644 1778 3821 1841 typor.

2135 1857 2184 1920 B
2212 1858 2466 1922 nitorem,
2500 1856 2648 1913 nullo
2668 1873 2800 1914 vero
2824 1861 3235 1930 commentario,
3291 1860 3581 1921 lectionum
3611 1874 3821 1922 tantum

2214 1951 2474 2008 varietate
2491 1949 2770 2007 adornata.

2935 2048 3097 2109 1839.

2299 2161 2317 2195 ε
2356 2140 2513 2198 E.l‘.
2572 2141 2891 2200 LEOPOLD
2927 2143 3107 2201 Ueber
3142 2144 3231 2203 die
3253 2145 3529 2207 Ursacllen
3569 2146 3669 2211 der
3698 2164 3824 2212 ver-

2217 2234 2495 2293 dorbenen
2530 2235 2760 2293 latinitat
2802 2236 2887 2293 bei
2931 2236 3031 2294 dec
3074 2238 3491 2299 schriftstellern
3519 2234 3661 2302 naclt
3692 2246 3822 2303 dein

2213 2328 2472 2385 Zcitailer
2494 2329 2549 2385 d.
2575 2328 2641 2386 K.
2668 2333 2963 2402 Augustus,
2998 2330 3424 2403 liauptsmelllich
3451 2336 3535 2392 bei
3559 2338 3662 2393 den
3694 2338 3821 2393 Kiro

2210 2420 2590 2491 chenvartcrn,
2646 2423 2742 2477 mit
2788 2422 3118 2480 besnndercr
3164 2414 3673 2501 berilcksiclltiguitg
3719 2431 3821 2488 des

2215 2516 2514 2573 Tcrtullian
2568 2517 2760 2573 inserta
2793 2516 2854 2573 ν.
2886 2516 2944 2575 S.
2969 2516 3032 2574 V.
3066 2518 3271 2591 lligenii
3305 2519 3629 2579 Zeitscllr'ift.
3676 2523 3719 2580 ι’.
3754 2524 3813 2581 il.

2208 2609 2397 2671 histnr.
2430 2610 2648 2682 Theul.,
2675 2610 2778 2669 vol.
2812 2610 2951 2682 'Vlll,
2978 2630 3032 2685 p.
3064 2614 3090 2670 1
3116 2629 3166 2671 e.
3210 2629 3329 2687 sqq.
3359 2615 3507 2687 Lips.
3538 2633 3557 2668 ι

2921 2702 3079 2760 1812.

2285 2815 2304 2848 ‹
2333 2794 2693 2853 Novissimam
2722 2809 2785 2851 ac
2816 2795 3365 2871 anlplissimam,quaa
3397 2798 3659 2858 hactenus
3683 2816 3814 2873 pro-

2206 2885 2398 2957 dierit,
2430 2885 2745 2944 Tertulliani
2775 2903 2998 2960 operum
3029 2890 3139 2947 fere
3170 2891 3544 2950 universorum
3594 2895 3814 2952 versio-

2204 2995 2328 3039 nem
2351 2980 2608 3039 Gallicam
2659 2985 2968 3064 nuperrime
3015 2984 3182 3042 edidit
3214 2986 3280 3042 D.
3312 2988 3389 3044 De
3430 2987 3724 3059 Genoude,
3758 2990 3817 3046 in

2205 3091 2299 3134 sua
2330 3076 2749 3135 ebrestomathia
2778 3078 3080 3149 Patristica,
3110 3082 3195 3137 cui
3223 3081 3533 3141 titulus:les
3556 3083 3723 3143 Péres
3745 3085 3819 3145 de

2204 3168 3000 3243 l’Egiisetraduitsenfraneais,
3026 3181 3062 3229 t.
3095 3172 3218 3244 XII,
3251 3175 3425 3245 Paris,
3453 3177 3506 3234 in
3534 3178 3614 3234 8°.
3642 3178 3817 3251 llujus

2125 3273 2169 3337 ρ
2204 3272 2382 3321 autem
2422 3266 2720 3334 versionis,
2750 3281 2869 3337 qua:
2897 3266 3034 3323 duos
3055 3275 3111 3324 et
3134 3269 3320 3341 viginti
3350 3272 3648 3343 praecipuos
3674 3271 3816 3330 Ter-

2204 3355 2410 3412 tulliani
2461 3357 2626 3414 libros
2680 3359 2941 3425 continet,
3000 3367 3190 3416 auctor
3233 3370 3317 3417 est
3364 3362 3429 3418 ll.
3464 3363 3720 3420 DENAIN
3745 3364 3817 3423 de

2201 3447 2444 3522 Septimii
2490 3451 2660 3507 nostri
2712 3451 2969 3507 studiosis
2996 3452 3133 3511 bene
3170 3457 3701 3539 meritusnnotarum
3733 3470 3815 3516 ta-

2200 3557 2323 3611 men
2375 3544 2597 3601 omnino
2645 3560 2860 3616 expers,
2919 3555 2975 3602 et
3026 3547 3203 3605 omnis
3241 3551 3615 3608 commentarii
3660 3553 3815 3610 mole

2199 3634 2500 3708 expeditus,
2527 3637 2748 3709 elegans
2789 3637 3133 3711 potiusquam
3180 3640 3474 3700 ﬁdissimus
3509 3644 3811 3717 interpres,

2199 3732 2287 3802 qui
2310 3730 2558 3788 africanic
2585 3733 2811 3806 loquela:
2836 3734 3178 3806 asperitatem
3230 3738 3534 3812 splendenti
3595 3742 3816 3799 ornavit

2198 3839 2470 3892 sermone,
2503 3829 2824 3900 egregiaque
2865 3828 3132 3887 interdum
3157 3840 3210 3889 et
3232 3833 3299 3891 ad
3320 3834 3497 3893 vivum
3522 3851 3811 3909 expressa

2198 3914 2645 3989 interpretatione
2677 3922 2997 3979 recreavit.»

2927 4013 3087 4072 18t3.

2265 4101 2359 4158 llis
2386 4102 2544 4175 igitur
2572 4104 2814 4164 deductis
2848 4124 2940 4180 per
2983 4110 3148 4167 multa
3187 4125 3332 4170 retro
3361 4111 3557 4172 saecula
3606 4115 3801 4176 litera-

2191 4196 2287 4252 riis
2309 4197 2622 4255 Tertulliani
2651 4202 2932 4260 annalibus
2956 4205 3118 4262 linem
3143 4208 3589 4284 qualemcumque
3610 4213 3796 4285 impo-
3872 4247 3876 4250 ~

2192 4298 2285 4346 net
2306 4289 2419 4346 haec
2449 4306 2586 4348 nova
2612 4293 3032 4355 PARlSlENSIS
3056 4299 3304 4371 EDlTlO,
3361 4319 3520 4374 quam
3567 4316 3691 4377 post
3718 4315 3805 4367 tot

2190 4386 2419 4443 aliorum
2450 4398 2504 4445 et
2531 4398 2797 4447 tantorum
2825 4392 3037 4451 labores
3083 4394 3202 4453 ideo
3243 4397 3576 4458 confidenter
3602 4416 3805 4475 aggre-

2190 4476 2388 4545 dimur,
2437 4482 2578 4551 quod
2611 4483 2741 4539 nillil
2779 4487 2879 4541 nisi
2926 4488 3162 4544 alienum
3212 4505 3275 4548 ac
3322 4499 3617 4550 mutuatum
3662 4510 3811 4567 prae-

2189 4579 2417 4629 stamus.
2447 4573 2515 4629 Ut
2539 4576 2682 4632 enim
2705 4593 2769 4633 ex
2794 4579 2858 4633 iis
2888 4596 3005 4650 quae
3034 4581 3295 4639 hactenus
3321 4600 3483 4656 opera
3510 4588 3805 4647 Tertullia-

493 4662 676 4730 Junio’
721 4663 904 4723 fascic_
949 4667 1055 4736 24’
1082 4668 1173 4725 ubi
1211 4669 1517 4742 interpretis
1565 4674 1821 4745 anonymi
1866 4690 2081 4744 nomen,
2109 4685 2165 4748 D
2191 4664 2246 4719 ιιί
2275 4666 2609 4723 elucidarunt
2639 4669 2773 4725 nihil
2800 4669 3052 4728 duximus
3101 4676 3457 4734 omittendum
3487 4696 3501 4744 ;
3537 4680 3608 4736 ita
3653 4683 3797 4741 nihil

494 4755 676 4828 iniquo
716 4757 841 4830 jure
872 4760 1163 4818 lectoribus
1189 4762 1583 4831 absconditum,
1615 4766 1807 4831 merito
1834 4767 2088 4839 deinceps

492 4847 543 4903 in
576 4849 749 4906 indice
785 4851 1066 4924 detegitur,
1132 4854 1196 4910 Ι).
1248 4871 1441 4929 nempe
1485 4856 1698 4914 MELCII.
1743 4873 1811 4914 nn
1865 4860 1975 4917 Lac
2015 4878 2084 4918 ne

491 4939 814 4999 Mori'rvsn'r.
846 4962 869 4998 ι

1210 5019 1371 5077 1854.

2190 4762 2363 4830 novi,
2392 4763 2476 4819 vel
2497 4763 2716 4821 inauditi
2774 4765 3129 4826 adserendum
3174 4772 3404 4829 libenter
3448 4775 3798 4847 profitemur.

2188 4856 2451 4927 Equidem
2503 4859 2555 4914 in
2623 4857 2725 4916 hoc
2775 4872 2983 4929 nostro,
3038 4864 3414 4938 quodcumque
3458 4869 3573 4935 sit,
3625 4886 3801 4942 opere

2186 4950 2537 5009 describendo
2574 4954 2827 5010 lectorem
2850 4956 2942 5012 diu
2968 4959 3163 5014 morari
3192 4961 3464 5019 noluimus
3494 4979 3508 5030 ;
3538 4978 3800 5036 quaenam

2184 5052 2361 5099 tamen
2389 5046 2509 5100 huic
2547 5046 2765 5102 editioni
2793 5051 3120 5107 accesserint
3147 5052 3536 5123 additamenta,
3584 5059 3801 5129 qualis-

562 5108 877 5167 Tertulliani
906 5111 1025 5169 libri
1039 5111 1107 5170 de
1128 5112 1624 5187 Prmscriplionibus
1645 5118 1767 5175 adv.
1796 5119 1987 5179 liceret.
2011 5122 2079 5182 de

2202 5152 2247 5194 te
2275 5146 2451 5195 textus
2472 5140 2716 5195 recensio
2741 5144 2917 5211 potior
2939 5144 3196 5202 habeatur
3214 5190 3228 5212 ,
3261 5147 3528 5206 undenam
3559 5154 3792 5222 petieri-

488 5202 782 5274 Baptismo,
814 5203 885 5262 de
915 5205 1256 5274 Pcenitentia,
1292 5206 1361 5265 de
1381 5206 1667 5279 Oratione,
1695 5213 1922 5269 seorsim
1948 5214 2078 5272 editi
2180 5246 2300 5287 mus
2325 5243 2611 5303 perpetuos
2651 5237 3067 5294 commentarios
3099 5281 3113 5308 ,
3167 5240 3327 5311 paulo
3349 5240 3519 5302 fusius
3560 5202 3795 5306 rdicendi

481 5306 629 5367 sunt,
657 5301 935 5371 praemissa
963 5301 1276 5372 praefatione
1304 5304 1610 5375 germanica
1628 5345 1642 5372 ,
1676 5307 1975 5378 sumptibus
2012 5323 2075 5366 ac

2202 5326 2386 5383 inimus
2413 5335 2494 5383 est
2523 5342 2587 5386 ac
2605 5329 2901 5387 necessitas
2932 5331 3208 5393 incumbit.

482 5394 622 5465 typis
646 5393 831 5468 Aloys.
864 5395 1215 5467 Attenkover,
1247 5397 1407 5467 1854,
1438 5395 1599 5454 in-8°.

548 5579 611 5638 C.
640 5579 778 5639 JOS.
809 5580 1083 5641 HESELE
1445 5585 1524 5645 ab
1550 5584 1815 5659 Apologet.
1838 5586 1894 5645 in
1928 5587 2069 5664 Drey

478 5683 534 5730 ct
578 5675 671 5731 all.
704 5674 974 5751 Tubinger
999 5677 1261 5752 Theolog.
1304 5678 1544 5751 quartals
1569 5678 1793 5739 Schrift.
1819 5712 1892 5724 —
1914 5682 1976 5740 P.
2006 5682 2064 5752 Ι,

481 5782 531 5838 p.
566 5767 657 5826 30.

1196 5843 1357 5903 1859.

548 5928 875 5996 Bibliotheca
919 5935 1021 5998 PP.
1053 5938 1537 5999 ecclesiasticorum
1567 5942 1715 6000 talin.
1749 5942 1966 6015 sciecta,
2000 5944 2067 6002 ad

2703 5510 3088 5573 ARTICULUS
3137 5511 3226 5571 1V.

2557 5644 2636 5703 De
2672 5663 2799 5705 nova
2843 5650 3059 5707 editione
3091 5649 3390 5710 Parisiemi.

2243 5801 2643 5884 Coalescitiiice
2673 5806 2839 5884 editio
2864 5818 3045 5884 postea
3069 5824 3133 5866 ex
3163 5813 3331 5869 tribus
3356 5812 3591 5884 partibus
3616 5828 3779 5875 seor-

2172 5876 2275 5931 cim
2294 5876 2601 5958 ordinandis
2618 5876 3439 5958 acilescribendis,nempctilni
3490 5901 3554 5940 ex
3601 5893 3779 5958 prole-

2171 5949 2413 6023 golneuis
2460 5951 2806 6025 quibusdam,
2860 5963 2969 6010 tum
2996 5969 3061 6012 ex
3098 5949 3343 6030 plurimis
3386 5949 3777 6032 appendicibus
