4084 6344
531 308 605 371 43
1889 304 2346 368 TERTULLIANI
2384 310 2564 369 VITA.
3766 309 3840 371 ﬂ
3898 329 3904 335 '

535 423 603 493 Q.
627 422 841 481 Flavius
868 410 1158 491 Tertullus,
1201 434 1323 481 cum
1346 421 1409 481 Τ.
1440 420 1624 481 Flavio
1643 419 1918 481 Clemente
1937 422 2145 480 Consu-
2170 425 2223 486 A
2248 439 2345 481 cus
2370 427 2632 499 quispiam
2677 426 2877 500 objecit
2919 445 2931 483 :
2971 426 3055 483 Ita
3083 443 3113 483 (ι
3165 427 3305 500 Toga
3349 427 3417 483 ad
3442 425 3708 484 Pallium?
3744 421 3838 485 Cui

544 516 712 573 latum
769 518 933 590 gessit
963 534 1104 574 anno
1131 517 1315 574 Severi
1366 533 1443 575 ιιι.
1490 519 1672 576 Altera
1702 533 1832 577 vero
1858 519 2015 585 ratio,
2039 533 2144 591 qua

543 610 885 681 potissimum
916 611 1157 666 nituntur
1188 611 1282 677 illi,
1327 611 1469 683 quod
1497 611 1643 668 Juris
1687 612 1972 671 verborum
2011 612 2144 668 reti-

547 702 895 758 nentissimus
963 711 1123 774 atque
1161 704 1296 759 adeo
1350 703 1444 759 JC.
1493 704 1766 759 Romanus
1810 703 2011 768 fuerit,
2056 703 2144 760 vel

539 795 776 853 Eusebio
808 804 964 864 teste,
1008 806 1192 853 noster
1233 796 1782 871 TERTULLIANUS,
1836 813 1944 853 non
1975 796 2143 867 magis

538 890 850 959 convincit,
902 906 1063 962 quam
1112 892 1157 947 si
1201 890 1445 947 dicamus
1478 934 1493 960 ,
1544 892 1818 949 Cat-cilium
1862 892 2142 947 Oratorem

539 999 699 1055 quem
742 984 1033 1040 introducit
1068 1000 1248 1041 secum
1278 986 1671 1057 colloquentem
1718 988 1769 1041 in
1800 1002 1897 1041 suo
1920 986 2143 1042 Octavio

542 1074 799 1132 Minatius
825 1076 995 1145 Felix,
1022 1077 1271 1134 eumdem
1320 1093 1440 1134 esse
1468 1094 1588 1134 cum
1633 1079 1848 1134 Caecilio
1877 1074 2142 1152 Cypriane

538 1176 763 1239 nustro,
821 1173 962 1244 quod
1031 1183 1256 1245 uterque
1315 1173 1616 1229 Oratoriam
1667 1174 1986 1231 exercuerit.
2037 1178 2146 1229 Aut

541 1265 707 1337 (quod
729 1265 793 1320 ad
826 1264 1123 1321 institutum
1148 1265 1272 1320 facit
1304 1268 1500 1337 magis)
1547 1266 1590 1320 si
1621 1266 1938 1336 Septimium
1980 1264 2147 1321 Seve~

539 1374 661 1414 rum
693 1358 828 1430 Imp.
868 1361 1116 1416 eumdem
1144 1376 1266 1416 esse
1309 1360 1682 1417 existimemus
1732 1376 1854 1417 eum
1884 1352 2159 1428 Septimio.

543 1453 716 1508 altero
760 1452 959 1509 Severo
996 1495 1013 1522 ,
1068 1453 1208 1525 quod
1269 1464 1493 1525 uterque
1552 1454 1678 1509 Afer
1737 1462 1793 1510 ct
1846 1453 2144 1511 lllstoricns

540 1546 739 1612 fuerit,
773 1562 998 1618 quorum
1027 1548 1115 1604 ille
1143 1562 1318 1615 suam,
1354 1549 1440 1603 hic
1488 1547 1777 1603 Alexandri
1812 1546 1942 1618 lmp.
1978 1548 2142 1602 vitam

510 1641 882 1711 'conscripsit.
929 1645 1036 1697 Aut
1065 1641 1330 1711 denique,
1361 1641 1406 1696 si
1447 1641 1762 1712 Septimium
1797 1640 1944 1696 illum
1990 1640 2147 1710 cujus

542 1751 732 1791 versus
794 1746 987 1791 extant
1035 1718 1189 1803 apud
1220 1736 1479 1792 Criuitnm
1508 1738 1559 1791 in
1610 1736 1731 1793 Jani
1776 1737 2002 1805 laudes,
2056 1745 2149 1791 aut

2248 520 2392 576 inter
2415 531 2610 579 cratera
2637 522 2929 594 respondet
2962 541 2975 578 :
3013 522 3077 577 At
3119 538 3211 594 ego
3242 524 3355 593 jam
3380 524 3459 578 illi
3488 524 3640 579 etiam
3662 523 3843 580 divina:

2247 625 2396 677 secta:
2432 633 2494 671 ac
2523 616 2811 688 disciplina!
2848 617 3204 672 commercium
3234 616 3463 685 confero.
3515 615 3695 671 Gaude
3719 614 3843 672 Pal-

2249 704 2373 759 lium
2399 716 2446 760 et
2467 708 2665 774 exulta,
2695 708 2875 762 melior
2898 714 3003 776 iam
3034 718 3081 763 te
3115 707 3452 780 Philosophia
3487 708 3698 779 dignata
3735 718 3840 776 est,

2247 813 2311 852 ea:
2336 815 2435 869 quo
2459 798 2806 855 Christianum
2840 802 3019 857 vestire
3044 801 3235 871 coepisti
3266 787 3402 871 (Lib.
3437 801 3500 856 de
3535 799 3679 856 Pall.
3708 816 3757 856 c.
3786 802 3840 857 5.

2253 889 2394 945 Ibid.
2420 908 2467 946 ε.
2497 891 2551 948 6.
2597 892 2736 949 Ibid.
2762 911 2808 949 c.
2834 896 2935 966 5.).
2964 894 3165 953 Verum
3200 911 3315 951 non
3363 894 3583 965 perinde
3625 895 3846 965 intelligi

2247 994 2467 1056 potest,
2499 987 2623 1058 quid
2655 989 2752 1043 sibi
2799 989 2970 1045 velint
3012 989 3249 1060 ejusdem
3294 990 3437 1044 Libri
3486 989 3692 1045 verba:
3739 989 3846 1044 Sed

2247 1094 2428 1134 vanum
2446 1080 2561 1151 jam
2606 1072 2902 1153 antiquitas,
2931 1082 3136 1149 quando
3162 1082 3420 1138 curricula
3449 1091 3631 1147 nostra.
3649 1098 3843 1138 coram.

2255 1172 2515 1238 Quantum
2554 1175 2850 1245 reformavit
2898 1173 3034 1230 orbis
3082 1176 3326 1239 secutum
3373 1175 3549 1229 istud!
3582 1174 3845 1242 Quantum

2245 1265 2446 1319 urbium
2483 1273 2569 1319 aut
2614 1267 2857 1337 produxit
2899 1276 2987 1323 aut
3018 1270 3161 1322 auxit
3191 1276 3279 1321 aut
3321 1262 3544 1321 reddidit
3584 1269 3848 1338 prcesentis

2247 1355 2465 1429 Imperii
2496 1360 2683 1431 triplex
2722 1360 2901 1426 uirtus,
2947 1359 3055 1414 Deo
3103 1369 3173 1415 tot
3204 1360 3442 1430 Augustis
3476 1362 3528 1414 in
3576 1377 3732 1415 unum
3767 1364 3851 1432 [a-

2247 1455 2421 1509 ttente!
2445 1453 2578 1521 Quot
2598 1470 2777 1509 census
2799 1455 3090 1524 transcripti
3115 1455 3136 1509 !
3161 1455 3295 1523 Quot
3318 1455 3496 1525 papuli
3530 1455 3803 1525 repugnari
3828 1455 3849 1509 .'

2252 1543 2614 1611 Quotordines
2642 1546 2929 1599 illustrati!
2962 1545 3095 1611 Quot
3137 1544 3342 1600 barbari
3386 1546 3619 1600 exclusi!
3655 1545 3851 1601 Revera

2249 1639 2386 1692 orbis
2412 1639 2744 1693 cultissimum
2768 1640 2920 1709 hujus
2944 1638 3159 1710 Imperii
3183 1656 3270 1695 rus
3297 1649 3390 1704 est,
3429 1618 3688 1695 eradicalo
3714 1642 3852 1696 omni

2249 1732 2451 1787 aconita
2476 1732 2765 1787 hostilitatis
2807 1740 2853 1788 et
2890 1743 3032 1789 cacto
3076 1742 3123 1788 et
3162 1734 3290 1788 rubo
3321 1734 3550 1790 subdolae
3576 1736 3853 1803 {untiliari-

543 1828 798 1897 Quintnm
822 1829 1139 1900 Septimium
1168 1829 1469 1885 Romanum
1493 1870 1507 1895 ,
1537 1830 1627 1902 qui
1660 1830 1840 1902 Dyctis
1870 1830 2146 1887 Cretensis

2252 1825 2390 1890 tntis,
2420 1826 2669 1880 consitura
2706 1837 2751 1880 et
2794 1843 3045 1883 amomum
3082 1844 3234 1897 super
3263 1827 3463 1884 Alcinoi
3504 1841 3761 1900 pometutn
3809 1842 3854 1889 et

544 1922 776 1979 debello
805 1922 1037 1989 Trojano
1076 1921 1267 1976 Libros
1294 1936 1389 1976 sex
1430 1921 1650 1976 Latinos
1677 1922 1803 1978 fecit
1842 1921 2141 1978 confunda-

544 2031 666 2070 mns
704 2031 824 2069 cum
873 2028 1057 2093 nostro
1100 2012 1421 2070 SEPTIMIO
1463 2013 1974 2081 TERTULLIANO,
2004 2014 2146 2085 quod

544 2111 703 2167 ambo
731 2120 786 2165 et
814 2109 926 2165 Afri
973 2118 1026 2167 et
1055 2110 1235 2165 Poeta:
1264 2109 1481 2166 fuerint.
1512 2108 1592 2166 Ad
1640 2125 1866 2181 quorum
1905 2109 2148 2166 fortassis

542 2203 967 2269 distinctionem,
1018 2198 1227 2256 Auctor
1271 2210 1473 2263 noster,
1528 2200 1595 2269 Q.
1644 2200 1943 2258 SEPTIilII
1984 2201 2145 2257 FLO-

541 2295 793 2352 ΠΕΝΤιὸ
823 2293 1284 2351 TERTULLIANI
1317 2292 1939 2350 CARTHAGINIENSIS
1964 2296 2145 2366 appel-

542 2389 775 2444 lationes
798 2388 976 2444 Libris
1003 2388 1229 2459 prmfixit
1256 2386 1366 2442 suis
1414 2386 1494 2458 (I)
1514 2428 1529 2453 ,
1559 2403 1667 2443 non
1697 2395 1980 2443 contentus
2010 2388 2145 2444 dua-

543 2482 647 2538 bus
676 2482 783 2538 illis
809 2481 1101 2538 SEPTlMll
1141 2470 1630 2546 TERTULLIANI,
1688 2480 2145 2552 quemadmodum

545 2577 737 2650 reliqui
766 2584 888 2647 post
915 2590 1037 2632 eum
1068 2574 1361 2644 scriptores
1381 2572 1515 2640 Afri,
1549 2572 1803 2629 Minatius
1827 2571 2001 2641 Felix,
2028 2574 2146 2629 Cte-

548 2671 705 2726 cilius
729 2670 1050 2742 Cyprianus,
1084 2666 1394 2723 Lactantius
1422 2666 1759 2733 Firmianus,
1792 2665 1990 2724 Marius
2021 2665 2149 2723 Vic-

544 2764 775 2827 torinus,
805 2772 859 2817 et
881 2761 1129 2817 Aurelius
1155 2760 1502 2843 Augustinus.

621 2855 650 2928 §
689 2854 751 2908 ll.
782 2853 861 2908 De
901 2863 1127 2927 tempore
1150 2870 1246 2925 quo
1263 2853 1330 2906 ad
1346 2854 1500 2923 [idem
1512 2868 1781 2911 conuersus
1806 2860 1877 2911 est
1898 2851 2150 2908 Tauru-

550 2965 743 3005 uasns
765 2959 955 3004 noster.
987 2978 1056 2990 —
1088 2951 1139 3005 5.
1166 2946 1335 3004 Porro
1374 2946 1539 3021 (quod
1569 2948 1636 3005 ad
1666 2949 1891 3005 alteram
1917 2949 2150 3019 pertinet

549 3041 1003 3113 controversiam)
1053 3040 1121 3098 de
1152 3051 1395 3114 tempore
1423 3056 1530 3113 quo
1560 3041 1624 3099 ad
1657 3042 1817 3098 fidem
1856 3056 2151 3100 conversus

550 3145 631 3191 est
656 3133 1186 3193 TERTULLIANUS
1217 3144 1425 3203 noster,
1477 3134 1650 3206 major
1694 3135 1863 3190 multo
1900 3149 1960 3192 se
2002 3135 2146 3195 difﬁ-

2253 1918 2414 1975 Mida:
2429 1928 2667 1975 roselutn.
2694 1919 2750 1976 ld
2774 1920 2989 1991 quidem
3010 1920 3318 1987 Rhenanus,
3345 1921 3851 1994 Magdeburgenses,

2251 2014 2448 2083 aliique
2464 2027 2586 2067 eum
2608 2015 2774 2069 secuti
2802 2013 2871 2069 ita
2895 2015 3345 2085 interpretantur;
3370 2024 3549 2086 asper
3571 2014 3853 2086 Triplicem

2252 2101 2469 2175 Imperii
2496 2106 2753 2172 virtutem,
2786 2105 3089 2178 intelligant
3126 2106 3385 2162 Severum
3434 2109 3733 2179 Augustum
3756 2151 3771 2176 ,
3801 2119 3855 2167 et

2253 2196 2608 2255 Pescennium
2628 2191 2877 2269 Nigrum,
2909 2215 2971 2256 ac
2994 2199 3277 2257 Claudium
3308 2200 3555 2257 Albinum
3587 2202 3850 2272 Caesares,

2251 2304 2481 2361 quorum
2533 2290 2609 2345 illi
2655 2290 2725 2346 ab
2753 2290 3076 2348 exercitibus
3104 2292 3156 2347 in
3187 2292 3478 2351 Pannoniis
3517 2303 3572 2348 et
3607 2293 3853 2361 Oriente,

2251 2378 2341 2436 hic
2372 2382 2424 2436 in
2456 2380 2627 2438 Gallia
2651 2380 2835 2439 Cmsar
2879 2382 3055 2440 dictus
3089 2394 3192 2441 est.
3225 2384 3333 2442 Sed
3362 2386 3479 2456 ipse
3505 2386 3605 2442 sibi
3633 2397 3853 2444 eontra-

2251 2473 2383 2530 dicit
2410 2473 2739 2542 Rhenanus,
2776 2492 2942 2548 quum
2996 2476 3191 2549 fatetur
3221 2478 3388 2534 invito
3418 2478 3619 2535 Severo
3644 2479 3693 2536 id
3740 2478 3853 2535 fac.

2254 2573 2364 2623 tum
2397 2566 2463 2623 de
2491 2567 2813 2635 Pescennio,
2865 2577 2919 2625 et
2955 2578 3240 2642 utrumque
3264 2572 3333 2627 ab
3363 2572 3456 2627 illo
3484 2572 3686 2628 hostem
3703 2572 3849 2643 judi-

2252 2671 2455 2728 catum,
2485 2671 2539 2717 et
2566 2676 2598 2717 e
2623 2663 2758 2718 vivis
2779 2663 3046 2743 sublatum
3089 2674 3297 2734 postea.
3327 2664 3445 2721 Non
3474 2666 3667 2736 poterit
3694 2667 3855 2737 igitur

2254 2754 2309 2811 in
2333 2761 2476 2809 tanta
2502 2755 2662 2809 trinm
2686 2755 2955 2810 Caesarum
2978 2755 3250 2813 simultate
3277 2758 3671 2815 accommodari
3694 2758 3852 2817 illud:

2253 2842 2364 2900 Deo
2398 2854 2470 2900 tot
2493 2846 2736 2918 Augustis
2763 2847 2819 2902 in
2860 2864 3015 2902 unum
3042 2852 3257 2921 fatente,
3293 2852 3463 2907 multo
3512 2868 3641 2908 vero
3681 2853 3857 2909 minus

2256 2938 2389 2996 illud
2421 2957 2433 2993 :
2462 2941 2722 2997 eradicato
2751 2942 2890 2996 onmi
2935 2944 3135 2999 aconita
3175 2944 3489 3002 hostilitatis.
3538 2945 3652 3003 imo
3691 2963 3856 3020 quum

2252 3030 2343 3089 illa
2369 3032 2528 3088 trium
2556 3031 2828 3090 Cassarum
2859 3035 3022 3089 variis
3040 3035 3101 3109 in
3130 3037 3428 3095 Provinciis
3453 3039 3689 3098 deiectio
3728 3056 3859 3099 eon-

2256 3125 2434 3196 tigerit
2455 3126 2635 3181 statim
2667 3126 2823 3183 initio
2856 3128 3066 3199 Imperii
3097 3129 3303 3199 Severi,
3329 3134 3550 3191 minime
3567 3138 3859 3194 convenire

550 3228 720 3282 cultas
764 3226 942 3284 offert.
998 3225 1269 3297 Quosdam
1323 3228 1413 3299 qui
1463 3228 1720 3284 claruisse
1769 3235 1959 3300 putant
2004 3228 2148 3285 circa

2255 3228 2430 3287 potest
2445 3233 2568 3275 cum
2591 3219 2773 3275 verbis
2787 3220 3139 3292 sequentibus
3162 3241 3174 3277 :
3211 3224 3347 3292 Quot
3372 3241 3553 3282 census
3579 3230 3861 3297 transcrip-

549 3334 749 3373 aunum
774 3319 971 3374 Christi
1000 3319 1108 3372 nati
1135 3334 1256 3374 cnx.
1284 3308 1475 3375 fefellit
1504 3319 1630 3374 illud
1655 3319 1903 3376 Auctoris
1933 3320 2049 3377 Lib.
2080 3320 2151 3377 de

550 3409 911 3482 Monogamia,
945 3410 1095 3465 annis
1146 3411 1345 3465 circiter
1373 3426 1493 3467 CLX.
1524 3411 1708 3466 exinde
1755 3411 2015 3483 productis
2065 3412 2151 3484 (de

550 3503 762 3575 Monog.
798 3502 938 3575 lll.);
967 3518 1150 3559 verum
1180 3503 1254 3558 illi
1286 3502 1556 3574 quomodo
1582 3504 1926 3575 computandi
1970 3504 2080 3561 sint
2118 3518 2149 3560 a

548 3614 710 3670 pa~so
757 3599 1011 3668 Christo,
1052 3613 1122 3655 an
1180 3599 1359 3671 potius
1396 3600 1465 3655 ab
1508 3608 1669 3656 aetate
1711 3615 1814 3671 qua
1862 3600 2151 3671 Apostolus

550 3692 747 3749 Paulus
803 3694 1095 3764 Epistolam
1152 3692 1368 3765 scripsit
1405 3693 1471 3750 ad
1518 3692 1824 3749 Corinthios
1878 3695 2147 3764 primam,

550 3787 688 3844 infra
717 3789 872 3844 latius
909 3787 977 3843 ad
1028 3803 1226 3843 annum
1274 3786 1483 3843 Domini
1522 3802 1721 3843 ccxnu.
1765 3786 1931 3843 Multo
1970 3788 2150 3859 itaque

550 3884 751 3939 rectius
780 3876 1064 3949 Eusebius,
1084 3881 1220 3938 Ven.
1240 3880 1403 3948 Beda,
1432 3880 1762 3951 Freculphus
1780 3880 2149 3948 Lexoviensis,

551 3976 811 4031 Martinus
840 3975 1094 4042 Polonus,
1133 3975 1413 4032 Conradus
1455 3990 1486 4031 a
1528 3973 1843 4031 Liehtenaw
1872 3976 2007 4032 Abh.
2053 3976 2153 4033 Ur-

550 4069 879 4140 Spergensis,
908 4068 1219 4125 Vincentius
1242 4069 1658 4134 Bellovacensis,
1686 4068 1985 4125 llermanus
2011 4069 2153 4125 Con-

552 4170 790 4228 tractus,
843 4169 899 4216 et
948 4159 1279 4216 Trithemius
1311 4202 1326 4229 ,
1377 4161 1521 4216 circa
1562 4176 1758 4217 annuat
1807 4161 1924 4233 plus
1974 4162 2153 4218 minus

554 4252 753 4310 Christi
781 4252 887 4307 nati
910 4266 994 4309 cc.
1026 4251 1573 4310 TERTULLIANUM
1602 4252 1858 4309 claruisse
1886 4254 2149 4310 scribunt.

554 4345 715 4417 Atqui
755 4344 822 4401 de
859 4360 1025 4412 anno,
1070 4360 1178 4417 quo
1224 4344 1438 4401 Christo
1487 4361 1680 4402 nomen
1728 4344 1961 4415 dederit,
1991 4346 2189 4406 silent'

554 4452 743 4494 omnes
772 4446 967 4509 praeter
1008 4438 1182 4510 ipsum
1229 4435 1790 4507 TERTULLIANUM,
1834 4438 1930 4496 scd
1976 4441 2153 4498 verbis

552 4530 714 4600 longe
757 4529 1172 4587 obscurissimis.
1221 4527 1353 4584 illud
1392 4530 1613 4603 quidem
1667 4531 2005 4604 perspicuum
2045 4543 2149 4603 est,

554 4624 733 4681 statim
763 4638 792 4679 a
818 4624 1085 4696 baptismo
1110 4624 1473 4697 conscriptum
1499 4626 1566 4683 ab
1596 4638 1663 4682 eo
1694 4625 1911 4698 Librum
1937 4627 2004 4684 de
2028 4628 2150 4685 Pal-

548 4716 643 4780 lio,
695 4730 757 4772 ea
793 4730 986 4786 nempe
1036 4715 1357 4781 occasione,
1406 4717 1548 4787 quod
1578 4757 1594 4784 ,
1644 4733 1809 4790 quum
1861 4734 1957 4790 pro
2001 4736 2151 4779 more

553 4808 861 4868 Christiano
886 4807 1034 4882 Toga
1078 4808 1302 4866 dimissa
1331 4809 1560 4867 Pallium
1587 4810 1805 4889 indutus
1825 4822 1987 4881 esset,
2012 4815 2150 4871 ami-

616 4946 692 5010 (t)
723 4944 1162 5013 Sic'prseterlibros
1175 4949 1449 5013 mstns.jam
1462 4947 1963 5013 AngelusPolitianus
1985 4963 2149 5006 aucto-

550 5021 659 5059 rem
678 5016 894 5060 nostrum
913 5011 1125 5073 signavit
1139 5010 1482 5080 lib.__tt'._ép_ist.
1506 5010 1640 5080 Vide
1658 5014 1957 5080 Nominibus.
1978 5018 2060 5068 Sic
2078 5020 2147 5080 ip-

552 5082 716 5149 seme't
740 5081 909 5121 auctor
926 5070 1182 5149 admonete
1200 5070 1480 5149 Virginibus
1500 5075 1731 5137 colendis,
1752 5092 1793 5149 c_.
1814 5079 2008 5149 ultimo:
2031 5070 2147 5132 mea

553 5147 667 5207 cum
686 5133 808 5183 bona
824 5147 942 5207 pace
965 5134 1227 5207 legentibus
1238 5133 1495 5207 utilitatem
1511 5133 1844 5207 qmwuetudini
1863 5155 2150 5206 prtepanen-

551 5194 679 5265 tibus
683 5210 813 5265 .1194:
825 5194 874 5265 et
889 5194 1053 5265 grtgt'a
1064 5213 1093 5265 ιι
1106 5197 1312 5265 _D_omino
1332 5207 1492 5265 nostro
1511 5203 1635 5252 Jesu
1652 5194 2020 5265 redunde't,cu'm
2045 5208 2148 5257 SE-

551 5259 645 5332 Pff'
656 5260 761 5332 (Ml
774 5260 824 5332 O_
837 5259 1005 5332 rear
1013 5262 1164 5332 ρἰειΙ
1167 5263 1209 5332 A_
1216 5265 1260 5312 Ν
1266 5265 1304 5313 0
1323 5261 1561 5332 cujushoc
1580 5264 1859 5329 epttsculum
1874 5259 1955 5332 est.
1972 5268 2154 5332 Similis

554 5320 683 5391 e_s_t_c_l
690 5322 1050 5391 misulatibride
1071 5322 1337 5391 Raptis-mp:
1350 5320 1553 5391 Turnum
1563 5320 1648 5391 or'o
1658 5335 1709 5379 ut
1722 5342 1830 5380 cum
1843 5328 1999 5391 petitis
2007 5329 2152 5383 etiam

558 5383 1025 5457 TIIER_I‘_U_LI_.IA.YI
1052 5383 1316 5457 pegcatoris
1346 5386 1678 5457 rnteirtineritis.
1706 5383 1890 5457 Similis
1915 5405 1991 5457 est
2015 5393 2148 5457 clau-

522 5500 523 5503 η
552 5443 657 5515 sula
685 5443 1231 5515 Intri‘decrhm’tqtiqne
1251 5447 1498 5515 castitatis,
1520 5454 1757 5515 Memento
1780 5453 1829 5505 in
1854 5443 2147 5512 orationibus

552 5509 648 5573 uas
702 5509 1169 5573 TERJ'ULLIANI
1208 5510 1526 5565 exltorlmttis.
1551 5514 1623 5565 Ita
1648 5516 1763 5567 edit.
1784 5518 1938 5569 Paris.
1961 5509 2141 5573 Frank.

548 5569 796 5644 Yenetau.
822 5570 1066 5644 Rigaltius
1086 5581 1250 5644 autem
1289 5574 1460 5644 ultima
1496 5577 1602 5628 hmo
1624 5580 1777 5630 verba
1813 5583 2007 5643 omisit;
2034 5569 2146 5637 hinc

550 5634 732 5704 anatis
753 5648 898 5704 manu
926 5634 1073 5685 fuisse
1096 5636 1301 5704 adjerta,
1327 5638 1458 5704 nullo
1476 5648 1646 5704 tamen
1662 5645 1855 5694 favente
1881 5634 2022 5704 tnstd,
2042 5634 2145 5700 tum

547 5696 966 5770 _S.alom.ﬂSnetnler,
986 5706 1088 5770 tum
1106 5696 1168 5770 ,Εἰ
1273 5700 1487 5770 Leopold
1510 5706 1767 5770 visumest
1792 5722 1990 5770 prorsus
2011 5696 2147 5762 indu;

546 5760 700 5809 bium.
727 5760 797 5811 Ct‘.
820 5760 1048 5827 Lumper.
1069 5761 1183 5816 bist.
1208 5763 1361 5818 theol.
1378 5760 1490 5819 erit.
1515 5766 1604 5822 SS.
1624 5769 1724 5822 PP.
1744 5760 1862 5836 pars
1884 5779 1952 5825 Vt.
1973 5785 2079 5840 cap.
2096 5760 2145 5830 ἶ.

550 5830 644 5874 art.
666 5823 711 5875 1.
736 5829 835 5876 not.
864 5822 915 5875 1).
1773 5833 1899 5891 Eon.

550 5836 644 5874 art.
666 5836 711 5875 1.
736 5836 835 5876 ιιοι.
864 5836 915 5875 ι).
1773 5836 1899 5890 Enn.

2256 3312 2295 3366 ti
2308 3311 2330 3365 .’
2380 3321 2486 3369 etc.
2534 3324 2657 3385 quot
2701 3314 2904 3370 barbari
2954 3317 3187 3373 exclusi!
3236 3317 3479 3387 Quorum
3524 3332 3857 3391 postremum

2253 3402 2514 3476 majorem
2569 3406 2886 3478 scrupulum
2927 3407 3116 3478 injicit,
3164 3410 3306 3482 quod
3335 3410 3460 3468 inde
3487 3423 3724 3481 constat.
3758 3431 3859 3473 non

2255 3496 2357 3553 nisi
2392 3505 2512 3563 post
2535 3498 2771 3554 exclusos
2800 3498 3040 3556 barbaros
3069 3501 3210 3557 hunc
3239 3502 3434 3562 librum
3465 3506 3856 3577 conscriptum,

2257 3587 2310 3644 id
2341 3598 2444 3655 est,
2471 3598 2592 3660 post
2608 3589 2849 3647 devictos
2880 3592 3108 3662 Arabas,
3156 3594 3385 3653 Parthos
3434 3606 3488 3653 et
3526 3599 3858 3663 Adiabenos.

2254 3680 2403 3750 Quod
2421 3681 2617 3755 itaque,
2640 3683 2693 3739 in
2717 3686 3044 3757 Argumenta
3067 3696 3121 3742 et
3142 3689 3597 3749 Annotationibns
3627 3697 3856 3766 nostris,

2255 3774 2321 3829 ad
2350 3789 2546 3831 annum
2595 3773 2707 3834 lere
2746 3780 2990 3851 quintum
3031 3781 3311 3840 retulimus
3358 3784 3574 3857 Imperii
3622 3787 3817 3847 Severi
3844 3832 3860 3861 ,

2256 3869 2322 3925 ad
2349 3868 2547 3927 annum
2596 3871 2811 3929 tertium
2860 3876 3041 3946 potius
3089 3878 3349 3949 applicari
3390 3890 3643 3951 oportere
3672 3894 3859 3953 postea

2256 3959 2738 4034 deprehendimus,
2755 3981 2917 4038 quum
2935 3983 3078 4024 anno
3099 3980 3289 4041 quarto
3321 3987 3353 4028 a
3378 3971 3580 4029 Severo
3620 3974 3859 4034 deiicere

2256 4053 2483 4109 Albinus
2508 4057 2753 4127 coeperit,
2787 4068 2841 4115 et
2870 4075 3013 4117 anno
3054 4062 3266 4132 quinto'
3288 4064 3601 4123 interfectus
3626 4070 3718 4125 sit.
3750 4069 3857 4125 Ita-

2202 4165 2215 4239 δ’
2257 4159 2362 4216 que
2389 4145 2783 4218 Imperantihns
2811 4159 2938 4209 tunc
2968 4169 3071 4209 una
3101 4155 3304 4212 Severo
3329 4159 3590 4230 Angusto.
3623 4161 3857 4218 Antoni-

2256 4252 2328 4296 no
2364 4238 2481 4309 ejus
2519 4239 2651 4309 lilio,
2680 4251 2733 4299 et
2758 4243 2903 4301 dicto
2944 4245 3160 4314 Albino,
3207 4261 3397 4320 pacato
3438 4251 3549 4323 jam
3587 4253 3853 4326 Imperio,

2256 4342 2441 4405 utpote
2470 4334 2694 4393 devictis
2712 4337 2820 4410 jam
2851 4354 2914 4395 ac
2943 4342 3157 4407 occisis,
3186 4351 3238 4399 et
3265 4343 3497 4413 Iuliano,
3527 4349 3618 4420 qui
3675 4350 3857 4409 occiso

2256 4424 2534 4484 Pertinace
2559 4429 2684 4485 illud
2714 4430 3001 4501 invaserat,
3024 4443 3078 4491 et
3099 4435 3393 4494 Pescennio
3412 4438 3596 4511 Nigro.

2330 4521 2387 4575 4.
2429 4522 2496 4578 Et
2530 4538 2659 4579 vero
2700 4524 2768 4581 de
2807 4526 3003 4585 Albino
3020 4527 3497 4602 Imperiiconsorte
3512 4537 3860 4595 consentiunt

2257 4628 2466 4671 omnes.
2500 4616 2631 4672 Nam
2670 4616 2820 4688 juxta
2866 4619 3056 4678 Fastos
3100 4621 3445 4694 Consulares,
3495 4629 3680 4684 statim
3741 4639 3861 4700 post

2255 4715 2506 4778 acceptos
2538 4723 2729 4766 omnes
2758 4710 3194 4782 lmperiititulos,
3223 4717 3282 4772 Ι).
3301 4718 3644 4777 CLAUDIUS
3671 4720 3861 4777 ALBI-

2255 4799 2389 4857 NUS
2417 4801 2506 4857 AB
2537 4801 2670 4858 IMP.
2704 4803 2877 4861 CASS.
2908 4805 2970 4861 L.
3011 4806 3328 4868 δεῖνιιιιιο
3373 4813 3647 4872 SEVERO
3689 4816 3857 4874 AUG.

2257 4893 2510 4953 CAESAR
2566 4897 3021 4958 APPELLATUS
3067 4902 3198 4960 EST
3246 4923 3261 4961 :
3312 4916 3366 4963 et
3415 4923 3557 4964 anno
3608 4910 3860 4981 sequenti

2253 4986 2604 5043 Consulatum
2633 4990 2751 5046 iniit
2775 4991 3006 5050 Severus
3033 5010 3154 5052 cum
3199 4997 3427 5064 Albino,
3461 5001 3551 5073 qui
3576 5001 3690 5073 jam
3735 5003 3860 5059 inde

2255 5081 2414 5138 etiam
2439 5081 2801 5141 SEPTIMIUS
2820 5085 2996 5144 dictus
3018 5098 3119 5155 est,
3140 5102 3396 5162 quantum
3423 5106 3664 5165 apparet,
3686 5097 3739 5152 in
3763 5095 3862 5153 Se-

2255 5172 2368 5229 veri
2388 5175 2632 5245 gratiam.
2656 5175 2756 5244 Qui
2779 5192 2843 5234 eo
2864 5181 3025 5236 etiam
3049 5181 3254 5241 honore
3272 5184 3419 5242 illum
3437 5196 3756 5257 prosecutus
3778 5197 3862 5245 est

2256 5275 2315 5322 ut
2334 5283 2582 5337 nummos
2594 5269 2709 5340 ejus
2730 5270 2959 5344 imagine
2974 5273 3133 5348 (teste
3154 5276 3460 5349 Spartiano)
3479 5281 3721 5352 insigniri
3743 5284 3861 5351 jus-

2254 5360 2501 5433 serit,qui
2518 5362 2810 5420 etiamnum
2834 5366 2913 5438 (l)
2934 5378 3115 5425 extant
3143 5385 3269 5443 cum
3291 5371 3731 5443 inscriptionibus
3749 5383 3857 5430 tam

2253 5454 2455 5510 tirzecis
2471 5471 2628 5528 quam
2648 5456 2853 5515 Latinis
2869 5460 3006 5530 apud
3027 5460 3332 5520 Generosos
3350 5466 3603 5522 Dominos
3618 5467 3859 5523 Marcum

2232 5555 2304 5602 et
2323 5545 2623 5606 Guidonem
2644 5549 2906 5627 Laurinos
2921 5552 3217 5611 Watrelleti
3235 5555 3566 5629 Tuparchas,
3588 5574 3712 5615 cum
3738 5559 3860 5615 aliis

2251 5638 2636 5711 compluribus,
2669 5659 2894 5715 quorum
2925 5644 3060 5701 infra
3090 5647 3181 5704 liet
3209 5651 3432 5708 mentio.
3464 5651 3510 5709 Ε
3538 5652 3733 5725 quibus
3762 5668 3859 5723 pro

2315 5775 2387 5841 (t)
2407 5776 2970 5852 .Scilie‘ebcircanannum
2996 5783 3134 5852 1579,
3154 5798 3252 5852 quo
3288 5788 3500 5851 primum
3531 5788 3663 5845 edita
3698 5785 3796 5840 fuit
3828 5798 3864 5841 ι

2252 5838 2474 5896 Patnelio
2496 5840 2605 5901 Vita
2627 5842 2735 5897 haec
2752 5842 3059 5898 Tertulliani.
