4084 6344
323 320 403 379 43
820 316 825 319 ῆ
854 366 857 367 ν
1682 319 1925 380 TERTUI

2032 319 2140 378 ANI
2178 322 2333 382 VITA
2346 364 2359 379 .
3570 338 3639 397 46

262 490 265 493 ν
325 450 519 497 nostra
551 419 810 498 sententia
853 440 1047 497 iaciunt
1077 485 1091 509 ,
1131 441 1241 511 jam
1270 448 1391 513 post
1435 441 1671 497 occisum
1704 439 1923 511 Nigrum
1960 440 2011 500 Α
2038 448 2273 496 nostram
2302 443 2745 515 auspicabimura
2777 447 2950 520 primo
2970 450 3154 509 Severi
3177 467 3318 511 anno
3344 495 3358 523 ,
3387 462 3441 512 et
3468 453 3635 512 TER—

316 533 589 604 publicati
656 533 949 591 istileP.
1009 532 1183 590 cras.
1248 535 1308 589 ι).
1378 533 1675 591 omnem
1730 533 1926 590 supr.

322 627 488 683 ALB.
534 628 678 682 COS.
717 626 781 681 II.
818 626 1093 683 MONETA
1126 626 1286 684 AUG.
1322 625 1420 683 CS.
1448 627 1619 683 VICT.
1655 626 1813 683 AUC.
1843 636 1935 683 aut

319 719 1105 793 MINERI’E,PACIFI£RIE
1181 719 1472 791 SACCULO
1534 719 1931 785 FOECUNDO;

321 824 421 869 aut
471 813 704 885 denique
754 831 767 867 :
818 812 1213 879 FELICITAS;
1265 830 1382 884 qua:
1431 814 1609 869 omnia
1663 813 1934 884 pertinere

318 905 583 962 Videntur
607 906 674 960 ad
704 904 855 971 illud,
883 905 1140 962 eradicato
1170 906 1308 960 omni
1337 906 1537 961 aconito
1566 904 1880 959 hostilitatis.

401 1000 459 1055 5.
521 1000 594 1055 De
646 999 916 1054 Antonino
981 1010 1157 1054 autem
1193 998 1375 1054 Severi
1415 999 1524 1053 ﬁlio
1549 1041 1562 1064 ,
1593 997 1736 1071 quod
1768 998 1931 1053 etiam

312 1091 435 1162 jam
466 1090 590 1145 inde
637 1088 865 1146 Castris
902 1090 1053 1144 titulo
1099 1090 1379 1160 insignitus
1426 1090 1601 1155 fuerit,
1652 1089 1759 1144 duo
1808 1096 1935 1145 sunt

319 1200 449 1256 qum
481 1184 845 1252 conjecturam
878 1186 1201 1238 conlirmant
1241 1194 1499 1251 nostram,
1531 1192 1638 1238 tum
1669 1183 1750 1237 lex
1780 1183 1831 1238 I.
1865 1181 1932 1239 de

314 1279 631 1335 inolﬁeioso
662 1278 1008 1334 Testamento
1038 1277 1171 1333 Cod.
1201 1279 1240 1333 I.
1272 1279 1326 1335 5.
1353 1295 1508 1350 quam
1539 1279 1930 1350 rescripserunt

314 1371 565 1427 Severus
604 1381 659 1427 et
694 1371 993 1426 Antonian
1043 1370 1160 1425 Kal.
1193 1370 1347 1426 Juliis
1397 1370 1629 1427 Falcone
1672 1378 1726 1427 et
1768 1371 1929 1427 Claro

314 1463 486 1520 Cass.
520 1479 746 1534 quorum
775 1463 1098 1520 Consulatus
1132 1464 1316 1519 incidit
1351 1467 1400 1519 in
1438 1465 1484 1519 I.
1516 1480 1714 1519 annum
1759 1460 1927 1519 Seve-

313 1558 401 1623 ri;
435 1566 550 1612 tum
587 1556 701 1611 lnee
729 1557 1063 1611 numismatis
1095 1556 1373 1626 inscriptio
1406 1574 1417 1609 :
1448 1555 1633 1623 IMPP.
1675 1555 1927 1612 INVICTI

314 1647 410 1703 PII
458 1646 672 1704 AUCG.
720 1655 864 1718 (cum
912 1647 1095 1702 Severi
1140 1648 1313 1719 efﬁgie
1359 1659 1410 1701 et
1456 1649 1708 1703 Antonini
1754 1647 1927 1704 adhuc

310 1743 478 1813 pueri
530 1741 824 1811 imberbis)
861 1739 1177 1797 VICTORIA
1236 1741 1581 1797 PARTIIICA
1631 1741 1922 1797 MAXIMA.

2040 533 2361 592 TULLIANI
2420 538 2529 610 jam
2585 540 2876 603 Christiani
2926 543 2994 599 ab
3044 559 3187 602 anno
3236 546 3383 604 illius
3429 549 3624 618 tertio,

2038 625 2328 683 dummodo
2351 632 2593 700 qumdam
2621 635 3041 704 praemiserimus
3066 637 3134 694 de
3154 637 3273 709 ejus
3314 642 3631 710 appellatio-

2038 721 2193 775 nibus
2244 722 2308 791 Q.
2368 723 2660 782 SEPTIMII
2724 726 3106 786 FLORENTIS
3171 730 3633 790 TERTULLIANI

2037 814 2671 887 CARTIIAGINIENSIS,
2701 830 2755 877 et
2781 824 3003 894 proinde
3040 824 3107 881 de
3142 824 3310 897 ipsius
3337 835 3515 899 gente,
3548 826 3631 882 fa-

2036 910 2202 977 milia,
2245 913 2430 983 stirpe,
2460 915 2791 984 parentibus,
2833 906 3025 988 patria,
3054 918 3408 991 institutione,
3440 921 3632 978 studiis

2036 1010 2091 1059 et
2118 1005 2332 1075 scriptis
2378 1005 2777 1079 adolescentiae,
2826 1010 2955 1067 vitae
2984 1019 3147 1081 statu,
3180 1020 3233 1068 et
3258 1021 3435 1084 aetate,
3462 1029 3628 1085 quum

2038 1094 2269 1152 Severus
2290 1096 2578 1169 Imperium
2605 1102 2739 1173 iniit.

2108 1188 2239 1261 §llI.
2276 1188 2351 1245 De
2369 1192 2479 1262 ejus
2501 1194 2830 1263 prtenomine,
2846 1196 3067 1266 nomine,
3087 1199 3378 1271 cognomine
3402 1208 3448 1254 et
3468 1216 3629 1273 agno-

2037 1281 2189 1337 mine.
2222 1311 2289 1321 —
2320 1283 2372 1337 6.
2400 1283 2569 1339 Porro
2594 1285 2657 1355 Q.
2684 1286 2848 1360 (quod
2874 1290 3082 1346 auctori
3114 1298 3300 1346 nostro
3329 1291 3631 1349 tribuerunt

2029 1374 2140 1445 jam
2162 1375 2288 1432 olim
2323 1376 2636 1434 Vincentius
2666 1379 3078 1449 Bellovacensis,
3107 1381 3456 1452 Tritbemius,
3490 1384 3633 1441 Poli-

2033 1469 2229 1537 tianus,
2263 1478 2315 1526 et
2361 1470 2467 1528 MS.
2501 1471 2653 1543 cod.)
2687 1473 3001 1532 Prmnomen
3044 1490 3187 1545 esse,
3230 1487 3427 1533 norunt
3471 1478 3630 1533 Anti-

2033 1560 2204 1631 quarii
2237 1578 2447 1632 omnes,
2474 1563 2723 1623 fortassis
2749 1567 2891 1638 quod
2920 1568 3107 1635 quinto
3132 1568 3251 1627 loco
3277 1579 3434 1627 natus
3463 1581 3628 1638 esset,

2034 1661 2218 1724 utpote
2239 1670 2403 1726 quum
2428 1656 2762 1713 l’rcenomina
2796 1669 2888 1717 aut
2914 1661 2982 1718 ab
3008 1671 3223 1731 eventu,
3261 1671 3355 1721 aut
3384 1664 3452 1720 ab
3494 1665 3630 1734 avis,

2034 1747 2268 1817 proavis,
2298 1764 2393 1805 seu
2436 1750 2606 1806 atavis
2637 1750 2747 1807 fere
2786 1754 3026 1825 usurpari
3060 1769 3088 1810 a
3117 1754 3374 1812 Romanis
3423 1757 3632 1815 soleant

316 1837 455 1903 Qua:
486 1834 626 1890 adeo
654 1833 839 1890 referri
868 1845 1043 1905 potest
1069 1835 1132 1889 ad
1167 1833 1290 1889 illud
1324 1853 1334 1887 :
1368 1846 1487 1906 quot
1521 1835 1722 1889 barbari
1749 1842 1924 1890 exclu-
1958 1843 2006 1905 Β
2037 1839 2111 1910 (in
2140 1855 2367 1910 quorum
2414 1842 2588 1897 locum
2620 1842 2780 1900 hodie
2805 1856 3178 1902 successerunt
3210 1847 3632 1919 propria‘cujus-

318 1931 408 1986 si!
450 1931 594 1984 sicut
644 1938 698 1983 et
748 1929 845 1983 ista
895 1928 1001 1983 :L.
1045 1928 1236 1983 SILPT.
1290 1927 1443 1983 SEV.
1502 1927 1703 1983 I’ERT.
1759 1928 1921 1985 AUG.

318 2023 456 2078 IMP.
506 2021 567 2078 II.
601 2021 805 2077 ARAR.
860 2020 1017 2076 PAR.
1068 2020 1294 2077 ADHB.
1344 2020 1493 2076 COS.
1552 2020 1612 2076 II.
1666 2021 1768 2077 I‘P.
1822 2021 1920 2078 SC.

325 2114 557 2170 Maxime
605 2113 975 2168 consentiente
1015 2112 1307 2183 Spartiano
1349 2096 1410 2167 in
1458 2113 1571 2169 haec
1602 2114 1762 2170 verba
1807 2125 1926 2185 post

336 2206 472 2278 Nigri
514 2208 717 2262 caulem
764 2225 776 2261 :
818 2206 1011 2260 Deinde
1050 2208 1185 2260 circa
1238 2206 1478 2261 Arabiam
1524 2208 1673 2279 plura
1735 2209 1920 2279 gessit,

332 2298 537 2353 Parthis
568 2300 721 2354 etiam
750 2300 800 2353 in
831 2298 1135 2354 deditionem
1174 2299 1393 2353 reductis
1414 2342 1426 2365 ,
1461 2316 1652 2354 necnon
1681 2309 1724 2355 ct
1767 2300 1924 2354 Adin-

322 2390 484 2456 benis,
529 2393 616 2461 qui
645 2408 816 2446 omnes
864 2407 979 2444 cum
1027 2389 1308 2445 Pescennio
1354 2402 1632 2447 senserant.
1669 2394 1830 2465 Atque
1865 2394 1925 2447 ob

314 2486 419 2557 [ioc
440 2500 689 2551 reversus,
721 2485 987 2551 Arabicus,
1020 2485 1314 2552 Parthicus,
1341 2485 1700 2549 Atlinbenicns,
1747 2486 1925 2556 appel-

320 2579 465 2633 latus
497 2588 588 2645 est,
617 2577 701 2633 sed
726 2579 1041 2648 triumphum
1068 2579 1279 2649 respuit,
1315 2596 1376 2632 ne
1416 2579 1670 2633 rideretur
1704 2578 1766 2632 de
1790 2579 1927 2633 civili

331 2671 649 2741 triumphare
673 2673 896 2727 victoria.
928 2670 1151 2742 Insuper
1191 2681 1245 2727 et
1286 2672 1516 2728 EuSebio
1565 2673 1707 2745 (seu
1751 2674 1927 2743 potius

326 2762 401 2823 B.
425 2756 862 2835 Ilieronymo,qui
895 2766 1055 2819 multa
1077 2765 1141 2819 ad
1174 2764 1390 2820 Latinos
1423 2765 1737 2835 pertinentia
1756 2765 1927 2821 Chroo

318 2856 475 2912 nit-is
504 2856 663 2927 ipsius
682 2856 1010 2929 interseruit)
1036 2859 1123 2928 qui
1165 2857 1363 2912 bellum
1395 2855 1699 2925 Iudaicum,
1730 2858 1924 2914 Sama-

312 2950 366 3008 ri
376 2950 649 3021 ticumque
662 2966 723 3008 ac
742 2951 1047 3006 Parthicum
1067 2951 1197 3008 caedi
1224 2952 1399 3007 Albini
1426 2954 1706 3023 praeponit;
1736 2969 1927 3025 quem-

312 3042 619 3101 admodum
695 3044 857 3100 etiam
932 3045 1191 3112 Orosius,
1250 3044 1487 3101 Joannes
1535 3046 1811 3116 Zonaras,
1874 3055 1929 3103 et

308 3136 479 3206 Ilngo
536 3135 908 3193 Floriacensis.
966 3136 1076 3193 Nec
1122 3136 1340 3204 obstat,
1395 3138 1535 3209 quod
1592 3139 1928 3195 Herodianus

2030 1948 2132 2004 que
2154 1933 2391 2006 nomina)
2423 1935 2577 2007 quale
2602 1946 2685 1993 est
2713 1946 2767 1994 et
2798 1938 2926 1995 illud
2961 1957 2972 1994 :
3002 1938 3258 2006 QUINTA
3288 1940 3628 2010 SEPTIMIA,

2030 2025 2171 2098 quod
2217 2027 2354 2083 inter
2397 2032 2727 2098 prmuomina
2775 2030 3094 2087 feminarum
3121 2034 3190 2090 ab
3229 2033 3509 2107 Onuphrio
3543 2026 3631 2091 rc¥

2029 2128 2299 2175 censetur.
2323 2118 2638 2188 SEPTIMII,
2667 2124 2843 2195 gentis
2877 2135 2961 2181 est
2987 2127 3301 2197 appellatio,
3337 2144 3457 2201 quae
3486 2129 3629 2202 apud

2033 2209 2303 2268 Romanos
2346 2213 2574 2285 primum
2604 2214 2793 2286 Regia,
2842 2215 3039 2275 deinde
3085 2218 3311 2290 plebeia,
3358 2230 3631 2290 postremo

2032 2306 2340 2365 Consularis
2371 2309 2465 2365 fuit
2494 2319 2548 2366 et
2577 2310 2816 2367 Patritia.
2848 2312 3116 2384 Imprimis
3143 2315 3286 2369 enim
3317 2314 3585 2371 invenitur
3613 2333 3626 2369 :

2032 2400 2394 2458 SEI’TIMIUS
2431 2401 2679 2460 MESIUS
2727 2403 3247 2472 EQUICOLARUM
3293 2406 3475 2476 REX,
3508 2408 3632 2464 inde

2032 2494 2084 2551 in
2137 2495 2299 2551 variis
2362 2496 2685 2554 Marmorum
2742 2500 3202 2572 inscriptionibus,
3245 2502 3440 2573 partim
3492 2504 3631 2561 inter

2034 2584 2430 2657 Epigrammata
2460 2590 2692 2662 antiqute
2723 2590 2905 2661 Urbis,
2935 2594 3128 2664 partim
3156 2593 3208 2650 in
3234 2594 3630 2668 Orthographia

2031 2679 2153 2735 Aldi
2183 2680 2422 2747 Manutii,
2468 2680 2785 2739 {culinarum
2814 2686 3204 2756 appellationes
3253 2705 3265 2741 :
3310 2688 3629 2747 SEPTIMIA

2031 2773 2259 2841 ANNIA,
2292 2775 2397 2831 FL.
2449 2775 2749 2833 IIORATIA
2806 2778 3128 2835 SEI’TIMIA
3198 2779 3621 2853 OCTAVILLA,

2033 2868 2225 2924 SEI’T.
2258 2868 2675 2928 FELICISSIMA
2712 2872 3029 2942 EURESIA,
3067 2875 3260 2932 SEI’T.
3285 2877 3627 2947 SECUNDA,

2030 2961 2226 3019 SEPT.
2249 2963 2550 3034 EXORTA,
2573 2976 2627 3022 et
2647 2966 2861 3024 Ordinis
2883 2968 3122 3025 Militaris
3143 2973 3376 3028 virorum
3402 2974 3541 3045 (qua:
3561 2971 3628 3029 ad

2030 3055 2333 3112 institutum
2364 3060 2530 3128 magis
2570 3056 2788 3130 faciunt)
2838 3060 2901 3115 'I‘.
2946 3061 3302 3120 SEPTIMIUS
3333 3064 3627 3122 FELICIS-

2029 3148 2232 3205 SIMUS
2274 3148 2610 3207 COIIORTIS
2652 3151 2716 3206 II.
2747 3160 2801 3208 et
2820 3152 2882 3207 L.
2911 3153 3204 3211 FLAVIUS
3228 3154 3289 3210 L.
3315 3155 3378 3210 F.
3404 3156 3630 3213 SEPTI-

305 3232 553 3288 dilatum
590 3232 766 3286 adhuc
800 3231 999 3286 scribat
1030 3232 1223 3286 bellum
1265 3231 1592 3300 Parthicum,
1642 3242 1752 3287 tum
1781 3233 1919 3304 quod
1951 3238 1996 3303 ρ
2032 3240 2191 3297 mus
2218 3242 2401 3298 AFER
2428 3244 2862 3302 OCTAVIANUS
2889 3245 2951 3303 ο,
2976 3246 3040 3301 v_
3073 3247 3284 3305 Tun“,
3310 3247 3374 3303 η,
3401 3249 3626 3319 Ερυινιπ,

306 3324 462 3381 ﬁdes
492 3323 666 3395 major
688 3324 870 3379 haberi
902 3324 1095 3380 debeat
1131 3324 1322 3379 Latino
1346 3340 1502 3396 quam
1539 3324 1728 3381 Gricco
1752 3327 1923 3398 scrip-

307 3425 448 3491 tori,
478 3428 574 3496 qui
622 3425 826 3482 nullum
858 3426 1093 3483 historia:
1139 3418 1384 3484 ordinem
1429 3429 1756 3499 observavit,
1809 3438 1923 3487 tum

306 3523 467 3598 quod
503 3522 823 3594 Spartianus
854 3522 1192 3593 postmodum
1233 3525 1426 3579 iterum
1456 3524 1753 3595 profectum
1784 3526 1923 3582 scri-

311 3618 409 3674 bat
440 3618 494 3672 in
530 3617 758 3683 Arabas,
789 3616 1047 3685 Parthos,
1084 3626 1138 3673 et
1177 3617 1499 3685 Adiabenos,
1533 3628 1588 3674 et
1619 3619 1757 3675 bello
1796 3634 1925 3676 con-

315 3719 401 3767 tra
430 3725 530 3766 eos
574 3711 819 3767 confecto
851 3712 1174 3781 triumphum
1205 3714 1412 3785 egisse,
1447 3712 1693 3768 eumdem
1729 3729 1926 3786 nempe

315 3805 386 3862 de
411 3821 527 3877 quo
558 3803 691 3860 infra
719 3821 858 3861 anno
887 3806 1067 3861 Severi
1090 3822 1147 3860 κ.
1178 3806 1507 3873 Praesertim,
1532 3822 1695 3877 quum
1739 3815 1925 3865 extent

316 3906 375 3954 et
402 3896 738 3954 Marmorum
760 3907 812 3954 et
852 3899 1202 3956 Nummorum
1229 3900 1625 3972 inscriptiones,
1653 3902 1704 3956 in
1728 3901 1926 3971 quibus

316 3990 406 4047 bis
438 3990 725 4047 Parthicus
752 4002 1107 4064 nuncupatur.
1139 3993 1319 4048 Altera
1346 3994 1471 4047 anni
1495 4008 1568 4048 ιι.
1598 3992 1838 4064 ejusdem
1872 3995 1924 4050 in

317 4086 474 4145 Arcu
500 4086 742 4154 Septimii
775 4087 958 4141 Roma:
989 4105 1001 4140 :
1029 4086 1163 4141 IMP.
1191 4085 1362 4142 CIES.
1404 4086 1466 4142 L.
1500 4086 1695 4142 SEI’T.
1756 4087 1826 4143 M.
1860 4086 1924 4144 F.

316 4178 625 4235 SEVERO.
658 4181 786 4237 PIO.
842 4180 1042 4259 I’ERT.
1084 4179 1242 4236 AUG.
1280 4180 1338 4234 P.
1372 4179 1431 4233 P.
1467 4178 1667 4235 PART.
1713 4180 1920 4237 ARAII.

314 4271 534 4329 PART.
566 4274 785 4330 ADIAB.
817 4274 1016 4330 PONT.
1064 4273 1258 4330 MAXI.
1304 4274 1481 4329 TRIB.
1531 4274 1771 4331 I‘OTES.
1830 4273 1923 4329 XI.

317 4367 478 4427 COS.
509 4369 596 4424 III.
626 4367 905 4426 PROCOS.
956 4369 1040 4426 ET
1073 4369 1209 4424 IMP.
1244 4368 1431 4425 CASS“
1467 4368 1534 4423 M.
1567 4368 1820 4424 AUREL.
1862 4368 1924 4424 L.

318 4461 388 4518 ιτ.
418 4449 954 4519 ΑΝΤΟΝΙΝΟΛΟΟ.
996 4460 1108 4518 PlO
1151 4459 1395 4516 FIiLICl.
1424 4460 1600 4516 Tum.
1641 4460 1791 4517 POT.
1836 4461 1923 4516 vt.

319 4556 478 4615 COS.
538 4557 815 4613 PROCOS.
867 4558 925 4613 P.
982 4557 1042 4612 P.
1101 4556 1371 4612 OI’TIMIS
1431 4555 1923 4625 FORTISSIMISQ.

2030 3335 2192 3392 ΗΘΜ.
2222 3335 2288 3392 Χ.
2315 3337 2430 3392 VIR
2458 3338 2559 3392 ST.
2580 3338 2844 3396 LITIBUS
2863 3339 3288 3408 JUDICANDIS;
3311 3350 3367 3397 et
3386 3342 3449 3397 L.
3478 3343 3635 3399 SEP-

2031 3430 2256 3487 TIMIUS
2280 3431 2667 3489 ANTICONUS
2687 3433 2819 3490 MIL.
2846 3433 3001 3490 COII.
3030 3435 3117 3491 VI.
3160 3435 3269 3493 PR.
3297 3447 3351 3492 ct
3371 3436 3435 3492 T.
3469 3436 3631 3493 SEP-

2029 3526 2261 3583 TIMIUS
2281 3527 2343 3583 C.
2373 3526 2435 3581 F.
2458 3527 2609 3583 SER.
2634 3528 2815 3584 TIVIA
2838 3527 2951 3583 TR.
2978 3529 3110 3583 IlIIL.
3135 3527 3364 3598 (ICIIIIUC
3384 3528 3446 3583 L.
3469 3528 3628 3585 SEPo
3745 3568 3759 3581 .

2027 3621 2262 3679 TIMIUS
2306 3621 2771 3689 SEVERIANUS,
2815 3631 2870 3676 ct
2911 3622 3103 3677 SEI’T.
3149 3621 3402 3679 CARITO
3450 3623 3514 3678 V.
3563 3622 3625 3682 P.

2031 3717 2399 3773 Consularium
2428 3716 2655 3787 denique
2681 3716 2915 3771 virorum
2936 3716 3036 3773 sub
3051 3715 3191 3772 Julio
3208 3715 3423 3773 Cmsare
3442 3718 3627 3788 Angu-

2019 3820 2114 3865 ‘sto
2128 3810 2185 3865 P.
2203 3808 2580 3890 SEI’TIMIUS.
2598 3808 2828 3880 'l‘rajano
2844 3808 3055 3865 Ctesarc
3068 3808 3422 3866 SEPTIMIUS
3438 3806 3601 3866 AGNI
3615 3840 3627 3849 -

2032 3902 2232 3961 ΜΝυὸ
2260 3902 2321 3957 ν.
2351 3903 2436 3971 C.,
2464 3902 2694 3973 AGENS
2728 3901 2862 3958 PER
2892 3901 3247 3958 IIISI’ANIAS
3277 3902 3337 3956 V.
3367 3900 3427 3957 C.
3464 3903 3524 3958 P.
3560 3900 3625 3958 T.

2034 3998 2410 4056 VICESACRA
2449 3996 2911 4061 COGNOSCENS,
2946 3997 3046 4053 sub
3075 3996 3252 4052 Marco
3289 3996 3420 4067 Imp.
3468 3995 3628 4051 SEP-

2031 4091 2262 4150 TIMIUS
2291 4090 2625 4153 SEVERUS,
2659 4088 2758 4145 sub
2783 4088 2978 4160 lmper.
3005 4087 3145 4144 Vero
3166 4088 3228 4144 L.
3259 4086 3626 4146 SEPTIMIUS

2032 4187 2383 4254 SEVERUS,
2425 4186 2495 4242 Μ.
2553 4184 2848 4242 SEPTIMII
2908 4183 3118 4241 GETIE
3169 4183 3230 4241 F.
3285 4183 3627 4254 postmodum

2031 4282 2347 4353 Imperator,
2377 4280 2477 4336 sub
2504 4276 2740 4351 ipsoillo
2766 4280 2966 4334 Severo
3002 4277 3067 4332 Ι).
3097 4276 3438 4333 CLAUDIUS
3471 4277 3628 4333 SEP-

2030 4379 2261 4436 TIMIUS
2296 4375 2606 4443 ALBINUS,
2647 4388 2768 4429 eum
2798 4373 2911 4441 illo,
2934 4373 3009 4428 uti
3036 4370 3458 4442 supradiximus,
3481 4360 3622 4427 Cius.

2031 4474 2348 4547 appellatus,
2384 4472 2441 4527 P.
2473 4467 2832 4527 SEPTIMIUS
2866 4467 2935 4522 Μ.
2966 4466 3028 4522 F.
3060 4465 3243 4525 GETA
3278 4466 3417 4521 illius
3439 4465 3623 4534 frater,

2032 4570 2097 4638 Q.
2131 4565 2487 4625 SEPTIMIUS
2522 4559 2954 4619 PLAUTIANUS
3009 4559 3262 4614 Antonini
3318 4559 3409 4613 Iilii
3458 4557 3629 4630 ipsius

318 4651 778 4709 PRINCIPIBUS-
822 4650 1200 4708 INSIGNIBUS
1232 4649 1467 4707 EORU“
1514 4646 1926 4707 VIIITUTIBUS
1950 4641 2005 4702 D
2033 4678 2203 4727 socer,
2235 4671 2287 4718 et
2318 4660 2535 4734 (mirum
2560 4658 2627 4713 de
2650 4655 2922 4712 Antonino
2948 4654 3065 4725 ejus
3091 4654 3201 4710 ﬁlio
3229 4654 3430 4725 majore
3475 4661 3625 4734 natu,

320 4746 497 4804 DOMI
538 4746 805 4814 FORISQ.
852 4744 909 4802 S.
964 4745 1029 4800 P.
1074 4746 1139 4814 Q.
1174 4745 1239 4800 li.
1285 4745 1431 4801 Anni
1480 4760 1567 4801 xv.
1608 4746 1775 4800 altera
1810 4761 1823 4798 :
1859 4742 1924 4799 L.

322 4842 484 4900 δερ.
513 4842 668 4899 SEV.
710 4840 871 4899 AUC.
901 4841 1037 4897 IMP.
1071 4840 1187 4895 XII.
1221 4840 1425 4895 PART.
1473 4838 1679 4896 ARAB.
1720 4838 1923 4896 PART.

323 4939 563 4996 ADIAB.
594 4939 706 4993 AA.
740 4936 809 4993 X.
845 4934 1243 4992 PROFECTIO.
1285 4934 1449 4992 AUG.
1484 4945 1738 5006 quantum
1764 4949 1930 5006 appa-

324 5044 436 5099 ret,
469 5034 525 5087 in
550 5033 893 5087 Britanniam.
918 5032 1151 5099 Quarum
1173 5032 1333 5102 priori
1361 5031 1553 5102 partim
1580 5031 1741 5086 etiam
1767 5029 1931 5100 expli-

280 5185 285 5188 ,
325 5136 489 5183 catur
537 5125 667 5181 illud
697 5142 710 5180 :
746 5134 865 5196 quot
897 5125 1071 5194 populi
1120 5126 1425 5196 repugnoti!
1454 5124 1923 5193 Quemadmodum

325 5229 385 5276 ct
416 5219 551 5274 illud
583 5237 597 5272 :
625 5229 745 5289 quot
770 5220 971 5273 ordines
996 5218 1245 5273 illustrati
1270 5219 1290 5271 ,ν
1317 5218 1384 5275 de
1412 5217 1700 5275 Ordinibus
1733 5232 1929 5290 nempe

323 5332 428 5373 seu
449 5314 779 5387 Legionibus
796 5313 1128 5374 Militaribus,
1158 5329 1250 5383 per.
1271 5312 1644 5382 inscriptiones
1664 5329 1929 5370 annorum

324 5408 499 5466 Seve.
528 5425 585 5464 ιι.
624 5424 701 5463 ιιι.
741 5423 805 5463 ac
847 5422 918 5462 ιν.
968 5406 1097 5462 istas
1131 5423 1144 5461 :
1173 5406 1309 5462 IMP.
1343 5405 1518 5461 (ΗΕΒ.
1547 5407 1608 5462 L.
1647 5407 1799 5462 SEV.
1822 5417 1927 5464 etc.

328 5506 517 5561 TRIB.
566 5504 715 5561 POT.
746 5505 808 5561 II.
837 5504 971 5561 IMP.
1000 5503 1088 5560 IV.
1121 5502 1266 5560 COS.
1325 5503 1391 5559 II.
1424 5502 1705 5560 PROCOS.
1752 5504 1812 5560 P.
1870 5504 1929 5560 P.

322 5599 480 5656 Ordo
518 5597 712 5657 CLUS.
756 5609 811 5654 et
840 5617 852 5653 :
877 5599 1058 5663 V'IRG.
1086 5598 1269 5654 DIAN.
1292 5599 1486 5655 SACR.
1512 5600 1642 5657 I’RO
1663 5600 1933 5663 SALUTE

326 5694 470 5750 IMP.
506 5693 568 5748 L.
602 5693 791 5749 SEPT.
817 5692 970 5748 SEV.
1010 5703 1115 5749 etc.
1166 5694 1345 5749 TRIB.
1382 5693 1531 5750 POT.
1561 5694 1644 5751 III.
1692 5696 1829 5752 IMP.
1864 5696 1928 5752 Υ.

320 5788 477 5844 Ordo
505 5786 803 5843 CLUS.-ac
833 5804 847 5841 :
886 5786 1023 5842 IMP.
1052 5787 1229 5845 (ΖΕΒ.
1271 5796 1375 5847 etc.
1411 5787 1550 5843 IMP.
1589 5788 1725 5845 VIII.
1751 5790 1930 5847 TRIB.

321 5882 489 5943 POT.
515 5881 610 5942 ιγ.
650 5882 811 5945 LEG.
851 5882 966 5947 VII.
1004 5882 1215 5949 CLUS.‘
1247 5884 1539 5950 Historiam
1581 5886 1933 5951 nihilominus

2029 4757 2173 4830 quod
2229 4732 2524 4812 SEPTIMII
2585 4748 3001 4822 appellationem
3065 4745 3513 4819 praetermiserit.)
3560 4732 3630 4802 Ρ.

2030 4849 2390 4910 SEPTIMIUS
2423 4845 2672 4903 SEVERI
2723 4841 2886 4901 AUG.
2928 4840 2991 4897 F.
3047 4840 3232 4899 GETA
3285 4839 3419 4897 IMP.
3449 4838 3623 4897 CASS.

2031 4946 2195 5004 AUG.
2234 4945 2309 5001 De
2347 4957 2570 5015 quorum
2599 4948 2758 5011 gente
2806 4952 2874 4991 an
2913 4935 3090 5003 ﬁxerit,
3133 4935 3292 4990 etiam
3332 4933 3447 5004 ipse
3500 4934 3629 4989 Afer

2034 5042 2237 5098 Auctor
2287 5045 2471 5094 noster
2500 5050 2605 5091 non
2663 5034 2735 5089 ita
2780 5038 3020 5097 constat,
3070 5029 3185 5100 ipse
3246 5028 3460 5084 interim
3526 5027 3627 5083 sibi

2034 5136 2165 5206 ipse,
2203 5133 2295 5187 lib.
2353 5132 2421 5187 de
2474 5130 2583 5184 vel.
2611 5126 2795 5203 Virg,
2839 5140 2956 5195 cap.
3015 5122 3135 5186 uIt.,
3164 5114 3311 5176 num.
3375 5121 3501 5187 140,
3544 5121 3628 5179 his

2033 5229 2213 5286 verbis
2271 5225 2323 5282 id
2370 5223 2598 5280 nominis
2645 5223 2887 5309 tribuit:
2926 5218 3042 5273 Pax:
3069 5218 3357 5288 ctgratiaa
3404 5213 3627 5285 Domino

2034 5332 2207 5380 nostro
2244 5319 2371 5377 Iesu
2410 5317 2676 5383 redundet,
2704 5307 2817 5370 cum
2853 5311 3173 5370 SEI’TIMIO
3209 5307 3629 5367 TERTULLIA-

2033 5419 2144 5486 NO,
2178 5418 2322 5495 cujus
2370 5416 2463 5470 hoc
2508 5411 2808 5484 opusculum
2864 5417 2976 5473 est;
3021 5407 3237 5473 hinc,et
3268 5419 3323 5459 a'
3351 5402 3629 5460 Lactantio

2035 5515 2207 5571 Instit.
2235 5497 2400 5569 divin.
2430 5508 2466 5564 ι.
2496 5507 2549 5564 5.
2580 5520 2629 5560 c.
2680 5506 2730 5560 ι.
2761 5510 2816 5558 et
2856 5517 2887 5557 a
2930 5501 2990 5557 Β.
3022 5499 3241 5555 Hieron.
3285 5495 3410 5553 I88.
3454 5494 3631 5567 Epist.

2035 5612 2100 5669 ad
2129 5608 2421 5674 Fabiolam,
2450 5599 2803 5662 SEPTIMIUS
2831 5593 3360 5654 TERTUILIANUS
3388 5591 3631 5662 appella-

2041 5714 2125 5761 tur
2154 5724 2168 5772 ;
2197 5701 2394 5773 quibus
2422 5697 2582 5753 etiam
2626 5690 2970 5749 consentiunt
3011 5688 3371 5753 Tritltemius,
3406 5683 3628 5740 Politia-

2040 5813 2181 5863 nus,
2232 5803 2286 5849 et
2335 5790 2443 5847 IIIS.
2489 5786 2777 5859 excusique
2820 5784 3079 5840 hactenus
3151 5779 3364 5837 codices
3415 5790 3628 5835 omnes.

2040 5884 2424 5958 FLOREN’IIS
2478 5893 2773 5957 cognomen
2800 5921 2818 5952 ,
2858 5877 3114 5938 familiam
3177 5873 3393 5949 quidem
3432 5884 3640 5937 certam
