4084 6344
490 350 515 376 ³6

501 317 556 377 t7
1794 300 2252 367 'fEltTL‘LLIANl
2298 299 2474 358 ma.
2560 298 2566 307 ‘
3734 291 3803 351 ts
3892 268 3899 279 ’

495 441 668 513 gentis
715 437 989 510 Septimis)
1042 433 1324 507 significat,
1369 431 1465 491 sed
1514 445 1633 505 qua:
1662 428 1802 502 apud
1820 428 2092 484 Romanos
2125 425 2178 483 Α
2203 418 2455 513 γυάἰίξιξὶ.
2488 416 2587 513 ~qni
2634 414 2690 473 in
2713 413 2930 513 Charta
2949 411 3241 472 Palestina:
3272 411 3511 513 patriam.
3538 408 3625 513 illi
3668 410 3802 467 assi-

494 535 588 603 Iuit
616 532 921 604 incognita;
964 527 1271 585 attribuitur
1297 535 1475 582 tamen
1496 525 1701 581 auctori
1725 539 1829 578 non
1853 522 2014 578 modo
2036 520 2089 577 in

492 625 724 693 excusis,
754 622 847 680 sed
873 631 925 678 et
955 620 1064 676 MS.
1098 620 1219 676 cod.
1246 634 1307 674 ac
1328 618 1440 690 jam
1475 618 1607 674 olim
1646 633 1678 672 a
1705 615 2009 672 Trithemio
2035 622 2091 671 et

493 718 771 774 Politiauo.
820 713 1280 793 TERTUILMNI
1329 714 1548 770 nomine
1587 723 1785 785 prmtcr
1826 712 1964 768 alios
1998 710 2091 781 qui

488 810 625 866 illius
655 810 983 866 mentionem
1012 807 1214 864 faciunt
1243 808 1539 878 scriptores
1556 820 1766 871 omnes,
1795 820 1898 859 non
1927 803 2088 859 modo

491 901 671 959 verbis
693 902 805 972 jam
834 901 1034 968 citatis,
1064 901 1159 956 sed
1190 901 1350 956 etiam
1381 900 1530 956 hisce
1559 900 1795 969 seipsum
1827 896 2085 967 appellat,

410 1018 413 1021 ί
484 993 706 1051 Tantum
729 1012 819 1051 ora
863 1004 938 1062 ut,
984 1011 1140 1067 guunt
1178 995 1380 1067 petitis,
1426 994 1578 1048 etiam
1622 989 2088 1048 TERTULLIANI

485 1088 763 1159 peccatoris
791 1088 1144 1155 memineritis,
1164 1097 1239 1153 et,
1271 1086 1527 1143 Memento
1562 1087 1613 1140 in
1641 1085 1957 1140 orationibus
1987 1084 2087 1139 tuis

486 1181 951 1239 TERTULLIANI
992 1184 1062 1237 ad
1119 1182 1227 1237 Ita’c
1284 1182 1618 1253 exliortantis.
1670 1178 1826 1248 Quod
1875 1178 2088 1234 videtur

483 1273 845 1331 derivatitium
874 1290 906 1330 a
927 1274 1193 1343 Tertullo,
1218 1274 1374 1330 sicuti
1403 1271 1679 1329 Octaviani
1735 1272 1803 1326 ab
1841 1269 2083 1340 Octavio,

482 1381 539 1430 et
565 1372 810 1445 Septimii
839 1387 871 1427 a
899 1370 1182 1442 Septimio,
1216 1369 1511 1439 etstirpem
1541 1367 1841 1438 significare
1871 1364 2086 1420 familia:

493 1463 825 1531 Florentum.
867 1446 1070 1534 De'qua
1097 1461 1338 1517 fortassis
1367 1470 1449 1516 est
1488 1475 1608 1531 qua:
1657 1467 1812 1514 extat
1849 1457 2085 1513 Montuni

484 1556 552 1613 ad
581 1555 637 1613 S.
671 1554 996 1619 Mauritium,
1024 1568 1086 1609 ac
1114 1551 1396 1609 Mediolani
1431 1550 1498 1606 ad
1539 1552 1595 1605 S.
1626 1548 1897 1606 Victorem
1930 1560 2082 1619 porta

480 1647 810 1705 Vercellensi
842 1646 956 1703 lucc
999 1646 1277 1714 inscriptio
1326 1644 1436 1701 :C.
1482 1641 1871 1700 SARTORIUS
1924 1641 1984 1696 L.
2021 1640 2085 1697 F.

477 1736 1233 1801 0VF.,TERTULLIANUS
1292 1735 1711 1791 VETERANUS
1770 1732 1927 1789 LEG.
1988 1733 2081 1788 XI.

2193 522 2326 586 gnat
2358 510 2703 583 Municipium
2752 508 3024 582 quoddam
3071 508 3224 580 juxta
3265 509 3402 564 Aras
3453 503 3799 562 f‘hilenorum

2193 606 2447 662 fratrum.

2268 720 2323 775 8.
2401 719 2562 789 Atqui
2613 716 2982 775 Temenum
3030 714 3202 789 qualis
3262 715 3384 772 felix
3429 697 3590 771 fuerﬁ
3646 713 3798 770 insti-

2195 811 2349 879 tutio,
2393 811 2540 867 Libri
2568 811 2684 882 ejus
2710 810 2966 866 adversus
2991 810 3194 867 Gentes
3232 816 3531 875 testantur,
3560 808 3649 879 qui
3701 806 3795 879 (Β.

2193 903 2421 961 llieron.
2451 914 2585 960 teste
2609 903 2778 975 Epist.
2804 903 2870 960 ad
2894 903 3162 976 Magnum)
3196 911 3441 959 cunctam
3470 901 3638 958 seculi
3664 915 3798 956 eon-

2195 998 2369 1054 liuent.
2393 996 2757 1068 disciplinain,
2782 1012 2815 1052 e
2840 998 3034 1068 quibus
3064 996 3147 1051 vel
3174 994 3303 1052 solis
3344 1002 3560 1051 constat
3604 1007 3793 1050 omnes

2194 1088 2342 1146 illum
2372 1094 2636 1146 Auctores
2666 1090 2955 1156 evolvisse,
2998 1089 3310 1155 liistorieos,
3342 1088 3556 1153 Poetas,
3601 1085 3795 1143 Gram-

2194 1183 2546 1249 maticos;de
2571 1182 2963 1240 Jureconsultis
2994 1197 3124 1238 vero
3167 1197 3255 1237 res
3297 1180 3476 1259 notior
3512 1190 3595 1237 est
3635 1193 3795 1251 quam

2191 1290 2250 1334 ut
2282 1278 2595 1349 probatione
2618 1280 2692 1334 sit
2714 1291 2870 1348 opus,
2892 1276 2959 1332 de
2984 1275 3201 1332 Medicis
3220 1283 3272 1331 et
3297 1258 3636 1345 PhilOSOphis
3659 1272 3798 1339 idip—

2189 1385 2309 1428 sum
2335 1386 2403 1427 ex
2428 1357 2566 1426 lib'i'o
2586 1370 2655 1426 de
2678 1371 2871 1426 Anima
2898 1370 3152 1441 colligere
3173 1377 3274 1425 est.
3300 1368 3542 1435 Quorum
3556 1366 3797 1423 omnium

2191 1460 2501 1534 Catalogum
2533 1462 2587 1518 in
2616 1477 2742 1519 suas
2773 1463 2973 1517 classes
3014 1459 3363 1516 distributum
3394 1458 3630 1529 reperiet
3655 1456 3796 1515 Lec-

2194 1563 2280 1612 tor
2300 1555 2439 1611 inter
2466 1554 2674 1610 Iudices
2703 1564 2938 1619 nostros,
2973 1540 3424 1608 tam'Gra-corum
3456 1564 3616 1621 quam
3643 1548 3797 1606 Lati-

2192 1665 2410 1707 norum.
2437 1649 2572 1706 liinc
2596 1665 2624 1704 a
2655 1648 2933 1705 Lactantio
2959 1646 3154 1703 dicitur
3176 1646 3227 1701 in
3258 1646 3400 1702 omni
3426 1659 3624 1717 genere
3646 1643 3793 1700 litte-

2196 1761 2374 1801 rarum
2400 1746 2632 1814 peritus,
2659 1743 2727 1798 ab
2758 1741 2992 1797 Eusebio
3024 1741 3200 1812 legum
3231 1748 3285 1796 et
3317 1752 3497 1795 rerum
3526 1736 3799 1792 Romana-

481 1833 810 1892 CURATOR
850 1813 1086 1888 ClVlUbl
1136 1830 1566 1887 ROMANORUM
1633 1828 2080 1898 MOGUNTIACI,
2113 1826 2161 1886 B
2190 1852 2308 1893 rum
2342 1813 2528 1907 peritia
2543 1835 2744 1903 clarus,
2770 1849 2798 1887 a
2831 1832 2898 1888 Β.
2924 1832 3071 1889 llier.
3106 1823 3246 1887 acris
3267 1842 3320 1888 et
3351 1830 3689 1888 vehementis
3718 1829 3798 1886 in-

475 1940 576 1984 seu
603 1922 1082 1982 MUNGOTIARII.
1143 1925 1254 1980 lloc
1289 1924 1475 1978 saltem
1508 1933 1718 1979 constat
1763 1939 1826 1978 ex
1865 1922 2079 1978 Eusebii

478 2019 748 2077 Chronico
776 2019 909 2076 etB.
937 2020 1155 2075 llicrou.
1173 2017 1293 2074 Cat.
1316 2018 1648 2090 Scriptorum
1682 2018 1888 2074 Eccles.
1914 2017 2081 2073 TER-

473 2112 880 2172 TULLIANUBI
944 2122 1190 2169 nostrum
1266 2113 1456 2168 Afrum
1515 2112 1680 2167 fuisse
1745 2111 2079 2168 centurionis

474 2204 878 2263 Proconsularis
925 2204 1126 2269 lilium;
1183 2203 1325 2276 quod
1354 2204 1516 2259 etiam
1571 2203 1841 2258 affirmant
1877 2204 1936 2258 Β.
1976 2203 2074 2259 lsi-

468 2298 655 2367 dorus,
688 2298 823 2355 Ven.
870 2296 1051 2360 Beda.
1090 2296 1465 2368 Nicephorus,
1510 2295 1847 2367 Frcculphus
1895 2295 2074 2351 Lexo-

471 2392 708 2461 viensis,‘
739 2390 1006 2448 Marianas
1034 2390 1253 2459 Scotus,
1302 2389 1440 2455 Ado,
1472 2396 1525 2447 'et
1558 2389 1868 2457 Vincentius
1891 2388 2074 2445 Bello-

469 2485 733 2543 vacettsis.

544 2578 573 2651 §
613 2577 704 2635 1V.
768 2575 933 2651 Cujus
1000 2577 1184 2650 fuerit,
1230 2576 1455 2649 qualisve
1488 2577 1600 2648 ejus
1652 2574 1905 2630 institutio
1930 2614 1946 2643 ,
1986 2575 2074 2630 lito

468 2677 692 2728 terarum
719 2669 901 2744 peritia
927 2688 989 2726 ac
1018 2671 1386 2727 scientiarum?
1421 2671 1559 2725 —7.
1588 2669 1818 2724 Patriam
1842 2669 2068 2726 Cartba~

465 2765 646 2840 ginem
672 2766 873 2823 indicat
897 2781 1164 2837 agnomen
1186 2763 1839 2823 CARTlIAGINIENSIS:
1864 2764 1916 2818 in
1965 2778 2072 2835 quo

472 2863 633 2917 etiam
655 2861 729 2916 illi
750 2861 1113 2923 consentiunt.
1139 2876 1302 2932 quum
1326 2861 1511 2914 dicunt
1545 2858 1826 2913 Provinciae
1856 2859 2066 2928 Africae,

466 2953 696 3012 Civitatis
717 2953 1173 3025 Carthaginiensis,
1204 2952 1362 3009 sicuti
1392 2961 1445 3007 et
1475 2951 1541 3007 Β.
1565 2950 1789 3022 Optatus
1814 2950 2071 3005 Milevita-

464 3063 568 3105 nus
588 3048 681 3104 lib.
706 3062 744 3103 ι.
774 3046 896 3102 adv.
924 3045 1356 3101 Parmeuianum.
1383 3045 1766 3101 etnntninatim
1797 3042 2069 3113 Nicepho-

463 3156 580 3207 rus,
605 3155 769 3211 quum
792 3137 1119 3208 Carthagine
1150 3138 1201 3192 in
1233 3136 1411 3193 Africa
1440 3148 1618 3191 ortum
1648 3136 1855 3190 scribit.
1884 3133 2067 3202 Quid?

2186 1929 2329 2001 genii
2350 1930 2426 1984 vir
2448 1944 2556 2000 quo
2583 1926 2712 1982 nihil
2733 1926 3013 1991 eruditius,
3044 1924 3176 1979 nihil
3199 1925 3424 1988 acutius,
3456 1937 3485 1978 a
3514 1922 3577 1979 Β.
3608 1923 3797 1994 Augu-

2186 2021 2331 2076 stino
2360 2018 2769 2083 disertissimus,
2793 2018 2884 2089 qui
2917 2014 3101 2072 buecis
3126 2016 3445 2072 sonantibus
3487 2015 3794 2071 orationem

2186 2121 2519 2186 inﬂaverit,a
2548 2119 2851 2191 Nicephoro
2879 2116 3182 2189 eloquentia
3228 2114 3519 2172 admodum
3559 2113 3791 2186 pollens,

2184 2218 2324 2275 acris
2341 2228 2395 2273 et
2415 2217 2730 2287 ingeniosus
2753 2211 3065 2267 admodum.
3090 2209 3221 2280 Quae
3242 2209 3419 2266 omnia
3439 2207 3602 2264 latius
3620 2206 3794 2263 multo

2181 2309 2525 2380 prosequitur
2544 2303 3198 2362 VincentiusLiriuensis:
3220 2320 3238 2352 ι
3271 2301 3369 2357 Hic
3399 2297 3614 2371 (inquit)
3643 2297 3790 2371 apud

2178 2400 2401 2458 Latinos
2417 2408 2724 2456 nostrorum
2745 2398 2986 2452 omnium
3007 2394 3162 2450 facile
3180 2389 3785 2464 princepsjudicandus.

2178 2496 2315 2565 Quid
2343 2496 2488 2551 enim
2512 2494 2615 2549 hoc
2636 2493 2751 2547 viro
2774 2490 3022 2546 doctius?
3053 2488 3178 2560 quid
3202 2489 3253 2542 in
3281 2486 3478 2541 divinis
3497 2494 3651 2555 atque
3674 2483 3782 2539 hu-

2177 2587 2353 2644 manis
2367 2588 2529 2642 rebus
2539 2582 2906 2641 exercitatius?
2918 2581 3121 2653 Nempe
3132 2595 3345 2635 onmem
3364 2576 3785 2649 Philosophiam,

2177 2688 2232 2736 et
2252 2691 2472 2735 cunctas
2505 2667 2944 2749 philosophorum
2968 2684 3165 2741 sectas,
3192 2682 3439 2729 auctores
3455 2681 3786 2728 assertores-

2174 2788 2279 2844 qne
2321 2781 2933 2840 sectarum,omncsque
2967 2782 3153 2824 eorum
3197 2766 3529 2837 disciplinas,
3566 2777 3789 2820 omnem

2175 2866 2522 2921 historiarum
2566 2872 2618 2919 et
2667 2862 2966 2919 studiorum
3011 2861 3327 2916 varietatem
3373 2860 3507 2914 mira
3546 2856 3788 2929 quadam

2174 2960 2371 3016 mentis
2400 2960 2698 3031 capacitate
2737 2956 3056 3027 complexus
3090 2953 3427 3025 cst.lngenio
3448 2968 3576 3010 vero
3596 2967 3786 3010 nonne

2173 3062 2282 3109 tarn
2306 3053 2456 3124 gravi
2483 3062 2538 3109 et
2557 3051 2864 3109 vehementi
2887 3050 3158 3115 excelluit,
3178 3052 3253 3106 uti
3280 3048 3410 3104 nihil
3435 3047 3535 3105 sibi
3557 3064 3696 3120 pene
3714 3047 3782 3104 ad

2171 3148 2585 3219 expugnandum
2634 3147 3016 3217 proposuerit,
3054 3144 3197 3215 quod
3243 3158 3351 3198 non
3394 3151 3485 3197 aut
3529 3131 3790 3205 acumine

462 3231 606 3305 quod
633 3233 747 3302 ipse
769 3233 973 3286 Auctor
995 3231 1047 3284 id
1100 3230 1231 3284 satis
1281 3244 1550 3299 superque
1602 3226 1800 3283 indicet
1850 3228 1932 3299 (1)
1980 3228 2057 3281 in-

2174 3242 2455 3312 irruperit,
2488 3250 2580 3295 aut
2627 3238 2866 3309 pondere
2898 3237 3146 3293 illiserit?
3167 3236 3283 3292 Jam
3317 3251 3480 3308 porro
3516 3235 3790 3292 orationis

460 3325 557 3382 itio
614 3323 762 3381 Libri
810 3324 878 3380 de
952 3323 1120 3379 Pallio
1166 3341 1179 3379 :
1233 3321 1503 3393 Principes
1551 3320 1822 3394 (inquit)
1869 3336 2069 3393 semper

460 3420 670 3497 Africae,
720 3420 817 3476 viri
872 3418 1328 3491 Carthaginienses
1377 3426 1619 3474 vetustate
1665 3415 1876 3486 nobiles,
1919 3415 2064 3473 novi-

459 3524 560 3571 tate
607 3515 848 3587 {elices...
894 3512 1086 3569 Tamen
1126 3523 1174 3568 ct
1219 3512 1358 3568 vobis
1397 3513 1596 3568 habitus
1654 3512 1806 3568 aliter
1848 3512 2068 3567 olim....

461 3606 616 3665 Vobis
639 3625 753 3664 vero
781 3616 893 3678 post
929 3608 1141 3680 injuria:
1161 3606 1569 3673 beneﬁcium...,_
1588 3615 1699 3675 post
1722 3603 1943 3661 Gracchi
1969 3604 2064 3659 ob-

454 3717 625 3759 scmua
664 3701 912 3756 omina...
941 3742 955 3766 ,
998 3711 1107 3769 post
1147 3699 1306 3753 trinas
1340 3696 1577 3768 Pompeii
1616 3714 1757 3761 aras,
1798 3707 1845 3750 et
1884 3695 2066 3766 longas

457 3793 674 3851 Ctesaris
712 3809 882 3849 moras
916 3792 1040 3847 :ubi
1080 3791 1263 3846 mmnia
1294 3790 1537 3845 Statilius
1564 3788 1762 3842 Taurus
1799 3789 2061 3859 imposuit,

455 3887 705 3943 solemnia
744 3886 948 3940 Sentius
977 3884 1285 3940 Saturninus
1322 3884 1598 3947 enarravit,
1620 3899 1772 3953 quum
1792 3883 2065 3937 concordia

446 3981 620 4052 juvat,
647 3977 787 4053 Toga
812 3980 982 4034 oblata
1004 3988 1146 4034 est...
1184 3975 1412 4032 Pallium
1434 3988 1602 4032 tamen
1629 3978 1933 4047 generaliter
1956 3993 2063 4032 ves-

454 4084 630 4139 tram,
683 4075 1001 4127 immemores
1052 4069 1201 4124 etiam
1231 4070 1572 4136 ,-denotatis.
1621 4067 1871 4140 Equidem
1926 4069 2065 4124 haud

444 4158 617 4219 'miror
655 4180 761 4236 pra:
799 4164 1098 4218 documento
1136 4163 1409 4231 superiore.
1450 4159 1590 4215 Nunt
1627 4172 1676 4215 et
1714 4161 1933 4215 Arietcm
1971 4162 2064 4216 illa

456 4256 644 4310 dicitur
671 4254 949 4327 Carthago,
971 4253 1154 4309 studiis
1185 4243 1468 4325 asperrima
1493 4242 1814 4324 belli,'prima
1833 4255 2059 4310 omnium

383 4383 386 4387 ~
457 4365 702 4404 armasse.
739 4349 909 4417 Quum
947 4358 1111 4402 tamen
1152 4347 1443 4401 ultimarent
1477 4358 1705 4410 tempora
1751 4348 1931 4417 patria:
1969 4352 2056 4418 (en

457 4443 677 4513 patriam
707 4438 1063 4512 Carthaginem
1086 4439 1272 4511 vocat)
1301 4450 1346 4492 ct
1373 4440 1519 4493 Aries
1556 4441 1667 4511 jam
1706 4439 1968 4495 Ronmnus
2004 4442 2059 4495 in

457 4547 634 4587 muros
670 4532 928 4601 quondam
965 4549 1083 4584 suos
1123 4532 1355 4595 auderet,
1396 4541 1636 4602 stupuere
1672 4522 1825 4587 illico.
1850 4514 2059 4586 Cartha-

2170 3348 2284 3389 suze
2341 3332 2530 3388 laudes
2565 3332 2683 3403 quis
2708 3330 2901 3401 exequi
2948 3329 3164 3385 valeat?
3208 3328 3338 3397 Quze
3394 3337 3541 3384 tanta
3582 3329 3785 3386 nescio

2169 3441 2272 3497 qua
2329 3426 2595 3482 rationum
2626 3423 2891 3479 densitate
2921 3432 3169 3478 conserta
3196 3431 3299 3488 est,
3334 3428 3392 3476 ut
3442 3420 3507 3475 ad
3539 3435 3792 3477 consen-

2169 3533 2289 3575 sum
2321 3518 2426 3584 sui,
2463 3531 2599 3588 quos
2629 3515 2856 3572 suadere
2897 3530 3002 3571 non
3050 3514 3304 3586 potuerit,
3333 3514 3591 3583 impetlat,
3621 3514 3791 3586 cujus

2169 3623 2300 3685 quot
2329 3629 2463 3685 pene
2485 3613 2668 3679 verba,
2699 3620 2777 3666 tot
2796 3609 3081 3666 sententia:
3106 3617 3252 3675 sunt,
3288 3618 3420 3679 quot
3454 3622 3666 3676 sensus,
3710 3616 3794 3665 tot

2169 3707 2429 3761 victorim.
2444 3724 2462 3757 ι
2484 3704 2798 3774 Quanquam
2823 3702 3037 3757 interim
3057 3700 3387 3771 experientia
3408 3701 3518 3772 ipsa
3539 3701 3793 3761 convicti

2169 3799 2432 3855 fateamur
2463 3786 2686 3853 necesse
2710 3797 2801 3859 sit,
2830 3794 2974 3866 quod
3006 3794 3072 3849 de
3099 3808 3165 3850 eo
3207 3792 3393 3849 scribit
3437 3792 3791 3861 Laclantius,

2175 3908 2360 3963 parum
2390 3905 2510 3946 csse
2542 3888 2773 3953 facilem,
2817 3891 2992 3943 minus
3010 3896 3306 3959 comptum,
3333 3896 3388 3941 et
3416 3886 3644 3941 multum
3684 3887 3792 3943 ob-

2168 4000 2408 4050 scurum,
2441 3994 2495 4038 et
2513 3985 2662 4053 juxta
2685 3980 2747 4037 Β.
2773 3981 3177 4053 Hieronymum,
3201 3979 3446 4035 crebrum
3473 3979 3700 4050 quidem
3726 3978 3785 4036 in

2168 4079 2475 4144 sententiis,
2510 4077 2604 4133 sed
2632 4076 2903 4131 difficilem
2934 4078 2984 4130 in
3004 4074 3327 4145 eloquendo,
3353 4086 3408 4129 ut
3439 4090 3545 4130 non
3572 4076 3784 4132 mirum

2168 4173 2257 4234 sit.
2281 4173 2475 4245 stylum
2508 4169 2623 4241 ejus
2653 4179 2707 4226 et
2734 4170 2962 4225 aliorum
2994 4171 3154 4224 etiam
3196 4167 3448 4223 Afrorum
3477 4167 3638 4225 facile
3673 4183 3784 4241 po-

2164 4265 2333 4320 tuisse
2370 4264 2605 4319 discerni
2636 4278 2667 4318 a
2698 4261 2997 4334 Nepotiane
3042 4262 3139 4332 (uti
3171 4261 3222 4316 in
3244 4260 3363 4316 Vita
3391 4262 3509 4331 ejus
3543 4270 3786 4319 testatur

2165 4357 2305 4412 idem
2332 4356 2390 4410 Β.
2414 4353 2816 4426 Hieronymus),
2848 4354 3048 4408 Minutii
3078 4351 3269 4407 Felicis
3295 4351 3435 4416 dico,
3456 4351 3516 4406 B.
3542 4351 3787 4425 Cypria.

2164 4449 2255 4512 ni,
2287 4448 2544 4513 Arni-bii,
2598 4446 2882 4510 Lactantii,
2929 4432 3206 4499 Victorini.
3248 4442 3605 4499 Obscuritatis
3640 4461 3784 4502 vero
3839 4476 3845 4481 ι

2163 4541 2285 4611 styli
2318 4539 2643 4612 praecipuam
2672 4552 2884 4593 causam
2914 4536 3190 4590 anrmtavit
3214 4534 3405 4591 alicubi
3446 4534 3780 4606 Rhenanus,

455 4626 708 4698 ginienses
746 4636 801 4678 ut
840 4641 1022 4678 norum
1060 4635 1352 4678 extraneum
1384 4624 1665 4695 ingenium.
1709 4622 1932 4677 Tantum
1962 4626 2057 4678 (rvi
2082 4599 2136 4661 D
2163 4599 2399 4702 quod-cx
2430 4599 2739 4688 cli-meorum
2768 4633 3060 4686 Auctorum
3103 4630 3316 4685 assidua
3349 4629 3582 4688 lectione
3626 4599 3783 4689 αριεό

459 4718 735 4790 longinqua
774 4718 901 4773 valet
941 4728 1135 4772 mutare
1173 4728 1411 4773 vetustas.
1457 4718 1549 4773 Sic
1573 4718 1788 4788 denique
1813 4735 1903 4773 nec
1930 4717 2055 4774 Pal-

456 4810 583 4864 lium
622 4812 933 4884 agnoscitur.
978 4808 1103 4865 11ωο
1135 4809 1291 4880 paulo
1328 4809 1607 4881 prolixius,
1637 4810 1706 4865 ob
1744 4810 2050 4881 opinionem

514 5037 588 5099 (1)
620 5036 886 5100 Scripsisse
910 5035 1107 5086 videtur
1131 5033 1744 5100 Eusebius'l‘crlullianum
1776 5034 1928 5087 fuisse
1951 5032 2051 5089 Ro-

454 5098 651 5149 manum
677 5098 991 5160 etnobilem,
1022 5100 1153 5149 Hist.
1178 5098 1308 5150 Eccl.
1330 5098 1417 5149 lib.
1445 5106 1496 5154 II,
1523 5111 1627 5161 cap.
1654 5100 1700 5148 ‘2.
1726 5116 1853 5150 ’ταῦτα
1873 5115 2047 5164 remur.

450 5175 572 5221 ληνὸς
595 5175 679 5219 τώς
703 5177 883 5224 βωμίους
905 5178 1034 5223 νόμους
1063 5174 1285 5225 ἠκριςωιὼς.
1305 5175 1392 5225 ἀνήρ
1422 5186 1463 5211 τι
1610 5169 1752 5218 ἐνδόξος
1772 5203 1782 5219 ,
1813 5176 1876 5212 καὶ
1893 5183 1962 5214 τῶν
1979 5179 2046 5225 μά-

447 5237 561 5287 ᾈιστα
590 5238 649 5287 lui
673 5240 795 5286 ea,“
817 5237 998 5287 upupa...
1025 5224 1161 5285 Quod
1187 5224 1706 5287 tradit'l’ertulhanum
1724 5225 1909 5274 Roman
1938 5224 2047 5278 rum

445 5285 614 5350 legum
633 5285 783 5335 fuisse
800 5285 1282 5350 peritum.'quosdam
1307 5288 1364 5334 ad
1382 5286 1680 5335 credendum
1707 5287 1912 5346 induxit,
1934 5303 2048 5340 eum

448 5358 699 5397 auctorem
726 5350 873 5397 fuisse
897 5349 1322 5407 Jurisconsultum,
1359 5354 1413 5397 et
1444 5362 1623 5397 revera
1645 5351 1836 5411 quidam
1863 5359 1941 5401 est
1960 5353 2049 5403 Ju-

444 5411 771 5474 risc'insultus
793 5412 1011 5473 ejusdem
1038 5414 1244 5460 nominis
1262 5418 1564 5474 ;_at_constat
1587 5411 1731 5459 alium
1770 5427 1881 5463 esse
1904 5426 1929 5460 a
1956 5430 2045 5466 no-

442 5470 889 5537 stro'l'ertulliatio.
910 5487 1002 5523 nec
1027 5474 1171 5523 tradit
1195 5470 1427 5525 Eusebius
1446 5474 1600 5537 fuisse
1619 5474 2042 5537 Jurisconsultum,

438 5536 529 5598 sed
554 5535 721 5598 legum
738 5535 1059 5598 liotnamtrum
1079 5538 1305 5597 peritum.
1322 5535 1459 5595 Quod
1482 5538 1544 5586 dc
1571 5539 1678 5597 ejus
1698 5538 1859 5586 Patria
1883 5546 1933 5589 et
1956 5535 2045 5589 no;

436 5595 631 5662 Igilitaté
666 5598 851 5662 subjicit
880 5595 1124 5659 Eusebius,
1161 5598 1359 5648 defendi
1391 5601 1578 5662 nequit.
1601 5595 1680 5662 _nir
1709 5604 1773 5648 de
1813 5601 2043 5654 Romanis

442 5657 775 5721 Scriptoribus
813 5663 1061 5721 capiatur,
1111 5657 1162 5709 et
1187 5676 1361 5712 sensus
1392 5657 1853 5721 sit,"l‘ertul|ianum
1894 5679 2040 5717 unum

440 5720 673 5792 fuissegx
703 5721 994 5792 Clarissiuiis
1030 5723 1191 5792 latinis
1214 5720 1509 5792 auctoribus.
1539 5722 1738 5787 Ruﬁnus
1778 5726 1866 5776 hov
1890 5742 2040 5792 sensu

439 5782 572 5857 hunc
597 5783 784 5857 Eusebii
808 5786 960 5857 locum
980 5788 1169 5852 accepit
1196 5786 1451 5851 vertendo,
1470 5785 1593 5839 inter
1613 5782 1807 5844 noJros
1825 5788 2039 5857 Scripto-

435 5856 519 5897 res
540 5846 803 5897 admodum
825 5844 1004 5900 clarus.

2161 4723 2378 4781 Grieras
2407 4723 2658 4795 loquendi
2689 4723 2944 4778 formulas
2976 4721 3266 4787 imbiberit,
3300 4733 3357 4778 ut
3383 4722 3543 4777 etiam
3571 4722 3785 4782 Latine

2159 4818 2422 4883 scribens,
2444 4816 2652 4872 illarum
2676 4815 2914 4871 oblivisci
2943 4816 3207 4884 nequiret.
3239 4815 3304 4871 Et
3318 4810 3782 4888 vero'scrips’isse

2158 4925 2281 4965 eum
2309 4908 2551 4980 quaedam
2575 4909 2626 4963 in
2660 4908 3043 4970 adolescentia,
3069 4917 3228 4979 atque
3254 4908 3393 4964 adeo
3434 4919 3560 4965 ante
3596 4911 3780 4969 fidem

2158 5004 2357 5059 Christi
2407 5014 2742 5072 susecp‘am,
2792 5002 2931 5057 idem
2978 5002 3040 5058 B.
3098 5002 3456 5076 Hieronymus
3508 5003 3779 5079 locuples

2155 5098 2309 5153 testis
2334 5105 2436 5152 est.
2468 5096 2599 5150 Nam
2631 5113 2650 5146 ‹
2681 5103 2764 5151 est
2794 5094 2987 5166 (Inquit
3024 5096 3112 5152 lib.
3136 5098 3189 5153 1.
3211 5097 3332 5152 adv.
3357 5097 3563 5167 Jovin.)
3592 5097 3777 5172 hujus

2154 5192 2257 5247 loci
2290 5191 2593 5262 nuptiarum
2616 5192 2887 5261 angustias
2912 5190 3242 5257 describere,
3274 5202 3329 5249 et
3348 5195 3498 5264 quasi
3526 5194 3579 5249 in
3601 5209 3778 5254 com-

2153 5284 2403 5343 munibus
2435 5283 2563 5339 locis
2604 5283 2891 5339 Rhetorica
2919 5283 3165 5340 exultare
3192 5299 3462 5343 sermone.
3510 5286 3682 5345 Certe
3711 5299 3779 5349 et

2152 5380 2588 5446 TEBTULLIANUS,
2620 5396 2776 5448 quum
2804 5379 2972 5433 adhuc
3012 5390 3136 5436 esset
3179 5381 3495 5451 adolescens,
3540 5383 3678 5439 lusit
3712 5387 3776 5443 in

2150 5474 2251 5530 hac
2277 5484 2524 5529 materia.
2540 5491 2558 5525 s
2588 5472 2752 5543 Cujus
2774 5472 2893 5528 libri
2912 5484 3285 5544 argumentum
3304 5485 3359 5531 et
3377 5477 3584 5532 titulum
3602 5476 3775 5536 idem

2148 5567 2319 5637 Epist.
2351 5565 2443 5620 92.
2476 5565 2543 5620 ad
2576 5563 2835 5620 Eustoch.
2868 5575 3115 5622 recenset
3142 5586 3155 5621 :
3190 5586 3210 5620 c
3233 5568 3290 5623 Si
3317 5570 3411 5625 tibi
3447 5570 3623 5643 placet
3649 5571 3777 5644 (in-

2145 5659 2283 5731 quit)
2311 5660 2471 5724 scire,
2516 5664 2650 5730 quot
2703 5658 2965 5713 inolestiis
3006 5659 3157 5729 virgo
3198 5658 3388 5727 libera,
3430 5670 3561 5731 quot
3609 5677 3776 5721 uxor

2142 5754 2363 5809 aSIricta
2406 5752 2494 5818 sit,
2549 5753 2695 5823 legas
2724 5751 3144 5808 Tenruuunuu
3183 5769 3252 5809 an
3291 5754 3501 5811 AIICUI
3549 5753 3776 5814 Ριιιιο-

2142 5861 2366 5917 sornsn.
2386 5847 2528 5915 »ρυο
2550 5846 2606 5902 fit
2632 5856 2685 5902 ut
2701 5846 3019 5914 caStitatcm,
3040 5861 3198 5917 quam
3223 5855 3334 5905 ιοιο
3354 5847 3479 5905 vita:
3501 5856 3779 5919 tempore
