4084 6344
336 325 409 384 ιθ
1204 376 1217 387 .
1557 282 2014 378 Taurorum
2062 316 2238 376 VITA.
3561 327 3630 386 50

338 451 505 508 usque
551 433 675 491 adeo
705 448 750 490 c-
776 434 1132 491 mmendatam
1164 415 1366 504 habuit,
1397 437 1557 493 etiam
1581 438 1688 508 jam
1718 435 1841 493 inde
1861 436 1927 491 ab
1954 426 2005 485 A
2032 440 2311 487 nascuntur
2328 431 2603 490 Christiani
2626 434 2724 507 (l).
2752 434 2903 508 Apud
2936 444 3209 495 auctorem
3234 452 3363 496 vero
3385 455 3485 512 qua
3507 442 3623 497 tiam

337 534 432 591 illo
453 533 774 589 observatam
798 545 1137 588 censeamus.
1164 534 1341 603 Atque
1379 532 1515 588 adeo
1543 547 1647 588 non
1676 542 1784 586 tam
1821 548 1961 621 suo.

334 642 493 697 quam
516 626 730 679 aliorum
765 624 1001 690 nomine,
1034 625 1265 696 exempli
1301 627 1491 697 gratia,
1520 626 1722 681 dictum
1752 625 1914 680 intel-

331 720 538 792 ligimus
555 718 686 772 illius
710 718 959 773 Auctoris
985 735 999 773 :
1026 738 1043 771 t
1080 717 1191 789 Ego
1214 735 1291 773 me
1310 720 1416 774 scio
1443 735 1601 791 neque
1638 718 1744 772 alia
1764 734 1919 774 carne

330 812 572 867 adulteria
596 812 924 875 commisisse,
957 828 1115 881 neque
1156 830 1292 867 nunc
1329 814 1435 868 alia
1462 830 1616 869 carne
1658 814 1727 868 ad
1752 814 1918 869 conti-

329 907 543 961 nentiam
570 904 705 959 eniti.
738 903 855 958 Lib.
880 905 943 960 de
965 905 1157 961 [δίκην.
1182 924 1288 963 car.
1314 924 1430 978 cap.
1463 908 1550 964 59.
1568 927 1586 958 ›

399 997 427 1070 ς
469 997 529 1053 ν.
554 996 626 1052 De
657 997 770 1067 ejus
802 1000 1180 1055 conversatione
1221 1002 1275 1055 in
1321 1001 1643 1073 gentilismo,
1679 1001 1743 1055 de
1786 1017 1911 1057 con-

322 1093 481 1165 jugio.
508 1092 561 1149 9.
590 1090 903 1160 Coujuginm
943 1076 1143 1149 tamen
1173 1094 1356 1150 iniisse
1394 1094 1817 1152 TERTULLIANUII
1845 1110 1911 1150 ex

328 1185 495 1241 Libris
523 1184 724 1241 duobus
754 1184 821 1240 ad
853 1184 1086 1242 Uxorem
1121 1187 1460 1257 perspicuum
1509 1196 1631 1243 est:
1665 1186 1908 1243 fortassis

328 1277 460 1349 quod
484 1275 709 1331 nomium
737 1276 965 1332 sublata:
990 1287 1172 1333 essent
1209 1278 1395 1347 Papia,
1429 1279 1655 1351 Popprca
1684 1287 1738 1335 et
1766 1277 1906 1335 Julia

330 1367 495 1440 leges,
521 1383 635 1439 qua:
660 1368 863 1425 liberos
895 1370 1092 1440 suscipi
1122 1370 1386 1441 cogebant
1414 1371 1515 1443 (uti
1542 1371 1658 1442 ipse
1686 1369 1906 1443 fatetur)

329 1472 375 1518 et
400 1461 607 1517 cazlibcs
634 1471 684 1517 et
709 1461 874 1517 orbos
905 1464 1155 1518 vetabant
1194 1479 1260 1520 ex
1302 1473 1625 1521 testamento
1674 1465 1904 1522 solidum

327 1569 355 1610 c
387 1567 510 1624 pere
533 1569 549 1619 ;
576 1552 641 1608 de
662 1553 858 1623 quibus
889 1570 986 1625 per
1010 1552 1268 1611 Severum
1304 1555 1455 1632 .Imp.
1494 1557 1721 1613 sublatis
1759 1557 1903 1613 infra

329 1645 489 1702 latius.
523 1644 753 1713 Quarum
803 1648 980 1717 legum
1021 1648 1333 1704 constitutio
1384 1648 1739 1719 prtescribeus
1783 1666 1899 1704 ma-

310 1737 543 1793 trimonii
571 1747 771 1794 certam
795 1748 1010 1795 mtatcm
1031 1781 1046 1808 ,
1081 1750 1266 1811 utpote
1291 1741 1440 1810 juxta
1472 1740 1748 1798 Platonem
1775 1744 1899 1799 anni

2024 521 2091 576 ad
2117 539 2313 579 annum
2348 525 2488 582 hunc
2512 529 2833 595 pertinentia
2861 530 3105 600 reperire
3132 540 3236 589 est.
3264 531 3535 604 Imprimis
3560 539 3627 594 de

2021 617 2167 673 ctede.
2208 617 2403 688 lmper.
2430 620 2489 676 P.
2516 619 2711 688 Helvii,
2738 620 2798 677 P.
2834 621 2895 677 F.
2928 622 3225 679 Pertinacis
3246 626 3407 682 occisi
3429 642 3482 684 v.
3500 627 3622 685 Kal.

2020 708 2193 779 April.
2251 712 2379 767 illttd
2435 715 2763 785 Apologetici
2826 734 2838 769 :
2889 715 3039 771 Unde
3091 717 3181 787 qui
3231 719 3462 788 faucibus
3527 739 3617 778 ea:-

2021 803 2297 871 primendis
2327 804 2670 874 jalaestricam
2712 802 2993 863 exercent?
3026 808 3065 865 U
3076 809 3175 863 nde
3191 810 3279 882 qui
3310 815 3494 867 armati
3516 832 3618 887 pa-

2019 894 2201 950 latium
2224 899 2516 970 irrumpunt
2539 940 2553 960 ,
2585 902 2819 956 omnibus
2858 900 3075 973 Sigeriis
3110 915 3262 974 atque
3313 905 3607 965 Partheniis

2017 989 2353 1045 audaciores?
2385 992 2459 1047 De
2484 992 2760 1058 Romanis,
2789 995 2842 1049 ni
2876 994 3035 1067 fallor
3071 994 3250 1068 (Apol.
3276 1013 3323 1052 ε.
3352 999 3494 1075 55),
3526 1010 3613 1057 ut-

2016 1092 2141 1153 pote
2167 1086 2255 1154 qui
2289 1085 2339 1141 in
2392 1086 2599 1143 foribus
2656 1087 2836 1158 palatii
2882 1088 2950 1145 ab
3000 1090 3224 1146 armatis
3272 1091 3615 1161 Prmtorianis

2016 1176 2274 1233 militibus
2308 1178 2623 1236 interfecuts
2651 1181 2756 1247 sit,
2786 1183 3031 1239 factione
3052 1182 3183 1239 Laeti
3213 1185 3447 1256 praefecti
3479 1200 3614 1257 prte-

2007 1272 2154 1339 _torio
2202 1273 2443 1343 ejusdem
2472 1316 2486 1337 ,
2519 1275 2669 1345 eujus
2699 1274 2854 1347 jussu
2908 1276 3235 1333 Commodus
3276 1277 3471 1350 lmper.
3505 1295 3611 1335 nco

2013 1364 2183 1419 nmito
2208 1376 2332 1420 ante
2354 1382 2384 1420 a
2406 1365 2658 1421 Narcisso
2701 1367 2903 1423 athleta
2933 1410 2948 1433 ,
2975 1384 3096 1425 cum
3142 1384 3251 1440 quo
3292 1370 3383 1426 ille
3404 1371 3609 1428 solebat

2012 1455 2064 1510 in
2096 1457 2392 1525 palarstrica
2418 1460 2685 1525 exerceri,
2707 1460 3073 1533 strangulatus
3094 1460 3285 1518 fuerat.
3309 1463 3511 1520 Deinde
3540 1464 3573 1519 (ἰ
3599 1487 3608 1518 ε

2010 1546 2205 1619 lmper.
2240 1551 2379 1608 Cass.
2412 1553 2706 1608 Pescennio
2735 1552 2896 1623 Nigro
2916 1597 2929 1615 .
2954 1556 3044 1625 qui
3073 1555 3250 1611 occiso
3269 1554 3421 1626 jussu
3443 1554 3609 1613 Sena-

2011 1650 2097 1695 tus
2123 1641 2551 1714 lmper..C:usar.
2592 1644 2662 1700 Μ.
2696 1645 2948 1701 Didiolil.
2985 1646 3044 1701 Ρ.
3074 1644 3373 1703 Commodo
3402 1649 3608 1705 Severo

2009 1733 2224 1793 Iuliano
2249 1738 2520 1806 Augusto,
2551 1749 2745 1795 exante
2771 1739 2911 1794 diem
2941 1739 3210 1796 Kalendas
3238 1743 3401 1815 Maias
3427 1742 3603 1814 Impe-

333 1847 483 1897 xxxv,
515 1841 754 1887 nostram
786 1832 1073 1888 confirmat
1102 1834 1495 1903 eoujecturam,
1517 1835 1658 1906 quod
1685 1845 1809 1892 ante
1840 1835 1902 1891 Ιί-
1932 1819 1978 1878 Β
2009 1826 2145 1881 rium
2188 1829 2453 1885 imaseml
2476 1872 2491 1896 ν
2523 1830 2652 1886 mild
2688 1831 2928 1903 θὶυδίίεῐη
2959 1832 3058 1888 ίυοῖ
3086 1851 3099 1887 ³
3133 1832 3180 1887 Ρ
3184 1835 3301 1889 lane
3320 1836 3493 1890 εωεενί
3521 1853 3591 1895 ον.

329 1925 430 1980 dem
456 1914 852 1979 matrimonium
883 1926 1249 1992 contraxerit,
1282 1942 1584 1998 quanquam
1624 1938 1802 1984 tamen
1840 1928 1902 1985 li-

333 2018 553 2074 berorum
593 2018 710 2088 ejus
753 2017 897 2073 nulla
938 2019 1147 2088 uspiam
1178 2020 1401 2076 mentio.
1432 2018 1694 2076 Scribitur
1720 2029 1898 2077 autem

342 2125 364 2165 a
380 2110 655 2166 Tritbemio
674 2110 813 2181 apud
839 2110 909 2166 Ca
919 2110 1443 2183 rtbagiuemjaliquot
1473 2114 1627 2169 annis
1644 2113 1899 2170 Rhetori-

341 2219 427 2259 cam
443 2203 675 2275 gloriose
695 2204 942 2262 docuisse
968 2222 983 2273 ;
1015 2215 1196 2276 postea
1224 2214 1278 2264 et
1306 2205 1585 2263 Oratorem
1614 2207 1778 2264 fuisse
1800 2223 1899 2265 seu

331 2312 579 2355 causarum
636 2298 969 2356 Advocatum
1034 2316 1157 2356 mox
1206 2303 1696 2373 comprobabimus.
1742 2302 1898 2361 Jure-

328 2391 599 2446 consultum
631 2392 792 2447 etiam
822 2389 989 2448 fuisse
1031 2402 1244 2448 constat
1269 2409 1335 2448 cx
1378 2396 1541 2449 variis
1566 2396 1758 2466 quibus
1787 2396 1898 2452 uti-

334 2492 409 2537 tur
470 2483 747 2554 pbrasibus
814 2493 871 2540 et
916 2484 1012 2542 JC.
1078 2485 1319 2541 vocibus.
1375 2486 1644 2543 Fortassis
1707 2488 1896 2545 Romae

332 2588 629 2646 przeceptore
675 2591 805 2632 usus
825 2584 907 2632 est
936 2575 1184 2634 Serbidio
1208 2577 1487 2642 Scaevolae,
1517 2589 1570 2634 ct
1596 2580 1893 2636 studiorum

336 2669 515 2740 collega
565 2670 755 2727 Severo
823 2671 959 2742 imp.
1008 2681 1063 2728 et
1105 2672 1327 2729 rEmilio
1375 2673 1671 2745 Papiniano
1700 2684 1895 2732 :artate

332 2769 493 2818 tamen
536 2764 701 2820 minor
744 2764 1101 2837 Severo,qui
1152 2777 1309 2824 natus
1359 2766 1457 2823 fuit
1506 2783 1649 2823 anno
1682 2768 1892 2826 Domini

324 2869 481 2921 cnvt,
514 2864 571 2913 ut
601 2857 1054 2930 quadragenarius
1081 2858 1241 2917 fuerit
1286 2862 1438 2917 initio
1486 2861 1696 2933 Imperii
1728 2863 1887 2921 illius.

320 2946 429 3004 Inde
459 2950 600 3006 enim
625 2950 693 3005 ad
722 2950 885 3008 linem
918 2967 1089 3024 usque
1138 2954 1352 3026 Imperii
1385 2954 1550 3024 ipsius
1576 2966 1627 3010 et
1656 2956 1751 3012 ﬁlii
1775 2960 1893 3027 ejus

317 3042 548 3098 Antonini
576 3042 868 3100 Caraeallte
888 3087 904 3111 ,
934 3047 1035 3101 sub
1062 3046 1256 3116 quibus
1283 3048 1484 3103 Auctor
1509 3048 1693 3105 ﬂoruit
1714 3091 1728 3114 .
1763 3050 1890 3106 anni

315 3133 600 3192 efficiuntur
650 3128 797 3193 xxiv.
831 3148 923 3194 aut
969 3140 1219 3205 circrter;
1252 3150 1307 3196 et
1350 3141 1430 3197 sie
1474 3142 1636 3198 simul
1686 3145 1890 3200 consu-

315 3239 515 3287 tuuntur
540 3248 697 3289 thu.
728 3235 900 3290 artatis
921 3234 1285 3292 Tauruusat
1304 3278 1319 3303 ,
1346 3251 1375 3290 a
1403 3252 1511 3309 quo
1533 3253 1676 3294 anno
1706 3240 1889 3310 (quem

311 3323 708 3382 climactericum
758 3327 1235 3406 vocant'Medtci)
1280 3328 1553 3399 decrepita
1601 3342 1769 3396 tetas,
1821 3333 1890 3387 atl

309 3429 444 3484 quam
473 3432 648 3484 usque
695 3419 859 3485 vixit,
885 3419 1118 3475 exordiri
1148 3422 1305 3476 solet.
1340 3422 1441 3477 Pro
1463 3438 1570 3492 quo
1598 3423 1721 3478 facit
1745 3424 1887 3495 quod

308 3507 358 3563 Β.
382 3510 600 3567 Hieron.
626 3522 681 3567 et
706 3512 1040 3583 Nieepborus
1068 3524 1184 3584 post
1209 3516 1438 3571 mediam
1462 3526 1673 3572 a-tatcm
1698 3516 1749 3572 in
1774 3517 1886 3573 hae-

307 3602 444 3656 resim
470 3603 710 3659 Montani
760 3605 985 3675 lapsum,
1014 3604 1251 3661 scribunt
1279 3648 1295 3674 ,
1330 3622 1523 3677 nempe
1551 3620 1730 3664 nostra
1765 3610 1886 3680 qui-

303 3692 406 3749 dem
429 3697 699 3754 sententia
727 3698 870 3754 circa
897 3714 1095 3753 annum
1141 3700 1315 3756 artatis
1344 3700 1461 3771 ejus
1505 3702 1886 3772 quinquagesi-

305 3802 428 3842 mum
472 3792 734 3855 Iertiutn,
781 3806 924 3846 anno
971 3791 1154 3847 Severi
1206 3808 1294 3847 xv.
1346 3802 1460 3848 toto
1508 3805 1633 3849 ante
1681 3796 1885 3850 obitum

303 3880 557 3938 det-ennio.
596 3882 791 3939 Verum
819 3885 887 3940 de
912 3883 993 3939 bis
1025 3886 1142 3954 plus
1171 3885 1319 3940 satis.
1353 3885 1469 3942 Jam
1501 3885 1568 3943 ad
1597 3886 1883 3946 Historiam

303 3991 565 4049 pergamus
601 3993 866 4035 annorum
896 3979 1106 4035 illorum
1137 3994 1297 4034 xxiv.

812 4209 970 4266 Anno
1000 4207 1051 4266 J.
1096 4209 1158 4265 C.
1188 4223 1367 4266 cxcrv.

361 4429 436 4485 l0.
484 4431 649 4486 Anno
694 4428 853 4498 igitur
908 4429 1115 4483 Domini
1162 4442 1339 4490 cxcrv,
1391 4427 1450 4482 C.
1497 4425 1688 4484 SOSIO
1718 4426 1880 4483 FAL-

300 4518 457 4578 CONE
485 4533 533 4579 et
564 4522 630 4578 C.
660 4521 857 4579 JULIO
887 4519 1147 4594 ERUTIO
1174 4520 1401 4576 CLARO
1427 4520 1592 4575 COSS
1633 4520 1883 4577 S.\’icto-

2006 1918 2150 1974 dines
2176 1937 2271 1990 pro
2294 1922 2597 1977 auctoritate
2617 1924 2843 1995 religiosi
2868 1940 2932 1979 ea:
2952 1923 3052 1994 [ide
3069 1925 3200 1999 nihil
3219 1926 3467 1981 hosticum
3491 1927 3606 2002 (“ll-

2005 2026 2178 2067 versus
2207 2010 2483 2086 Ca’sarent)
2510 2014 2575 2068 de
2602 2016 2713 2088 ipso
2745 2015 2942 2071 Senatu
2966 2057 2981 2078 ,
3007 2017 3070 2071 de
3086 2018 3253 2086 equite
3274 2060 3288 2084 ,
3314 2018 3378 2073 de
3401 2023 3603 2084 castris.

2004 2103 2068 2157 de
2090 2104 2299 2175 palatiis
2328 2106 2451 2176 ipsis
2471 2108 2697 2178 spirant.
2720 2106 2868 2164 Unde
2888 2107 3052 2164 Cassii
3076 2121 3122 2164 et
3147 2108 3347 2182 Nigri?
3367 2111 3604 2180 Quorum

2005 2198 2152 2267 prius
2179 2199 2246 2253 ad
2276 2200 2521 2255 Avidium
2566 2201 2811 2257 Cassium
2856 2202 3086 2259 refertur
3117 2245 3132 2269 ,
3165 2206 3256 2276 qui
3294 2222 3361 2262 ex
3404 2207 3601 2263 famil;.i

2001 2288 2309 2346 Cassiorum
2347 2289 2410 2348 C.
2444 2292 2570 2349 Julii
2594 2292 2734 2349 Caes.
2779 2294 3179 2351 interfectorum
3208 2338 3223 2363 ,
3254 2306 3309 2354 et
3334 2298 3605 2355 Antoniu»

2001 2382 2098 2440 Pio
2123 2394 2179 2441 et
2206 2385 2385 2443 Marco
2413 2402 2477 2444 ac
2508 2387 2649 2444 Vero
2688 2387 2861 2459 lmpp.
2909 2389 3239 2460 principatus
3282 2402 3602 2463 extorquete

2003 2488 2232 2535 conatus
2254 2478 2391 2548 fuit;
2419 2482 2646 2536 alterum
2672 2481 2740 2537 ad
2762 2482 2904 2553 Nigri
2934 2484 3388 2553 conspirationem
3415 2485 3603 2541 advcr.

2000 2583 2095 2626 sus
2123 2571 2382 2627 Severum
2414 2573 2548 2643 Imp.
2584 2570 2704 2627 lam
2733 2582 2778 2627 et
2807 2574 3055 2628 solemnia
3103 2572 3365 2630 Caesarum
3403 2577 3564 2648 (qual.
3590 2598 3600 2627 I

1998 2664 2158 2721 etiam
2188 2665 2417 2722 Kalend.
2445 2667 2618 2724 Juniis
2640 2670 2691 2725 iu
2723 2670 3073 2741 auguratioue
3096 2686 3232 2726 nova
3259 2670 3446 2728 Severi
3472 2713 3487 2739 ,
3509 2674 3597 2742 qui

1998 2765 2154 2812 antea
2186 2755 2364 2815 Idibus
2382 2758 2500 2814 Maii
2520 2760 2589 2825 ab
2617 2762 2854 2817 exercitu
2878 2760 3177 2832 Imperator
3204 2763 3377 2818 dietus
3403 2762 3593 2819 fuerat.

1997 2851 2263 2907 celebrata
2291 2854 2442 2924 sunt)
2474 2852 2673 2909 ibidem
2718 2855 2770 2909 in
2820 2853 2937 2910 haze
2980 2853 3141 2909 verba
3174 2854 3465 2911 describit:
3501 2856 3601 2909 (Ii:-
3636 2930 3637 2933 η

1997 2946 2083 3001 die
2116 2946 2234 3001 laeto
2274 2964 2374 3002 non
2417 2947 2607 3003 laureis
2640 2959 2810 3020 postes
2848 2949 3208 3004 obumbramus
3233 2991 3246 3014 ,
3270 2965 3360 3003 nec
3380 2949 3599 3004 lucernis

1997 3039 2129 3093 diem
2150 3041 2481 3113 infringimus
2498 3042 2524 3096 ?
2548 3051 2601 3098 et
2630 3044 2787 3114 paulo
2814 3054 2968 3114 post:
2993 3042 3143 3115 Ipsos
3167 3044 3410 3110 Quirites,
3432 3030 3595 3116 ipsam

1996 3134 2321 3188 vernaculam
2345 3144 2535 3205 septem
2560 3137 2768 3192 collium
2800 3138 2994 3209 plebem
3033 3141 3313 3205 convenio;
3345 3157 3413 3194 an
3447 3141 3602 3195 alica.

1916 3211 1961 3274 C
1998 3222 2189 3281 Ca'sari
2214 3241 2309 3280 suo
2330 3238 2507 3296 parcat
2544 3227 2639 3282 illa
2675 3229 2852 3301 lingua
2885 3231 3168 3287 Romana?
3193 3231 3356 3288 Testis
3403 3243 3475 3287 est
3508 3231 3566 3286 Ti
3602 3282 3607 3291 .

1995 3317 2126 3373 beris
2146 3359 2163 3382 ,
2193 3329 2241 3373 et
2262 3321 2453 3376 schola:
2482 3323 2773 3377 bestiarum.
2801 3322 2922 3378 Jam
2961 3327 3005 3378 si
3027 3326 3311 3395 pectoribus
3337 3327 3405 3380 ad
3426 3336 3590 3382 trans-

1995 3410 2265 3483 lucendum
2303 3413 2579 3480 quamdam
2618 3414 2935 3483 specularem
2974 3416 3235 3470 materiam
3278 3427 3464 3470 natura
3503 3417 3562 3472 ob

1998 3504 2259 3571 duxisset,
2293 3507 2445 3569 cuius
2475 3524 2577 3563 non
2609 3511 2893 3579 pra’cordia
2922 3511 3177 3581 insculpta
3205 3522 3456 3583 apparent
3481 3518 3593 3567 novi
3622 3554 3628 3558 .

1993 3612 2054 3650 ac
2082 3598 2200 3650 novi
2250 3596 2469 3654 Cwsaris
2526 3616 2730 3655 scenam
2789 3602 3061 3674 Congiaria
3104 3604 3386 3661 dividundo
3411 3608 3589 3677 pra’si-

1992 3692 2160 3746 deutis
2226 3693 2379 3746 etiam
2436 3693 2530 3748 illa
2578 3694 2705 3748 hora
2727 3737 2741 3755 .
2769 3712 2873 3765 qua
2905 3695 3190 3751 acclamant
3227 3713 3247 3753 :
3298 3697 3374 3753 De
3410 3701 3594 3754 nostris

1990 3773 2141 3839 anuis
2167 3785 2258 3839 tibi
2279 3784 2485 3850 Jupiter
2507 3799 2691 3859 augeat
2718 3789 2909 3842 annos?
2932 3789 3043 3845 Hoc
3063 3790 3205 3844 enim
3231 3791 3467 3848 indicant
3491 3793 3596 3849 He—

1993 3860 2263 3931 iodiauus‘
2303 3878 2336 3931 I.
2371 3878 2424 3933 2.
2460 3880 2600 3934 inter
2652 3892 2849 3937 caetera
2877 3882 3120 3937 scribens
3160 3883 3354 3960 Milites
3386 3885 3588 3942 Praeto-

1991 3968 2174 4023 rianos
2200 3970 2402 4025 relictis
2425 3972 2589 4027 armis
2616 3989 2929 4042 pomparum
2955 3974 3138 4030 habitu
3172 3976 3441 4032 laureatos
3463 3994 3590 4049 pro-

1994 4061 2257 4128 cessisse;
2282 4071 2336 4117 et
2359 4062 2674 4134 Spartianus
2699 4080 2762 4120 ac
2790 4063 2935 4121 FaSti
2961 4066 3285 4124 Consulares
3305 4110 3320 4135 ,
3347 4068 3473 4123 dum
3496 4069 3591 4127 50.

1990 4154 2369 4225 postquam‘iu
2420 4155 2604 4211 urbem
2650 4166 2871 4213 venerat
2914 4156 3034 4223 die,
3068 4169 3262 4234 exaute
3294 4160 3434 4216 diem
3466 4160 3586 4216 Kal.

1988 4246 2095 4303 Jul.
2128 4245 2422 4317 profectum
2449 4250 2692 4304 scribunt
2718 4248 2976 4305 Severum
3009 4246 3059 4305 in
3089 4252 3366 4307 Orientem
3399 4264 3592 4307 contra

1989 4337 2211 4409 Nigrum
2261 4351 2543 4412 tyrannum
2571 4382 2586 4408 ,
2619 4339 2762 4397 datis
2810 4341 2957 4413 prius
3006 4341 3147 4413 plebi
3190 4341 3502 4415 Congiario,
3535 4353 3591 4400 et

1990 4430 2256 4487 Douativo
2284 4432 2540 4487 Militibus
2568 4449 2582 4496 ;
2616 4433 2849 4504 denique
2890 4443 2944 4489 et
2990 4436 3106 4489 hac
3135 4425 3471 4490 ttumistnatis
3502 4435 3588 4490 itt-

1988 4528 2251 4595 scriptio:
2285 4525 2609 4583 ΙΜΡ.(]ᾹΞ5.
2657 4527 2716 4582 L.
2767 4526 2963 4583 supr.
3003 4514 3159 4585 suv.‘
3191 4529 3390 4585 rem.
3424 4528 3589 4586 suo.

300 4613 381 4681 ris,
405 4614 462 4672 [ι’.
494 4616 693 4672 Felicis
728 4616 873 4681 Afri.
920 4587 1144 4669 Ilotnani
1180 4614 1449 4670 Pontificis
1477 4628 1564 4667 an.
1594 4628 1710 4669 vui.
1745 4613 1876 4685 Imp.
1907 4586 1960 4645 Β
1988 4586 2133 4675 COS.
2164 4598 2617 4674 LIBERALITAS
2647 4618 2808 4677 AUG.
2841 4636 2947 4690 quo
2989 4622 3220 4691 pertinet
3261 4620 3422 4676 etiam
3443 4620 3590 4691 quod

299 4707 421 4765 (ἔως.
461 4710 522 4767 L.
582 4710 828 4780 Septimii
874 4708 942 4764 M.
975 4709 1040 4765 F.
1080 4708 1234 4772 Afri,
1294 4708 1354 4764 P.
1402 4708 1699 4764 Pertinacis
1769 4709 1878 4763 Atl-

299 4802 577 4869 gttsﬁanuo
611 4820 648 4860 ι.
674 4804 1085 4860 Tenruuunus
1118 4803 1291 4859 adhuc
1326 4787 1876 4859 ethnieus'causarum

301 4876 571 4960 patrtmunt
597 4897 786 4969 agebat
813 4896 1143 4966 Carthagine
1173 4914 1187 4959 ;
1220 4896 1361 4967 quod
1388 4896 1768 4965 comprobatur
1794 4896 1878 4951 his

302 4984 449 5056 ipsius
474 4991 655 5047 verbis
684 5006 802 5060 qua:
852 4992 952 5045 sub
984 4990 1133 5046 Paliii
1165 4992 1406 5060 .pe'rsoua
1447 4989 1515 5044 tle
1558 5003 1617 5045 se
1665 4991 1878 5060 scripsit

299 5077 393 5147 iam
444 5082 783 5139 Christianus
833 5083 1007 5138 factus
1049 5100 1063 5139 :
1105 5082 1214 5155 Ego
1241 5125 1257 5147 ,
1306 5083 1512 5154 inquit,
1549 5084 1680 5138 nihil
1725 5088 1874 5155 foro,

302 5170 413 5227 nihil
444 5191 654 5245 campo,
685 5176 815 5230 nihil
851 5176 1008 5230 curia:
1042 5175 1227 5242 debeo,
1261 5176 1390 5230 nihil
1418 5176 1581 5247 o/ﬁcio
1619 5176 1840 5248 advigila
1860 5218 1874 5244 ,

304 5263 430 5318 nulla
464 5277 629 5321 rostra
655 5285 956 5339 prwoccupo
979 5311 994 5330 .
1025 5269 1169 5322 nulla
1214 5268 1452 5337 prcetoria
1478 5268 1683 5323 observo
1702 5312 1716 5334 ,
1747 5286 1874 5323 can-

302 5356 438 5412 cellos
481 5376 582 5414 non
629 5361 822 5428 adoro,
855 5361 1094 5416 subsellia
1140 5378 1240 5415 non
1287 5361 1575 5425 cantando,
1601 5361 1732 5415 Jura
1777 5380 1878 5418 non

305 5452 552 5517 canturbo,
575 5471 757 5509 causas
795 5467 897 5510 mm
938 5455 1120 5512 elatro.
1171 5455 1300 5509 Plus
1327 5465 1457 5525 toga:
1484 5455 1659 5510 ltesere
1691 5456 1872 5533 Remp.

303 5557 436 5610 quam
456 5546 627 5603 loricae
646 5548 745 5617 (De
770 5548 909 5605 Pali.
942 5566 985 5605 c.
1009 5550 1110 5618 5.).
1138 5550 1295 5606 Certe
1323 5540 1597 5606 ctbnicum
1625 5566 1684 5608 se
1712 5552 1877 5609 fuisse

307 5630 410 5701 ipse
433 5636 642 5702 fatetur,
669 5656 834 5709 agens
858 5641 927 5697 de
964 5642 1168 5712 judicio
1205 5632 1488 5705 extremo.
1514 5643 1621 5697 vita
1672 5651 1728 5699 et
1759 5644 1877 5714 igne

309 5727 540 5793 talentis,
565 5738 620 5785 et
636 5731 988 5788 suscitatione
1013 5732 1388 5789 defunctorum
1421 5750 1435 5787 :
1470 5732 1595 5789 Han:
1615 5774 1630 5800 ,
1662 5734 1872 5806 inquit,

308 5825 351 5869 et
373 5833 459 5875 nos
475 5822 673 5881 risimus
693 5825 972 5896 aliquando
989 5868 1007 5898 ,
1031 5828 1096 5885 de
1115 5828 1289 5884 vestris
1310 5828 1518 5899 fuimus.
1551 5817 1712 5885 Fiunt
1729 5870 1746 5899 ,
1775 5847 1876 5888 non

1988 4713 2453 4783 prtrtermittitur:
2488 4711 2655 4771 lt'ocos
2682 4723 2726 4767 et
2755 4713 2928 4769 thoros
2960 4714 3011 4768 in
3042 4713 3297 4785 publicum
3341 4712 3551 4767 educere
3571 4756 3585 4778 ,

2053 4892 2121 4955 (1)
2160 4893 2379 4957 Ipsemct
2411 4893 2517 4945 suis
2538 4895 2725 4945 diserte
2754 4901 2963 4946 testatur
2994 4895 3324 4946 Tertullianus
3347 4897 3513 4945 verbis
3535 4910 3593 4946 se

1984 4969 2082 5020 una
2100 4970 2207 5005 cum
2226 4957 2489 5020 gentiliut’n
2528 4962 2799 5020 superstiti:
2822 4961 2965 5009 uibus
2994 4960 3182 5008 libidini
3212 4960 3511 5013 inserviis‘se.
3542 4962 3591 5007 in

1983 5017 2107 5087 libro
2125 5019 2194 5087 de
2222 5017 2512 5087 Resurrect.
2536 5017 2642 5084 cap.
2662 5023 2741 5070 59.
2761 5037 2771 5070 :
2792 5025 2890 5083 Ego
2915 5036 3131 5087 ntescro,
3158 5033 3311 5087 neque
3331 5019 3430 5071 alia
3445 5035 3597 5087 carne

1944 5080 1952 5091 '
1982 5078 2240 5149 adulteria
2263 5080 2572 5143 commisisse,
2599 5078 2753 5149 neque
2790 5078 2916 5135 nunc
2954 5082 3053 5134 alia
3077 5078 3323 5149 ‘t‘tlt'tttftttl
3349 5085 3594 5149 continen-

1981 5143 2099 5210 tium
2123 5142 2240 5195 eniti
2267 5157 2405 5210 :_quo
2424 5142 2571 5210 etiarn
2598 5142 2821 5210 tempore
2845 5147 3136 5207 Spectaculis
3150 5142 3507 5210 delectabatur.
3526 5147 3594 5197 de

1982 5207 2177 5269 quibus.
2198 5204 2525 5273 ntolp',_inquit
2547 5204 2731 5273 (Terti,
2758 5208 2820 5258 de
2845 5204 3005 5273 Spect.
3031 5223 3074 5260 c.
3090 5211 3173 5273 419.
3195 5213 3230 5271 ),
3249 5223 3343 5261 non
3365 5207 3589 5273 implere,

1982 5267 2132 5334 quam
2165 5267 2468 5334 meminisse,
2512 5267 2565 5319 id
2593 5280 2684 5326 est,
2720 5267 2892 5334 pauca"
2916 5272 2980 5334 de
3015 5267 3204 5321 iisdem'
3226 5267 3591 5334 dicerc,'quani

1985 5333 2177 5390 eorum»,
2202 5347 2312 5395 qua‘
2354 5333 2467 5384 vidi.
2498 5333 2784 5383 meminisSe
2814 5348 2826 5387 ;
2851 5346 2905 5381 ae.
2944 5333 3067 5383 libro
3103 5335 3167 5383 de
3202 5333 3491 5397 ptentleutia
3531 5346 3589 5383 se

1983 5397 2197 5466 omnium
2231 5402 2549 5466 peccatorum
2591 5398 2856 5466 niaximum
2892 5396 3043 5466 fuisse
3082 5396 3297 5466 fatetur,
3324 5397 3589 5466 lapsisque

1982 5456 2323 5529 pix-pueritiam
2364 5458 2612 5529 suadens,
2639 5459 2705 5506 ait
2757 5458 2769 5519 (
2792 5456 2972 5529 idem"
2991 5458 3071 5529 de.
3092 5456 3369 5529 Pamiteuta
3390 5456 3437 5509 ἒ.
3457 5456 3519 5506 4.’
3547 5466 3595 5509 et

1982 5519 2027 5568 ε.
2053 5520 2129 5584 12.
2159 5521 2176 5583 )
2201 5535 2211 5568 :
2233 5533 2339 5569 eam
2361 5527 2412 5584 tu
2448 5525 2671 5584 peccator
2706 5519 2803 5584 mei
2822 5519 2995 5572 similis
3019 5519 3150 5583 (imo
3185 5534 3261 5572 me
3302 5519 3476 5584 minor,
3503 5533 3594 5584 ego

1983 5582 2112 5648 enim
2125 5573 2458 5648 pra'stantiaai
2479 5579 2530 5631 in
2548 5580 2741 5634 delictis
2763 5596 2921 5648 nteant
2940 5573 3506 5648 agnosco)_ptrtutentiant
3523 5573 3598 5635 ita

1984 5641 2177 5699 invade.
2204 5642 2272 5695 ita
2308 5658 2385 5694 am
2424 5644 2611 5695 textae.
2652 5654 2701 5697 ut
2737 5641 3003 5710 naufragus
3038 5641 3194 5697 alicui
3207 5645 3382 5699 tabula:
3411 5643 3590 5759 fidens.

1985 5706 2099 5759 Cat).
2130 5721 2248 5756 vero
2277 5708 2347 5759 12.
2375 5659 2439 5757 (ile
2466 5708 2560 5757 vita
2585 5709 2635 5756 in
2654 5712 2781 5759 vitiis
2805 5720 3048 5759 transacta
3073 5726 3083 5759 :
3117 5710 3242 5759 Ouid
3267 5720 3355 5759 eao
3375 5722 3407 5758 u
3429 5716 3507 5759 tra
3528 5707 3590 5758 de

1985 5659 2177 5699 tnraae.
2204 5659 2272 5695 tta
2308 5659 2385 5694 am
2424 5659 2611 5695 taxare.
2652 5659 2701 5697 ut
2737 5659 3003 5710 naujragus
3038 5659 3184 5697 attcm
3207 5659 3382 5699 taouta:
3451 5659 3590 5698 acus.

1985 5706 2348 5781 Cap.lvero_12,
2375 5659 2439 5757 ἕρ
2466 5708 2560 5781 vita
2585 5709 2781 5781 invitiis
2805 5720 3048 5781 transacta
3073 5726 3083 5759 :
3117 5710 3242 5781 Quid
3267 5720 3355 5781 ego
3375 5659 3507 5760 πηνα
3528 5707 3593 5758 de

1981 5768 2087 5838 istis
2112 5770 2182 5831 (id
2200 5771 2741 5838 eslhdepqéltitenliai,
2760 5779 2983 5838 peccator
3005 5768 3217 5826 omnium
3236 5768 3457 5825 noiorum
3479 5784 3590 5824 cum

1980 5830 2089 5895 sim,
2108 5830 2196 5884 nec
2222 5830 2311 5884 ulli
2330 5830 2520 5887 rei'nisi
2543 5830 2831 5899 pmnitent’iaz
2850 5841 3008 5888 natas.
