4084 6344
479 349 545 407 5.
1329 397 1332 400 .
1795 347 2257 412 TERTULLIANI
2289 351 2467 415 ιιι-ιι.
3703 338 3809 436 ss

3684 165 3709 193 1

476 467 684 524 uicatim
713 469 940 540 epulari,
971 469 1221 526 civitatem
1263 467 1484 526 taberna:
1507 466 1682 526 habitu
1707 467 1852 526 obole
1879 469 2076 540 facere,
2107 467 2158 530 A
2185 471 2371 529 tonino
2392 471 2528 545 imp.
2560 481 2812 534 consorte
2839 475 2905 535 ab
2931 475 3082 535 initio
3105 494 3120 546 ;
3143 491 3261 552 qua:
3284 485 3467 541 extant
3495 480 3616 543 Cod.
3645 488 3754 550 Lib.

478 564 596 620 uino
621 563 786 618 lutum
811 579 1008 635 cogere.
1034 563 1116 620 Ad
1138 561 1280 620 hunc
1301 571 1560 635 prtetcrea
1581 577 1780 620 annum
1805 563 2060 634 pertinert

2165 563 2232 633 θ.
2261 565 2327 623 Τ.
2361 568 2448 624 14.
2480 567 2518 625 l.
2550 570 2601 625 l.
2629 570 2666 626 l.
2699 572 2753 626 6.
2784 571 2848 629 T.
2873 574 2926 637 2,
2961 575 2998 631 l.
3029 573 3084 630 2.
3110 575 3202 630 lil).
3235 575 3289 631 2.
3317 576 3422 633 Τῑι.
3453 579 3504 636 1.
3533 580 3568 636 1.
3595 583 3646 638 2.
3670 585 3756 644 lib.

479 671 762 715 censemus
790 655 919 712 illud
946 655 1039 712 lib.
1073 655 1138 712 ad
1169 655 1454 726 Scapulam
1485 673 1499 711 :
1530 655 1651 728 Ipse
1677 657 1828 712 etiam
1854 656 2078 714 Severus

479 761 625 824 pater
675 751 920 806 Antonini
967 747 1373 806 Christianorum
1438 765 1631 805 memor
1679 750 1798 822 fuit.
1841 747 1983 804 Nam
2027 757 2076 806 et

476 843 759 920 Proculum
786 844 1152 913 Christianum,
1169 847 1257 916 qui
1291 844 1577 916 Torpacion
1598 845 2070 917 cognominabatur,

476 941 729 998 Euhodiaz
759 952 1165 1014 procuratorem,
1201 944 1290 1018 qui
1327 957 1442 996 eum
1467 957 1555 1012 per
1593 941 1760 995 oleum
1796 939 2073 1007 aliquando

475 1045 760 1103 curaverat,
796 1037 1084 1108 requisiuit,
1109 1045 1156 1092 et
1187 1037 1239 1090 in
1279 1036 1469 1108 palatia
1489 1052 1582 1092 suo
1610 1035 1786 1092 habuit
1814 1051 1974 1108 usque
2003 1036 2074 1091 ad

475 1141 689 1187 mortem
732 1134 842 1204 ejus
871 1149 888 1186 :
913 1148 1058 1204 quem
1085 1141 1131 1186 et
1151 1131 1438 1185 Antoninus
1467 1132 1654 1202 optime
1684 1141 1890 1186 noverat
1918 1128 2070 1186 Chri-

474 1225 640 1279 stiano
661 1223 788 1279 lacte
810 1221 1162 1297 educatus'(L.
1187 1221 1437 1295 atﬁScap.
1462 1240 1512 1279 ε.
1540 1220 1640 1294 4.).
1669 1220 1802 1277 Nam
1822 1221 2070 1278 morbum

473 1316 550 1372 illi
583 1331 797 1387 gravem
825 1314 1114 1386 contigisse
1137 1315 1287 1370 initio
1315 1315 1528 1386 imperii
1550 1357 1564 1379 ,
1597 1330 1658 1372 ex
1685 1313 1830 1370 [Elio
1852 1313 2068 1386 Lampr.

475 1401 714 1464 velinde
739 1417 886 1480 patet
911 1451 925 1476 ,
955 1407 1096 1481 quod
1121 1421 1283 1480 qtntm
1324 1407 1417 1464 lilii
1439 1407 1519 1464 sui
1554 1406 1603 1462 id
1633 1407 1807 1463 tetatis
1835 1425 1940 1464 non
1974 1408 2067 1463 ba-

475 1499 666 1556 berent
709 1511 768 1556 ut
822 1501 1088 1574 imperare
1145 1510 1410 1572 possent,
1440 1501 1697 1557 Severum
1753 1499 1805 1557 id
1855 1501 1908 1557 in
1953 1503 2070 1557 ani-

472 1609 562 1649 mo
592 1593 844 1651 habuisse
873 1594 1167 1665 scripserit,
1189 1603 1264 1659 ut,
1299 1595 1342 1650 si
1372 1594 1499 1668 quid
1527 1595 1628 1650 sibi
1656 1593 1792 1650 forte
1819 1594 2074 1652 Immani-

471 1694 558 1742 tus
601 1686 906 1756 accidisset,
933 1687 1092 1758 Niger
1122 1686 1448 1742 Pescennius
1477 1697 1530 1742 et
1557 1686 1816 1743 Claudius
1845 1685 2070 1746 Albinus

461 1776 861 1847 succederent;
894 1797 1120 1852 quorum
1153 1781 1240 1838 ille
1262 1781 1470 1837 occisus
1497 1779 1592 1836 fuit
1631 1796 1774 1837 anno
1799 1783 2062 1852 sequenti.

471 1871 536 1928 ut
569 1889 729 1945 quum
758 1874 936 1946 (sicuti
979 1873 1116 1930 inira
1165 1873 1346 1948 latius)
1394 1890 1534 1930 anno
1563 1874 1729 1946 ipsius
1756 1875 1810 1931 s.
1845 1876 2071 1931 Antoni-
2101 1856 2148 1918 B

471 1980 572 2020 nus
597 1981 796 2022 annum
822 1979 987 2037 agens
1012 1967 1095 2023 ts.
1121 1967 1260 2023 Cres.
1287 1968 1425 2038 Aug.
1457 1967 1756 2038 appellatus
1773 1966 1843 2024 sit
1869 2009 1884 2034 ,
1908 1981 2069 2037 Opor-

471 2059 603 2116 tebit
651 2058 755 2114 huc
809 2059 1008 2116 referre
1051 2059 1190 2132 quod
1251 2058 1320 2116 de
1353 2059 1495 2116 illius
1535 2060 1722 2116 scribit
1750 2059 2070 2118 educatione

473 2153 696 2208 Auctor.
731 2148 827 2206 Cui
861 2153 1035 2208 simile
1065 2162 1149 2209 est
1189 2152 1316 2208 illud
1365 2152 1432 2209 de
1481 2152 1574 2208 illo
1603 2153 1872 2224 Spartia'ui
1903 2171 1916 2209 :
1952 2171 1970 2205 ‹
2011 2153 2066 2210 Si

373 2307 382 2313 _
469 2245 684 2316 quando
731 2243 858 2301 leris
905 2245 1146 2316 objectos
1191 2245 1472 2301 damnatos
1520 2245 1693 2313 vidit,
1742 2244 1923 2314 flevit,
1974 2255 2068 2303 aut

470 2339 656 2394 oculos
710 2339 922 2395 avertit.
973 2339 1264 2409 Septennis
1319 2353 1470 2409 puer,
1525 2353 1688 2408 tinum
1739 2339 2063 2395 collusorcm

468 2445 626 2486 suum
677 2447 899 2502 puermn
936 2431 1005 2486 ob
1047 2429 1321 2486 Judaicam
1353 2430 1665 2502 religionem
1699 2432 1912 2502 gravius
1940 2445 2064 2489 ver-

469 2523 711 2581 beratum
760 2523 1026 2588 audisset,
1061 2539 1234 2596 neque
1279 2535 1486 2595 patrem
1535 2540 1726 2592 suum,
1757 2538 1930 2596 neque
1973 2539 2066 2596 pa~

469 2623 606 2672 trem
637 2615 813 2686 pueri,
833 2630 1009 2688 neque
1033 2628 1308 2672 auctorem
1343 2615 1624 2672 verberum
1649 2615 1739 2672 diu
1769 2617 2006 2686 reSpexit
2039 2635 2056 2668 ι

468 2706 756 2763 Christiano
801 2723 915 2764 vero
965 2709 1093 2763 lacte
1137 2709 1445 2773 educatum,
1479 2724 1544 2765 ex
1585 2721 1650 2764 eo
1692 2708 2062 2777 confirmatur,

468 2799 609 2873 quod
639 2798 881 2872 Lugduni
906 2809 1061 2858 natus
1090 2801 1180 2869 sit,
1215 2801 1302 2858 ubi
1331 2801 1542 2875 vigebat
1573 2799 1705 2858 ﬁdes
1731 2799 2058 2859 Christiana.

937 2941 1092 2998 Anno
1127 2941 1332 2999 Domini
1365 2957 1525 3000 cxcv.

532 3022 618 3127 ll.
669 3071 804 3128 l.\lP.
843 3073 1022 3130 CASS.
1055 3071 1118 3130 L.
1140 3074 1460 3133 SlCP.SEV.
1483 3077 1682 3134 PEllT.
1709 3079 1948 3138 AVGJI.
1973 3081 2063 3140 ET

466 3163 530 3219 Π.
551 3163 851 3222 CLAUlllO
869 3168 1061 3224 SEPT.
1082 3171 1120 3224 Α
1133 3169 1331 3227 LBINO
1347 3169 1520 3228 CAES.
1543 3171 1606 3226 ll.
1627 3171 1814 3230 COSS.
1835 3175 2058 3232 anno'9.

2177 655 2233 712 2.
2266 657 2331 714 Τ.
2361 659 2454 715 24.
2488 660 2526 716 1.
2560 662 2613 718 1.
2642 672 2695 719 et
2723 665 2815 720 lib.
2837 665 2890 720 8.
2922 665 2986 722 Τ.
3022 667 3110 724 16.
3145 668 3182 722 1.
3217 670 3270 726 1.
3302 671 3380 725 Ad
3414 671 3549 730 hunc
3573 691 3758 736 annum

2179 752 2448 822 pertinere
2475 768 2760 812 censemus
2783 800 2798 826 ,
2829 759 2986 829 cujus
3029 775 3100 816 ex
3133 761 3366 818 Eusebio
3396 781 3553 838 supra
3581 772 3762 827 mend-

2176 845 2377 910 nimus,
2397 848 2594 905 bellum
2617 850 2899 910 .ludaicum
2921 865 2974 910 et
2993 855 3389 926 Samariticum,
3407 860 3472 917 de
3495 879 3596 934 quo
3611 867 3761 924 etiam

2176 937 2505 1011 Freculplms
2525 943 2892 1014 Lexoviensis,
2911 949 3052 1006 unde
3067 959 3122 1006 et
3137 951 3416 1010 Judaicum
3435 955 3760 1035 (cognomen)

2176 1033 2226 1089 ei
2257 1035 2494 1093 oblatum
2522 1037 2709 1097 fuisse.
2742 1043 2860 1110 Quo
2891 1043 3100 1102 videtur
3115 1062 3178 1103 ex
3209 1060 3357 1119 parte
3377 1053 3639 1123 respicere
3670 1033 3768 1115 Au-

2175 1133 2294 1182 ctor
2315 1126 2383 1184 de
2414 1128 2613 1187 Judtcis
2662 1149 2864 1205 agens:
2897 1135 3168 1210 Dispersi(
3195 1141 3361 1212 inquit
3390 1144 3429 1214 ),
3463 1147 3764 1220 palabundi,

2164 1225 2224 1286 _et
2254 1221 2368 1276 coeli
2391 1232 2437 1278 et
2466 1225 2566 1280 soli
2591 1228 2672 1280 sui
2695 1238 2920 1285 extorres
2951 1244 3198 1304 vagantur
3224 1252 3312 1304 per
3335 1237 3540 1307 orbem,
3568 1241 3670 1295 sine
3683 1245 3768 1298 ho-

2179 1313 2332 1380 mine,
2359 1315 2469 1370 sine
2491 1315 2599 1373 Deo
2625 1317 2784 1392 Rege,
2801 1322 2980 1392 quibus
3007 1343 3096 1380 nec
3122 1327 3428 1383 advenarum
3449 1333 3566 1403 jure
3587 1343 3762 1390 terram

2179 1406 2398 1476 patriam
2433 1411 2613 1464 saltem
2666 1414 2873 1485 uestigio
2921 1417 3142 1474 salutare
3190 1423 3482 1476 conceditur
3511 1423 3758 1496 (Apolog.

2177 1512 2223 1553 e.
2255 1497 2316 1554 21
2333 1500 2394 1572 .).
2417 1500 2568 1558 Unde
2590 1505 2818 1575 conjicio
2835 1507 2957 1562 belli
2979 1510 3120 1566 illius
3147 1514 3505 1579 occnsioncm,
3527 1517 3766 1587 quodin-

2176 1587 2347 1646 dream
2378 1593 2574 1650 vellent
2605 1605 2882 1664 repetere,
2912 1602 3032 1672 quia
3078 1602 3181 1658 illis
3208 1604 3276 1660 ab
3320 1605 3587 1663 lladriano
3635 1608 3763 1680 imp.

2177 1683 2521 1742 interdictum
2551 1687 2742 1745 fuerat.
2782 1691 2895 1748 lluc
2918 1695 3080 1750 etiam
3105 1696 3446 1754 referendum
3474 1701 3614 1772 qunti
3641 1705 3767 1758 seri-

2177 1775 2253 1830 bit
2299 1775 2527 1848 Niceph.‘
2576 1780 2722 1837 Eccl.
2763 1782 2890 1840 hist.
2942 1785 2978 1840 l.
3030 1787 3096 1851 5,
3127 1805 3246 1860 cap.
3291 1790 3344 1844 2.
3377 1792 3766 1863 Severiimrerii

2177 1870 2322 1926 initio
2344 1874 2470 1927 satis
2501 1875 2628 1930 bono
2659 1876 2770 1930 loco
2798 1895 2876 1933 res
2901 1890 3093 1958 nostra;
3120 1883 3264 1954 fuere
3292 1926 3306 1949 ,
3340 1885 3394 1938 in
3424 1885 3624 1954 diesque
3651 1888 3764 1957 ﬁdei

2175 1966 2426 2037 professio
2465 1979 2737 2040 augmenta
2759 1987 2854 2025 sua
2881 1975 3044 2044 cepit,
3073 1991 3246 2031 eorum
3275 1995 3402 2048 quos
3435 1981 3761 2035 recensuimus

2175 2056 2652 2118 Ecclesiasticorum
2679 2065 2947 2122 doctorum
2971 2070 3176 2139 scriptis
3213 2083 3364 2144 atque
3391 2075 3630 2130 doctrinis
3658 2092 3760 2130 eam

2174 2152 2593 2221 prore/rentibus,
2627 2157 2776 2228 idque
2800 2159 2854 2214 in
2885 2163 3121 2218 maximis
3141 2165 3427 2235 quibusque
3458 2169 3758 2237 potissimum

2171 2244 2396 2308 urbibus,
2425 2247 2665 2305 nimirum
2713 2251 3043 2309 Alexandrite
3063 2297 3076 2322 ,
3131 2257 3418 2314 Antiochia:
3442 2302 3456 2326 ,
3486 2259 3644 2318 (Elia:
3664 2305 3677 2328 ,
3715 2274 3758 2318 et

2171 2351 2262 2406 per
2293 2337 2626 2395 Palaestinam
2669 2359 2866 2400 omnem
2891 2387 2905 2410 ,
2934 2345 3128 2419 Ephesi
3152 2391 3168 2417 ,
3199 2351 3448 2408 Caesarea:
3470 2397 3483 2418 ,
3534 2366 3580 2412 et
3623 2355 3758 2412 Occi-

2170 2431 2370 2485 dentem
2416 2447 2626 2500 versus,
2667 2434 3081 2508 Thessalonica,
3128 2442 3337 2499 Athenis
3364 2487 3380 2514 ,
3425 2446 3682 2515 Corinthi,
3709 2450 3755 2504 in

2171 2521 2355 2580 Galliis
2379 2566 2393 2590 ,
2425 2536 2472 2581 et
2494 2526 2671 2584 Romae
2702 2535 2936 2588 niaxime.
2967 2531 3226 2591 Universa:
3250 2539 3388 2592 attint
3419 2542 3751 2596 multitudines

2169 2623 2216 2669 et
2243 2615 2424 2672 domus
2466 2627 2586 2674 tota:
2617 2621 2696 2675 ad
2735 2623 2888 2691 [idem
2931 2627 3234 2684 accedebant
3261 2671 3274 2694 ,
3302 2631 3506 2702 quidvis
3532 2637 3690 2706 facere
3715 2643 3756 2688 et

2169 2709 2277 2778 pati
2305 2721 2500 2780 parata:
2529 2755 2544 2780 ,
2577 2731 2728 2786 quam
2757 2727 2810 2771 ut
2837 2720 3108 2788 quidquam
3141 2732 3321 2778 contra
3349 2725 3646 2798 religionem
3669 2743 3756 2782 no-

2167 2811 2327 2858 stram
2351 2818 2560 2876 agerent
2606 2820 2695 2864 aut
2741 2821 3002 2868 novarent.
3035 2813 3150 2883 Qua
3181 2819 3472 2877 occasione
3499 2823 3656 2878 etiam
3684 2838 3760 2878 re—

2167 2900 2421 2955 censendi
2449 2899 2533 2957 hic
2559 2904 2802 2973 veniunt,
2834 2921 3059 2976 quorum
3083 2918 3191 2965 tum
3215 2912 3321 2978 ille,
3351 2922 3468 2970 tum
3489 2915 3756 2982 Eusebius,

2167 2992 2758 3080 meniincrunt;lmjns
2805 3001 2980 3056 aetatis
3028 3001 3392 3062 Ecclesiastici
3446 3011 3758 3080 scriptores,

2167 3083 2399 3140 maxime
2445 3100 2607 3156 quum
2637 3074 2896 3160 ipsorum
2953 3095 3170 3165 scriptis
3215 3105 3270 3152 et
3318 3098 3588 3156 doctrinis
3630 3081 3759 3157 haud

2167 3173 2327 3232 dubie
2365 3189 2638 3252 acceptam
2683 3183 2878 3241 debeat
2925 3201 3076 3243 suam
3125 3195 3540 3252 conversionem
3572 3199 3761 3252 Auctor

462 3255 520 3312 S.
564 3256 790 3314 Victoris
833 3259 991 3315 Rom.
1039 3261 1195 3318 Pent.
1248 3273 1304 3319 et
1345 3263 1511 3336 ipsius
1559 3265 1743 3322 Severi
1779 3265 1842 3325 ll.
1886 3266 2062 3326 adhuc
2089 3234 2134 3298 C
2169 3278 2373 3326 noster.
2407 3273 2562 3342 Apud
2589 3273 2966 3334 Alexandriam
3006 3279 3308 3340 Demetrius
3347 3285 3648 3358 Episcopus
3674 3287 3756 3344 12.

465 3347 788 3421 Carthagine
816 3365 1100 3409 causarum
1149 3354 1310 3411 fuisse
1373 3355 1694 3413 advocatum
1753 3357 2056 3418 TERTUL.
2098 3413 2100 3417 .

460 3443 753 3502 verisimile
803 3455 906 3502 est.
937 3447 1014 3503 Ad
1049 3446 1188 3506 hunc
1219 3459 1397 3507 autem
1438 3467 1641 3508 annum
1685 3454 1872 3512 referri
1900 3457 2062 3515 debet

460 3533 591 3590 illud
622 3537 786 3619 ipsius
814 3539 908 3595 lib.
945 3539 1010 3596 ad
1041 3542 1319 3614 Scapulam
1347 3561 1359 3598 :
1387 3543 1477 3600 Sic
1497 3553 1542 3602 et
1567 3549 1704 3603 circa
1733 3549 2058 3622 Majcstatcm

460 3616 797 3698 Imperatoris
817 3633 1160 3704 infamantur,
1195 3645 1361 3692 tamen
1392 3653 1649 3710 nunquam
1681 3641 1938 3704 Albiniani
1969 3660 2059 3700 nec

462 3719 710 3793 Nigriani
735 3726 813 3779 vel
831 3723 1061 3789 Cassiani
1092 3730 1307 3785 inveniri
1335 3741 1606 3798 potuerunt
1635 3733 1948 3804 Christiani;
1970 3739 2058 3792 sed

457 3811 615 3870 iidem
659 3816 758 3886 ipsi
788 3817 874 3886 qui
904 3836 992 3888 per
1021 3819 1206 3876 Cenios
1241 3837 1414 3878 eorum
1444 3824 1497 3880 in
1535 3826 1700 3897 pridie
1726 3842 1883 3897 usque
1904 3828 2070 3900 jura.

458 3916 664 3974 nerant,
695 3909 784 3980 qui
808 3926 899 3978 pro
925 3913 1086 3968 salute
1113 3930 1284 3970 eorum
1306 3915 1495 3972 hostias
1521 3927 1568 3972 et
1596 3921 1816 3991 fecerant
1837 3931 1882 3975 et
1909 3939 2055 3978 vove-

458 3995 777 4062 rant,hostes
797 4019 968 4056 eorum
993 4015 1108 4058 sunt
1137 4007 1318 4076 reperti
1347 4007 1450 4079 (Ad
1473 4009 1629 4080 Scap.
1656 4000 1758 4081 2.).
1786 4009 1896 4067 Hoc
1913 4013 2056 4070 enim

459 4104 603 4145 anno
630 4090 821 4162 imper.
843 4093 980 4150 Cres.
1005 4095 1066 4150 C.
1098 4097 1420 4156 Pescennius
1443 4100 1601 4172 Niger
1621 4099 1804 4159 Justus
1825 4105 2052 4176 August.

459 4182 669 4238 occisus
713 4193 796 4240 est
833 4185 971 4254 apud
1001 4188 1250 4259 Cyzicum
1273 4231 1286 4257 ,
1321 4192 1440 4248 sive
1484 4192 1673 4251 lsicum
1698 4195 1850 4267 jux'a
1882 4197 2054 4255 llero-

455 4272 675 4330 dianum
700 4321 714 4344 ,
742 4293 846 4346 quo
886 4277 1025 4335 iacto
1057 4297 1176 4336 mox
1216 4273 1449 4342 Severus
1479 4301 1573 4343 eos
1598 4287 1886 4348 Senatores
1914 4293 2056 4347 occi-

457 4365 532 4422 dit
605 4368 694 4438 qui
739 4367 884 4442 Nigri
936 4385 1114 4442 partes
1160 4379 1330 4434 secuti
1377 4380 1586 4436 fuerant
1621 4389 1675 4438 et
1724 4397 1847 4440 eum
1887 4383 2054 4457 Nigro

457 4461 818 4518 militaverant
849 4465 1048 4522 Ducum
1092 4477 1182 4524 aut
1209 4469 1569 4530 Tribunornm
1604 4475 1857 4544 nomine,
1887 4477 2048 4536 alios-

455 4568 562 4625 que
587 4569 774 4614 omnes
805 4559 1042 4631 exceptis
1083 4561 1336 4620 Mditibns
1357 4607 1371 4634 ,
1399 4582 1532 4638 quos
1577 4568 1893 4641 impunitate
1921 4558 2046 4644 pro;

453 4651 624 4720 posita
661 4655 860 4724 recepit
888 4673 903 4721 ;
935 4655 1283 4716 Antiochenis
1314 4663 1584 4735 privilegia
1611 4705 1624 4731 ,
1657 4675 1712 4722 et
1739 4665 2044 4740 Neapolita-

454 4742 539 4800 nis
591 4743 680 4816 jus
729 4747 960 4804 civitatis
1006 4751 1194 4808 cadem
1241 4753 1308 4810 de
1356 4770 1516 4812 causa
1563 4757 1784 4816 ademit.
1831 4762 2050 4835 Aliquot

455 4835 650 4894 deinde
703 4839 1060 4899 Barbarornm
1114 4844 1288 4918 [leges
1333 4848 1502 4918 (juxta
1549 4850 1933 4927 Onuphrium),
1957 4855 2048 4928 qui

454 4929 618 5002 Nigro
663 4933 873 4990 fuerant
918 4938 1152 5007 auxilio,
1185 4955 1214 4995 a
1262 4941 1463 4999 Severo
1515 4945 1639 5003 victi
1683 4959 1846 5017 sunt;
1879 4967 2047 5023 quare

455 5023 569 5092 ipse
599 5023 734 5080 1MP.
759 5025 825 5082 ll.
857 5027 942 5083 111.
971 5040 1022 5083 ct
1044 5030 1156 5086 Illl.
1185 5033 1485 5104 appellatus
1530 5047 1644 5094 est:
1679 5055 1814 5111 quos
1862 5057 2052 5102 onmcs

453 5116 734 5189 Nigrianos
782 5123 984 5180 Auctor
1027 5135 1211 5184 noster
1253 5129 1506 5200 appellat.
1539 5132 1690 5200 Quod
1719 5145 2050 5204 postremum

451 5209 738 5268 conﬁrmat
781 5225 1020 5272 nostram
1065 5227 1205 5273 sent.
1251 5219 1320 5276 de
1373 5222 1682 5292 Arabibus,
1741 5225 1952 5286 Parthis
1996 5241 2052 5289 ct

451 5301 744 5360 Adiabenis
771 5305 874 5362 hoc
897 5322 1042 5363 anno
1070 5308 1334 5379 devictis;
1363 5323 1522 5386 atquc
1564 5315 1700 5372 adeo
1745 5316 1846 5374 huc
1879 5324 2048 5392 perti-

451 5407 583 5452 ncnt
612 5397 986 5470 inscriptiones
1012 5401 1361 5462 Nummorum
1385 5417 1438 5464 et
1467 5409 1790 5468 Marmornm
1815 5416 2049 5488 antiquae

378 5499 391 5504 '
449 5504 614 5560 supra
641 5492 818 5548 citata)
849 5507 862 5557 ;
893 5503 946 5550 et
976 5497 1204 5566 proinde
1246 5498 1376 5555 illud
1409 5501 1692 5559 Auctoris:
1727 5503 1932 5562 barbari
1953 5527 2045 5564 ea:-

446 5581 577 5636 clusi
599 5582 700 5655 (De
739 5583 878 5641 Pall.
907 5603 950 5641 c.
981 5587 1084 5658 2.).
1111 5589 1178 5645 Et
1204 5605 1328 5648 vero
1345 5591 1766 5652 Constitutioncs
1789 5597 1870 5654 his
1888 5600 2042 5656 (loss.

449 5671 606 5727 editae
634 5676 784 5730 titulo
829 5677 1016 5765 διεξοιλί
1060 5690 1114 5737 et
1160 5683 1416 5741 Antonini
1464 5689 1634 5759 Augg.
1667 5688 1806 5747 datm
1835 5707 1887 5746 ν.
1920 5691 2042 5750 Kal.

445 5761 651 5831 Martii,
683 5781 761 5822 ιιι.
790 5761 906 5824 Kil.
937 5771 1092 5840 Maii,
1127 5773 1290 5835 Nonis
1316 5775 1441 5834 Julii
1467 5795 1537 5835 γι.
1571 5780 1689 5839 Kal.
1722 5781 1840 5840 Oct.
1873 5793 1929 5842 et
1959 5801 2036 5844 st.

441 5852 834 5920 Kal.Novemb.
874 5865 1195 5926 conﬁrmant
1237 5869 1380 5942 quod
1407 5885 1566 5944 supra
1592 5872 1822 5938 diximus
1838 5875 1906 5936 de
1928 5878 2036 5938 An-

661 6097 696 6104 μ
725 6098 734 6106 ο

2164 3374 2227 3416 ac
2255 3361 2562 3436 Presbyteri
2588 3365 2896 3424 Panthenns
2943 3383 2999 3428 et
3053 3373 3166 3444 ejus
3194 3376 3498 3447 discipulus
3520 3379 3760 3437 Clemens

2165 3452 2429 3508 Alexand.
2461 3456 2758 3514 Antiochia.-
2777 3457 2830 3516 9.
2864 3461 3044 3532 Episc.
3080 3466 3302 3538 Serapio
3324 3511 3340 3536 ,
3369 3471 3760 3545 Hierosolymo-

2163 3559 2280 3601 rum
2327 3549 2417 3604 5-1.
2440 3548 2692 3616 Cordius,
2741 3553 3001 3611 Caesarea:
3043 3557 3342 3616 Pabestiua:
3391 3564 3754 3637 Theophilus,

2165 3637 2434 3710 Ephesius
2463 3641 2808 3715 Polycrates,
2839 3647 3092 3706 Ponticus
3153 3637 3365 3710 Palmas
3395 3701 3410 3723 ,
3445 3659 3668 3716 Berillus
3708 3669 3757 3715 et

2112 3801 2119 3817 υ
2162 3730 2412 3788 Bachilns
2437 3730 2722 3807 Corinthii,
2755 3739 2806 3796 in
2831 3741 3010 3799 Africa
3036 3744 3358 3820 Carthagine
3397 3754 3752 3826 Agrippinus,

2161 3819 2406 3897 Lugduni
2453 3827 2741 3886 Galliarum
2809 3834 2868 3890 S.
2943 3819 3465 3904 lrcnmusgllomae
3536 3848 3756 3920 denique

2161 3915 2412 3974 S.Vietor
2437 3919 2594 3976 Pont.
2625 3924 2800 3996 Atque
2825 3926 2958 3984 adeo
2982 3930 3104 3986 hinc
3121 3935 3474 3993 conﬁrmatur
3493 3915 3756 3996 nostra-cx

2160 4009 2264 4067 MS.
2297 4012 2418 4069 cod.
2453 4014 2612 4071 lectio
2638 4018 2776 4088 apud
2810 4021 2965 4076 Auct.
3019 4023 3207 4090 Quales
3249 4045 3367 4099 ergo
3405 4031 3566 4104 Leges
3613 4034 3751 4100 istae,
3829 4030 3841 4038 ’

2159 4121 2286 4175 quas
2311 4107 2578 4163 adversum
2605 4127 2695 4166 nos
2721 4115 2817 4168 soli
2845 4127 3072 4170 exercent
3096 4119 3243 4187 impii
3263 4163 3278 4186 ,
3307 4121 3491 4191 injuin
3520 4168 3534 4192 ,
3569 4135 3753 4194 turpes.

2159 4206 2358 4266 truces,
2413 4202 2560 4270 vani,
2609 4203 2910 4272 dementes;
2964 4225 3093 4279 quas
3127 4213 3313 4268 ‘nullus
3341 4213 3535 4284 (Pius,
3593 4217 3756 4271 nullus

2170 4291 2326 4348 Verus
2353 4295 2642 4366 impressit?
2673 4297 2833 4368 (Ibid.
2862 4317 2908 4355 c.
2941 4303 3020 4370 5.)
3050 4319 3240 4375 nempe
3258 4319 3426 4378 usque
3449 4308 3516 4366 ad
3544 4309 3597 4366 id
3630 4318 3757 4366 lem-

2157 4387 2304 4459 poris
2329 4403 2434 4461 quo
2464 4391 2867 4466 Apologeticum
2899 4397 3084 4453 edidit.

2635 4524 2790 4584 Anno
2833 4528 3044 4588 Domini
3083 4547 3259 4590 cxcw.

2206 4658 2232 4731 §
2261 4659 2344 4715 \‘I.
2375 4659 2910 4738 Quandonam,:quare
2928 4671 3192 4726 occasione
3211 4688 3270 4726 ac
3291 4673 3474 4744 quibus
3495 4674 3754 4731 momentis

2151 4749 2470 4808 Christianus
2491 4757 2724 4812 evaserit.
2745 4790 2815 4800 —
2848 4760 2932 4815 lit.
2967 4764 3030 4830 ρ.
3073 4763 3326 4820 ιτιεινιυ
3374 4751 3754 4825 ’Τειιτυιιο

2153 4844 2458 4904 SCAPULA
2490 4858 2540 4906 et
2570 4849 2632 4906 Τ.
2653 4849 2902 4909 FLAVIO
2927 4855 3296 4912 CLEMENTE
3321 4856 3506 4916 COSS.
3525 4861 3757 4916 S.Viclo-

2154 4941 2226 4996 ris
2250 4941 2406 4998 Rom.
2431 4942 2586 5000 Pent.
2606 4959 2746 5002 anno
2766 4963 2820 5002 ιι.
2845 4948 3100 5004 ctSeveri
3123 4967 3198 5007 Ill.
3225 4951 3755 5010 TERTULLIANUS

2159 5032 2279 5090 lidei
2308 5033 2626 5092 Christianae
2648 5078 2664 5102 ,
2702 5053 2817 5094 mea
2847 5039 3062 5109 quidem
3106 5045 3394 5109 sententia,
3423 5061 3625 5102 nomen
3657 5044 3764 5100 de:

2153 5123 2232 5181 dit
2260 5125 2358 5200 (1),
2389 5125 2620 5200 Imperio
2642 5129 2750 5200 jam
2783 5145 3002 5203 prorsus
3032 5146 3239 5205 pacato,
3268 5151 3389 5194 cum
3421 5137 3631 5196 Severo
3653 5137 3752 5193 im-

2222 5259 2862 5334 [l)._Ha_nc_Jac._‘Pamelii
2901 5271 3198 5334 sententiam
3237 5271 3418 5324 Petrus
3454 5273 3672 5324 Allisius
3707 5273 3757 5323 in

2153 5321 2366 5395 dissert.
2378 5326 2441 5374 de
2457 5325 2675 5395 _Tertull.
2701 5332 2796 5379 vita
2821 5327 3064 5395 €l_Scripl.
3080 5333 3218 5382 Paris
3235 5321 3748 5387 ltiSOIetv'l‘illem'on-

2152 5386 2268 5459 tius,
2293 5387 2574 5459 meinojres,
2597 5397 2847 5459 t._lt_t>._art.
2875 5386 3010 5459 2,71):
3042 5396 3122 5444 87.
3163 5397 3405 5455 reﬁciunt.
3444 5386 3674 5459 Quidam,
3702 5402 3756 5448 ut

2150 5449 2312 5512 refert.
2334 5451 2402 5502 Cl.
2431 5451 2484 5500 l’.
2513 5452 2671 5510 Berti,
2693 5449 3052 5506 DissertJllist.
3079 5465 3192 5506 tom.
3286 5449 3528 5512 saeculi?»
3555 5449 3751 5512 disscrt.

2149 5509 2196 5583 4:
2247 5513 2269 5573 §
2305 5515 2351 5562 2.
2379 5528 2428 5576 p.
2463 5515 2572 5564 415.
2623 5509 2681 5564 ad
2717 5517 2864 5587 iidem
2900 5519 3210 5587 christianum
3248 5509 3544 5587 conversum
3561 5509 3755 5587 "(foliati

2149 5573 2279 5623 circa
2303 5573 2824 5650 ea'tenu‘i‘oratgnibus
2847 5584 3039 5644 scripsit
3059 5581 3237 5650 librum
3255 5585 3318 5650 de.
3335 5573 3508 5650 Pallio,
3534 5573 3644 5650 pdst
3665 5599 3751 5634 an-
3775 5610 3777 5614 -

2150 5649 2266 5685 num
2289 5638 2478 5710 scilicet
2499 5640 2606 5691 208.
2629 5638 2730 5690 Sed
2753 5643 2892 5710 plura
2915 5638 3082 5710 catam
3113 5647 3401 5698 Tertulliani
3423 5638 3584 5710 opera
3607 5655 3755 5710 antea

2147 5703 2549 5783 conscriptranqgtn
2567 5703 2776 5783 nostram
2793 5705 2855 5754 ab
2875 5719 2935 5755 eo
2957 5706 3218 5780 professum
3237 5710 3424 5783 delent-9
3435 5703 3658 5783 s'ltibeut.
3680 5709 3751 5783 Ad

2149 5773 2329 5812 annum
2349 5765 2753 5830 Alﬁﬁjl‘ertulliani
2777 5765 3150 5820 conversionem
3181 5772 3339 5823 refert
3373 5771 3664 5830 Fabricius,
3691 5771 3752 5818 ad

2145 5838 2323 5908 annuIm
2343 5827 2430 5908 l_70
2445 5828 2745 5908 Qudittusgad
2758 5834 3044 5908 annunt_l8§
3057 5833 3570 5908 Ωδνεειιεηιιξιιβίιειιιιεξξ
3586 5827 3754 5886 tamen

2144 5893 2198 5941 et
2217 5888 2332 5941 solis
2353 5891 2647 5954 conjecturis
2669 5893 2842 5949 inuisi.
2860 5894 2987 5951 Vide
3006 5888 3384 5963 Lumper,'ibid.
3531 5897 3654 5951 Eoo.
