4082 6338
274 355 366 443 εξ»

1624 350 2093 414 TERTULLIANI
2131 351 2315 413 VITA.

3537 355 3610 415 5‘
3669 379 3679 388 .

278 484 623 556 perantibus
638 482 913 542 Antonino
937 480 1053 554 ejus
1079 476 1189 536 lilio
1205 482 1259 535 et
1280 472 1474 532 Claud.
1494 470 1692 530 Albino
1716 469 1902 527 Ccesa-
1932 470 1985 533 A
2008 470 2048 528 ι.
2078 468 2146 525 de
2170 468 2337 525 Pallio
2362 480 2414 527 c.
2439 450 2513 540 2,
2541 475 2595 527 et
2617 468 2857 542 ejusdem
2885 468 3112 543 Apolog.
3131 481 3251 543 cap.
3281 470 3354 530 40
3375 512 3391 543 ,
3420 485 3527 544 quo
3552 479 3609 531 et

276 578 450 635 ribus
473 623 489 645 ,
524 578 670 649 quod
700 577 836 633 adeo
864 575 1076 646 Triplex
1105 570 1385 643 Imperium
1410 576 1569 624 vocat
1597 565 1775 623 verbis
1804 579 1902 627 su-

277 687 389 744 pra
412 673 599 728 citatis
617 715 632 735 .
652 687 761 744 quo
779 670 1056 727 Lectorem
1082 665 1402 722 remittimus
1424 678 1438 728 ;
1459 660 1737 732 complura
1757 658 1901 714 enim

2006 562 2073 619 ad
2101 565 2355 619 Annotat.
2387 572 2600 619 nostras
2626 564 2909 620 Lectorem
2939 565 3288 621 remittimus.

2081 659 2165 715 15.
2207 658 2304 713 llic
2347 656 2606 713 duntaxat
2641 658 2921 723 addemus,
2960 658 3201 713 alludere
3250 658 3400 714 illum
3466 659 3606 718 inter

274 765 401 821 illic
453 766 799 837 reperiuntur
823 779 942 835 qua:
983 761 1050 817 ad
1088 756 1477 815 buuc‘annum
1518 757 1807 828 pertinent.
1844 751 1903 807 1d
2007 761 2202 809 ecetera
2248 750 2315 806 ad
2354 750 2491 805 luem
2536 752 2822 810 maximam
2852 751 3041 805 Romae
3082 760 3135 805 et
3165 750 3449 808 in'1nultis
3479 753 3611 810 Pro-

277 865 478 914 tamen
512 874 621 913 non
642 857 795 912 initio
810 899 824 922 ,
846 857 941 912 sed
968 852 1069 909 sub
1087 852 1244 923 hujus
1270 850 1397 905 anui
1424 842 1586 905 litium
1609 866 1621 902 :
1647 846 1906 903 eradicato

275 952 400 1017 iam
423 952 570 1005 omni
597 950 803 1005 aconita
833 947 1124 1004 hostilitatis
1163 948 1179 1013 (
1211 943 1292 998 Ad
1321 941 1482 1012 Scap.
1510 958 1555 996 c.
1587 941 1621 999 5
1643 957 1662 1007 ;
1686 928 1937 1010 Αροιοθ.’

277 1062 330 1100 e.
361 1044 471 1113 9.3)
494 1087 509 1109 ,
541 1052 731 1115 utpote
754 1052 874 1114 post
898 1040 1165 1097 excidium
1199 1037 1571 1109 Byzantiuum,
1593 1049 1712 1105 quae
1741 1030 1870 1088 urbs
1892 1071 1911 1100 ,

279 1135 613 1193 llerodiano
637 1179 654 1203 ,
684 1135 888 1191 Zonara
918 1144 973 1188 et
1019 1128 1282 1187 Michaele
1310 1127 1475 1199 Glyca
1521 1125 1769 1192 testibus,
1795 1130 1915 1191 post

279 1229 520 1284 triennii
566 1228 904 1283 obsidionem
934 1266 948 1288 ,
976 1234 1207 1294 emptam
1256 1235 1399 1275 anno
1424 1234 1462 1274 ι.
1484 1216 1705 1280 Severi,
1735 1214 1914 1270 adhuc

279 1322 519 1378 vivente
545 1318 713 1391 Nigro
740 1361 755 1387 ,
806 1317 1019 1374 tandem
1063 1318 1202 1370 tame
1244 1323 1397 1384 capta
1427 1322 1544 1380 est,
1572 1321 1623 1366 et
1666 1309 1914 1365 libertate

283 1414 451 1470 omni
497 1413 754 1483 adempta
802 1408 1092 1466 Periuthiis
1122 1408 1141 1480 (
1174 1407 1262 1478 qui
1313 1405 1478 1461 multa
1504 1420 1533 1460 a
1560 1403 1729 1474 Nigro
1770 1401 1914 1473 passi

286 1503 567 1578 fuerant),
595 1503 896 1574 adjudicata
925 1512 1043 1563 est.
1067 1502 1229 1557 etiam
1273 1498 1542 1555 mmnibus
1586 1497 1789 1553 eversis
1814 1536 1827 1559 ,
1860 1496 1913 1549 in

286 1599 403 1653 vici
437 1598 677 1652 formam
719 1594 956 1651 redacta.
985 1590 1150 1664 Cujus
1200 1592 1360 1647 etiam
1412 1592 1571 1647 Auct.
1622 1587 1911 1644 meminit:
1956 1648 1965 1653 _

292 1690 521 1756 Coelius,
554 1689 731 1760 inquit
757 1731 771 1753 ,
804 1686 1107 1757 Lapellalt'n
1135 1686 1272 1740 exitu
1301 1683 1608 1755 Byzantina,
1638 1678 1918 1736 Christiani

296 1780 860 1853 gaudete,ea:clamarit
875 1778 1037 1852 (Ibid.
1062 1777 1266 1843 c.19.).
1288 1776 1638 1832 Occasionem
1661 1788 1772 1828 sua:
1789 1787 1917 1827 con-

2014 846 2236 912 vinciis,
2264 860 2327 903 ac
2378 854 2538 901 terra:
2581 853 2786 901 motum
2828 860 2938 916 quo
2983 844 3186 899 corruit
3225 844 3455 918 Smyrna
3481 847 3611 903 urbs

2015 940 2159 997 Asiae
2178 980 2193 1008 ,
2218 953 2337 1009 qua:
2354 946 2599 994 recenset
2621 937 2819 993 Euseb.
2850 937 2901 993 in
2926 936 3209 993 Chronicis
3233 940 3334 995 sub
3358 939 3535 995 Marco
3556 948 3613 995 et

2019 1031 2158 1088 Vero
2182 1031 2356 1103 lmpp.
2384 1039 2438 1086 et
2467 1030 2665 1085 fulmen
2693 1028 2837 1101 quod
2865 1028 2963 1084 sub
2992 1028 3290 1085 Commodo
3320 1030 3370 1084 in
3397 1029 3613 1100 Capito-

2016 1125 2144 1182 lium
2194 1140 2354 1180 ruens
2399 1123 2787 1179 Bibliotheeam
2836 1120 3225 1190 inﬂammavit,
3256 1132 3307 1178 et
3330 1122 3467 1176 bella
3494 1125 3613 1193 ejus

2015 1219 2190 1275 tetatis
2230 1217 2404 1273 civilia
2426 1257 2440 1283 ,
2474 1230 2699 1287 quorum
2726 1215 2837 1285 jam
2878 1214 3239 1268 meminimus.
3276 1212 3409 1267 Item
3440 1216 3504 1266 ad
3536 1224 3614 1282 (a-

2016 1328 2168 1379 mem,
2187 1310 2254 1366 de
2275 1325 2378 1380 qua
2404 1308 2443 1363 l.
2474 1307 2542 1361 ad
2570 1307 2727 1377 Scap.
2754 1308 2806 1361 in
2826 1306 2941 1362 hate
2964 1306 3146 1370 verba,
3170 1305 3256 1376 (L.
3286 1305 3353 1359 ad
3379 1307 3535 1375 Scep.
3561 1323 3610 1362 e.

2016 1403 2099 1474 3.)
2128 1420 2141 1458 :
2176 1402 2323 1458 Sicut
2353 1411 2402 1455 et
2436 1401 2527 1455 sub
2553 1398 2827 1454 Hilariano
2855 1398 3087 1469 prteside,
3109 1414 3265 1469 quum
3294 1398 3356 1451 de
3382 1398 3513 1452 areis
3538 1415 3617 1454 se-

2018 1497 2339 1570 pulturarum
2382 1504 2674 1549 nostrarum
2718 1491 3130 1547 acclamassent:
3163 1490 3307 1545 Area:
3345 1506 3447 1544 non
3469 1490 3608 1557 sint,

2017 1604 2151 1645 arcte
2165 1590 2390 1659 ipsorum
2415 1605 2513 1642 non
2531 1590 2770 1659 fuerunt;
2790 1601 2973 1641 messes
2990 1586 3119 1639 enim
3132 1601 3251 1640 suas
3264 1601 3362 1639 non
3381 1594 3613 1656 egerunt.

2020 1683 2262 1755 Denique
2310 1680 2377 1737 ad
2426 1691 2716 1753 portentum
2738 1720 2752 1748 ,
2786 1679 2854 1735 de
2898 1695 3003 1750 quo
3029 1678 3223 1733 ibidem
3255 1696 3269 1732 :
3300 1677 3439 1731 Nam
3470 1686 3515 1733 et
3540 1678 3621 1733 sol

2023 1780 2112 1835 ille
2153 1781 2210 1834 in
2247 1787 2494 1834 conventu
2542 1774 2801 1840 Uticensi,
2835 1774 3058 1828 extincto
3100 1789 3227 1843 pene
3269 1773 3460 1846 lumine
3487 1772 3618 1827 adeo

296 1874 735 1945 versionisipse,
762 1882 1017 1943 quantum
1043 1868 1493 1942 apparet,imlicat
1519 1883 1585 1923 ex
1610 1864 1916 1922 testimonio
1944 1874 1992 1939 Β
2022 1880 2309 1946 portentum
2358 1870 2453 1942 fuit
2474 1911 2489 1936 ,
2516 1877 2572 1923 ut
2610 1884 2711 1923 non
2752 1866 2973 1938 potuerit
3001 1880 3063 1919 ea:
3102 1864 3363 1919 ordinario
3392 1863 3616 1934 deliquio

304 1968 541 2040 alicujus
594 1966 691 2023 Dei
725 1966 813 2037 qui
837 1982 866 2021 a
887 1964 1204 2022 Christianis
1227 1962 1506 2033 adjuratus
1525 1960 1824 2015 daemonem
1856 1971 1915 2014 se

312 2041 672 2119 conﬁtebatur
719 2058 906 2130 (Ibid.,
947 2076 993 2114 c.
1024 2056 1141 2130 '20).
1174 2053 1300 2110 Ha'c
1347 2046 1632 2109 testimonia
1657 2051 1676 2124 (
1703 2048 1918 2122 inquit)

329 2154 546 2210 Deorum
565 2163 844 2209 uestrorum
866 2150 1179 2208 Christianos
1201 2152 1369 2221 facere
1394 2153 1786 2211 consueverunt,
1817 2159 1918 2215 qua

334 2250 593 2321 plurimum
615 2247 727 2302 illis
754 2245 1004 2301 credendo
1024 2286 1039 2313 ,
1067 2245 1121 2299 in
1146 2242 1344 2298 Christo
1371 2239 1594 2295 Domino
1639 2237 1912 2294 credimus.

322 2345 442 2416 Ipsi
460 2346 738 2398 litterarum
765 2351 1052 2396 nostrarum
1075 2338 1228 2410 ﬁdem
1244 2334 1563 2402 accendunt',
1584 2333 1685 2404 ipsi
1698 2332 1806 2402 spei
1828 2347 1920 2385 no-

313 2448 435 2491 stne
452 2436 716 2507 ﬁdentiam
745 2433 1000 2503 wdiﬁcant
1021 2431 1120 2505 (Ι).
1147 2430 1327 2501 Neque
1357 2438 1533 2484 tamen
1566 2425 1689 2482 inde
1713 2423 1917 2480 solum-

310 2529 478 2586 modo
498 2572 515 2596 ,
542 2529 639 2585 sed
657 2537 712 2585 et
731 2544 794 2584 ex
822 2526 928 2582 ﬁde
953 2526 1337 2596 scripturarum
1364 2535 1637 2577 sacrarum
1656 2560 1670 2585 ,
1694 2529 1919 2588 quarum

310 2623 480 2678 ﬁdem
499 2621 572 2677 dii
599 2635 697 2676 suo
721 2618 1028 2675 testimonio
1045 2614 1362 2689 approbant.
1390 2613 1616 2693 Maxime
1640 2608 1781 2682 quod
1805 2607 1922 2662 illa-

304 2730 435 2770 rum
485 2714 857 2769 auctoritatem
891 2710 910 2783 (
940 2709 1025 2765 vel
1072 2710 1192 2781 ipso
1231 2716 1371 2763 teste
1413 2705 1524 2777 jam
1570 2698 1918 2770 Christiano)

303 2823 536 2865 summa
581 2806 869 2877 antiquitas
906 2801 1239 2868 vindicaret,
1272 2789 1457 2870 utpote
1499 2810 1663 2867 quutn
1699 2815 1713 2851 :
1745 2806 1921 2848 omnes

301 2901 635 2958 substantias
655 2942 670 2967 ,
701 2915 970 2970 omnesque
983 2896 1227 2951 materias
1251 2935 1266 2963 ,
1295 2894 1514 2965 origines
1534 2932 1549 2960 ,
1578 2890 1781 2946 ordines
1801 2929 1815 2955 ,
1842 2903 1925 2942 ve-

304 3017 414 3055 nas
456 2996 686 3053 veterani
730 2997 975 3067 cujusque
1016 2992 1177 3064 styli,
1208 2998 1378 3062 gentes
1400 2988 1551 3042 etiam
1582 2986 1849 3058 plerasque
1877 2989 1925 3037 et

304 3093 491 3159 urbes,
518 3092 742 3162 insignes
763 3088 1088 3143 historiarum
1113 3099 1296 3139 causas
1315 3091 1361 3137 et
1388 3078 1763 3142 memoriarum,
1788 3075 1926 3145 ipsas

307 3188 548 3257 denique
575 3184 758 3256 eﬂigies
795 3184 1108 3246 litterarum,
1140 3177 1333 3232 indices
1368 3172 1695 3243 custodesque
1718 3182 1926 3233 rerum;

2019 1972 2113 2021 hoc
2142 1965 2246 2036 pati
2265 2003 2281 2031 ,
2314 1962 2508 2034 positus
2545 1960 2600 2015 in
2636 1975 2730 2015 suo
2759 1959 3054 2029 hypsomate
3074 1965 3119 2011 et
3141 1955 3418 2009 domicilio.
3440 1954 3525 2025 (L.
3553 1956 3617 2009 de
3691 1990 3697 1999 .

2019 2061 2203 2116 testim.
2232 2058 2417 2111 animae
2440 2053 2667 2137 capt).
2696 2051 2766 2107 Et
2792 2067 2945 2117 vero,
2966 2048 3166 2120 scripta
3183 2063 3395 2120 quoque
3422 2049 3619 2104 multo-

2021 2168 2139 2209 rum
2169 2167 2199 2211 a
2225 2149 2440 2206 Christo
2470 2148 2693 2204 Patrum
2735 2144 2860 2202 adv.
2890 2143 3093 2199 Gentes
3118 2140 3456 2198 conversioni
3484 2156 3617 2196 cau-
3653 2174 3657 2177 -

2023 2260 2136 2302 sam
2156 2245 2371 2301 dedisse
2394 2242 2681 2306 sentimus,
2701 2238 2767 2293 ad
2788 2252 2909 2309 qua:
2938 2234 3127 2291 alludit
3151 2234 3278 2290 alibi
3300 2252 3313 2289 :
3335 2232 3614 2299 Nonnulli,

2024 2341 2198 2413 inquit
2223 2378 2239 2406 ,
2271 2336 2454 2410 quibus
2481 2337 2546 2389 de
2572 2334 2793 2405 pristina
2816 2332 3122 2395 litteratura,
3150 2337 3195 2382 et
3215 2328 3521 2382 curiositatis
3540 2328 3623 2381 la-

2025 2435 2136 2500 bor,
2164 2441 2210 2488 et
2249 2429 2506 2486 memoria:
2534 2437 2676 2483 tenor
2719 2422 3110 2498 perseveraverit
3136 2463 3151 2489 ,
3180 2420 3427 2493 opuscula
3470 2434 3622 2489 penes

2000 2542 2117 2612 mos
2141 2522 2520 2588 condiderunt,
2544 2525 2993 2575 commemorantes
3036 2523 3082 2568 et
3119 2512 3542 2582 eontestiﬁcautes
3568 2511 3624 2565 in

2024 2603 2436 2690 suggillationem
2474 2622 2522 2669 et
2565 2612 2815 2684 originem
2843 2618 2889 2664 et
2915 2607 3243 2667 traditionem
3266 2614 3314 2660 et
3341 2603 3619 2660 sententia-

2024 2728 2142 2767 rum
2180 2717 2478 2782 arguntenta
2516 2723 2606 2778 per
2654 2720 2768 2774 qua:
2797 2701 3090 2775 recognosci
3138 2699 3324 2771 possit,
3357 2696 3489 2751 nihil
3529 2712 3623 2752 nos

2024 2816 2115 2863 aut
2156 2821 2369 2871 novum,
2393 2812 2479 2857 aut
2524 2809 2892 2872 portentosum,
2916 2795 3199 2864 suscepisse
3228 2834 3243 2861 ,
3275 2792 3341 2848 de
3376 2807 3479 2863 quo
3523 2807 3629 2846 non

2028 2902 2179 2957 etiam
2207 2912 2499 2954 communes
2525 2896 2705 2949 littera:
2723 2891 2791 2946 ad
2811 2888 3119 2961 stt/fragium
3139 2886 3283 2942 nobis
3305 2888 3628 2955 patrocinen-

2028 3005 2132 3057 tur.
2158 2994 2202 3050 si
2227 2991 2349 3061 quid
2377 2998 2464 3044 aut
2512 2987 2698 3044 erroris
2718 2986 2955 3059 ejccimus
2973 3025 2989 3052 ,
3012 2992 3103 3037 aut
3127 2981 3381 3053 a'quilatis
3409 2978 3621 3034 admisi-

2029 3103 2162 3142 mus.
2181 3084 2273 3157 (L.
2297 3082 2417 3137 adu.
2432 3079 2631 3135 Valent.
2646 3094 2695 3134 c.
2719 3077 2826 3147 5.).
2845 3076 2986 3131 Inter
3010 3088 3145 3146 quos
3165 3068 3628 3129 commentust-andi

2032 3178 2366 3249 Quadratus,
2390 3172 2657 3231 Aristides
2678 3213 2692 3239 ,
2720 3172 3089 3239 Anaxagoras.
3113 3166 3314 3234 Melito,
3354 3163 3631 3234 Theophi-

305 3281 464 3352 ipsos
490 3277 625 3332 Deos
643 3320 656 3341 ,
681 3278 793 3348 ipsa
821 3274 1013 3346 templa
1042 3281 1089 3327 et
1129 3270 1337 3326 oracula
1366 3277 1411 3322 et
1440 3283 1587 3321 sacra
1611 3263 1763 3318 unius
1792 3259 1923 3315 Pro-

2032 3272 2116 3329 lus
2142 3268 2509 3328 Antiochenus
2530 3308 2547 3334 ,
2598 3262 2962 3337 Apollinarius
2995 3300 3012 3327 ,
3058 3260 3313 3316 Tatianus
3334 3300 3351 3327 ,
3379 3257 3632 3314 Clemens

308 3375 493 3447 pltea:
516 3370 710 3443 Moysei
726 3369 965 3424 scrinium
985 3365 1168 3422 seculis
1187 3364 1377 3435 aliquot
1394 3359 1734 3416 anteverterit.
1751 3354 1926 3424 Quum

308 3468 487 3523 etiam
521 3464 729 3519 illarum
760 3461 1085 3530 Majestatem
1118 3456 1351 3513 divinam
1400 3452 1804 3526 pra-dietionum
1834 3463 1929 3504 ve-

316 3560 465 3616 ritas
510 3555 883 3627 comprobaret
917 3571 930 3609 :
969 3548 1230 3622 Quidquid
1276 3548 1447 3614 enim,
1479 3545 1693 3618 inquit,
1736 3547 1929 3615 agitur,

317 3651 793 3725 prtenuntiabatnr.
836 3647 984 3718 Quod
1003 3658 1151 3702 terra:
1167 3653 1342 3701 vorant
1368 3640 1545 3707 urbes,
1577 3640 1712 3712 quod
1737 3637 1933 3693 insulas

317 3748 495 3803 maria
521 3745 800 3818 fraudant,
828 3742 963 3815 quod
988 3751 1196 3797 externa
1238 3748 1388 3807 atque
1412 3737 1613 3791 interna
1639 3733 1773 3788 bella
1796 3732 1932 3786 dila-

316 3843 509 3906 niant,
534 3838 672 3909 quod
718 3837 888 3909 regnis
933 3851 1090 3908 regna
1133 3832 1456 3904 compulsant
1482 3872 1498 3897 ,
1527 3827 1665 3899 quod
1703 3832 1861 3899 {mnes
1886 3834 1933 3880 et
1994 3898 1999 3901 η

319 3935 438 3989 lues
458 3976 473 3997 ,
503 3944 548 3987 et
576 3932 763 3989 locales
788 3946 997 4002 quicque
1026 3929 1220 3994 clades,
1244 3934 1292 3980 et
1323 3922 1617 3995 frequentia:
1640 3920 1935 3992 plerumque

320 4030 571 4085 mortium
601 4034 832 4094 uastant,
864 4034 909 4081 et
934 4023 1069 4096 quod
1091 4023 1241 4078 etiam
1270 4020 1433 4092 ofﬁcia
1453 4029 1734 4089 temporum
1761 4024 1807 4070 et
1833 4013 1935 4069 ele-

321 4136 615 4178 mentorum
633 4119 804 4175 munia
822 4117 1125 4182 exorbitant,
1142 4115 1277 4187 quod
1298 4122 1345 4168 et
1364 4110 1601 4167 monstris
1623 4119 1667 4165 et
1691 4106 1932 4179 portenti,

323 4198 646 4273 naturalium
683 4218 849 4289 [arma
905 4212 1159 4279 turbatur,
1191 4207 1513 4282 providenter
1574 4204 1767 4276 scripta
1816 4208 1934 4258 sunt

324 4311 561 4384 (Nempe
587 4308 772 4364 Matth.
803 4306 919 4379 25).
955 4304 1089 4360 Dum
1117 4303 1365 4377 patimur,
1395 4300 1677 4371 leguntur;
1708 4296 1829 4351 dum
1857 4309 1937 4349 re-

326 4406 719 4481 cognoscimus,
749 4401 1046 4475 probantur.
1079 4400 1157 4458 De
1191 4397 1387 4472 quibus
1418 4393 1672 4454 omnibus
1698 4388 1859 4448 latius
1882 4396 1938 4445 et

398 4562 472 4626 (ιι
514 4561 667 4623 Quam
691 4558 873 4612 oraculi
908 4568 1147 4626 responso
1184 4548 1628 4626 tribuit‘Pamelius
1646 4543 1941 4626 Tertulliani

330 4614 737 4686 conversionem,
764 4637 872 4672 eam
894 4614 1065 4686 visioni
1086 4619 1339 4686 Georgius
1351 4614 1710 4686 Ambianeusis,
1729 4618 1942 4686 uterque

332 4674 934 4741 fabulainmsuboiloratur.
962 4685 1035 4735 Ex
1082 4674 1253 4741 ipsius“
1274 4681 1486 4730 auctoris
1531 4674 1810 4727 testimonio

330 4754 613 4817 praecipuas
673 4750 810 4799 lubet
869 4760 1054 4817 eruere
1104 4743 1322 4817 hujusce
1368 4743 1454 4817 rei.
1511 4751 1717 4817 causas,
1763 4747 1946 4817 nempe

338 4802 391 4869 I1°
417 4802 646 4866 invictam
684 4818 950 4869 martyrum
976 4812 1027 4859 in
1069 4802 1419 4869 crudelissimis
1440 4802 1700 4853 tormentis
1722 4805 1949 4869 constan-

339 4856 1148 4988 iiiziiiii','iiimiin
1184 4866 1486 4941 tolerantiam
1505 4868 1821 4979 (syectanstut
1850 4856 1948 4931 uti-

339 4955 437 4988 uno
458 4953 633 4988 serunt.
661 4952 690 4988 ο
710 4949 980 4988 percussus.
1007 4941 1050 4987 et
1072 4940 1319 4988 inquirere
1354 4941 1502 4981 ασθαι
1540 4932 1655 4988 itur,
1678 4922 1797 4988 qtttd
1818 4929 1877 4988 sit
1901 4935 1948 4973 tn

338 4922 991 5008 ziuB'sFigits‘nn’nsa,
1004 4922 1057 4987 εί
1072 4930 1319 5008 inquirere
1345 4922 1655 5008 ,αςειξιιιίέιιεης
1678 4922 1886 5008 rem
1901 4922 1952 4973 ίη

336 4987 687 5062 ἔᾶἶιεῆζὲῖυὺἱ
710 4987 999 5063 cognouerit
1034 4987 1281 5063 ueritatem
1311 5000 1357 5044 et
1388 4990 1491 5063 ipx
1524 4987 1951 5063 stalim'setptitur.

340 5049 581 5117 13635.}
602 5049 806 5126 gemini:
824 5049 936 5126 cap.
951 5061 1110 5112 ultim.
1129 5059 1181 5109 2ο
1201 5049 1509 5126 Potestatem
1537 5049 1820 5126 earumdem
1829 5057 1953 5126 Astu:

342 5109 579 5190 Scitin;
598 5109 1213 5190 in'd‘émouerseorumque
1233 5117 1495 5190 simulacra
1512 5123 1563 5190 et
1574 5112 1809 5190 ,οε-βωμία..
1825 5109 1955 5190 Quid

340 5170 1091 5262 isiti'ré'réiuiféiﬁiéfiud
1105 5170 1957 5262 lusaretatiﬂfﬂf’lfufjmﬁ‘

341 5242 468 5306 citas
484 5242 706 5304 ieritatis
725 5242 775 5301 in
794 5248 953 5302 medio
974 5242 1042 5301 est
1072 5261 1090 5298 :
1113 5242 1259 5299 etiam
1280 5244 1343 5296 de
1365 5242 1648 5307 corporibus
1671 5243 1842 5307 ,ζωδιτο
1862 5242 1957 5307 sm-

341 5298 485 5384 p'er'io
493 5298 751 5384 Eleusini
764 5298 899 5384 uniti
909 5298 918 5301 ⁷
928 5298 1224 5384 dolentes
1240 5314 1284 5358 et
1307 5304 1437 5384 vobis
1449 5298 1955 5384 :pt‘a’sgttlljbttiergllf-

339 5364 838 5441 beenlesjapologet.
866 5382 1018 5441 xxut.
1055 5373 1313 5441 §°Metum
1333 5364 1624 5441 iudiciorum
1661 5364 1957 5441 divinorum.

340 5426 939 5501 Eduistttmit'lisciplinam,
963 5435 1249 5501 aitrinlibro
1271 5426 1533 5501 de'Anima
1551 5436 1602 5501 tt.
1628 5434 1757 5477 metu
1778 5426 1961 5501 prwelif

340 5490 619 5572 Eii"
643 5490 1000 5572 lrwt'suolcnnus.
1026 5499 1215 5572 Quibus
1232 5502 1285 5546 et
1321 5490 1797 5572 addas-velimggqum
1815 5499 1964 5572 supra

340 5550 662 5625 ἷξῧεῖἦὲἱῖοξ
686 5550 1422 5635 auctoritatetnfscripturarum,
1446 5550 1962 5635 divinumqueprtedi'f

340 5613 584 5684 Enniani
599 5613 915 5690 rm'ujestatem
936 5613 1563 5690 veritate‘comprobatam,
1580 5613 1746 5687 imo’et
1765 5613 1965 5690 imperii

342 5675 662 5746 Eii‘iin'iiiiés
682 5675 759 5739 ’ςέο
773 5675 937 5751 magis
970 5689 1233 5751 suavientes
1267 5675 1364 5746 q'uo
1400 5677 1716 5750 vesanior_in
1738 5675 1964 5726 christia-

346 5740 745 5809 nasimmanitas
768 5740 1101 5813 grassaretur,
1121 5763 1177 5798 ac
1199 5740 1396 5813 delirum
1412 5756 1579 5793 rerum
1601 5740 1649 5788 vi
1672 5750 1963 5813 graves'non

338 5799 1453 5874 secus-acvemoriimCaenmine'Apologctieos
1475 5799 1733 5874 sermones
1763 5814 1791 5849 a
1811 5799 1966 5874 pluri-

340 5862 646 5944 Sifs'iiiii'ei'
660 5862 897 5929 Ecclesite
910 5862 1225 5940 tempestate
1248 5862 1335 5922 flor
1343 5870 1487 5922 ebant
1523 5865 1804 5944 doctoribus
1816 5862 1966 5915 evul-

339 5927 550 6011 ἐξίοέῖ
586 5927 628 5930 ’ί
791 5927 799 5928 “
881 5927 884 5928 ⁷
941 5927 944 5928 ⁷
1036 5927 1062 5940 ’⁷
1671 5927 1794 5983 Eoo.

2031 3363 2297 3423 Alexand.
2342 3369 2400 3419 et
2437 3357 2752 3431 Apollonius
2787 3352 3015 3412 Senator
3039 3393 3055 3422 ,
3085 3353 3321 3423 denique
3358 3352 3428 3408 ab
3468 3352 3629 3407 Auct.

2032 3457 2228 3513 alicubi
2275 3453 2424 3511 citati
2450 3451 2689 3507 Justinus
2724 3448 3069 3519 Philosophus
3095 3456 3141 3501 et
3172 3443 3397 3518 Martyr,
3427 3442 3631 3498 Miltia-

2035 3549 2123 3605 des
2148 3547 2354 3603 Eccles.
2385 3544 2631 3615 Sopltista
2649 3581 2665 3610 ,
2697 3549 2743 3597 et
2769 3537 3000 3594 Irenwus
3028 3536 3254 3593 omnium
3279 3534 3633 3590 doctrinarum

2033 3639 2410 3699 curiosissimus
2451 3633 2767 3706 explorator.
2810 3631 3015 3700 Quibus
3044 3629 3294 3686 omnibus
3318 3625 3632 3684 evolvendis

2034 3743 2092 3793 et
2119 3742 2241 3789 ante
2267 3740 2322 3788 et
2348 3738 2471 3802 post
2517 3726 2678 3783 (idem
2706 3732 3010 3795 susceptam
3040 3722 3215 3794 ipsum
3264 3719 3594 3776 atlaboras'se
3613 3760 3631 3786 ,

2037 3827 2124 3885 vel
2155 3842 2221 3883 ex
2248 3824 2476 3895 Apolog.
2505 3828 2680 3892 patet,
2710 3818 2765 3875 in
2785 3831 2892 3889 quo
2917 3813 3145 3872 subinde
3170 3812 3290 3869 illos
3314 3812 3385 3868 ad
3408 3807 3635 3869 vei'bum

2036 3921 2153 3979 fere
2181 3920 2439 3975 imitatur.
2468 3913 2564 3970 llis
2587 3911 2839 3969 omnibus
2881 3906 3222 3964 adminiculis
3246 3903 3314 3961 ad
3336 3903 3537 3961 Christi
3566 3903 3636 3957 li-

2040 4015 2166 4070 dem
2192 4022 2486 4069 conversus
2510 4016 2566 4064 et
2610 4006 2719 4078 jam
2746 4005 2984 4060 initiatus
3002 4042 3019 4071 ,
3036 4016 3204 4074 quum
3232 3998 3453 4071 pallium
3479 3995 3639 4053 Chri-

2039 4110 2273 4167 stianum
2300 4104 2520 4162 indutus
2545 4100 2727 4174 (sicuti
2745 4108 2901 4155 antea
2926 4097 3091 4155 etiam
3128 4092 3424 4168 attigimus)
3453 4092 3641 4148 incon.

2041 4201 2254 4259 stantia:
2284 4206 2564 4255 notaretur
2588 4194 2656 4251 ab
2680 4193 2851 4249 amico
2871 4232 2888 4262 ,
2917 4189 3063 4263 quod
3091 4206 3124 4244 a
3163 4187 3306 4261 Toga
3357 4184 3641 4244 transisset

2041 4297 2110 4352 ad
2135 4295 2389 4359 Pallium,
2406 4290 2719 4348 Orationem
2748 4284 2934 4342 habuit
2947 4282 3273 4353 Carthagine
3300 4280 3483 4351 (quam
3505 4275 3639 4333 LIB.

2043 4390 2138 4449 DE
2180 4386 2335 4445 PAL.
2363 4383 2636 4454 inscripsit
2667 4381 2711 4453 ),
2736 4394 2840 4453 qua
2873 4386 2929 4434 et
2950 4376 3103 4433 Pallii
3130 4381 3447 4431 vetustatem
3473 4411 3489 4439 ,
3514 4372 3649 4426 sim-

2042 4483 2337 4558 plicitatem
2363 4519 2379 4551 ,
2405 4476 2748 4542 facilitatem,
2781 4470 3088 4529 libertatem
3116 4467 3235 4523 sine
3259 4480 3388 4522 cura
3411 4505 3429 4534 ,
3456 4461 3643 4521 Philo-

2045 4557 2324 4649 sOphicam
2360 4572 2682 4645 gravitatem
2706 4576 2760 4624 et
2788 4564 3131 4624 sanctitatem
3171 4557 3556 4623 commendat;
3588 4562 3647 4613 et

1841 4650 1946 4722 ἂῖὲεέ
1968 4664 2024 4727 1)
2050 4673 2180 4730 vitio
2205 4669 2307 4726 sibi
2337 4666 2461 4729 dari
2480 4679 2591 4722 non
2641 4661 2843 4718 debere
2887 4656 3051 4715 variis
3076 4653 3340 4739 exemplis
3365 4650 3642 4718 ostendit,

2049 4763 2194 4839 quod
2230 4760 2485 4819 'ltabitum
2532 4755 2776 4813 verterit.
2823 4752 2938 4823 Qua
2975 4750 3258 4807 occasione
3279 4757 3335 4803 et
3364 4743 3647 4801 libidinum

2051 4861 2197 4917 varia
2223 4870 2417 4931 genera
2434 4893 2453 4923 ,
2471 4851 2665 4924 quibus
2688 4858 2878 4906 natura
2907 4855 3164 4911 mutetur,
3194 4850 3251 4907 et
3278 4840 3648 4896 Matronarum

2053 4929 2607 5013 cultumindecentem
2625 4945 2944 5009 insectatur,
2962 4947 3020 4995 et
3047 4937 3146 4994 lori
3168 4935 3417 4992 Judicum
3440 4943 3493 4987 et
3511 4929 3655 4986 mili-
3756 4969 3763 4977 .

2057 5058 2170 5106 tum
2221 5042 2406 5112 vitiis,
2432 5050 2545 5098 tum
2585 5034 2869 5094 ambitioni
2896 5041 2953 5089 et
2979 5030 3118 5102 gulae
3147 5037 3421 5084 cauterem
3461 5023 3649 5095 adigit.

2058 5142 2219 5217 Atqui
2245 5140 2330 5197 his
2357 5138 2515 5196 Coss.
2549 5135 2670 5193 data
2712 5129 3036 5189 Constitutio
3084 5123 3273 5182 Severi
3313 5131 3367 5178 et
3393 5118 3655 5179 Antonini

2058 5255 2112 5297 v.
2144 5213 2267 5295 ldus
2288 5234 2533 5302 Martias,
2561 5243 2681 5303 qua:
2732 5233 2880 5284 extat
2922 5223 2986 5279 D.
3012 5219 3131 5277 Lib.
3157 5215 3213 5287 9,
3239 5216 3396 5274 Tom.
3428 5230 3466 5270 ι.
3500 5213 3659 5303 Ιίιω.

2059 5336 2251 5394 iterum
2276 5327 2563 5386 conﬁrmat
2584 5302 2826 5382 nostram
2850 5314 3183 5377 sententiam
3199 5310 3270 5370 de
3298 5306 3570 5368 Antonino
3591 5302 3657 5360 ll-

2062 5428 2135 5486 lio
2151 5423 2367 5500 imperii
2386 5427 2659 5482 consorte.

2560 5563 2717 5621 Anno
2746 5554 2959 5616 Domini
2987 5566 3183 5612 cxcvn.

2066 5718 2074 5741 ί
2142 5706 2312 5785 μη.
2342 5705 2491 5766 Unde
2538 5715 2685 5759 suam
2730 5696 2955 5753 hauserit
2999 5690 3343 5750 omnimodam
3381 5683 3667 5757 disciplina

2067 5778 2357 5863 christiana:
2373 5797 2652 5856 scientiam.
2678 5822 2752 5836 —
2780 5792 2867 5848 tt.
2894 5790 2958 5846 ο.
2988 5784 3265 5845 nomne
3291 5779 3572 5839 nuxrno
3600 5778 3669 5834 ll.

2074 5901 2162 5960 ΕΤ
2182 5890 2554 5957 L.VALERIO
2570 5886 2877 5950 MESSALA
2892 5880 3209 5944 TilliASEA
3226 5875 3464 5939 PRISCO
3479 5873 3668 5938 COSS.
