4082 6338
267 373 342 433 57
1593 347 2060 415 TERTULLIANI
2098 349 2281 409 VITA.
3495 345 3569 407 38

268 495 422 564 patet
447 500 507 544 ex
539 483 833 555 Rescriptis
876 475 1297 554 prrecedentium
1338 487 1602 532 annorum
1642 471 1867 528 nomine
1898 473 1948 531 Α
1982 467 2064 525 tif.
2087 468 2206 539 ejus
2233 468 2654 542 designavimns,
2687 469 2930 526 maxime
2949 466 3090 542 quod
3114 467 3176 524 Β.
3203 465 3488 524 Damasius
3513 465 3568 523 in

269 562 456 640 Sereri
481 587 536 634 et
562 576 829 633 Antonini
860 574 1029 645 Augg.
1063 567 1492 639 Cnnspirationis
1536 564 1748 621 interim
1778 562 1869 617 Al-

267 675 384 734 bini
407 672 665 738 adversus
690 671 946 727 Severum
972 667 1075 722 hoc
1101 681 1242 720 anno
1267 664 1420 719 factm
1442 660 1681 716 meminit
1703 658 1866 713 etiam

267 775 476 830 Auctor
502 767 555 823 in
586 765 700 821 haec
729 762 910 828 verba,
939 759 1088 816 Unde
1119 757 1290 826 Cassi,
1325 754 1499 827 Nigri,
1528 761 1573 807 et
1603 750 1792 807 Albini.

782 901 938 956 Anno
959 895 1175 952 Domini
1197 908 1410 951 cxcvtn.

336 1021 370 1093 ᾗ
433 1017 581 1074 ιιι-ιι.
633 1014 993 1082 Quandonam,
1014 1020 1061 1067 et
1108 1010 1164 1065 in
1205 1026 1306 1081 qua
1354 1023 1523 1063 rerum
1577 1011 1871 1076 tempestate

273 1105 508 1172 carmina
535 1110 774 1182 qua-dam
824 1105 1069 1162 libaverit.
1111 1134 1186 1146 -—
1223 1101 1312 1158 15.
1341 1099 1405 1156 Τ.
1464 1096 1716 1156 SEXTIO
1757 1095 1870 1152 LA-

275 1205 565 1264 TERANO
611 1202 698 1259 ET
748 1201 818 1257 Μ.
860 1196 1080 1256 MARIO
1106 1195 1174 1251 Μ.
1215 1193 1278 1251 F.
1334 1191 1583 1251 CUSPIO
1615 1188 1870 1247 RUFINO

266 1300 454 1360 COSS.
507 1300 566 1356 S.
615 1295 846 1352 Victoris
915 1293 1073 1348 Itoni.
1138 1287 1336 1345 Pontif.
1390 1302 1534 1342 anno
1567 1285 1655 1341 12.
1705 1284 1871 1348 Seve-

266 1398 310 1454 ri
355 1395 500 1466 Imp.
551 1409 604 1447 v.
636 1384 1178 1447 TERTULLIANUM
1218 1381 1510 1440 verisimile
1539 1387 1621 1435 est
1665 1393 1869 1433 memo-

266 1489 359 1545 ria:
410 1483 735 1543 exercenda:
799 1481 967 1552 gratia
1018 1475 1404 1548 conscripsisse
1454 1471 1703 1530 Carmine
1753 1469 1872 1526 GE-

278 1579 484 1639 NESIM
549 1578 638 1635 E'I'
674 1574 1038 1639 SODOIIAM,
1102 1574 1210 1628 imo
1259 1585 1376 1626 mea
1423 1567 1690 1622 sententia
1734 1565 1872 1620 inte-

269 1689 413 1747 gram
473 1685 755 1728 sacrorum
801 1667 1092 1722 Bibliorum
1136 1663 1348 1720 Veteris
1392 1657 1721 1716 Testamenti
1755 1657 1868 1712 his-

273 1771 495 1835 loriam;
521 1775 578 1821 nt
603 1773 725 1837 pote
750 1777 911 1834 quum
937 1769 991 1815 et
1019 1760 1168 1830 prius
1191 1757 1402 1812 illorum
1427 1754 1670 1809 mutilum
1694 1751 1782 1817 sit,
1815 1758 1870 1834 et

1973 563 2132 620 Pont.
2166 562 2375 620 sedisse
2407 563 2676 620 Victorem
2701 563 2902 621 scribat
2929 579 2960 618 a
2986 562 3283 620 Consulatu
3310 562 3566 617 Commo-

1973 655 2102 711 div.
2129 665 2182 712 et
2208 654 2512 712 Glabrionis
2554 655 2574 730 (
2599 657 2792 728 quibus
2818 656 2974 711 Coss.
3005 671 3120 711 xm.
3143 653 3264 710 Kal.
3296 656 3434 724 Aug.
3467 651 3565 708 da-

1972 758 2024 805 ta
2050 761 2130 806 est
2153 751 2300 821 prior
2321 750 2438 822 ejus
2467 749 2635 822 Epist.
2660 749 2748 806 ad.
2771 748 3016 821 'l‘be0ph.
3052 749 3313 804 Alcxand.
3335 747 3379 820 ),
3398 761 3568 818 usque

1973 842 2039 897 ad
2056 842 2380 899 Lateranum
2405 853 2460 899 et
2483 842 2757 898 Ruﬁnum.
2784 844 2825 899 A
2875 843 2995 898 Kal.
3028 850 3206 898 autem
3235 841 3408 898 Juniis
3435 839 3568 896 dicti

1970 935 2303 1001 consulatus,
2335 951 2442 1006 quo
2483 934 2570 991 die
2599 945 2810 991 creatus
2841 934 2997 990 Pont.
3029 948 3199 1005 usque
3243 933 3310 989 ad
3341 949 3395 988 v.
3440 930 3561 988 Kal.

1973 1027 2195 1099 Augusti
2226 1027 2669 1099 anniscquentis,
2700 1026 3059 1083 conﬁciuntur
3083 1025 3208 1080 anni
3243 1024 3332 1079 l2.
3361 1023 3562 1079 mensis

1975 1121 2028 1174 1.
2060 1119 2177 1176 dies
2204 1119 2296 1175 28.
2327 1119 2375 1174 ls
2403 1119 2542 1176 dicta
2567 1120 2622 1174 2.
2658 1120 2830 1191 Epist.
2862 1118 3282 1189 discrepantiam
3317 1118 3567 1172 Alrornm

1974 1211 2027 1269 in
2059 1209 2418 1268 Sacramentis
2445 1211 2728 1284 increpans
2747 1253 2762 1275 ,
2797 1210 2930 1267 mihi
2959 1210 3172 1266 videtur
3192 1211 3257 1264 ad
3281 1209 3568 1265 celebrita-

1979 1311 2087 1358 tem
2117 1301 2220 1358 diei
2251 1302 2470 1358 Pascha:
2503 1304 2744 1360 alludere
2775 1303 2968 1377 (quam
2997 1303 3239 1373 Epistola
3285 1301 3449 1373 priori
3481 1300 3572 1357 die

1977 1395 2254 1452 Dominica
2277 1397 2537 1454 celebrari
2559 1397 2779 1458 debere.
2807 1398 2956 1468 juxta
2988 1396 3135 1469 quod
3178 1406 3233 1453 et
3263 1395 3564 1467 praedeces-

1973 1475 2125 1546 sores
2149 1491 2230 1545 sui
2251 1499 2573 1558 statuerunt,
2603 1490 2970 1556 mandaverat,
2991 1505 3342 1562 quaecumque
3371 1487 3573 1544 incide-

1973 1591 2058 1637 ret
2085 1596 2114 1636 ει
2147 1597 2253 1636 xxv.
2300 1581 2447 1636 Luna
2479 1583 2634 1653 primi
2666 1581 2866 1637 mensis
2887 1623 2902 1649 ,
2958 1597 3128 1654 usque
3153 1581 3218 1636 ad
3243 1597 3354 1636 xxi.
3387 1581 3439 1636 in
3465 1594 3573 1652 quo

1974 1675 2221 1733 fortassis
2265 1676 2419 1732 initio
2468 1676 2580 1732 Afri
2623 1677 2836 1749 quidam
2881 1693 3002 1733 cum
3051 1676 3331 1748 Polycrate
3374 1675 3572 1730 Asiano

1976 1769 2305 1824 contrariam
2340 1770 2708 1840 sequebantur
2734 1767 3176 1824 consuetudinem
3205 1809 3219 1833 ,
3269 1781 3573 1838 quanquam

279 1880 338 1921 es
362 1863 520 1918 initio
562 1858 878 1931 posterioris
905 1855 1036 1911 satis
1062 1853 1306 1908 videatur
1331 1850 1490 1905 etiam
1519 1846 1869 1917 descripsisse

1977 1872 2158 1934 postea
2201 1863 2251 1917 in
2285 1879 2448 1918 unum
2470 1864 2858 1918 consenserint.
2893 1861 3026 1917 Nam
3054 1862 3122 1918 de
3144 1862 3323 1916 Blasto
3355 1861 3572 1919 Illl‘l'Cli-

279 1961 414 2016 Orbis
444 1956 681 2012 universi
730 1953 1025 2016 diluvium;
1058 1959 1216 2020 atque
1265 1947 1399 2002 adeo
1447 1945 1608 2000 etiam
1640 1942 1870 1999 Carmen

285 2052 404 2110 illud
476 2051 568 2107 AD
606 2044 1028 2104 SENATOREM
1071 2041 1164 2097 EX
1217 2037 1629 2096 CllliIS'Il.\N-\
1717 2035 1872 2090 FIDE

301 2147 382 2201 AD
436 2141 780 2200 IDDLORUM
845 2135 1290 2196 SICRVITUTEM
1359 2130 1778 2197 REVERSUM,
1817 2142 1874 2186 et

305 2239 451 2296 libros
503 2240 728 2309 quinque
779 2232 1039 2290 ADVER.
1095 2230 1304 2287 MARG.
1350 2227 1616 2292 c'irmine,
1656 2239 1720 2281 ac
1781 2224 1868 2280 DE

294 2330 536 2388 JUDICIO
563 2328 794 2386 DOMINI
825 2327 1043 2382 librum.
1067 2325 1179 2380 Iloc
1202 2338 1332 2378 vero
1357 2338 1499 2377 anno
1540 2320 1605 2376 ad
1656 2335 1727 2374 χι.
1749 2319 1868 2373 Kal.

283 2421 491 2478 Martias
556 2420 688 2492 Imp.
749 2418 889 2476 Caes.
954 2419 1015 2473 D.
1061 2415 1315 2472 Claudius
1372 2412 1664 2484 Septimius
1718 2410 1870 2466 Albi-

280 2533 371 2573 nus
397 2519 673 2587 Augustus
704 2515 887 2585 ιιι-ωηο
913 2513 980 2568 ab
1008 2511 1143 2582 Imp.
1162 2511 1363 2567 Severo
1390 2509 1562 2564 victus
1589 2506 1872 2563 etoccisus

276 2616 384 2675 est,
414 2607 584 2680 idque
611 2607 749 2678 apud
799 2606 1146 2676 Lugdunum;
1179 2619 1298 2675 quat
1342 2600 1484 2673 quod
1519 2599 1668 2654 illum
1713 2609 1871 2654 antea

154 2740 198 2786 χ
273 2703 576 2773 recepisset
602 2701 930 2773 (llcrodiano
959 2697 1114 2771 teste)
1140 2707 1194 2754 et
1218 2697 1424 2767 direpta
1447 2705 1501 2752 et
1521 2695 1736 2750 incensa
1755 2701 1868 2759 est;

269 2793 318 2850 in
338 2811 439 2866 qua
493 2793 862 2864 expeditione,
894 2792 967 2846 uti
1011 2807 1075 2847 ex
1125 2790 1285 2844 variis
1328 2787 1578 2857 Inscript.
1631 2795 1864 2852 constat,

265 2888 395 2960 Imp.
428 2903 554 2943 vni.
576 2903 654 2942 ix.
673 2896 723 2943 et
771 2902 833 2941 χ.
862 2885 1160 2957 appellatus
1185 2891 1286 2938 est.
1315 2879 1668 2960 Qnojamjam
1697 2894 1868 2949 cxpu~

264 2993 476 3057 gnato,
516 2997 706 3037 omnes
761 2981 1024 3050 imprimis
1073 2977 1405 3042 Galliarum,
1456 2974 1869 3043 Hispaniarum,

265 3076 671 3146 Britansiimque
716 3087 966 3145 proceres
1010 3070 1098 3142 qui
1159 3070 1307 3125 ἱιΙιιιιι
1341 3069 1625 3137 juverunt,
1676 3065 1873 3122 deinde

266 3168 492 3224 Romam
550 3183 800 3224 reversus
834 3167 1038 3222 amicos
1068 3164 1184 3235 ejus
1223 3161 1457 3232 undique
1499 3160 1867 3228 conquisitos.

1975 1969 2042 2010 co
2071 1954 2578 2026 quartodecimano,
2634 1955 2712 2010 sic
2767 1956 3010 2010 Auctor:
3058 1953 3152 2008 Est
3203 1963 3446 2025 prwterea
3494 1954 3574 2010 his

1977 2047 2208 2100 omnibus
2235 2047 2385 2101 etiam
2428 2044 2635 2101 Blastus
2675 2048 2918 2102 accedens
2943 2087 2957 2113 ,
2986 2047 3074 2118 qui
3118 2046 3330 2102 latenter
3357 2045 3574 2100 Judais-

1975 2156 2114 2194 mum
2140 2141 2243 2195 vult
2290 2141 2650 2207 introducere;
2693 2140 2898 2195 Pascha
2942 2142 3075 2195 enim
3110 2141 3233 2195 dicit
3278 2158 3380 2196 non
3423 2140 3574 2194 aliter

1975 2236 2391 2302 custodiendum,
2425 2237 2522 2290 nisi
2552 2236 2828 2292 secundum
2860 2236 3019 2308 legem
3048 2234 3217 2307 Moysi
3252 2235 3336 2292 M.
3365 2235 3572 2291 mensis.

1978 2330 2106 2398 Quis
2129 2341 2295 2385 autem
2323 2332 2536 2393 nesciat.
2571 2331 2808 2401 quoniam
2842 2329 3151 2401 Evangelica
3177 2331 3343 2400 gratia
3369 2345 3576 2384 evacua-

1975 2433 2090 2489 tur,
2115 2425 2159 2478 si
2213 2423 2282 2477 ad
2309 2424 2467 2494 legem
2493 2423 2750 2477 Christum
2778 2423 2960 2494 redigit
2985 2421 3112 2493 ?(L.
3141 2423 3205 2476 de
3235 2421 3426 2477 Prtesc.
3452 2423 3570 2478 adv.

1976 2516 2102 2571 Ιιων.
2127 2533 2172 2570 c.
2195 2517 2285 2580 55,
2313 2518 2438 2570 hwr.
2457 2516 2547 2570 22.
2579 2516 2616 2571 ι.
2647 2516 2710 2570 de
2735 2515 2912 2588 Jejun.
2943 2532 2988 2571 c.
3017 2517 3104 2571 M.
3131 2515 3213 2570 Ib.
3240 2533 3286 2570 c.
3322 2516 3443 2588 15.)
3493 2516 3576 2572 Ad

1975 2609 2220 2664 eamdem
2243 2609 2672 2664 observationem
2707 2609 2942 2678 pertinet
2971 2608 3099 2662 illud
3124 2608 3365 2679 ejusdem
3391 2625 3404 2663 :
3448 2607 3578 2664 Pas-

1974 2702 2072 2756 cha
2118 2702 2426 2756 celebramus
2473 2717 2642 2755 annuo
2689 2700 2904 2769 circulo,
2933 2717 3102 2754 mense
3146 2710 3398 2769 unique
3441 2700 3577 2756 adeo

1974 2795 2136 2852 etiam
2167 2795 2295 2849 illud
2327 2813 2340 2849 :
2372 2795 2608 2865 Aguntur
2633 2804 2878 2865 praeterea
2905 2810 2994 2864 per
3022 2792 3248 2849 (ἐι-ίεεὶω
3276 2793 3395 2848 illas
3420 2795 3571 2849 certis

1974 2889 2028 2942 in
2058 2888 2181 2942 locis
2219 2887 2448 2943 Concilio
2492 2903 2554 2942 ea:
2595 2887 2840 2941 universis
2871 2885 3134 2942 Ecclesiis.
3175 2886 3232 2942 Id
3275 2887 3420 2942 enim
3473 2887 3578 2943 etsi

1974 2983 2270 3054 generatim
2302 2983 2574 3053 loquatur,
2598 2984 2971 3038 existimamus
2991 2981 3327 3052 potissimum
3353 2981 3577 3052 intelligi

1975 3074 2044 3130 de
2070 3075 2326 3130 Conciliis
2355 3075 2510 3145 paulo
2551 3084 2674 3130 ante
2705 3075 2989 3131 celebratis
3021 3074 3307 3132 Palestina:
3339 3090 3367 3128 a
3395 3074 3578 3132 Theo-

1977 3169 2140 3241 phylo
2163 3167 2502 3235 Cmsariensi,
2538 3169 2690 3224 Ponti
2720 3185 2750 3224 a
2780 3169 2984 3234 Palma,
3011 3167 3297 3225 Corinthio
3320 3184 3348 3223 a
3371 3169 3577 3242 Bacby-

264 3272 317 3318 et
350 3263 497 3318 inter
544 3276 641 3316 eos
666 3261 954 3318 Senatores
999 3260 1088 3316 40.
1139 3258 1374 3314 Severus
1427 3254 1868 3324 interﬁcijussil.
1897 3247 1942 3310 (ἶ
1978 3262 2063 3326 lo,
2115 3271 2171 3317 et
2227 3261 2590 3318 Ecclesiarum
2640 3261 2780 3332 apud
2823 3262 3155 3329 Osroenum,
3213 3263 3577 3318 Alexandrino

267 3363 376 3410 tum
409 3363 468 3411 et
490 3369 593 3410 eos
619 3369 807 3408 omnes
833 3356 921 3425 qui
954 3354 1005 3408 in
1038 3353 1368 3408 Pcrtinacem
1405 3350 1869 3419 conspirat-erant:

261 3448 408 3515 Quos
455 3446 604 3502 adeo
631 3449 833 3504 Auctor
865 3446 1162 3500 Albinianos
1207 3443 1444 3516 appellat
1491 3441 1668 3497 verbis
1713 3455 1871 3511 supra

261 3543 466 3599 citatis.
499 3541 583 3596 Ad
609 3558 737 3596 ann.
761 3539 968 3595 Domini
989 3539 1109 3595 195.
1135 3547 1184 3594 ct
1215 3554 1308 3608 per
1327 3537 1532 3610 aliquot
1553 3550 1723 3590 annos
1752 3549 1875 3604 per-

261 3634 492 3690 durasse
522 3633 663 3688 banc
692 3633 903 3686 illorum
936 3632 1332 3700 inquisitionem
1361 3628 1630 3698 significat
1655 3645 1667 3680 :
1695 3626 1800 3682 Sed
1826 3635 1874 3680 et

261 3730 346 3798 qui
369 3744 538 3791 nunc,
583 3725 774 3795 inquit,
800 3726 1124 3779 scelestarum
1156 3723 1375 3793 partium
1401 3721 1524 3774 socii
1549 3730 1636 3772 aut
1669 3720 1874 3788 plauso-

261 3838 340 3876 res
359 3819 597 3890 quotidie
631 3819 953 3885 revelantur,
987 3826 1100 3888 post
1143 3813 1445 3870 vindemiam
1497 3813 1874 3884 parricidarum

263 3915 555 3970 racematio
592 3925 890 3983 superstes;
931 3927 1150 3982 nempe,
1203 3919 1460 3979 quantum
1514 3915 1764 3977 apparet,
1806 3903 1873 3960 ad

265 4006 611 4077 triumphum
642 4020 811 4075 uSque
833 4005 1163 4065 Parthicum,
1193 3985 1358 4072 atque
1385 3999 1520 4054 adeo
1550 4014 1748 4052 novum
1778 3997 1875 4052 Se—

259 4104 374 4158 veri
404 4116 636 4165 annum,
664 4098 1110 4170 quemadmodum
1146 4096 1214 4151 ibi
1241 4095 1423 4150 latius.
1454 4093 1592 4148 Alibi
1625 4093 1782 4146 etiam
1807 4090 1874 4144 ad

263 4194 576 4251 Senatores
621 4195 831 4247 occisos
858 4191 1083 4246 alludit:
1119 4189 1282 4244 Nemo
1315 4205 1414 4242 non
1436 4228 1450 4251 ,
1495 4186 1692 4256 inquit,
1726 4185 1875 4238 etiam

263 4288 495 4342 hominis
524 4303 680 4340 causa
711 4287 818 4356 pati
871 4295 1032 4355 potest
1090 4287 1224 4355 quod
1251 4283 1302 4336 in
1327 4298 1480 4335 causa
1513 4279 1608 4334 Dei
1637 4280 1741 4349 pati
1772 4279 1873 4331 du-

263 4378 411 4433 bitat.
449 4378 538 4432 Ad
574 4378 666 4432 hoc
693 4378 892 4448 quidem
920 4377 997 4430 vel
1035 4375 1304 4446 prtescntia
1332 4373 1474 4428 nobis
1523 4384 1748 4444 tempora
1778 4372 1874 4424 do-

264 4482 512 4526 cumenta
542 4471 682 4534 sint;
727 4483 952 4538 quantm,
985 4471 1258 4541 qualesque
1290 4484 1520 4540 persona:
1547 4468 1838 4538 inopinatos
1857 4508 1874 4534 ,

237 4623 240 4628 _
266 4565 321 4620 Ν
327 4567 564 4621 atulibus
585 4576 629 4620 et
662 4565 1008 4638 Dignilatibus
1039 4577 1080 4618 et
1095 4563 1424 4634 Corporibus,
1451 4574 1497 4617 et
1517 4564 1748 4618 a'tutibus
1773 4564 1877 4618 suis

1978 3369 2190 3424 quoque
2215 3369 2244 3408 a
2275 3354 2604 3425 Theophila,
2655 3355 2885 3426 denique
2914 3356 3144 3422 Asiano,
3179 3355 3228 3409 in
3259 3372 3366 3425 quo
3391 3357 3578 3412 scribit

1976 3444 2201 3516 Niceph.
2249 3447 2374 3502 bist.
2420 3447 2568 3502 Eccl.
2601 3448 2638 3502 I.
2669 3449 2722 3502 4.
2775 3462 2824 3503 c.
2855 3448 2953 3502 ult.
2990 3448 3174 3502 Patres
3205 3447 3403 3502 dictant
3447 3466 3574 3504 sen-

1979 3540 2198 3595 tentiam
2247 3540 2307 3594 Β.
2358 3539 2586 3595 Victoris
2626 3540 2834 3596 Concil.
2881 3541 3106 3595 Romani
3155 3551 3368 3596 secutos
3413 3557 3571 3610 esse,

1976 3633 2064 3690 cui
2094 3633 2254 3688 etiam
2281 3636 2549 3691 consentit
2572 3634 2780 3689 Concil.
2808 3633 3102 3692 Galliarum
3134 3635 3233 3690 sub
3271 3634 3496 3695 Iremeo.

2461 3773 2620 3829 Anno
2650 3773 2855 3829 Domini
2888 3787 3074 3829 cxcrx.

2053 3913 2081 3986 ᾗ
2112 3913 2204 3970 IX.
2251 3913 2328 3968 De
2356 3915 2498 3969 libris
2527 3914 2768 3969 adversus
2791 3912 3003 3968 Juda'os
3028 3913 3079 3967 in
3110 3913 3268 3968 lucem
3301 3912 3463 3967 editis.
3509 3941 3578 3954 —-

1981 4008 2072 4068 to.
2103 4009 2158 4064 Τ.
2191 4007 2502 4064 ιιιτιτιιιο
2525 4008 2584 4064 τ.
2621 4007 2680 4062 r.
2727 4007 3104 4070 summo,
3160 4007 3248 4062 ET
3276 4007 3338 4062 c.
3374 3989 3580 4060 ANNIO

1980 4102 2131 4157 API’.
2159 4100 2238 4156 'F.
2283 4101 2718 4156 TRISBONMXO
2757 4100 2985 4157 GALLU
3024 4099 3211 4155 COSS.
3259 4101 3315 4155 S.
3373 4099 3582 4168 Zephy-

1981 4197 2082 4252 rini
2106 4196 2263 4265 Papa:
2296 4195 2479 4250 Roma:
2506 4211 2539 4250 I.
2574 4209 2638 4250 ac
2665 4193 2850 4249 Severi
2875 4193 3006 4263 Imp.
3036 4209 3108 4247 \‘l.
3162 4191 3375 4247 videtur
3427 4190 3580 4246 nobis

1980 4289 2270 4355 Contigisne
2298 4287 2620 4357 diserepatio
2647 4286 2732 4341 illa
2756 4282 3220 4341 TEIi'I'ULIJNNI
3243 4300 3363 4338 cum
3397 4282 3581 4337 .ludaeo

1983 4382 2217 4453 quodam
2244 4422 2257 4442 .
2291 4381 2443 4450 cujus
2477 4379 2762 4435 occasione
2808 4379 3089 4448 scripsisse
3117 4393 3174 4431 se
3219 4377 3483 4447 δῑειιὶιίίτειι
3521 4376 3584 4430 li-

1981 4474 2139 4530 brum
2181 4473 2435 4529 ADVEIl.
2477 4467 2786 4530 JUDJEOS.
2833 4469 3078 4525 Proxime
3135 4471 3342 4529 accidit.
3375 4469 3580 4539 inquit,

1983 4569 2046 4640 (Ι.
2077 4572 2163 4622 ad.
2191 4567 2318 4622 Jud.
2371 4585 2417 4623 c.
2448 4583 2485 4622 t.
2516 4571 2559 4638 ),
2593 4567 2870 4637 disputatio
2921 4565 3091 4620 habita
3115 4575 3187 4619 est
3228 4563 3516 4619 Christiano
3537 4571 3583 4615 et

268 4662 441 4714 exitus
471 4664 722 4731 referunt,
753 4660 968 4715 hominis
1019 4675 1181 4712 causa
1213 4675 1230 4712 :
1261 4669 1348 4710 aut
1378 4657 1438 4710 ab
1463 4658 1596 4726 ipso.
1631 4657 1674 4710 si
1701 4669 1878 4710 contra
1904 4626 1956 4684 D
1987 4660 2257 4732 Prosrlyto
2319 4661 2528 4716 Iudico.
2594 4659 2818 4713 Alternis
2869 4657 3057 4712 vicibus
3105 4657 3419 4710 contentiosa
3461 4654 3584 4722 fune

265 4769 382 4807 eum
416 4753 652 4824 fecerint,
682 4763 769 4806 aut
799 4752 860 4805 ab
887 4751 1189 4806 adversariis
1214 4751 1323 4819 ejus
1354 4751 1396 4803 si
1427 4767 1517 4820 pro
1537 4766 1596 4804 eo
1625 4751 1875 4804 steterint.

270 4847 405 4915 (Ad.
449 4845 546 4901 Sc.
578 4863 625 4900 c.
655 4846 708 4901 2.
741 4847 961 4917 Apolog.
994 4863 1039 4899 c.
1065 4847 1155 4902 55.
1201 4847 1237 4900 ι.
1269 4845 1355 4898 ad.
1385 4843 1549 4900 Marc.
1599 4861 1714 4914 cap.
1755 4843 1879 4914 ult.)

267 4937 398 4994 Fuit
429 4949 612 4994 autem
640 4939 905 4994 dictorum
936 4941 1216 4994 consulum
1262 4940 1399 4994 alter
1430 4938 1728 4993 Lateranus
1755 4947 1878 4991 tan-

271 5045 474 5106 topcre
495 5037 696 5091 amicus
726 5034 1091 5113 Severolmp.
1123 5044 1176 5088 ut
1205 5035 1276 5089 illi
1319 5032 1880 5104 magniﬁcentissimas

270 5129 423 5185 ardes
481 5128 663 5184 Roma:
691 5129 1074 5196 :cdilicaverit,
1117 5143 1249 5199 quas
1278 5127 1570 5182 etiamnum
1619 5125 1877 5180 Palatium

270 5223 650 5280 Lateranense
678 5225 1028 5295 appellamus.
1054 5239 1211 5295 quem
1241 5220 1631 5293 posteascribit
1663 5220 1722 5274 Β.
1751 5219 1879 5274 Ilie-

271 5331 440 5390 rony.
495 5317 780 5389 Epitaphio
829 5317 1098 5378 Fabiolze.
1146 5315 1450 5370 Cmsariano
1503 5314 1880 5369 obtruncatum

274 5409 488 5480 gladio,
511 5409 748 5476 lortaSsis
778 5410 1030 5465 Antonini
1050 5407 1370 5473 ‘Caracallaa,
1403 5406 1493 5478 qui
1519 5407 1570 5460 in
1595 5407 1881 5476 plerosi'ue

278 5503 498 5556 amicos
519 5505 679 5572 patris
715 5504 795 5558 sui
822 5501 1221 5558 animadvertit.
1263 5501 1421 5572 Atqui
1462 5516 1584 5554 cum
1618 5499 1699 5552 his
1720 5498 1874 5553 Coss.

276 5597 490 5664 scripta
517 5595 582 5650 sit
611 5596 777 5666 Epist.
807 5613 864 5652 ιι.
898 5595 955 5650 S.
986 5594 1220 5650 VictOris
1246 5593 1402 5648 Rom.
1429 5593 1584 5648 I’ont.
1631 5589 1697 5646 ad
1723 5592 1879 5647 Afros

282 5685 590 5756 Episcopus
615 5687 735 5742 data
754 5687 868 5742 Kal.
903 5687 1178 5757 Septemb.
1209 5696 1262 5742 et
1291 5687 1460 5756 Epist.
1488 5685 1548 5740 S.
1581 5683 1874 5740 Eleutherii

285 5775 607 5832 Decessoris
633 5777 764 5848 ejus.
790 5795 841 5833 v.
865 5777 941 5835 Id.
968 5778 1094 5836 Julii
1121 5779 1360 5836 Materno
1381 5785 1436 5834 et
1482 5777 1692 5833 Bradua
1718 5777 1873 5832 Coss.

284 5869 604 5926 necessario
633 5870 770 5929 hunc
793 5888 1014 5945 annum,
1046 5889 1149 5930 non
1174 5870 1568 5944 prmeedeutem
1597 5887 1691 5930 xu.
1729 5871 1871 5930 Pon-

1986 4765 2196 4824 uterqne
2223 4752 2358 4806 diem
2395 4753 2448 4805 in
2503 4768 2762 4821 vesperam
2821 4757 3104 4804 traxerunt.
3163 4745 3583 4812 Obstrepentibus

1984 4848 2132 4899 etiam
2163 4845 2462 4916 quibusdam
2486 4845 2823 4914 spectantibus
2844 4884 2858 4906 ,
2890 4843 3209 4911 singulorum
3255 4838 3425 4891 nubilo
3445 4852 3580 4905 quo-.

1986 4938 2104 4991 dam
2134 4938 2318 4992 veritas
2343 4938 2755 4992 obumbrabatnr.
2789 4933 2998 4988 Placuit
3021 4931 3312 5004 ergo,quod
3342 4946 3432 5000 per
3456 4947 3582 4983 con-

1984 5041 2185 5086 centum
2234 5033 2593 5102 disputationis
2622 5030 2788 5083 minus
2819 5029 2966 5097 plene
2990 5027 3154 5097 potuit
3182 5024 3450 5088 elucidari,
3498 5025 3580 5077 in-

1985 5126 2111 5197 spici
2150 5127 2398 5179 curiosius
2423 5166 2438 5187 ,
2473 5133 2518 5177 et
2550 5123 2778 5178 lectionis
2804 5122 2936 5194 stglo
2961 5120 3260 5192 quiestimies
3286 5127 3583 5174 retractatos

1986 5221 2276 5275 terminare.
2334 5219 2391 5273 1ιι
2421 5235 2528 5289 quo
2577 5220 2719 5274 inter
2759 5229 2954 5272 cetera
2995 5215 3360 5271 annotandum
3393 5217 3575 5283 venit,

1984 5315 2122 5386 quod
2151 5314 2217 5368 de
2258 5314 2573 5370 dilatatione
2605 5314 2725 5368 lidei
2771 5329 2866 5382 per
2895 5312 3204 5366 universum
3232 5325 3370 5382 pene
3396 5311 3582 5366 orbem

1977 5408 2086 5479 jam
2119 5407 2185 5462 ab
2214 5423 2275 5462 ea
2305 5418 2463 5463 mtatc
2489 5407 2710 5477 pulchre
2741 5405 2976 5461 deducit.
3011 5403 3074 5458 In
3109 5421 3254 5476 quem
3284 5405 3420 5458 enim
3440 5445 3454 5467 ,
3503 5403 3585 5458 in-

1981 5503 2118 5574 quit,
2148 5503 2307 5556 alium
2330 5504 2578 5557 universa:
2606 5510 2775 5574 gentes
2800 5501 3158 5565 crediderunt,
3187 5499 3285 5553 nisi
3323 5498 3582 5554 Christum

1979 5596 2066 5666 qui
2088 5597 2198 5665 jam
2239 5598 2367 5650 venit
2385 5596 2477 5650 ἰ)...
2514 5594 2728 5659 Parthi,
2753 5593 2933 5661 Medi,
2963 5593 3229 5660 Elamitw,
3261 5603 3374 5648 etc.
3407 5590 3580 5664 (ibid.,

1979 5706 2027 5745 c.
2056 5691 2160 5760 7.),
2193 5689 2348 5744 sicuti
2381 5689 2570 5758 legitur
2594 5690 2714 5744 Act.
2746 5688 2802 5742 2.
2825 5697 2871 5742 et
2898 5698 3093 5743 scelera:
3119 5696 3289 5758 gentes
3309 5728 3324 5749 ,
3371 5693 3425 5738 ut
3466 5682 3582 5754 jam

1980 5781 2283 5837 Geta/orum
2313 5783 2598 5848 varietates,
2629 5791 2675 5837 et
2699 5780 3007 5836 Maurorum
3033 5779 3179 5835 multi
3199 5779 3351 5848 ﬁnes,
3379 5775 3576 5848 Hispa-

1979 5876 2180 5932 niarum
2211 5892 2384 5933 omnes
2410 5875 2628 5945 termini,
2665 5885 2711 5932 et
2757 5874 3043 5930 Galliarum
3087 5873 3296 5929 diversa'
3323 5871 3569 5936 nationes,
