4084 6344
480 376 552 443 59
1416 394 1423 401 ·
1753 379 1796 438 Τ
1800 374 2215 441 ERTULLIANI
2253 378 2433 440 VITA.
3192 408 3198 415 ·
3714 390 3797 454 60

483 509 532 560 et
580 498 946 556 Britannorum
981 496 1240 553 inaccessa
1277 494 1524 553 Romanis
1559 480 1694 563 loca,
1736 493 1937 553 Christo
1974 513 2092 555 vero
2119 497 2171 559 Α
2195 505 2248 554 et
2272 496 2524 571 Imperat.
2556 496 2843 571 Congiaria
2865 497 3057 557 iterum
3083 502 3280 574 populo
3299 490 3423 561 dato
3444 512 3498 563 et
3525 505 3789 567 Donativo

485 594 708 658 subdita,
734 591 1171 657 etSarmatarum,
1204 598 1252 646 et
1278 588 1538 645 Dacorum
1563 600 1609 645 et
1627 587 2017 658 Germanorum,
2046 598 2092 646 et
2174 592 2471 663 militibus,
2497 593 2549 649 in
2577 593 2872 650 secundum
2900 593 3100 651 bellum
3132 597 3440 665 Arahienm,
3474 600 3786 660 Parthicum

488 688 823 760 Scytharum,
857 695 904 740 et
935 685 1219 741 abditarum
1248 686 1521 740 multarum
1552 687 1797 759 gentium,
1817 696 1862 740 et
1889 686 2091 755 provin-
2193 694 2244 740 et
2274 684 2657 740 Adiabenicum
2687 686 2925 759 profecto
2952 688 2971 756 (
2999 686 3069 743 de
3096 704 3201 758 quo
3228 704 3389 759 supra
3429 691 3587 748 latius
3615 694 3633 763 )
3670 695 3790 750 Anc

486 782 682 835 ciarum
711 790 756 834 et
788 779 1072 834 insularum
1102 779 1377 833 multarum
1406 778 1548 833 nobis
1577 780 1886 849 ignotarum,
1907 787 1951 832 et
1976 793 2091 849 qua:
2196 779 2389 835 tistites
2458 780 2685 836 Romani
2765 782 3161 854 Sacrorutnqne
3231 784 3387 840 Pont.
3469 787 3789 859 religionem

486 889 784 929 enumerare
813 873 982 927 minus
1019 888 1328 942 possumus;
1378 872 1432 926 in
1481 871 1662 942 quibus
1690 870 1920 926 omnibus
1966 871 2089 925 locis
2131 878 2140 886 '
2193 870 2547 927 Christianam
2574 872 2725 930 initio
2751 883 2967 945 sumpto
2995 890 3023 928 a
3051 874 3109 931 S.
3145 875 3356 933 Victore
3392 878 3551 935 Pont.
3598 896 3789 951 perse-

487 965 676 1023 Cltristi
701 982 883 1021 nomen
909 966 996 1035 qui
1012 966 1124 1037 jam
1144 965 1275 1019 venit
1295 964 1512 1037 regnat?
1538 964 1633 1020 Est
1660 972 1714 1019 et
1735 962 1863 1019 illttd
1891 963 1959 1019 de
1978 963 2068 1019 lini

486 1059 588 1116 bus
627 1058 839 1130 Imperii
880 1058 1035 1113 Rom.
1081 1068 1192 1113 tum
1226 1058 1481 1128 temporis
1524 1057 1783 1112 memoria
1820 1056 2036 1127 dignum
2072 1072 2084 1109 :

490 1152 733 1209 Germani
756 1153 925 1207 adhuc
964 1169 1121 1223 usque
1148 1152 1330 1207 limites
1369 1150 1654 1219 transgredi
1691 1165 1792 1205 non
1828 1150 2083 1204 sinuntur.

488 1244 771 1301 Britannice
796 1246 933 1300 intra
962 1243 1155 1300 Oceani
1180 1246 1423 1299 ambitum
1440 1244 1690 1301 conclusa
1715 1250 1849 1296 sunt.
1877 1240 2088 1295 Mauro-

488 1356 601 1394 rum
622 1356 763 1410 gens,
788 1340 833 1393 et
855 1332 1146 1393 Getulorum
1169 1337 1422 1392 barbaries
1447 1353 1477 1390 a
1501 1335 1746 1390 Romanis
1774 1334 2083 1399 obsidentur,

490 1448 554 1486 ne
568 1432 1051 1503 regionumsuarum
1072 1432 1194 1500 ﬁnes
1220 1428 1631 1497 excetlant.Quid
1658 1428 1719 1482 de
1741 1425 1988 1482 Romanis
2009 1428 2093 1493 di-

490 1542 623 1586 cam,
655 1526 741 1595 qui
769 1526 833 1579 de
860 1526 1117 1597 legionum
1134 1541 1341 1579 suarum
1367 1522 1618 1595 prcesidiis
1634 1521 1913 1594 Imperium
1942 1538 2090 1576 suum

490 1621 744 1685 nuntiant,
762 1637 852 1675 nec
881 1630 1027 1674 trans
1054 1619 1177 1673 istas
1204 1627 1372 1689 gentes
1402 1617 1659 1687 porrigere
1683 1619 1810 1670 rires
1839 1616 1981 1687 regni
2010 1616 2092 1670 sui

491 1713 895 1787 possunt?Quod
918 1714 1088 1783 ipsum
1113 1711 1322 1782 attingit
1342 1711 1408 1765 de
1428 1709 1710 1765 Germanis
1735 1708 2087 1777 Herodianus,

491 1805 617 1861 hist.
652 1807 687 1861 ι.
722 1805 776 1860 2.
810 1805 936 1861 dum
973 1804 1229 1860 Severum
1283 1803 1513 1858 electum
1541 1801 1669 1857 dicit
1699 1817 1794 1873 per
1823 1802 2091 1859 exercitus

2190 965 2281 1036 qui
2336 976 2659 1037 pergerent,
2717 966 3252 1027 TERTULLIANUS
3307 971 3374 1027 ad
3432 972 3791 1033 imitationem

2190 1057 2417 1113 aliorum
2447 1059 2538 1130 qui
2565 1071 2688 1115 ante
2716 1076 2775 1116 se
2805 1060 2855 1115 id
2887 1059 3145 1129 fecerant,
3175 1073 3227 1119 et
3247 1066 3540 1133 prrescrtim
3570 1067 3629 1123 B.
3656 1067 3786 1124 Jus-

2191 1152 2288 1207 tini
2335 1151 2489 1212 Mart.
2549 1153 3085 1214 APOLOGLTICUM
3156 1156 3293 1214 uno
3352 1144 3791 1220 CllltlSTlANlS

2193 1245 2420 1301 Romam
2440 1246 2603 1313 misit,
2630 1248 2682 1303 in
2710 1264 2837 1319 quo,
2866 1249 2952 1306 vel
2980 1249 3259 1306 Lactantio
3286 1261 3441 1319 teste,
3463 1253 3619 1324 plene
3651 1254 3792 1312 hanc

2193 1354 2409 1396 Causam
2438 1343 2729 1412 peroravit.
2772 1341 2889 1399 Jam
2920 1352 3044 1400 ante
3091 1353 3269 1401 tamen
3299 1345 3597 1402 discessum
3629 1364 3793 1405 suum

2193 1433 2390 1489 multas
2420 1434 2591 1505 Leges
2610 1450 2638 1489 a
2660 1433 2860 1492 Severo
2886 1446 2939 1491 et
2964 1440 3275 1493 emendatas
3304 1448 3358 1494 et
3390 1439 3682 1510 publicalas
3702 1442 3793 1498 vel

2195 1527 2311 1600 ipse
2336 1538 2522 1584 auctor
2551 1530 2746 1585 indicat
2781 1548 2793 1583 :
2827 1528 3034 1596 Nonne,
3063 1532 3257 1603 inquit,
3286 1542 3334 1586 et
3358 1549 3441 1587 vos
3460 1534 3682 1600 quotidie
3697 1551 3794 1590 ea:-

2191 1621 2481 1692 pcrimentis
2511 1621 2917 1679 illuminantibus
2955 1625 3182 1680 tenebras
3229 1628 3547 1696 antiquitatis
3571 1671 3587 1696 ,
3625 1638 3792 1684 totam

2194 1713 2338 1767 illaut
2362 1726 2572 1769 veterem
2593 1724 2638 1770 et
2660 1716 2969 1787 squalentem
2997 1718 3191 1788 syloam
3218 1716 3413 1790 Legum
3451 1721 3593 1775 novis
3625 1719 3794 1777 Prin-

2194 1806 2437 1877 cipalium
2460 1807 2838 1876 llescriplornnt
2866 1818 2912 1862 et
2940 1807 3236 1863 Edictorum
3268 1810 3525 1866 securibus
3543 1816 3797 1871 truncatis

491 1915 700 1965 omnes,
725 1899 813 1971 qui
838 1915 934 1971 pro
952 1898 1080 1969 ripis
1104 1896 1326 1953 Danubii
1353 1895 1629 1967 Rhenique
1647 1896 1958 1951 coercendis
1976 1895 2095 1951 bar-
2120 1888 2169 1951 B
2197 1909 2241 1953 et
2268 1898 2460 1952 creditis
2482 1897 2508 1951 ?
2553 1896 2739 1953 Nonne
2784 1900 3085 1955 vanissimas
3127 1899 3323 1973 Papius
3350 1901 3508 1975 Leges
3538 1902 3555 1975 (
3579 1903 3667 1959 ubi
3705 1906 3797 1960 ai-

490 1992 637 2050 baris
667 1993 999 2049 excubantes
1035 1991 1192 2045 Rom.
1225 1990 1509 2045 tuebantur
1538 1989 1669 2059 Imp.
1702 1988 1769 2043 Et
1798 2004 1927 2043 vero
1951 1988 2093 2045 hunc

489 2098 688 2142 annum
734 2087 784 2141 l.
816 2084 1145 2141 collocamus
1184 2081 1382 2138 Pontif.
1418 2081 1476 2138 S.
1506 2078 1770 2137 Hahundii
1802 2080 2091 2153 Zephyrini

490 2178 754 2237 llabundii
785 2178 847 2233 F.
878 2179 1093 2233 natione
1128 2177 1377 2244 Romani,
1408 2176 1549 2248 quod
1580 2174 1832 2232 defuncto
1872 2174 1931 2231 S.
1967 2174 2091 2230 Vic-

492 2281 629 2338 tore,
664 2281 944 2343 postquam
973 2272 1129 2327 sedes
1153 2279 1391 2326 vacasset
1416 2270 1604 2325 diebus
1628 2269 1715 2327 12.
1747 2269 1861 2340 ipse
1881 2280 2093 2326 creatus

494 2366 655 2422 fuerit
684 2368 735 2422 4.
776 2364 900 2421 ldus
944 2366 1204 2436 Augusti,
1245 2365 1326 2419 his
1371 2364 1501 2435 ipsis
1548 2364 1701 2419 COSS.
1735 2365 1819 2419 vel
1869 2364 2095 2418 Damaso

496 2469 635 2517 teste
661 2502 676 2526 ,
710 2461 799 2531 qui
829 2459 1034 2515 sedisse
1063 2474 1186 2515 eum
1214 2458 1400 2513 scribit
1430 2438 1763 2528 temporibus
1820 2457 2005 2513 Severi
2041 2464 2097 2513 et

493 2555 783 2623 Antonini,
816 2570 847 2610 a
873 2552 1164 2609 Consulatu
1198 2552 1475 2611 Saturnini
1528 2561 1584 2607 et
1611 2550 1787 2617 Galli,
1823 2564 1992 2621 usque
2027 2548 2094 2606 ad

495 2649 822 2706 l’rtnscntent
843 2657 896 2703 et
922 2646 1249 2702 Extricatmu
1278 2643 1560 2701 Consules.
1577 2643 1857 2713 Quomodo
1881 2643 2093 2699 interim

495 2743 735 2799 nondum
780 2743 1009 2810 incoepta
1043 2742 1418 2811 persecutione
1456 2739 1880 2794 Christianorum
1910 2738 2095 2808 quinta

496 2839 639 2895 inter
663 2837 925 2909 Martyres
951 2836 1009 2891 S.
1040 2835 1223 2892 Victor
1262 2835 1559 2891 collocetur
1582 2876 1597 2899 ,
1635 2832 1950 2890 difﬁcultate
1984 2849 2092 2890 non

496 2943 668 3002 caret,
699 2951 817 3006 qum
844 2943 900 2990 et
920 2934 1209 2989 Eusebium
1257 2943 1310 2989 et
1336 2935 1469 2989 alio“
1490 2932 1947 3005 Chronograpbos
1975 2948 2095 2988 mo-

497 3033 573 3087 vit
604 3074 619 3099 ,
646 3039 701 3086 ut
730 3031 781 3085 in
810 3044 1007 3084 annum
1037 3029 1088 3085 8.
1121 3040 1170 3085 et
1197 3027 1248 3085 9.
1282 3037 1392 3083 aut.
1428 3029 1515 3084 l0.
1544 3029 1727 3085 Severi
1756 3028 1872 3099 ejus
1900 3028 2091 3083 Ponti-

500 3124 712 3180 ficatum
745 3122 1085 3195 protendant.
1120 3123 1316 3179 Verum
1354 3122 1493 3179 dieta
1522 3138 1640 3178 mea
1679 3133 1733 3179 et
1770 3123 1826 3178 S.
1882 3121 2094 3177 Damasi

498 3217 565 3274 de
614 3219 892 3287 utriusque
922 3218 1253 3288 temporibus
1295 3218 1558 3272 sententia
1600 3213 1951 3271 confirmatur
2000 3227 2096 3285 per

2198 1991 2336 2047 ludit
2383 1990 2448 2047 ad
2475 1990 2671 2063 Legem
2700 1992 2915 2062 Papiam
2955 1993 3239 2066 Poppream
3260 2036 3274 2060 ,
3299 1994 3369 2049 ita
3394 1996 3588 2050 dictam
3622 2012 3650 2050 a
3680 1998 3799 2055 suis

2197 2081 2458 2137 latoribus
2487 2081 2557 2137 Μ.
2598 2082 2762 2153 Papio
2793 2082 2863 2139 Μ.
2895 2082 2956 2139 F.
2982 2084 3052 2139 M.
3083 2085 3148 2139 Ν.
3178 2085 3363 2141 Mutilo
3397 2098 3450 2143 et
3475 2086 3799 2160 αἰδοίη)ωο

2198 2175 2263 2244 Q.
2297 2175 2358 2230 F.
2388 2173 2535 2245 Q.N.
2564 2173 2869 2231 Secundino
2891 2175 3093 2249 (1055.),
3111 2192 3224 2249 qua:
3250 2188 3368 2233 ante
3398 2178 3578 2236 liberos
3603 2182 3798 2254 suscipi

2197 2277 2399 2340 cogunt,
2435 2283 2588 2338 quant
2616 2267 2772 2322 Julia:
2794 2269 3169 2324 matrimonium
3195 2272 3428 2325 contrahi
3453 2314 3467 2338 ,
3495 2282 3607 2343 post
3632 2282 3791 2328 tanta:

2199 2360 2516 2415 auctoritatis
2557 2371 2899 2430 senectutem,
2948 2361 3054 2417 lteri
3107 2361 3325 2419 Severus
3354 2367 3795 2424 constantissimus

2200 2453 2459 2510 Cwsarum
2489 2456 2728 2511 exclusit?
2753 2454 2927 2527 (Apol.
2958 2473 3004 2510 c.
3034 2456 3135 2528 4.).
3169 2457 3299 2526 Qum
3327 2458 3589 2515 dicturum
3613 2461 3791 2532 legum

2199 2547 2417 2603 abolitio
2445 2550 2715 2620 quomodo
2764 2550 2966 2605 Severo
3006 2552 3174 2622 possit
3241 2554 3460 2608 attribui
3516 2563 3570 2609 et
3611 2565 3791 2612 tamen

2198 2649 2386 2713 postea
2408 2642 2766 2697 Coristantiuo
2789 2642 2982 2714 lmper.
3014 2644 3305 2708 tribuatur,
3341 2645 3502 2703 latius
3527 2647 3578 2702 in
3611 2650 3797 2703 Anno-

2201 2745 2298 2791 tat.
2331 2735 2397 2791 ad
2425 2737 2568 2791 hunc
2597 2736 2771 2792 locum
2802 2737 3001 2793 nostris
3031 2739 3419 2808 tractavimus;
3450 2741 3718 2813 inquibus
3746 2742 3796 2799 si

2199 2832 2409 2903 piaceat
2457 2832 2765 2901 conjectura
2795 2841 2979 2887 nostra
3004 2832 3076 2889 de
3129 2832 3166 2886 ι.
3198 2848 3236 2887 ι.
3287 2833 3351 2888 D.
3381 2833 3448 2889 de
3501 2835 3700 2905 Stupro
3740 2843 3800 2892 et

2201 2925 2369 2980 adult.
2401 2941 2502 2996 qua
2530 2925 2781 2980 delinitur
2804 2926 2967 2980 etiam
3001 2926 3052 2980 in
3082 2940 3279 2996 sponsa
3302 2937 3549 2998 stuprum
3569 2937 3623 2982 et
3644 2928 3799 2984 adul-

2203 3020 2397 3073 terium
2425 3009 2669 3073 aecuSari
2700 3025 2755 3073 et
2808 3017 3068 3074 vindicari
3116 3033 3276 3090 posse
3302 3061 3318 3088 ,
3362 3019 3632 3091 oportebit
3675 3034 3797 3075 eam

2200 3108 2398 3182 Legem
2423 3111 2507 3166 his
2535 3108 2687 3166 Coss.
2718 3110 2879 3165 latam
2932 3108 3118 3167 fuisse.
3157 3111 3223 3167 Et
3250 3126 3378 3166 vero
3408 3126 3504 3183 pro
3537 3111 3675 3168 bello
3704 3124 3797 3167 se-

2200 3204 2376 3261 cundo
2400 3203 2649 3260 Parthico
2689 3206 2926 3259 nondum
2956 3204 3224 3275 completo
3280 3204 3463 3276 (quod
3505 3202 3589 3260 his
3639 3201 3801 3260 Coss.

498 3311 672 3381 Epist.
709 3267 917 3367 Dec'ret.
950 3267 1239 3383 Zephyrini
1266 3311 1417 3366 datas
1446 3311 1529 3365 his
1555 3310 1685 3381 ipsis
1722 3267 2016 3365 Saturninti
2041 3314 2095 3365 et

2202 3296 2581 3355 Cassiodorum
2636 3300 2795 3352 etiam
2840 3267 3134 3367 inemptum
3177 3267 3528 3367 trad‘it')facit
3570 3298 3799 3366 Auctor,

497 3404 652 3461 Gallo
678 3403 833 3459 Cos's.
873 3405 1101 3474 priorem
1145 3402 1229 3459 12.
1264 3403 1382 3458 Kal.
1414 3402 1608 3459 Octob.
1652 3403 2005 3474 posteriorem
2037 3403 2094 3459 7.

496 3496 621 3552 ldus
641 3494 900 3553 Novemb.
931 3505 985 3552 et
1014 3496 1065 3551 in
1096 3496 1359 3567 primitiva
1390 3496 1534 3552 Eccl.
1568 3496 1795 3552 nonfuit
1822 3496 2096 3553 insolitum

499 3594 927 3662 persecutionem
949 3605 978 3645 a
1005 3591 1201 3663 popqu
1227 3590 1387 3646 Rom.
1405 3600 1495 3647 aut
1520 3591 1783 3663 pra-lectis
1803 3591 1963 3649 Urbis
1991 3591 2097 3646 ini-

501 3684 631 3739 tium
657 3697 892 3741 sumere.
916 3683 1051 3753 Quid
1075 3684 1099 3739 ?
1125 3684 1266 3756 quod
1294 3683 1359 3740 de
1386 3684 1487 3740 hoc
1519 3695 1759 3755 tempore
1791 3684 1841 3739 id
1882 3685 2099 3742 disertis

501 3777 679 3833 verbis
692 3778 891 3832 Auctor
919 3778 1140 3833 asserit:
1173 3777 1279 3833 Sed
1295 3787 1341 3833 et
1371 3780 1703 3846 clarissimas,
1728 3779 1917 3850 inquit,
1941 3780 2101 3850 [aemi-

500 3886 595 3924 nas
619 3878 664 3923 et
691 3870 997 3925 clarissimos
1020 3872 1151 3924 viros
1181 3870 1397 3926 Severus
1426 3872 1753 3941 sciens/iuius
1782 3884 1931 3928 sectte
1954 3890 2060 3929 esse
2080 3916 2096 3943 ,

514 3978 615 4017 non
645 3962 798 4016 modo
826 3978 927 4017 non
957 3962 1106 4024 ltesit,
1141 3979 1312 4017 verum
1340 3973 1386 4020 et
1428 3965 1713 4021 testimonio
1740 3968 2023 4032 exornavit,
2053 3977 2100 4022 et

502 4056 692 4135 populo
718 4057 908 4129 furenti
936 4058 987 4111 in
1010 4074 1065 4112 os
1095 4058 1265 4127 palum
1288 4059 1468 4117 restitit
1487 4059 1593 4129 (Ad
1615 4060 1773 4132 Scap.
1797 4078 1844 4116 c.
1863 4061 1918 4116 4.
1941 4062 2096 4135 Apol.

502 4167 547 4205 c.
569 4131 637 4204 ’1.
663 4149 767 4223 2.).
793 4148 956 4221 Atqui
987 4162 1109 4207 ante
1139 4167 1336 4208 annum
1364 4165 1677 4227 sequentem
1704 4164 1914 4227 Oportet
1938 4131 2099 4215 latam

505 4244 669 4303 fuisse
698 4246 871 4319 legem
914 4247 1176 4303 Divornm
1207 4249 1396 4306 Severi
1447 4259 1503 4307 et
1527 4251 1822 4321 Antonini,
1864 4267 1933 4308 ne
1981 4256 2101 4324 quis

506 4338 701 4394 absens
719 4340 989 4409 puniatur,
1019 4341 1171 4413 cujus
1192 4343 1248 4397 lit
1277 4344 1477 4400 mentio
1505 4343 1597 4399 lib.
1630 4347 1680 4399 l.
1708 4343 1766 4400 Π.
1787 4345 1855 4401 de
1876 4345 2097 4416 chuir.

507 4432 651 4498 rcis;
685 4449 806 4488 nam
834 4434 899 4490 ad
944 4451 1060 4490 eam
1090 4435 1232 4491 haud
1276 4435 1437 4493 dubie
1460 4437 1646 4493 alludit
1691 4437 1744 4491 in
1774 4435 1892 4493 hinc
1942 4438 2102 4494 verba

507 4531 742 4598 Auctor;
778 4530 918 4599 Quid
944 4534 1028 4587 hic
1048 4533 1268 4603 ,.inquit
1292 4576 1307 4600 ,
1354 4532 1572 4605 Legibus
1607 4534 1806 4604 deperit
1834 4534 1886 4588 in
1908 4551 1999 4589 suo
2024 4552 2105 4589 re-

2200 3392 2330 3448 dum
2352 3392 2490 3447 inter
2520 3390 2705 3447 hostes
2733 3391 2927 3462 lmpcr.
2949 3390 3173 3446 Romani
3200 3400 3479 3446 enumerat
3508 3388 3719 3445 Mauros
3745 3396 3803 3445 et

2203 3486 2622 3552 Marcomannos,
2660 3487 2892 3557 ipsosque
2928 3485 3151 3539 Parthos
3172 3484 3219 3556 (ι
3232 3485 3334 3540 bid.
3360 3501 3404 3541 ο.
3434 3484 3573 3555 37.).
3597 3483 3802 3540 lterum

2202 3595 2331 3637 vero
2348 3579 2669 3656 Christiana:
2688 3578 2807 3634 ﬁdei
2825 3578 3189 3634 dilatationetn
3210 3579 3293 3633 his
3314 3577 3491 3633 verbis
3514 3578 3753 3634 celebrat
3775 3595 3792 3633 :

2204 3677 2425 3732 hesterni
2468 3692 2665 3742 sumus,
2697 3684 2743 3729 et
2773 3684 2937 3729 vestra
2974 3675 3147 3730 omnia
3196 3673 3583 3744 cornplevintus,
3615 3673 3761 3728 urbes
3781 3716 3802 3744 ,

2203 3772 2421 3839 insulas,
2463 3771 2695 3836 castella,
2725 3769 3027 3841 ntunicipia,
3062 3767 3419 3832 conciliabula,
3454 3777 3626 3823 castra
3650 3769 3803 3838 ipsa,"

2205 3869 2386 3936 tribus,
2415 3867 2665 3930 decurias,
2694 3865 2969 3932 palatium,
2999 3864 3269 3930 Senatum,
3303 3862 3534 3928 Forum;
3561 3874 3615 3917 et
3642 3862 3807 3935 paulo

2206 3972 2352 4027 ante,
2377 3960 2516 4032 quod
2543 3975 2682 4014 anno
2705 3958 3027 4030 prwcedeuti
3053 3957 3285 4014 diximus
3313 3958 3381 4013 de
3411 3958 3649 4029 populari
3679 3972 3808 4028 pcr-

2205 4056 2483 4112 secutione
2523 4055 2844 4111 conﬁrmat:
2879 4052 3106 4121 Quoties,
3133 4053 3324 4123 inquit,
3346 4054 3495 4107 etiam
3526 4052 3808 4123 praeteritos

2205 4167 2237 4204 a
2266 4149 2423 4215 vobis,
2446 4165 2539 4203 suo
2558 4150 2680 4219 jure
2708 4163 2799 4202 nos
2823 4146 3082 4200 inimicum
3127 4146 3306 4218 vulgus
3327 4146 3521 4201 invadit
3549 4147 3809 4218 lapidibus

2207 4256 2252 4301 et
2277 4244 2551 4299 incendiis?
2568 4245 2585 4296 l
2598 4244 2701 4313 psis
2726 4241 3123 4297 Bacchanalium
3142 4241 3312 4313 furtis,
3340 4257 3428 4295 nec
3450 4244 3659 4296 mortuis
3679 4257 3808 4312 par-

2207 4351 2327 4393 cunt
2348 4338 2649 4394 Christianis
2666 4378 2681 4402 ,
2711 4338 2832 4407 quin
2854 4336 2968 4390 illos
2989 4335 3052 4389 de
3073 4334 3239 4406 requie
3261 4333 3553 4404 sepulturaz,
3578 4334 3641 4389 de
3661 4332 3807 4406 asylo

2206 4433 2429 4505 quodam
2451 4433 2644 4498 mortis,
2665 4434 2779 4503 jant
2800 4432 2949 4495 alios,
2963 4431 3077 4502 jam
3094 4446 3183 4484 nec
3204 4438 3354 4495 totos,
3377 4428 3616 4494 avellant,
3641 4429 3806 4485 disse-

2211 4536 2343 4593 cent,
2367 4525 2654 4580 distrahant
2686 4523 2789 4595 (lb.
2809 4540 2855 4578 c.
2881 4522 3016 4595 ’57.).
3043 4520 3246 4579 Eodem
3278 4521 3508 4592 pertinet
3535 4521 3694 4577 illud:
3717 4538 3809 4576 nec

504 4641 604 4696 gno
631 4625 1009 4681 dominantibus
1029 4668 1043 4695 ,
1073 4627 1118 4681 si
1144 4626 1383 4681 audiatur
1403 4627 1429 4681 ?
1456 4626 1536 4681 An
1564 4627 1660 4680 hoc
1679 4626 1841 4699 magis
1861 4627 2103 4700 gloriabi-
2126 4649 2181 4711 Β
2210 4621 2304 4677 ulli
2326 4621 2486 4693 magis
2511 4618 2913 4691 depostulatores
2932 4615 3339 4674 Christianorum
3362 4633 3513 4687 quam
3533 4616 3731 4689 vulgus,
3754 4624 3811 4672 et

506 4728 589 4773 tur
615 4727 835 4790 potestas
856 4735 1053 4785 earum,
1086 4719 1128 4775 si
1156 4719 1442 4774 inauditam
1465 4718 1778 4773 damnabunt
1808 4720 2105 4775 veritatem?

506 4821 558 4868 et
585 4828 797 4867 rursum
833 4832 846 4868 :
877 4812 1080 4883 quando
1127 4829 1217 4869 nec
1242 4813 1393 4870 liceat
1420 4811 1714 4885 indefensos
1750 4819 1800 4869 et
1847 4811 2104 4868 inauditos

513 4906 717 4981 omnino
745 4906 1000 4964 damnari.

1043 5046 1205 5103 Anno
1232 5045 1446 5106 Domini
1477 5060 1564 5104 cc.

582 5181 609 5255 §
653 5179 723 5237 Χ.
784 5181 860 5238 De
904 5181 1248 5256 Apologetico,
1284 5181 1589 5237 Testintonio
1639 5180 1824 5237 animm
1853 5189 1897 5237 et
1943 5180 2100 5251 Fato,

507 5276 750 5330 adversus
796 5284 983 5347 gentes,
1028 5294 1087 5331 ac
1130 5277 1193 5331 de
1249 5276 1622 5332 TERTIJLLIANI
1669 5275 1990 5337 sacerdotio.
2035 5276 2103 5330 li-

508 5367 711 5437 brisque
745 5367 864 5421 inde
888 5368 1073 5423 obortis
1099 5368 1163 5423 de
1191 5367 1517 5437 Pwnitentia,
1543 5368 1606 5422 de
1630 5367 1890 5433 Oratione,
1912 5369 1974 5422 de
1997 5365 2107 5423 Cir-

510 5461 845 5526 cumcisione,
869 5460 941 5514 de
962 5459 1192 5516 Vestibus
1215 5462 1407 5528 Aaron,
1433 5462 1496 5515 de
1522 5460 1735 5516 Mundis
1763 5472 1808 5515 et
1830 5460 2107 5517 immundis

510 5552 832 5616 animalibus,
850 5555 913 5608 de
925 5552 1192 5620 Triuitate,
1209 5554 1272 5608 de
1287 5552 1647 5624 Baptismo.-—-
1668 5555 1732 5611 17
1743 5592 1756 5608 .
1770 5554 1830 5610 Ρ.
1844 5552 2107 5610 CORNE-

511 5647 623 5703 LIO
651 5644 998 5702 ANULLINO
1023 5645 1082 5702 ll.
1099 5646 1187 5701 ET
1212 5646 1282 5702 Μ.
1306 5645 1600 5703 AUFlDlO.
1626 5647 1695 5703 Μ.
1713 5646 1774 5702 F.
1797 5646 2108 5704 FRONTO-

511 5737 603 5794 NE
656 5737 838 5794 COSS.
888 5737 946 5794 S.
974 5738 1258 5810 Zephyrini
1279 5739 1435 5795 Rom.
1467 5740 1625 5798 Pont.
1652 5757 1794 5796 anno
1826 5757 1884 5797 tt.
1914 5741 2104 5798 Severi

514 5830 649 5902 imp.
678 5847 773 5887 vtt.
800 5846 984 5903 quum,
1009 5829 1140 5903 imp.
1160 5847 1281 5889 cum
1313 5833 1436 5891 filiis
1457 5835 1568 5890 suis
1591 5836 1861 5891 Antonino
1885 5844 1939 5891 et
1969 5833 2102 5891 Geta

517 5935 641 5987 ante
666 5926 961 5987 discessum
1001 5940 1157 5989 suum
1191 5927 1474 5989 declaratis
1509 5927 1811 5990 Cesaribus
1840 5928 2100 6002 Augustis

2210 4718 2365 4771 toties
2386 4716 2545 4770 citata
2569 4714 2636 4769 ab
2658 4715 2812 4770 Auct.
2841 4711 3114 4784 popularis
3131 4726 3235 4767 vox
3262 4711 3351 4766 illa
3377 4730 3389 4766 :
3414 4710 3725 4767 Christianos
3741 4710 3810 4765 ad

2208 4810 2423 4866 leonem.
2463 4808 2754 4879 Complura
2778 4816 2904 4862 sunt
2928 4807 3029 4861 alia
3059 4806 3111 4860 in
3139 4805 3483 4876 Apologetico
3511 4814 3807 4860 memoratu

2208 4905 2365 4976 digna
2389 4921 2403 4972 ;
2432 4904 2526 4960 sed
2554 4920 2621 4959 ne
2645 4903 2730 4958 hic
2758 4902 3075 4972 prolixiores
3101 4902 3288 4966 simus,
3311 4899 3377 4955 ad
3403 4901 3655 4955 Annotat.
3685 4914 3810 4955 uos-

2212 5007 2320 5055 tras
2346 4997 2625 5053 Lectorem
2652 4994 2994 5051 remittimus.
3020 4993 3117 5049 llic
3138 4993 3396 5049 duntaxat
3420 4992 3679 5049 addemus
3714 5006 3809 5048 oc-

2207 5093 2478 5149 casionem
2503 5090 2889 5163 persecutionis
2905 5100 3078 5145 ortam
3100 5104 3165 5145 ex
3190 5087 3338 5143 falsis
3355 5087 3653 5151 calumniis,
3673 5102 3809 5159 quas

2207 5182 2570 5259 pulcherrime
2612 5181 2825 5250 refutat,
2868 5182 3201 5254 potissimum
3260 5182 3429 5236 trilms
3469 5180 3806 5251 infanticidii,

2207 5275 2482 5350 sanguinis
2510 5275 2727 5330 humani
2759 5273 2957 5345 pabuli,
2988 5281 3044 5330 et
3070 5272 3294 5329 incesti:
3326 5271 3577 5339 Dicimur,
3609 5271 3804 5344 inquit,

2205 5370 2579 5429 sceleratissimi
2608 5373 2671 5424 de
2700 5384 2917 5423 sacrant.
2943 5366 3274 5438 infanticidii,
3303 5377 3348 5421 et
3377 5366 3564 5438 pabulo
3593 5366 3730 5431 inde,
3763 5374 3810 5421 ct

2210 5476 2322 5541 post
2344 5466 2624 5522 convivium
2652 5464 2873 5529 incesto;
2915 5461 3050 5534 quod
3078 5476 3333 5526 eversores
3360 5461 3605 5515 luminum
3632 5476 3811 5527 canes,

2211 5561 2411 5615 lenones
2450 5557 2637 5613 scilicet
2655 5556 2994 5622 tenebrarum,
3030 5563 3135 5610 tum
3161 5565 3209 5609 et
3237 5552 3502 5609 libidinum
3535 5552 3817 5626 impiarum

2211 5650 2616 5709 inuerecundiam
2646 5646 3119 5722 procurent(lbid.,
3146 5663 3192 5703 c.
3230 5646 3331 5719 7.).

2745 5787 2901 5844 Anno
2923 5785 3131 5842 Domini
3162 5799 3267 5843 cet.

2272 5928 2357 5987 18.
2382 5926 2469 5987 Τί.
2503 5924 2801 5987 CLAUDIO
2830 5922 3107 5988 SEVERO
3133 5921 3265 5997 (non
3282 5930 3457 5981 autem
3473 5919 3817 5995 scverohnp.
