4084 6344
544 352 623 416 63

1829 339 2293 404 TERTULLIANI
2332 284 2527 402 VITA.
3805 340 3871 404 64

548 466 754 536 Abbas;
787 464 913 524 inde
939 463 1071 523 mihi
1096 461 1327 529 videtur,
1360 459 1504 534 quod
1544 459 1608 520 Β.
1646 458 1944 532 Cyprianus
1968 455 2141 528 Epist.
2170 455 2221 517 Α
2251 435 2389 514 inter
2416 455 2802 530 Prolegomena
2828 455 3008 514 latins.
3028 454 3197 514 Porro
3219 454 3330 514 hoc
3344 469 3505 512 anno
3522 455 3692 512 etiam
3714 468 3871 529 opor-

553 558 625 618 70
658 561 727 616 ad
754 559 974 617 Januar.
1020 573 1088 614 ex
1139 555 1574 615 antecessoribus
1632 555 1745 611 suis
1793 551 2145 623 Agrippinum

554 653 721 710 fuisse
746 650 1028 725 signiticet,
1065 660 1121 707 et
1152 639 1574 722 BIAugustinus
1610 646 1703 703 lib.
1732 645 1787 700 2.
1818 654 2004 700 contra
2040 644 2145 699 Do-

472 730 473 733 )
557 753 741 803 natum
782 759 902 816 cap.
956 743 1009 799 7.
1062 744 1237 817 ipsum
1287 742 1350 798 Β.
1395 739 1649 814 Cypriani
1692 737 2143 810 pra-decessorem

556 846 847 907 nuncupet.
874 834 1102 893 Maxime
1129 850 1250 891 cum
1288 835 1392 889 alia
1418 841 1560 890 esset
1609 831 1677 888 ab
1721 829 1899 886 Africa
1930 827 2148 902 :Egypti

494 984 499 987 .
558 929 857 1002 provincia,
886 929 938 984 in
966 944 1071 1001 qua
1098 924 1493 985 Alexandrinus
1519 926 1608 982 ille
1633 924 1999 995 episc0patum
2026 937 2152 992 age-

556 1019 671 1090 bat,
690 1029 746 1078 et
767 1020 829 1076 Β.
850 1019 1011 1094 Cypr.
1037 1018 1277 1091 Epist.7l
1292 1060 1304 1074 .
1322 1018 1387 1074 ad
1408 1017 1658 1088 Quintum
1681 1016 1882 1073 scribat
1903 1013 2153 1086 Agrippi-

561 1130 692 1172 num
717 1114 871 1172 bona:
897 1116 1171 1171 memoria:
1185 1114 1353 1169 virum
1367 1128 1489 1168 cum
1512 1112 1625 1168 suis
1641 1111 1975 1183 coepiscopis
1994 1108 2153 1180 (quos

559 1206 722 1265 etiam
753 1216 1124 1264 antecessores
1153 1221 1280 1262 suos
1301 1212 1572 1276 nuncupat
1600 1203 1774 1275 Epist.
1796 1203 1865 1259 70
1892 1201 1937 1272 ),
1961 1201 2153 1257 decre-

562 1306 677 1356 tum
717 1298 784 1356 de
815 1297 1084 1355 haereticis
1109 1297 1442 1370 baptizandis
1481 1296 1695 1353 iecisse.
1724 1296 1789 1352 Et
1817 1309 1945 1350 vero
1973 1293 2155 1348 statim

561 1399 787 1462 accepto
812 1389 1112 1447 sacerdotio
1138 1390 1468 1447 continuisse
1492 1391 1780 1446 Auctorem
1819 1403 1847 1442 a
1878 1387 2156 1443 matrimo-

564 1474 642 1541 nii
662 1498 759 1539 usu
780 1483 891 1556 pari
909 1498 1175 1540 consensu
1192 1499 1311 1540 cum
1335 1497 1431 1538 sua
1449 1482 1699 1553 conjuge,
1725 1480 1853 1535 mihi
1884 1479 1942 1536 lit
1967 1477 2159 1535 verisi-

567 1577 696 1633 mile
729 1592 795 1631 ex
821 1575 1210 1632 conSuetudine
1253 1575 1512 1632 Ecclesiae
1556 1574 1757 1640 latina},
1799 1573 1910 1645 jam
1961 1571 2086 1628 inde
2126 1584 2160 1627 a

567 1668 786 1725 decreto
805 1669 862 1727 S.
886 1668 1179 1727 Clementis
1203 1668 1310 1725 PP.
1337 1668 1567 1725 maxime
1591 1683 1711 1724 cum
1738 1664 2073 1739 propendere
2090 1678 2156 1721 eo

566 1761 850 1819 videantur
877 1761 992 1818 hrec
1028 1763 1147 1833 ejus
1174 1761 1240 1818 ad
1287 1761 1523 1820 Uxorem
1561 1762 1725 1817 verba
1759 1778 1772 1816 :
1810 1758 1892 1815 Ne
1916 1776 1994 1814 me
2010 1764 2162 1830 ‘putes

2252 557 2327 607 tet
2354 550 2662 622 contigisse.
2694 550 2835 622 quod
2863 550 3080 623 scripsit
3106 550 3200 608 lib.
3251 550 3325 606 ad
3378 550 3684 618 Scapulam
3732 566 3872 610 anno

2248 659 2364 714 seq.
2392 643 2639 701 Craterum
2668 654 2714 699 et
2741 644 2899 699 imbre
2922 645 3047 699 anui
3061 644 3329 716 praeteriti,
3364 642 3499 714 quid
3519 644 3875 700 commeruerit

2252 756 2408 811 genus
2430 739 2710 793 humanum
2736 737 3017 809 apparuit;
3040 739 3419 809 cataclysmum
3441 735 3647 790 scilicet
3673 746 3725 790 et
3746 746 3875 793 retro

2254 835 2414 905 fuisse
2461 842 2668 904 propter
2717 833 3094 888 incredulitates
3144 843 3189 888 et
3240 832 3559 903 iniquitates
3589 831 3872 893 hominum.

2256 928 2523 984 Fortassis
2542 936 2596 982 et
2625 925 2791 984 illud:
2825 925 2893 981 Et
2919 927 3060 999 ignes
3086 927 3171 999 qui
3198 943 3360 996 super
3383 925 3583 980 mania
3601 923 3874 998 Carthagi-

2256 1020 2335 1077 nis
2362 1020 2591 1091 proxime
2616 1018 2959 1093 pependerunt
2988 1035 3076 1090 per
3105 1030 3328 1084 noctem,
3362 1017 3499 1089 quid
3530 1018 3717 1073 minati
3742 1019 3874 1087 sint,

2259 1114 2421 1170 sciunt
2449 1113 2536 1184 qui
2559 1113 2810 1180 viderunt,
2852 1122 2900 1168 et
2932 1111 3143 1183 pristina
3169 1114 3407 1167 tonitrua
3451 1111 3583 1183 quid
3611 1113 3874 1180 sonarint,
3950 1104 3953 1107 ⁷

2258 1209 2423 1264 sciunt
2443 1207 2533 1281 qui
2554 1206 2918 1263 obduruerunt.
2943 1205 3129 1263 Omnia
3151 1208 3260 1262 haec
3280 1207 3442 1278 signa
3461 1215 3586 1261 sunt
3608 1206 3875 1261 imminen-

2260 1301 2324 1357 tis
2352 1302 2445 1357 ira:
2472 1300 2585 1366 Dei,
2616 1317 2770 1372 quant
2799 1309 2996 1356 necesse
3014 1309 3111 1366 est,
3138 1315 3346 1371 quoquo
3370 1299 3534 1366 modo
3572 1315 3873 1370 possumus,

2259 1400 2316 1450 tit
2356 1402 2403 1449 et
2445 1394 2805 1448 annuntiemns
2841 1402 2890 1448 et
2928 1392 3279 1465 praedicemus,
3319 1401 3372 1446 et
3417 1391 3763 1461 deprecentur
3802 1389 3876 1444 lo-

2259 1487 2422 1543 calent
2447 1503 2575 1543 esse.
2613 1485 2959 1543 Uttirersalem
3001 1485 3134 1540 enim
3173 1494 3219 1539 et
3260 1499 3577 1555 supremam
3615 1499 3712 1538 suo
3754 1492 3875 1536 tem-

2263 1597 2387 1653 pore
2409 1580 2642 1649 sentient,
2689 1579 2776 1651 qui
2824 1578 3056 1649 exempla
3091 1575 3404 1657 ejus‘aliter
3455 1575 3874 1647 interpretantur.

2791 1715 2946 1770 Anno
2972 1687 3182 1769 Domini
3208 1726 3339 1769 ccu.
3403 1687 3407 1691 ”

565 1866 777 1929 propter
817 1857 987 1913 carnis
1033 1865 1134 1913 tute
1160 1856 1499 1929 integritatem
1528 1855 1654 1910 milii
1698 1852 2055 1909 reservandum
2099 1851 2163 1908 de
2189 1838 2237 1900 Β
2342 1853 2370 1927 §
2413 1851 2505 1909 XI.
2551 1849 2632 1908 De
2669 1851 2784 1907 aliis
2844 1850 2975 1906 bona
3025 1850 3127 1921 [ide
3175 1849 3389 1922 scriptis
3457 1848 3532 1905 ad
3581 1847 3873 1921 Scapulam,

566 1951 888 2007 contumelia:
927 1950 1104 2006 dolore
1146 1960 1455 2021 suspectum,
1486 1948 1748 2003 insinuare
1777 1939 1884 2014 iani
1925 1946 2045 2001 hinc
2074 1944 2166 2000 tibi

567 2042 831 2099 uiduitatis
858 2043 1126 2099 consilium
1155 2058 1174 2108 ;
1201 2043 1326 2101 item
1351 2059 1366 2099 :
1396 2041 1640 2114 Tempus,
1666 2040 1855 2113 inquit,
1879 2041 1933 2094 in
1953 2038 2167 2095 collecto

568 2144 687 2201 est;
728 2145 956 2208 superest
998 2145 1055 2190 ut
1092 2136 1179 2207 qui
1206 2136 1531 2190 matrimonia
1556 2134 1760 2197 habent,
1793 2142 2035 2205 tanquaut
2062 2147 2168 2188 non

571 2228 809 2285 habentes
854 2237 1031 2300 agant.
1064 2227 1214 2296 Quod
1259 2228 1302 2282 si
1347 2227 1605 2286 habentes.
1647 2226 1936 2280 oblitterare
1988 2224 2169 2278 debent

570 2320 708 2393 quod
734 2321 936 2389 habent,
966 2329 1157 2392 quanto
1201 2320 1363 2392 magis
1411 2335 1513 2373 non
1540 2318 1828 2373 habentes?
1869 2317 1973 2390 (Ad
2003 2314 2165 2372 Uxor.

571 2427 622 2468 c.
654 2413 706 2469 l.
743 2428 790 2467 c.
820 2412 874 2468 5.
914 2420 963 2467 et
989 2410 1071 2482 6.)
1131 2410 1290 2467 Certe
1330 2409 1382 2465 id
1425 2408 1607 2464 multis
1644 2424 1711 2464 eo
1736 2419 1977 2478 tempore
2006 2406 2171 2463 fuisse

576 2505 832 2561 ttsitatum
863 2503 1060 2560 ibidem
1084 2502 1317 2560 indicat:
1351 2502 1485 2572 Quot
1514 2503 1656 2557 eniur
1673 2511 1823 2569 sunt,
1851 2501 2051 2572 inquit,
2083 2499 2171 2572 qui

575 2596 749 2653 statim
783 2613 814 2652 a
857 2596 1059 2652 lavacro
1100 2602 1302 2652 carnem
1341 2613 1487 2651 suout
1531 2594 1839 2667 obsignant?
1868 2594 2003 2660 Quot
2030 2595 2171 2662 item,

577 2690 663 2761 qui
729 2705 978 2745 consensu
1038 2691 1228 2761 pariter
1291 2689 1425 2744 inter
1465 2705 1521 2744 se
1581 2689 1891 2743 matrimonii
1953 2688 2173 2742 debitum

570 2780 796 2837 tollunt?
850 2778 1544 2854 Voluntariisfspadonibus,
1593 2798 1685 2851 pro
1740 2780 2016 2852 cupiditate
2063 2770 2169 2835 cte-

575 2875 710 2944 lesti,
737 2878 878 2932 salvo
921 2876 1280 2945 matrimonio',
1308 2875 1610 2931 abstinentia
1631 2875 1876 2930 toleratur
1900 2874 1919 2945 (
1929 2873 2002 2929 De
2017 2873 2171 2945 Bapt.

575 2986 621 3026 c.
670 2970 752 3027 l5.
786 2978 826 3027 t.
861 2969 899 3026 Ι.
930 2970 998 3024 ad
1039 2969 1201 3041 Scap.
1241 2987 1289 3025 c.
1322 2970 1375 3025 3.
1397 2969 1414 3040 )
1440 2968 1543 3040 (l).
1573 2967 1691 3025 Jant
1718 2975 1847 3024 vero
1888 2952 2176 3040 Presbyter

577 3062 769 3130 iactus,
824 3063 1104 3132 potestatis
1149 3063 1250 3119 sibi
1299 3076 1572 3121 concessa:
1623 3071 1679 3117 et
1724 3061 1791 3117 de
1833 3060 2176 3117 absulrendis

580 3156 989 3216 Pteniteutibns.
1022 3164 1076 3211 et
1104 3154 1172 3211 de
1198 3154 1474 3210 sacriﬁciis
1497 3144 1783 3210 oﬂ‘ercndis
1812 3151 1949 3208 haud
1983 3152 2174 3208 imme-

2269 1948 2338 2004 atl
2383 1957 2660 2019 martyras,
2703 1945 2765 2000 de
2815 1942 3088 2012 Patientia,
3121 1942 3185 1998 de
3236 1941 3739 2014 Prwscriptionibus
3786 1940 3874 1994 ad-

2268 2056 2440 2097 versus
2485 2042 2766 2096 haereticos.
2816 2069 2899 2107 -ν
2936 2038 3050 2110 19η
3116 2036 3180 2094 L.
3253 2035 3477 2103 ANNIO
3564 2035 3869 2103 FABIANO,

2271 2132 2362 2190 ET
2412 2132 2483 2188 Μ.
2533 2129 2745 2188 ΝΟΝΙΟ
2787 2131 2856 2189 Μ.
2925 2131 2987 2186 F.
3031 2129 3348 2188 MUTIANO
3404 2129 3610 2187 COSS.
3674 2129 3732 2187 S.
3788 2129 3875 2186 7a:-

2274 2225 2497 2299 pbyrini’
2548 2224 2825 2283 Pontiﬁcis
2883 2224 3109 2281 Romani
3189 2240 3340 2281 anno
3396 2239 3481 2281 ut.
3536 2224 3720 2281 Severi
3779 2222 3873 2279 lm-

2273 2334 2389 2390 per.
2454 2334 2531 2375 ιι.
2595 2334 2758 2389 quum
2807 2318 3033 2388 Scapula
3105 2317 3187 2372 vir
3256 2314 3586 2372 Consularis
3638 2315 3873 2380 Ordinis,

2274 2412 2485 2484 Prmses
2524 2411 2899 2484 Carthaginis,
2943 2420 2999 2466 et
3029 2409 3255 2481 proinde
3301 2408 3510 2466 Africa:
3560 2406 3868 2474 Proconsul,

2277 2503 2514 2560 nondum
2555 2503 2729 2561 adlmc
2758 2504 2971 2560 decreta
2999 2504 3070 2559 ab
3098 2504 3440 2576 lutperatorc
3468 2503 3866 2574 persecutione,

2278 2598 2387 2653 imo
2461 2597 2703 2652 fortassis
2760 2596 2946 2653 Roma:
2999 2594 3267 2665 prohibita
3304 2635 3320 2659 ,
3377 2594 3651 2651 crudelius
3703 2601 3867 2648 tamen

2276 2691 2489 2747 οευιετὶδ
2508 2690 2832 2761 Carthagine
2852 2699 3186 2761 grassaretur
3215 2690 3267 2744 in
3297 2688 3664 2753 Christianos,
3690 2685 3868 2742 librum

2278 2800 2348 2839 an
2388 2784 2672 2841 Scarusau
2700 2783 2916 2854 scripsit
2948 2781 3371 2838 Tsnruwaaus
3404 2780 3532 2857 (Ad
3559 2779 3717 2851 Scep.
3747 2793 3789 2833 c.
3815 2775 3862 2831 2.

2278 2877 2415 2934 Ibid.
2464 2893 2512 2931 c.
2570 2877 2623 2934 5.
2675 2875 2812 2932 Ibid.
2841 2892 2887 2930 c.
2920 2875 3026 2945 4.).
3078 2874 3134 2930 ln
3172 2889 3281 2946 quo
3326 2872 3600 2946 imprimis
3650 2871 3865 2927 benevo-

2278 2972 2497 3029 lentiam
2525 2980 2706 3042 captat
2743 2984 2772 3024 a
2817 2969 3241 3024 Christianorum
3292 2967 3641 3032 innocentia,
3681 2972 3733 3021 et
3771 2975 3862 3017 non

2279 3066 2454 3122 solum
2502 3066 2783 3132 oratione,
2829 3064 2923 3120 scd
2967 3074 3020 3120 et
3068 3062 3359 3120 sacriﬁciis
3415 3064 3531 3119 suis
3575 3075 3671 3132 pro
3712 3058 3865 3113 salute.

2282 3159 2649 3231 Imperatoris,
2675 3174 2739 3215 ex
2761 3173 2869 3229 quo
2894 3157 3003 3229 jam
3034 3156 3425 3229 Presbyterum
3461 3156 3626 3211 fuisse
3651 3156 3861 3211 constat.

577 3266 717 3315 mor,
750 3249 918 3322 libros
968 3264 1037 3305 ns:
1066 3248 1416 3305 Paam'rearu
1439 3263 1505 3304 ετ
1522 3264 1589 3303 ns
1605 3246 1886 3304 OBA’I'IONE
1904 3246 2178 3317 conscrip-
2204 3236 2249 3301 C
2287 3253 2487 3310 Deinde
2537 3254 2814 3324 sanguinis
2856 3252 3143 3309 Christiani
3175 3252 3432 3308 cllusioui
3488 3252 3710 3322 imputat
3759 3260 3865 3316 por-

577 3344 670 3410 sit,
702 3343 897 3415 quibus
923 3350 980 3397 et
1011 3342 1302 3414 pmnitetuli
1332 3341 1549 3397 modum
1583 3351 1694 3395 tum
1727 3339 2139 3397 Catccltumenis
2160 3381 2174 3405 ,

579 3446 690 3492 tum
717 3434 1032 3491 Christianis
1061 3435 1270 3506 Lapsis,
1300 3447 1355 3491 et
1381 3450 1517 3506 quos
1548 3434 1680 3489 ritus
1700 3449 1919 3489 servare
1947 3433 2180 3489 debeant

580 3529 633 3585 in
664 3511 927 3584 sacriﬁcio
949 3526 1155 3591 tideles,
1188 3528 1504 3599 praescribit.
1533 3528 1758 3581 l’ommt
1778 3527 1937 3582 etiam
1957 3526 2008 3581 in
2039 3524 2179 3581 hunc

578 3637 776 3692 annum
805 3621 1195 3701 rejici‘seripta,
1223 3637 1448 3692 quorum
1477 3620 1536 3677 Β.
1572 3620 1787 3677 llieron.
1818 3620 2061 3676 meminit
2086 3622 2181 3675 ho—

580 3717 670 3775 die
687 3716 987 3773 desiderata
1009 3734 1024 3772 :
1050 3717 1125 3772 lle
1149 3716 1581 3781 Cmcuumswue,
1612 3732 1678 3771 nr.
1690 3714 1953 3781 Vasrtaus
1972 3718 2179 3782 Annos,

578 3827 647 3871 ne
673 3812 878 3869 Muuots
905 3828 974 3867 ετ
1000 3810 1255 3868 lunuunts
1294 3812 1647 3873 Autnttuaus;
1675 3810 1909 3878 denique
1956 3809 2022 3864 de
2052 3809 2178 3863 Tm.

581 3921 818 3970 mure;
852 3904 1097 3959 fortassis
1141 3902 1304 3958 etiam
1339 3904 1471 3959 liber
1509 3917 1578 3957 ne
1624 3902 1889 3957 BAPTISIIO
1935 3917 2178 3972 gra-cus;

587 4008 775 4068 utp0te
802 3999 889 4068 qui
911 3998 1153 4051 videatur
1172 3997 1505 4066 conscriptus
1533 4006 1652 4066 post
1673 3995 1968 4049 Concilium
1994 3995 2191 4065 Agt'ip-v

585 4091 716 4164 pini.
746 4088 879 4145 Nam
910 4088 1150 4160 ejusdem
1178 4088 1341 4145 fuisse
1370 4088 1666 4161 argumenti
1697 4090 1897 4143 Auctor
1929 4086 2126 4141 indicat
2168 4104 2180 4139 :

544 4165 558 4177 ’
588 4183 697 4239 Sed
738 4174 878 4237 circa
928 4182 1188 4235 luereluos
1218 4198 1360 4245 sane,
1394 4180 1588 4251 inquit,
1630 4180 1752 4253 qttid
1798 4179 2183 4234 custodiendum

585 4277 670 4341 sit,
712 4276 863 4350 digne
884 4277 994 4347 quis
1021 4287 1273 4330 retractet.
1306 4275 1387 4329 Ad
1420 4291 1511 4328 nos
1531 4274 1663 4329 enim
1693 4276 1880 4329 editum
1922 4285 2015 4329 est.
2065 4272 2187 4329 Ila:—

584 4370 729 4425 retici
762 4378 930 4424 autem
959 4369 1156 4424 nullum
1196 4369 1381 4423 habent
1411 4369 1718 4423 consortium
1746 4378 1931 4424 nostra:
1957 4368 2187 4439 discipli-

586 4479 698 4533 na’,
729 4474 835 4521 etc.
866 4462 973 4520 Sed
999 4465 1063 4518 de
1084 4464 1179 4518 isto
1220 4463 1418 4534 plenius
1457 4479 1572 4533 1am
1607 4463 1659 4516 in
1713 4461 1889 4517 Gra’m
1937 4463 2185 4533 digestum

589 4566 682 4614 est.
720 4556 915 4612 Verum
947 4555 1015 4611 de
1043 4555 1143 4612 huc
1163 4567 1217 4611 et
1262 4554 1546 4626 \grippini,
1595 4563 1651 4610 et
1697 4555 1863 4623 ipsius
1908 4556 2187 4610 Paradoxo

649 4647 737 4713 (l)_
763 4645 1049 4713 Tertulliani
1068 4647 1421 4713 Matrimonium
1438 4659 1584 4713 supra
1600 4646 1952 4713 dubitationem
1978 4650 2184 4710 positum
2211 4640 2264 4700 D

585 4708 682 4762 est.
706 4708 829 4761 Rem
847 4711 1123 4765 coniiciunt.
1145 4712 1211 4759 uti
1232 4710 1331 4772 jant
1354 4708 1585 4770 diximus,
1606 4708 1621 4758 ι
1646 4712 1715 4759 bri
1744 4712 1851 4770 ejus
1873 4711 1930 4757 ad
1956 4708 2180 4771 uxorem,

582 4788 742 4837 usque
768 4773 993 4837 adghanc.
1016 4780 1209 4823 aetatem
1231 4776 1526 4823 conservati.
1571 4775 1645 4823 An
1685 4779 1847 4837 autent
1880 4774 2187 4837 Soceritotali

584 4835 793 4886 munere
830 4835 1123 4900 fungeretur
1160 4848 1221 4885 eo
1259 4845 1483 4900 tempore
1503 4870 1517 4892 ,
1544 4850 1641 4900 quo
1681 4836 1741 4900 ad
1763 4835 2110 4900 continentiam
2140 4838 2188 4883 in

583 4900 822 4951 viduitate
864 4898 1151 4948 servandam
1190 4900 1247 4947 lIS
1272 4897 1413 4947 libris
1447 4897 1651 4948 uxorem
1691 4898 1911 4945 hortatus
1936 4903 2031 4956 est,
2059 4898 2187 4947 inter

583 4974 642 5012 se
665 4964 927 5025 scriptores
962 4961 1216 5025 dissident.
1244 4959 1515 5025 A_maritali
1557 4968 1719 5025 autem
1745 4960 2050 5025 cilicio_cun_t
2076 4966 2189 5008 tunc

584 5019 781 5074 omnino
805 5037 897 5072 non
926 5023 1271 5084 abhorruisse,
1296 5023 1402 5072 haec
1427 5027 1575 5084 Verba
1616 5022 1825 5072 indicant
1851 5034 1862 5068 ε
1892 5019 2192 5084 Facultatum

585 5084 909 5156 commentae,
931 5093 1159 5156 quantum
1181 5081 1431 5156 possumus
1448 5120 1463 5140 ,
1487 5081 1793 5156 diligamus:
1816 5096 1961 5150 quam
1982 5083 2192 5156 prinum:

583 5146 843 5219 obvenerit,
856 5144 1395 5219 imbibamus."ut_quod
1491 5151 1605 5197 Mati
1621 5146 1795 5219 insanio
1808 5144 2159 5219 _itou_valuimus
2171 5186 2187 5209 ,

585 5224 637 5262 tn
660 5208 892 5262 uiduitate
911 5218 1149 5272 sectemur
1166 5210 1229 5272 (l._
1246 5210 1274 5259 Ι
1280 5208 1294 5258 ἰ
1320 5208 1385 5272 ad
1413 5212 1646 5262 Uxorem.
1657 5223 1706 5272 ρ.
1735 5209 1781 5258 7.
1807 5211 1839 5272 ).
1869 5209 1928 5257 Et
1949 5221 2070 5259 sane
2095 5208 2191 5259 non

594 5274 797 5328 uixisset
821 5286 833 5322 :
860 5270 1064 5339 quodin
1089 5269 1388 5339 matrimonio
1409 5286 1513 5339 non
1542 5268 1778 5339 valuimus
1797 5268 1813 5325 ζ
1835 5273 1876 5320 si
1900 5280 2190 5339 perpetuam

590 5326 638 5386 in
661 5349 722 5385 eo
744 5326 1093 5397 continentiam
1116 5336 1208 5384 sibi
1235 5334 1561 5397 injuuxissrnt
1579 5373 1592 5393 ,
1618 5342 1675 5397 ut_
1708 5326 1843 5383 bene
1868 5326 2094 5397 observat
2118 5333 2190 5397 Cl.

589 5397 785 5463 Samuel
804 5396 1076 5463 Basnagius
1113 5393 1318 5463 (Annal.
1352 5393 1741 5462 politico-eecles.
1759 5404 1840 5463 ,At.
1868 5395 1932 5463 ll.
1962 5408 2007 5463 υΣ
2034 5396 2190 5460 215.).

587 5461 751 5525 Quare
789 5458 1123 5525 continuatae
1151 5458 1387 5525 vinculis,
1429 5467 1544 5512 tunc
1589 5460 1828 5525 temporis
1871 5458 2196 5525 PresbyterOS

587 5522 801 5573 nondum
825 5524 1083 5573 adstrictos
1104 5522 1270 5584 fuisse,
1302 5524 1519 5575 nonnulli
1544 5521 1876 5574 contendunt:
1906 5521 1997 5570 sed
2021 5521 2194 5583 Quam-

586 5586 665 5635 vis
689 5585 737 5635 id
762 5599 940 5649 verum
957 5592 1094 5649 esset
1112 5624 1126 5639 .
1150 5587 1281 5649 quod
1306 5586 1460 5638 adhuc
1497 5601 1591 5637 non
1628 5594 1852 5649 constat;
1879 5584 2094 5649 inaniter
2112 5591 2194 5649 _ta-

588 5661 703 5699 meu
735 5643 1025 5711 Tertulliani
1047 5643 1279 5711 eaetitplo
1297 5662 1406 5711 cum
1427 5649 1613 5700 Dalla'o
1636 5643 1909 5711 Noratores
1932 5646 2193 5711 triumpha.

588 5715 737 5771 rent,
763 5710 1017 5761 cathollcze
1055 5708 1290 5760 Ecclesize
1330 5710 1652 5769 insultantes,
1679 5710 1806 5772 quod
1848 5708 2198 5759 Sacerdotibus

588 5774 939 5845 continentiam
963 5772 1240 5845 praecipiat.
1254 5773 1760 5845 Nauteam-moritura
1781 5773 1942 5845 magis
1955 5777 2046 5845 ,het
2066 5784 2157 5820 usu
2176 5808 2193 5833 ,

589 5847 740 5898 quam
769 5834 975 5898 legibus
996 5834 1310 5885 centinentiaa
1349 5835 1601 5898 disciplina
1632 5834 1829 5885 inducta
1853 5835 2029 5891 fuerit,
2058 5846 2159 5885 uno
2179 5870 2193 5896 ,

590 5894 677 5947 aut
698 5894 855 5948 altero
875 5899 985 5963 ejus
1006 5899 1163 5950 atatis
1186 5897 1416 5963 exemplo
1436 5894 1718 5950 nullatenus
1740 5903 2069 5963 tutpuguatur.

2283 3355 2421 3402 tenta
2462 3347 2579 3416 ejus
2608 3348 2864 3418 temporis
2892 3355 2938 3401 et
2980 3346 3190 3401 exitium
3234 3344 3861 3417 Byzantinum,_qnorttm

2282 3450 2406 3496 ante
2456 3440 2781 3497 mentionem
2854 3440 3110 3507 fecimus,
3160 3450 3216 3497 et
3281 3440 3535 3510 exentpla
3601 3432 3865 3509 punitionis

2284 3533 2475 3597 affert.
2527 3543 2636 3588 tum
2697 3532 2866 3605 Valgii
2912 3534 3216 3598 Saturnini,
3270 3532 3575 3595 Ililariani,
3619 3541 3669 3585 et
3715 3527 3861 3597 ipsius

2288 3626 2536 3697 Scapula:
2566 3627 2617 3681 in
2649 3627 2865 3697 Africa;
2909 3637 3016 3680 tntn
3064 3622 3268 3681 Claudii
3313 3622 3640 3680 Herminiani
3676 3621 3723 3675 in
3749 3616 3866 3687 Cap-

2287 3721 2541 3793 padocia,
2589 3720 3001 3775 Pet-secutorum
3055 3719 3174 3775 “(let
3222 3717 3571 3775 Christiana).
3622 3716 3742 3771 Post
3770 3713 3866 3765 lucc

2287 3813 2537 3869 hortatur
2581 3811 2648 3867 ad
2691 3812 3172 3868 dissimulationem
3214 3812 3282 3866 ab
3326 3809 3633 3883 ltnjnsmudi
3677 3803 3862 3865 causis.

2289 3906 2550 3976 exemplis
2579 3913 2686 3959 tutu
2727 3904 2903 3959 Severi
2933 3915 2978 3959 et
3018 3904 3259 3958 Antonini
3288 3905 3463 3975 ltupp.
3496 3916 3653 3973 supra
3689 3896 3863 3953 adduc-

2288 4000 2356 4055 tis
2378 4042 2392 4064 ,
2437 3999 2514 4054 Μ.
2547 3998 2723 4054 Aurel.
2757 3997 2898 4070 Imp.
2946 4000 2998 4051 in
3038 3999 3361 4069 expeditione
3394 3996 3727 4057 Germanica;
3768 3997 3862 4043 tum

2289 4094 2585 4150 Przesidum
2632 4104 2687 4148 et
2742 4081 3123 4148 Proeonsidum
3187 4092 3397 4147 Servilii
3466 4087 3732 4145 Prudentis
3776 4079 3861 4136 sub

2288 4191 2562 4244 Antonino
2617 4188 2754 4243 Vero
2804 4188 2937 4257 ltnp.
3000 4186 3261 4258 l’espro:.ii
3314 4184 3543 4242 Candidi
3605 4182 3700 4239 sub
3744 4177 3860 4245 lmp.

2288 4281 2619 4349 Conuuodo,
2653 4279 2817 4336 Cincii
2847 4279 3051 4343 Severi,
3086 4280 3175 4349 qui
3220 4279 3566 4349 postmodum
3610 4292 3637 4328 a
3685 4272 3861 4327 Severo

2294 4384 2424 4449 ltttp.
2473 4376 2790 4434 interfectus
2838 4386 2950 4442 est,
2991 4376 3118 4445 Apri
3162 4391 3378 4446 quoque
3417 4384 3464 4429 et
3506 4370 3613 4427 Arii
3651 4358 3863 4422 Antonini

2292 4473 2417 4546 (hic
2445 4492 2473 4530 a
2519 4471 2829 4542 Lampridio
2877 4470 3070 4533 Arius,
3103 4468 3169 4524 ab
3223 4467 3342 4524 aliis
3414 4465 3630 4522 Brusius
3683 4460 3862 4514 l’ra'ses

2293 4563 2625 4638 appellatur)
2660 4567 2746 4632 qui
2778 4563 2877 4619 ss-b
2901 4564 3096 4616 Anton.
3128 4561 3326 4630 Imper.
3361 4557 3622 4616 Consules
3652 4550 3858 4638 inerunt-

2294 4660 2531 4727 Denique
2552 4657 2897 4726 conqueritur
2925 4652 3268 4725 quotl,quum
3306 4667 3335 4703 a
3378 4646 3654 4722 primordio
3674 4634 3862 4695 manda-

2290 4764 2396 4807 tum
2428 4753 2494 4807 sit
2521 4751 2694 4824 gladio
2737 4761 2879 4803 tenus
2925 4744 3290 4811 animadverti,
3316 4755 3372 4800 ct
3424 4743 3475 4800 id
3507 4741 3854 4796 observaretur

2289 4864 2316 4901 a
2342 4822 2658 4903 Pra’sitiibus
2675 4843 2911 4915 Legionis
2940 4852 2983 4894 et
3013 4839 3367 4904 Mauritaniae,
3390 4838 3540 4909 jussu
3569 4832 3723 4901 ipsius
3745 4822 3859 4878 Sca-

2293 4943 2432 5013 pula:
2468 4942 2630 4994 etiam
2678 4944 3025 4990 cremarentur
3050 4930 3364 4988 Christiani.
3397 4932 3513 4997 Quo
3560 4923 3774 4997 pertinet
3796 4917 3859 5013 ,εί

2294 5006 2425 5091 illud
2475 5033 2701 5103 Apolog.
2760 5028 3114 5084 Surmeutitios
3163 5038 3208 5080 et
3265 5024 3532 5081 Sentarios
3580 5006 3854 5086 appellatis.

2293 5132 2414 5203 quia
2467 5128 2535 5180 ad
2586 5125 2804 5209 stipitem
2860 5122 3057 5176 dimidii
3100 5122 3213 5176 axis
3262 5119 3471 5175 revincti
3523 5111 3857 5202 saritteittorttm

2236 5258 2250 5270 .
2294 5191 2484 5275 ambitu
2514 5200 2793 5272 exurimur.
2828 5214 2924 5271 Ubi
2952 5214 3115 5269 etiam
3158 5223 3404 5267 recenset
3437 5205 3565 5263 ilind
3592 5191 3860 5293 damnatio-
3906 5280 3913 5293 .
4010 5254 4011 5261 κ

2296 5316 2379 5370 nis
2394 5326 2588 5384 genus,
2612 5307 2751 5379 quod
2770 5306 2834 5362 ad
2854 5305 3108 5361 Lenonem
3125 5305 3371 5359 damnata
3395 5301 3487 5376 fuit
3517 5295 3697 5354 (.‘ltrist.
3714 5283 3856 5384 patir:

2295 5373 2449 5479 quain
2488 5378 2557 5457 ad
2575 5373 2784 5455 ile—onem
2828 5400 3025 5469 (Apol.
3061 5415 3179 5464 cap.
3227 5373 3563 5469 ﬂll.).vltll‘.lﬂ
3622 5373 3857 5479 libro-AD

2296 5470 2673 5559 blAliTYRAS
2726 5496 2778 5551 in
2824 5491 3443 5555 carcere‘constitutos,
3491 5494 3642 5556 quem
3690 5470 3852 5530 eadem

2301 5601 2619 5665 tempestate
2645 5586 2998 5657 conscripsit,
3046 5594 3247 5656 prmter
3286 5583 3510 5656 gladium
3553 5583 3597 5631 et
3635 5571 3856 5665 stmtmﬂm

2299 5660 2492 5762 ignium
2515 5700 2735 5757 plenam,
2757 5681 2905 5737 addit
2932 5680 3092 5736 etiam
3123 5696 3136 5732 ε
3169 5687 3360 5733 trucem
3386 5672 3567 5729 rabiem
3587 5660 3851 5762 bestiarum,

2301 5738 2312 5744 -
2373 5738 2625 5757 ---ρητι
2724 5738 2734 5745 ,

2299 5738 2348 5838 εἴ
2399 5796 2547 5837 omne
2593 5775 2853 5844 carniﬁcis
2897 5771 3161 5844 ingenium
3199 5771 3254 5825 in
3318 5763 3570 5825 tormentis
3624 5750 3747 5826 (Lib.
3793 5738 3852 5844 uti

2304 5876 2465 5934 Mart.
2491 5889 2539 5931 c.
2576 5868 2678 5937 6.).
2706 5841 2806 5929 Ubi
2836 5841 3000 5926 etiam
3042 5863 3286 5922 meminit
3329 5844 3730 5920 consuetudinis.
3757 5841 3845 5908 (tua

2862 5980 2877 6009 ι
