4084 6344
503 286 578 348 67
1855 266 2314 334 TERTULLIANI
2352 267 2534 332 Vl'l'A.
3733 267 3814 335 es

503 408 650 464 hunc
691 409 870 480 potius
921 419 974 462 χ.
1027 401 1237 477 imperii
1284 401 1469 461 Severi
1516 411 1718 457 annum
1757 396 2099 457 referendum
2135 399 2188 459 Α
2287 395 2553 454 Excurrit:
2606 395 2665 468 ﬁt
2701 395 2755 454 in
2799 391 3616 470 Mantanirmum"quetnscriptis
3643 395 3812 469 primo

504 501 664 558 dictat
719 497 1104 570 persecutionis
1157 497 1389 552 initium.
1441 494 1714 566 Imprimis
1763 492 1838 548 B.’
1881 489 2103 546 Hieron.

505 594 622 650 Cat.
653 593 846 663 Seript.
881 591 1086 648 Eccles.
1120 591 1171 644 in
1199 589 1430 660 Origene
1458 597 1511 643 et
1549 578 1670 658 pos't
1710 602 1831 642 eum
1861 582 2106 654 Sophro-

507 689 630 744 nius
655 703 715 743 ac
743 686 1074 757 Nicephorus
1105 683 1324 740 Griccus
1351 683 1591 739 scribunt
1616 725 1630 751 ,
1660 698 1715 736 χ.
1765 679 1948 736 Severi
1980 677 2108 733 Per-

511 781 700 838 tinacis
728 795 870 835 anno
908 778 1165 836 adversus
1193 776 1532 833 Christianos
1559 774 1934 848 persecutione
1959 787 2108 826 eom-v

506 888 678 942 mola,
707 875 999 932 Leonidem
1030 875 1196 946 ipsius
1221 874 1432 929 Patrem
1456 914 1470 939 ,
1498 869 1695 926 Christi
1740 865 1997 937 martyrio
2019 877 2110 920 co-

507 983 754 1026 ronatum
781 987 798 1036 ;
831 969 921 1026 ille
951 985 1077 1024 vero
1101 969 1240 1025 inter
1263 967 1465 1039 primos
1495 975 1765 1038 martyras
1793 969 2111 1018 recensetur

508 1064 575 1120 ab
616 1062 853 1123 Eusebio
897 1061 1023 1117 hist.
1054 1062 1262 1117 Et-eies.
1294 1060 1385 1115 lib.
1420 1060 1475 1116 5.
1508 1059 1597 1130 qui
1622 1055 1988 1122 Alexandriae,
2018 1051 2109 1108 ubi

509 1159 747 1215 maxime
772 1158 1074 1229 persecutio
1091 1151 1346 1218 abundat,
1373 1155 1513 1224 passi
1544 1160 1688 1208 sunt.
1717 1149 1920 1206 Deinde
1945 1147 2111 1204 ludas

511 1250 578 1306 ad
620 1250 763 1307 hunc
812 1266 980 1321 usque
1024 1265 1221 1305 annum
1274 1245 1770 1318 Cbrouographiam
1824 1241 2108 1315 perduxit;

511 1347 652 1419 quod
685 1348 885 1402 instare
915 1355 1128 1417 putaret
1167 1345 1453 1400 adventum
1485 1341 1816 1398 Antichristi
1863 1338 1933 1396 ob
1975 1339 2113 1394 hanc

513 1442 942 1512 persecutionem
987 1439 1373 1510 gravissimam.
1407 1437 1642 1508 Denique
1685 1435 1900 1490 disertis
1930 1431 2114 1488 verbis

513 1533 832 1602 Spartianus
857 1534 1142 1604 signiﬁcat,
1189 1547 1293 1587 non
1336 1533 1437 1587 nisi
1467 1540 1588 1602 post
1613 1529 1958 1585 Consulatum
1989 1543 2112 1583 cum

514 1626 627 1682 filio
673 1628 725 1682 in
757 1628 910 1699 Syria
953 1627 1139 1680 initttm
1179 1625 1310 1698 (qui
1358 1625 1410 1680 in
1464 1626 1606 1678 hunc
1648 1639 1846 1678 annum
1891 1613 2114 1692 incidit)

515 1719 898 1776 Alexandriam
940 1718 1259 1789 profectum,
1305 1716 1734 1787 peregrinatione
1763 1729 1824 1770 ea
1859 1711 2112 1783 suscepta

515 1824 734 1884 propter
779 1780 1088 1883 religionem
1129 1811 1218 1866 Dei
1249 1780 1533 1882 rS-erapivdis
1567 1827 1578 1863 :
1611 1810 1662 1863 in
1713 1807 1818 1880 quo
1873 1780 2114 1880 (inquit)
2143 1780 2190 1840 Β

529 1907 751 1971 itinere,
786 1905 1000 1960 Judazos
1046 1905 1163 1960 fieri
1203 1905 1302 1959 sub
1347 1903 1491 1975 gravi
1543 1917 1700 1974 pmna
1727 1901 1925 1967 vetuit;
1974 1901 2113 1956 idem

517 1997 678 2053 etiam
710 1999 776 2052 dc
805 1996 1124 2052 Christianis
1167 2003 1363 2052 sanxit.
1409 1996 1522 2064 Qua
1556 1995 1928 2066 persecutione
1974 1993 2116 2064 passi

517 2104 640 2150 sunt
672 2108 832 2164 quam
861 2091 1073 2162 plurimi
1126 2103 1391 2163 martyres
1442 2088 1778 2144 Alexandria:
1830 2087 1934 2167 sub
1971 2087 2117 2143 Latio

527 2186 815 2258 praefecto;
849 2201 912 2241 ac
961 2186 1012 2241 itt
1069 2183 1330 2257 JEgypto,
1385 2183 1551 2255 Libya
1599 2193 1653 2248 et
1700 2181 1975 2238 Thebaide
2018 2181 2118 2237 sub

519 2279 710 2349 Aquila
745 2290 992 2350 tyranno,
1029 2277 1080 2331 in
1107 2276 1296 2332 Galliis
1325 2275 1556 2346 denique
1586 2274 1683 2330 SS.
1714 2273 1946 2329 lrenmus
1967 2315 1982 2340 ,
2007 2277 2116 2328 Ah-

518 2369 738 2434 deolus,
765 2371 1056 2441 Benignus,
1092 2368 1492 2434 Andochianns,
1527 2378 1580 2423 et
1607 2367 1830 2440 Tyrsus.
1861 2368 2030 2422 Porro
2051 2367 2118 2424 ad

521 2464 665 2520 hunc
703 2479 901 2518 annum
938 2463 1173 2519 referunt
1205 2462 1446 2533 plerique
1493 2461 1896 2530 inscriptiOuetn
1932 2461 2116 2516 illam:

523 2555 596 2616 Μ.
644 2555 936 2612 AGRIPPA
985 2555 1048 2610 L.
1076 2554 1141 2610 Ε.
1171 2553 1318 2610 COS.
1359 2552 1446 2608 Ill.
1491 2553 1725 2618 FECIT,
1773 2553 1908 2608 IMP.
1942 2553 2116 2609 UES.

520 2649 592 2706 M.
626 2650 786 2707 AUR.
821 2648 1068 2706 ANTON.
1094 2649 1244 2705 COS.
1287 2648 1676 2704 PANTIIEON.
1705 2647 2118 2725 VETDS'I‘ATE

467 2753 478 2763 ‘
521 2743 943 2802 CORRUI’TUM
960 2742 1101 2800 CUM
1126 2741 1290 2798 OMNI
1307 2741 1530 2799 CULTU
1558 2739 2118 2806 RESTITUERUNT.

527 2838 678 2906 Quod
729 2853 870 2894 nunc
919 2837 1295 2895 adducendum
1343 2836 1646 2908 putavimus
1693 2837 1761 2893 ad
1807 2837 2120 2892 memoriam

525 2928 808 2987 Ecclesiae.

1058 3071 1216 3128 Anno
1235 3069 1443 3127 Domini
1473 3085 1612 3128 CCIV.

2211 489 2410 546 lacessit
2493 491 2927 550 TERTULLIANUS.
2958 524 3030 535 —
3065 492 3158 548 22.
3209 492 3382 564 Pagus
3410 491 3628 564 quidam
3691 505 3812 547 esse

2210 585 2404 644 dicitur
2444 587 2497 642 in
2521 586 2688 660 Mysia
2710 587 2978 661 Phrygiae,
2998 603 3118 661 qua)
3145 597 3480 660 nuncupatur
3513 584 3812 653 Ardabam,

2212 680 2298 738 ubi
2371 683 2546 740 ferunt
2635 685 2918 756 quemdam
3009 685 3313 741 Montanum
3379 685 3597 741 nomine
3669 681 3808 756 (Lib.

2213 777 2277 834 de
2317 776 2542 838 Prtescr.
2573 781 2692 837 adv;
2727 781 2854 838 ’la’l‘.
2893 799 2942 837 ο.
3009 781 3102 840 52.
3159 783 3288 839 liter.
3335 783 3448 855 2i),
3499 783 3590 854 qui
3641 795 3819 852 nuper

2212 871 2279 932 ad
2326 869 2485 928 fidem
2537 885 2780 940 venerat,
2846 874 3014 931 Grato
3066 886 3176 932 tum
3233 875 3561 932 Proconsule
3608 875 3750 930 Asia:
3797 914 3814 942 ,

2213 967 2444 1038 primmn
2512 968 2800 1025 insatiabili
2882 970 3114 1042 quadam
3188 971 3350 1026 animi
3415 969 3707 1041 cupiditate
3761 967 3815 1022 in

2215 1061 2444 1132 primatu
2493 1064 2781 1120 ambiendo
2826 1064 3104 1120 incensum
3131 1107 3146 1130 ,
3187 1065 3344 1121 simul
3405 1077 3566 1136 atque
3609 1063 3818 1119 aditum

2214 1155 2429 1212 diabolo
2459 1155 2526 1212 ad
2568 1172 2628 1214 se
2677 1156 3024 1228 patefecerat,
3066 1159 3258 1230 spiritu
3301 1157 3532 1230 quodam
3579 1157 3820 1227 maligno

2214 1249 2496 1320 abreptum
2532 1291 2545 1315 ,
2587 1259 2642 1306 et
2683 1250 2750 1306 de
2799 1262 3020 1324 repente
3048 1254 3226 1310 furore
3266 1261 3320 1308 et
3370 1251 3565 1309 mentis
3613 1251 3824 1306 insania

2215 1341 2898 1414 exagitatum,peregrinas
2947 1343 3205 1415 quasdam
3250 1359 3412 1401 voces
3461 1341 3712 1410 fundere,
3765 1349 3826 1398 ct

2217 1445 2404 1491 contra
2455 1452 2614 1507 quam
2661 1437 2920 1494 Ecclesia:
2969 1439 3302 1496 consuetudo
3328 1455 3394 1496 ex
3431 1439 3718 1495 traditione
3765 1447 3826 1494 et

2216 1531 2562 1586 successione
2590 1532 2974 1602 Apostolorum
3045 1533 3282 1590 derivata
3335 1533 3641 1604 postulabat
3689 1549 3824 1604 pro-

2217 1622 2440 1694 phetare
2473 1625 2722 1695 cwpisse.
2759 1626 2902 1694 Quas
2932 1628 3030 1682 etsi
3059 1627 3389 1683 adulterinas
3416 1643 3575 1683 voces
3596 1625 3821 1698 quidam

2218 1727 2569 1786 agnoscentes
2595 1760 2610 1784 ,
2668 1733 2736 1774 ne
2773 1715 3025 1792 deinceps
3055 1720 3124 1774 ita
3150 1721 3396 1791 garriret,
3426 1721 3764 1790 increparent
3803 1761 3819 1788 ,

2221 1811 2358 1866 inter
2391 1827 2526 1882 quos
2569 1811 2816 1882 Episcopi
2846 1813 3062 1869 Zoticus
3089 1813 3340 1870 Comante
3368 1814 3482 1868 sive
3519 1813 3787 1869 Ostrenus
3808 1853 3826 1880 ,

2221 1914 2276 1960 ct
2302 1903 2543 1960 Julianus
2576 1905 2850 1976 Apamem,
2897 1916 2951 1962 et
2980 1906 3237 1979 Martyres
3288 1921 3504 1979 quoque
3556 1905 3725 1976 Gaius
3767 1915 3829 1962 et

2221 1997 2527 2053 Alexander
2577 2014 2697 2055 cum
2751 1997 2842 2054 iilo
2890 2013 3053 2054 sensu
3095 1999 3319 2070 ejusque
3369 1999 3570 2054 insanis
3608 1998 3832 2054 vatibus

2225 2089 2518 2146 Maximilla
2531 2101 2577 2146 et
2589 2090 2985 2162 Priscilla,quas
3000 2107 3066 2146 an
3075 2101 3154 2146 tea
3173 2093 3484 2147 meretrices
3498 2091 3691 2147 eodem
3713 2091 3834 2162 spio

2222 2186 2324 2240 ritu
2345 2185 2556 2241 da-mon
2599 2187 2933 2257 impleverat,
2957 2185 3024 2242 ad
3049 2195 3349 2242 extremum
3371 2200 3539 2256 usque
3569 2184 3825 2254 Spiritum

2223 2279 2618 2334 communicare
2646 2289 2959 2334 recusarent
2988 2295 3000 2332 :
3027 2281 3178 2349 pauci
3210 2288 3385 2334 tamen
3424 2293 3490 2333 ex
3520 2277 3838 2349 Phrygibus

2223 2370 2301 2426 illi
2333 2381 2606 2442 cmperunt
2661 2370 2961 2438 adltmrere,
3017 2379 3072 2427 et
3125 2369 3434 2432 Theodotus
3465 2369 3579 2438 ille,
3616 2369 3685 2424 de
3715 2383 3834 2437 quo

2224 2483 2404 2538 supra,
2455 2466 2570 2538 ejus
2621 2467 3005 2523 commentitize
3037 2465 3340 2536 Prophetim
3371 2464 3522 2536 quasi
3568 2477 3833 2532 procura-

2225 2562 2422 2616 tionem
2473 2561 2726 2629 snseepit.
2760 2559 2857 2626 Qui
2907 2557 3030 2614 inde
3072 2557 3126 2613 in
3171 2556 3455 2623 Galatiam,
3490 2555 3715 2610 Pontum
3771 2564 3838 2612 et

2225 2652 2430 2717 Asiam,
2460 2653 2754 2723 progressi,
2801 2651 2962 2706 etiam
2993 2651 3356 2706 Alexandrum
3388 2647 3673 2720 quemdam
3723 2647 3836 2704 sibi

2225 2746 2586 2816 adjunxeruut
2634 2745 2886 2800 convivio
2917 2743 3253 2800 familiariter
3287 2760 3316 2799 a
3350 2742 3630 2799 Maximilla
3651 2741 3838 2813 excipi

2225 2838 2465 2906 solitum,
2495 2836 2822 2893 Alcibiadem
2865 2836 3150 2908 quemdam
3186 2847 3240 2892 et
3266 2834 3689 2898 Themisionem,
3733 2833 3836 2905 qui

2228 2933 2361 2988 falso
2387 2947 2446 2988 se
2485 2931 2826 2988 confessores
2871 2940 2924 2987 et
2959 2930 3222 3002 Martyras
3266 2929 3463 2984 Christi
3490 2927 3836 2996 jaetitabant.

2113 3063 2122 3068 -
2213 3025 2394 3095 ~ldque
2423 3023 2550 3095 (vel
2597 3023 2658 3078 B.
2703 3023 2922 3079 Ilieron.
2963 3037 3083 3078 cum
3140 3021 3246 3076 illis
3283 3018 3676 3089 consentiente)
3729 3018 3839 3076 sub

2230 3116 2462 3189 Imperio
2505 3117 2576 3172 Μ.
2626 3117 2827 3172 Aurelii
2877 3115 3218 3186 Imperatoris
3271 3113 3436 3168 initio.
3481 3111 3840 3169 Pontificatus

599 3205 629 3283 δ
656 3206 771 3266 ΧΗ.
805 3206 882 3264 De
907 3206 1171 3280 Baptisuto
1201 3209 1441 3264 adversus
1473 3207 1798 3276 Quintillam.
1832 3235 1905 3249 —
1931 3207 2024 3263 9|.
2058 3206 2122 3263 P.
2152 3179 2198 3244 δ
2233 3210 2292 3267 S.
2314 3179 2633 3265 Eleutherii.
2666 3209 2798 3264 Nam
2834 3208 2900 3263 ad
2925 3179 3065 3262 hunc
3086 3223 3150 3264 ex
3183 3207 3368 3264 Galliis
3398 3207 3608 3262 litteras
3638 3205 3845 3262 tulerat

441 3317 453 3323 '
525 3299 846 3358 SEPTIMIO
913 3301 984 3358 M‘.
1059 3300 1120 3358 F.
1200 3301 1382 3358 GETA
1428 3344 1443 3370 ,
1520 3301 1608 3356 ET
1672 3300 1736 3358 L.
1810 3300 2128 3358 SEPTIMlO

525 3394 822 3452 PLAUTIA
834 3395 923 3450 ΝΟ
938 3393 1007 3450 ll.
1025 3393 1210 3452 COSS.
1227 3395 1281 3452 S.
1299 3392 1585 3468 Zephyrini
1609 3394 1882 3450 Pontiﬁcis
1900 3395 2126 3452 Romani

524 3503 668 3546 anno
699 3505 748 3542 ν.
783 3487 968 3546 Severi
1019 3489 1212 3559 lmper.
1256 3505 1336 3544 XI.
1383 3489 1484 3543 etsi
1516 3491 1885 3558 persecutione
1908 3489 2018 3559 jam
2050 3489 2130 3544 vi.

526 3592 686 3655 gente
708 3625 721 3650 ,
757 3598 863 3639 non
892 3592 1068 3638 tamen
1113 3583 1319 3638 destitit
1356 3576 1888 3640 TERTULLIANUS
1919 3585 2129 3642 ascri-

526 3675 716 3733 beudis
757 3677 1015 3732 adversus
1083 3676 1340 3733 hazreseis
1388 3678 1558 3733 libris.
1602 3677 1750 3734 Inter
1791 3695 1927 3750 quos
1953 3679 2129 3748 primo

525 3770 646 3826 loco
662 3769 1044 3825 collocandum
1067 3783 1350 3826 censemus
1375 3769 1460 3825 DE
1485 3769 1822 3826 BAPTISMO
1859 3771 2128 3827 ADVER-

529 3861 656 3919 SUS
693 3861 1138 3930 QUINTILLAM,
1169 3871 1354 3931 utpote
1405 3879 1563 3934 quem
1604 3864 1862 3934 scriptum
1917 3873 2130 3921 constat

528 3965 818 4026 antequam
868 3955 1052 4026 aliqua
1097 3955 1257 4011 modo
1287 3955 1351 4010 ad
1380 3955 1631 4011 batresim
1661 3957 1999 4028 propendere
2018 3973 2128 4015 cm-

531 4049 714 4119 νίψει,
770 4063 832 4104 ex
875 4063 940 4104 eo
984 4047 1127 4119 quod
1183 4045 1430 4103 factionis
1479 4047 1640 4104 fuerit
1681 4048 2124 4107 Montanistarum

535 4139 818 4206 Quinti/la,
849 4155 880 4194 a
919 4155 1020 4212 qua
1085 4139 1259 4196 dictos
1300 4139 1679 4208 Quintillianos
1717 4156 1782 4198 ex
1827 4142 2128 4212 Epiphanio

531 4236 636 4291 illic
687 4236 1024 4292 deduximus.
1059 4237 1140 4291 An
1192 4234 1335 4292 aliud
1379 4235 1503 4307 quid
1556 4235 1796 4292 adversus
1823 4235 2128 4292 Montanum

530 4327 704 4399 ipsum
748 4329 1022 4400 scripserit
1067 4330 1288 4396 Auctor,
1322 4346 1428 4385 non
1477 4345 1630 4401 aeque
1671 4331 1886 4402 probari
1927 4341 2127 4402 potest,

530 4421 624 4476 sed
671 4421 960 4480 verisimile
999 4421 1086 4489 fit,
1119 4432 1232 4478 tum
1256 4439 1322 4480 ex
1355 4423 1494 4480 illius
1519 4424 1578 4479 Β.
1613 4425 1896 4496 Augustini
1948 4425 2155 4482 verbis-

529 4515 624 4572 lib.
653 4516 722 4572 de
749 4515 922 4573 haeres
959 4535 972 4572 :
1007 4535 1028 4570 ί
1054 4516 1133 4572 Ad
1161 4517 1524 4592 Cataphrygas
1558 4521 1786 4586 transiit,
1817 4536 1952 4592 quos
2001 4533 2128 4580 ante

531 4611 828 4679 destruxit,
861 4633 880 4667 ι
914 4622 1022 4669 tum
1053 4582 1637 4686 niaxitne-ex'l‘iieeplt.
1683 4582 1784 4670 lib.
1887 4632 2004 4688 cap.
2033 4617 2124 4673 54.
2152 4582 2206 4644 D

531 4705 622 4774 qui
655 4705 817 4762 tradit
853 4707 1142 4762 Auctorem
1185 4705 1252 4762 ad
1293 4714 1487 4762 statam
1536 4706 1876 4779 mediamque
1913 4718 2129 4766 aetatem

532 4799 585 4856 in
630 4799 875 4856 Ecclesia
917 4793 1211 4856 Catholica
1249 4801 1627 4872 Presbyterum
1672 4803 1824 4872 plura
1873 4803 2130 4860 adversus

534 4891 772 4948 Montani
809 4892 1002 4964 dogma
1029 4893 1437 4965 conscripsisse,
1467 4902 1654 4964 postea
1702 4909 1830 4950 vero
1877 4895 1930 4951 in
1989 4896 2129 4952 illius

531 4985 810 5055 delapsum
867 5000 1107 5043 errorem
1144 5029 1160 5055 ,
1211 4985 1396 5057 plures
1449 5001 1637 5042 rursus
1687 4987 1852 5044 libros
1897 5004 1994 5058 pro
2038 4989 2130 5046 illo

531 5079 920 5149 composuisse.
950 5079 1050 5148 Qui
1087 5095 1248 5151 quum
1287 5079 1526 5135 Montani
1553 5080 1822 5138 haereseos
1853 5081 2129 5140 historiam

497 5243 504 5252 ο
531 5173 626 5229 lib.
643 5173 882 5245 ejusdem
908 5193 958 5232 c.
989 5178 1078 5234 18.
1102 5177 1193 5235 20.
1222 5178 1314 5234 22.
1345 5177 1439 5234 25.
1471 5179 1563 5234 24.
1589 5192 1644 5237 et
1662 5181 1752 5238 25.
1777 5183 1882 5238 late
1913 5185 2122 5250 tractet,

534 5279 599 5321 ex
629 5267 926 5337 Apollinari
957 5268 1380 5342 Hierapolitano,
1413 5273 1696 5341 Rhodone,
1727 5275 1986 5343 Miltiade,
2026 5277 2128 5333 Sc-

533 5358 753 5428 rapione
798 5369 854 5416 et
902 5361 1210 5433 Apollonio,
1256 5364 1349 5435 qui
1395 5365 1653 5421 adversus
1707 5367 1854 5422 illunt
1919 5369 2131 5440 scriptis

535 5451 648 5506 suis
677 5451 1030 5523 disputarent,
1062 5466 1283 5514 secutus
1309 5457 1504 5516 Euseb.
1531 5459 1623 5516 lib.
1649 5459 1706 5516 5.
1733 5476 1850 5532 cap.
1875 5461 1929 5516 5.
1953 5461 2010 5516 4.
2042 5462 2128 5518 fl.

536 5545 626 5600 15.
661 5545 748 5603 16.
784 5547 869 5602 17.
900 5559 954 5604 et
1000 5549 1090 5606 18.
1140 5567 1238 5607 nos
1281 5551 1503 5624 (praeter
1543 5567 1607 5608 ea
1652 5571 1771 5624 qua:
1815 5555 1882 5609 ad
1943 5555 2036 5610 lib.
2061 5554 2132 5611 de

534 5639 842 5713 Praescript.
873 5643 1079 5703 advers.
1117 5644 1306 5704 haeret.
1330 5647 1878 5722 annotavimus)eam,
1911 5651 1982 5703 uti
2013 5663 2134 5719 pro-

533 5739 712 5795 missis
736 5741 1150 5813 satisfaciamus,
1183 5743 1236 5800 in
1263 5745 1641 5818 compendium
1665 5746 1752 5806 hic
1781 5746 2132 5821 redigendum

531 5835 999 5910 puuvimuleib.
1027 5838 1090 5896 tle
1116 5837 1317 5912 Baptis.
1349 5857 1406 5897 η.
1436 5839 1544 5913 2.).

2233 3303 2304 3370 l3?
2326 3302 2584 3369 lreumus,
2617 3318 2644 3356 a
2672 3299 3124 3372 Lugdunensibus
3149 3293 3292 3354 ‘cum
3324 3298 3516 3353 litteris
3535 3297 3594 3354 S.
3626 3298 3794 3353 Attali
3821 3339 3841 3366 ,

2233 3397 2572 3466 aliorumque
2623 3393 2914 3466 Martyrum
2945 3401 3058 3448 tum
3087 3390 3262 3447 adhuc
3289 3405 3507 3447 carcere
3536 3390 3849 3446 concluso-

2231 3505 2349 3544 rum
2379 3531 2390 3556 ,
2421 3489 2472 3543 in
2501 3487 2682 3542 Asiam
2711 3495 2765 3542 et
2793 3487 3076 3558 Phrygiam
3104 3485 3319 3554 missus,
3346 3486 3422 3540 uti
3441 3483 3699 3556 judicium
3723 3483 3846 3540 Ec-

2233 3584 2411 3640 clesim
2457 3581 2751 3639 Gallicana:
2803 3581 2872 3638 de
2923 3580 3422 3652 Pseudoprophetia
3491 3581 3702 3635 illorum
3770 3593 3849 3637 eo

2233 3679 2512 3751 perferret.
2549 3675 2694 3732 idem
2725 3677 2908 3742 etiam,
2952 3691 3070 3730 mea
3093 3674 3308 3746 quidem
3333 3671 3847 3742 sententia,Roma-

2233 3791 2328 3830 nus
2368 3773 2654 3845 Episcopus
2706 3773 2902 3827 litteras
2945 3771 3101 3842 pacis,
3136 3769 3563 3841 praedecessorum
3621 3784 3847 3823 suorum

2233 3869 2536 3924 auctoritate
2591 3869 2763 3936 nimus,
2822 3867 2926 3921 illis
2981 3865 3228 3920 recusavit
3288 3863 3462 3934 (Tom.
3511 3863 3569 3918 5.
3627 3861 3716 3916 lib.
3766 3862 3849 3918 ad

2244 3962 2518 4019 Praacam.
2541 3977 2589 4015 c.
2610 3958 2712 4032 1.).
2745 3961 2826 4014 An
2854 3958 2920 4014 ad
2945 3957 3047 4013 hoc
3076 3965 3392 4026 cooperatus
3411 3954 3571 4011 fuerit
3600 3954 3847 4012 Praxeas

2236 4066 2359 4111 tunc
2412 4053 2588 4110 adhuc
2631 4053 2964 4120 Catholicus,
2997 4065 3166 4122 penes
3196 4059 3468 4106 auctorem
3519 4047 3652 4104 fides
3689 4057 3842 4104 esto.

2232 4148 2392 4205 Certe
2415 4164 2518 4204 non
2545 4148 2718 4203 solum
2748 4145 2936 4202 Roma:
2963 4155 3018 4200 et
3061 4145 3114 4199 in
3169 4143 3353 4200 Galliis
3393 4140 3642 4214 Episcopi
3671 4181 3686 4208 ,
3733 4139 3846 4198 sed

2233 4247 2392 4300 etiam
2431 4241 2521 4314 qui
2567 4242 2748 4298 Asiam
2808 4237 3116 4296 incolebant
3167 4252 3541 4309 saepenumero
3588 4246 3642 4292 et
3695 4235 3846 4292 mul-

2233 4337 2301 4392 tis
2343 4335 2396 4391 in
2451 4335 2584 4392 locis
2648 4334 2701 4389 in
2773 4347 2936 4388 unum
2989 4331 3408 4400 convenientes,
3488 4327 3844 4400 Prophetiam

2233 4428 2446 4485 illorum
2487 4427 2674 4484 falsam
2730 4425 3098 4497 explorarunt,
3149 4423 3522 4481 detestabilem
3577 4420 3841 4478 ostende-

2233 4531 2396 4589 runt,
2461 4529 2516 4576 et
2571 4518 2921 4589 Montanistas
2981 4515 3361 4573 communione
3413 4516 3710 4586 privarunt.
3765 4511 3846 4570 Et

2234 4628 2362 4669 vero
2389 4612 2667 4668 Montanus
2712 4613 3020 4680 insanasque
3068 4609 3185 4680 ejus
3221 4606 3566 4680 pr0phetides
3593 4606 3648 4662 in
3679 4605 3844 4664 Iudae

2236 4716 2468 4764 mortem
2525 4703 2814 4776 suspendio
2867 4703 3225 4769 interierunt,
3272 4717 3380 4756 non
3427 4698 3724 4772 Martyrio;
3777 4705 3846 4757 et

2235 4799 2540 4858 Alexander
2564 4799 2652 4855 ille
2681 4797 2879 4870 Ephesi
2901 4797 2968 4853 ab
2989 4795 3210 4853 Emilio
3229 4793 3489 4852 Frontino
3505 4793 3843 4852 Proconsule

2233 4909 2454 4971 propter
2507 4895 2784 4952 latrocinia
2843 4894 2895 4948 in
2947 4893 3150 4964 judicio
3199 4891 3608 4957 condemnatus,
3665 4904 3840 4961 quum

2234 4995 2368 5050 falso
2393 5008 2454 5060 se
2483 4991 2768 5063 Martyrem
2811 4987 3186 5059 praetexuisset
3205 5028 3222 5054 ,
3252 5000 3321 5041 ne
3361 5001 3391 5040 a
3428 4986 3542 5049 suis
3570 4982 3782 5056 quidem
3813 5022 3835 5052 ,

2234 5087 2322 5159 qtti
2357 5087 2512 5150 latro,
2542 5091 2794 5154 receptus
2831 5091 2932 5138 est.
2976 5081 3216 5152 Denique
3233 5079 3562 5136 -Thcodotus
3585 5078 3674 5134 ille
3697 5077 3837 5132 sub-

2235 5179 2376 5234 limis
2398 5177 2450 5232 in
2471 5175 2662 5232 emlum
2689 5190 2719 5228 a
2747 5176 2992 5230 daemone
3017 5171 3455 5240 elatus,Simonis
3483 5170 3615 5240 Magi
3639 5169 3833 5238 instar,

2237 5247 2306 5330 de
2333 5280 2554 5343 repente
2583 5284 2820 5342 prteceps
2846 5268 3120 5339 delapsus,
3151 5265 3219 5320 ita
3249 5266 3446 5321 misere
3477 5263 3641 5319 vitam
3673 5263 3834 5320 ﬁniit.

2238 5367 2397 5438 Atqui
2432 5365 2500 5421 de
2539 5363 2810 5420 erroribus
2857 5361 3112 5427 Montani,
3150 5361 3200 5416 in
3231 5375 3364 5432 quos
3412 5365 3598 5430 postea
3628 5361 3836 5412 Auctor

2237 5462 2423 5520 incidit
2451 5462 2636 5536 ~inter
2665 5457 2938 5530 paradoxa
2975 5457 3090 5528 ejus
3130 5455 3309 5510 latius.
3348 5451 3517 5524 Porrp
3555 5451 3657 5507 hoc
3686 5465 3834 5515 anno

2237 5567 2360 5614 ante
2386 5553 2652 5611 Kalendas
2674 5551 2878 5614 Junias,
2918 5549 2985 5606 ad
3023 5565 3154 5620 quas
3203 5546 3504 5622 incipiebat
3549 5560 3723 5600 annus
3752 5559 3829 5600 ιι.

2235 5649 2420 5707 Severi
2445 5662 2640 5704 censeo
2668 5645 2925 5701 accidisse
2949 5642 3089 5714 quod
3120 5641 3303 5699 scribit
3335 5643 3540 5696 Auctor
3577 5655 3590 5694 :
3621 5637 3834 5710 Agonas

2234 5744 2357 5800 istos
2385 5785 2401 5811 ,
2451 5740 2760 5796 contentiosa
2801 5736 3047 5794 solemnia
3071 5746 3118 5791 ct
3161 5735 3522 5808 superstitiosa
3547 5735 3834 5788 certamina

2238 5839 2536 5903 Grecorum
2570 5844 2620 5898 et
2660 5835 2968 5910 religionum
2997 5839 3050 5894 ct
3090 5831 3408 5906 voluptatum
3431 5839 3637 5905 quanta
3661 5829 3848 5902 gratia.
