4084 6344
297 278 372 340 ω
554 304 577 321 -
1587 218 1596 234 δ
1629 248 1915 334 Taurum

2021 272 2087 332 NI
2125 274 2306 335 vm.
2688 352 2695 357 _
3528 279 3607 349 7o

297 402 442 459 istud
492 402 735 461 siccatum
767 402 1006 467 celebret,
1054 401 1207 458 etiam
1265 399 1451 472 Africae
1492 400 1655 474 liquit.
1714 401 1898 457 Adhuc
1926 400 2127 463 ΑΠΙπί
2162 401 2254 458 AD
2280 399 2580 461 UXOREM
2616 404 2744 462 duo.
2799 402 2935 461 Nam
2980 416 3146 476 quum
3210 400 3375 477 priori
3425 414 3454 457 a
3500 416 3605 458 nu-

300 490 669 565 Carthaginem
695 496 908 566 singulis
928 495 1150 551 ciuitates
1174 495 1483 567 gratulando
1503 494 1785 566 inquietant
1810 494 1907 548 do-

301 598 483 641 natam
516 587 732 659 Pythice
760 604 924 658 agone
964 582 1264 659 post'stadii
1289 597 1586 643 senectutem
1612 584 1773 659 (Ibid.
1812 586 1903 640 lib.

300 682 370 735 ad
399 680 581 736 Gnost.
609 699 653 735 c.
679 679 784 753 6.).
809 680 942 737 Nam
970 697 1036 736 eo
1056 682 1324 751 pertinere
1347 680 1555 738 videtur
1582 680 1667 734 illa
1698 677 1906 734 numini

300 783 465 829 vetns
506 775 777 845 inscriptio
803 790 823 830 .'
853 773 1104 831 SEVER.
1139 774 1291 830 PIUS
1327 772 1487 831 AUC.
1512 772 1711 829 PONT.
1732 772 1904 830 ΜΛΧ.

303 865 497 922 TRIB.
530 866 676 923 I'OT.
714 866 779 923 Χ.
805 868 920 922 sive
951 887 963 923 :
992 865 1244 922 ΑΝἸὈΝ.
1288 867 1463 934 I’ICS,
1502 883 1605 922 una
1637 884 1702 922 ex
1735 879 1903 937 pnt‘tc,

302 968 361 1013 et
389 976 457 1014 ex
489 959 650 1014 altera
678 978 691 1015 :
718 959 1175 1016 INDULGENTIA
1204 960 1365 1017 AUC.
1384 963 1485 1017 SC.
1508 960 1569 1015 IN
1592 961 1904 1016 CARTIIA-

305 1051 513 1119 GINE;
548 1055 668 1109 item
722 1066 773 1108 et
828 1053 1014 1111 Grmca
1074 1054 1162 1109 illa
1206 1073 1220 1109 :
1265 1062 1365 1109 ΑΥ.
1421 1062 1531 1109 ΚΑΙ
1580 1062 1904 1109 ΖΕοϊΑΡοΣ

307 1154 504 1203 IlI-2PT.
534 1156 782 1203 ΚΑΡΤΔΓ
805 1157 1288 1217 ΜΗΤΡΟΠΟΔΙΟΣ;
1313 1159 1495 1221 utpote
1520 1165 1622 1221 qua
1646 1151 1908 1220 signitice-

310 1248 403 1295 tur
429 1244 695 1297 institutos
723 1243 879 1301 ludos
907 1243 1029 1299 illos
1053 1241 1378 1313 Carthagine
1405 1259 1434 1297 a
1462 1242 1667 1300 Severo
1691 1251 1746 1297 et
1789 1243 1903 1298 An-

310 1335 504 1391 tonino
528 1334 693 1408 Impp.

842 1475 1002 1530 Anno
1036 1473 1246 1530 Domini
1275 1488 1393 1531 CCV.

403 1604 434 1678 ς
503 1604 630 1663 XIII.
712 1604 788 1662 De
845 1606 1147 1677 quibusdam
1226 1606 1461 1664 sublesta:
1534 1606 1654 1675 fidei
1724 1606 1903 1673 libris‘,

334 1700 398 1756 de
424 1700 753 1770 Spectaculis,
787 1702 851 1756 de
894 1700 1221 1769 Idololatria,
1263 1701 1325 1756 de
1358 1700 1551 1755 Habitu
1584 1701 1816 1756 muliebri
1859 1710 1907 1756 et

2006 492 2133 563 ptiis
2163 497 2413 551 secundis
2442 505 2644 553 tantum
2664 495 2996 565 dehortetur,
3025 506 3078 554 ct
3107 496 3389 570 posteriori
3411 495 3604 551 saltem

2008 587 2220 658 nuptias
2246 603 2366 643 cum
2393 589 2696 646 Gentilibus
2730 592 3011 649 interdicat
3038 634 3052 657 ,
3083 601 3304 663 apparet
3344 605 3439 647 eos
3476 605 3606 646 con-

2008 682 2237 752 scriptos
2264 694 2388 739 ante
2416 684 2643 739 luercsin
2676 685 2945 753 Auctoris,
2981 684 3225 740 fortaSsis
3257 685 3473 750 Romae,
3498 696 3605 753 quo

2008 767 2318 840 frequenter
2365 774 2669 832 discurrere
2715 776 2851 831 solet
2887 779 3076 831 saltem
3105 775 3171 831 ad
3202 776 3520 839 absentem,
3551 780 3607 829 et

2008 876 2262 934 quantum
2296 858 2521 939 apparet
2548 885 2576 924 a
2611 868 3015 936 valetudinario,
3041 872 3234 942 quippe
3254 870 3340 941 qui
3371 869 3605 939 priorem

2008 957 2427 1017 admonitionem
2472 972 2722 1034 tanquam
2763 962 2875 1032 jam
2929 964 3221 1020 moriturus
3261 962 3509 1036 Legatum
3545 978 3605 1017 ac

2009 1050 2159 1108 Fidei
2178 1056 2499 1111 commissum
2526 1065 2817 1126 nuncnpet.

2524 1190 2675 1247 Auno
2717 1191 2907 1247 Donavi
2946 1206 3084 1251 ccvt.

2080 1326 2171 1383 24.
2229 1325 2365 1384 IMP.
2398 1328 2570 1386 CASS.
2598 1331 2665 1386 M.
2694 1329 2856 1388 AUR.
2893 1330 3216 1388 BASSIANO
3256 1331 3405 1389 SEV.
3443 1332 3602 1389 AL'G.

2008 1420 2070 1476 F.
2118 1423 2464 1479 ANTONINO
2513 1425 2679 1482 AUC.
2720 1425 2779 1481 II.
2819 1426 2905 1482 ET
2936 1428 2993 1482 Ρ.
3028 1426 3394 1483 SEI"I‘.SI£V.
3442 1427 3602 1485 AUC.

2010 1513 2070 1568 F.
2103 1514 2281 1570 CI‘I'I‘A
2326 1518 2510 1573 COSS.
2536 1520 2594 1573 S.
2625 1518 2910 1590 valtyrini
2942 1519 3165 1574 Romani
3196 1520 3470 1575 Pontificis
3509 1536 3606 1577 th.

2008 1604 2192 1662 Sexeti
2214 1608 2701 1681 lmper.xrtt.qnum
2723 1611 2957 1667 ha‘rcscs
2983 1612 3141 1666 varia:
3163 1622 3534 1682 grassarentur
3552 1614 3605 1669 in

2009 1700 2189 1755 Alrica
2214 1701 2277 1757 ad
2309 1703 2652 1759 scribendum
2680 1705 2937 1760 adversus
2956 1720 3061 1769 eos
3091 1706 3234 1763 serio
3269 1720 3329 1763 se
3357 1708 3603 1765 Contulit.

347 1794 403 1848 de
437 1794 559 1848 cultu
604 1794 911 1863 feminarum
941 1838 954 1858 ,
1000 1794 1198 1848 duobus
1244 1794 1311 1849 ad
1341 1793 1561 1849 Uxorem
1589 1835 1605 1861 ,
1664 1795 1906 1849 adversus
1934 1787 1982 1848 B
2009 1792 2154 1848 Inter
2181 1808 2313 1862 quos
2346 1796 2547 1865 primus
2570 1796 2803 1851 occurrit
2832 1797 2967 1852 liber
2992 1796 3354 1854 ADVERSUS
3391 1797 3605 1852 APEL-

352 1887 656 1956 Apelletianos
682 1930 694 1950 ,
750 1889 990 1947 adversus
1049 1886 1419 1959 Hermogenem
1446 1930 1461 1955 ,
1554 1888 1617 1942 de
1673 1887 1905 1943 Materia

353 1982 440 2036 Deo
482 1992 743 2048 coatterna,
773 1982 837 2036 de
872 1982 1034 2037 Censu
1061 1984 1245 2037 auimw
1272 2000 1333 2037 ea:
1356 1983 1527 2036 eadem
1551 1984 1782 2049 materia,
1806 1983 1874 2035 ad
1883 2012 1902 2022 -

351 2092 492 2129 rrrsus
537 2074 930 2141 I’alentinianos,
964 2077 1027 2130 de
1055 2078 1258 2141 Anima,
1297 2078 1359 2131 de
1388 2077 1493 2148 Spe
1535 2078 1788 2143 ﬁdelium.
1836 2107 1905 2119 --

349 2167 423 2224 25.
448 2169 500 2225 1..
527 2168 725 2225 FABIO
760 2171 827 2226 M.
857 2170 916 2224 F.
941 2169 1358 2227 SEPTIMIANO
1386 2170 1447 2226 Il.
1479 2171 1563 2227 ΕΤ
1595 2171 1663 2226 Μ.
1696 2171 1907 2228 ANNIO

349 2263 404 2329 Μ.
422 2264 471 2319 F.
488 2264 721 2320 LIBONE
741 2264 926 2322 COSS.
945 2266 1001 2321 S.
1033 2266 1320 2339 Zephyrini
1344 2268 1501 2339 Papae
1526 2269 1747 2324 Romani
1766 2284 1909 2324 anno

350 2372 409 2411 τι.
435 2356 599 2425 Severi
624 2358 820 2429 Impcr.
873 2374 970 2414 xu.
1010 2359 1202 2428 partim
1235 2361 1516 2417 occasione
1538 2362 1663 2418 dicti
1699 2362 1908 2434 Pythici

350 2450 527 2520 agonis,
556 2450 884 2522 aliorumque
906 2453 1257 2507 certaminum
1294 2453 1615 2525 Carthagine
1638 2455 1908 2511 exhibito-

352 2556 472 2606 runt,
508 2542 686 2610 partim
727 2542 870 2614 quod
908 2543 1020 2614 jam
1059 2525 1242 2599 indicti
1293 2556 1474 2602 essent
1534 2547 1665 2602 Ludi
1737 2548 1906 2605 Secu-

357 2631 476 2687 lares
495 2632 684 2700 Romm,
715 2634 782 2689 ad
829 2650 964 2706 quos
993 2651 1085 2706 per
1124 2652 1401 2708 praecones
1446 2642 1909 2698 convocaresole-

361 2722 473 2780 bant
509 2742 696 2795 omnes,
744 2737 931 2800 utpote
958 2730 1046 2800 qui
1080 2746 1179 2786 nec
1223 2732 1444 2801 speetati
1494 2748 1594 2792 nec
1632 2735 1907 2803 Spectandi

352 2820 521 2877 iterum
555 2821 747 2887 forent,
781 2833 837 2879 ut
884 2824 1218 2880 Christianos
1258 2826 1327 2882 ab
1356 2842 1417 2882 ea
1447 2826 1775 2897 profectione
1817 2829 1911 2885 de-

351 2920 585 2991 terreret,
611 2916 826 2987 scripsit
850 2916 1193 2991 TtiR'l‘ULﬁL.
1228 2927 1280 2974 et
1310 2918 1497 2974 Graece
1526 2929 1580 2975 ct
1611 2918 1797 2976 Latine
1826 2921 1909 2975 in-

349 3008 525 3079 signem
574 2990 726 3066 illum
771 3010 962 3065 librum
1006 3011 1092 3066 DE
1128 2990 1601 3071 SPEC'I‘ACULIS
1642 3013 1659 3085 (
1696 3014 1808 3069 Lib.
1849 3015 1913 3070 de

350 3099 504 3173 Spect.
546 3120 597 3157 n.
630 3104 655 3159 I
700 3113 747 3158 et
786 3102 1089 3176 deinceps.),
1122 3121 1228 3177 quo
1254 3107 1615 3177 pulcherrime
1653 3108 1871 3164 drducit
1895 3150 1908 3174 ,

2011 1887 2367 1954 LICTIANOS,
2414 1890 2514 1945 etsi
2566 1890 2723 1965 hodie
2796 1890 3152 1957 desideratus,
3212 1891 3262 1945 id
3305 1900 3405 1957 est,
3453 1890 3607 1961 Apel-

2012 1983 2074 2037 lis
2104 1983 2342 2055 discipuli
2375 1983 2657 2039 Marcionis
2685 1996 2974 2051 sectatores,
3029 1986 3096 2041 de
3137 1986 3335 2054 quibus
3365 1988 3605 2041 Auctor:

2009 2074 2190 2131 Adhuc
2215 2119 2229 2143 ,
2264 2077 2470 2148 inquit,
2506 2079 2564 2132 in
2606 2079 2773 2134 seculo
2819 2086 3110 2148 supersunt,
3155 2080 3238 2149 qui
3289 2080 3607 2135 meminerint

2010 2186 2205 2231 eorum,
2253 2172 2406 2224 etiam
2446 2172 2643 2242 proprii
2673 2172 2919 2229 discentes
2945 2182 2990 2226 et
3017 2188 3325 2227 successores
3354 2173 3607 2241 ipsorum;

2011 2283 2074 2322 ne
2102 2268 2403 2337 posteriores
2426 2283 2609 2339 negare
2635 2268 2847 2336 possint.
2876 2266 3078 2322 Eodem
3101 2282 3243 2321 anno
3273 2267 3608 2336 conscriptos

2012 2367 2260 2429 putamus
2303 2357 2470 2412 libros
2517 2357 2885 2413 ADVERSUS
2932 2357 3406 2413 IIERIIOCENEM
3450 2357 3605 2425 duos,

2015 2450 2104 2505 DE
2139 2449 2446 2505 MATERIA
2481 2450 2613 2505 ἱ)Εο
2642 2448 3031 2505 COJETERNA
3057 2466 3241 2514 unum,
3270 2450 3356 2504 DE
3386 2448 3607 2505 CENSU

2013 2542 2248 2599 ΑΜΜίΕ
2290 2542 2379 2597 EX
2424 2542 2658 2598 ISADEII
2711 2543 3021 2598 MATERIA
3076 2542 3323 2597 alterum.
3363 2542 3462 2610 Qui
3504 2557 3611 2612 quo

2015 2643 2257 2705 tempore
2292 2633 2646 2689 disseminarc
2696 2648 2821 2689 suas
2884 2632 3138 2689 haerescis
3198 2634 3459 2702 cmperit,
3504 2648 3611 2689 non

2015 2730 2086 2784 ita
2116 2737 2365 2794 constat;
2394 2738 2631 2784 attamen
2662 2745 2728 2784 ex
2769 2738 2917 2800 parte
2956 2729 3008 2784 id
3053 2730 3356 2799 signiﬁcare
3403 2726 3612 2785 videtur

2014 2822 2077 2879 Β.
2112 2823 2327 2879 IIieron.
2359 2821 2530 2879 Calai.
2566 2822 2763 2893 Script.
2798 2822 3004 2878 Eccles.
3037 2822 3164 2877 dum
3193 2830 3377 2878 contra
3425 2819 3611 2876 licere.

2014 2918 2093 2972 sin
2128 2916 2462 2989 Hermogenis
2487 2919 2716 2987 primum
2746 2918 3028 2988 scripsisse
3058 2916 3216 2972 tradit
3248 2915 3607 2987 Theophilum

2016 3011 2432 3067 Antiochenam.
2459 3011 2584 3079 Qui,
2624 3012 2722 3067 etsi
2768 3012 2868 3067 sub
2911 3010 3105 3082 Itnper.
3144 3011 3286 3068 Vero
3330 3010 3569 3068 ﬂoruerit
3594 3052 3609 3081 ,

2018 3103 2192 3160 eidem
2220 3112 2399 3171 tamen
2445 3104 2826 3174 supervixisse,
2857 3119 2921 3160 ex
2948 3104 3065 3174 ejus
3093 3104 3184 3159 lib.
3211 3104 3266 3172 5,
3297 3104 3361 3159 ad
3386 3103 3614 3175 Autoly-

357 3194 579 3265 quidquid
619 3196 684 3251 ad
739 3196 796 3251 4.
846 3197 1280 3267 Spectaculorum
1335 3215 1530 3271 genera
1564 3201 1811 3272 pertinet,
1845 3202 1913 3258 ah
1939 3190 1983 3253 C
2018 3210 2138 3249 cum
2178 3195 2580 3267 comprobatur.
2626 3194 2711 3250 ubi
2753 3209 2921 3250 annos
2954 3204 3009 3250 et
3043 3195 3248 3262 mundi,
3290 3204 3343 3251 ct
3387 3195 3613 3252 Romani

353 3286 622 3345 Idololatria
652 3304 803 3344 suam
835 3288 1034 3347 habere
1078 3291 1357 3362 originem,
1388 3307 1547 3363 atque
1588 3293 1723 3348 adeo
1760 3293 1918 3357 Citrio

355 3381 515 3437 stianis
558 3383 858 3438 interdicta.
906 3382 1063 3437 Certe
1095 3382 1196 3439 hoc
1225 3399 1368 3439 anno
1392 3394 1702 3440 octavorum
1732 3385 1911 3443 Ludo-

357 3485 455 3527 rum
486 3475 794 3529 secularium
843 3488 874 3529 a
920 3473 1122 3530 Severo
1164 3474 1559 3532 celebratorum
1600 3493 1719 3532 non
1752 3477 1916 3534 modo

359 3567 681 3624 meminerunt
740 3568 1070 3625 Censorinus
1118 3569 1213 3624 lih.
1248 3569 1314 3626 de
1345 3571 1437 3626 Die
1481 3570 1664 3637 natali,
1699 3581 1754 3627 et
1779 3572 1913 3629 Dion

362 3670 407 3715 ct
429 3660 756 3727 Herodianus,
785 3679 1014 3735 quorum
1041 3662 1127 3718 hic
1155 3674 1251 3717 eos
1276 3663 1474 3719 vidisse
1498 3679 1556 3719 se
1586 3664 1789 3730 scribit,
1818 3663 1914 3720 sed

368 3753 518 3819 etiam,
548 3757 767 3812 testibus
788 3756 963 3813 Fastis
999 3758 1386 3815 Consularibus
1424 3776 1437 3813 :
1482 3757 1642 3815 LUDI
1681 3757 1915 3815 S/ECU-

360 3844 557 3905 LARES
586 3850 834 3907 OCTAVI
881 3850 997 3906 EX.
1035 3851 1136 3907 SC.
1171 3850 1394 3914 FACTI,
1420 3860 1474 3907 et.
1504 3851 1771 3907 invenitur
1802 3851 1918 3907 hinc

362 3944 534 3998 nummi
556 3945 826 4016 inscriptio
850 3965 863 3999 :
894 3945 963 4000 Μ.
992 3945 1155 4002 AUR.
1180 3943 1565 4001 ANTONINUS
1583 3944 1731 4005 PIUS
1754 3943 1915 4001 AUC.

357 4031 737 4094 SAECULARIA
781 4038 1005 4094 SACRA
1055 4038 1156 4095 SC.
1190 4038 1509 4094 Existimant
1533 4039 1692 4095 etiam
1720 4040 1919 4095 Areum

344 4127 516 4188 Severi
547 4133 940 4204 triumphalem.
973 4132 1063 4204 qui
1093 4133 1384 4189 etiamnum
1439 4140 1604 4198 extat,
1654 4147 1716 4188 ea
1762 4147 1919 4187 occa-

336 4226 486 4285 sione
532 4226 632 4281 hoc
668 4243 811 4282 antro
857 4234 1133 4294 erectum,
1184 4226 1481 4282 Politianus
1507 4225 1919 4298 ctOnuphrius,

330 4318 485 4392 cujus
528 4320 926 4392 inscriptionem
978 4319 1145 4376 habes
1194 4334 1374 4392 supra,
1422 4336 1648 4391 quorum
1698 4331 1920 4391 uterque

325 4404 587 4469 IatiSsime
610 4423 661 4469 et
680 4413 943 4485 originem
971 4421 1025 4468 et
1047 4428 1236 4469 omnes
1261 4413 1397 4470 ritus
1426 4413 1774 4471 Scecularinm
1807 4413 1917 4471 Lu-

321 4506 518 4564 dorum
562 4509 922 4578 prosequitur.
952 4504 1020 4562 Et
1046 4523 1175 4563 vero
1198 4517 1302 4563 tam
1327 4507 1431 4564 late
1452 4506 1519 4565 de
1540 4510 1789 4565 omnibus
1813 4508 1920 4567 Lu-

318 4599 517 4675 dornm
561 4597 889 4669 Spectaculis
939 4599 990 4654 in
1042 4598 1150 4654 illis
1196 4599 1436 4656 exhiberi
1493 4601 1668 4658 Solitis
1718 4569 2000 4659 AuctorD

318 4702 541 4758 tractat,
571 4701 628 4748 ut
664 4693 771 4748 alio
809 4693 1208 4749 Commentario
1235 4694 1448 4752 Lectori
1484 4696 1698 4752 curioso
1722 4711 1829 4752 non
1854 4695 1926 4753 sit

316 4800 463 4856 Opus
486 4828 501 4853 ,
541 4786 771 4843 maxime
810 4786 857 4841 si
884 4786 1131 4842 consulat
1168 4796 1224 4842 et
1263 4788 1655 4845 Annmationes
1684 4798 1921 4846 nostras.

318 4884 531 4941 Eodem
580 4899 713 4953 pene
770 4894 1012 4956 tempore
1067 4884 1429 4956 conscriptum
1469 4894 1680 4941 constat
1728 4886 1924 4942 librum

322 4978 416 5035 DE
442 4974 904 5033 IUOLOLATRIA
928 5019 944 5047 ,
975 4988 1160 5049 utpote
1208 4980 1261 5034 in
1298 4995 1405 5050 quo
1434 4989 1487 5035 et
1519 4979 1674 5051 hujus
1714 4979 1834 5035 libri
1865 4997 1925 5037 ac

321 5074 689 5149 persecutionis
715 5074 1019 5130 meminerit
1045 5073 1186 5143 (Lib.
1209 5074 1264 5129 2.
1297 5075 1359 5128 de
1385 5072 1526 5129 ldol.
1553 5074 1708 5130 ε.15.
1726 5074 1923 5130 η.164.

326 5170 418 5225 lib.
451 5170 503 5225 1.
535 5169 602 5223 ad
626 5167 789 5223 Uxor.
823 5185 870 5222 c.
901 5168 953 5221 7.
986 5186 1042 5223 u.
1074 5169 1159 5224 II.
1192 5168 1229 5222 ι.
1273 5167 1328 5221 2.
1360 5169 1430 5222 ad
1469 5166 1633 5223 Uxor.
1662 5184 1709 5222 c.
1742 5166 1841 5239 1.),
1874 5176 1928 5225 et

326 5262 599 5321 Solemnia
636 5254 895 5319 Castrum
923 5261 988 5317 ad
1018 5261 1379 5317 Idololatriam
1408 5261 1681 5332 pertinere
1710 5260 1921 5328 astruit,

328 5356 487 5411 sicuti
532 5356 690 5410 etiam
739 5355 905 5411 multa
938 5356 1058 5421 alia,
1094 5354 1147 5410 in
1187 5355 1380 5427 quibus
1432 5354 1637 5411 directe
1683 5356 1924 5411 consistit

329 5447 600 5507 Idolorum
641 5449 832 5504 cultus.
869 5447 927 5503 In
959 5449 1204 5504 eumdem
1251 5465 1466 5520 quoque
1495 5464 1695 5505 annum
1738 5449 1927 5505 referi-

335 5530 461 5598 mus
502 5540 681 5605 libros,
702 5542 786 5597 DE
837 5541 1092 5599 HABI’I‘U
1126 5541 1456 5600 MULIEBRI
1488 5552 1542 5598 et
1571 5543 1656 5599 DE
1692 5540 1925 5600 CULTU

336 5632 764 5704 FESIINARUM,
818 5650 1045 5707 quorum
1080 5635 1241 5705 priori
1275 5636 1495 5690 nimium
1523 5646 1792 5701 ornatum,
1830 5654 1929 5707 po-

336 5727 555 5783 steriori
585 5728 750 5799 magis
793 5726 973 5797 capilli
1029 5735 1085 5783 et
1148 5728 1286 5783 cutis
1357 5744 1539 5785 curam
1603 5729 1929 5801 superﬂuam

337 5821 701 5898 reprehendit.
735 5821 1001 5888 Videntur
1026 5823 1218 5887 eodem
1251 5838 1395 5913 anno
1437 5824 1603 5887 etiam
1640 5823 1935 5898 conscripti

2018 3288 2362 3357 Consulatus,
2387 3300 2441 3345 et
2467 3288 2740 3346 Cmsarum
2765 3304 2932 3360 usque
2953 3289 3018 3344 ad
3042 3288 3243 3345 obitum
3272 3289 3391 3346 Veri
3416 3289 3612 3360 lmpcr.

2017 3392 2310 3454 computat.
2344 3383 2577 3441 Proinde
2608 3383 2707 3438 sub
2735 3382 3035 3439 Commodo
3067 3383 3245 3454 potius
3272 3382 3467 3454 Imper.
3523 3399 3613 3439 cr-

1982 3493 2178 3533 .rores
2231 3478 2387 3533 illum
2430 3492 2556 3533 suos
2598 3478 2861 3547 sparsisse
2916 3492 3236 3543 censemus;
3291 3477 3384 3548 qui
3436 3487 3614 3533 tamen

2018 3581 2179 3629 aetate
2215 3573 2466 3628 Auctoris
2505 3572 2680 3627 adhuc
2710 3572 2942 3637 vixerit,
2991 3571 3077 3626 vel
3117 3586 3183 3626 eo
3220 3581 3358 3627 teste
3400 3571 3452 3625 in
3500 3569 3616 3626 haec

2019 3667 2184 3724 verba
2216 3684 2229 3721 :
2264 3664 2375 3721 Hos
2401 3666 2595 3739 (inquit
2619 3666 2690 3722 de
2717 3666 3004 3729 Marciane,
3034 3665 3338 3730 Valentino,
3359 3665 3617 3736 etApelle

2020 3762 2245 3832 loquens
2269 3762 2378 3832 jam
2408 3761 2672 3831 mortuis)
2717 3770 2772 3815 ut
2811 3759 3112 3831 insigniores
3164 3770 3211 3815 et
3255 3761 3617 3831 frequentiores

2020 3856 2282 3910 adulteros
2308 3854 2531 3910 ueritatis
2550 3853 3144 3909 uominamus.Ca:terum
3166 3851 3430 3924 Nigidius,
3451 3852 3618 3906 nescio

2020 3948 2155 4017 quis,
2198 3956 2244 4001 et
2297 3945 2663 4018 Hermogenes,
2697 3956 2742 4002 et
2793 3947 2938 4000 multi
2986 3946 3097 4014 alii,
3134 3945 3306 4000 adhuc
3358 3943 3620 3999 ambulant

2021 4040 2358 4096 subvertentes
2384 4040 2489 4095 uias
2523 4040 2726 4094 Domini
2756 4038 2845 4110 (L.
2879 4038 2941 4093 de
2977 4037 3198 4095 Prtescr.
3258 4037 3376 4093 adv.
3419 4038 3543 4094 ha’r.
3571 4053 3617 4093 ε.

2024 4132 2167 4203 '50.).
2202 4132 2269 4188 Et
2292 4148 2419 4189 vero
2449 4133 2504 4187 in
2537 4133 2711 4187 Africa
2766 4131 3135 4203 Hermogenem
3175 4131 3424 4187 ﬂoruisse
3472 4132 3622 4188 testis

2027 4237 2107 4285 est
2133 4227 2450 4283 Philastrius
2473 4227 2566 4283 lib.
2587 4226 2654 4283 dc
2672 4227 2874 4282 Ιίίῑῐιιδ.
2895 4228 2979 4282 cui
2997 4237 3185 4283 auctor
3204 4226 3351 4281 addit
3373 4236 3623 4297 tanquam

2025 4322 2334 4393 Magistrum
2364 4321 2600 4391 aliquem
2630 4319 2921 4392 Nigidium.
2954 4320 3131 4388 Quum
3172 4319 3333 4374 etiam
3367 4333 3623 4388 superes-

2026 4425 2146 4472 sent
2188 4414 2363 4470 atllntc
2422 4412 2896 4471 Valentiniauorum
2942 4413 3293 4469 heereticorum
3347 4416 3623 4481 examina,

2028 4509 2253 4566 ducibus
2274 4517 2469 4579 praeter
2490 4508 2691 4580 primos
2716 4507 2833 4562 illos
2858 4522 3015 4576 supra
3044 4505 3306 4562 adductos
3335 4504 3622 4572 Theotimo,

2029 4602 2301 4667 Axionico,
2321 4599 2615 4655 Alexandro
2644 4609 2689 4653 et
2721 4597 2968 4663 Prodico,
3001 4597 3064 4652 Β.
3098 4598 3357 4653 Irenaeum
3388 4597 3626 4653 imitatus

2027 4695 2093 4750 ad
2115 4694 2336 4749 verbum
2367 4708 2505 4764 pene
2529 4734 2544 4761 ,
2586 4692 2844 4749 LIBRUM
2893 4692 3214 4762 conscripsit
3264 4689 3627 4748 ADVERSUS

2028 4784 2605 4843 VALENTINIANOS.
2630 4786 2704 4841 De
2733 4784 2995 4855 prioribus
3024 4786 3104 4840 sic
3133 4788 3331 4840 Auctor
3360 4800 3373 4838 :
3404 4783 3628 4838 Multum
3678 4792 3685 4797 ‘

2028 4881 2162 4935 circa
2191 4881 2436 4951 imagines
2466 4878 2615 4950 Legis
2643 4877 2939 4934 Theotimus
2981 4888 3225 4947 operatus
3261 4886 3353 4932 est.
3385 4875 3472 4931 Ita
3500 4894 3627 4932 nus-

2027 4991 2180 5045 quam
2209 4973 2505 5029 Valentinus
2526 4992 2542 5029 :
2560 4984 2605 5030 et
2627 4984 2793 5029 tamen
2823 4972 3189 5039 Valentiniani,
3216 4972 3303 5041 qui
3324 4987 3412 5041 per
3437 4968 3627 5025 Valen-

2030 5070 2214 5123 tinum.
2245 5069 2405 5125 Solus
2432 5068 2499 5123 ad
2529 5068 2831 5123 hodiernum
2871 5065 3155 5121 Antiochia:
3194 5062 3473 5119 Axionicus
3519 5080 3629 5118 me-

2030 5164 2282 5219 moriam.
2312 5161 2565 5218 Valentini
2614 5164 2813 5234 integra
2880 5161 3113 5217 custodia
3175 5161 3469 5229 regularum
3521 5159 3630 5231 ejus

2030 5256 2325 5313 consolatur
2351 5256 2436 5330 (Τ.
2464 5259 2519 5315 5.
2553 5256 2590 5311 ι.
2620 5257 2687 5311 ad
2730 5255 2928 5313 Valent.
2963 5271 3010 5309 c.
3037 5253 3094 5310 4,
3122 5271 3174 5308 n.
3210 5253 3298 5310 52.
3320 5254 3409 5309 5'5.
3451 5268 3510 5306 ac
3537 5251 3625 5306 54.

2032 5351 2170 5407 Ibid.
2206 5353 2243 5407 ι.
2276 5352 2340 5407 de
2363 5353 2511 5408 carit.
2561 5350 2750 5409 Christi
2788 5367 2836 5405 c.
2889 5348 2978 5406 I5.
3025 5365 3081 5403 η.
3116 5348 3238 5403 127.
3267 5346 3407 5403 Ibid.
3441 5363 3487 5401 c.
3531 5344 3620 5401 16.

2033 5464 2084 5503 n.
2106 5447 2275 5519 I51.).
2298 5446 2372 5503 De
2396 5447 2552 5503 tertio
2580 5446 2632 5501 in
2661 5445 2774 5500 lucc
2802 5442 2997 5499 verba:
3022 5441 3185 5509 Nam,
3214 5450 3267 5496 ut
3285 5457 3438 5512 penes
3456 5456 3633 5511 querno

2033 5541 2153 5595 dam
2182 5557 2244 5596 ea:
2280 5538 2534 5595 Valentini
2564 5538 2780 5611 factione
2807 5535 2925 5607 legi,
2956 5537 3119 5606 primo
3142 5552 3242 5590 non
3269 5544 3448 5605 putant
3474 5544 3632 5588 terre-

2034 5651 2153 5690 nam
2182 5644 2228 5690 et
2255 5634 2531 5691 humanant
2582 5630 2768 5687 Christi
2789 5629 3124 5686 substantiam
3162 5629 3493 5700 informatum
3518 5624 3630 5697 (Ib.

2033 5738 2091 5788 c.’
2126 5732 2215 5787 17.
2258 5729 2402 5787 Tom.
2458 5729 2515 5785 5.
2548 5728 2586 5783 l.
2634 5727 2751 5783 adv.
2782 5726 2964 5783 Cnost.
2995 5743 3042 5782 c.
3070 5727 3194 5793 ul.).
3240 5725 3315 5782 De
3352 5739 3459 5796 quo
3505 5737 3635 5780 vero

2033 5824 2281 5896 loquatur
2316 5819 2591 5895 subjecit:
2621 5820 2845 5894 Insuper
2882 5819 3274 5894 argumentandi
3316 5817 3532 5880 libidine
3563 5830 3634 5877 ac
