4084 6344
501 265 578 342 π’
1814 270 2274 334 TERTULLIANI
2317 270 2496 336 \‘l'l‘tt.
3721 277 3810 338 τε

503 398 669 465 forma
699 391 887 465 ingenii
917 391 1142 447 haeretici
1167 392 1337 446 locum
1383 391 1480 447 sibi
1528 389 1648 465 fecit
1666 391 1957 447 Alexander
1985 393 2091 447 ille.
2124 395 2174 452 A
2203 408 2322 449 mus
2349 393 2712 464 conscriptum
2753 392 2916 453 luisse
2955 396 3240 454 occasione
3283 412 3470 454 eorum
3497 441 3512 468 ,
3561 412 3678 471 qua:
3708 401 3807 456 vi~

503 486 572 543 Et
615 503 825 543 rursum
867 504 882 542 :
929 486 1035 542 Sed
1050 486 1257 541 remisso
1307 485 1600 541 Alexandro
1626 503 1740 541 cunt
1782 487 1886 541 suis
1933 485 2094 557 syllo-

501 584 677 654 gisntis
705 581 866 654 (Ibid.
901 581 935 635 l.
966 584 1082 635 adv.
1116 580 1276 635 Prax.
1305 598 1348 634 c.
1372 581 1425 637 3.
1453 579 1591 636 Ibid.
1623 581 1660 635 l.
1690 580 1752 635 de
1784 579 1945 634 Pra’s.
1975 584 2092 634 adv.

503 676 626 730 liter.
661 693 707 730 c.
751 675 889 745 2L).
932 674 1170 746 Denique
1212 675 1278 730 de
1314 686 1589 746 postremo
1638 675 1746 730 duo
1771 682 2097 730 concurrunt

500 767 638 823 loci:
671 782 807 822 unus
837 785 850 821 ε
881 767 1032 836 Quod
1060 770 1102 823 si
1120 769 1233 840 jam
1258 779 1378 822 tunc
1405 767 1654 823 Prodicus
1671 778 1760 822 aut
1798 767 2094 822 Valentinus

500 860 763 916 adsisteret
789 875 810 925 ;
833 861 969 916 alter
1001 878 1013 914 :
1053 861 1223 928 Quum
1253 859 1385 914 alius
1427 859 1566 939 Deus
1605 861 1823 932 infertur
1852 860 2095 915 adversus

500 962 807 1019 creatorem,
837 963 956 1008 tunc
997 953 1301 1023 malequam
1330 954 1519 1022 plures,
1549 954 1825 1010 secundum
1862 953 2062 1010 Valenti
2073 985 2092 998 -

500 1061 592 1099 nos
627 1057 671 1100 et
703 1043 950 1100 Prodicos
979 1044 1084 1119 (Ib.
1115 1045 1152 1099 ι.
1184 1046 1300 1100 adv.
1341 1044 1541 1100 Valent.
1567 1063 1613 1101 c.
1641 1047 1695 1102 5.
1747 1046 1882 1101 Ibid.
1913 1048 1999 1101 lib.
2031 1049 2096 1103 de

502 1135 671 1193 I’razs.
695 1137 764 1191 ad
793 1137 920 1194 Ιιων.
951 1155 996 1192 c.
1028 1138 1080 1192 5.
1111 1137 1252 1193 Ibid.
1282 1154 1330 1194 c.
1355 1139 1442 1195 52.
1469 1140 1595 1193 Ιιων.
1639 1138 1727 1196 52.
1767 1158 1819 1194 n.
1853 1140 1975 1195 527.
2002 1141 2095 1200 lib.

498 1231 563 1287 de
587 1232 771 1287 Anima
795 1249 910 1303 cap.
945 1230 1059 1305 55).
1076 1227 1260 1304 Neque
1286 1234 1429 1288 enim
1455 1232 1524 1289 ibi
1550 1233 1648 1304 legi
1675 1250 1832 1305 posse
1855 1233 2090 1304 Procles,

497 1324 640 1394 quod
670 1337 784 1380 erat
833 1324 884 1380 itt
932 1326 1147 1381 excusis
1201 1325 1476 1381 codicibus
1503 1367 1520 1394 ,
1563 1338 1919 1397 prteterquam
1949 1329 2088 1400 quod

496 1430 598 1471 suo
619 1416 738 1472 loco
757 1419 1311 1489 comprobaverimus,
1366 1419 1449 1475 vel
1479 1435 1545 1473 eo
1583 1421 1920 1476 convincitur
1949 1421 2092 1493 quod

498 1507 717 1566 Proclus
767 1525 863 1567 seu
889 1509 1144 1566 Proculus
1179 1527 1283 1566 non
1312 1510 1715 1570 Valentinianus
1751 1512 1910 1569 fuerit
1938 1557 1952 1580 ,
1996 1516 2090 1571 sed

495 1599 835 1670 Montanista,
864 1621 894 1658 a
925 1621 1032 1675 quo
1067 1604 1195 1659 dieti
1229 1612 1354 1659 κατά
1391 1602 1631 1660 Proetum
1673 1606 1890 1677 quidam
1937 1606 2090 1662 Mou-
2141 1665 2155 1684 '

495 1699 606 1753 tani
650 1708 980 1767 sectatores;
1022 1715 1184 1771 quum
1221 1710 1376 1756 antea
1409 1701 1585 1757 adhuc
1631 1700 1948 1758 Catholicus
1991 1701 2090 1757 ad-

2200 485 2343 542 disse
2389 488 2573 542 scribit
2601 488 2658 544 S.
2693 488 3010 560 Perpetuam
3059 493 3109 545 in
3146 491 3411 560 paradiso.
3449 492 3512 547 Et
3544 507 3678 550 .vero
3715 493 3804 550 uti

2201 579 2254 634 iu
2284 579 2384 636 hac
2420 579 2846 638 Christianorum
2878 600 2970 653 per
3015 583 3249 640 Africam
3293 600 3508 657 quoque
3545 601 3804 657 persecu-

2200 674 2344 729 tione
2367 674 2577 730 animos
2601 676 2844 732 ﬁdelibus
2865 677 3104 745 adderet,
3130 695 3415 735 censemus
3441 681 3628 737 eodem
3656 697 3804 752 pene

2201 773 2441 838 tempore
2485 768 2741 839 scriptum
2800 768 2991 824 librqu
3025 786 3093 826 DE
3139 769 3242 827 Scr.
3285 771 3569 828 FtoELqu.
3611 772 3803 841 Quan-

2197 872 2357 928 quam
2387 859 2599 914 interim
2629 860 2968 916 verissimqu
2989 865 3384 934 cotuperiamus
3413 864 3540 920 illud
3563 863 3802 921 Prover-

2198 942 2298 1009 bii,
2350 944 2493 1014 qut-d
2541 945 2709 1001 Error
2750 962 2887 1003 unus
2930 948 3093 1004 alium
3142 949 3356 1018 trahat,
3404 962 3586 1022 utpote
3631 968 3803 1023 quem

2199 1033 2508 1103 paradoxum
2530 1037 2900 1110 situtriusque
2943 1039 3062 1096 libri
3105 1042 3247 1098 illius
3299 1053 3708 1114 argumentum,
3739 1053 3804 1101 et

2199 1127 2340 1182 haud
2371 1143 2567 1199 paucas
2589 1141 2851 1201 praetcrea
2875 1134 3113 1205 reperire
3140 1138 3208 1191 sit
3235 1136 3514 1207 opiniones
3538 1154 3642 1194 non
3666 1141 3804 1195 satis

2199 1232 2359 1275 sanas
2389 1222 2439 1275 in
2471 1221 2614 1278 dicto
2643 1223 2781 1280 libro
2805 1225 2873 1281 de
2903 1211 3092 1282 Anima
3111 1270 3126 1297 ,
3157 1228 3224 1285 de
3253 1229 3444 1300 quibus
3471 1230 3610 1287 inter
3631 1231 3803 1287 l'ara-

2198 1312 2339 1367 doxa
2369 1315 2619 1371 Auctoris
2648 1331 2768 1372 cum
2815 1317 3074 1374 Attlidoto
3120 1321 3296 1378 latius.
3346 1321 3457 1378 Hoc
3503 1339 3670 1379 unum
3710 1324 3805 1381 hic

2196 1407 2479 1476 addimus,
2534 1411 2788 1482 scriptum
2830 1412 2982 1469 illum
3021 1414 3214 1471 librum
3243 1458 3258 1481 ,
3305 1417 3380 1473 De
3427 1418 3566 1476 Ounr
3610 1419 3802 1478 Sraru

2196 1499 2412 1564 ΑΝιιιιε,
2438 1500 2520 1557 vel
2562 1503 2679 1574 ipso
2719 1512 2892 1574 teste,
2933 1508 3025 1579 qui
3081 1509 3216 1566 adeo
3265 1511 3426 1567 etiam
3477 1512 3806 1570 Commenta-

2195 1592 2329 1647 rlunt
2356 1595 2542 1650 aninne
2567 1609 2877 1669 nuncupat,
2911 1611 3095 1671 utpote
3124 1603 3175 1658 in
3205 1619 3312 1676 quo
3357 1616 3617 1664 tractetur
3642 1609 3806 1680 quid-

2197 1687 2326 1756 quid
2352 1687 2479 1743 olim
2519 1705 2550 1745 a
2599 1690 2941 1764 l’hiloSOphis
2979 1706 3035 1751 et
3076 1696 3146 1768 ab
3186 1695 3454 1756 hatrcticis
3491 1701 3559 1757 de
3603 1703 3803 1759 Anima

495 1805 684 1846 versus
723 1790 1063 1846 Valentinum
1119 1792 1411 1862 scripserit.
1453 1792 1519 1847 Et
1560 1809 1688 1849 vero
1731 1810 1892 1865 quum
1938 1807 2080 1852 vocet

2197 1787 2479 1836 tractatmn
2509 1782 2628 1851 fuit,
2655 1795 2712 1839 ut
2739 1801 2914 1857 neque
2939 1786 3284 1862 Philosophis
3309 1808 3480 1867 neque
3505 1793 3805 1869 Theologis

495 1882 646 1938 illttm
667 1885 870 1939 Auctor
896 1885 1108 1956 virginis
1135 1899 1348 1941 senecta!
1376 1896 1423 1940 et
1451 1887 1756 1943 Christiana:
1793 1888 2093 1960 eloquentia:

493 1977 811 2046 dignitatem,
860 1978 1103 2034 videmur
1161 1979 1316 2034 nobis
1388 1980 1626 2050 attigisse
1673 1982 1902 2052 primttm
1947 1982 2091 2054 quod

493 2071 643 2126 aiunt
669 2069 897 2144 lapidem
925 2071 1258 2140 oll'ensionis,
1281 2074 1333 2128 in
1361 2089 1519 2146 quem
1549 2075 1664 2146 ipse
1694 2076 1932 2149 impegit.
1963 2078 2088 2135 dum

493 2165 732 2236 partibus
777 2165 1012 2222 Montani
1057 2167 1238 2224 lavere
1287 2169 1448 2236 coepit
1476 2185 1491 2236 ;
1523 2170 1798 2235 seductus,
1831 2185 2084 2242 quantum

491 2268 757 2328 apparet,
809 2260 1164 2317 admiratione
1198 2262 1427 2334 quadam
1474 2271 1582 2317 tum
1623 2263 1832 2335 virginis
1874 2277 2089 2322 senecta:

492 2348 728 2421 Proculi,
760 2367 919 2425 quem
949 2363 1075 2410 tunc
1101 2371 1283 2412 senem
1315 2358 1478 2413 fuisse
1508 2359 1764 2427 Oportuit,
1797 2371 1979 2432 utpote
2002 2362 2086 2418 vel

491 2441 682 2498 eodem
731 2454 866 2501 teste
919 2447 1347 2519 contemporalem
1393 2449 1848 2506 Itturesiurcltarum
1900 2451 2085 2509 Valen-

491 2535 823 2603 tinianorunt,
882 2548 992 2594 tum
1054 2540 1351 2612 eloquentia:
1414 2542 1751 2610 Christianae,
1823 2560 1984 2617 quam
2032 2547 2086 2602 in

487 2628 702 2699 scriptis
743 2632 860 2702 ejus
889 2631 1237 2702 deprehendit
1272 2648 1287 2687 :
1321 2649 1509 2705 parum
1550 2650 1758 2692 memor
1782 2639 1945 2694 miser
1974 2640 2084 2709 ille,

489 2720 620 2790 quid
650 2730 806 2776 antea
841 2724 1166 2795 scripsisset,
1200 2723 1443 2782 fortassis
1473 2727 1630 2798 hujus
1667 2730 1796 2785 tanti
1840 2732 1939 2787 viri
1993 2748 2084 2789 oc-

488 2813 744 2870 casione:
777 2813 976 2882 Solent,
1013 2816 1203 2888 inquit,
1253 2818 1490 2874 miriones
1540 2821 1624 2874 isti
1671 2823 1822 2876 etiam
1868 2823 1931 2878 de
1966 2824 2082 2895 qni-

487 2905 701 2963 busdant
730 2911 958 2979 personis
983 2911 1045 2965 ab
1076 2911 1256 2967 Itwt'est
1279 2914 1440 2985 captis
1483 2915 1729 2984 wdiﬁeari
1756 2919 1808 2971 in
1838 2919 2082 2976 ruinam:

491 3003 664 3071 Quare
690 3005 816 3071 illa,
843 3005 922 3060 vel
949 3006 1053 3072 ille,
1095 3007 1410 3077 ﬁdelissimi,
1443 3009 1825 3079 prudentissimi
1872 3022 1919 3067 et
1969 3014 2080 3068 usi-

487 3095 721 3151 tatissimi
745 3097 797 3152 in
820 3095 1076 3168 Ecclesia,
1108 3117 1160 3154 in
1187 3098 1332 3154 illam
1361 3112 1554 3172 partem
1582 3103 1930 3158 transierunt?
1955 3105 2082 3170 Quis

2197 1871 2306 1928 alio
2337 1871 2497 1932 ltodie
2520 1880 2908 1936 commentario
2929 1879 3000 1936 sit
3027 1897 3182 1954 opus.

2693 2037 2850 2094 Anno
2878 2037 3088 2097 Domini
3116 2057 3302 2100 ccvut.

2264 2170 2292 2245 §
2319 2171 2455 2230 XIV.
2493 2173 2569 2230 De
2597 2175 2738 2232 libris
2767 2175 3166 2235 Montanismnnt
3188 2182 3303 2254 jam
3339 2182 3701 2254 redolentibus,
3733 2186 3802 2245 de

2191 2264 2357 2322 Carne
2373 2268 2556 2322 Christi
2573 2271 2812 2326 adversus
2828 2269 2919 2326 IV.
2937 2273 3171 2342 haereses,
3192 2275 3254 2330 de
3270 2274 3656 2336 Rcsurrectione
3678 2298 3801 2336 car-

2191 2358 2290 2426 nis,
2317 2361 2556 2417 adversus
2578 2362 2888 2420 tilarcibnent
2909 2365 2971 2432 V,
2997 2367 3058 2423 de
3077 2369 3274 2425 (Sorana
3309 2370 3509 2439 Militis,
3544 2374 3799 2446 Scorpiu-

2189 2467 2305 2506 cum
2322 2453 2558 2508 adversus
2583 2453 2868 2526 Gnosticos,
2885 2459 3125 2516 adversus
3143 2460 3584 2522 Pramum—26.
3609 2470 3664 2522 S.
3692 2467 3797 2526 Ze-

2191 2546 2385 2618 pltiriui
2413 2548 2640 2606 Romani
2667 2551 2939 2610 l’outilicis
2963 2571 3038 2610 ιι.
3058 2556 3242 2614 Severi
3266 2559 3396 2630 ltnp.
3420 2576 3508 2616 xv.
3529 2561 3596 2617 Μ.
3627 2562 3796 2618 FLA-

2187 2638 2302 2696 VIO
2319 2641 2386 2696 Μ.
2415 2641 2474 2697 F.
2501 2643 2573 2701 Μ.
2595 2644 2659 2699 Ν.
2686 2645 2867 2701 AFRO
2893 2646 2982 2703 ET
3003 2649 3067 2717 Q.
3094 2650 3299 2707 ALLIO
3314 2651 3795 2712 FABIOCATUL-

2187 2733 2347 2791 LINO
2376 2735 2646 2795 MAXIMO
2671 2738 2856 2796 COSS.
2885 2743 3141 2814 scriptum
3161 2744 3324 2803 fuisse
3354 2764 3383 2802 a
3402 2747 3795 2809 Tenrunusso

2186 2829 2378 2886 librum
2412 2833 2642 2903 primum
2671 2835 2933 2893 adversus
2957 2838 3297 2917 ‘Marcionem
3336 2859 3400 2898 ex
3434 2843 3582 2901 hisce
3610 2847 3794 2904 verbis

2187 2934 2423 2980 Constat.
2460 2927 2523 2981 At
2553 2945 2688 2984 nunc
2716 2932 2869 3003 quale
2895 2944 2965 2987 est
3004 2945 3057 2988 ut
3102 2935 3345 2992 Dominus
3381 2955 3414 2992 a
3452 2955 3544 2996 xu.
3596 2939 3796 2999 Tiberii

2187 3013 2405 3072 Ca'saris
2435 3021 2683 3076 revelatus
2711 3023 2812 3090 sit,
2844 3024 3127 3081 substantia
3164 3045 3281 3083 vero
3309 3033 3378 3084 ad
3420 3047 3513 3086 xv.
3541 3034 3656 3105 jam
3683 3033 3791 3090 Se—
3867 3068 3876 3072 -

2184 3111 2287 3165 veri
2323 3110 2659 3183 Imperatoris
2711 3133 2904 3173 annum
2953 3120 3100 3176 nulla
3149 3134 3408 3195 comperta
3459 3126 3687 3198 sit?(L.
3721 3129 3795 3185 de

486 3189 583 3244 ltoc
608 3191 801 3260 dicens,
829 3208 930 3247 non
956 3193 1064 3263 ipse
1108 3193 1203 3248 sibi
1242 3196 1549 3266 respondet:
1577 3213 1733 3268 neque
1758 3199 2028 3268 prudentes
2060 3241 2075 3268 ,
2106 3198 2151 3263 C
2187 3199 2372 3256 Itesur.
2430 3222 2538 3262 car.
2584 3223 2631 3262 c.
2665 3208 2720 3263 2.
2754 3227 2868 3280 cap.
2926 3213 3014 3268 45.
3059 3213 3095 3268 Ι.
3137 3231 3185 3269 c.
3229 3189 3345 3272 adv.
3390 3215 3529 3274 Mar.
3691 3221 3791 3278 15.

487 3298 645 3354 neque
673 3283 871 3353 ﬁdeles,
901 3301 1061 3356 neque
1096 3287 1306 3342 usitatos
1334 3287 1680 3357 testintandos,
1712 3306 1838 3361 quos
1864 3292 2080 3347 hwreses

475 3380 737 3446 potuerint
759 3376 1066 3432 immutare?
1097 3377 1232 3443 Quid
1258 3379 1434 3449 igitur,
1466 3381 1511 3434 si
1539 3379 1846 3452 Episcopus,
1872 3383 1918 3436 si
1951 3383 2078 3438 Dia-

483 3483 662 3532 conus,
695 3469 738 3522 si
764 3468 946 3536 vidua,
987 3470 1032 3525 si
1058 3470 1216 3542 virgo,
1252 3471 1297 3525 si
1340 3471 1547 3540 Doctor,
1602 3473 1644 3527 si
1694 3475 1844 3528 etiam
1876 3473 2078 3547 blartgr

483 3561 660 3632 lapsus
689 3579 720 3616 a
741 3563 917 3635 regula
946 3565 1132 3636 fuerit,
1162 3565 1274 3621 ideo
1302 3547 1516 3622 ltwreses
1543 3568 1802 3623 veritatem
1828 3569 2076 3625 videbun-

482 3665 565 3710 tur
583 3656 804 3713 obtinere
827 3659 852 3712 ?
875 3657 959 3714 Ex
983 3662 1210 3732 personis
1233 3661 1500 3732 probemus
1528 3664 1715 3735 ﬁdem,
1756 3683 1823 3721 an
1868 3684 1932 3722 ex
1976 3669 2077 3737 ﬁde

484 3751 788 3820 personam?
814 3751 1024 3823 Alioqui
1065 3764 1211 3809 certe
1240 3771 1366 3829 non
1413 3765 1496 3811 est
1541 3757 1834 3814 verisimile
1873 3759 1926 3814 in
1966 3768 2074 3816 tam

482 3841 768 3898 absurdam
793 3842 1023 3900 ltmresiu
1055 3845 1264 3917 lapsum
1286 3847 1680 3916 iriAuctorem,
1726 3851 1826 3906 nisi
1871 3867 1937 3908 ex
1983 3853 2073 3909 tali

482 3933 730 4004 quapiam
756 3942 1061 4004 occasione,
1093 3937 1336 3995 fortassis
1363 3942 1523 3996 etiam
1549 3959 1613 3998 ex
1645 3941 2075 4015 frequentatione

483 4026 649 4098 ipsius
678 4031 946 4098 fantiliari,
974 4033 1100 4089 dum
1126 4034 1351 4091 subinde
1375 4035 1600 4093 Rotttam
1625 4039 1878 4096 inviseret
1906 4057 1920 4106 ;
1946 4057 2069 4097 nam

481 4119 666 4178 [totum
697 4121 936 4179 Proclum
955 4125 1220 4184 habitasse
1253 4140 1431 4197 postea
1455 4129 1804 4198 deducemus,
1842 4136 2072 4192 maxime

478 4229 641 4284 quum
692 4231 848 4273 antea
891 4218 1274 4291 blasphemiam
1303 4221 1518 4288 dixerit,
1559 4224 1883 4282 I’aracletunt
1912 4244 2072 4298 quem

479 4306 724 4364 Christus
781 4312 1044 4379 promisit,
1087 4314 1139 4368 in
1189 4314 1441 4371 Montano
1483 4319 1709 4388 prinuun
1737 4324 2068 4392 apparuisse,

477 4411 531 4456 et
580 4415 760 4468 tamen
807 4410 857 4461 in
908 4408 1257 4478 sequentibus
1303 4412 1516 4482 scriptis
1550 4429 1654 4470 non
1697 4426 1947 4473 vereatur
1995 4418 2070 4475 illi

478 4511 674 4553 nomen
703 4498 965 4556 Paraeleti
992 4500 1300 4574 frequenter
1323 4507 1612 4562 ascribere.

976 4640 1133 4696 Anno
1188 4641 1396 4698 Domini
1441 4659 1601 4702 ccvu.

545 4772 636 4829 25.
660 4771 925 4830 NU‘llMlO
948 4775 1237 4835 SENECIO
1261 4781 1506 4838 ALBINO
1524 4783 1612 4838 ΕΤ
1629 4783 1880 4843 FULVIO
1898 4785 2070 4844 AEMI-

473 4863 681 4922 LIANO
716 4868 898 4924 COSS.
923 4871 979 4926 S.
1003 4870 1449 4946 Zi-ephiriuiPapze
1484 4877 1710 4933 Ilotnaui
1745 4883 2067 4938 vut.Sevt:ri

471 4957 606 5028 Imp.
643 4978 746 5030 διν,
777 4965 1013 5035 plerique
1042 4981 1225 5036 passas
1251 4969 1491 5023 scribunt
1517 4971 2063 5042 Perpetnatttetb‘eli-

471 5051 709 5118 citatem,
732 5055 1048 5126 idquejuxta
1069 5058 1402 5115 ch.Bedam
1420 5063 1506 5117 die
1524 5063 2066 5136 uataliSeveri,quem

469 5145 744 5214 assignant
793 5146 1170 5222 Martyrologia
1201 5150 1432 5207 Usuardi
1461 5163 1516 5209 et
1545 5155 1843 5213 Romanum
1894 5158 2061 5216 Nonis

469 5234 692 5304 Martiis,
728 5239 832 5294 illis
863 5253 1118 5311 praetcrea
1145 5250 1551 5302 annumerautia
1579 5250 1929 5318 Revocatum,
1966 5254 2066 5311 Sa—

469 5332 738 5386 turninum
770 5344 820 5387 el
849 5333 1232 5394 Secundiolum
1258 5379 1273 5405 ,
1311 5340 1468 5396 simul
1499 5357 1684 5413 passos
1728 5347 1778 5400 in
1808 5346 2062 5401 Mauritao

467 5423 553 5478 uia
580 5426 792 5481 civitate
813 5425 1364 5489 Thuhurbitanuruut.
1389 5435 1434 5503 Q
1477 5453 1564 5490 um
1587 5449 1764 5492 autem
1796 5439 2065 5510 Perpetua!

465 5516 757 5596 fortissima:
785 5520 1028 5594 Martyris
1057 5541 1121 5582 eo
1142 5526 1283 5583 libro
1309 5532 1614 5586 meminerit
1644 5539 1865 5601 Anetor,
1895 5550 2057 5606 opor-

467 5616 542 5664 tet
570 5627 674 5666 non
702 5623 827 5669 ante
854 5615 1110 5685 scriptum
1139 5618 1302 5675 fuisse
1335 5621 1526 5677 librum
1548 5638 1618 5680 DE
1655 5629 1831 5684 Annuit
1856 5669 1872 5696 ,
1895 5646 2060 5699 quem

463 5701 678 5772 set'ipsit
712 5703 994 5762 Anvensus
1025 5707 1385 5770 PHILttSOPﬂOS
1407 5731 1474 5772 ετ
1495 5717 1839 5779 Ιιιειιετιεοε.
1873 5723 1925 5778 In
1953 5739 2062 5796 quo

463 5794 626 5851 etiam
652 5795 845 5856 alludit
881 5799 950 5857 ad
982 5801 1178 5861 librum
1219 5822 1285 5863 os:
1325 5807 1610 5871 PABADISO.
1640 5817 1810 5884 Quem
1837 5794 2060 5890 conjici-

2096 4571 2210 4658 Dr.

2140 4711 2291 4752 vsum
2334 4701 2385 4753 ιιι
2428 4701 2624 4756 bellum
2669 4703 3051 4772 Britannicum,
3097 4724 3255 4780 quem
3293 4711 3644 4770 Cassiodorus
3684 4715 3768 4772 his

2187 3293 2280 3349 To.
2314 3296 2368 3353 5.
2401 3298 2491 3352 lib.
2541 3299 2604 3353 de
2641 3318 2749 3355 car.
2792 3301 3017 3371 Christi,
3071 3321 3120 3362 c.
3149 3307 3202 3361 7.
3232 3306 3251 3378 )
3297 3311 3472 3380 Atque
3518 3310 3652 3366 adeo
3678 3310 3791 3370 hoc

2184 3396 2426 3459 tempore
2453 3390 2614 3446 simul
2639 3392 2813 3449 editos
2842 3395 3005 3451 fuisse
3034 3408 3246 3467 oportet
3294 3401 3460 3457 libros
3488 3418 3554 3458 DE
3598 3403 3789 3462 Causa

2181 3480 2402 3537 Cuntsrt
2455 3485 2742 3541 Anvsnsus
2790 3502 2860 3541 tv.
2909 3488 3169 3547 llam-2555
3215 3508 3282 3548 nr:
3336 3494 3789 3555 RESURRECTIONE

2181 3573 2412 3644 CARNIS,
2464 3593 2531 3633 ετ
2583 3595 2851 3637 Αυινειιευς
2879 3581 3199 3641 MARCIONEM
3246 3589 3481 3661 quinque
3511 3590 3660 3659 (Lib.
3717 3593 3788 3648 de

2181 3661 2300 3721 Res.
2333 3684 2441 3722 car.
2481 3687 2528 3723 c.
2559 3669 2615 3724 2.
2647 3669 2758 3726 Lib.
2793 3673 2845 3728 5.
2880 3676 2968 3728 ad.
3004 3674 3170 3732 Marc.
3201 3695 3247 3734 c.
3277 3679 3362 3736 10.
3396 3698 3450 3735 n.
3485 3681 3613 3738 150.
3645 3683 3684 3740 l.
3716 3684 3786 3742 de

2183 3758 2300 3814 Cor.
2326 3763 2634 3818 ntilit.c.ult.
2649 3768 2688 3834 ),
2715 3777 2896 3838 utpote
2919 3768 3107 3826 eodem
3128 3772 3355 3844 scriptos
3371 3775 3784 3846 tempore.Nam

2181 3854 2319 3909 sicut
2347 3856 2506 3911 etiam
2539 3857 2663 3914 alibi
2687 3860 2956 3929 diximus,
2988 3864 3124 3920 libro
3152 3869 3218 3922 de
3255 3867 3432 3925 Carne
3459 3870 3658 3928 Christi
3702 3873 3784 3928 ci-

2186 3957 2326 4003 latur
2355 3950 2488 4006 liber
2507 3963 2728 4022 quartus
2755 3954 3011 4012 adversus
3038 3958 3359 4017 Marcioncm
3380 4003 3397 4032 ,
3426 3963 3565 4021 libro
3588 3963 3656 4021 de
3673 3965 3785 4023 Re-

2180 4043 2510 4099 surrcctioue
2528 4046 2705 4102 carnis
2732 4063 2788 4103 n.
2814 4058 2865 4104 et
2883 4065 2960 4105 tu.
2985 4051 3106 4109 adv.
3125 4052 3287 4109 Marc.
3310 4066 3360 4111 et
3382 4056 3774 4116 l.l.adv.Marc.

2178 4133 2589 4206 allegaturliber
2611 4139 2678 4195 de
2712 4140 3016 4199 Resurrect.
3047 4149 3223 4202 carnis
3243 4191 3258 4216 ,
3288 4165 3396 4221 quo
3427 4150 3485 4206 tit
3510 4161 3566 4207 ut
3587 4153 3776 4208 existi-

2179 4241 2318 4282 mem
2343 4231 2569 4298 primum
2594 4234 2823 4304 scriptos
2859 4237 3120 4295 adversus
3139 4241 3463 4299 Marciouem
3501 4256 3770 4317 quatuor;

2179 4321 2528 4380 intertuedius
2553 4327 2748 4385 deinde
2776 4331 2911 4386 duos
2943 4334 3097 4401 illos;
3131 4346 3184 4392 et
3216 4349 3485 4409 postremo
3514 4331 3770 4400 adversus

2179 4415 2500 4474 Marciuuem
2518 4423 2782 4491 quintum.
2806 4425 2972 4480 Porro
2999 4427 3041 4480 si
3067 4428 3167 4484 hoc
3189 4445 3350 4497 anno,
3373 4432 3447 4487 uti
3466 4432 3772 4502 Ouupltrins

2179 4511 2358 4576 tradit,
2372 4513 2637 4571 celebrata
2655 4519 2758 4572 sint
2777 4520 3090 4577 Decenualia
3116 4527 3367 4580 Antonini
3385 4526 3769 4598 ltuper.Severi

2218 4605 2272 4660 lii
2305 4647 2320 4671 ,
2364 4607 2606 4662 tortnssis
2634 4626 3001 4683 pramccttpata
3043 4632 3183 4670 anno
3224 4619 3432 4690 integro
3470 4621 3538 4676 ob
3565 4623 3768 4678 disces-

2173 4792 2324 4847 Coss.
2357 4795 2616 4852 accidisse
2643 4791 2864 4864 scribit;
2899 4801 2998 4858 hoc
3040 4804 3199 4859 etiam
3246 4822 3388 4863 anno
3426 4811 3656 4881 scriptus
3685 4821 3768 4868 est

2175 4885 2344 4942 Lmen
2373 4905 2438 4943 oe
2484 4891 2699 4946 CORONA
2744 4894 2998 4961 MILHIS;
3047 4899 3129 4952 sin
3160 4914 3300 4956 anno
3331 4909 3570 4972 sequenti
3607 4905 3766 4977 (quod

2174 4979 2302 5032 mihi
2337 4983 2502 5050 magis
2533 4985 2589 5037 tit
2623 4985 2912 5043 verisimile
2957 5004 3022 5043 ex
3071 4990 3157 5045 illa
3192 4996 3392 5049 nummi
3424 4998 3766 5068 inscriptione

2172 5071 2477 5128 ANTONINUS
2520 5074 2644 5130 Pius
2681 5079 2816 5133 Aea.
2869 5079 2994 5138 Cos.
3044 5097 3156 5153 lll._
3184 5083 3331 5140 Von
3381 5087 3590 5144 Socors
3633 5090 3764 5162 Deo)

2171 5174 2458 5236 utrumque
2502 5172 2826 5240 contigerit,
2873 5175 2998 5230 illuc
3039 5177 3243 5234 referre
3291 5190 3483 5250 poterit
3529 5183 3758 5250 Lector,

2171 5256 2465 5317 dnuuuodo
2492 5263 2766 5320 ιιοιιίμυιιιιι
2793 5254 2984 5328 Sentiat
3013 5313 3028 5336 ,
3057 5282 3183 5328 ante
3220 5275 3616 5345 expeditionem
3648 5279 3763 5335 Bri-

2170 5357 2461 5410 tannicam.
2510 5359 2589 5414 Ad
2618 5376 2774 5428 quam
2819 5365 3048 5434 pertinet
3095 5367 3256 5423 etiam
3298 5369 3577 5442 inscriptio
3603 5389 3762 5444 supra

2173 5449 2366 5516 posita,
2423 5466 2543 5505 cttm
2577 5452 2750 5524 efﬁgie
2795 5455 3000 5527 Equitis
3036 5473 3195 5514 manu
3223 5461 3459 5532 jaculunt
3491 5469 3758 5524 tenentis:

2170 5539 2476 5599 l’ROFECTIO
2504 5549 2678 5604 Attcc.
2735 5565 2854 5604 nam
2890 5561 3172 5624 utrumque
3205 5554 3366 5610 lilium
3403 5573 3583 5614 secum
3611 5559 3763 5618 duxit

2168 5630 2400 5690 Severus
2429 5679 2443 5700 ,
2476 5653 2505 5691 a
2537 5655 2642 5708 quo
2685 5657 2846 5711 qutun
2879 5642 2938 5699 P.
2970 5643 3262 5715 Septimius
3304 5648 3437 5704 Geta
3479 5666 3620 5708 anno
3649 5653 3762 5724 pri-

2167 5743 2313 5784 mum
2345 5734 2587 5802 sequenti
2636 5733 2834 5807 lmper.
2877 5737 3014 5795 Ctes.
3060 5742 3197 5814 Aug.
3252 5743 3319 5800 sit
3374 5747 3669 5817 appellatus
3708 5756 3763 5805 et

2167 5821 2524 5885 Tribunitiam
2567 5839 2906 5900 potestatem
2939 5835 3246 5907 acceperit,
3295 5838 3451 5897 sicuti
3493 5838 3638 5899 Fasti
3666 5840 3766 5900 ba-
