4084 6344
279 346 354 404 75
1585 338 2044 399 TERTUIJJANI
2090 339 2267 402 \'lT.—l.
3524 344 3592 399 74

277 461 411 517 bent
438 459 782 525 Consulares,
807 456 1152 514 conﬁrmatur
1173 455 1313 512 dicta
1338 463 1520 511 nostra
1549 456 1879 527 conjectura.
1915 457 1966 516 Λ
1995 454 2165 510 cribat
2193 472 2210 508 :
2249 453 2313 509 In
2364 454 2748 526 prmseiitiaruiii
2797 461 2867 509 est
2913 454 3106 508 medias
3147 455 3340 522 ardor,
3370 457 3483 521 ipsa
3507 474 3596 511 ca-

274 555 572 612 Conciliari
603 555 818 627 quidem
846 561 1068 624 possunt
1099 552 1483 622 inscriptiones
1529 561 1580 606 et
1613 549 1733 605 fasti
1760 566 1888 605 con-

271 651 494 708 sulares
521 665 645 706 cum
685 647 958 720 Onttphrio
998 657 1052 704 et
1078 647 1244 702 altera
1276 645 1504 717 quadam
1535 643 1887 713 lttscriptione

270 746 374 802 ubi
423 745 724 818 appellatur
773 743 1076 799 Antoninus
1119 745 1257 813 Aug.
1315 741 1465 796 'l‘rib.
1500 740 1617 796 Pot.
1668 757 1722 796 χ.
1755 739 1882 797 Cos.

270 856 388 896 ιιι.
419 839 593 911 desig.
627 847 686 894 ut
710 837 919 894 dicatur
945 845 1158 908 emptus
1187 836 1304 904 ejus
1340 849 1512 889 annus
1540 850 1590 888 x.
1627 832 1709 887 his
1729 830 1882 889 Coss.

225 956 230 960 ·
265 935 349 990 ad
377 934 500 990 Kal.
549 933 742 1000 Maias,
791 942 847 988 et
887 931 1069 987 [initus
1099 945 1240 985 anno
1267 929 1508 1001 sequenti
1536 927 1656 982 Kal.
1691 927 1839 982 Maiis
1870 944 1884 980 :

266 1027 381 1082 scd
413 1041 514 1082 nos
542 1025 608 1080 ad
637 1041 832 1080 annum
865 1033 1180 1096 sequentem
1214 1023 1416 1079 referre
1457 1020 1743 1077 malunnus
1767 1059 1782 1087 ,
1819 1034 1887 1075 ne

268 1119 374 1177 hic
402 1119 722 1193 prolixiores
750 1119 943 1175 simus.

798 1255 953 1308 Auno
985 1248 1202 1306 Domini
1229 1263 1371 1306 cctx.

351 1393 450 1450 27.
471 1393 531 1451 S.
552 1392 821 1464 Zephirini
842 1391 999 1462 Papae
1023 1388 1246 1444 Romani
1276 1403 1334 1440 x.
1355 1384 1536 1440 Severi
1555 1383 1752 1451 lmpcr.
1769 1397 1884 1437 xvt.

264 1483 952 1560 lmp.C:‘ES.M.AUBEL.
983 1480 1235 1538 SEVERI
1279 1477 1438 1534 AUC.
1466 1476 1524 1531 F.
1549 1473 1890 1531 ANTONINO

263 1579 451 1637 AUC.
485 1579 571 1634 lll.
592 1579 682 1634 ET
708 1577 767 1633 P.
801 1573 1119 1633 SEPTIMIO
1148 1570 1395 1629 SEVER.
1420 1568 1580 1624 AUC.
1611 1567 1674 1623 F.
1702 1565 1886 1623 GETA

263 1673 467 1731 COSS.
479 1672 881 1728 Postoelebrata
903 1667 1219 1726 Decennalia
1238 1665 1488 1720 Antonini
1511 1659 1644 1717 Rom
1664 1680 1692 1714 υ
1710 1680 1736 1714 a
1751 1661 1791 1715 Τ
1797 1677 1891 1716 ea-

265 1781 552 1822 τυωιικο
566 1765 824 1837 scriptum
838 1777 1124 1818 censemus
1135 1759 1329 1814 librum
1351 1772 1416 1812 os
1430 1757 1643 1811 CORONA
1661 1753 1886 1809 MILITIS.

1993 547 2163 601 nicula
2213 547 2573 616 persecutionis
2617 546 2680 600 ab
2725 547 2819 600 isto
2866 546 3054 600 scilicet
3101 548 3446 618 cynocephalo
3476 548 3593 618 (ubi

1993 649 2082 691 attt
2115 636 2376 693 Severum
2398 638 2780 707 Imperatorem
2813 681 2828 705 ,
2860 648 2950 692 aut
2984 640 3158 709 potius
3208 640 3354 695 urbis
3406 639 3593 696 Bonae

1994 729 2305 800 praefectum
2341 733 2390 785 in
2424 731 2664 785 absentia
2701 731 2840 784 illius
2863 733 2972 801 jam
3003 731 3056 785 in
3089 730 3417 786 Britanniam
3452 747 3592 804 pro—

1993 822 2115 879 fecti
2135 865 2149 888 ,
2184 823 2451 896 intelligit)
2476 842 2488 889 ;
2515 823 2644 878 alios
2667 825 2819 895 ignis,
2853 826 2983 879 alios
3009 825 3232 896 gladius,
3263 826 3395 881 alios
3420 826 3594 882 bestia:

1993 917 2310 973 Christianos
2384 919 2756 988 probaverunt,
2803 919 2919 972 aliis
2982 920 3198 991 fustibus
3272 921 3480 990 insuper
3543 929 3595 975 ct

1992 1012 2200 1080 ungulis
2275 1013 2541 1083 degustato
2615 1013 2900 1083 martyrio,
2950 1013 3002 1065 in
3066 1029 3266 1066 carcere
3334 1014 3586 1068 esuriant.

1993 1105 2161 1162 Porro
2211 1104 2471 1163 Severum
2529 1118 2808 1178 praplerea
2876 1107 3149 1161 absentem
3208 1107 3259 1161 in
3316 1107 3593 1164 Britannia

1933 1223 1958 1244 ο
1992 1200 2260 1266 diximus,
2311 1200 2452 1271 quod
2500 1200 2856 1270 espeditionis
2900 1200 3221 1254 Britannica‘,
3260 1199 3363 1254 hoc
3405 1215 3547 1256 anno
3573 1243 3589 1268 ,

1993 1295 2068 1350 uti
2114 1304 2269 1350 antea
2301 1296 2646 1366 probavimus
2669 1337 2684 1360 ,
2732 1293 2886 1349 facta:
2931 1294 3274 1348 meminerint
3306 1295 3502 1350 Euseb.
3539 1295 3594 1348 in

1993 1385 2247 1442 Chronic.
2274 1386 2431 1442 Oros.
2457 1385 2549 1440 lib.
2581 1386 2632 1440 7.
2659 1401 2777 1458 cap.
2808 1401 2877 1442 ll.
2906 1385 3101 1440 Paulus
3131 1386 3391 1440 Diaconos
3414 1385 3504 1440 lib.
3535 1386 3589 1442 8.

1995 1496 2113 1551 cap.
2143 1497 2181 1536 ι.
2223 1491 2347 1536 ante
2388 1496 2483 1537 eos
2522 1483 2835 1549 Spartianus
2861 1525 2874 1547 ,
2919 1481 3250 1536 Herodianus
3275 1523 3288 1543 .
3331 1493 3382 1536 et.
3418 1481 3513 1537 Dio
3540 1481 3594 1536 in

1996 1572 2217 1628 Severo.
2250 1573 2498 1628 Nondum
2526 1573 2667 1627 enim
2697 1573 3022 1626 Britanniam
3070 1573 3326 1627 Romanis
3354 1573 3596 1644 paruisse

1997 1667 2062 1722 ad
2097 1668 2144 1723 id
2179 1683 2345 1738 usque
2389 1669 2648 1737 temporis
2677 1711 2690 1731 ,
2739 1669 2898 1721 etiam
2946 1667 3059 1738 ipse
3108 1668 3284 1721 verbis
3313 1667 3394 1721 his
3435 1681 3597 1738 supra

1998 1763 2174 1817 citatis
2219 1762 2417 1817 indicat
2461 1782 2472 1817 :
2522 1771 2568 1816 et
2624 1759 2985 1815 Britannorum
3036 1763 3292 1816 inaccessa
3349 1759 3598 1815 Romanis

264 1859 474 1915 Romae
493 1859 634 1914 enim
657 1861 910 1928 Scriptura
934 1861 1155 1926 apparet
1175 1867 1238 1908 ex
1254 1851 1434 1906 verbis
1453 1849 1587 1902 illis:
1607 1845 1895 1901 Erubescite

2005 1855 2130 1920 loca,
2172 1853 2373 1909 Christo
2411 1870 2527 1908 vero
2557 1855 2756 1908 subdita
2804 1854 2864 1925 (l.
2899 1853 3016 1908 adv.
3044 1850 3171 1906 Jud.
3208 1870 3254 1907 c.
3291 1855 3368 1923 7),
3412 1863 3598 1924 utpote

269 1954 514 2010 Romani
527 1951 892 2006 commilitones
912 1949 1044 2020 ejus,
1073 1956 1124 2002 et
1143 1945 1208 1999 ad
1233 1942 1550 1999 Decennalia
1571 1940 1781 1995 videtur
1809 1954 1892 1994 re-

269 2048 568 2104 ferendum
602 2043 729 2102 illud
755 2043 875 2098 libri
906 2038 1297 2112 trontispicium
1332 2054 1347 2090 :
1381 2034 1624 2089 Proxime
1652 2038 1790 2106 facta
1815 2041 1892 2086 est

266 2144 644 2201 LlBI-ZRALITAS
664 2137 1213 2194 Prtestantissimorum
1227 2131 1633 2193 [sIPl-ZBATORUN;
1665 2127 1748 2182 cui
1766 2126 1893 2182 sub-

259 2235 520 2310 jicienda
560 2233 863 2306 putavimus
908 2244 1026 2301 qua:
1057 2234 1389 2297 sequuntur,
1436 2237 1501 2277 eo
1541 2220 1683 2292 quod
1729 2234 1889 2274 occa-

267 2333 502 2387 sionem
549 2328 732 2398 scripti
772 2325 931 2396 hujus
979 2323 1097 2378 libri
1151 2320 1416 2382 indiccut,
1449 2324 1633 2388 utpote
1663 2315 1713 2368 in
1742 2327 1848 2384 quo
1875 2355 1889 2378 ,

270 2435 642 2493 contraquam
707 2420 796 2475 alii
855 2415 1255 2477 mussitabant,
1306 2408 1627 2467 Christianis
1677 2420 1894 2462 corona:

273 2532 452 2575 usum
497 2513 838 2571 interdictum
883 2509 1119 2566 deducit.
1156 2505 1635 2578 Expungebantur,
1670 2501 1840 2572 inquit
1875 2543 1890 2570 ,

276 2616 344 2667 in
376 2609 557 2665 castris
591 2606 782 2661 Milites
823 2605 1058 2659 laureati.
1105 2601 1385 2655 Adhibetur
1413 2599 1618 2668 quidam
1650 2597 1756 2650 illic
1782 2611 1892 2648 nia-

287 2707 384 2779 gis
435 2701 525 2756 Dei
568 2700 754 2766 Miles;
798 2697 938 2753 solas
983 2696 1140 2750 libero
1182 2695 1384 2764 capite,
1437 2701 1795 2746 coronaniento
1841 2688 1894 2741 in

285 2815 462 2854 ruanu
518 2796 690 2850 otioso.
743 2791 951 2864 Singuli
982 2791 1275 2860 designare,
1310 2786 1514 2840 eludere
1544 2784 1739 2837 eminus
1769 2821 1784 2844 ,
1823 2783 1897 2833 in-

279 2891 533 2967 frendere
603 2887 848 2942 cominus.
931 2883 1168 2938 Murmur
1243 2877 1440 2933 tribuno
1512 2875 1768 2948 defertur,
1846 2880 1896 2925 et

283 3001 516 3058 persona
543 2984 659 3054 jam
724 2996 786 3036 ea:
825 2979 1006 3033 ordine
1040 2983 1338 3030 accesserat.
1388 2971 1577 3026 Statim
1617 2969 1895 3023 tribunus:

281 3080 400 3138 Cur
444 3073 690 3152 [inquit]
734 3087 838 3128 tam
883 3072 1110 3125 diversus
1139 3065 1368 3121 habita?
1396 3062 1612 3134 Negavit
1643 3063 1730 3115 ille
1775 3077 1889 3114 cum

281 3170 492 3228 certetis
508 3171 603 3223 sibi
619 3169 785 3223 licere.
805 3164 1023 3220 Caussas
1043 3159 1411 3232 expostulatus,
1431 3155 1895 3219 Christianussum,

282 3264 582 3336 respondit.
615 3259 883 3331 Suffragia
936 3256 1151 3319 exinde,
1202 3262 1247 3308 et
1292 3267 1376 3307 res
1405 3251 1676 3321 ampliata,
1709 3259 1752 3302 et
1781 3263 1899 3302 reas

282 3362 359 3418 ad
393 3358 701 3428 Praefectos.
732 3353 928 3408 Ibidem
949 3349 1161 3421 penulas
1190 3346 1381 3418 posuit,
1414 3341 1810 3415 speculatoriam
1837 3341 1902 3395 de

283 3453 516 3525 pedibus
545 3449 758 3506 absolvit
777 3489 794 3513 ,
822 3447 1052 3519 gladium
1079 3441 1300 3496 reddidit
1325 3440 1470 3511 (nam
1501 3437 1752 3492 militaria
1780 3449 1899 3505 om;

284 3551 382 3603 nia
416 3545 646 3615 insignia
668 3543 720 3598 in
742 3537 1146 3596 exautoratione
1174 3533 1401 3588 militum
1433 3532 1554 3586 exui
1585 3529 1783 3594 solere,
1813 3528 1900 3584 vel

283 3657 358 3697 ex
396 3637 705 3695 Herodiano
735 3634 828 3688 lib.
859 3631 914 3686 2.
949 3627 1290 3685 manifestum
1321 3636 1403 3680 est
1433 3666 1448 3690 ,
1499 3623 1648 3676 initio
1677 3621 1890 3692 Imperii

287 3733 536 3802 Severi).
574 3728 642 3783 Et
668 3742 804 3782 nunc
820 3733 1053 3779 rassatus
1079 3719 1342 3792 sanguinis
1370 3716 1450 3771 sui
1475 3731 1586 3786 spe,
1610 3714 1901 3767 donativum

287 3825 493 3883 Christi
559 3823 613 3877 in
661 3833 859 3875 carcere
902 3823 1151 3888 expectat.
1202 3810 1405 3865 Exinde
1448 3807 1707 3863 sententia:
1749 3821 1903 3876 super

285 3924 386 3978 illo
412 3963 430 3985 ,
457 3918 630 3974 nescio
654 3932 722 3970 an
761 3911 1162 3969 Christianorum
1207 3907 1335 3975 (non
1363 3903 1495 3957 enini
1523 3903 1642 3956 alia:
1678 3901 1905 3956 ethnico-

287 4013 438 4083 rum)
468 4055 484 4078 ,
527 4021 582 4064 ut
621 4008 682 4063 de
721 4006 937 4071 abrupto
976 4013 1019 4058 et
1053 3999 1304 4071 praecipiti
1348 4007 1393 4050 et
1421 3996 1550 4050 mori
1580 3994 1789 4064 cupido,
1817 3994 1902 4062 qui

289 4110 360 4163 de
390 4104 578 4160 habita
629 4103 969 4170 interrogatus
1025 4092 1241 4148 Nomini
1283 4088 1537 4161 negotium
1567 4086 1760 4157 fecerit.
1794 4084 1904 4139 Nec

289 4216 432 4256 vero
473 4192 831 4251 mnittendum
873 4187 1000 4244 illud
1048 4204 1061 4238 :
1112 4183 1276 4239 Plane
1329 4192 1556 4252 superest
1580 4220 1595 4245 ,
1650 4187 1701 4232 ut
1751 4177 1902 4231 etiant

289 4273 555 4364 martyrio
599 4299 832 4343 recusare
875 4280 1201 4334 meditemur.
1247 4273 1523 4329 Massitant
1563 4270 1775 4339 denique
1800 4279 1902 4322 tam

295 4359 490 4442 bonum
530 4389 578 4435 et
617 4380 823 4449 longam
867 4373 963 4428 sibi
1003 4385 1179 4441 pacem
1229 4363 1526 4437 periclitari.
1577 4359 1688 4416 Nec
1732 4361 1905 4413 dubito

294 4479 557 4554 quosdam
593 4473 874 4543 scripturas
897 4467 1168 4537 emigrare,
1200 4461 1430 4516 sarcinas
1455 4455 1722 4527 expedire,
1771 4455 1908 4524 fuga:

1998 1945 2163 2000 Lucio
2189 1945 2579 2000 Britanniarum
2609 1946 2751 2016 Rege
2778 1946 2934 2015 paulo
2961 1957 3085 2000 ante
3115 1961 3216 2016 ope
3241 1945 3299 2001 S.
3323 1945 3599 2001 Eleuthcri

1999 2039 2155 2108 Papa:
2180 2039 2245 2093 ad
2275 2037 2433 2093 tidem
2467 2053 2750 2102 converso,
2787 2037 2910 2093 item
2943 2037 3103 2093 etiam
3137 2038 3240 2094 illis
3271 2056 3282 2092 :
3312 2036 3598 2093 Britannia:

1997 2133 2130 2187 intra
2159 2130 2348 2186 Oceani
2367 2132 2494 2201 fines
2527 2130 2778 2185 conclusw
2807 2139 2943 2185 sunt.

2516 2265 2672 2321 Anno
2714 2264 2920 2319 Domini
2960 2278 3082 2319 ccx.

2057 2402 2147 2457 98.
2167 2401 2224 2458 S.
2243 2401 2534 2473 Zephyrini
2550 2400 2777 2455 Romani
2801 2400 3070 2455 Pontiticis
3093 2416 3164 2454 XI.
3189 2398 3372 2453 Severi
3402 2398 3597 2468 imper.

1997 2511 2109 2550 xvn
2155 2495 2223 2549 Μ.
2253 2493 2555 2550 AURliLlO
2571 2491 2872 2562 CLAUDIO
2894 2493 2963 2547 M.
2986 2491 3046 2546 F.
3081 2489 3488 2552 POMPEIANO,
3512 2489 3600 2544 ET

1997 2585 2338 2644 LOLLIANO
2360 2587 2568 2643 AVITO
2584 2586 2766 2642 COSS.
2795 2587 2979 2640 Romtc'
3002 2585 3176 2640 adhuc
3193 2585 3434 2639 existens
3461 2583 3602 2638 Ten-

1999 2695 2312 2736 TuLussus.
2339 2681 2621 2748 scripsisse
2649 2679 2779 2734 mihi
2802 2679 3006 2733 videtur
3032 2679 3220 2731 librum
3248 2694 3314 2732 DE
3333 2676 3604 2731 VELANDIS

2001 2772 2308 2830 VIRGINIBUS
2332 2816 2344 2835 ,
2387 2789 2543 2843 quem
2586 2772 2772 2828 Crtet-e
2811 2787 3021 2841 quoque
3061 2771 3316 2840 scriptum
3349 2786 3470 2824 esse
3516 2769 3602 2826 his

2001 2867 2197 2923 fatetur
2239 2867 2418 2922 verbis
2452 2884 2463 2917 :
2501 2865 2781 2936 Propriam
2821 2865 2929 2933 iam
2970 2865 3226 2935 negotium
3269 2880 3447 2933 passus
3478 2879 3602 2919 metu

2001 2960 2292 3029 Opinionis,
2346 2957 2528 3013 Latine
2580 2975 2778 3029 quoque
2827 2957 3090 3012 ostendam
3134 2957 3350 3027 virgines
3403 2968 3604 3012 nostras

2003 3053 2160 3107 velari
2179 3062 2431 3122 aportere.
2458 3050 2595 3118 (Lib.
2629 3051 2691 3104 de
2717 3049 2832 3105 Vel.
2862 3051 3050 3121 virg.c.
3085 3065 3101 3103 ι
3133 3050 3169 3119 ).
3207 3049 3280 3104 De
3307 3065 3412 3119 quo
3441 3064 3601 3121 argu-

2005 3154 2190 3200 mento
2215 3160 2359 3200 anno
2385 3144 2628 3212 sequenti
2676 3143 2854 3197 latius.
2901 3142 3190 3210 Scripsisse
3215 3142 3376 3196 etiam
3407 3142 3601 3197 verisi-

2004 3239 2130 3294 mile
2173 3247 2255 3293 est
2303 3236 2465 3304 paulo
2521 3245 2675 3306 post,
2736 3235 2842 3305 jam
2889 3231 3264 3304 Carthaginem
3300 3247 3602 3301 reversum,

2004 3331 2198 3386 librum
2257 3325 2618 3384 ADVERSUS
2666 3324 3031 3391 PltAXEAN,
3080 3327 3148 3380 de
3195 3341 3304 3396 quo
3356 3329 3600 3382 Auctor:

2004 3421 2114 3477 Iste
2137 3464 2152 3489 ,
2205 3420 2414 3492 inquit,
2450 3421 2642 3491 primas
2668 3436 2731 3474 ea:
2760 3420 2882 3473 Asia
2922 3419 3016 3472 hoc
3055 3435 3211 3489 genus
3260 3420 3604 3489 perversitatis

2005 3516 2173 3570 intulit
2206 3515 2424 3578 Romae;
2474 3515 2624 3568 homo
2674 3526 2720 3567 et
2775 3513 2908 3566 alias
2959 3513 3246 3582 inquietas,
3303 3514 3511 3583 insuper
3557 3523 3607 3568 et

2006 3612 2070 3663 de
2097 3609 2382 3680 jactatione
2409 3606 2654 3678 Μαι-[ιμ’ἱὶ
2694 3608 2903 3677 inflatus
2940 3607 3000 3659 ob
3038 3609 3201 3661 solum
3230 3616 3276 3660 et
3302 3608 3522 3676 simplex
3559 3618 3608 3662 et

2008 3705 2151 3758 breve
2178 3703 2393 3757 carceris
2419 3701 2646 3755 taedium.
2680 3699 3096 3755 Fructicaverant
3121 3718 3290 3755 avena:
3321 3701 3607 3757 Praxeante

2010 3799 2093 3853 hic
2117 3814 2313 3868 quoque
2339 3797 2557 3869 (nempe
2585 3797 2637 3850 in
2670 3794 2870 3867 Africa)
2896 3796 3327 3866 superscminatce.
3359 3797 3608 3850 traducta:

2008 3891 2192 3945 dehinc
2218 3907 2307 3960 per
2343 3906 2491 3960 quem
2523 3887 2664 3943 Deus
2688 3889 2843 3942 voluit
2889 3887 3168 3959 (quantum
3212 3899 3464 3960 apparet,
3509 3888 3610 3945 Ze-

2007 3985 2281 4057 phyriuum
2321 3983 2520 4054 Papam
2545 4026 2559 4047 ,
2602 3991 2785 4054 utpote
2812 3981 2879 4036 de
2909 3999 3013 4052 quo
3055 3982 3158 4037 tale
3199 3984 3287 4053 qui
3321 3983 3495 4038 tradat
3542 3983 3606 4038 Β.

2007 4076 2364 4148 Opt.Milevit.
2393 4076 2431 4130 l.
2451 4092 2489 4131 ι.
2515 4083 2698 4130 contra
2728 4072 3114 4146 Parmenian.),
3143 4075 3293 4128 etiam
3317 4076 3503 4130 evulsa:
3529 4077 3607 4129 vi-

2008 4169 2272 4224 debentur.
2322 4167 2552 4240 Denique
2593 4175 2793 4221 caverat
2833 4167 3101 4235 pristinatn
3140 4167 3318 4220 doctor
3345 4167 3408 4220 de
3433 4183 3606 4221 cmen-

2009 4261 2215 4316 datione
2239 4277 2359 4327 sua,
2394 4269 2442 4315 et
2472 4269 2640 4314 manet
2664 4259 3062 4330 chirographum
3097 4257 3237 4328 apud
3283 4257 3562 4329 Psychicos
3585 4302 3600 4324 ,

2010 4357 2149 4428 apud
2175 4373 2298 4427 quos
2320 4365 2436 4409 tunc
2469 4372 2548 4409 res
2570 4365 2709 4426 gesta
2738 4363 2810 4408 cst
2834 4395 2849 4419 ,
2895 4353 3077 4407 exinde
3104 4352 3381 4406 silentium.
3427 4354 3612 4408 Arena:

2010 4467 2127 4505 vero
2155 4449 2259 4503 illa:
2289 4450 2470 4520 ubique
2497 4458 2615 4502 tunc
2637 4465 2805 4502 semen
2828 4458 3171 4502 excusserant.
3201 4447 3282 4500 Ita
3309 4449 3610 4520 aliquandiu

297 4543 506 4644 accingi
537 4570 601 4623 de
628 4567 827 4621 civitate
855 4564 906 4617 in
944 4561 1214 4614 civitatem.
1241 4553 1378 4609 Novi
1403 4563 1448 4606 et
1479 4561 1705 4622 pastores
1731 4563 1905 4601 eorum
1932 4579 1986 4640 Β
2015 4561 2105 4616 per
2122 4544 2412 4616 hypocrisin
2439 4544 2651 4598 subdola
2680 4543 2944 4597 vivacitate
2969 4543 3207 4608 latitavit,
3227 4554 3272 4597 et
3293 4561 3426 4598 nunc
3443 4544 3609 4598 denuo

299 4671 355 4722 in
387 4680 522 4739 pace
550 4662 715 4716 leones
734 4699 750 4725 ,
796 4659 851 4711 in
880 4655 1057 4726 praelia
1088 4666 1278 4706 cervos.
1310 4646 1417 4703 Sed
1457 4646 1519 4699 de
1547 4643 1908 4711 qua’stionibus

299 4736 688 4831 confessionum
731 4750 854 4805 alibi
885 4745 1196 4802 docebimus.
1247 4742 1472 4796 Denotat
1515 4737 1656 4793 enim
1706 4736 1776 4790 ibi
1820 4744 1910 4789 ant

301 4830 508 4912 librum
535 4850 601 4905 de
626 4848 768 4918 Fuga
800 4846 852 4900 itt
884 4840 1282 4911 persecutione,
1313 4845 1407 4889 aut
1435 4831 1578 4904 quod
1609 4831 1779 4900 magis
1808 4830 1912 4900 pla-

307 4959 417 5013 cet,
435 4947 766 5002 Sconrtscoa
790 4950 1060 4994 sovcasvs
1081 4933 1395 4990 Gnosncos.
1418 4925 1562 4998 (Lib.
1582 4926 1697 4978 adv.
1727 4921 1908 4977 Gnost.

308 5053 354 5098 et
382 5058 435 5096 c.
463 5042 527 5106 ι),
549 5050 740 5105 nempe
765 5031 1042 5086 Prodicum
1074 5026 1418 5095 Scorpianum
1443 5031 1489 5074 et
1520 5019 1654 5074 alios
1693 5017 1913 5071 Valenti-

309 5137 499 5191 nianos
529 5130 893 5201 Martyriorum
922 5128 1292 5196 refragatores,
1320 5117 1408 5188 qui
1439 5119 1549 5186 jam
1581 5115 1631 5168 in
1681 5112 1911 5167 Africam

310 5229 616 5294 irrumpere
642 5227 945 5290 coeperant:
972 5214 1060 5286 (de
1088 5213 1280 5283 quibus
1301 5209 1476 5264 videat
1496 5207 1689 5262 Lector
1711 5207 1910 5260 Annot.

313 5313 728 5388 nostras)[lbid.
759 5329 804 5366 c.
832 5308 918 5382 1.].
953 5307 1215 5363 Fortassis
1238 5301 1598 5359 etiamlloma:
1629 5299 1907 5368 scriptum.

317 5411 374 5468 In
392 5426 459 5467 eo
476 5387 618 5465 enim
637 5406 768 5460 etde
783 5399 1140 5474 qutt’slionibas
1160 5395 1553 5467 confessionum,
1576 5389 1625 5444 id
1647 5401 1750 5455 est,
1774 5387 1914 5458 quod

315 5502 563 5561 conﬁteri
590 5499 865 5556 Christum
908 5507 1128 5549 necesse
1159 5490 1228 5544 sit
1253 5530 1265 5550 .
1294 5487 1553 5542 latissime
1585 5483 1830 5545 deducit.
1864 5491 1920 5536 et

319 5595 750 5672 persecutionem
780 5590 1018 5646 omnium
1050 5581 1416 5656 gravissimam
1444 5620 1458 5641 ,
1505 5594 1630 5648 qua:
1653 5575 1794 5630 dicta
1823 5590 1916 5629 oc-

318 5669 540 5747 casione
585 5694 708 5758 post
751 5683 963 5752 IOngzttn
998 5692 1182 5760 pacem
1215 5676 1420 5746 (utpote
1449 5686 1612 5741 quum
1648 5669 1828 5722 Ronnc
1859 5675 1914 5722 et

321 5788 376 5842 in
405 5783 588 5840 Africa
609 5782 676 5835 ad
703 5779 754 5834 id
800 5779 1056 5846 temporis
1099 5771 1254 5844 pauci
1290 5769 1538 5838 leguntur
1567 5763 1665 5818 sub
1714 5763 1917 5818 Severo

323 5879 468 5953 passi
516 5874 802 5947 martyres)
831 5868 1168 5926 recruduissc
1200 5863 1440 5929 videtur,
1476 5861 1556 5917 his
1585 5857 1762 5914 verbis
1791 5857 1916 5914 des-

688 5955 1121 6028 Tctt'ruLLum
1166 5958 1216 6019 Ι.

2013 4639 2175 4708 erupit
2202 4637 2342 4709 (adv.
2381 4635 2572 4702 Praua,
2597 4652 2641 4689 c.
2680 4635 2781 4706 l.).
2818 4635 2893 4688 Ex
2925 4635 3119 4704 quibus
3138 4635 3312 4690 verbis
3343 4638 3469 4691 satis
3512 4652 3608 4706 pa-

2017 4739 2129 4795 tet,
2158 4741 2211 4785 et
2254 4723 2536 4784 rcvﬂcasse
2581 4745 2730 4785 suam
2767 4729 2994 4782 hairesin
3039 4728 3324 4798 aliquando
3371 4729 3612 4783 Praxcan

2015 4823 2379 4895 disputatione
2408 4821 2633 4890 alicujus
2658 4821 2997 4876 emendatum
3028 4863 3042 4884 ,
3083 4820 3178 4874 sed
3208 4821 3395 4874 itcrnm
3433 4820 3613 4892 relap-

2017 4930 2133 4970 sum
2162 4915 2338 4969 denuo
2364 4915 2608 4984 erupisxe
2635 4955 2648 4978 ,
2693 4924 2745 4968 et
2784 4913 2908 4968 dum
2951 4913 3038 4968 hic
3086 4913 3220 4966 liber
3246 4914 3570 4968 scriberetur
3596 4955 3612 4977 ,

2017 5010 2191 5066 adltuc
2216 5009 2596 5079 snpervixissc.
2623 5007 2935 5078 Quanquam
2979 5008 3191 5060 interim
3217 5048 3231 5070 ,
3260 5007 3301 5059 si
3332 5013 3514 5060 verum
3544 5006 3619 5061 sit

2016 5101 2156 5174 quod
2183 5100 2328 5155 addit
2360 5099 2428 5154 de
2455 5099 2689 5153 Montani
2730 5099 3006 5170 prOphetia
3039 5098 3155 5167 ejus
3196 5113 3298 5165 ope
3345 5098 3568 5167 expulsa
3597 5141 3614 5165 ,

2018 5193 2446 5266 quandoquidem
2471 5193 2617 5248 illutn
2642 5192 2888 5248 ﬂoruisse
2909 5201 3114 5246 constet
3140 5190 3239 5244 Stlb
3258 5190 3617 5246 S.Eteutbero

2022 5291 2160 5359 l‘apa
2186 5330 2201 5354 ,
2235 5295 2476 5358 Oportcat
2498 5287 2606 5356 jam
2639 5302 2821 5340 senem
2856 5283 3016 5338 fuisse
3048 5284 3308 5337 Praxean.
3342 5283 3446 5337 Nos
3465 5292 3617 5336 certe

2021 5383 2236 5439 vixdum
2266 5382 2318 5437 in
2355 5399 2420 5437 eo
2451 5381 2592 5453 quod
2641 5379 2841 5434 dictum
2871 5386 2954 5432 est
2979 5420 2992 5435 .
3025 5377 3241 5431 Auctori
3275 5376 3432 5430 (idem
3462 5376 3618 5431 adhi-

2024 5475 2252 5532 bendam
2283 5484 2567 5545 putamus;
2603 5481 2710 5525 tum
2749 5471 2888 5539 quod
2929 5468 2986 5524 S.
3022 5468 3280 5523 Paciauus
3331 5468 3446 5523 lucc
3486 5483 3613 5523 vera

2024 5572 2222 5627 scribat
2261 5570 2327 5624 de
2377 5567 2642 5622 haereticis
2683 5564 3099 5635 cataphrygibus
3140 5581 3152 5616 :
3202 5581 3220 5612 ι
3262 5563 3328 5616 Et
3386 5563 3617 5632 primum

2026 5665 2076 5720 hi
2104 5665 2340 5733 pluribus
2371 5661 2611 5715 nituntur
2657 5657 3012 5721 Auctoribus;
3061 5673 3180 5709 nam
3233 5666 3355 5725 puta
3403 5654 3622 5710 Gt'mcus

2024 5757 2239 5813 Blastus
2279 5754 2513 5826 ipsorum
2543 5759 2664 5816 cst;
2699 5748 3008 5804 'l‘licodotus
3037 5763 3250 5819 quoque
3293 5759 3345 5802 et
3392 5746 3623 5803 Praxeas

2032 5863 2242 5908 vestros
2271 5843 2556 5918 aliquando
2585 5843 2918 5900 docuerunt:
2963 5862 2978 5893 i
3013 5853 3144 5907 tttm,
3176 5840 3319 5912 quod
3368 5841 3480 5912 ipse
3511 5842 3624 5897 Au-

2931 5935 3184 6016 (Trois.)
