4082 6338
503 354 572 410 75
1787 338 2246 403 TERTULLIANI
2288 342 2469 401 VITA.
3732 342 3805 404 76

501 484 657 542 ctor,
708 483 1062 544 prteterquam
1111 467 1254 543 quod
1314 467 1422 524 illic
1495 466 1781 539 subjungat
1843 476 2093 537 tanquam
2121 459 2176 522 Α
2205 461 2384 533 (quam
2416 478 2511 534 pro
2531 465 2895 521 zeloetiamin
2923 465 3120 521 sanctis
3157 462 3561 537 aguoscitidem
3585 462 3645 520 Β.
3674 464 3803 520 Ilie-

506 570 794 641 discipulos
821 568 1054 623 Blastunt
1081 609 1096 633 ,
1123 575 1172 622 et
1203 565 1518 620 Theodotum
1541 606 1556 630 ,
1599 573 1645 617 et
1670 561 1908 618 Praxean
1931 602 1945 625 ,
1974 574 2098 615 cum

516 659 772 715 Victorino
799 702 812 726 ,
869 659 972 713 illis
1002 659 1090 729 qui
1142 656 1420 712 secundum
1457 653 1756 710 jEschinem
1799 652 2100 724 pronuntia-

499 752 685 807 bantur
723 750 967 808 eamdem
1019 749 1245 806 hmresin
1293 748 1574 814 attribuit,
1605 755 1660 804 ct
1704 746 1806 802 hoc
1831 745 1966 800 libro
1994 744 2096 799 im-

503 853 720 917 pugnat.

968 982 1127 1038 Anno
1167 979 1380 1038 Domini
1419 994 1561 1038 ccxx.

573 1117 744 1191 μιν.
789 1118 920 1192 Ejus
985 1118 1283 1190 defectionis
1348 1125 1545 1187 tempus
1599 1123 1643 1170 et
1681 1129 1855 1168 causa.
1903 1143 1974 1154 —
2003 1111 2096 1167 29.

2203 571 2456 629 ronymus
2483 557 2654 629 Epist.
2688 559 2755 615 ad
2781 561 2992 616 Damas.
3021 559 3090 616 de
3123 559 3346 630 prodigo
3372 567 3423 614 et
3451 558 3589 630 frugi
3620 557 3768 630 filiis)
3787 601 3803 624 ,

2206 649 2302 704 sed
2324 662 2379 707 et
2405 653 2848 708 contumeliarum
2883 653 3285 709 nomenclatura
3332 653 3445 725 ipse
3476 652 3806 708 traduceret.

2203 742 2311 799 Nos
2357 745 2576 816 itaque.
2631 747 2674 802 si
2718 746 2843 818 quid
2889 747 2940 802 in
2987 761 3046 802 re
3094 737 3295 802 incerta
3328 745 3570 802 divinare
3607 745 3804 813 liceat,

2202 838 2519 907 conjicimus
2566 839 2958 906 Tertullianum,
2995 849 3116 911 post
3155 841 3359 896 obitum
3401 839 3714 912 Agrippini,
3752 840 3809 896 in

2205 931 2498 987 obtinendo
2529 935 2854 1005 Episcopatu
2902 935 3331 1005 Carthaginiensi
3381 935 3648 1005 repulsam
3679 950 3810 1006 pas—

2205 1037 2322 1078 sum
2355 1024 2598 1082 fortassis
2629 1027 2823 1082 invidia
2856 1026 3185 1083 Clericorum
3217 1027 3568 1099 quorumdam
3620 1027 3813 1084 Eccle-

2203 1116 2297 1171 site
2326 1117 2582 1174 Romamn
2611 1163 2625 1186 ,
2677 1137 2705 1176 a
2753 1121 2945 1192 quibus
2990 1121 3214 1192 proinde
3255 1123 3416 1178 etiam
3466 1122 3809 1178 contumeliis

519 1211 870 1283 S.Zephirini
900 1211 1056 1283 Papa:
1099 1211 1322 1266 Romani
1366 1227 1460 1266 xu.
1484 1207 1840 1266 Severixvnt.
1864 1205 1931 1260 Μ.
1955 1204 2096 1260 ACI-
2129 1211 2156 1236 ’
2203 1207 2429 1266 affectus
2453 1253 2468 1275 ,
2521 1213 2586 1267 ad
2621 1223 2797 1283 partes
2826 1214 3056 1270 Montani
3086 1214 3394 1272 desciverit.
3441 1215 3597 1271 Certe
3643 1216 3804 1271 fomi-

503 1306 614 1362 LIO
633 1306 700 1362 Μ.
720 1306 778 1361 F.
799 1306 868 1361 Μ.
893 1305 955 1361 Ν.
984 1305 1350 1363 FAUSTINO.
1376 1305 1465 1361 ET
1495 1303 1557 1360 C.
1587 1300 1919 1358 CAESONIO.
1944 1299 2006 1354 C.
2033 1299 2096 1355 F.

499 1397 781 1456 TRIARIO
834 1399 1107 1455 RUFINIO
1158 1398 1342 1457 COSS.
1393 1398 1721 1468 completum
1771 1395 1903 1462 fuit,
1954 1392 2096 1464 quod

497 1495 739 1550 scribunt
768 1503 886 1564 post
933 1494 1200 1550 Auctorcs
1230 1493 1587 1564 supracitatos
1638 1487 1994 1546 Cassiodorus
2041 1487 2093 1541 in

497 1587 785 1652 Chronico,
817 1596 869 1643 et
897 1586 1032 1642 Ven.
1063 1585 1202 1641 Beda
1234 1585 1420 1640 histor.
1455 1583 1662 1640 Eccles.
1696 1581 1788 1636 lib.
1821 1596 1858 1635 ι.
1893 1593 2010 1650 cap.
2035 1579 2093 1634 5.

497 1679 565 1735 de
593 1678 796 1736 Severo
817 1721 830 1746 ,
863 1678 1006 1750 quod
1034 1677 1230 1733 vallum
1277 1676 1483 1732 crebris
1525 1673 1763 1730 turribus
1791 1673 2094 1727 communi-

497 1783 609 1829 tum
652 1775 702 1830 in
733 1773 1042 1838 Britannia,
1076 1788 1170 1844 per
1199 1783 1414 1828 centum
1444 1780 1498 1826 et
1520 1769 1747 1840 amplius
1777 1767 1942 1822 millia
1971 1780 2095 1837 pas-

2205 1313 2308 1358 tcm
2341 1305 2444 1359 illis
2488 1305 2700 1360 invidia:
2751 1296 3128 1362 administrare
3163 1318 3451 1379 potuerunt
3480 1307 3579 1362 loci
3600 1307 3807 1379 aliquot

2201 1395 2255 1450 in
2309 1395 2459 1450 libris
2503 1396 2935 1468 praecedentibus
2967 1416 2980 1454 :
3009 1398 3201 1470 quibus
3252 1399 3408 1455 tacite
3450 1399 3804 1470 quorumdam

2198 1489 2556 1556 Clericorum,
2592 1492 2834 1546 fortassis
2862 1493 3250 1558 Romanorum,
3281 1493 3405 1548 vitia
3434 1493 3802 1564 reprehendit,

2208 1597 2317 1636 non
2341 1583 2498 1638 aliter
2525 1593 2684 1653 atque
2710 1584 3048 1654 postmodum
3081 1585 3185 1639 BB.
3231 1585 3555 1659 Hieronymo
3583 1597 3632 1642 et
3660 1586 3802 1642 Pan-

2205 1675 2317 1731 lino
2367 1676 2560 1732 accidit
2605 1678 2792 1733 eadem
2839 1679 2906 1734 de
2962 1694 3119 1735 causa
3144 1679 3228 1750 (L.
3255 1681 3319 1736 de
3367 1681 3539 1752 Spect.
3573 1699 3619 1736 c.
3652 1681 3800 1755 25.);

2202 1769 2472 1841 Imprimis
2501 1771 2570 1828 de
2599 1771 3029 1844 frequentatione
3050 1776 3474 1845 spectaculorum
3507 1794 3520 1830 :
3545 1775 3652 1833 Sed
3677 1776 3806 1833 Tra-

494 1883 649 1923 suum
678 1867 746 1924 de
777 1868 909 1922 mari
941 1866 1006 1922 ad
1055 1841 1202 1922 mare
1249 1864 1586 1936 perduxerit,
1623 1871 1678 1918 ut
1724 1870 1928 1934 partem
1961 1873 2088 1930 pro-
2127 1841 2174 1902 Β
2217 1866 2382 1936 gurdo,
2435 1867 2624 1938 inquit,
2667 1841 3008 1938 vociferante,
3038 1841 3430 1924 acclamationes
3471 1869 3558 1924 ille
3584 1871 3802 1942 (nempe

492 1963 681 2018 vinciac
737 1963 962 2034 graviss.
994 1961 1192 2033 procliis
1240 1971 1508 2031 receptam
1559 1973 1587 2013 a
1641 1959 1850 2014 caneris
1887 1957 2086 2013 raceret.

492 2057 822 2112 securiorem
849 2099 864 2122 ,
904 2071 998 2126 pro
1023 2071 1130 2126 quo
1159 2054 1285 2110 facit
1309 2054 1469 2110 ctiam
1500 2053 1585 2109 lex
1625 2053 1810 2110 Severi
1836 2061 1890 2108 et
1923 2053 2089 2106 Anto-

493 2148 603 2203 nini
644 2151 814 2220 Augg.
861 2147 1091 2203 Eboraci
1137 2149 1240 2203 lata
1289 2147 1391 2202 hoc
1435 2145 1725 2202 Consulatu
1752 2144 1890 2200 Non.
1920 2143 2088 2212 Maii,

491 2259 611 2316 quae
669 2252 817 2299 extat
861 2242 998 2299 Cod.
1031 2243 1124 2300 lib.
1159 2244 1212 2300 5.
1256 2242 1363 2300 Tit.
1408 2241 1497 2299 32.
1539 2241 1634 2297 lib.
1686 2258 1724 2296 ι.
1765 2241 1924 2296 Certe
1963 2251 2092 2296 tunc

493 2337 726 2407 primum
757 2337 999 2408 leguntur
1031 2338 1409 2410 Inscriptiones
1435 2337 1629 2408 quibus
1671 2337 1968 2409 appellatur
1991 2336 2088 2392 Se-

488 2447 648 2488 verus
691 2431 1141 2489 BIlITANNICUS
1179 2431 1348 2488 MAX.
1392 2430 1571 2487 TRIB.
1609 2430 1761 2488 POT.
1805 2429 1994 2487 XVIII.
2025 2444 2090 2486 ac

488 2525 794 2580 Autoliinus
841 2525 1161 2592 BRITANN.
1215 2525 1393 2582 TRIB.
1447 2524 1600 2582 POT.
1649 2525 1786 2582 XIII.
1832 2525 1969 2581 IMP.
2023 2523 2084 2578 II.

485 2614 632 2671 COS.
671 2614 755 2671 III.
797 2615 1027 2686 denique
1064 2627 1117 2672 et
1160 2617 1245 2672 illa
1279 2634 1291 2670 :
1327 2618 1388 2674 1³.
1442 2615 1637 2672 SEPT.
1687 2615 1872 2672 GETA
1937 2614 2091 2672 PIUS

485 2709 649 2768 AUC.
686 2710 865 2765 BRIT.
893 2709 1072 2766 TRIB.
1103 2711 1252 2768 POT.
1287 2710 1376 2766 III.
1400 2708 1548 2768 COS.
1579 2709 1642 2765 II.
1666 2726 1772 2765 uno
1803 2725 1865 2784 ex
1896 2709 2086 2774 latere,

474 2815 539 2856 'ct
570 2819 634 2857 ex
664 2803 892 2860 adversa
945 2815 1137 2875 parte:
1183 2801 1534 2860 VICTORIAE
1577 2802 1848 2860 BRITAN.
1896 2802 2087 2874 Utpote

486 2911 649 2965 quum
695 2898 882 2953 tertius
929 2896 1090 2954 fuerit
1139 2897 1396 2954 duntaxat
1445 2898 1546 2954 iste
1589 2913 1801 2964 annus,
1843 2914 1906 2952 ex
1980 2913 2087 2969 quo

485 2989 619 3045 Geta
669 2990 1023 3047 Tribunitiam
1070 3001 1388 3062 potestatem
1430 3007 1552 3048 cum
1601 2991 1812 3048 caeteris
1862 2989 2077 3060 Imperii

488 3083 785 3156 insignibus
816 3095 1114 3156 acceperat.
1152 3085 1319 3141 Porro
1349 3084 1449 3142 hoc
1475 3084 1587 3141 fere
1623 3099 1765 3138 anno
1793 3083 2084 3154 contigisse

488 3195 771 3284 f‘ensemus
797 3222 810 3248 ,
843 3179 1009 3284 .quod
1074 3180 1141 3284 de
1191 3177 1676 3284 TERTULLIAIEO
1705 3179 1974 3284 scribunt
2109 3220 2154 3284 Ο

487 3269 706 3327 Ilieron.
731 3272 1068 3344 Sophronius
1095 3272 1269 3330 Catal.
1297 3273 1556 3344 Scriptor.
1594 3272 1741 3329 Eccl.
1765 3287 1828 3328 ac
1857 3270 2080 3344 Niceph.

483 3365 578 3421 lib.
610 3366 665 3421 4.
690 3382 807 3438 cap.
840 3368 924 3423 12.
954 3383 1017 3423 ac
1047 3369 1134 3425 54.
1165 3385 1328 3440 quum
1372 3384 1540 3442 usque
1582 3369 1648 3424 ad
1681 3367 1908 3424 mediam
1956 3379 2086 3424 mta-

488 3471 594 3514 tem
623 3458 675 3515 in
701 3459 845 3516 Eccl.
874 3457 1151 3515 Catholica
1181 3461 1463 3533 presbyter
1494 3461 1808 3533 permansit,
1839 3460 1906 3515 ad
1928 3459 2077 3515 Mon-

486 3553 596 3608 tani
641 3553 834 3626 dogma
859 3554 1158 3625 delapsum.
1189 3553 1569 3610 Verumtamen
1614 3570 1805 3626 magna
1833 3562 1916 3610 est
1944 3551 2084 3608 diffi-

484 3646 655 3700 cultas
677 3688 692 3713 ,
723 3645 993 3718 quomodo
1019 3648 1221 3703 scribat
1241 3647 1300 3702 B.
1331 3647 1552 3703 Hieron.
1583 3647 1632 3703 id
1662 3647 1856 3702 factum
1887 3647 2082 3702 invidia

483 3751 537 3794 et
563 3741 899 3797 contumeliis
925 3740 1256 3798 Clericorum
1285 3742 1441 3798 Rom.
1468 3743 1681 3799 Eccl.ac
1703 3743 2038 3815 SephrOuius
2063 3761 2076 3797 :

483 3843 628 3905 ςάοὸνῳ
672 3845 753 3888 καὶ
796 3844 1204 3907 προπηλακισμοῖς
1274 3849 1362 3889 τῶν
1414 3847 1643 3908 nuptiali»
1691 3854 1775 3900 τῆς
1820 3844 1864 3892 ἐν
1909 3834 2078 3909 Ῥώμῃ

482 3931 733 3989 induciet;
762 3967 777 3995 ,
821 3937 876 3982 et
928 3927 1193 3999 interpres
1241 3925 1526 4000 Niccpltori
1561 3946 1575 3985 :
1607 3948 1624 3981 ι
1667 3939 1886 4001 prapter
1934 3929 2078 3985 Cleri

483 4016 708 4073 Romani
734 4018 1021 4088 invidiam;
1053 4041 1074 4075 ι
1110 4022 1403 4092 praesertim
1433 4037 1594 4092 quum
1624 4022 1691 4078 de
1719 4038 1784 4078 eo
1811 4038 2075 4094 nusquam

482 4122 841 4180 conqueratur
871 4114 1068 4168 Auctor
1095 4113 1257 4191 etiam
1299 4114 1352 4169 in
1398 4115 1490 4170 lib.
1520 4115 1724 4171 'adver.
1778 4115 2074 4172 Ecclesiam

481 4204 697 4274 scriptis
723 4248 738 4272 ,
771 4207 1006 4264 maxime
1035 4223 1198 4278 quum
1227 4223 1443 4263 causam
1489 4207 1633 4262 illam
1685 4209 1918 4265 reticens
1949 4208 2078 4264 Vin-

482 4300 690 4353 centius
730 4298 1063 4369 Lirinensis,
1111 4301 1209 4355 etsi
1260 4300 1322 4356 Β.
1375 4299 1590 4356 llieron.
1623 4301 1928 4374 posterior,
1971 4318 2078 4359 non

480 4391 624 4445 aliud
655 4392 833 4460 dicat,
865 4407 1023 4464 quam
1077 4392 1615 4459 TERTULLIANUM
1659 4393 1922 4452 Catholici
1949 4395 2079 4468 dog-

483 4485 642 4539 matis
667 4495 720 4541 et
744 4496 966 4542 vetusta:
994 4486 1116 4544 fidei
1142 4505 1330 4560 parum
1357 4498 1619 4557 tenacem,
1643 4505 1705 4546 ac
1735 4490 2076 4547 disertiorem

2212 1962 2402 2034 aliquis
2426 1961 2493 2017 de
2520 1959 2698 2034 Clero)
2729 1963 2948 2034 alicujus
2993 1960 3264 2034 PrOpheta:
3303 1963 3611 2019 retractabit.
3654 1962 3802 2018 Inter

2197 2054 2589 2123 eieminationis
2623 2055 2820 2123 modos,
2857 2053 3125 2110 Psalmum
3155 2073 3324 2110 secum
3341 2057 3756 2112 comminiscetur
3779 2074 3800 2124 ;

2197 2159 2246 2204 et
2271 2165 2425 2218 quum
2451 2148 2654 2203 athleta:
2677 2157 2850 2219 agent,
2898 2149 2987 2203 ille
3011 2149 3240 2203 dicturus
3267 2159 3338 2204 est
3359 2149 3797 2220 repercutiendum

2198 2260 2298 2298 non
2325 2260 2470 2309 esse;
2497 2244 2678 2315 poterit
2720 2253 2765 2297 et
2817 2243 2880 2297 dc
2908 2243 3250 2298 misericordia
3277 2243 3465 2297 moveri
3507 2244 3705 2314 deﬁxus
3742 2245 3798 2299 in

2197 2351 2394 2392 morsus
2434 2353 2669 2391 ursorum
2694 2346 2740 2388 et
2785 2336 3026 2408 spongias
3052 2336 3396 2389 retiariorum.
3423 2335 3625 2390 Avertat
3657 2335 3796 2392 Dens

2191 2445 2223 2482 a
2250 2430 2354 2482 suis
2375 2439 2565 2482 tantam
2591 2429 2860 2499 voluptatis
2887 2428 3112 2482 exitiosa:
3136 2429 3488 2498 cupiditatem.
3524 2429 3690 2497 Quale
3718 2438 3794 2484 est

2194 2518 2654 2586 enim,deEcclesia
2663 2519 2755 2574 Dei
2766 2521 2818 2574 in
2836 2517 3117 2574 Ecclesium
3139 2519 3325 2574 diaboli
3341 2521 3566 2575 tendere?
3585 2521 3648 2575 de
3664 2522 3792 2576 caelo

2198 2613 2361 2687 (quod
2391 2615 2558 2685 aiunt)
2589 2616 2640 2667 in
2667 2629 2862 2668 aenum
2885 2615 2911 2668 Ρ
2934 2613 3050 2668 illas
3074 2629 3253 2667 manus
3272 2629 3398 2685 quas
3418 2613 3486 2667 ad
3511 2611 3792 2668 Demittunt

2193 2708 2431 2762 extuleris
2449 2750 2463 2775 ,
2495 2709 2815 2779 postmodum
2841 2707 3101 2761 laudando
3125 2707 3424 2762 histrionem
3461 2707 3748 2780 defatigare
3766 2708 3792 2761 Ρ

2191 2819 2253 2857 ea:
2291 2818 2377 2856 ore
2413 2818 2511 2872 quo
2561 2801 2721 2856 Amen
2773 2802 2824 2856 in
2873 2811 3102 2856 sanctum
3161 2802 3429 2871 protuleris
3454 2843 3470 2868 ,
3516 2801 3791 2873 gladiatori

2192 2895 2532 2951 testimonium
2606 2896 2858 2951 reddere?
2899 2901 2964 2958 si;
3031 2896 3204 2958 «iam;
3273 2895 3388 2951 aliis
3447 2897 3653 2951 omnino
3711 2896 3793 2949 di-

2189 3005 2332 3054 cere,
2367 2989 2464 3044 nisi
2494 2987 2603 3042 Deo
2630 2988 2828 3044 Christo
2850 2987 2874 3040 .’
2897 2988 2934 3043 Ι.
2964 2987 3027 3042 de
3076 2985 3214 3042 Idol.
3255 3005 3301 3042 c.
3357 2989 3412 3043 7.
3449 2985 3539 3060 (L.
3575 2987 3638 3042 de
3666 2987 3785 3043 Cor.

2190 3081 2338 3136 milit.
2389 3081 2485 3153 1.).
2515 3081 2648 3137 Item
2679 3081 2806 3137 illud
2853 3083 2905 3137 in
2961 3081 3210 3137 Artifices
3263 3081 3528 3140 ldolorum
3559 3099 3578 3138 :
3610 3081 3743 3139 Tota
3771 3127 3787 3154 ,

2191 3178 2360 3250 inquit
2387 3177 2518 3246 ,-die
2556 3179 2622 3231 ad
2655 3177 2786 3232 hanc
2826 3184 3019 3248 portent
3060 3177 3196 3232 zelus
3249 3177 3370 3246 fidei
3416 3177 3671 3248 perorabit
3709 3178 3792 3232 itt-

2189 3290 2392 3345 gemens
2432 3271 2780 3327 Christianum
2808 3272 2870 3326 ab
2905 3270 3066 3326 Idalis
3092 3271 3144 3325 in
3175 3270 3459 3326 Ecclesium
3479 3273 3645 3328 venire
3665 3316 3681 3342 ,
3711 3273 3792 3329 his

2190 3365 2427 3420 manibus
2455 3365 2672 3419 adorare
2691 3407 2704 3430 ,
2731 3379 2847 3435 quae
2875 3364 3000 3434 [oris
3028 3364 3270 3419 adversus
3295 3363 3456 3419 Deum
3485 3367 3786 3434 adorantur,

2191 3476 2374 3515 manus
2395 3460 2662 3514 admovere
2691 3459 2892 3528 corpori
2932 3455 3142 3512 Domini
3165 3500 3181 3525 ,
3223 3444 3340 3529 quia
3376 3457 3642 3514 dtemoniis
3670 3477 3788 3514 cor-

2191 3571 2322 3625 pora
2357 3552 2646 3623 conferunt.
2685 3549 2794 3604 Nec
2831 3551 2924 3605 hoc
2949 3550 3150 3621 snﬂicit.
3183 3548 3382 3606 Parum
3407 3552 3490 3618 sit,
3519 3552 3561 3608 si
3586 3552 3651 3606 ab
3672 3553 3791 3608 aliis

2187 3647 2420 3701 manibus
2445 3646 2698 3716 accipiant
2723 3645 2857 3716 quod
2886 3646 3252 3710 contaminant,
3283 3645 3372 3700 sed
3415 3646 3544 3717 ipsa:
3584 3647 3790 3701 tradant

2186 3741 2303 3795 aliis
2359 3741 2493 3811 quod
2558 3738 3044 3793 contaminaverunt.
3100 3737 3404 3808 Alleguntnr
3453 3739 3507 3793 in
3557 3738 3789 3794 ordinent

2184 3831 2599 3886 Ecclesiasticum
2620 3831 2853 3899 Artiﬁces
2881 3819 3183 3884 ldolorutn.‘
3204 3827 3343 3884 Proh
3376 3829 3540 3885 scelus
3567 3831 3587 3883 .'
3615 3829 3790 3884 Semel

2183 3922 2356 3979 Juda'i
2385 3940 2565 3977 ntanus
2607 3920 2808 3978 Christo
2838 3922 3151 3989 intulerunt,
3201 3921 3288 3976 isti
3333 3923 3558 3992 quotidie
3600 3939 3790 3994 corpus

2183 4020 2294 4090 ejus
2325 4019 2599 4074 lacessunt.
2635 4017 2679 4072 Ο
2711 4034 2891 4072 manus
2941 4016 3364 4087 praescindettdte!
3388 4016 3620 4072 Rursum
3651 4016 3787 4072 illud

2183 4114 2252 4168 de
2280 4111 2589 4167 I’astoribus
2645 4112 2696 4165 in
2757 4110 3134 4181 persecutione
3193 4109 3516 4182 fugientibus
3561 4129 3575 4166 :
3613 4109 3784 4166 Plane

2185 4218 2414 4278 superest
2458 4215 2512 4260 ut
2557 4205 2708 4260 etiam
2758 4205 3001 4275 martyrio
3063 4220 3297 4260 recusare
3343 4205 3609 4258 meditetur
3636 4247 3650 4272 ,
3694 4204 3788 4274 qui

2186 4299 2494 4370 Prophetias
2551 4297 2778 4370 ejusdem
2828 4297 3054 4370 Spiritus
3105 4298 3266 4353 sancti
3316 4299 3509 4370 respuit
3543 4313 3562 4354 :
3591 4298 3708 4353 novi
3738 4308 3789 4354 et

2187 4393 2432 4450 Pastorcs
2457 4395 2610 4449 etiam
2649 4409 2824 4448 eornnt
2849 4393 2903 4446 in
2927 4409 3052 4463 pace
3079 4393 3266 4458 leones,
3299 4393 3351 4447 in
3381 4393 3560 4464 praelia
3589 4409 3782 4448 cereos.

2185 4489 2425 4561 Denique
2465 4487 2533 4544 de
2579 4487 2821 4543 velandis
2865 4485 3172 4558 Virginibus
3200 4503 3219 4542 :
3248 4486 3404 4542 Illam
3457 4489 3787 4544 consuetudi-

481 4576 649 4632 mullo
675 4595 832 4650 quam
864 4577 1157 4637 feliciorem
1183 4624 1196 4648 ,
1229 4589 1430 4639 mutata
1458 4584 1721 4640 sententia
1753 4584 1804 4639 in
1832 4598 2073 4641 errorem
2099 4599 2156 4663 D
2184 4601 2299 4638 nem
2354 4602 2467 4656 quae
2504 4587 2721 4659 virgines
2778 4595 2965 4660 negat,
3013 4587 3134 4641 dum
3178 4587 3432 4655 ostendit,
3479 4603 3624 4642 nemo
3661 4604 3786 4656 pro-

479 4669 792 4743 delaps'um,
838 4689 1083 4746 magnam
1116 4676 1279 4732 fuisse
1327 4677 1378 4732 in
1420 4677 1658 4734 Ecclesia
1701 4679 2070 4737 tentationem.

479 4760 648 4830 Quem
675 4765 913 4820 imitatur
934 4766 1115 4824 Abbas
1141 4767 1493 4826 Trithemius.

548 4857 637 4914 50.
696 4858 790 4914 Est
842 4859 1055 4930 quidam
1095 4861 1186 4932 qui
1229 4861 1437 4917 invidiae
1472 4863 1709 4933 {causam
1763 4862 1925 4920 fuisse
1978 4879 2076 4936 pu-

480 4961 560 5008 tet
583 4953 800 5008 Auctori
831 4954 1213 5025 eloquentiam.
1239 4955 1481 5013 Rhenani
1499 4957 1885 5028 conjecturam,
1915 4973 2079 5028 quan-

480 5046 674 5102 tumvis
700 5059 1337 5120 suspectatn,sequuntur
1361 5049 1521 5105 etiam
1548 5049 1806 5105 Catholici
1834 5049 2072 5121 quidam,

477 5137 566 5207 qui
579 5139 914 5209 suspicantur
927 5140 1072 5195 illum
1087 5140 1248 5212 quuin
1263 5141 1414 5198 initio
1426 5139 1607 5198 favere
1617 5142 1870 5214 ccepisset
1883 5142 2075 5200 btrresi

480 5230 928 5300 Montani,statim
951 5235 1204 5292 Ecclesia:
1233 5236 1609 5296 communione
1635 5237 1898 5309 privatum
1927 5237 2074 5309 prius

479 5338 637 5391 quam
652 5339 706 5380 se
726 5335 892 5381 totum
907 5324 1319 5398 dedcret,qnare
1336 5335 1636 5384 commotus
1661 5327 1749 5384 ille
1775 5343 1994 5400 prorsus
2020 5330 2071 5384 in

477 5400 712 5469 Montani
751 5426 927 5484 partes
952 5417 1243 5474 transierit.
1267 5417 1469 5474 Verum
1495 5433 1602 5474 non
1625 5417 1782 5475 video
1803 5419 2072 5490 quomodo

480 5507 1100 5566 Excommunicationetn
1148 5511 1616 5579 Ecclesiasticam,
1661 5529 1817 5582 quam
1874 5514 2073 5570 Auctor

476 5601 701 5656 divinant
729 5619 994 5658 censuram
1031 5614 1078 5657 et
1105 5606 1266 5676 futuri
1285 5605 1472 5676 judicii
1503 5607 1860 5678 pra’jndiciuut
1891 5608 2073 5678 appel-

475 5695 552 5751 lat
571 5697 807 5769 (Apolog.
829 5714 874 5753 c.
903 5697 1041 5766 59.),
1064 5697 1126 5751 Β.
1156 5713 1284 5754 vero
1302 5698 1521 5754 Hieron.
1556 5699 1729 5768 Epist.
1756 5700 1821 5755 ad
1857 5701 2065 5756 lleliod.

484 5804 502 5838 t
539 5798 662 5844 ante
682 5789 822 5844 diem
844 5789 1029 5859 judicii
1061 5789 1317 5859 judicium
1365 5806 1472 5860 quo
1497 5791 1698 5860 eiectus
1723 5792 1788 5848 dc
1829 5792 2064 5848 Ecclesia

475 5879 660 5938 rabido
689 5879 947 5940 daemonis
972 5897 1066 5941 ore
1092 5881 1433 5954 discerpitur,
1473 5901 1491 5935 t
1530 5900 1636 5941 nou
1658 5885 1829 5942 solum
1863 5885 2073 5945 invidias

2183 4678 2382 4746 basset,
2433 4679 2531 4733 nisi
2576 4679 2736 4751 aliqui
2780 4681 2904 4736 tales
2947 4679 3120 4751 quales
3168 4680 3385 4752 virgines
3442 4681 3586 4750 ipsae.
3630 4677 3784 4736 Tales

2181 4772 2313 4831 enim
2333 4771 2468 4828 oculi
2494 4773 2656 4828 volent
2684 4774 2927 4845 virginem
2957 4773 3152 4842 visam,
3207 4777 3382 4844 quales
3432 4774 3579 4828 habet
3636 4774 3782 4845 virgo

2180 4880 2295 4935 qua:
2338 4864 2497 4920 videri
2534 4867 2681 4922 uolet.
2714 4865 2939 4920 Invicem
2968 4883 3021 4922 se
3068 4867 3244 4921 eadem
3282 4866 3546 4922 oculorum
3593 4882 3785 4938 genera

2183 4955 2490 5012 desiderant.
2571 4957 2820 5031 Ejusdem
2885 4959 3111 5014 libidinis
3176 4968 3249 5014 est
3310 4959 3474 5014 videri
3562 4969 3608 5014 et
3698 4961 3782 5013 vi-

2185 5051 2304 5106 dere
2333 5050 2496 5120 (Ibid.
2558 5053 2598 5106 ι.
2651 5053 2715 5107 de
2778 5052 2995 5108 Veland.
3056 5054 3187 5126 virg.
3248 5070 3362 5125 cap.
3395 5051 3502 5125 2.).
3574 5053 3784 5109 Auctor

2180 5144 2550 5199 commentarii
2593 5143 2649 5200 S.
2693 5144 2980 5200 Ambrosio
3030 5145 3248 5215 ascripti
3293 5146 3344 5200 in
3397 5145 3574 5216 Epist.
3628 5144 3784 5202 Pauli

2179 5233 2389 5290 videtur
2437 5235 2780 5308 interpretari
2839 5236 3110 5293 invidiam
3142 5238 3284 5292 illam
3318 5279 3333 5304 ,
3385 5239 3536 5310 quasi
3591 5236 3787 5294 fuisset

2176 5329 2347 5399 ipsius
2365 5331 2612 5387 Auctoris
2642 5332 2694 5386 in
2712 5331 2926 5388 Clerum
2942 5332 3263 5388 Romanum.
3283 5331 3371 5388 Sic
3394 5333 3558 5396 enim,
3583 5331 3781 5402 inquit,

2177 5421 2280 5478 Per
2334 5422 2588 5479 invidiam
2640 5423 2956 5480 charitatem
3010 5434 3448 5495 corrumpentes,
3498 5423 3784 5480 scientiam

2177 5515 2242 5571 ad
2272 5515 2499 5571 nihilum
2528 5515 2890 5572 deduxerunt.
2916 5515 3046 5572 Nam
3073 5527 3127 5572 et
3148 5516 3513 5573 Tertullianus
3533 5526 3585 5572 et
3606 5514 3788 5572 Nova-

2178 5608 2353 5664 tianus
2377 5625 2486 5664 non
2515 5625 2689 5680 parvas
2721 5611 2959 5666 scientiae
2990 5609 3225 5678 fuerunt;
3262 5611 3356 5666 sed
3396 5610 3520 5682 quia
3565 5626 3664 5682 per
3689 5627 3786 5668 ze-

2180 5700 2290 5756 lum
2329 5701 2603 5758 charitatis
2632 5701 2832 5758 hedera
2867 5702 3234 5774 perdiderunt,
3263 5703 3314 5758 in
3361 5704 3592 5759 schisma
3617 5704 3784 5773 versi,

2186 5795 2250 5850 ad
2280 5795 2636 5867 perditionem
2676 5797 2756 5852 sui
2802 5796 3034 5853 lnrreses
3086 5805 3427 5855 creaverunt.
3474 5795 3552 5851 Ex
3588 5796 3790 5868 quibus

2184 5885 2365 5945 verbis
2406 5887 2466 5944 fit
2492 5887 2653 5947 etiam
2685 5889 3024 5949 verisimilior
3065 5904 3184 5949 mea
3221 5893 3529 5963 conjectura
3567 5903 3635 5948 ex
3677 5903 3781 5961 eo,
