4084 6344
283 306 355 366 77
1592 305 2052 367 TEBTULLIANI
2098 306 2277 365 VlTA.
3538 312 3606 369 78

285 427 435 498 quod
469 428 541 484 ob
565 425 831 499 repulsam
874 425 1232 498 Episcopatus
1275 425 1432 485 Rom.
1472 428 1524 483 in
1575 427 1808 484 schisma
1848 425 1982 486 otA
2013 425 2246 496 apposita
2297 424 2656 496 delinquimus.
2717 421 2825 499 (L.
2872 427 2936 483 de
2977 425 3155 499 Jejun.
3211 444 3259 484 ο.
3317 430 3405 487 13.
3453 431 3491 486 l.
3539 434 3604 492 de

288 520 548 578 haeresim
615 520 866 578 inciderit
926 519 1276 576 Novatianus.
1349 521 1514 577 Porro
1569 521 1614 579 si
1675 532 1897 574 excom-
2006 516 2235 589 lt‘ugain
2267 534 2458 588 persae.
2502 535 2548 575 c.
2600 519 2698 590 5.)
2745 519 2896 576 Hunc
2945 536 3109 593 quum
3166 530 3353 578 contra
3406 523 3601 582 Eccle-

288 617 604 671 municatus
632 614 1134 686 fueratjustissimis
1153 613 1392 686 profecto
1411 615 1476 670 de
1493 613 1718 676 caussis,
1738 613 1900 668 etiam
2005 610 2136 666 siam
2174 610 2430 682 scriptum
2471 622 2732 679 asseram,
2767 613 2854 670 ubi
2901 629 3081 685 supra,
3123 614 3184 670 B.
3226 615 3604 690 Hieronymus,

287 706 548 765 fortassis
599 709 651 764 in
694 709 970 764 absentem
1020 723 1138 763 eam
1187 708 1305 764 ιυιίι
1332 708 1654 764 sententiam
1698 705 1756 761 Β,
1801 703 1902 760 Ze-
2005 700 2333 772 Sophronias
2352 713 2403 759 et
2431 703 2782 775 Niceplturus,
2804 706 3090 764 verisimile
3123 707 3182 763 [lt
3213 707 3432 765 Fabium
3453 709 3604 767 illum

288 804 564 876 pttyrinus
611 801 877 858 Pontifex.
926 803 1162 858 Primum
1218 803 1359 858 enim
1413 804 1464 857 in
1520 802 1613 857 lib.
1655 799 1904 855 omnibus
2007 795 2307 852 Romanum
2335 798 2498 859 fuisse
2517 797 2916 871 Presbyterum.
2949 797 3106 857 Certe
3131 801 3272 873 quod
3299 802 3478 876 aliquo
3507 805 3606 860 mi—

291 897 515 968 scriptis
563 897 692 950 citra
754 897 841 951 14.
869 896 1074 966 imperii
1125 895 1308 951 Severi
1351 898 1598 962 Annum,
1650 891 1906 947 Paracleti
2011 889 2236 945 nistt‘trio
2265 891 2639 948 Ecclesiastico
2663 891 2876 949 functus
2907 937 2919 960 ,
2965 894 3217 966 colligere
3237 904 3407 954 estex
3432 897 3608 954 verbis

291 1005 442 1044 sicut:
505 990 784 1061 prophetica
847 990 1131 1061 frequenter
1157 1032 1172 1056 ,
1241 990 1470 1062 Spiritus
1523 991 1688 1045 sancti
1742 988 1904 1044 etiam
2011 982 2116 1038 illis
2147 1001 2160 1037 :
2195 983 2302 1039 Sed
2333 1001 2486 1055 quum
2515 985 2614 1056 ipsi
2656 985 2900 1042 Auctores
2924 1029 2938 1052 ,
2969 987 3023 1042 id
3044 997 3115 1043 est
3137 1032 3151 1056 ,
3189 987 3420 1057 Diaconi,
3454 987 3611 1045 Pus.

294 1081 536 1138 Montani
567 1085 741 1141 verbis
766 1086 876 1151 jam
909 1087 1082 1141 citatis
1108 1087 1370 1152 meminit,
1421 1085 1574 1141 siculi
1599 1086 1759 1141 etiam
1792 1100 1906 1138 mu-
2011 1077 2172 1149 ἔθυιενὶ
2197 1088 2245 1132 et
2277 1077 2535 1150 Episcopi,
2564 1079 2784 1150 fugiunt,
2831 1080 3082 1151 quomodo
3125 1080 3285 1136 laicus
3331 1081 3611 1154 intelligere

297 1175 440 1231 ἔξει-ξι
459 1175 786 1247 Prop/tendis
808 1177 1059 1243 subinde,
1084 1178 1244 1233 modo
1265 1177 1582 1240 Priscillam,
1606 1177 1766 1232 modo
1787 1176 1906 1230 Μαί
2015 1171 2194 1240 poterit
2222 1169 2246 1223 ?
2271 1169 2474 1238 Quibus
2509 1170 2724 1226 interim
2767 1171 2982 1242 quando
3025 1170 3044 1243 (
3070 1181 3416 1244 eontraquam
3448 1174 3612 1231 sentit

298 1270 552 1324 :rtmitlam
577 1270 912 1339 signiﬁcans;
939 1280 994 1325 et
1033 1270 1278 1325 similiter
1307 1270 1375 1326 de
1402 1270 1583 1326 Επαιδὶ
1620 1269 1777 1326 habet
1802 1284 1910 1324 non
2014 1264 2253 1334 Auctor)
2286 1265 2466 1336 fugere
2494 1265 2652 1322 liceat
2675 1308 2688 1332 ,
2748 1267 2802 1320 in
2831 1267 3279 1324 Annotationibus
3305 1269 3506 1326 nostris
3529 1269 3613 1324 lao

302 1375 497 1431 pauca,
545 1361 673 1417 locis
702 1363 880 1417 citatis
928 1362 1068 1418 inter
1099 1362 1374 1417 Paradoxa
1403 1363 1652 1418 Auctoris
1681 1362 1781 1435 (L.
1843 1362 1912 1416 ad
2019 1361 2143 1414 lius.
2175 1358 2414 1416 Meminit
2446 1360 2497 1415 in
2525 1375 2591 1416 eo
2611 1361 2771 1416 etiam
2804 1359 2986 1415 Rutilii
3015 1362 3322 1418 sanctissimi
3345 1361 3615 1436 Martyris:

312 1451 476 1508 Prax.
506 1471 553 1508 ι.
583 1455 657 1523 1).
711 1453 916 1510 Deinde
965 1453 1243 1526 Psychicos
1290 1471 1525 1527 quoque.
1573 1455 1624 1510 id
1673 1466 1754 1510 est
1803 1455 1914 1508 ani.
2018 1470 2176 1525 porro
2204 1465 2256 1510 et
2290 1454 2388 1509 sub
2413 1453 2614 1511 Severo
2642 1454 2781 1510 haud
2823 1456 2982 1512 dubie
3013 1456 3198 1512 referri
3227 1456 3383 1513 debet
3412 1502 3428 1526 ,
3473 1457 3617 1528 quod

317 1551 470 1607 mutes
493 1551 759 1620 appellare
798 1550 964 1619 C(Bpil
1006 1549 1334 1614 Catltolicos,
1373 1559 1484 1605 tum
1502 1548 1716 1604 advers.
1745 1547 1909 1602 Marc.
2015 1547 2258 1602 scribunt
2286 1547 2477 1600 Euseb.
2511 1557 2565 1602 et
2595 1545 2882 1618 Niccplior.
2917 1548 2984 1604 de
3015 1548 3259 1619 Origeuis
3291 1548 3460 1618 prima
3491 1563 3615 1620 per-

322 1652 430 1698 tum
458 1644 657 1700 advers.
702 1642 943 1699 Praxeun
965 1687 979 1708 ,
1008 1644 1162 1698 sicuti
1194 1644 1355 1698 etiam
1383 1643 1454 1698 ibi
1485 1643 1661 1696 latius.
1698 1641 1912 1696 Postre.
2019 1640 2293 1695 secutione
2320 1641 2550 1694 maxima
2575 1640 2716 1710 apud
2743 1641 3120 1696 Alexandriam
3139 1683 3151 1706 ,
3182 1631 3468 1710 antequam
3493 1656 3616 1698 sese

334 1753 414 1792 uto
447 1739 611 1793 omnia
654 1736 743 1790 illa
790 1737 949 1790 simul
980 1735 1313 1807 coniungens
1342 1735 1430 1788 lib.
1465 1735 1587 1789 adv.
1623 1735 1869 1788 Praxeau
1895 1773 1910 1800 ,
2022 1737 2134 1804 ipse
2163 1742 2440 1788 castraret.
2496 1733 2651 1804 Atqui
2693 1732 2758 1787 ad
2811 1732 3140 1788 intellectum
3171 1734 3419 1788 Auctoris
3458 1731 3618 1802 facit,

342 1831 598 1886 Romanum
627 1830 966 1902 Episcopum,
998 1841 1258 1902 quantum
1287 1839 1530 1900 apparet,
1567 1828 1916 1882 Eleutherium
1946 1851 1993 1912 Β
2024 1826 2110 1882 ubi
2137 1827 2297 1882 dicit:
2327 1826 2658 1882 Maledictum
2685 1844 2788 1882 esse
2813 1838 2930 1882 ante
2976 1831 3238 1880 ἀποθέωσιν
3299 1825 3459 1882 Deum
3511 1824 3624 1883 Ca:-

345 1926 694 1990 caltnuniatur,
733 1935 984 1996 tauquam
1016 1926 1106 1996 qui
1151 1940 1445 1996 agnoscens
1466 1924 1576 1995 jam
1608 1921 1917 1994 Prophetias
2023 1937 2185 1976 sarem
2208 1937 2501 1993 nuncupare
2535 1922 2596 1991 (ι.
2628 1921 2842 1992 Apolog.
2877 1936 2925 1975 c.
2955 1920 3096 1991 54.);
3128 1920 3179 1975 id
3210 1919 3351 1990 quod
3394 1920 3499 1976 late
3531 1935 3621 1977 re-

351 2017 577 2082 Montani,
616 2017 807 2072 Prisca:
834 2028 881 2072 et
911 2017 1232 2082 Maximillae,
1258 2033 1322 2072 ea:
1350 2034 1410 2071 ea
1455 2018 1715 2089 agnitione
1746 2031 1923 2088 pacem
2023 2025 2213 2072 censet
2243 2014 2438 2071 llerod.
2477 2015 2569 2070 lib.
2604 2016 2761 2071 tertio
2789 2015 2857 2070 de
2903 2014 3009 2070 ritu
3058 2014 3342 2070 observato
3388 2015 3440 2068 in
3487 2015 3624 2070 rela-

348 2109 561 2166 Ecclesiis
588 2110 720 2166 Λεία·
745 2121 791 2166 et
832 2110 1075 2183 Phrygia!
1122 2111 1311 2181 inferre
1339 2122 1551 2181 paratus
1589 2111 1762 2181 fuerit,
1817 2110 1921 2164 nisi
2028 2110 2170 2164 tione
2197 2108 2384 2166 Severi
2416 2107 2610 2180 lutper.
2643 2117 2764 2180 post
2792 2116 3019 2163 mortem
3063 2107 3117 2163 in
3151 2108 3311 2163 Divos
3361 2123 3459 2179 per
3485 2109 3624 2166 lllios

358 2203 554 2258 Praxeas
580 2204 708 2275 falsa
734 2207 1039 2274 (perperam
1069 2203 1263 2275 inquit)
1311 2204 1373 2258 de
1403 2204 1527 2274 ipsis
1561 2202 1833 2272 Prop/ictis
1873 2209 1921 2256 et
2025 2202 2212 2259 Itonia:
2263 2203 2397 2259 facta
2422 2245 2435 2268 ,
2487 2211 2768 2274 postquam
2793 2203 3003 2258 cineres
3028 2218 3093 2258 ex
3135 2203 3409 2258 Britannia
3438 2216 3623 2260 secum

359 2296 564 2352 Ecclesiis
589 2314 762 2353 eorum
790 2299 1151 2364 asseverando,
1179 2297 1420 2369 coegisset
1453 2298 1648 2352 litteras
1675 2296 1812 2364 pacis
1840 2312 1920 2350 re-
2028 2297 2173 2352 allati
2223 2297 2276 2352 in
2319 2311 2450 2352 urna
2477 2291 2800 2352 alabastrina
2827 2295 2976 2366 juxta
2991 2295 3162 2363 illum,
3193 2306 3286 2350 aut
3313 2311 3450 2351 terea
3473 2295 3624 2366 juxta

353 2392 623 2461 vocat-ciam
647 2391 878 2453 emissas,
921 2399 970 2444 et
1005 2406 1037 2443 a
1063 2391 1323 2461 proposito
1366 2387 1770 2458 recipiendorum
1799 2388 1923 2442 clta-
2026 2390 2365 2462 Spartiauum
2391 2433 2407 2460 ,
2439 2391 2491 2446 in
2517 2390 2817 2462 sepulcrum
2848 2391 3104 2446 Antonini
3149 2400 3273 2447 sunt
3323 2389 3474 2446 illati.
3529 2391 3628 2447 llic

355 2483 582 2538 rismatum
609 2499 920 2538 concessure.
956 2482 1018 2537 Et
1041 2481 1262 2552 insuper
1291 2481 1484 2536 diaboli
1521 2481 1777 2552 negotium
1799 2495 1920 2551 pro-
2027 2495 2290 2556 praeterea
2323 2485 2754 2556 praetereundum
2776 2500 2880 2540 non
2915 2485 3221 2556 putavimus
3248 2527 3264 2553 ,
3294 2484 3436 2555 quod
3462 2497 3626 2555 quam

357 2590 530 2629 curasse
553 2573 677 2630 dicit
708 2617 724 2639 ,
773 2576 862 2644 qui
915 2573 1233 2645 prophetiam
1277 2573 1494 2644 expulit,
1535 2581 1580 2628 et
1610 2573 1924 2644 paraeletum

369 2669 544 2738 fugauit.
563 2667 712 2724 Certe
735 2670 850 2740 ipse
872 2671 1072 2724 Auctor
1094 2667 1717 2724 Excommunicationem
1739 2668 1791 2722 in
1817 2666 1927 2720 hae-

369 2759 534 2814 reticos
574 2762 827 2832 approbat
879 2775 985 2817 non
1050 2777 1156 2817 uno
1223 2759 1276 2817 in
1345 2761 1462 2817 loco
1517 2759 1742 2833 (Scorp.
1799 2759 1922 2818 adv.

368 2850 519 2910 (inest.
542 2871 582 2910 c.
616 2856 638 2910 1
663 2854 723 2928 .).

825 2991 981 3046 Anno
1012 2989 1221 3047 Domini
1249 3005 1413 3046 ccxn.
1905 2979 1938 3030 ἃ

422 3123 446 3197 §
486 3125 613 3182 XVI.
677 3125 758 3182 De
807 3127 997 3182 ultimis
1051 3126 1355 3182 Tertulliani
1408 3122 1733 3182 montanist
1763 3125 1928 3194 libris,

360 3233 414 3274 ss
457 3217 590 3291 Fuga
638 3220 691 3275 in
734 3220 1097 3290 persecutione,
1133 3221 1196 3274 de
1250 3219 1616 3274 Exltortutione
1662 3219 1928 3285 castitatis,

359 3311 414 3365 ,ιε
439 3309 772 3384 Honogamia,
801 3314 865 3368 de
883 3313 1104 3385 Jejuniis
1132 3313 1372 3368 adversus
1402 3311 1700 3385 Psyclticos,
1733 3313 1796 3367 de
1826 3311 1934 3368 Pu-

362 3405 513 3458 dicitia
536 3447 549 3472 ,
579 3408 638 3461 de
665 3405 870 3473 Extasi,
902 3407 1142 3464 adversus
1172 3407 1500 3478 Apollonium
1522 3406 1831 3477 Septimum.
1860 3437 1933 3449 —-

364 3496 440 3552 51.
469 3497 520 3556 S.
546 3499 831 3574 Zepliyrini
861 3501 1019 3573 Papae
1045 3501 1272 3558 Romani
1293 3518 1406 3558 xm.
1430 3501 1501 3558 Μ.
1535 3503 1738 3559 Aurelii
1768 3505 1936 3560 Anto-

368 3592 460 3647 niai
488 3592 714 3650 Bassiani
743 3595 823 3651 Pii
867 3595 1064 3653 Felicis
1093 3596 1316 3668 Augusti
1371 3595 1667 3652 Britannici
1712 3595 1937 3653 Germa-

370 3689 456 3744 nici
485 3687 687 3762 Imperii
721 3708 758 3748 ι.
793 3693 857 3762 ρ.
919 3693 1146 3751 EPllth
1175 3694 1240 3750 L.
1281 3693 1342 3750 F.
1376 3693 1564 3751 RUFO
1593 3694 1936 3754 LOLLIANO

370 3780 703 3852 GENTIANO,
735 3785 825 3842 ET
845 3784 1184 3843 POMPONIO
1201 3786 1416 3844 BASSO
1437 3786 1626 3845 COSS.
1659 3783 1937 3860 conscrip-

373 3881 465 3931 tum
517 3892 793 3935 censemus
839 3878 1303 3937 TERTULLIANI
1351 3880 1555 3938 librant
1617 3880 1704 3938 DE
1750 3879 1937 3938 FUGA

377 3965 430 4023 IN
464 3969 995 4031 PEliSECUTlONE.
1050 3973 1213 4047 quue
1251 3987 1376 4033 ante
1428 3975 1706 4033 decessqu
1737 3975 1934 4046 lmper.

377 4059 427 4116 L.
447 4062 576 4132 Sept.
600 4066 781 4124 Severi
805 4067 1007 4124 Pertin.
1030 4071 1252 4140 Augusti
1271 4070 1360 4141 qui
1383 4087 1604 4127 eoanno
1629 4070 1796 4140 pridie
1824 4068 1936 4125 No-

379 4171 457 4213 nas
478 4155 626 4216 Febr.
656 4160 884 4217 Eboraei
915 4178 1150 4218 mturare
1177 4164 1346 4233 magis
1369 4179 1527 4234 quam
1561 4162 1747 4218 morbo
1788 4178 1936 4217 niur-

377 4257 478 4307 tuus
500 4262 576 4309 est
613 4254 705 4325 (in
747 4253 849 4310 huc
871 4256 1004 4310 adeo
1049 4255 1266 4326 punitus
1292 4272 1320 4311 a
1354 4255 1464 4312 Deo
1505 4254 1656 4327 juxta
1686 4243 1937 4310 Orosium

381 4340 459 4399 lib.
486 4345 533 4399 7.
560 4361 674 4420 cap.
705 4350 788 4418 ιι.)
819 4347 1055 4403 nondum
1087 4348 1270 4420 elapso
1298 4363 1439 4404 anno
1481 4349 1693 4419 Imperii
1721 4349 1802 4406 sui
1849 4348 1936 4406 18.

375 4442 558 4507 utpote
602 4455 764 4510 quum
791 4439 859 4496 ab
884 4439 1062 4495 Idibus
1094 4439 1243 4496 Maiis
1288 4441 1414 4496 anui
1448 4441 1655 4496 Domini
1688 4441 1813 4500 191.
1863 4440 1936 4498 ad

375 4526 550 4586 dictum
577 4549 741 4604 usque
765 4532 923 4603 ltujus
946 4532 1070 4588 anni
1100 4531 1242 4589 diem
1265 4543 1640 4606 computantur
1677 4533 1943 4590 duntaxat

374 4622 480 4677 anni
507 4625 588 4680 17.
619 4639 832 4682 menses
877 4625 928 4681 8.
958 4625 1074 4682 dies
1098 4626 1161 4682 21
1194 4643 1210 4694 ;
1264 4641 1368 4698 quo
1398 4624 1455 4681 (it
1477 4635 1534 4681 ut
1558 4625 1698 4683 ltunc
1725 4628 1871 4684 anni.
1902 4642 1942 4682 ι.

2031 2577 2201 2648 pridie
2230 2575 2368 2632 Non.
2401 2574 2660 2632 Februar.
2696 2574 2916 2646 perierit
2962 2576 3218 2644 Severus,
3251 2576 3500 2646 castigari
3531 2576 3628 2632 de-

2032 2670 2222 2725 berent
2251 2669 2398 2740 leges
2421 2667 2544 2724 dua:
2568 2667 2800 2734 Codlcis,
2832 2668 2998 2724 altera
3025 2668 3116 2724 lib.
3150 2669 3202 2724 ϐ.
3234 2665 3340 2725 Tit.
3373 2669 3462 2726 15.
3501 2667 3537 2723 ι.
3573 2669 3628 2726 1.

2035 2773 2092 2818 ιιι
2122 2762 2328 2834 legatur
2355 2777 2408 2818 ν.
2463 2760 2579 2816 Kal.
2610 2759 2886 2817 Februarii
2919 2805 2934 2830 ,
2967 2777 3065 2833 pro
3089 2804 3105 2830 ,
3146 2761 3382 2818 Januarii
3412 2779 3424 2815 :
3458 2762 3625 2818 altera

2032 2855 2272 2928 ejusdem
2323 2855 2360 2911 l.
2391 2853 2494 2910 Tit.
2528 2855 2616 2911 57.
2658 2856 2751 2912 lib.
2800 2857 2856 2912 5.
2915 2858 2987 2912 uti
3035 2857 3137 2914 soli
3173 2857 3445 2914 Antonino
3489 2858 3632 2927 Aug.

2031 2949 2367 3016 aseribatur,
2447 2963 2553 3006 non
2606 2948 2808 3005 Severo
2861 2959 2915 3005 ct
2968 2951 3169 3006 Anton.
3227 2952 3396 3022 Augg.
3449 2960 3634 3021 utpote

2032 3059 2197 3116 quum
2239 3043 2344 3100 lata
2391 3043 2481 3099 sit.
2510 3059 2584 3099 vr.
2615 3041 2731 3102 Kal.
2762 3043 2918 3112 Maii,
2961 3043 3051 3100 diu
3078 3055 3200 3117 post
3225 3046 3364 3101 illius
3389 3045 3630 3114 obitum,

2033 3131 2266 3186 maxime
2323 3145 2485 3201 quum
2537 3137 2686 3186 extet
2733 3131 2816 3186 lex
2875 3132 3128 3186 Antonini
3179 3131 3343 3190 solius
3404 3131 3631 3188 Kalend.

2035 3223 2187 3280 Maiis
2216 3223 2341 3293 lata,
2376 3233 2428 3280 et
2453 3223 2571 3280 alia:
2599 3223 2778 3295 plures
2796 3223 2879 3280 his
2903 3221 3054 3280 Coss.
3079 3225 3221 3282 latin.

2549 3362 2704 3417 Anno
2723 3361 2928 3417 Domini
2955 3377 3134 3418 ccxut.

2109 3500 2199 3558 ὃς.
2248 3500 2306 3558 S.
2349 3501 2632 3573 Zepltyrini
2669 3501 2890 3556 Romani
2910 3499 3186 3554 Pontiﬁcis
3230 3515 3339 3555 xw.
3386 3498 3640 3556 Antonini

2039 3594 2234 3666 Imper.
2259 3611 2313 3652 ιι.
2345 3596 2411 3652 Μ.
2435 3595 2776 3652 POMPONIO
2802 3595 2871 3650 Μ.
2895 3594 2957 3650 F.
2991 3591 3211 3651 ASPRO
3234 3593 3277 3650 11
3300 3593 3387 3650 ΕΤ
3416 3592 3641 3651 ASPRO

2039 3687 2234 3746 COSS."
2262 3690 2375 3746 sive
2401 3690 2611 3745 duobus
2628 3689 2836 3760 Aspris,
2866 3687 3059 3759 quibus
3090 3687 3243 3744 Coss.
3276 3687 3443 3759 Leges
3473 3690 3641 3745 Anto-

2042 3783 2150 3838 nini
2182 3784 2345 3838 varim
2374 3783 2514 3838 data:
2540 3783 2788 3854 leguntur
2811 3783 3058 3852 (quorum
3091 3783 3355 3837 seniorem
3389 3781 3636 3837 eumdem

2041 3875 2191 3931 illum
2216 3891 2499 3932 censemus
2521 3875 2588 3930 de
2614 3891 2720 3946 quo
2751 3890 2912 3946 supra
2943 3875 3006 3930 ad
3039 3891 3237 3930 annum
3275 3873 3446 3948 can),
3490 3875 3642 3932 solus

2043 3971 2392 4043 Antoninus(
2429 3969 2653 4026 lCSlilittS
2687 3968 2988 4024 llerodiano
3029 3977 3083 4025 et
3113 3967 3170 4040 S,
3193 3969 3443 4041 artiano),
3479 3969 3643 4026 fratre

2043 4061 2174 4120 Geta
2203 4063 2266 4118 ad
2299 4072 2482 4134 pectus
2508 4079 2616 4118 sum
2639 4063 2824 4117 matris
2843 4064 2966 4117 ltllCl
2984 4061 3139 4126 tecto,
3164 4071 3439 4134 postquam
3468 4063 3642 4132 impe-

2044 4157 2392 4213 ravitannum
2429 4173 2617 4221 unum,
2648 4156 2764 4212 dies
2784 4156 2874 4210 2t.
2903 4171 2963 4211 ac
2985 4155 3196 4224 sopulto
3246 4155 3298 4210 in
3344 4154 3642 4226 septizonio

2046 4250 2214 4322 (quod
2259 4266 2286 4304 a
2350 4259 2554 4321 septem
2587 4250 2735 4306 zonis
2764 4249 2886 4305 ραιιί
2915 4248 2985 4303 ita
3017 4249 3214 4305 dictum
3249 4247 3479 4303 Severus
3513 4289 3526 4315 ,
3557 4245 3644 4302 vel

2047 4343 2246 4400 Euseb.
2273 4353 2429 4409 teste,
2459 4343 2820 4400 :editlcaverat
2847 4357 2910 4398 ac
2933 4342 2986 4397 in
3038 4343 3194 4397 Divos
3216 4339 3444 4412 relato),
3467 4341 3642 4412 impe-

2045 4440 2184 4495 rium
2211 4441 2505 4510 usurpavit.
2532 4439 2754 4512 Insuper
2781 4448 2835 4495 ct
2854 4440 2990 4494 alios
3019 4439 3278 4511 plurimos
3304 4480 3318 4501 .
3359 4448 3646 4508 quantum-

2049 4535 2130 4591 vis
2158 4537 2296 4606 patri
2323 4535 2531 4606 sibique
2555 4545 2709 4590 antea
2739 4533 3046 4589 carissimos
3071 4574 3086 4601 ,
3134 4531 3250 4589 neci
3282 4531 3416 4587 tradi
3443 4530 3642 4602 jussit,

2051 4629 2191 4684 inter
2232 4642 2366 4698 quos
2394 4625 2848 4683 commemorandi
2886 4612 3107 4682 veniunt
3137 4625 3458 4697 Papinianus
3509 4623 3601 4678 ille
3622 4663 3640 4688 ,

374 4713 547 4772 Anton.
581 4717 870 4788 faciamus,
912 4728 1003 4774 aut
1029 4720 1220 4776 saltem
1249 4728 1375 4776 ante
1416 4720 1645 4777 reditum
1693 4722 1927 4778 Antonio
1960 4710 2015 4774 D
2051 4725 2170 4796 ejus
2199 4739 2263 4780 ac
2286 4723 2485 4779 Iuliani
2529 4731 2581 4779 et
2622 4720 2915 4796 Tertyliani
2971 4719 3062 4778 JC.
3117 4729 3414 4793 praaceptor
3441 4760 3456 4787 ,
3504 4717 3650 4772 Jurls

369 4824 430 4865 ex
450 4809 722 4870 Britanniis
743 4830 864 4871 cum
892 4813 1056 4870 fratre
1082 4830 1180 4870 suo
1210 4813 1270 4870 P.
1305 4813 1457 4886 Sept.
1487 4813 1620 4872 Geta
1645 4815 1808 4872 Felici
1837 4815 1945 4871 Au-

368 4914 512 4975 gusto
540 4907 843 4965 Britannico
896 4907 1108 4981 imperii
1138 4917 1395 4966 consorte
1429 4951 1444 4978 ,
1491 4909 1666 4966 adhuc
1720 4909 1950 4968 durante

370 5003 727 5068 persecutione
748 5002 838 5075 (L.
861 5002 1444 5076 ad.Scap.c.4.),quam
1465 5003 1581 5074 ipse
1595 5001 1804 5076 [utpote
1821 5004 1953 5059 lacte

347 5091 646 5151 Christiano
676 5096 932 5162 imbutus,
965 5096 1123 5152 sicuti
1153 5111 1315 5168 supra
1342 5113 1407 5152 ex
1429 5098 1665 5154 Auctore
1691 5094 1949 5170 diximus]

359 5189 440 5245 vel
459 5190 655 5246 Severo
671 5191 898 5262 Sulpitio
915 5201 1047 5248 teste
1069 5189 1273 5264 (Sacris
1331 5189 1472 5246 Hist.
1505 5190 1589 5246 lib.
1620 5189 1704 5262 2),
1729 5205 1946 5250 cessare

357 5283 544 5341 iecerit
562 5327 575 5349 ,
608 5294 794 5356 utpote
818 5285 909 5358 qui
932 5285 1132 5341 scribat
1159 5284 1226 5340 ab
1249 5283 1398 5341 obitu
1427 5283 1610 5340 Severi
1637 5284 1704 5339 ad
1731 5283 1953 5342 Decium

356 5392 530 5448 usque
567 5392 749 5448 pacem
805 5377 1066 5435 Ecclesiis
1111 5376 1278 5434 fuisse
1301 5420 1314 5443 ,
1366 5386 1722 5449 praeterquam
1753 5377 1895 5449 quod
1922 5391 1955 5433 a

359 5469 647 5526 Maximino
675 5471 727 5526 in
761 5470 1055 5544 Episcopus
1090 5471 1334 5527 saevitum
1377 5469 1569 5538 fuerit;
1611 5487 1772 5543 quam
1816 5469 1956 5528 adeo

355 5563 571 5634 longam
603 5579 783 5633 pacem
831 5565 1066 5636 appellat
1097 5563 1155 5619 Β.
1187 5563 1444 5635 Cypriae.
1501 5564 1595 5620 lib.
1628 5563 1696 5619 de
1745 5562 1952 5633 Lapsis.

358 5658 673 5729 Quanquam
715 5659 929 5716 interitu
986 5657 1156 5714 edicta
1193 5657 1389 5732 Severi
1447 5657 1620 5715 adhuc
1648 5657 1958 5728 aliquandiu

359 5752 596 5823 viguisse
627 5767 690 5806 ex
724 5751 807 5806 his
835 5751 1082 5807 AUt‘lOI‘iS
1137 5750 1313 5808 verbis
1343 5750 1651 5806 videantur:
1689 5749 1807 5804 Nisi
1833 5753 1961 5821 forte

353 5843 408 5902 in
447 5844 906 5904 Senatuscousulta
943 5853 990 5904 et
1032 5841 1332 5917 Principum
1367 5843 1611 5902 mandata
1665 5842 1962 5904 coitionibus

2052 4817 2275 4888 Asylum
2299 4815 2702 4888 cognominatus
2738 4829 2767 4868 a
2817 4813 3100 4885 Spartiano
3126 4855 3141 4882 ,
3189 4822 3238 4868 et
3278 4807 3653 4868 Sammonicus

2054 4910 2328 4977 Serenus,
2381 4907 2533 4979 cujus
2589 4906 2751 4962 libros
2803 4905 3061 4976 plurimos
3088 4911 3274 4960 extare
3310 4901 3397 4957 ille
3426 4899 3646 4964 scribit,

2054 5001 2307 5061 Gordiani
2340 5009 2520 5074 postea
2565 4999 2794 5056 Cmsaris
2824 4999 3160 5070 paedagogus.
3193 4995 3250 5050 In
3281 4994 3420 5049 hunc
3450 5007 3655 5047 annum

2055 5096 2339 5153 referimus
2381 5095 2576 5150 librum
2617 5089 3083 5149 TERTULLIANI
3141 5088 3230 5144 DE
3288 5084 3654 5143 EXllOBTA.

2057 5187 2262 5245 TlONE
2310 5183 2718 5242 CASTITATIS
2743 5227 2757 5250 ,
2787 5193 2970 5255 utpote
2999 5196 3154 5251 quem
3178 5179 3532 5250 Niccpltcrus,
3554 5176 3648 5232 lib.

2057 5293 2268 5355 quarto,
2303 5281 2476 5352 capite
2504 5280 2594 5347 51,
2628 5279 2770 5334 inter
2795 5292 2890 5333 eos
2917 5282 3178 5342 recenset,
3223 5273 3312 5345 qui
3343 5281 3528 5328 contra
3551 5268 3654 5325 Ec-

2060 5376 2275 5432 clesiam
2299 5373 2618 5430 catholicam
2642 5369 2927 5439 conscripti
2954 5377 3078 5422 sunt
3111 5410 3124 5435 ,
3173 5376 3225 5422 et
3252 5366 3303 5420 in
3337 5381 3441 5436 quo
3462 5379 3528 5421 eo
3552 5363 3654 5420 de-

2062 5469 2275 5525 mentire
2301 5467 2509 5522 videtur
2537 5465 2747 5520 venisse
2785 5503 2800 5528 ,
2829 5472 2884 5514 ut
2905 5461 3046 5531 apud
3067 5470 3164 5514 tres
3194 5460 3344 5512 etiam
3371 5457 3548 5521 laicos,
3576 5463 3658 5512 ul-

2064 5571 2188 5633 pote
2218 5559 2526 5614 Montanum
2547 5564 2602 5612 et
2637 5556 2852 5609 insanas
2878 5553 2994 5623 ejus
3036 5549 3386 5622 Propbetides
3416 5549 3656 5606 Priscam

2065 5665 2116 5714 et
2141 5652 2480 5710 Maximillam
2512 5691 2526 5715 ,
2579 5646 3016 5718 esseLEct-lcsiam
3047 5646 3318 5701 existimet
3344 5686 3357 5710 ,
3397 5642 3659 5714 quemad-

2067 5746 2284 5804 modum
2332 5745 2491 5800 latius
2516 5741 2744 5812 idipsum
2775 5739 2901 5795 alibi
2951 5739 3179 5795 inculcat
3209 5736 3343 5810 (Lib.
3365 5735 3428 5791 de
3450 5734 3650 5791 Exltor.

2069 5838 2232 5897 castit.
2261 5850 2308 5894 c.
2337 5837 2391 5893 ’1.
2417 5833 2529 5891 Lib.
2555 5832 2618 5890 de
2638 5833 2810 5908 pudic.
2834 5847 2880 5890 c.
2903 5831 2965 5890 21
2982 5830 3183 5906 .).Huic
3212 5831 3373 5892 etiam
3397 5843 3536 5890 anno
3556 5845 3654 5902 ap-
