4084 6344
516 280 584 337 79
1813 259 2272 322 TEtt'Il;I.l.I.-t.\'l
2319 260 2497 316 ma.
3733 268 3797 327 30

519 398 780 469 plicamus
807 390 1220 464 disputationem
1252 387 1392 445 illam
1442 385 1552 444 Caii
1584 382 1874 456 Scriptoris
1921 379 2108 438 Eccle-
2138 383 2189 441 A
2214 378 2324 446 clx,
2349 393 2576 450 quorum
2607 377 2889 435 sententirc
2909 377 3214 436 accedirnus
3244 395 3256 435 :
3288 379 3380 438 sed
3410 382 3528 455 quia
3578 383 3662 441 ille
3693 387 3797 456 pri~

513 489 714 544 siastici
747 486 1004 542 adversus
1033 482 1303 547 Proetum,
1335 479 1488 552 cujus
1510 477 1872 534 meminerunt
1901 473 2101 533 Euseb.

512 587 609 643 lib.
631 592 805 648 sexto,
825 581 996 652 capite
1019 578 1228 634 decimo
1245 585 1434 648 quarto
1461 592 1472 629 :
1503 573 1698 630 Beatus
1724 571 2105 642 Hieronymus,

513 681 566 736 in
593 677 764 735 Catal.
782 671 1060 735 scr.eccl.,
1083 670 1304 726 ctlatius
1327 668 1377 724 in
1409 668 1523 724 hare
1551 666 1713 723 verba
1737 663 1959 735 Niccpb.
1989 663 2108 719 loco

504 774 616 846 jam
647 771 810 826 citato
844 787 854 822 :
896 788 914 820 ‹
953 766 1174 830 Floruit,
1212 763 1401 835 inquit,
1432 760 1534 817 sub
1587 758 1892 832 Zephyrino
1923 757 2107 811 Romae

507 866 776 936 Episcopo
800 861 984 927 Caius,
1015 858 1286 915 Antonino
1304 855 1488 912 Severi
1523 853 1630 908 lilio
1667 853 1981 922 imperante.
2011 867 2030 902 ι
2059 849 2106 904 Is

506 959 765 1014 adversus
797 953 1042 1009 Proclum
1091 949 1324 1006 Montani
1368 953 1819 1020 propugnatorem
1851 942 2106 997 disserta-

506 1052 710 1107 tioncm
731 1047 1153 1120 cepiosissimam
1179 1040 1365 1097 habuit
1390 1050 1442 1096 et
1459 1037 1778 1109 composuit,
1802 1034 2104 1091 temeraria:

505 1144 765 1207 audaeize,
795 1140 934 1213 quod
959 1154 1149 1195 novam
1177 1135 1533 1191 introduxerit
1567 1130 1930 1202 Prophetiam,
1952 1129 2099 1183 illum

505 1238 836 1307 redarguens
861 1245 913 1291 et
937 1231 1420 1297 confutans.Quam
1448 1227 1662 1299 quidem
1693 1239 1790 1279 nos
1818 1221 2102 1293 aliquando

503 1329 934 1386 existimavimus
977 1340 1161 1380 ansam
1207 1323 1422 1379 dedisse
1471 1319 1693 1376 Auctori
1748 1319 1815 1373 ad
1865 1318 2096 1372 Montani

504 1430 688 1494 partes
707 1417 996 1476 deliciendi
1024 1435 1039 1483 ;
1069 1415 1208 1488 quod
1235 1413 1524 1470 verisimile
1555 1412 1614 1466 lit
1640 1412 1690 1466 in
1724 1409 1970 1464 Proclum
2000 1408 2098 1463 hac

504 1513 868 1582 disputatione
893 1509 1222 1572 convictum,
1252 1522 1352 1561 nec
1381 1505 1807 1576 resipiscentem,
1829 1519 1856 1553 a
1885 1502 2096 1574 Zephy-

500 1610 622 1664 rino
652 1604 1270 1662 Exeommuuicationem
1295 1601 1456 1655 latam
1477 1599 1661 1661 fuisse,
1684 1605 1739 1653 et
1765 1611 1953 1652 omnes
1979 1594 2098 1666 ejus

499 1700 757 1765 asseclas,
789 1701 928 1754 inter
949 1712 1082 1767 quos
1110 1695 1246 1750 haud
1277 1694 1438 1748 dubie
1465 1695 1664 1748 Auctor
1685 1733 1699 1757 ,
1731 1700 1911 1760 utpote
1944 1689 2092 1745 Mon-

2213 486 2360 528 mum
2380 472 2641 544 martyrio
2668 471 2890 528 allectus
2934 471 3032 527 fuit
3057 487 3179 530 cum
3211 473 3466 543 Apostolo
3509 476 3661 533 Petro
3691 478 3796 550 (uti

2207 563 2318 635 jam
2340 562 2539 620 dictum
2566 562 2692 636 est),
2709 577 2994 621 censemus
3015 565 3082 620 ab
3103 579 3168 621 co
3186 575 3428 635 tempore
3452 571 3797 629 numerandos

2209 672 2317 728 quo
2333 657 2625 727 Epistolam
2643 657 2856 727 scripsit
2879 657 3114 728 priorem
3131 657 3196 713 ad
3217 658 3548 726 Corinthios,
3568 661 3634 716 ab
3657 678 3792 720 anno

2211 764 2406 819 nempe
2437 749 2646 804 Domini
2703 751 2919 806 circiter
2949 764 3054 806 uv.
3089 751 3355 823 Imprimis
3379 753 3522 809 enim
3551 757 3794 828 scriptam

2211 840 2502 912 Epistolam
2529 853 2808 913 utramque
2833 843 2899 896 ad
2920 842 3247 909 Corinthios,
3286 854 3566 918 postquam
3591 847 3657 904 ab
3683 849 3792 921 ipso

2209 938 2274 992 ad
2299 937 2455 992 ﬁdem
2478 948 2660 994 essent
2683 939 2949 1006 conversi,
2978 955 3042 995 ex
3079 939 3284 996 eisdem
3313 945 3370 995 tit
3417 940 3751 999 manifestum
3775 958 3791 1011 ;

2208 1046 2326 1098 qua:
2354 1032 2663 1099 conversio
2688 1032 2980 1104 contigisse
3031 1041 3247 1103 putatur
3273 1049 3415 1089 anno
3457 1033 3664 1090 Domini
3704 1035 3790 1104 SI,

2207 1141 2368 1196 quum
2395 1126 2464 1180 ibi
2491 1125 2646 1182 hmsit
2688 1125 2756 1180 ad
2784 1131 2982 1181 anmnin
3009 1139 3063 1183 et
3103 1142 3318 1184 menses
3344 1143 3458 1184 sex.
3506 1127 3707 1184 Deinde
3748 1128 3793 1185 si

2209 1220 2406 1292 Ephesi
2446 1222 2644 1293 scripta
2690 1222 2761 1277 sit
2808 1222 3009 1292 (sicuti
3050 1222 3265 1294 quidam
3298 1231 3352 1279 et
3377 1223 3576 1278 ret-tius
3605 1221 3793 1281 habent

2202 1313 2375 1370 Graeci
2406 1314 2647 1387 codices)
2676 1330 2742 1371 ex
2764 1315 3003 1370 historiis
3027 1318 3479 1388 Peregrinationis
3505 1317 3648 1373 Pauli
3669 1318 3790 1374 satis

2203 1417 2347 1478 patet
2373 1408 2516 1462 dicto
2542 1422 2683 1462 anno
2711 1450 2726 1474 ,
2759 1409 2851 1480 qui
2882 1409 3070 1464 incidit
3116 1408 3170 1464 in
3196 1409 3572 1465 duodecimum
3592 1408 3789 1467 Claudii

2202 1498 2564 1569 Imperatoris,
2586 1500 2782 1572 Ephesi
2810 1501 2956 1557 illum
2986 1501 3275 1560 habitasse.
3307 1504 3434 1560 Sive
3455 1519 3522 1560 ex
3537 1503 3787 1576 Philippis

2205 1592 2223 1663 (
2255 1591 2395 1662 quod
2427 1593 2604 1662 plures
2629 1609 2738 1664 prze
2765 1608 2826 1650 se
2850 1595 3026 1651 ferunt
3050 1607 3104 1651 et
3151 1595 3322 1651 Latini
3365 1609 3416 1650 et
3445 1596 3616 1653 (ἓνωοί
3643 1597 3787 1654 codi-

2199 1689 2338 1755 ces),
2365 1695 2511 1742 certe
2537 1702 2677 1741 anno
2708 1688 2800 1744 55.
2835 1688 2933 1743 Per
2957 1687 3233 1759 Philippos
3265 1689 3619 1757 iterll‘ecisse,
3649 1679 3787 1762 post-

499 1795 815 1849 lanistarum
873 1796 998 1845 κατὰ
1052 1787 1294 1842 Proetum
1338 1795 1599 1850 sectator,
1650 1799 1755 1839 non
1786 1797 1971 1838 eorum
2002 1783 2090 1851 qui
2123 1768 2169 1828 Β
2197 1795 2355 1850 quam
2383 1780 2598 1850 Epheso
2626 1781 2989 1848 discesserat,
3038 1782 3138 1837 sub
3170 1781 3364 1838 festum
3394 1783 3614 1840 Pascha?
3638 1825 3652 1848 ,
3685 1793 3784 1840 tes-

499 1885 798 1942 secundum
829 1883 1142 1941 Eschinem
1172 1880 1491 1936 dicebantur
1519 1920 1535 1945 ,
1584 1887 1774 1934 contra
1820 1891 1955 1948 quos
1983 1876 2092 1948 egit

499 1982 638 2036 libro
661 1980 917 2035 adversus
965 1977 1226 2033 Praxean.
1265 1973 1459 2029 Verum
1495 1973 1602 2043 jam
1629 1981 1786 2028 antea
1815 1971 1959 2026 illum
1991 1969 2090 2026 de-

497 2075 662 2130 Iicere
706 2073 936 2143 cmpisse
973 2113 988 2137 ,
1043 2070 1151 2124 imo
1193 2077 1378 2123 contra
1426 2065 1718 2122 Ecclesiam
1766 2063 2048 2133 scripsisse
2074 2104 2088 2128 ,

493 2183 558 2222 ex
591 2166 960 2238 superioribus
976 2161 1317 2218 manifestum
1374 2159 1452 2214 ﬁt.
1495 2159 1762 2214 Fortassis
1798 2158 1958 2223 etiam
1989 2156 2090 2212 hoc

494 2269 740 2330 tempore
764 2257 981 2327 contigit
1008 2254 1257 2325 Origenis
1277 2252 1522 2321 discipuli
1539 2251 1832 2307 Clementis
1856 2250 2090 2306 Alexan-

490 2350 631 2406 drini
662 2361 718 2407 et
746 2349 1015 2405 Ammonii
1047 2347 1288 2402 Romana
1324 2347 1424 2400 sub
1453 2345 1758 2417 Zephyrino
1785 2343 2044 2414 profectio
2069 2385 2084 2410 ,

489 2445 644 2516 cujus
685 2443 1039 2498 meminerunt
1069 2440 1334 2496 Eusebius
1360 2449 1413 2496 et
1441 2438 1774 2508 Nicephorus
1797 2477 1812 2502 ,
1859 2453 2084 2509 quorum

489 2539 582 2595 ille
613 2537 706 2592 lib.
739 2536 792 2592 6.
848 2550 968 2606 cap.
1000 2535 1086 2590 12.
1121 2549 1334 2590 causam
1371 2534 1510 2588 illius
1536 2549 1654 2589 eam
1683 2533 1908 2599 scribit,
1938 2532 2081 2604 quod

488 2633 544 2688 in
571 2631 768 2701 optatis
794 2630 870 2686 illi
923 2639 1068 2686 esset
1107 2628 1530 2700 antiquissimam
1582 2629 1726 2683 illam
1783 2628 2084 2685 Ecclesiam

489 2727 746 2782 invisere.
779 2725 896 2794 Quo
937 2734 1179 2794 tempore
1207 2725 1369 2779 etiam
1398 2723 1486 2779 alii
1526 2723 1886 2780 Ecclesiastici
1911 2725 2080 2794 scrip-

489 2830 636 2876 tores
661 2820 729 2874 ab
751 2821 856 2876 illis
869 2829 1270 2884 enumerantur,
1289 2817 1518 2874 Berillus
1537 2817 1744 2873 Arabia:
1767 2818 2080 2886 Bostrenus,

489 2914 813 2987 Hippolytus
841 2915 991 2984 juxta
1008 2912 1266 2984 quosdam
1296 2911 1630 2977 Portuensis,
1656 2910 1956 2967 Alexander
1979 2913 2087 2983 pri-

487 3023 636 3061 mttm
651 3005 1224 3078 Cappadocimaleinde
1244 3003 1736 3075 Hierosolymorum
1759 3003 2076 3075 Episcopus,

486 3093 680 3165 quibus
711 3093 982 3149 interserit
1023 3091 1083 3148 Β.
1117 3091 1263 3147 Hier.
1292 3093 1453 3148 etiam
1481 3090 1756 3146 Minutium
1798 3089 2034 3148 Felicem
2060 3135 2075 3161 ,

2199 1881 2377 1928 tantur
2403 1875 2534 1928 Acta
2560 1875 2940 1946 Apostolorum
2969 1876 3142 1948 capite
3169 1877 3449 1948 vigesimo.
3482 1877 3548 1934 Et
3569 1893 3692 1935 vero
3710 1879 3783 1936 sic

2196 1965 2418 2036 intelligi
2447 1966 2642 2022 debere
2675 1970 2961 2024 Auctorem
2987 2011 3002 2037 ,
3035 1973 3120 2024 vel
3151 1986 3217 2025 ex
3261 1970 3366 2026 illis
3409 1970 3569 2027 dictis
3615 1971 3782 2028 verbis

2194 2060 2463 2132 colligitur
2478 2077 2596 2132 qua:
2620 2061 2947 2134 legeratlerc
2975 2079 3012 2118 ι.
3049 2063 3174 2120 Cor.
3198 2063 3309 2128 VII,
3341 2064 3415 2120 29
3439 2083 3453 2122 :
3475 2065 3639 2132 Quum
3659 2081 3780 2122 nunc

2193 2159 2390 2222 tempus
2429 2153 2481 2206 in
2531 2152 2740 2208 collecto
2767 2155 2958 2223 factum
2987 2157 3070 2210 sit.
3127 2158 3287 2226 Atqui
3317 2158 3369 2212 in
3428 2158 3569 2214 hunc
3591 2173 3777 2214 annum

2195 2241 2298 2298 hoc
2329 2244 2596 2310 incidere,
2648 2262 2755 2300 non
2788 2248 2838 2302 in
2869 2264 2936 2302 xv
2985 2248 3170 2304 Severi
3225 2249 3243 2320 (
3272 2249 3343 2304 ιιιί
3383 2250 3597 2320 quidam
3623 2250 3776 2306 etiam

2193 2335 2293 2390 viri
2329 2337 2521 2394 eruditi
2565 2338 2925 2408 conjecturam
2957 2340 3156 2395 faciunt
3179 2341 3219 2411 ),
3253 2356 3316 2396 ex
3349 2356 3420 2396 eo
3451 2341 3772 2412 perspicuum

2191 2436 2312 2495 est,
2337 2429 2478 2498 quod
2511 2430 2600 2486 ille
2627 2431 2766 2486 idem
2809 2432 3024 2488 sitcum
3051 2448 3194 2488 anno
3242 2433 3459 2490 Domini
3509 2449 3685 2500 ccvm,
3713 2432 3772 2489 ad

2190 2537 2347 2594 quem
2368 2525 2590 2594 proinde
2611 2527 2678 2580 ab
2693 2542 2759 2582 eo
2779 2543 2935 2598 quem
2957 2527 3212 2595 diximus,
3257 2544 3361 2584 non
3386 2531 3491 2586 nisi
3517 2530 3636 2584 anui
3656 2544 3766 2584 CLV.

2189 2621 2572 2689 coniiciuntur,
2607 2638 2706 2678 nec
2727 2623 2949 2678 ulterius
2975 2623 3189 2678 extendi
3222 2635 3468 2694 possunt.
3485 2623 3624 2696 quod
3643 2638 3772 2679 anno

2187 2713 2418 2784 primum
2443 2713 2533 2770 51.
2575 2714 2696 2769 ﬁdei
2726 2714 3006 2770 catholicas
3037 2716 3227 2770 initiati
3257 2716 3460 2772 fuerint
3502 2715 3768 2772 Corinthii.

2186 2803 2356 2861 Porro
2383 2805 2480 2859 fuit
2507 2805 2594 2862 hic
2619 2821 2792 2861 annus
2822 2807 3140 2862 nobilitatus
3162 2806 3463 2866 Consulatu
3493 2811 3646 2865 trium
3672 2808 3769 2864 Im-

2185 2899 2442 2978 peratorii
2469 2898 2683 2955 Ordinis
2733 2899 3003 2964 virorum;
3053 2915 3173 2955 nam
3205 2911 3403 2972 przrter
3457 2902 3770 2958 Antoninum

2187 2983 2241 3045 et
2267 2989 2568 3056 Balbinum,
2598 2993 2689 3062 qui
2719 3001 2938 3062 quartus
2962 2992 3029 3048 ab
3059 2992 3152 3047 illo
3184 2994 3476 3064 imperavit
3506 3011 3625 3050 cum
3673 2993 3768 3050 Ριιο

2187 3083 2365 3154 pieuo,
2381 3085 2541 3139 etiam
2567 3085 2824 3141 sutl‘ectus
2850 3086 2949 3142 fuit
2977 3103 3039 3142 es
3073 3087 3300 3144 Kalend.
3330 3089 3538 3146 Martiis
3568 3091 3636 3144 M.
3664 3086 3771 3144 AN-

1025 3145 1287 3242 Auctoris
1299 3145 1406 3256 iper
1431 3170 1603 3242 multa
1636 3184 1876 3240 imitatus
2061 3145 2075 3161 '
2107 3145 2151 3208 Ο
2186 3145 2437 3232 ἴῙῸΝίΜ·
2471 3175 2530 3231 F-
2551 3175 2947 3234 GORDIANUS
2967 3221 2981 3243 ,
3021 3181 3110 3250 qni
3147 3192 3328 3251 pOSIea
3356 3179 3611 3254 Imperat.
3641 3179 3768 3237 Cius.

1001 3320 1158 3376 Anno
1181 3318 1388 3375 Domini
1415 3335 1516 3375 ccx
1543 3337 1591 3374 v.

555 3453 645 3512 35.
697 3453 756 3510 S.
806 3453 1095 3527 Zephyrini
1159 3455 1316 3523 Papze
1382 3454 1607 3511 Romani
1662 3472 1756 3512 xv.
1824 3459 2077 3515 Antonini

484 3545 678 3618 Imper.
711 3562 788 3602 III.
813 3544 947 3600 IMP.
977 3545 1148 3602 CASS.
1180 3546 1247 3600 M.
1276 3546 1527 3602 AUHEL.
1559 3548 1689 3603 DIVI
1710 3548 1988 3607 SEVERI.
2012 3551 2072 3607 F.

473 3638 1008 3696 ANTONINOAUG.
1041 3639 1315 3696 BHITAN.
1361 3640 1674 3698 GERMAN.
1725 3643 1831 3700 IIII.
1875 3645 1960 3701 ET
2013 3647 2070 3701 Ρ.

474 3728 706 3792 CELIO
720 3731 777 3786 P.
802 3732 864 3787 F.
893 3732 1183 3812 BALBINQ
1204 3732 1263 3787 Il.
1289 3732 1596 3805 COSS.ipse
1617 3738 1915 3793 Antoninus
1940 3739 2069 3808 Imp.

477 3823 629 3894 Trib.
661 3835 857 3894 potest.
881 3841 991 3880 xvi.
1021 3826 1088 3881 de
1107 3827 1376 3882 Britannis
1405 3827 1767 3899 triumphavit.
1795 3829 1914 3897 Quo
1929 3847 2072 3887 anno

472 3932 502 3969 a
526 3915 870 3972 TEHTUIL.
919 3917 1173 3987 scriptum
1206 3921 1574 3975 existimamus
1625 3923 1785 3976 etiam
1814 3923 2072 3982 adversus

472 4007 772 4064 Ecclesiam
820 4009 1015 4063 librant
1061 4011 1146 4065 DE
1194 4010 1621 4069 MONOGAMIA.
1693 4014 1748 4069 In
1809 4031 1876 4072 eo
1931 4017 2072 4076 inter

470 4109 664 4156 cmlera
719 4101 799 4155 sic
826 4101 1014 4172 legitur
1050 4119 1062 4155 :
1097 4103 1262 4170 Quum
1292 4109 1452 4177 magis
1477 4124 1610 4162 nime
1658 4121 1852 4181 tempus
1881 4113 1933 4166 in
1958 4114 2065 4167 col-

469 4193 597 4248 lecto
623 4195 814 4264 factum
840 4197 924 4260 sit,
967 4198 1116 4250 annis
1147 4199 1344 4253 circiter
1373 4202 1456 4254 clx
1480 4202 1661 4256 exinde
1696 4205 1955 4272 productis
1974 4205 2060 4276 (L.

467 4285 533 4340 de
561 4285 770 4356 Monog.
796 4306 842 4342 ο.
867 4288 970 4359 5.).
990 4288 1134 4356 Quos
1169 4291 1302 4360 quia
1326 4291 1577 4348 Passione
1602 4293 1812 4351 Domini
1843 4312 2059 4369 compu-

467 4378 659 4433 tandos
682 4380 931 4448 voluerit,
954 4392 1060 4437 tota
1082 4384 1160 4436 via
1186 4383 1437 4439 aberrare
1455 4401 1518 4440 ex
1549 4389 1912 4457 superioribus
1945 4393 2060 4462 plus

2184 3268 2320 3340 Aug.
2348 3269 2650 3339 appellatus
2679 3311 2695 3337 ,
2745 3286 2773 3323 a
2806 3270 3030 3325 Balbino
3081 3272 3398 3330 interfectus
3442 3273 3577 3340 fuit,
3611 3272 3768 3328 sicuti

2185 3377 2395 3416 rursum
2437 3377 2502 3417 ex
2553 3362 2778 3418 Kalend.
2831 3364 2980 3419 Maiis
3021 3365 3082 3420 P.
3133 3365 3351 3422 Helvius
3383 3367 3450 3422 ι).
3490 3366 3768 3423 Pertinacis

2184 3452 2246 3510 F.
2280 3453 2338 3509 P.
2367 3453 2430 3508 N.
2465 3455 2715 3512 Pertinas
2750 3456 2906 3528 paulo
2937 3465 3057 3528 post
3083 3459 3293 3514 occisus
3316 3459 3388 3514 ab
3419 3461 3702 3516 Antonino.

2681 3572 2838 3627 Anno
2877 3571 3088 3628 Domini
3115 3588 3273 3629 ccxv.

2252 3683 2346 3739 54.
2395 3682 2454 3739 S.
2507 3684 2782 3755 Zephirini
2857 3686 3080 3742 Romani
3154 3688 3436 3746 Pontiltcis
3499 3705 3605 3746 va.
3663 3690 3769 3744 An-

2179 3775 2347 3830 touini
2391 3775 2586 3846 Imper.
2633 3777 2724 3843 tv,
2771 3778 2949 3835 suae
3000 3780 3314 3837 MESSALA
3360 3781 3458 3838 ET
3506 3779 3769 3852 αλιθυι-

2175 3863 2288 3922 LIO
2318 3866 2564 3924 SABINO
2593 3869 2775 3926 COSS.
2827 3871 3125 3944 Imperator
3168 3890 3232 3930 ex
3280 3877 3624 3945 cupeditione
3649 3875 3769 3933 Gal-

2174 3956 2312 4026 lica,
2362 3961 2514 4029 cujus
2560 3961 2874 4032 Spartianus
2919 3966 3182 4032 meminit,
3230 3966 3463 4024 Romam
3511 3959 3764 4033 reverSus,

2171 4066 2201 4104 a
2237 4052 2400 4107 vestis
2445 4052 2626 4108 talaris
2659 4069 2857 4124 genere
2893 4056 3017 4111 inde
3043 4057 3240 4124 allatar,
3284 4077 3447 4130 quam
3489 4061 3627 4133 plebi
3655 4059 3759 4114 dis-

2182 4143 2410 4211 tribuit,
2470 4155 2542 4200 «ιιι
2594 4161 2660 4201 eo
2709 4149 2900 4203 vestitu
2968 4165 3088 4206 sese
3147 4153 3425 4219 salutaret,
3500 4151 3758 4210 Caracalla

2173 4246 2508 4304 nuncupatus
2553 4249 2658 4294 cst.
2710 4239 2822 4295 Hoc
2859 4240 2970 4297 fere
3003 4258 3146 4298 anno
3185 4246 3446 4316 scriptum
3490 4259 3758 4304 censemus

2167 4343 2197 4383 a
2237 4327 2722 4388 TER'I'ULLIANO
2781 4335 2941 4389 etiam
3011 4337 3270 4393 adversus
3331 4339 3622 4396 Ecclesiam
3693 4337 3756 4393 Ii-

2168 4419 2322 4475 brum
2418 4423 2506 4478 DE
2592 4425 2882 4484 JEJUNIIS
2952 4430 3312 4488 ADVI‘IRSUS
3397 4431 3756 4492 PSYCHICOS

553 4472 563 4482 ,
752 4473 760 4482 ,
1181 4476 1190 4486 ,
1318 4478 1328 4487 ,
1397 4477 1408 4488 ,
2418 4471 2506 4478 _.-
2592 4471 2882 4484 -..ηηηη
2952 4471 3312 4488 ..,......,...,
3398 4471 3755 4492 .υ.υ...υν..

464 4471 1089 4597 ῗῗῖῗιῗῖἶῗέίῗῗ¹ζ¹¹ἷῖηῗῖ¹ζ
1112 4485 1329 4597 iiii???
1352 4485 2058 4597 ἰὲἷῖῗῖἷῖίῗῖῗῖ¹ῗῗ¹ἷῖ¹ἶ.ῗῗ¹⁴ἷ¹¹“
2085 4512 2353 4586 1)(ιοιίε
2389 4515 2564 4579 Ieiun-
2611 4534 2657 4571 c-
2691 4535 2726 4573 ιο
2762 4518 2896 4574 ιδιά.
2930 4539 2978 4575 ε.
3017 4524 3102 4578 ιδ.
3133 4523 3270 4578 Ibid.
3299 4543 3347 4582 ι’.
3382 4526 3513 4597 ισ.).
3551 4527 3629 4582 Ex
3657 4539 3755 4597 quo

463 4563 575 4618 lum
597 4565 847 4620 Auctoris
871 4581 899 4620 a
931 4582 1088 4636 passo
1111 4569 1324 4624 Christo
1352 4587 1519 4642 usque
1545 4572 1608 4626 ad
1637 4574 2056 4634 devastationcut

460 4655 960 4730 Hierosolymorum
1013 4661 1136 4714 anni
1187 4660 1444 4718 duntaxat
1475 4675 1917 4735 computarentur
1964 4671 2055 4737 (Β,

459 4764 595 4820 quos
618 4750 1030 4806 aliienumerant
1057 4752 1150 4816 9.5;
1176 4754 1295 4823 quia
1321 4772 1484 4825 usque
1506 4757 1572 4811 ad
1600 4773 1796 4814 annum
1820 4776 2024 4832 praesen
2045 4794 2058 4804 -

455 4852 566 4896 tem
596 4857 700 4896 non
737 4843 912 4897 solum
945 4843 1068 4910 I60,
1101 4845 1194 4900 sed
1242 4848 1483 4916 producti
1525 4863 1705 4908 essent
1761 4855 1882 4912 188.
1924 4858 2058 4914 Sunt

456 4934 618 4988 etiam
637 4934 724 5007 qui
744 4935 811 4988 ab
827 4937 1097 5007 Apostolis
1121 4937 1579 5011 hunccomputum
1607 4947 1808 5013 ineant,
1831 4965 1896 5003 eo
1913 4953 2052 5019 quod

458 5029 815 5092 pra‘mittatur
847 5043 860 5080 :
898 5038 1009 5097 post
1035 5029 1342 5100 Apostolos;
1369 5034 1420 5088 in
1446 5052 1546 5106 qua
1570 5042 1832 5096 sententia
1867 5054 1920 5097 et
1954 5059 2051 5099 nos

452 5115 652 5171 luimus
675 5158 689 5178 ,
752 5135 914 5187 quum
945 5123 1331 5180 Annotationcs
1385 5138 1594 5184 nostras
1621 5131 1672 5185 in
1699 5148 1820 5189 eum
1849 5137 2049 5193 scribe—

453 5223 634 5264 remus
686 5209 884 5264 locum.
923 5211 1116 5269 Verum
1164 5217 1259 5273 SS.
1295 5219 1484 5275 Petrus
1506 5234 1560 5278 et
1589 5224 1784 5282 Paulus
1812 5230 2045 5298 primum

452 5302 594 5370 passi
621 5313 746 5358 sunt
770 5320 912 5360 anno
941 5305 1167 5364 Neronis
1201 5313 1406 5381 ultimo,
1430 5319 1519 5388 qui
1551 5319 1600 5373 in
1628 5336 1826 5377 annum
1859 5325 2048 5383 incidit

449 5393 648 5449 Christi
676 5394 764 5459 69,
807 5411 836 5450 a
863 5413 967 5468 quo
1004 5401 1177 5458 adhuc
1232 5421 1336 5462 non
1369 5411 1470 5465 nisi
1517 5428 1894 5485 computantur
1919 5425 2042 5479 anni

451 5486 578 5542 146.
604 5498 657 5544 et
680 5489 736 5542 S.
763 5490 998 5548 Joannes
1025 5496 1356 5569 Evangelista
1391 5505 1516 5559 vixit
1545 5507 1611 5562 ad
1636 5508 1925 5581 Trajanum
1957 5531 2044 5571 us-

447 5593 577 5646 que,
608 5595 849 5641 mortuns
877 5589 1106 5658 primum
1158 5608 1300 5647 anno
1326 5595 1541 5653 circ-iter
1578 5601 1695 5666 IOO,
1743 5607 1882 5662 unde
1931 5625 2036 5666 non

447 5670 632 5774 plures
662 5687 784 5731 sunt
825 5682 948 5734 anni
997 5697 1154 5752 quam
1211 5686 1331 5741 1M.
1368 5690 1590 5762 Propius
1639 5698 1898 5762 accedunt
1945 5706 2034 5774 qui

435 5764 512 5819 ab
541 5767 778 5836 Apostoli
813 5772 960 5829 Pauli
985 5786 1139 5834 aetate
1169 5794 1475 5854 computant
1509 5802 1676 5846 annos
1705 5793 1822 5852 illos
1841 5764 2037 5857 circi-ter

2166 4607 2426 4676 imprimis
2466 4609 2522 4663 lit
2553 4611 2864 4680 verisimile,
2905 4629 3025 4669 cum
3059 4614 3244 4673 I’rocla
3273 4620 3597 4692 reliquisque
3618 4619 3755 4674 Mon-

2161 4699 2372 4752 lanistis
2397 4702 2724 4770 postdictatn
2742 4704 3179 4778 diSputationem,
3203 4714 3748 4771 etiam'I‘et-tullianum

2159 4805 2187 4844 a
2217 4791 2353 4861 Papa
2383 4793 2686 4867 Zephyrino
2712 4805 3233 4862 excommunicatum
3265 4808 3451 4876 fuisse,
3497 4825 3566 4866 ex
3586 4808 3751 4865 verbis

2159 4881 2374 4951 inquam
2397 4885 2501 4940 illis
2526 4886 2684 4942 :Dum
2705 4908 2904 4964 quat/ua
2927 4911 2990 4948 ea:
3007 4909 3157 4966 parte
3177 4899 3450 4955 anathema
3465 4900 3744 4964 audiamus,

2154 4975 2240 5044 qui
2253 4975 2400 5030 aliter
2419 4984 2800 5038 annuntiamus.
2824 4987 3024 5045 Deinde
3043 4994 3183 5052 varia
3209 5002 3317 5048 tum
3338 4993 3362 5048 Γ
3361 4997 3502 5050 uisse
3518 4995 3748 5051 celebra-

2157 5077 2205 5122 ta
2231 5083 2325 5160 per
2345 5070 2576 5129 Griecias
2591 5078 2833 5145 concilia,
2860 5082 2928 5136 ita
2965 5093 3188 5139 testatur
3221 5105 3234 5140 :
3265 5089 3498 5159 Agantur
3511 5097 3746 5160 praterca

2155 5177 2246 5230 per
2263 5159 2487 5218 ercias
2503 5167 2619 5220 illas
2639 5174 2786 5225 certis
2803 5173 2852 5226 in
2871 5174 2994 5229 locis
3009 5175 3235 5232 Concilia
3253 5195 3315 5233 ea:
3333 5159 3572 5235 universis
3584 5177 3752 5234 Eccle-

2152 5256 2264 5322 siis,
2296 5274 2386 5326 per
2409 5277 2522 5327 qtae
2547 5273 2593 5315 et
2618 5264 2805 5322 altiora
2834 5286 3043 5341 quicque
3070 5273 3122 5326 in
3151 5290 3416 5330 commune
3442 5286 3744 5342 tractantur,

2150 5357 2195 5401 et
2223 5347 2336 5419 ipsa
2355 5357 2734 5422 repra’sentatio
2761 5361 2912 5416 totius
2936 5365 3153 5420 nominis
3173 5363 3454 5423 Christiani
3479 5385 3660 5440 magna
3679 5383 3748 5422 ve-

2147 5442 2408 5498 neratione
2457 5447 2756 5506 celebratur.
2793 5446 3098 5514 Conventus
3128 5469 3295 5516 autem
3340 5462 3420 5517 illi
3457 5461 3742 5518 stationibus

2147 5535 2291 5603 prius
2327 5548 2386 5604 et,
2407 5541 2811 5611 jejunationibus
2855 5553 3070 5622 operati.
3105 5554 3240 5622 Qua:
3292 5559 3523 5614 maxime
3562 5563 3739 5612 contra

2147 5625 2496 5687 Montanistas
2523 5640 2859 5708 convenisse,
2884 5645 2967 5699 vel
2986 5646 3107 5702 inde
3125 5648 3254 5703 mihi
3272 5649 3524 5721 colligere
3541 5647 3734 5710 videor,

2142 5722 2283 5789 quod
2311 5724 2468 5780 etiam
2497 5727 2546 5782 in
2573 5727 2867 5804 Episcopos
2891 5737 3149 5806 quosdam
3176 5754 3240 5796 ea
3267 5741 3487 5796 hmresis
3505 5735 3738 5796 canceris

2139 5811 2192 5868 in
2244 5831 2448 5875 morem
2480 5836 2698 5895 serpere
2724 5829 3256 5906 ςιιιξρὶεςε-μ’ἱᾱιξειιιιι·³
3285 5849 3348 5892 ex
3377 5831 3460 5890 his
3483 5829 3732 5890 Auctoris
