4084 6344
362 385 425 446 8|
1671 386 1962 444 TERTULI

2068 387 2131 443 Nl
2172 388 2324 444 VITA
2339 430 2350 443 .
3617 395 3688 454 δε

359 500 548 560 verbis
584 519 598 557 :
633 499 764 557 Πανί
794 510 938 556 erunt
980 502 1236 572 exempla,
1295 511 1341 555 et
1392 502 1601 572 populo,
1644 511 1690 557 et
1728 503 1978 573 episcopis
2009 504 2061 562 Α
2091 503 2147 557 Ρ.
2174 503 2238 558 F.
2269 503 2616 561 ANULLINO
2643 506 2787 562 COS.
2809 522 3094 564 censemus
3128 510 3359 582 scriptos
3379 509 3686 568 TERTUI.‘

351 594 521 651 ctiam
554 593 888 666 Spiritalibus
912 610 932 658 ;
975 609 1098 649 nam
1145 593 1414 664 Spiritales
1460 594 1692 650 Montani
1744 595 1978 651 asseclas
2082 596 2266 652 LIANI
2310 599 2552 655 LIBROS
2593 599 2728 657 SEX
2761 601 2848 656 DE
2892 600 3196 669 ECSTASI,
3223 614 3276 660 et
3305 603 3676 663 ADVERSUS

356 686 651 759 Psycbicis
669 687 766 760 (ita
793 686 1098 742 Catholicos
1118 687 1449 744 calumniose
1470 687 1726 758 appellat)
1753 689 1977 759 opponit
2083 689 2525 748 APOLLONIUM
2572 692 2920 750 SEPTIMUM
2965 694 3134 768 (Inter
3175 696 3511 768 fragmenta),
3539 711 3678 768 quos

356 777 415 851 (Ι
426 779 536 834 bid.
559 796 608 834 c.
637 778 950 850 l5.).Porro
977 779 1022 833 si
1046 794 1170 835 vera
1197 780 1263 834 sit
1283 779 1441 835 lectio
1462 781 1599 850 apud
1621 781 1831 836 beatum
1855 780 1977 836 Hic-

353 888 654 946 ronymum
672 873 907 945 Epistula
931 874 1366 944 quinquagesima
1386 883 1568 945 quarta
1587 874 1651 929 ad
1673 873 1974 930 Marcellam

360 963 436 1021 de
467 965 828 1029 Montanistis,
860 965 1001 1036 quod
1033 964 1106 1020 illi
1143 976 1249 1020 tres
1279 966 1329 1020 in
1359 982 1501 1022 anno
1522 967 1976 1038 Quadragcsimas

353 1056 630 1120 facerent,
660 1057 814 1128 quasi
835 1067 942 1112 tres
961 1058 1100 1128 passi
1127 1067 1308 1112 essent
1327 1057 1668 1124 Salvutures;
1701 1059 1883 1129 incipit
1907 1059 1974 1113 ah

355 1148 472 1204 illis
505 1149 749 1203 nonnihil
777 1148 1068 1205 dissentire
1111 1150 1312 1204 Auctor
1345 1146 1401 1205 in
1438 1150 1662 1204 duarum
1712 1151 1972 1206 duntaxat

353 1241 926 1306 obscrvatione,sicuti
948 1257 1011 1296 ex
1038 1240 1119 1296 his
1139 1241 1336 1306 verbis,
1360 1243 1518 1298 etiam
1539 1241 1686 1312 juxta
1711 1242 1821 1298 MS.
1848 1243 1970 1298 cod.

352 1333 710 1390 manifestum
736 1333 794 1388 Iit
817 1351 829 1387 :
856 1333 1022 1398 Duas,
1049 1335 1243 1405 inqttis,
1273 1335 1322 1389 in
1351 1352 1485 1390 anno
1504 1335 1846 1393 hebdomadas
1867 1335 1916 1391 Χ
1921 1355 1973 1393 e-

347 1426 749 1498 rOphagiarum,
780 1443 873 1480 nec
897 1436 1050 1490 totas,
1082 1428 1304 1497 exceptis
1336 1427 1574 1482 Snbbatis
1597 1439 1641 1483 et
1665 1428 1970 1497 Dominicis,

349 1522 626 1591 o/fcrimtts
643 1521 771 1589 Deo,
800 1522 1104 1578 abstinentes
1125 1525 1187 1578 ab
1208 1524 1289 1587 iis,
1319 1539 1433 1592 qua:
1453 1541 1552 1579 non
1577 1525 1857 1593 reficimus,
1881 1526 1972 1579 sed

348 1616 907 1684 di/ferimus.Verum
958 1617 1024 1673 de
1059 1618 1159 1673 hoc
1211 1618 1374 1672 latins
1417 1617 1468 1673 in
1519 1618 1969 1676 Anuotationibus

349 1710 584 1768 nostris.

857 1783 1013 1836 Anno
1044 1781 1250 1837 Domini
1279 1797 1452 1838 ccxvr.

2081 783 2240 836 etiam
2256 783 2513 841 adversus
2535 785 2824 842 Ecclesiam
2841 788 3071 858 scriptos
3093 797 3354 844 testantur
3364 788 3688 862 B.Hierony-

2082 875 2558 947 mus,Sophron.et
2575 877 2858 949 Nicephor.
2871 878 2978 934 Nec
2993 880 3168 934 obstat
3185 881 3326 950 quod
3345 880 3674 952 Apollonium

2079 969 2308 1026 collocet
2328 971 2522 1025 Beatus
2541 972 2898 1044 Hieronymus
2914 973 3084 1029 Catal.
3109 973 3519 1046 Script.Eches.
3545 987 3672 1032 ante

2078 1065 2542 1136 Auctorem,quia,
2571 1067 2710 1136 quod
2738 1067 2870 1121 alias
2894 1066 3068 1122 facere
3093 1069 3249 1133 solet,
3284 1069 3478 1126 nullius
3507 1071 3677 1142 impc-

2079 1156 2274 1212 ratoris
2299 1159 2518 1214 ascribit
2547 1169 2807 1230 tempora.
2860 1159 3057 1216 Euseb.
3091 1176 3302 1232 quoque
3331 1161 3537 1218 Eccles.
3563 1163 3681 1218 his-

2078 1255 2182 1303 tor.
2208 1248 2300 1303 lib.
2333 1250 2385 1306 5.
2419 1265 2538 1321 cap.
2575 1251 2657 1304 17.
2681 1262 2730 1305 et
2753 1261 3008 1321 postemn
3029 1251 3523 1323 Nicephorus,eum
3545 1255 3684 1310 inter

2075 1357 2171 1398 eos
2187 1343 2400 1413 quidem
2428 1354 2675 1400 recenset
2714 1345 2803 1416 qni
2837 1345 3097 1401 adversus
3119 1345 3424 1402 Montanum
3451 1347 3682 1418 scripse-

2077 1446 2222 1500 runt,
2255 1437 2348 1492 sed
2376 1437 2681 1508 aliquandiu
2711 1447 2893 1508 postea
2917 1438 3280 1509 conscriptum
3298 1439 3682 1496 satisindicaut

2079 1529 2165 1584 illa
2193 1529 2355 1584 verba
2382 1549 2394 1585 :
2426 1549 2443 1580 ι
2473 1530 2640 1586 Porro
2669 1530 2976 1600 Apollonius
3001 1533 3232 1603 scriptor
3246 1531 3678 1600 Ecclesiasticus,

2081 1636 2245 1690 quum
2273 1637 2334 1675 ea
2356 1637 2476 1692 qua:
2499 1621 2896 1694 Catapltrygum
2918 1623 3154 1679 Hmt'esis
3193 1604 3572 1680 nominata-cst
3597 1624 3686 1680 ad-

2078 1711 2182 1768 huc
2211 1713 2262 1766 iu
2293 1713 2518 1786 Phrygia
2548 1714 2728 1786 vigere
2755 1715 3050 1780 videretur,
3071 1715 3286 1771 Librum
3308 1717 3593 1788 separatim
3611 1718 3676 1773 ad

2076 1814 2332 1874 patronos
2348 1805 2586 1876 ejusdem
2606 1806 2959 1863 coufutandos
2979 1809 3316 1881 conscripsit.
3338 1809 3539 1866 Deinde
3554 1826 3680 1867 con-

424 1904 522 1960 55.
589 1901 770 1960 Sancti
835 1900 1122 1972 Zephyrini
1191 1900 1418 1956 Romani
1493 1901 1766 1959 Pontiﬁcis
1833 1919 1961 1960 xv".
1999 1880 2237 1952 Bvincit
2271 1897 2401 1952 illud
2433 1899 2673 1969 ejusdem
2702 1917 2712 1952 :
2759 1899 2901 1955 Idem
2936 1901 3035 1955 iste
3063 1880 3366 1972 Apollonius
3398 1902 3450 1957 in
3481 1903 3672 1960 eodem

342 1995 614 2054 Antonini
658 1995 852 2066 ltnper.
903 1993 966 2048 V.
1024 1991 1261 2050 AIMILO
1306 1993 1512 2050 LIETO
1557 1995 1766 2068 (quem
1809 1997 1970 2067 paulo

349 2101 484 2162 post
523 2090 593 2146 ab
658 2089 931 2146 Antonino
990 2088 1325 2170 interfectum
1371 2089 1556 2144 scribit
1601 2089 1967 2164 Spartianus)

342 2186 443 2244 ΕΤ
499 2184 732 2242 ANICIO
787 2181 1085 2241 CEREALI
1138 2182 1325 2240 COSS.
1379 2201 1445 2240 eo
1488 2185 1604 2256 ipso
1638 2201 1743 2256 quo
1795 2188 1966 2242 Anto-

343 2281 515 2336 ninus
579 2278 633 2334 in
683 2275 1023 2348 expeditione
1053 2275 1369 2332 Germanica
1434 2277 1965 2351 (teste'Spartiauo)

340 2376 505 2446 juxta
566 2371 788 2429 Rhetias
865 2370 1062 2425 multos
1135 2369 1392 2425 barbaros
1457 2369 1718 2426 interfecit
1755 2413 1768 2434 ,
1845 2371 1968 2428 inde

347 2464 691 2537 potissimum
738 2459 1184 2518 GERMANICUS
1223 2463 1519 2532 appellatus
1545 2505 1560 2528 ,
1593 2471 1803 2532 putatur
1830 2465 1967 2519 scri-

351 2560 534 2628 psisse
552 2553 1082 2612 TERTULLIANUS
1115 2555 1307 2608 librum
1338 2554 1423 2608 DE
1452 2553 1790 2610 I’UDICITIA
1823 2553 1964 2626 (Lib.

364 2651 435 2704 de
478 2649 688 2702 Pudicit.
751 2663 800 2702 c.
851 2647 904 2702 7.
967 2655 1012 2700 et
1057 2663 1174 2716 cap.
1223 2646 1306 2701 l0.
1333 2647 1372 2716 ).
1406 2645 1463 2701 lu
1508 2662 1615 2716 quo
1644 2647 1965 2702 sententiam

361 2743 538 2798 sancti
594 2741 797 2794 Damasi
853 2739 904 2792 iu
971 2736 1272 2794 Pontiticali
1334 2738 1401 2792 de
1467 2737 1609 2792 vasis
1667 2737 1848 2794 vitreis
1899 2737 1965 2794 ad

351 2832 680 2891 sacriﬁcium
708 2831 971 2886 ordinatis
1009 2847 1039 2884 a
1078 2839 1265 2886 sancto
1297 2829 1626 2902 Zephyrino,
1648 2832 1968 2889 Confirmant

348 2928 475 2984 bzcc
505 2928 648 2984 illius
674 2927 870 2982 verba:
901 2925 995 2982 Cui
1012 2927 1098 2981 ille
1117 2927 1162 2981 si
1182 2926 1315 2996 forte
1335 2927 1733 2996 patrocinabitur
1751 2926 1963 2996 Pastor,

343 3039 507 3094 quem
553 3022 606 3076 in
650 3021 807 3075 calice
835 3020 1104 3091 depingis;
1144 3021 1377 3074 maxime
1408 3019 1550 3091 qttod
1582 3021 1821 3096 sequitur
1853 3037 1871 3075 :
1901 3022 1966 3076 At

343 3134 446 3188 ego
478 3117 589 3187 ejus
640 3113 876 3170 Pastoris
931 3114 1235 3184 scripturam
1287 3113 1467 3167 haurio
1503 3115 1590 3184 qui
1631 3117 1802 3186 frangi
1861 3131 1961 3171 non

347 3219 562 3280 potest;
596 3208 762 3279 frangi
808 3207 951 3262 enim
982 3206 1235 3262 facillime
1279 3217 1508 3278 possunt
1548 3209 1742 3264 calices
1774 3209 1957 3276 vitrei;

341 3315 490 3372 quos
541 3300 701 3355 etiam
753 3297 966 3368 depingi
998 3306 1106 3352 tum
1136 3297 1326 3353 solitos
1368 3312 1510 3361 esse,
1555 3297 1676 3354 hinc
1709 3302 1766 3354 tit
1793 3301 1963 3354 mani-

342 3395 571 3450 festum.
595 3391 690 3446 llic
704 3392 866 3446 etiam
891 3391 942 3444 in
963 3391 1064 3444 hoc
1085 3404 1116 3444 a
1145 3389 1480 3446 Montanistis
1507 3390 1749 3447 dissentit
1776 3431 1789 3456 ,
1820 3393 1961 3464 qnod

339 3499 542 3555 quum,
573 3491 706 3538 teste
735 3481 794 3537 Β.
841 3480 1060 3537 Ilierou.
1091 3480 1263 3552 Epist.
1306 3483 1652 3552 supracitata,
1680 3483 1962 3542 Montanus

342 3576 615 3633 sensisset
633 3590 738 3630 non
773 3588 931 3645 posse
971 3574 1218 3629 renovari
1239 3589 1335 3643 per
1351 3574 1716 3645 pmnitentiam
1737 3575 1960 3646 LapSoS,

338 3679 516 3740 atque
568 3667 701 3723 adeo
752 3666 901 3721 illuni
931 3680 1053 3720 cum
1108 3664 1408 3721 Novatiauo
1462 3667 1782 3739 conjnngat;
1818 3672 1960 3725 Auc-

342 3770 438 3816 tor
466 3759 727 3815 duntaxat
760 3757 987 3815 mmchis
1005 3757 1489 3814 ctforuicatorihus
1516 3760 1636 3832 (etsi
1659 3776 1959 3832 perperam,

337 3864 403 3911 et
433 3863 784 3925 contraqnam
827 3862 982 3907 antea
1008 3851 1300 3922 scripserat
1329 3853 1466 3908 libro
1497 3854 1563 3907 de
1609 3853 1830 3926 Pmnit.)
1866 3871 1960 3926 pa-

341 3963 476 4004 cem
511 3947 765 4004 Ecclesim
796 3960 974 4020 neget,
1021 3965 1338 4022 cppuguaus
1382 3966 1446 4004 ex
1498 3951 1774 4021 proposito
1828 3951 1961 4008 illud

342 4038 648 4111 Zephyrini
672 4041 856 4112 (quem
889 4040 1200 4096 Pontifieem
1222 4041 1508 4096 Maximum
1530 4043 1688 4097 etiam
1710 4043 1820 4113 jam
1855 4043 1964 4098 Iuc-

336 4136 553 4192 rcticus
579 4146 632 4192 et
664 4135 975 4207 Episcopum
1019 4135 1392 4208 Episcoporum
1425 4137 1679 4207 appellat)
1713 4156 1725 4192 :
1766 4136 1876 4209 Ego
1915 4147 1962 4192 et

335 4227 582 4283 ncnc/tia:
603 4236 648 4281 et
677 4227 1027 4296 fornicationis
1043 4229 1226 4283 delicta
1241 4230 1532 4299 paenitentia
1563 4231 1749 4301 functis
1761 4231 1962 4286 dimitto

336 4316 492 4390 (Lib.
515 4317 578 4371 de
597 4316 783 4373 Pudic.
809 4335 856 4372 c.
892 4317 993 4392 1.).
1021 4323 1196 4390 Atque
1221 4320 1321 4374 hoc
1347 4330 1430 4374 est
1451 4335 1568 4374 mea
1591 4321 1806 4391 quidem
1833 4337 1959 4376 sett-

335 4411 517 4469 tcntia
545 4411 682 4481 quod
711 4411 780 4468 de
820 4413 914 4468 illo
939 4413 1126 4500 scribit
1164 4413 1226 4467 B.
1263 4414 1485 4483 August.
1521 4414 1603 4470 lib
1633 4413 1701 4469 de
1729 4415 1958 4481 ll:eres.,

333 4502 688 4585 postmodum
704 4504 798 4560 abs
809 4505 1468 4578 Cataphrygihusdivisum
1483 4523 1575 4562 sua
1590 4508 1960 4564 conventicula

2072 1990 2236 2048 Libro
2264 2003 2668 2058 commemorat,
2701 1992 2843 2064 quod
2875 1993 3318 2064 quadragesimus
3337 1996 3448 2066 jam
3474 2011 3674 2060 annus,

2072 2087 2125 2141 in
2165 2101 2273 2158 quo
2299 2086 2515 2156 quidem
2559 2088 2624 2141 ad
2669 2090 2768 2144 hoc
2797 2105 2932 2160 opus
2961 2089 3302 2146 scribendum
3333 2107 3392 2148 se
3413 2093 3669 2158 contulit,

2069 2179 2422 2251 agebatur,ex
2442 2197 2547 2250 quo
2569 2180 2848 2236 Montanus
2869 2184 3150 2238 conlictam
3173 2193 3227 2239 ct
3251 2185 3672 2240 commentitiam

2070 2273 2407 2344 prophetiam
2438 2273 2738 2346 inemperit.
2779 2295 2797 2327 ι
2844 2276 3001 2346 Atqui
3047 2277 3114 2332 ab
3153 2276 3306 2334 initio
3335 2278 3674 2348 pontiﬁcatus

2069 2364 2238 2420 sancti
2263 2363 2573 2430 Eleutherii,
2598 2382 2702 2435 quo
2725 2365 3006 2422 Montanus
3029 2369 3273 2426 haeresim
3287 2371 3676 2441 sparsitsuam,

2071 2459 2147 2513 uti
2179 2459 2542 2527 supradictum
2570 2469 2672 2526 est,
2706 2460 2771 2515 ad
2803 2462 2944 2522 hunc
2970 2478 3139 2534 usque
3178 2465 3517 2522 intercedunt
3546 2471 3676 2523 anni

2073 2567 2203 2607 xui.
2226 2551 2378 2608 Sedit
2397 2551 2539 2607 enim
2573 2552 2913 2609 Eleutherius
2939 2564 3056 2625 post
3080 2557 3418 2613 consulatum
3457 2558 3673 2629 Cethegi

2070 2655 2124 2701 et
2145 2646 2288 2700 Clari
2319 2646 2528 2718 (utpote
2552 2658 2764 2702 creatus
2792 2649 2964 2719 pridie
2993 2650 3116 2705 Idus
3145 2650 3288 2718 Maii,
3313 2668 3478 2724 quum
3501 2663 3675 2709 exstet

2070 2739 2176 2794 illis
2195 2738 2504 2794 consulibus
2528 2740 2624 2809 Epi
2639 2741 2761 2795 tota
2786 2742 3081 2798 [)ccretalis
3097 2745 3264 2799 sancti
3291 2743 3496 2800 Soteris
3517 2744 3672 2816 Papa:

2069 2833 2190 2887 data
2215 2849 2268 2888 x.
2291 2831 2690 2903 CalendJunii)
2719 2849 2887 2905 usque
2912 2835 2978 2889 ad
3007 2835 3302 2891 Maternum
3331 2848 3382 2891 et
3410 2836 3672 2893 Praduam

2069 2926 2342 2993 consules,
2367 2925 2648 2982 defunctus
2669 2943 2760 2982 \‘lt.
2790 2928 2906 2982 Cal.
2934 2928 3098 2994 Juuii,
3131 2929 3181 2983 id
3209 2940 3288 2984 est
3315 2930 3384 2985 ab
3408 2945 3548 2983 anno
3571 2931 3674 2985 Do-

2072 3021 2199 3075 mini
2225 3035 2432 3076 CLXXII.
2459 3035 2623 3091 ustjue
2651 3020 2716 3074 ad
2743 3038 2938 3076 annum
2962 3037 3216 3076 ccxxxvt.
3245 3037 3337 3093 per
3359 3037 3528 3077 annos
3560 3038 3668 3087 xiv,

2070 3111 2185 3168 dies
2241 3128 2336 3167 χιιι
2364 3111 2595 3168 Sanctus
2643 3111 2840 3178 Victor,
2871 3123 2927 3168 ut
2953 3130 3109 3182 supra
3138 3115 3338 3168 dictum
3366 3125 3466 3180 est,
3498 3129 3668 3168 annos

2068 3221 2170 3271 xtt;
2202 3220 2500 3272 mensemt,
2531 3204 2648 3260 dies
2679 3221 2876 3270 xxvut;
2937 3223 3058 3262 cum
3131 3207 3311 3264 Sancti
3372 3207 3662 3280 Zepltyrini

2068 3316 2192 3356 xvm
2216 3302 2346 3356 fient
2363 3300 2488 3357 anni
2511 3316 2636 3355 xui.

2535 3395 2692 3446 Auno
2733 3391 2941 3446 Domini
2986 3407 3200 3448 ccxvut.

2141 3482 2170 3555 §
2199 3482 2363 3539 XVII.
2387 3483 2618 3550 Quonam
2656 3483 2832 3538 ultimo
2881 3495 3103 3554 tempore
3141 3485 3390 3554 ﬂoruerit.
3418 3485 3584 3540 —-37.
3607 3484 3665 3542 S.

2067 3577 2356 3649 Zephyriui
2405 3577 2559 3648 Papm
2583 3576 2807 3631 Romani
2837 3592 2945 3631 xtx.
2977 3577 3228 3631 Antonini
3259 3593 3350 3632 vn.
3393 3577 3669 3648 utriusque

2068 3669 2276 3736 ultimo,
2308 3667 2608 3726 BRUTTIU
2631 3667 3012 3724 PRA‘JSENTE
3046 3667 3134 3722 ET
3155 3666 3398 3723 MESSIO
3430 3667 3668 3723 EXTIil-

2065 3761 2249 3818 CATO
2277 3761 2459 3818 COSS.
2487 3777 2586 3818 nos
2613 3762 2772 3818 etiam
2795 3761 3032 3817 historia:
3051 3773 3247 3818 nostra:
3272 3761 3668 3818 Tertullianica:

2067 3853 2226 3908 ﬁnem
2259 3854 2604 3924 imponimus.
2650 3853 2764 3908 Non
2797 3855 2938 3924 quod
2984 3865 3135 3910 certo
3171 3855 3395 3909 velimus
3423 3869 3666 3909 asserere

2069 3961 2251 4018 postea
2282 3964 2386 4003 non
2417 3947 2776 4019 supervixissc
2797 3946 3524 4019 TERTULLIANUM,quem
3546 3947 3667 4003 Tri-

2068 4041 2299 4096 themius
2327 4042 2514 4098 scribit
2541 4043 2736 4096 vixisse
2766 4057 2933 4113 ustjue
2958 4041 3024 4096 ad
3055 4052 3326 4098 senectam
3355 4053 3408 4098 et
3433 4043 3664 4105 senium,

2066 4135 2162 4191 sed
2191 4135 2331 4206 quod
2361 4133 2553 4190 saltem
2578 4149 2607 4188 a
2635 4135 2920 4189 scribendo
2966 4134 3250 4190 destiterit.
3291 4133 3667 4191 Sentiebamus

2065 4227 2375 4299 aliquando,
2409 4243 2571 4297 quum
2603 4228 2658 4282 in
2686 4227 2834 4281 illum
2867 4227 3255 4283 Anuotationes
3281 4211 3662 4294 scriberemus,

2066 4317 2614 4390 Librumdelejunits,
2646 4318 2746 4373 sub
2767 4318 2824 4374 S.
2857 4319 3063 4374 Calixto
3091 4335 3223 4388 papa
3250 4318 3456 4374 editum
3476 4319 3662 4385 fuisse,

2065 4414 2206 4486 quod
2222 4413 2545 4486 Jejuniorum
2561 4413 2860 4469 meminerit
2877 4415 3002 4467 citra
3020 4412 3136 4467 illos
3149 4415 3255 4468 dies
3271 4413 3448 4480 quibus
3466 4414 3667 4468 ablatus

2064 4517 2137 4560 est
2153 4523 2368 4575 sponsus
2387 4505 2525 4573 (Lib.
2545 4505 2794 4578 de-chnn.
2815 4523 2860 4559 c.
2884 4507 2964 4562 I5.
2989 4523 3041 4562 ιι.
3066 4507 3156 4562 78.
3177 4505 3299 4560 ibid.
3319 4523 3366 4560 c.
3384 4507 3417 4562 4
3446 4506 3488 4579 ).
3516 4507 3564 4562 id
3583 4517 3668 4563 est

332 4611 700 4670 propagasse,
759 4597 999 4652 fortassis
1057 4597 1195 4668 quod
1246 4598 1356 4668 jam
1406 4597 1671 4654 detuuctis
1726 4600 1832 4656 illis
1869 4601 1958 4672 qui
1985 4607 2039 4668 1)
2065 4609 2216 4655 extra
2247 4597 2729 4670 quadragesiutant,
2759 4599 3130 4654 existimantes
3168 4598 3329 4653 aIIutli
3357 4599 3421 4654 ad
3457 4598 3662 4669 jejunia

333 4698 478 4748 κατά
515 4689 756 4746 Proetum
777 4691 952 4762 (cujus
973 4693 1088 4762 ipse
1112 4692 1366 4764 sectator)
1384 4691 1722 4760 dicebantur,
1741 4695 1956 4751 obtine-

335 4793 472 4840 rent
514 4782 744 4855 palutam
791 4783 862 4837 illi
913 4784 1002 4855 qui
1057 4783 1350 4840 secundum
1397 4784 1729 4842 [Eschiuetm
1762 4786 1958 4860 Utpote

331 4887 539 4932 contra
565 4889 698 4946 quos
727 4877 882 4930 tacite
903 4876 1184 4946 scripserit
1224 4876 1416 4932 librum
1439 4877 1699 4956 adversus
1718 4879 1954 4936 Praxeau

330 4971 414 5027 de
444 4969 604 5024 Patre
629 4977 683 5024 et
708 4967 842 5024 Filio
873 4986 978 5025 non
1011 4971 1235 5028 eisdem.
1269 4972 1598 5029 Dissensisse
1619 4974 1780 5029 etiam
1807 4976 1956 5031 illum

328 5060 724 5119 annotavimus
745 5061 810 5116 de
824 5061 1030 5117 duabus
1045 5061 1302 5118 duntaxat
1329 5063 1786 5136 Quadi-agesiuiis.
1813 5066 1956 5136 Qua-

331 5169 406 5212 re
438 5152 712 5220 falluntur,
740 5155 827 5224 qui
856 5171 922 5208 ex
956 5169 1022 5209 eo
1046 5154 1166 5211 loco
1192 5156 1452 5228 colligunt
1473 5172 1594 5212 eum
1623 5159 1689 5213 ad
1720 5159 1951 5216 catholi-

329 5262 470 5305 cam
504 5244 803 5302 Ecclesiam
844 5247 1091 5315 rediisse,
1143 5249 1377 5305 maxime
1421 5265 1587 5320 quum
1632 5251 1693 5306 Β.
1726 5253 1952 5324 August.

327 5353 568 5397 causam
589 5337 781 5394 haeres.
809 5339 1082 5410 duplicem
1112 5341 1386 5412 assignat,
1417 5350 1526 5396 tum
1549 5343 1670 5413 quia
1691 5347 1957 5403 transiens

324 5432 407 5489 ad
430 5430 791 5504 Cataphrygas
835 5434 998 5505 coepit
1029 5434 1293 5490 secundas
1321 5435 1532 5506 nuptias
1548 5437 1826 5506 damnare,
1847 5449 1957 5497 tum

341 5526 488 5600 quia
521 5540 616 5581 sua
645 5528 1016 5583 conventicula
1052 5529 1380 5600 propagavit.

835 5626 991 5676 Anno
1023 5621 1236 5678 Domini
1268 5639 1469 5679 ccxvtt.

413 5711 510 5768 36.
559 5709 740 5768 Sancti
788 5712 1077 5786 Zephyrini
1115 5713 1273 5784 Papm
1319 5714 1543 5771 Romani
1573 5733 1720 5778 xvut.
1765 5728 1816 5775 et
1844 5720 1956 5776 An-

327 5807 605 5866 toninivt.
637 5805 702 5876 ρ.
729 5804 1007 5875 AQUILIO
1039 5806 1304 5863 SABINO.
1325 5798 1370 5862 II
1406 5809 1494 5878 (ad
1517 5825 1674 5879 quem
1700 5810 1955 5882 Ulpianns

327 5901 540 5961 Libros
561 5900 652 5958 5|.
680 5901 1012 5975 Digestorum
1035 5902 1273 5976 scripsit)
1295 5904 1379 5963 ET
1401 5903 1600 5964 SEXT.
1624 5905 1948 5967 AURELIO»

2067 4693 2474 4764 IV.Tctttp0l‘ttllt
2497 4692 2562 4747 ab
2585 4693 2676 4747 illo
2705 4694 2962 4747 instituta.
2995 4691 3098 4747 Sed
3126 4691 3212 4747 ubi
3243 4692 3454 4762 penitus
3482 4692 3660 4762 inspe-

2011 4793 2015 4797 '
2065 4785 2261 4850 ximus,
2295 4793 2470 4855 potest
2499 4783 2686 4839 referri
2714 4791 2805 4838 aut
2829 4784 2892 4837 ad
2925 4783 2975 4838 id
3005 4783 3147 4854 quod
3165 4785 3434 4854 sequitur:
3466 4781 3662 4838 Et'sta-

2065 4879 2260 4932 tionum
2288 4878 2610 4948 semijcjunia
2631 4879 3008 4947 interponentes
3037 4878 3252 4948 (nempe
3284 4876 3428 4932 ferite
3457 4887 3663 4948 quarta:

2062 4979 2115 5024 et
2145 4979 2310 5024 sexta:
2339 4971 2404 5022 ad
2436 4974 2618 5023 horam
2652 4986 2817 5040 usque
2847 4970 3064 5038 nonam)
3099 4979 3143 5022 ct
3179 4967 3429 5022 interdum
3461 4985 3591 5038 pane
3615 4979 3662 5021 et

2063 5080 2196 5134 aqua
2222 5064 2623 5128 victitantes,aut
2646 5062 2711 5117 ad
2739 5062 2998 5133 jejunium
3031 5061 3269 5127 Subbali,
3303 5061 3448 5132 quod
3476 5061 3660 5116 linunt:

2061 5155 2433 5212 celebrabatur
2461 5171 2527 5210 ex
2577 5166 2796 5223 statuto,
2839 5171 2945 5210 non
2977 5155 3028 5209 in
3071 5153 3244 5209 Africa
3273 5154 3468 5227 (cujus
3497 5155 3658 5212 etiam

2062 5251 2220 5323 paqu
2250 5260 2369 5322 post
2395 5250 2662 5317 meminit)
2681 5260 2769 5304 aut
2791 5249 2856 5303 ad
2872 5248 3073 5318 jejunia
3094 5247 3474 5304 Pmnileutium
3497 5252 3658 5304 etiam

2061 5343 2606 5409 Catechumenorum,
2641 5342 2707 5397 de
2747 5343 2936 5412 quibus
2969 5340 3082 5411 ipse
3109 5341 3162 5395 in
3206 5341 3319 5396 haec
3340 5341 3504 5396 verba
3533 5350 3660 5396 ante

2061 5436 2342 5495 haeresim:
2379 5435 2711 5510 lngressnros
2741 5434 3068 5505 baptismum,
3098 5437 3410 5492 orationibus
3431 5437 3618 5492 crebris
3638 5477 3654 5503 ,

2053 5532 2268 5604 jejuniis
2296 5542 2341 5586 et
2379 5529 2833 5603 geniculationibus
2871 5537 2918 5583 et
2949 5529 3225 5601 pervigiliis
3269 5547 3418 5585 orare
3461 5538 3660 5602 oportet

2074 5625 2212 5699 (Lib.
2239 5626 2301 5680 de
2320 5625 2518 5696 Bnptis.
2539 5639 2583 5678 c.
2605 5623 2722 5693 20),
2751 5631 2842 5677 aut
2869 5622 3097 5694 denique
3122 5622 3186 5679 ad
3208 5623 3408 5695 jejuuia
3438 5625 3492 5680 in
3518 5623 3659 5699 Vigi-

2063 5719 2147 5775 liis
2170 5717 2534 5774 Festivitatum
2563 5716 3085 5773 Ecelesiasticarum.
3124 5719 3298 5790 Atque
3326 5718 3460 5775 adeo
3482 5720 3657 5791 placet

2061 5816 2120 5872 Β.
2145 5812 2764 5887 lliermtymi,SOphronli
2787 5821 2841 5868 ct
2859 5813 3137 5885 Nicephori
3155 5813 3418 5871 sententia
3440 5815 3530 5887 qui
3547 5832 3656 5873 ttott

2058 5907 2158 5965 sub
2183 5905 2418 5963 Macrino
2443 5917 2531 5962 aut
2561 5903 2928 5979 llcliugttbalo,
2952 5903 3043 5963 scd
3068 5905 3168 5962 sub
3195 5906 3393 5966 Severo
3416 5907 3656 5981 principe
