4084 6344
474 368 544 428 ss
1365 339 1375 348 '
1783 350 2240 412 TERTULLIAM
2281 351 2463 409 vna.

3724 348 3802 414 8L

475 495 531 541 et
556 480 828 539 Antonino
855 477 1122 537 Caracalla
1147 474 1391 534 ﬂoruisse
1421 482 1476 531 et
1499 473 1780 546 scripsisse
1809 479 2072 528 testantur
2099 472 2151 532 A
2177 486 2334 540 quam
2368 477 2485 540 post
2506 467 2775 536 haeresim,
2796 465 2888 525 sed
2907 480 3064 539 quam
3092 473 3249 523 antea
3267 464 3446 524 adhuc
3471 463 3798 525 Catholicus

481 577 625 632 hunc
661 585 934 630 auctorem
967 580 1241 637 nostrum;
1292 566 1525 624 maxime
1553 579 1718 637 quum
1749 564 1848 620 sub
1887 562 1943 620 S.
1975 562 2074 618 Zc‘

481 668 710 738 phyrino
736 666 995 722 Pontiticc
1021 679 1210 720 omnes
1235 662 1380 718 illum
1406 660 1665 717 claruisse
1685 658 1942 724 scribant,
1969 672 2073 712 non

483 762 586 817 sub
603 759 855 825 Callxto;
891 768 1086 829 praiter
1113 773 1276 812 unum
1316 755 1548 826 aliquem
1583 753 1914 808 neotericum
1937 792 1950 816 ,
1987 752 2078 821 qui

484 866 664 908 tamen
687 865 808 907 eum
837 851 948 922 jam
974 859 1128 906 antea
1156 849 1259 904 sub
1301 847 1536 907 Adriano
1561 846 1775 902 Czesare
1826 844 2078 900 eumdem

483 944 686 1000 fecerat
702 959 827 1000 eum
879 942 1191 1015 Tertyliano
1239 940 1334 996 JC.
1367 941 1534 995 Porro
1563 947 1893 1010 postremum
1918 936 2084 994 fuisse

487 1037 633 1094 hunc
659 1051 857 1091 artuum
889 1033 1446 1090 AntoniniCaraeallm
1469 1032 1603 1102 lmp.
1640 1045 1744 1084 non
1771 1038 2083 1100 sequentem

489 1129 591 1203 (uti
621 1128 973 1186 Cassiodorus
993 1126 1198 1201 habet),
1232 1135 1378 1199 patet
1416 1142 1480 1182 ex
1502 1125 1674 1179 Fastis
1699 1123 2086 1179 Consularibus

491 1222 968 1289 emendatioribus,
991 1221 1042 1276 in
1059 1221 1255 1292 quibus
1270 1220 1349 1274 sic
1361 1217 1642 1273 scribitur:
1671 1235 1691 1271 ι
1719 1216 1831 1272 Hoc
1859 1231 2000 1271 anno
2020 1215 2087 1271 ad

492 1333 567 1372 Vl.
591 1316 710 1371 ldus
730 1315 896 1386 April.
924 1313 1057 1369 IMP.
1076 1311 1586 1369 CES.M.Aurelius
1605 1309 1717 1364 Divi
1741 1309 1924 1365 Severi
1949 1308 2088 1364 filius

491 1409 796 1465 Antoninus
835 1411 1105 1479 Angustus
1133 1397 1472 1462 Britannicus
1503 1403 1856 1459 Germanicus
1880 1403 2091 1458 occisus

494 1510 577 1556 est
597 1500 836 1572 (Apolog.
861 1514 980 1569 cap.
1007 1499 1144 1569 15.).
1170 1498 1343 1565 Quum
1361 1496 1502 1551 enim
1528 1494 1722 1568 (inquit
1749 1492 2092 1564 Spartianus)

497 1595 660 1651 vellet
683 1595 873 1649 iterum
899 1593 1108 1648 Parthis
1136 1592 1329 1647 bellum
1375 1589 1576 1646 inferre
1602 1598 1762 1660 atque
1793 1587 2094 1660 hybernare

498 1685 741 1754 Edessze,
771 1694 930 1756 atque
961 1685 1083 1740 inde
1115 1686 1305 1740 Carras
1343 1683 1476 1738 Luni
1511 1680 1604 1737 Dei
1633 1681 1803 1752 gratia
1835 1680 1927 1750 (de
1965 1695 2091 1752 quo,

2177 563 2440 626 ediderat,
2470 577 2660 633 nempe
2681 561 2773 618 lib.
2799 560 2865 617 de
2898 561 3237 624 Pinnitentia,
3267 575 3330 617 ex
3372 575 3484 632 quo
3518 561 3692 616 multa
3719 560 3810 633 ipa

2179 671 2297 712 sum
2327 657 2678 726 descripsisse
2704 655 2828 711 alibi
2867 656 3265 709 annotaviiuus.
3295 653 3458 710 Certe
3490 655 3536 708 si
3571 655 3644 709 ita
3673 669 3797 712 ere-

2178 751 2348 807 ditum
2378 751 2582 816 fuisset,
2615 766 2720 807 non
2746 757 3024 820 tantopere
3056 748 3304 804 lueresim
3335 747 3499 819 hujus
3533 747 3663 803 boni
3691 728 3796 805 iiii

2183 846 2516 918 deplorasset
2550 845 2607 901 S.
2655 842 2966 900 Vincentius
2997 841 3318 907 Lirinensis,
3358 845 3526 910 cujus
3580 839 3800 896 interim

2188 939 2349 995 verba
2368 938 2604 995 Antidoti
2631 939 2772 1002 loco,
2804 950 2871 992 ne
2895 936 3015 1006 quis
3036 934 3174 992 forte
3200 950 3267 992 ex
3289 949 3354 991 eo
3377 933 3799 999 scandalizetur,

2188 1033 2431 1089 addenda
2472 1032 2806 1104 putavimus:
2844 1049 2863 1084 ι
2884 1029 3004 1086 Fuit
3034 1031 3135 1086 iste
3161 1044 3375 1102 quoque
3400 1030 3422 1095 (
3449 1027 3705 1084 alludens
3736 1027 3801 1084 ad

2189 1124 2497 1196 Origenem,
2528 1124 2597 1181 de
2621 1139 2728 1196 quo
2761 1123 2955 1182 similia
2979 1124 3285 1194 scripserat,
3307 1123 3396 1194 qui
3424 1137 3456 1176 a
3488 1122 3600 1177 [ine
3631 1122 3800 1190 impe-

2191 1221 2258 1276 rii
2297 1219 2484 1276 Severi
2524 1218 2589 1273 ad
2619 1219 2838 1275 Decium
2867 1232 3036 1290 usque
3079 1215 3516 1288 supervixit).in
3565 1215 3804 1272 Ecclesia

2193 1326 2384 1383 magna
2415 1312 2656 1369 tentatio.
2684 1310 2883 1382 Sedde
2915 1312 3017 1365 hoc
3063 1311 3188 1365 uolo
3217 1309 3367 1381 plura
3411 1308 3606 1365 dicere
3643 1327 3656 1364 :
3703 1308 3804 1365 hoc

2196 1413 2398 1460 tantum
2420 1403 2878 1468 eonunemorabo,
2903 1402 3044 1474 quod
3063 1411 3249 1460 contra
3271 1403 3435 1459 Mosis
3453 1411 3804 1475 pr:cceptum,

2194 1507 2514 1569 exurgentes
2545 1496 2595 1551 in
2644 1496 2882 1551 Ecclesia
2911 1496 3151 1552 novellas
3182 1496 3419 1551 Montani
3458 1495 3630 1550 furias
3652 1505 3706 1550 et
3732 1495 3808 1549 in-

2197 1607 2327 1648 sana
2359 1591 2449 1646 illa
2489 1591 2799 1647 insanarum
2829 1590 3111 1645 mulierum
3145 1589 3331 1645 novitii
3361 1589 3642 1660 dogmatis
3666 1604 3810 1644 Som-

2201 1687 2284 1741 nia
2330 1701 2484 1741 veras
2528 1684 2837 1756 prophetias
2867 1683 3248 1748 asseverando,
3289 1684 3493 1738 meruit
3546 1694 3606 1738 ut
3633 1681 3703 1737 de
3748 1696 3805 1737 se

498 1778 640 1850 quod
665 1779 887 1850 insuper
920 1777 1087 1844 addit,
1118 1778 1182 1832 ad
1204 1777 1530 1832 intellectum
1566 1774 1687 1830 facit
1716 1774 1984 1841 Auctoris,
2004 1774 2092 1844 qui
2124 1799 2172 1859 Β
2200 1793 2412 1850 quoque
2441 1788 2493 1833 et
2535 1775 2815 1849 scripturis
2855 1777 2966 1833 suis
3010 1774 3276 1832 diceretur
3298 1765 3408 1832 :“Si
3446 1776 3728 1830 surrexerit
3755 1776 3808 1829 in

503 1875 697 1931 alicubi
727 1874 1020 1929 ﬂosculum
1047 1874 1253 1928 Lunam
1281 1871 1439 1940 ridet)
1473 1871 1727 1936 venisset,
1775 1869 1862 1924 die
1891 1867 2098 1924 Natalis

500 1966 581 2021 sui
601 1967 728 2037 ipsis
760 1967 1167 2036 lliegaleusibns,
1203 1962 1409 2020 insidiis
1432 1980 1462 2018 a
1495 1964 1728 2018 Macrino
1751 1961 1912 2017 Praef.
1940 1963 2096 2017 l'raet.

500 2059 809 2130 positis,qui
839 2068 1083 2129 pOsteum
1099 2059 1290 2113 invasit
1310 2056 1978 2127 lmperium,interemptus
1993 2064 2099 2120 est,

500 2152 568 2205 ab
607 2151 798 2207 eodem
833 2163 1008 2206 tamen
1041 2152 1091 2206 in
1121 2151 1260 2206 Deos
1294 2150 1510 2216 relatus,
1539 2155 1594 2203 et
1627 2149 1826 2220 templo
1853 2150 1903 2205 ei
1930 2147 2102 2203 acditi-

500 2253 640 2308 cato,
665 2252 719 2299 et
734 2243 894 2300 Saliis
911 2244 1124 2299 additis.
1141 2263 1158 2296 ι
1174 2244 1530 2299 Cuntirmatur
1548 2243 1662 2297 inec
1675 2258 1792 2297 mea
1814 2241 2103 2308 sententia,

504 2338 645 2407 quod
674 2338 831 2392 nulla:
847 2348 1030 2393 extent
1053 2339 1195 2409 leges
1213 2336 1485 2392 Antonino
1497 2347 1548 2392 ct
1566 2336 1809 2392 Adventu
1827 2335 1984 2393 Cass.
2007 2337 2103 2393 sed

508 2431 762 2486 Antonini
790 2434 924 2502 Aug.
950 2432 1104 2486 titulo
1127 2431 1248 2486 duae
1274 2431 1543 2486 Praisente
1571 2441 1621 2485 et
1653 2430 1926 2486 Extricato
1947 2428 2101 2485 Coss.

455 2563 458 2566 -
525 2523 687 2580 altera
710 2523 803 2578 lib.
831 2541 905 2580 ix.
936 2522 1068 2579 Cod.
1093 2524 1215 2579 data
1240 2539 1354 2579 vin.
1374 2523 1491 2578 Kal.
1516 2523 1667 2578 Mm.
1691 2526 1854 2578 altera
1874 2523 1964 2578 lib.
1987 2537 2101 2578 vnt.

525 2616 874 2676 l'it.58.lib.5.
896 2635 961 2675 ex
979 2619 1094 2675 Kal.
1125 2618 1327 2674 Martiis
1350 2620 1505 2689 paulo
1530 2630 1654 2674 ante
1680 2619 1903 2674 obitum.
1929 2617 2105 2689 impe-

508 2711 646 2766 ravit
675 2709 900 2782 proinde
928 2727 956 2764 a
989 2712 1156 2782 pridie
1177 2711 1358 2767 Nonas
1375 2712 1532 2768 Febr.
1563 2711 1688 2766 anni
1715 2713 1920 2767 Domini
1942 2727 2102 2767 ccxn.

510 2819 681 2874 usque
714 2803 778 2858 ad
819 2803 1018 2860 dictum
1041 2804 1207 2876 diem,
1229 2820 1404 2862 annos
1432 2818 1525 2861 vn.
1552 2819 1766 2861 menses
1803 2820 1863 2860 tl.
1897 2806 2015 2860 dies
2035 2820 2105 2860 Iv.

511 2897 674 2967 Atqui
700 2896 754 2952 S.
809 2897 1114 2971 Zephyrino
1167 2900 1345 2971 Papm,
1390 2915 1547 2971 quem
1576 2909 1629 2956 et
1677 2899 1732 2956 8.
1761 2897 2020 2955 Damasus
2057 2908 2112 2955 et

513 2989 605 3044 alii
627 3004 816 3045 omnes
843 2990 927 3046 his
953 2992 1267 3047 Consulibus
1293 2992 1455 3046 vitam
1481 2992 1681 3048 fudisse
1706 2991 1968 3058 scribunt,
2003 3007 2108 3046 non

517 3092 743 3151 possunt
773 3085 954 3155 plures
979 3086 1103 3140 anni
1125 3087 1284 3141 trihui
1304 3101 1460 3157 quam
1486 3096 1660 3142 xtx.et
1687 3086 1803 3142 dies
1827 3101 1934 3141 xw.
1970 3087 2111 3158 quod

2204 1875 2367 1928 medio
2401 1874 2474 1927 tui
2526 1872 2796 1944 propheta,
2837 1883 2943 1930 etc.
2993 1888 3094 1927 non
3145 1872 3323 1926 audies
3360 1858 3521 1925 uerba
3553 1869 3809 1941 prapltctie

2202 1968 2357 2022 illius.
2401 1967 2618 2034 Quare?
2649 1966 2800 2034 Quia,
2833 1966 3023 2037 inquit,
3064 1975 3216 2020 tentat
3249 1983 3333 2020 vos
3380 1964 3641 2018 Dominus
3685 1961 3814 2017 Dens

2202 2072 2384 2130 vester,
2412 2071 2582 2116 utrum
2608 2061 2834 2132 diligatis
2861 2075 2998 2126 eum,
3028 2077 3094 2113 an
3123 2076 3243 2115 non.
3301 2057 3398 2114 llis
3427 2057 3593 2129 igitur
3640 2066 3716 2112 tot
3756 2070 3814 2112 ac

2205 2157 2367 2210 tantis
2396 2155 2712 2224 easterisque
2735 2151 3003 2223 ejusmodi
3027 2150 3521 2208 ecclesiasticarum
3544 2148 3814 2219 exemplo.

2205 2261 2325 2304 rum
2352 2247 2607 2310 molibus,
2634 2247 2912 2302 evidenter
2932 2247 3234 2311 advertere,
3266 2261 3328 2300 ac
3349 2245 3657 2301 secundum
3691 2245 3811 2298 Dono

2205 2340 2489 2395 teronomii
2517 2340 2661 2411 leges
2682 2340 2801 2394 luce
2822 2339 3019 2394 clarius
3037 2338 3333 2409 intelligere
3353 2337 3622 2394 debemus
3638 2380 3651 2403 ,
3678 2335 3813 2408 quod

2209 2433 2254 2488 si
2291 2431 2504 2502 quando
2533 2432 2727 2501 aliquis
2751 2429 3148 2487 ecclesiasticus
3175 2429 3436 2501 magister
3457 2430 3810 2493 aberraret-it.

2207 2526 2276 2581 ad
2305 2526 2653 2582 tentationem
2693 2533 2934 2580 nostram
2964 2523 3017 2580 id
3075 2523 3188 2580 ﬁeri
3241 2523 3585 2597 providentia
3633 2523 3802 2578 divina

2207 2622 2460 2693 patiatur,
2487 2630 2665 2676 utrum
2688 2619 2970 2691 diligamus
2989 2620 3179 2685 Deum,
3198 2635 3264 2674 an
3287 2634 3420 2687 non,
3447 2620 3501 2674 in
3523 2625 3638 2674 toto
3653 2615 3807 2673 corde

2207 2714 2342 2771 etin
2376 2723 2481 2768 tota
2509 2714 2683 2769 auium
2717 2723 2919 2768 nostra.
2961 2733 2979 2766 ι

2287 2808 2316 2879 §
2348 2805 2531 2862 XVIII.
2565 2806 2640 2862 De
2659 2805 3148 2861 Tertullianistis.—
3174 2805 3261 2863 59.
3291 2805 3539 2878 Denique
3558 2802 3814 2861 coronidis

2214 2901 2349 2967 vice,
2383 2916 2488 2956 non
2533 2899 2984 2972 prretereundum,
3009 2897 3152 2970 quod
3177 2915 3247 2955 ex
3273 2899 3332 2953 Β.
3368 2901 3596 2970 August.
3637 2895 3816 2951 didici-
3875 2923 3881 2928 -

2215 3010 2354 3061 mus,
2385 2993 2605 3049 durasse
2633 2991 2905 3059 adhuead
2942 3007 3036 3048 sua
3061 3007 3228 3064 usque
3246 3002 3495 3064 tempora
3521 2988 3812 3046 'I‘ERTUL-

2213 3087 2567 3144 LIANISTAS
2596 3086 2909 3155 Haereticos,
2938 3095 2993 3142 et
3021 3096 3130 3141 tum
3157 3087 3392 3158 primum
3419 3087 3472 3141 in
3498 3083 3818 3142 Catholicam

511 3192 542 3230 a
570 3191 642 3232 tv.
670 3176 792 3232 ldus
821 3179 1042 3250 Augusti
1084 3181 1208 3235 anui
1236 3181 1440 3244 Domini
1463 3194 1714 3237 crxxxrx.
1739 3194 1908 3250 usque
1924 3179 1989 3235 ad
2014 3196 2103 3236 vn.

2218 3185 2508 3241 Ecclesiam
2541 3184 2834 3240 transiisse.
2859 3183 3064 3252 Quibus
3109 3172 3268 3239 etiam
3295 3187 3498 3256 magis,
3529 3197 3686 3254 quam
3721 3179 3813 3248 ipsi

518 3271 641 3328 Kal.
681 3272 987 3344 Septemb,
1037 3291 1142 3345 quo
1190 3275 1472 3330 defunctus
1533 3283 1637 3343 est,
1691 3275 1913 3331 totidem
1960 3289 2110 3330 cum-

515 3367 965 3436 pnteutnr.Quem
983 3383 1140 3438 quum
1161 3367 1400 3424 Ecclesia
1420 3368 1556 3423 inter
1577 3365 1834 3440 Martyres
1855 3367 2110 3434 celebret,

520 3469 752 3528 Oportet,
788 3470 843 3514 ut
865 3461 1086 3518 absente
1109 3462 1219 3534 jam
1251 3463 1541 3529 Antonino,
1573 3463 1764 3517 iterum
1807 3478 1902 3535 per
1928 3462 2110 3517 Ponti-

523 3553 939 3611 lieesldolornm
971 3559 1204 3612 excitata
1261 3556 1421 3612 fuerit
1471 3555 1677 3623 Romae,
1717 3563 1772 3612 et
1817 3556 2056 3612 fortassis
2082 3570 2111 3611 a

521 3645 757 3703 Macrino
785 3649 1091 3704 continuata
1115 3648 1248 3722 '(qui
1282 3649 1505 3721 proinde
1530 3649 1691 3705 etiam
1725 3656 1846 3720 post
1873 3665 2071 3704 annum
2095 3693 2110 3718 ,

523 3754 763 3795 mensem
791 3756 828 3796 ι.
881 3741 999 3796 dies
1036 3743 1257 3813 aliquot,
1307 3757 1336 3796 a
1386 3743 1496 3798 Deo
1541 3742 1688 3798 caede
1728 3741 1944 3809 punitus
1990 3740 2118 3814 est)

523 3832 950 3889 Christianorum
997 3835 1319 3904 persecutio,
1363 3834 1457 3890 sed
1480 3835 1603 3906 quia
1631 3834 1813 3890 localis
1836 3833 2116 3902 duntaxat,

525 3940 631 3978 non
657 3932 961 3995 computata
987 3925 1055 3979 ab
1080 3923 1368 3981 historicis.

601 4016 674 4070 Ac
721 4017 926 4086 ﬁnierit.
958 4047 1029 4058 --
1068 4018 1157 4074 58.
1207 4018 1474 4075 Caeterum
1513 4018 1675 4074 etiam
1733 4018 1820 4074 hic
1869 4017 2122 4090 adjicien-

528 4108 653 4162 dum
703 4123 802 4180 pro
858 4109 1097 4166 historia)
1143 4113 1396 4179 veritate,
1447 4111 1642 4168 frustra
1688 4111 1947 4184 quosdam
1973 4114 2119 4172 illum

527 4202 706 4256 denuo
721 4202 787 4256 ad
813 4202 1140 4259 Catholicam
1173 4205 1329 4262 [idem
1359 4206 1585 4262 rediisse
1609 4208 1838 4278 opinari.
1864 4207 1993 4263 Nam
2024 4210 2120 4264 int-

528 4293 715 4364 primis
742 4294 793 4349 id
823 4310 893 4351 ex
927 4298 984 4353 S.
1027 4299 1324 4370 Augustino
1343 4299 1516 4370 colligi
1538 4315 1644 4354 non
1667 4314 1824 4371 posse
1838 4299 1903 4354 ad
1922 4315 2118 4358 annum

527 4389 722 4445 abhinc
750 4392 1040 4446 secundum
1073 4393 1427 4449 ostendimus.
1459 4393 1660 4450 Deinde
1692 4394 1829 4449 inter
1853 4393 2117 4468 Martyres

527 4483 748 4538 minime
773 4484 1186 4556 computandum
1209 4485 1766 4555 TERTULLIANUM,
1791 4489 1884 4544 sed
1911 4489 2119 4546 Tertul-

526 4581 718 4644 linum,
751 4593 912 4649 supra
943 4579 994 4633 in
1043 4579 1172 4650 ipsis
1201 4580 1450 4650 auspiciis
1481 4584 1854 4638 annotavimus
1881 4582 2018 4653 (Lib.
2059 4582 2122 4636 de

2217 3277 2568 3341 Tertulliano,
2625 3289 2907 3332 censemus
2957 3276 3324 3346 imputandam
3371 3274 3805 3333 absurdissimum

2215 3370 2363 3426 illam
2387 3369 2631 3424 haeresim
2653 3383 2754 3438 qua
2778 3363 3025 3424 dicebant
3045 3369 3247 3423 animas
3270 3369 3554 3424 hominum
3573 3366 3814 3438 pessimus

2215 3472 2338 3533 post
2380 3470 2606 3516 mortem
2663 3461 2718 3515 in
2747 3459 3021 3516 dmmonas
3059 3460 3322 3523 converti,
3376 3459 3616 3514 maxime
3664 3466 3814 3528 quum

2215 3565 2374 3611 {etate
2390 3556 2614 3626 primum
2634 3554 2912 3624 Augustini
2932 3564 3050 3623 post
3065 3551 3815 3623 DonatistasfetIovinianistas

2216 3649 2547 3705 collocentur
2572 3646 3024 3718 I'I‘ertullianistaz,
3075 3649 3161 3717 qui
3197 3645 3247 3700 id
3297 3647 3594 3710 senserint,
3625 3655 3727 3698 tum
3755 3639 3816 3693 ab

2220 3743 2359 3814 ipso,
2393 3753 2503 3798 tum
2521 3757 2550 3796 a
2569 3742 2628 3797 S.
2649 3741 2873 3805 Isidoro,
2907 3739 3144 3796 Honorio
3173 3738 3670 3810 Augustodunensi,
3695 3734 3817 3790 Rha-

2219 3838 2360 3894 bano
2385 3844 2440 3892 et
2468 3835 2724 3892 Gratiano
2750 3835 2801 3890 in
2823 3833 3090 3906 Catalogis
3109 3835 3530 3891 haereticorum:
3567 3853 3585 3886 ι
3615 3828 3814 3888 Tertul-

2223 3931 2448 3986 liauista:
2474 3930 2679 4001 (inquit
2709 3929 2796 3984 ille
2818 3928 2882 3984 ad
2903 3928 3349 3997 Quodvultdeum,
3377 3930 3480 3986 lib.
3505 3929 3572 3984 de
3597 3921 3805 3993 Haeres.)

2222 4035 2252 4078 a
2285 4021 2618 4088 Tertulliano,
2641 4020 2792 4089 cujus
2813 4020 3058 4091 leguntur
3081 4021 3333 4092 opuscula
3360 4023 3530 4077 multa
3559 4019 3798 4089 eloquen-

2222 4116 2430 4192 tissime
2458 4115 2678 4186 scripta,
2707 4128 2876 4186 usque
2917 4113 2984 4168 ad
3037 4122 3278 4168 nostrum
3311 4111 3526 4187 tempus
3567 4108 3802 4182 paulatim

2221 4207 2556 4273 deﬁcientes,
2585 4206 2638 4260 iu
2674 4206 2933 4262 extremis
2963 4204 3200 4276 reliquiis
3230 4205 3427 4261 durare
3469 4219 3572 4259 non
3630 4209 3806 4271 potueo

2224 4310 2350 4359 runt
2379 4301 2479 4374 (sic
2502 4301 2644 4356 enim
2665 4300 3012 4372 castigamus)
3045 4298 3095 4354 in
3119 4299 3250 4354 urbe
3272 4293 3712 4369 Carthaginiensi.
3735 4288 3807 4344 Mc

2223 4395 2369 4451 enim
2400 4393 2470 4450 ibi
2500 4394 2675 4464 posito
2705 4402 2829 4447 ante
2849 4391 3052 4463 aliquot
3079 4407 3268 4456 annos,
3294 4390 3436 4461 quod
3459 4391 3616 4445 etiam
3639 4394 3688 4440 te
3709 4395 3808 4437 me.

2227 4490 2446 4546 minisse
2471 4489 2720 4553 arbitror,
2743 4487 2888 4542 omni
2914 4502 2980 4544 ex
3004 4495 3152 4558 parte
3179 4485 3484 4556 consumpti
3513 4489 3654 4538 sunt.
3683 4478 3810 4532 Pau-

2225 4583 2426 4640 cissimi
2457 4581 2614 4638 etiam
2635 4581 2721 4651 qui
2750 4589 3140 4645 remanserunt,
3170 4579 3569 4634 inCathulieam
3593 4569 3804 4628 transieo

530 4675 722 4731 Posuit.
744 4675 796 4729 in
827 4673 964 4729 calce
984 4674 1276 4746 Argumenti
1302 4684 1347 4729 et
1377 4677 1480 4732 suis
1505 4677 1782 4750 quibusque
1811 4677 1978 4751 locis).
2014 4678 2116 4734 De-
2147 4691 2201 4752 Ι)
2227 4685 2380 4741 runt;
2411 4689 2670 4746 suamque
2702 4674 3008 4740 Basilicam,
3037 4688 3158 4745 qua:
3182 4687 3325 4728 nunc
3356 4673 3516 4729 etiam
3542 4662 3804 4723 notissima

524 4772 688 4842 nique
704 4770 760 4827 S.
773 4769 1035 4826 Pacianus
1051 4769 1115 4823 ad
1131 4769 1580 4840 Sympronianum
1598 4778 1780 4828 contra
1794 4769 2122 4826 Novatianos

525 4861 660 4918 nihil
678 4876 776 4934 pro
792 4862 871 4918 eis
894 4861 1018 4918 facit
1049 4879 1060 4916 :
1091 4881 1108 4914 ι
1139 4861 1518 4930 Tertulliauus,
1541 4863 1729 4933 inquit,
1751 4871 1870 4936 post
1894 4862 2121 4920 hatresin

525 4957 709 5029 (etiam
736 4956 1036 5014 addendum
1067 4953 1394 5029 censuimus)
1424 4965 1603 5012 vester
1631 4967 1712 5012 est
1752 4976 1763 5011 :
1794 4972 1914 5012 nam
1955 4957 2120 5012 multa

530 5049 655 5106 inde
681 5050 1001 5120 Sumpsistis.
1038 5049 1212 5120 Ipsum
1244 5048 1477 5119 Epistola
1499 5064 1618 5115 sua,
1649 5058 1704 5106 et
1728 5065 1790 5106 ea
1819 5049 1930 5121 ipsa
1961 5064 2120 5121 quam

529 5142 835 5200 Catholicus
851 5141 1036 5210 edidit,
1057 5142 1242 5198 audies
1258 5141 1619 5209 conﬁtentem,
1653 5156 1809 5213 posse
1825 5141 2118 5199 Ecclesiaiu

528 5247 746 5311 peccata
777 5236 1066 5296 dimittere.
1083 5261 1100 5295 ι
1124 5235 1302 5308 Neque
1329 5242 1473 5294 enim
1505 5237 1739 5308 loquitur
1761 5235 1829 5293 de
1852 5236 2074 5309 epistola
2093 5276 2110 5304 ,

2222 4781 2329 4839 est,
2361 4769 2650 4827 Catholicae
2679 4766 3034 4835 tradiderunt.
3083 4785 3100 4820 ι
3135 4765 3288 4834 Quod
3347 4767 3546 4821 utinam
3606 4757 3802 4813 illorum

2225 4863 2630 4938 exemplo..jam
2659 4877 2872 4934 quoque
2898 4863 2952 4916 in
2981 4869 3164 4916 nostro
3196 4860 3378 4930 Belgio
3408 4859 3486 4923 (l)
3521 4854 3805 4910 fatiscentes

2226 4972 2427 5018 nostra:
2455 4957 2788 5031 tempestatis
2834 4955 3093 5020 hmretiei,
3135 4953 3443 5026 propediem
3473 4949 3676 5008 faciant,
3708 4940 3804 5031 Deo

2230 5057 2540 5124 auxiliante,
2569 5028 2679 5110 'cui
2727 5051 2920 5120 honor,
2963 5055 3198 5122 potestas
3237 5057 3292 5105 et
3319 5047 3486 5120 gloria
3510 5085 3526 5113 ,
3553 5028 3801 5097 insaacula

2226 5149 2566 5206 smculornm.
2599 5147 2792 5201 Amen.

2289 5241 2301 5307 (
2313 5241 2352 5306 ι)
2391 5239 2508 5291 Haec
2521 5239 2585 5290 de
2604 5239 2782 5290 comis
2801 5243 2848 5289 et
2871 5237 3151 5288 conelvibus
3177 5236 3284 5299 pius
3307 5229 3498 5298 pmsul.

1442 5417 2150 5511 TEBTYLIANI
2200 5413 2361 5500 JC;
2423 5407 2892 5494 ROMANI

1174 5543 1581 5610 BESPONSA
1624 5539 1809 5620 QUAE
1856 5537 1936 5601 IN
1979 5531 2238 5599 LIBBJS
2279 5523 2802 5592 DIGESTORUM
2844 5517 3205 5585 EXTANT.

1695 5664 1780 5706 ex
1825 5662 1947 5705 un.
1995 5659 2040 5700 ι.
2088 5650 2517 5719 quaesumus:
2561 5645 2749 5693 oc'ro.

613 5761 682 5816 Β.
715 5761 829 5817 Lib.
857 5775 898 5816 ι.
933 5758 1032 5814 Tit.
1062 5757 1114 5812 ὅ.
1148 5754 1209 5810 de
1235 5751 1359 5826 Leg.
1395 5752 1710 5823 Senatnsque
1733 5763 1872 5804 cons.
1901 5746 1938 5801 ι.
1966 5743 2058 5799 27.

531 5985 534 6000 ι
573 5931 761 6031 "Ideo,
814 5956 933 6031 quia
964 5958 1289 6030 antiquiores
1317 5955 1460 6028 leges
1485 5953 1551 6011 ad
1584 5952 1909 6026 posteriores
1936 5949 2074 6010 trahi
2103 5991 2117 6021 ,

2228 5757 2479 5815 usitatum
2518 5762 2604 5811 est
2639 5759 2872 5822 semper,
2900 5748 3053 5820 quasi
3091 5749 3191 5802 hoc
3215 5745 3423 5818 legibus
3453 5743 3619 5798 inesse
3659 5726 3796 5814 credi

2230 5859 2471 5924 Oportet,
2501 5860 2560 5906 ut
2597 5848 2664 5904 ad
2705 5861 2798 5904 eas
2838 5857 3056 5917 quoque
3100 5856 3358 5912 personas
3406 5847 3460 5894 et
3497 5833 3560 5890 ad
3594 5835 3794 5919 easgres

2233 5948 2569 6020 pertineant,
2606 5957 2726 6016 quae
2753 5938 3078 6014 quandoque
3106 5936 3307 5996 similes
3339 5939 3523 5994 erunt.
