4084 6344
338 289 420 352 85
786 289 1236 352 DISSERTATIO
1274 290 1365 350 DE
1398 290 1656 351 IETATE
1692 290 1782 350 AC
1817 289 2160 351 DOCTRINA
2197 289 2635 354 SCRIPTORUM
2672 280 3182 354 'I‘ISIR'I‘ULLIANI.~
3584 295 3655 354 86

341 410 419 467 D.
440 410 559 468 Lib.
590 411 682 470 9.9.
713 410 813 468 Tit.
843 412 899 469 5.
926 412 991 468 de
1011 412 1208 480 nequir.
1230 412 1309 468 vet
1333 411 1501 466 amitt.
1525 408 1718 467 haud.
1740 409 1829 465 lib.
1853 408 1944 467 83.
1979 409 2035 473 Α
2064 409 2220 465 miles
2264 410 2480 468 fecisset
2522 419 2901 469 testamentum
2922 452 2937 478 ,
2965 411 3160 469 deinde
3191 408 3376 484 postea
3418 412 3542 469 vivo
3564 426 3652 482 eo,

832 506 990 577 juxta
1017 504 1141 562 MS.
1171 504 1287 562 cod.
1312 503 1468 561 Bald.

415 598 476 656 Si
500 613 691 655 servus
716 598 833 670 ejus
858 597 948 670 qui
976 613 1169 671 capere
1201 614 1308 655 non
1353 606 1559 671 potest,
1584 599 1758 654 hieres
1796 597 1951 653 insti-

344 698 579 761 tuatur,
617 700 670 747 et
707 699 996 763 antequam
1036 691 1193 763 jussu
1224 691 1434 748 Domini
1478 691 1636 747 adeat
1663 688 1951 769 haeredita-

335 794 482 851 tem,
504 784 866 842 manumissus
885 784 1256 855 alienatusque
1279 785 1368 850 sit,
1393 793 1449 841 et
1467 783 1603 841 nihil
1629 785 1683 840 in
1709 782 1950 841 fraudem

333 878 485 950 legis
516 879 716 934 factum
738 877 839 944 sit,
862 877 977 949 ipse
1001 877 1299 934 admittitur
1319 877 1384 933 ad
1411 876 1800 934 haereditatem.
1842 873 1952 931 Sed

331 983 397 1028 et
439 972 488 1028 si
537 980 744 1043 partem
796 985 993 1043 capere
1040 980 1247 1027 tantum
1297 971 1465 1042 possit
1505 969 1760 1027 Dominus
1807 969 1944 1040 ejus,

332 1065 541 1123 eadem
581 1063 805 1122 dicenda
843 1073 971 1121 sunt
996 1064 1068 1121 de
1110 1073 1264 1136 parte
1301 1078 1460 1135 quam
1487 1063 1576 1121 ille
1603 1076 1797 1134 capere
1837 1076 1946 1118 non

336 1167 550 1230 potest.
583 1156 724 1214 Nihil
765 1157 910 1214 enim
966 1158 1221 1221 interest,
1259 1156 1329 1212 de
1378 1156 1632 1212 universo
1676 1163 1949 1226 quaaratur

329 1251 491 1324 quod
523 1265 720 1323 capere
748 1265 854 1305 non
883 1249 1088 1320 possit,
1115 1264 1182 1304 an
1211 1249 1283 1305 de
1309 1249 1574 1318 portione.

382 1343 452 1397 υ.
485 1342 603 1399 Lib.
631 1344 722 1400 41.
746 1341 848 1398 Tit.
880 1341 936 1397 2.
963 1343 1160 1412 nequir.
1210 1340 1290 1397 uel
1315 1342 1463 1397 emit.
1494 1356 1710 1411 possess.
1741 1340 1781 1395 ι.
1808 1338 1899 1396 28.

416 1436 478 1492 Si
508 1436 742 1505 aliquam
768 1449 882 1490 rem
914 1432 1240 1505 possideam,
1273 1442 1327 1489 et
1346 1432 1589 1488 eamdem
1613 1441 1797 1503 postea
1822 1445 1952 1487 con-

334 1532 581 1595 ducam;
608 1545 676 1586 an
706 1530 947 1585 amittam
978 1528 1417 1600 possessionem?
1442 1526 1662 1583 Multum
1689 1525 1856 1582 refert
1891 1526 1944 1581 in

333 1625 433 1680 his
476 1622 607 1697 quid
636 1632 845 1695 agatur.
882 1622 1120 1677 Primum
1162 1620 1306 1678 enim
1349 1619 1545 1685 refert,
1569 1628 1746 1674 utrum
1776 1617 1943 1672 sciam

334 1734 434 1774 me
461 1716 762 1789 passidere,
786 1730 852 1770 an
882 1714 1140 1786 ignorem,
1166 1722 1221 1768 et
1250 1721 1428 1769 utrum
1450 1711 1601 1783 quasi
1633 1726 1739 1766 non
1764 1724 1937 1766 meam

334 1826 459 1868 rem
482 1808 802 1874 eondueam,
826 1822 891 1862 an
920 1808 1069 1878 quasi
1089 1821 1283 1862 meam.
1314 1806 1378 1859 Et
1392 1805 1568 1861 sciens
1599 1818 1772 1859 meam
1795 1818 1940 1869 esse,

336 1914 529 1958 utr-nm
574 1902 726 1973 quasi
770 1900 1113 1979 proprietatis
1150 1906 1432 1968 respectu,
1480 1913 1547 1952 an
1589 1895 1946 1967 possessionis
1999 1909 2006 1915 '

337 2005 577 2051 tantum.
607 1993 741 2050 Nam
777 2003 833 2048 et
875 1993 920 2048 si
963 2008 1074 2049 rem
1120 2006 1294 2046 meam
1327 2000 1382 2044 tn
1426 1988 1723 2060 possideas,
1761 1997 1814 2042 et
1846 2001 1947 2057 ego

335 2106 525 2146 emam
549 2103 580 2143 a
610 2098 661 2144 te
692 2087 1088 2157 possessionem
1119 2086 1239 2155 ejus
1266 2085 1374 2148 rei,
1410 2085 1493 2138 vel
1525 2083 1768 2154 stipuler,
1802 2082 1947 2137 utilis

331 2185 450 2242 erit
478 2190 536 2239 et
562 2183 767 2253 emptio
808 2192 861 2238 et
898 2181 1193 2251 stipulatio,
1225 2190 1279 2236 et
1307 2180 1552 2250 sequitur
1581 2188 1632 2234 ut
1682 2189 1736 2235 et
1761 2193 1949 2249 preca-

335 2277 488 2332 rium
516 2317 531 2341 ,
561 2284 618 2332 et
659 2273 982 2342 conductio,
1023 2273 1328 2345 specialiter
1380 2270 1739 2344 possessionis
1781 2262 1948 2330 solius

338 2367 720 2425 conducenda?
741 2407 758 2434 ,
783 2367 867 2422 vel
899 2366 1146 2437 precario
1169 2365 1423 2437 roganda:
1451 2364 1666 2421 animus
1708 2364 1946 2422 interve-

337 2459 484 2515 niat.

345 2573 448 2632 EX
475 2572 676 2630 LIBRO
700 2572 1073 2631 SINGULARI
1103 2572 1190 2630 DE
1219 2570 1602 2647 CASTRENSI
1630 2570 1945 2629 PECULIO.
1979 2636 1982 2639 Α

542 2688 607 2744 D.
633 2688 753 2745 Lib.
782 2688 874 2747 29.
906 2684 1007 2745 Tit.
1036 2704 1075 2745 ι.
1107 2686 1185 2745 De
1209 2685 1434 2745 Testam.
1463 2688 1576 2745 mil.
1608 2689 1647 2745 ι.
1674 2687 1766 2746 25.

431 2801 574 2860 idem
647 2804 746 2860 etsi
796 2801 1175 2875 paterfamilias
1243 2803 1398 2860 miles
1439 2803 1507 2860 de
1571 2801 1947 2859 Castrensibus

1976 1666 2025 1726 B

2053 512 2108 559 et
2133 501 2308 559 adhuc
2327 518 2431 560 avo
2449 516 2665 576 quoque
2684 506 2993 576 superstite,
3016 514 3330 562 nasceretur
3352 505 3404 562 ei
3428 504 3652 576 posthu~

2053 609 2195 664 mus,
2214 609 2321 651 non
2340 597 2604 668 rumpitur
2619 597 2734 668 ejns
2751 598 3279 669 testamentum,quia
3299 613 3422 654 cum
3441 598 3492 654 id
3508 599 3650 670 quod

2055 697 2389 755 nasceretur,
2419 688 2473 743 in
2496 697 2763 759 potestate
2792 691 2907 760 ejus
2938 705 3044 745 non
3073 689 3418 761 perveniret;
3445 705 3552 747 non
3577 692 3655 746 vi-

2051 781 2209 837 detur
2250 795 2379 838 suus
2419 781 2593 840 htcres
2625 784 2880 854 agnosci,
2926 799 2993 840 ac
3037 799 3105 841 ne
3153 799 3255 840 avo
3294 784 3513 856 quidem
3554 801 3654 843 suo

2055 873 2200 930 hunc
2220 870 2471 946 nepotem
2494 875 2860 946 posthumum,
2889 886 3011 933 cum
3042 877 3161 933 vivo
3181 876 3293 934 filio
3312 887 3650 950 nasceretur,

2054 980 2210 1022 suum
2268 965 2536 1023 haaredem
2564 963 2824 1038 protinus
2865 959 3106 1023 adna'sci.
3151 967 3221 1023 Et
3250 967 3372 1025 ideo
3415 984 3516 1027 nec
3568 973 3652 1026 avi
3698 988 3701 989 '

2055 1068 2431 1117 testamentum
2456 1061 2666 1132 rumpi,
2694 1062 2947 1133 quoniam
2977 1058 3104 1119 licet
3154 1062 3208 1117 in
3257 1070 3520 1128 potestate
3566 1064 3653 1120 avi

2053 1155 2298 1225 protinus
2336 1169 2456 1211 esse
2502 1140 2781 1227 inciperet;
2806 1164 2987 1212 tamen
3032 1156 3375 1214 antecederet
3418 1174 3542 1215 cuni
3591 1159 3651 1214 tl-

2054 1248 2175 1303 lins.
2226 1248 2534 1306 Secundum
2578 1265 2700 1322 qua:
2742 1252 2786 1306 si
2828 1250 2971 1307 filius
3010 1250 3240 1307 familias
3285 1251 3443 1307 miles
3487 1261 3651 1308 testa-

2053 1352 2290 1397 mentum
2334 1342 2551 1410 fecerit,
2581 1352 2637 1399 et
2674 1343 2921 1400 omiserit
2960 1343 3309 1416 posthumum
3367 1360 3468 1414 per
3496 1360 3652 1401 erro-

2055 1449 2190 1499 rem,
2209 1449 2369 1506 quem
2393 1449 2497 1490 non
2526 1436 2740 1493 volebat
2764 1438 3188 1506 adhacredatum,
3212 1437 3407 1494 deinde
3430 1438 3654 1509 posthu-

2055 1542 2174 1582 mus
2196 1537 2315 1599 post
2337 1539 2566 1585 mortem
2595 1530 2678 1584 avi
2698 1531 2819 1585 vivo
2835 1530 3012 1587 adhuc
3030 1531 3161 1597 ﬁlio,
3189 1531 3243 1587 id
3258 1542 3341 1588 est
3359 1541 3510 1603 patre
3529 1548 3650 1601 suo,

2055 1630 2211 1676 natus
2247 1620 2436 1686 fuerit;
2467 1622 2778 1678 omnimodo
2819 1633 3033 1694 rumpet
3066 1625 3210 1680 illius
3251 1634 3649 1681 testamentum.

2055 1714 2160 1771 Sed
2183 1715 2225 1770 si
2244 1714 2457 1785 quidem
2481 1731 2690 1788 pagano
2706 1716 2815 1787 jam
2837 1718 2929 1773 illo
2950 1718 3094 1775 facto
3111 1729 3267 1775 natus
3287 1719 3379 1784 sit,
3403 1734 3504 1775 nec
3522 1733 3655 1775 con-

2052 1811 2285 1865 valescet
2316 1819 2550 1881 ruptum.
2584 1812 2636 1865 Si
2670 1825 2801 1867 vero
2833 1812 3095 1868 militante
3135 1811 3313 1868 adhuc
3343 1823 3500 1868 natus
3526 1810 3651 1869 fue-

2053 1903 2153 1968 rit,
2201 1911 2499 1972 rumpetnr.
2547 1889 2746 1958 Deinde
2786 1903 2831 1958 si
2860 1903 3093 1958 voluerit
3132 1913 3304 1959 ratum
3350 1903 3485 1958 illud
3527 1916 3653 1960 esse

2053 2004 2225 2066 pater,
2252 1995 2594 2050 convalescet
2626 1996 2725 2061 sic,
2751 1995 2902 2066 quasi
2929 1994 3111 2051 denuo
3139 1995 3356 2051 factum.
3390 1994 3500 2052 Sed
3518 2004 3573 2049 et
3595 1994 3640 2051 si

2055 2089 2178 2139 vivo
2209 2080 2310 2139 avo
2356 2096 2606 2141 nasratnr
2652 2086 2993 2157 posthumus,
3026 2086 3112 2142 hic
3140 2101 3244 2142 non
3276 2094 3491 2159 rumpet
3518 2101 3654 2142 con-

2051 2180 2198 2234 tinuo
2239 2184 2405 2249 patris
2436 2187 2836 2234 testamentum.
2870 2179 2926 2235 Si
2959 2179 3318 2249 supervixerit
3342 2187 3467 2250 post
3505 2193 3654 2236 mor-

2057 2278 2165 2327 tem
2213 2271 2296 2326 ari
2350 2272 2476 2328 vivo
2513 2271 2693 2328 adhuc
2741 2280 2928 2342 patre,
2979 2281 3230 2343 rumpet;
3290 2272 3435 2342 quod
3483 2285 3653 2327 novus

2052 2363 2126 2418 illi
2175 2378 2317 2420 nunc
2356 2365 2585 2434 primum
2633 2365 2810 2422 haeres
2848 2363 3175 2420 aduascitur.
3207 2364 3283 2419 Ita
3326 2373 3505 2421 tamen
3529 2406 3544 2432 ,
3595 2371 3657 2423 ut

2053 2471 2322 2528 nunquam
2341 2457 2511 2529 possit
2536 2456 2766 2516 duorum
2784 2458 2943 2514 simul
2965 2466 3282 2516 testamenta
3304 2473 3576 2531 rumpere,
3599 2465 3657 2515 et

2051 2550 2163 2627 avi,
2188 2559 2242 2606 et
2267 2549 2455 2621 patris.

2266 2682 2337 2737 Β.
2368 2681 2432 2739 L.
2455 2682 2546 2740 i9.
2577 2682 2679 2739 Tit.
2713 2683 2798 2739 1⁸1.
2833 2678 2913 2738 De
2937 2691 3090 2738 caslr.
3122 2682 3286 2755 pecul.
3320 2682 3357 2738 ι.
3382 2680 3434 2738 4.

2122 2824 2273 2883 Miles
2303 2822 2574 2894 praecipua
2613 2820 2816 2879 habere
2844 2821 3007 2878 debet
3044 2836 3167 2893 quae
3192 2820 3334 2877 -tulit
3374 2834 3557 2876 secum
3597 2819 3656 2877 in

340 2896 516 2954 rebus
552 2898 813 2954 duntaxat
865 2906 1088 2954 testatus
1128 2898 1485 2970 arrogandum
1528 2914 1588 2954 se
1614 2897 1824 2954 dederit
1859 2920 1871 2954 :
1899 2898 1947 2956 si
1973 2942 2018 3005 Ο
2050 2926 2227 2974 “sua
2271 2914 2601 2972 concedente
2642 2924 2811 2986 pauo,
2841 2914 3158 2981 Αειίοηθω,
3191 2914 3670 2986 persecutionem;

338 3006 479 3048 vero
513 2993 707 3050 missus
733 2992 844 3065 jam
874 2992 978 3051 hoc
1004 2991 1210 3060 fecerit,
1233 3008 1345 3050 non
1373 2994 1515 3050 valet
1547 3002 1944 3051 testamentum.

882 3106 1111 3173 Ibidem,
1155 3107 1252 3180 leg.
1285 3108 1374 3163 55.

417 3223 478 3280 Si
508 3222 651 3279 ﬁlius
682 3222 909 3278 familias
944 3223 1098 3279 miles
1141 3222 1351 3279 fecisset
1383 3228 1759 3278 testamentum
1798 3236 1948 3279 more

340 3316 580 3383 militiae,
610 3314 802 3371 deinde
828 3324 949 3386 post
976 3324 1203 3370 mortem
1232 3313 1397 3385 patris
1429 3313 1744 3385 posthumus
1772 3314 1820 3370 ei
1849 3329 1948 3370 na-

337 3417 617 3475 sceretur,
651 3406 833 3478 utique
859 3407 1125 3478 rumpitur
1153 3408 1270 3477 ejus
1311 3416 1709 3463 testamentum.
1744 3406 1947 3464 Verum

341 3504 392 3558 si
425 3510 830 3573 perseverasset
857 3501 911 3556 in
940 3516 1003 3557 ea
1028 3502 1321 3568 voluntate,
1346 3508 1402 3555 ut
1432 3499 1595 3557 vellet
1616 3499 1790 3556 adhuc
1816 3499 1948 3556 illud

345 3604 737 3652 testamentum
784 3595 997 3662 valere,
1029 3595 1315 3649 valiturum
1349 3593 1478 3649 illud
1500 3634 1515 3658 ,
1549 3596 1699 3666 quasi
1734 3608 1946 3649 rursum

340 3686 496 3745 aliud
542 3687 742 3744 factum
786 3707 798 3743 :
841 3689 885 3743 si
917 3687 1077 3745 modo
1115 3688 1369 3745 militaret
1397 3687 1573 3744 adhuc
1599 3703 1663 3745 eo
1709 3697 1949 3759 tempore

344 3799 461 3852 quo
491 3792 809 3838 nasceretur
846 3781 921 3838 illi
960 3781 1301 3854 posthumus.
1336 3780 1444 3840 Sed
1474 3782 1519 3838 si
1548 3782 1687 3839 filius
1717 3782 1947 3839 familias

611 3940 1800 3950 mm

2057 4016 2652 4217 statin
2827 4058 2836 4065 ’

2051 3026 2156 3081 que
2178 3008 2737 3077 castrensiumjrernm
2764 3023 2979 3079 semper
3005 3007 3147 3063 filius
3176 3001 3339 3064 etiam
3362 3007 3535 3065 invito
3560 3023 3656 3080 pa-

2054 3112 2135 3158 tre
2163 3101 2340 3158 habet.
2372 3100 2429 3157 Si
2454 3099 2833 3170 paterfamilias
2857 3098 3063 3155 militia:
3094 3099 3175 3155 vel
3198 3108 3319 3169 post
3342 3099 3657 3156 missionem

2051 3194 2408 3265 arrogandum
2448 3208 2508 3249 se
2536 3192 2830 3264 praebuerit
2871 3211 2886 3248 :
2918 3190 3209 3249 videndum
3237 3194 3376 3261 erit,
3420 3208 3489 3251 ne
3532 3192 3657 3250 huic

2052 3302 2264 3359 quoque
2308 3286 2565 3356 permissa
2599 3285 2925 3356 intelligatur
2960 3300 3147 3342 earum
3175 3301 3357 3342 rerum
3386 3286 3652 3343 adminis-

2054 3378 2234 3445 tratio,
2264 3391 2398 3448 quas
2421 3386 2548 3432 ante
2572 3376 2969 3450 arrogationem
2997 3378 3052 3433 in
3078 3380 3275 3435 castris
3301 3377 3651 3449 acquisierit:

2051 3466 2297 3542 quamvis
2321 3470 2732 3527 constitutiones
2773 3470 3103 3542 principales
3132 3471 3201 3527 de
3228 3471 3311 3528 his
3337 3472 3650 3543 loquantur,

2050 3564 2138 3635 qni
2168 3563 2237 3617 ab
2275 3562 2427 3617 initio
2456 3578 2621 3633 quum
2652 3572 2836 3619 essent
2861 3562 2958 3619 ﬁlii
2988 3562 3241 3634 familias,
3272 3564 3643 3634 militaverint,

2052 3655 2199 3727 quod
2224 3654 2622 3713 admittendum
2654 3667 2758 3714 est.

2652 3905 3664 3967 ΞΞΞ

625 4334 783 4420 DE
836 4332 1157 4423 VERA
1230 4337 1635 4423 ETATE
1689 4337 1843 4424 AC
1918 4339 2529 4428 DOCTBINA
2585 4336 3359 4429 SCRIPTORUM

1114 4496 1797 4585 QU.E_SUPEBSUNT
1824 4498 1900 4575 Q.
1931 4499 2148 4563 SEPT.
2196 4500 2738 4585 TERTULLIANI
2782 4501 2896 4585 (1).
3032 4499 3035 4502 '

1768 4707 2021 4727 ..υ-..υ

912 5016 1306 5086 ARTICULUS
1342 5016 1383 5075 1.

341 5140 426 5198 De
452 5134 777 5196 Tertulliani
804 5135 1040 5208 ingenio,
1069 5133 1211 5207 stylo
1236 5142 1291 5190 et
1310 5129 1727 5190 existimatione.
1879 5129 1949 5189 89

889 5246 1281 5306 ARTICULUS
1353 5247 1419 5304 ll.

344 5365 426 5426 De
454 5365 618 5423 libris
644 5364 996 5434 Tertulliani,
1031 5377 1261 5435 quorum
1287 5370 1343 5418 et
1370 5370 1521 5430 mtas,
1555 5368 1610 5417 et
1636 5359 1957 5418 orthodoxia

410 5499 489 5566 (Ι)
518 5499 741 5566 Auctore
764 5496 821 5547 P.
841 5493 1366 5566 GottefridoALumper,
1383 5496 1621 5566 monacho
1642 5493 1958 5566 benedictino

344 5557 624 5626 impérialis
647 5560 931 5626 monasterii
957 5559 1018 5626 ad
1040 5560 1094 5609 S.
1108 5557 1661 5626 Georgiumllercynite
1676 5558 1840 5619 δῦνε,
1855 5573 1903 5622 p.
1918 5567 1954 5626 ι.

346 5622 584 5688 Villng
607 5625 789 5688 priore.
809 5622 1227 5688 Hsac_dis_sertatio
1246 5622 1479 5688 accipitur
1499 5622 1561 5688 et
1575 5627 1779 5688 tom._v1_,
1792 5624 1960 5686 Operis

346 5690 430 5741 cui
448 5681 628 5752 titulus
644 5701 656 5737 :
674 5683 892 5737 Historia
908 5681 1372 5752 theologica-critici:
1387 5683 1450 5735 de
1464 5684 1588 5752 vita,
1601 5682 1796 5749 scriptis
1815 5681 1961 5752 atque

613 5755 889 5820 stricturum
919 5744 1132 5820 parum.
1155 5744 1455 5820 aliorumque
1492 5744 1783 5820 scriptorum
1804 5744 1959 5820 ecete-

345 5813 660 5882 ᾴααίεοῃιρη
684 5810 833 5882 trium
851 5810 1385 5882 priorwnswculprsm
1399 5823 1464 5862 ea:
1498 5810 1712 5864 virorum
1735 5810 1958 5867 doctissi-

350 5870 544 5932 morum
817 5870 1129 5928 monumentis
1148 5870 1347 5926 collecta

1974 5020 2030 5081 D
2126 5012 2394 5076 constant.

3303 4604 3889 4728 «fisa/14.66"

932 4596 950 4615 ο
1114 4502 1299 4574 om.
1824 4502 1900 4575 ρ.
1931 4502 2148 4563 sm.
2196 4502 2738 4567 emtum
2782 4502 2896 4585 (ι).

637 4572 3446 4956 cﬁmsrmmamré

2126 5026 2394 5076 constant.
2702 5074 2710 5083 .
3002 5050 3006 5054 θ
3587 5026 3661 5084 96

2111 5109 2139 5183 §
2174 5111 2225 5166 1.
2265 5142 2338 5153 -
2374 5112 2531 5171 Ratio
2556 5112 2787 5172 lnstituti
3190 5171 3204 5180 ,
3523 5115 3670 5176 Ibid.

2101 5203 2215 5276 §2.
2253 5235 2324 5246 -—
2360 5204 2697 5275 Qumstiones
2748 5200 2992 5280 quaedam
3033 5207 3287 5265 universe
3326 5224 3524 5297 propo-

2210 5306 2429 5355 nuntur.
3588 5300 3661 5361 97

2006 5442 2009 5443 ν
2103 5390 2132 5465 §
2163 5391 2217 5449 5.
2259 5423 2329 5434 —
2367 5393 2607 5463 Quonam
2629 5408 2770 5451 anno
2787 5392 3152 5451 Tertullianus
3174 5393 3242 5451 ad
3262 5395 3528 5452 montani-

2207 5496 2317 5543 stas
2338 5486 2596 5544 defecerit
2612 5486 2878 5559 ?,Utrutn,
2903 5485 2987 5543 his
3016 5487 3243 5559 relictis,
3266 5504 3325 5547 se
3351 5489 3529 5546 denuo

2210 5579 2279 5635 ad
2305 5580 2631 5637 orthodoxos
2660 5581 2964 5652 receperit?
3596 5581 3669 5643 98

2102 5676 2211 5749 δι.
2253 5708 2324 5718 -
2360 5674 2639 5746 Quomodo
2687 5673 3047 5734 Tertullianus
3090 5679 3459 5735 montanizans
3497 5695 3526 5734 a

2212 5771 2528 5828 Montanista
2558 5770 2791 5830 discerni
2821 5771 3008 5843 possit.
3052 5772 3117 5828 Et
3146 5772 3306 5844 hujus
3331 5774 3523 5831 discri-

2214 5865 2371 5922 minis
2400 5865 2642 5924 viudiciae
2667 5846 2935 5926 adversus
2952 5865 3348 5927 Hoﬂ‘mannum.
3596 5868 3669 5931 99
