4084 6344
319 327 401 394 89
1230 331 1319 389 AC
1357 326 1701 389 DOCTRINA
1744 321 2180 386 SCRIPTORUM
2217 318 2705 382 TERTULLIANI.

420 450 424 452 ’
881 446 1266 507 AltTlCULUS
1322 445 1411 502 \‘l.
1962 443 2015 504 A
2084 442 2194 516 μ.
2237 472 2307 483 -
2347 441 2420 498 De
2446 436 2778 496 Montanistis
2806 433 3132 510 Artotyritis.

881 446 1266 507 AHTICULUS
1322 445 1411 502 Vl.

328 541 533 612 Quinta
561 545 775 610 classis,
807 543 1067 599 librorum
1117 557 1341 615 quorum
1371 554 1468 597 nec
1497 547 1644 605 mtas,
1696 551 1796 594 nec

482 641 730 700 doctrina
759 649 899 696 certa
926 648 1028 694 est.

366 741 398 813 §
436 742 493 797 1.
532 769 606 779 -
643 735 804 792 Liber
827 731 894 788 de
914 729 1248 788 Pmtiitcntia.

364 833 397 906 ς
431 833 490 888 9..
532 863 604 872 -
642 829 802 885 Liber
825 826 1084 881 adversus
1105 823 1341 880 lodices.

365 924 396 997 ᾗ
431 926 490 981 3.
531 954 605 964 -
645 921 719 976 [te
763 919 906 975 Actis
952 917 1230 987 Perpennae
1266 923 1321 971 ct
1359 911 1665 980 Felicitatis,
1695 909 1790 968 ho.

477 1030 707 1088 rumque
731 1012 1106 1071 Montanismo.

1791 723 1934 784 Ibid.

1825 1005 1923 1060 171

1831 630 1937 687 168

1831 818 1965 909 1⁸ῖο⁸

3567 311 3640 372 90

3530 431 3635 491 174

2080 509 2110 612 ᾇ
2141 538 2193 595 5.
2234 567 2304 581 -ρ
2341 535 2609 592 Wliistoni
2660 542 2974 606 argumenta
3028 546 3124 603 pro
3163 527 3494 588 Tertulliano
3667 509 3670 512 ’

2148 633 2382 687 Auctore
2406 630 2594 687 horum
2617 633 2857 686 actoruin
2880 627 3273 696 exirenduntur.

2081 728 2194 802 §6.
2233 757 2304 768 —
2345 726 2483 784 Usus
2561 725 2824 781 universa:
2891 720 3045 791 huius
3113 716 3492 789 DiSputationis

2179 820 2439 892 exemplis
2477 835 2541 875 ex
2583 815 2815 875 Historia
2857 813 3148 870 christiana
3189 811 3363 868 ductis
3397 809 3490 868 de-

2177 921 2522 971 monstratur.

3529 621 3635 678 176

3528 902 3629 962 1ῖῖ

2663 1101 2680 1130 1

353 1147 3631 1191 ___________________________._______.__________.

908 1270 1302 1330 ARTICULUS
1342 1253 1420 1326 t.'

477 1519 557 1577 De
582 1519 885 1576 Tertulliani
902 1521 1122 1593 ingenio,
1140 1519 1294 1592 stylo,
1337 1529 1383 1575 et
1399 1518 1785 1574 existimatione.

398 1746 626 1803 Multum
665 1746 895 1803 valuisse
936 1745 1310 1800 Tertullianuin
1351 1743 1578 1810 litteris,
1634 1757 1929 1812 earumque
1959 1773 2006 1833 B

320 1841 582 1907 scicntia,
616 1841 1120 1904 commentationes,
1149 1852 1283 1909 quas
1308 1836 1494 1900 edidit,
1520 1835 1817 1891 luculenter
1837 1834 1930 1889 de-

314 1934 555 1990 claram.
579 1931 766 1989 iudice
789 1931 1038 2002 Dupinio,
1073 1949 1090 1981 ι
1118 1933 1254 1986 acris
1270 1931 1479 1986 etacuti
1508 1939 1622 1984 erat
1644 1929 1930 2000 ingenii,et

316 2039 436 2082 non
465 2026 600 2080 satis
629 2025 861 2080 accurati
893 2032 947 2078 et
974 2023 1126 2079 recti.
1163 2023 1284 2078 Plus
1311 2021 1614 2091 Splendoris
1645 2037 1787 2093 saepe
1813 2022 1929 2093 ejus

316 2117 468 2172 inest
500 2117 792 2172 ratiociniis
820 2132 978 2187 quam
1029 2115 1206 2170 solidi.
1253 2115 1472 2180 Allieit,
1524 2123 1573 2170 et
1622 2114 1931 2186 perstringit

319 2209 515 2279 potius
551 2211 702 2264 noris
744 2219 797 2264 et
828 2210 1093 2264 inusitatis
1120 2209 1528 2275 elocutionibus,
1568 2223 1726 2279 quam
1758 2209 1806 2263 vi
1836 2223 1927 2264 ra-

320 2302 542 2356 tionum
571 2301 866 2358 convincit.
914 2302 1017 2357 lies
1061 2301 1320 2357 affectata:
1363 2310 1483 2356 sunt
1510 2343 1525 2369 ,
1571 2310 1626 2357 et
1666 2300 1928 2356 interdum

317 2396 608 2466 aliquanto
657 2395 874 2451 inllatte.
904 2395 1111 2467 Lepore
1139 2396 1354 2466 quidetn
1385 2394 1605 2466 grandi,
1645 2404 1698 2449 at
1738 2409 1926 2467 parum

317 2491 567 2562 genuino
595 2506 685 2546 eas
712 2491 983 2561 exprimit.
1020 2491 1222 2546 Pra-ter
1245 2491 1460 2546 modutn
1493 2505 1636 2560 Siepe
1659 2489 1924 2560 loquitur:

331 2584 402 2640 in
423 2585 666 2640 omnibus
695 2584 806 2640 fere
835 2584 1134 2640 ell'ervescit
1161 2594 1214 2640 et
1241 2583 1480 2640 ell‘ertur.
1516 2584 1722 2656 Figuris
1749 2593 1804 2639 et
1830 2582 1928 2655 hy.

334 2678 581 2749 perbolis
602 2688 786 2735 scatet.
817 2679 975 2734 Multa
1003 2678 1224 2736 scientia
1252 2687 1307 2736 et
1350 2678 1649 2736 erudztione
1692 2678 1926 2748 repletus

325 2781 476 2835 erat,
516 2787 610 2843 qua
636 2773 880 2844 apposite
907 2771 1194 2828 admodum
1222 2773 1490 2828 utebatur.
1523 2771 1578 2827 lu
1613 2774 1800 2844 Satyra
1832 2787 1926 2827 ex-

317 2864 560 2921 cellebat
583 2884 597 2919 :
620 2865 736 2935 ejus
761 2864 947 2920 urbani
992 2866 1165 2930 sales,
1206 2875 1260 2922 et
1289 2866 1566 2922 mordaces
1596 2875 1767 2920 erant.
1809 2864 1920 2920 Ad-

317 2959 596 3014 versarius
620 2959 806 3015 desire
836 2961 1198 3031 impugnabat,
1221 2971 1273 3017 et
1293 2976 1390 3017 eos
1411 2962 1674 3016 rationum
1702 2961 1840 3016 inter
1865 2975 1924 3016 se

315 3055 711 3112 cohzerentium
737 3055 1075 3112 multitudine
1100 3056 1380 3112 obruebat.
1414 3056 1652 3128 Denique
1679 3056 1732 3110 ni
1758 3055 1924 3112 ratio-

311 3149 485 3206 ciniis
515 3151 818 3220 persuadet,
858 3164 1177 3205 consensum
1205 3150 1394 3218 saltem
1429 3159 1709 3220 extorquet
1739 3149 1918 3218 Spleu-
1949 3157 1993 3220 C

311 3243 448 3300 dida
479 3244 688 3300 ratione
724 3243 956 3300 dicendi.
992 3242 1120 3313 Ejus
1149 3242 1322 3299 oratio
1369 3243 1629 3306 laeouica,
1659 3241 1922 3299 dictiones

310 3337 538 3401 validm,
567 3346 621 3391 et
646 3335 694 3391 in
721 3336 838 3406 ejus
858 3339 1072 3408 scriptis
1101 3337 1319 3392 totidem
1353 3338 1534 3401 verba,
1561 3335 1782 3391 totidem
1811 3335 1923 3391 fere

307 3427 627 3484 sementim.
661 3427 776 3483 Non
809 3427 1075 3484 immerito
1104 3438 1280 3484 tamen
1311 3428 1361 3482 in
1399 3429 1462 3483 iis
1498 3429 1595 3482 tria
1623 3429 1795 3499 carpit
1821 3428 1922 3484 La-

309 3500 547 3578 ctantius
594 3523 716 3579 \‘itia
747 3539 850 3578 non
878 3523 1288 3579 contemnenda.
1321 3522 1695 3591 Tertullianus,
1729 3523 1919 3594 inquit,

311 3616 553 3687 plurima
581 3625 690 3670 erat
717 3617 1002 3671 litteratura
1031 3616 1241 3688 peritus,
1269 3631 1453 3672 verum
1477 3617 1528 3670 in
1551 3615 1802 3682 loquendo
1831 3632 1921 3684 pa-

305 3725 439 3763 rum
465 3710 635 3779 facilis
653 3750 668 3774 ,
700 3726 879 3776 parum
904 3697 1155 3779 comptus,
1186 3717 1230 3762 et
1248 3708 1464 3763 multum
1491 3707 1733 3762 obscurus
1755 3707 1912 3779 (Lac—

308 3810 457 3857 tant.
488 3801 584 3856 lib.
616 3800 680 3854 V.
716 3800 941 3856 Institut.
979 3801 1234 3868 Divinam,
1261 3816 1380 3873 cap.
1411 3801 1500 3874 l.).
1524 3801 1647 3856 Tria
1668 3801 1782 3855 lucc
1804 3800 1920 3870 qui-

304 3896 445 3953 dem
489 3896 613 3968 styli
659 3896 781 3950 ritia
839 3895 975 3966 apud
1024 3897 1307 3966 plerosque
1355 3898 1612 3950 Auctores
1640 3893 1920 3968 Africanos

301 3999 632 4054 occurrunt,
663 3992 900 4060 exceptis
933 4001 1106 4045 tamen
1138 3989 1382 4056 Minutio,
1428 3988 1689 4061 Cypriano
1730 3999 1784 4045 et
1815 3988 1919 4042 La-

300 4084 549 4146 ctantio,
580 4083 669 4153 qui
701 4082 770 4136 ab
804 4082 1173 4138 Africanorum
1205 4083 1345 4154 stylo
1384 4090 1716 4137 recesserant
1764 4097 1778 4134 :
1813 4080 1918 4152 Cy-

299 4176 508 4248 priane
530 4184 706 4229 tamen
729 4173 903 4229 adhuc
923 4173 1124 4243 aliquid
1151 4183 1234 4229 cst
1252 4173 1464 4244 reliqui.
1493 4173 1686 4228 Verum
1709 4189 1919 4228 summo

297 4269 486 4343 gradu
515 4268 656 4339 apud
683 4269 1081 4334 Tertullianum;
1108 4279 1161 4323 et
1197 4267 1395 4323 nullius
1433 4267 1727 4338 Scriptor-is
1750 4267 1922 4338 Stylus

298 4366 463 4422 illius
506 4364 743 4418 auctoris
787 4364 925 4435 ston
968 4363 1152 4418 durior
1193 4373 1304 4428 est,
1347 4363 1522 4418 minus
1567 4373 1832 4434 comptus.
1865 4373 1920 4420 et

299 4455 626 4512 obscurior.
660 4453 873 4524 Singula
894 4454 1013 4524 ejus
1036 4469 1198 4525 opera
1230 4454 1334 4510 illis
1363 4454 1607 4510 laborant
1637 4456 1796 4519 vitiis,
1815 4455 1916 4510 alia

2040 1267 2268 1321 animum
2294 1264 2514 1320 suaviter
2540 1263 2752 1317 delectat
2774 1261 2956 1334 (Cave,
2989 1259 3125 1314 Hist.
3160 1257 3397 1325 litterar.,
3430 1266 3560 1315 tom.
3584 1247 3628 1310 1.

2039 1374 2159 1430 pag.
2183 1357 2269 1412 92.
2302 1356 2430 1412 edit.
2462 1355 2826 1424 Basileensis).

2112 1454 2190 1508 Ex
2214 1468 2370 1516 supra
2400 1450 2560 1506 dictis
2591 1447 2955 1522 (prosi-quitur
2980 1445 3264 1517 Dupiuius)
3299 1461 3402 1499 non
3432 1451 3514 1499 est
3533 1441 3633 1497 dif-

2038 1549 2177 1604 ﬁcile
2199 1547 2463 1616 judicare,
2491 1546 2609 1616 quis
2642 1544 2800 1599 fuerit
2840 1541 3146 1598 Tertulliani
3176 1540 3488 1595 Character.
3523 1537 3627 1592 Ve-

2035 1657 2151 1696 rum
2179 1655 2332 1712 teque
2360 1655 2464 1693 non
2493 1647 2572 1693 est
2592 1637 2746 1692 facile
2775 1650 3038 1701 asserere,
3069 1642 3243 1688 utrum
3269 1632 3447 1698 laude,
3468 1645 3627 1702 quam

2034 1733 2304 1803 vituperio
2333 1733 2402 1786 sit
2425 1732 2671 1802 dignior;
2707 1745 2826 1782 nam
2863 1728 3032 1798 primo
3060 1728 3103 1780 si
3131 1725 3198 1781 de
3224 1741 3288 1781 eo
3316 1723 3586 1796 judicatur
3611 1765 3625 1788 ,

2036 1834 2193 1896 prout
2226 1824 2478 1880 Ecclesia:
2507 1821 2766 1884 inserviit,
2797 1819 3014 1874 dillieile
3043 1819 3187 1874 dictu
3217 1828 3320 1883 est,
3350 1833 3415 1872 an
3442 1818 3488 1874 ei
3514 1831 3628 1870 ma-

2034 1919 2113 1990 gis
2145 1917 2406 1982 nocuerit,
2431 1931 2588 1986 quam
2623 1914 2900 1986 profuerit.
2948 1911 3074 1969 Inde
3113 1911 3253 1967 enim
3280 1909 3398 1980 ejus
3423 1909 3627 1964 doctri-

2034 2026 2157 2066 nam
2189 2019 2372 2066 contra
2398 2009 2577 2080 plures
2609 2008 2896 2062 haereticos
2923 2005 3134 2062 fortiter
3161 2003 3513 2075 propuguavit
3531 2044 3544 2068 ,
3571 2002 3626 2058 in

2034 2101 2350 2175 quibusdam
2378 2101 2634 2172 operibus
2663 2101 2835 2171 capita
2875 2115 2978 2154 non
3021 2099 3155 2154 levia
3185 2098 3300 2167 ejus
3329 2097 3625 2166 disciplina:

2033 2195 2196 2250 tuitus
2213 2203 2313 2260 est,
2342 2203 2397 2249 et
2424 2193 2654 2263 denique
2680 2207 2856 2247 mores
2875 2189 3098 2262 pulchre
3125 2189 3320 2260 passim
3343 2188 3546 2251 docuit;
3570 2195 3625 2242 at

2034 2287 2158 2343 hinc
2189 2295 2542 2358 prieterquam
2579 2286 2720 2356 quod
2758 2300 2970 2354 semper
3016 2285 3198 2340 multis
3247 2283 3474 2340 inlectus
3529 2283 3625 2338 luit

2030 2381 2303 2437 erroribus
2330 2421 2343 2445 ,
2380 2379 2634 2436 Ecclesia:
2663 2377 2998 2447 disciplinam
3035 2378 3234 2432 diserte
3262 2376 3620 2447 impugnavit,

2031 2486 2310 2549 postquam
2342 2475 2409 2528 ab
2435 2489 2496 2529 ea
2523 2473 2766 2529 descivit.
2795 2473 2849 2528 Si
2871 2472 3064 2528 deinde
3085 2472 3152 2526 de
3179 2471 3531 2542 eojudieatur
3555 2487 3623 2527 ex

2030 2568 2146 2639 ejus
2173 2567 2408 2638 ingenio,
2440 2574 2587 2620 tanto
2615 2564 2779 2635 pollet
2807 2573 2863 2620 et.
2893 2564 3033 2618 bono
3069 2573 3123 2619 et
3170 2564 3343 2630 malo,
3391 2573 3442 2618 ut
3483 2562 3624 2633 quod

2030 2663 2336 2732 praevaleat,
2367 2659 2583 2714 ditlicile
2605 2659 2749 2714 dictu
2782 2659 2869 2713 sit.
2901 2658 3137 2714 'l‘andem
3161 2659 3206 2712 si
3231 2673 3294 2713 ex
3325 2658 3440 2729 ejus
3461 2659 3622 2730 stylo,

2030 2754 2266 2810 nescitur
2287 2768 2354 2807 an
2386 2750 2684 2807 laudandus
2704 2750 3078 2822 grandiloquio
3103 2757 3158 2804 et
3187 2749 3504 2820 stupendus,
3533 2758 3626 2804 aut

2028 2847 2170 2902 vitiis
2193 2844 2591 2915 vituperandus.
2635 2843 2706 2897 Ita
2731 2844 3012 2898 sententiis
3035 2857 3250 2913 semper
3273 2842 3622 2906 dissiderunt,

2029 2951 2083 2999 et
2112 2942 2403 2997 etiamnum
2431 2955 2535 2995 non
2568 2938 2912 2994 mediocriter
2941 2937 3052 2992 Viri
3080 2937 3286 2992 variant
3314 2936 3620 3007 injndieiis,

2027 3050 2147 3106 qum
2188 3033 2254 3090 de
2302 3034 2404 3089 hoc
2437 3035 2669 3088 Auctore
2698 3031 2877 3087 lerunt
2908 3051 2919 3086 :
2949 3047 3056 3104 quo
3082 3031 3148 3086 ad
3175 3030 3500 3087 credendum
3532 3031 3618 3086 in-

2029 3128 2198 3185 ducor
2223 3129 2272 3182 in
2302 3142 2388 3194 eo,
2421 3126 2562 3198 quod
2595 3125 2791 3181 bonum
2830 3134 2947 3192 est,
2992 3125 3208 3180 laudare
3252 3124 3419 3180 satius
3460 3139 3580 3180 esse
3603 3165 3618 3188 .

2027 3230 2081 3276 et
2116 3219 2256 3291 quod
2289 3220 2484 3274 malum
2514 3218 2612 3273 l'uit
2635 3261 2648 3285 ,
2676 3219 2978 3289 vituperare
2999 3258 3011 3277 ,
3042 3233 3198 3287 quam
3223 3215 3290 3270 de
3315 3232 3382 3272 eo
3407 3216 3621 3271 absolu-

2028 3320 2137 3366 tum
2165 3311 2303 3366 ferre
2319 3310 2602 3380 judicium,
2637 3309 2776 3379 quod
2808 3323 3079 3379 nunquam
3111 3322 3215 3364 non
3258 3308 3405 3363 mille
3443 3306 3621 3363 disce-

2033 3405 2364 3477 ptationibus
2391 3413 2534 3458 esset
2555 3403 2867 3457 obnoxium.

2100 3521 2177 3576 En
2206 3518 2298 3573 tibi
2327 3518 2570 3591 quaedam
2595 3528 2702 3572 tum
2722 3517 3090 3588 Antiquorum,
3113 3524 3223 3570 tuin
3243 3515 3619 3571 Reeentiorum

2027 3616 2094 3671 de
2133 3613 2451 3669 Tertulliano
2487 3613 2706 3684 judicia.
2740 3611 3047 3682 Cyprianus,
3083 3612 3312 3664 Auctore
3359 3606 3621 3678 Hierony-

2026 3725 2131 3772 mo,
2159 3708 2248 3780 qui
2282 3706 2332 3761 id
2366 3714 2647 3776 acceperat
2674 3721 2704 3760 a
2736 3704 3058 3776 Presbytero
3085 3702 3338 3774 quodam,
3368 3701 3456 3771 qui
3496 3699 3549 3756 id
3589 3717 3619 3756 a

2025 3801 2274 3873 Cypriani
2299 3799 2471 3855 scriba
2498 3799 2777 3866 didicerat,
2811 3797 3050 3852 nonnihil
3079 3797 3198 3868 ejus
3239 3813 3459 3866 operum
3481 3812 3619 3866 quo-

2027 3895 2154 3950 tidie
2196 3895 2376 3964 legere
2414 3892 2604 3946 solitus
2650 3900 2796 3956 erat,
2851 3899 2905 3944 et
2945 3890 3061 3960 ejus
3107 3889 3345 3958 rogando
3387 3889 3616 3956 librum,

2026 3989 2201 4043 aiebat
2233 4007 2243 4041 :
2278 3987 2411 4042 Date
2437 3987 2561 4040 mihi
2583 3984 2958 4054 Prteceptorem
2981 4001 3143 4038 meum
3167 3984 3528 4057 (llieronytn.,
3558 3984 3623 4038 de

2029 4081 2282 4151 Scriptor.
2313 4080 2534 4146 Eccles.,
2558 4096 2677 4149 cap.
2707 4079 2840 4150 53.).
2888 4078 3090 4135 Revera
3117 4079 3258 4134 enim
3286 4094 3408 4134 eum
3441 4079 3620 4133 inrita.

2027 4182 2109 4228 tus
2137 4181 2235 4237 est,
2271 4181 2326 4228 et
2350 4173 2417 4227 ab
2438 4188 2502 4228 eo
2525 4187 2630 4227 non
2660 4185 2821 4237 pauca
2842 4169 3160 4240 deSumpsit.
3184 4169 3444 4242 Pleraque
3459 4171 3619 4226 etiam

2024 4282 2241 4322 suorum
2273 4279 2498 4337 operum
2547 4266 2737 4320 eodem
2772 4305 2788 4331 ,
2835 4280 2942 4334 quo
2987 4262 3339 4319 Tertullianus
3379 4265 3622 4320 instituto

2024 4358 2347 4428 Composuit,
2382 4369 2438 4412 ut
2477 4373 2632 4412 suum
2671 4356 2739 4412 de
2765 4356 3076 4412 Idololatria
3119 4357 3316 4412 librum
3347 4358 3412 4413 ad
3454 4359 3622 4415 instar

2025 4451 2341 4523 Apologetici
2362 4467 2381 4505 :
2409 4449 2599 4506 Libros
2627 4450 2694 4505 de
2727 4449 3031 4521 Disciplina,
3055 4460 3109 4504 et
3140 4449 3333 4505 Habitu
3364 4451 3619 4520 muliebri,

296 4551 463 4622 plus,
495 4547 600 4602 alia
630 4548 824 4602 minus.
855 4547 1060 4602 Clarior
1088 4557 1158 4608 .et
1177 4547 1424 4617 liquidior
1457 4560 1534 4603 eSI
1553 4590 1569 4614 ,
1608 4549 1702 4616 sed
1743 4549 1919 4602 minus
1944 4539 1995 4600 Ι)
2022 4547 2085 4599 de
2108 4542 2251 4607 Zeto,
2276 4555 2328 4599 et
2361 4542 2563 4607 Licere,
2592 4542 2661 4597 de
2695 4541 2939 4596 Oratione
2969 4541 3260 4622 Dontinica,
3287 4543 3350 4597 de
3383 4541 3548 4614 Opere
3575 4553 3621 4596 et

301 4642 544 4713 elegans
575 4639 626 4694 in
659 4639 810 4694 libris
856 4638 1140 4694 Poleniicis
1164 4681 1180 4704 ,
1223 4639 1503 4695 obscurior
1543 4645 1600 4694 et
1631 4639 1816 4694 durior
1861 4641 1914 4694 in

298 4735 456 4791 locis
481 4732 878 4797 communibus,
910 4733 1038 4787 utin
1068 4731 1205 4786 libro
1229 4731 1294 4785 de
1324 4730 1499 4791 Pallio
1524 4774 1537 4794 ,
1581 4731 1724 4802 quod
1750 4747 1915 4787 unum

297 4835 394 4884 est
422 4840 493 4881 ex
535 4823 869 4895 antiquitatis
909 4824 1162 4894 operibus
1204 4823 1617 4879 obscurissimis.
1664 4823 1821 4878 Liber
1850 4827 1915 4879 de
1943 4879 1957 4886 ,

297 4918 638 4975 Pénitentia
687 4917 924 4972 omnium
965 4928 1050 4972 est
1098 4917 1545 4988 elegrntissiums.
1590 4916 1715 4988 Ejus
1754 4932 1917 4988 opera

297 5007 682 5085 pulcherrima
705 5018 759 5064 et
797 5009 1076 5064 utilissima
1101 5018 1226 5065 sunt
1253 5008 1639 5080 Apologeticus,
1672 5007 1919 5064 Prtescri-

297 5107 542 5178 ptiones,
577 5103 693 5158 libri
720 5103 787 5159 de
830 5101 1157 5171 Prenitentia,
1191 5103 1486 5174 Baptismo,
1537 5101 1813 5170 Oratione,
1864 5114 1918 5161 et

297 5197 667 5256 l-lo'rtatioues
683 5196 747 5251 ad
773 5196 1100 5263 l’atientiam,
1128 5207 1180 5253 et
1199 5195 1526 5269 Martyrium.
1556 5216 1575 5249 ι
1609 5197 1734 5253 llaec
1751 5198 1914 5269 Dupi-

295 5292 438 5348 nius
469 5288 597 5360 (Ell.
626 5290 814 5360 Dupin.
841 5288 1087 5344 Biblioth.
1117 5288 1204 5346 des
1219 5289 1459 5352 Auteurs,
1486 5300 1613 5344 tom.
1641 5289 1681 5344 Ι.
1710 5307 1760 5361 p.
1789 5290 1913 5348 165.

293 5401 466 5444 νει-ε.
508 5383 664 5438 latin.
701 5383 958 5451 Coloniae,
994 5383 1324 5456 1703.).Sed
1367 5383 1661 5440 audiendus
1706 5400 1918 5456 quoque

290 5477 480 5533 Joan.
507 5473 720 5541 Caveas,
752 5475 841 5545 qui
871 5490 992 5532 cum
1025 5475 1272 5545 prardicta
1302 5473 1559 5530 Lactantii
1590 5477 1748 5532 verba
1779 5477 1916 5531 reci-

292 5575 521 5632 tasset,
552 5580 676 5621 mox
707 5581 801 5622 sua
831 5565 971 5623 hanc
1015 5566 1068 5622 in
1117 5567 1438 5623 sententiam
1477 5566 1657 5623 subdit
1695 5583 1710 5622 :
1754 5566 1920 5622 Habet

291 5673 491 5718 tamen
523 5657 830 5714 Tertulliani
857 5660 1022 5730 stylus
1050 5659 1364 5730 majestatem
1391 5659 1661 5732 quamdam
1685 5659 1781 5715 sibi
1799 5677 1919 5733 pro-

290 5756 508 5829 priam,
539 5762 588 5806 et
615 5752 858 5822 grandem
886 5753 1248 5824 eloquentiam,
1280 5754 1387 5808 sale
1410 5763 1458 5808 et
1490 5753 1723 5810 acumine
1747 5753 1913 5825 pluri-

288 5863 454 5906 mum
481 5845 765 5917 conditam,
792 5862 906 5918 quia
929 5846 1082 5902 simul
1107 5847 1313 5921 legentis
1343 5847 1599 5921 ingenium
1627 5857 1841 5919 exercet,
1869 5857 1921 5907 el

2025 4635 2396 4706 Eleemosynis,
2445 4633 2510 4688 ad
2571 4633 2920 4688 imitationem
2972 4610 3310 4690 Te‘rtulliani.
3370 4635 3618 4689 Eusebius

2024 4729 2185 4785 tradit
2211 4727 2278 4784 de
2308 4727 2660 4794 Tertulliauo,
2681 4743 2803 4783 eum
2837 4745 2999 4783 unum
3030 4746 3096 4784 ex
3133 4729 3507 4784 eruditissimis
3541 4730 3616 4783 la-

2024 4822 2148 4877 linis
2203 4821 2566 4892 Scriptoribus
2626 4821 2820 4885 fuisse,
2875 4831 2928 4876 et
2977 4823 3030 4878 in
3085 4824 3309 4893 singulis
3364 4824 3619 4881 Ecclesiis

2021 4914 2375 4971 clarissimum
2408 4913 2650 4983 (Euseb,
2672 4913 2809 4968 Hist.
2832 4915 2997 4980 Eccl,
3014 4916 3051 4970 Ι.
3075 4916 3140 4970 ΙΙ.
3159 4930 3208 4971 c.
3231 4913 3420 4987 2.).De
3445 4931 3511 4972 eo
3534 4916 3621 4987 ju-
3687 4975 3694 4983 ,

2022 5007 2220 5064 dicium
2253 5006 2354 5062 fert
2381 5007 2677 5063 Lactantius
2707 5024 2736 5063 a
2767 5009 2920 5063 nobis
2947 5010 3188 5077 allatum,
3214 5010 3355 5082 quod
3377 5010 3495 5081 ejus
3512 5027 3620 5068 non

2019 5100 2306 5156 admodum
2338 5100 2476 5155 cedit
2500 5100 2710 5156 heuori.
2737 5101 2976 5156 Hilarius
3004 5103 3054 5156 in
3078 5117 3176 5157 suo
3215 5103 3267 5158 in
3309 5102 3616 5162 Matthazuin

2019 5194 2410 5252 commentario
2455 5195 2673 5261 scribit,
2721 5210 2959 5250 errorem
2992 5195 3042 5248 in
3075 5211 3234 5265 quem
3269 5196 3448 5266 lapsus
3495 5207 3617 5265 est,

2022 5287 2136 5357 ejus
2165 5286 2420 5342 librorum
2446 5287 2819 5343 auctoritatem
2848 5287 3110 5355 elevaSse,
3133 5288 3225 5360 qui
3255 5299 3409 5345 erant
3438 5289 3618 5362 aliqua

2020 5380 2404 5451 approbatione
2447 5380 2610 5451 digni.
2656 5381 2729 5434 De
2795 5395 2860 5434 eo
2899 5394 3279 5452 nonnunquam
3326 5381 3620 5438 lionoritire

2024 5473 2258 5544 l0quitur
2285 5473 2665 5546 Hieronymus,
2701 5481 2758 5527 ut
2787 5472 2840 5528 in
2887 5471 3178 5545 Catalogo,
3227 5474 3314 5529 ubi
3353 5473 3456 5530 loci
3494 5490 3618 5530 eum

2021 5565 2152 5622 dicit
2180 5568 2319 5622 acris
2346 5576 2399 5622 et
2429 5565 2757 5623 vehementis
2785 5565 2983 5637 ingenii
3017 5565 3224 5634 Virum;
3256 5577 3309 5623 et
3335 5567 3386 5622 in
3423 5582 3517 5631 sua
3553 5567 3620 5623 ad

2024 5663 2272 5735 Magnum
2346 5660 2602 5732 Epistula,
2659 5659 2822 5716 tradit
2870 5659 3170 5716 eruditione
3217 5669 3273 5716 et
3323 5660 3620 5718 subtilitate

2019 5769 2209 5811 omnes
2230 5753 2279 5808 ei
2307 5761 2556 5809 auctores
2581 5752 2863 5809 inferiores
2889 5767 3032 5818 esse;
3063 5751 3157 5808 sed
3183 5752 3306 5808 alibi
3327 5754 3443 5823 ejus
3463 5768 3619 5809 erro-

2021 5863 2110 5906 res
2150 5847 2406 5920 iucrcpat,
2448 5855 2502 5904 et
2542 5845 2689 5904 vitia.
2734 5843 2788 5901 lu
2829 5861 2924 5903 sua
2949 5855 3136 5905 contra
3170 5845 3439 5919 ltufﬁnum
3465 5847 3612 5920 Apo-
