4084 6344
532 322 600 389 9|
1641 315 2092 381 DiSSER'l‘ATIO
2127 313 2220 376 DE
2256 315 2444 384 VERA
2483 315 2738 379 ETATE
3133 303 3137 307 δ
3738 324 3810 392 οι

536 441 676 518 logia
693 483 708 509 ,
735 440 853 503 ait:
885 439 1017 515 Ejus
1035 439 1296 516 ingenium
1324 439 1504 508 laudo,
1537 436 1751 496 hereses
1787 437 1978 493 damno
2021 451 2042 492 :
2077 443 2132 492 et
2159 433 2212 496 Α
2236 450 2297 490 ac
2322 433 2628 491 Christiana:
2650 433 2933 507 Religionis
2953 449 3066 490 cum
3081 435 3345 505 honorem,
3371 444 3472 493 tum
3492 439 3804 500 innocentiam

538 546 724 596 contra
778 534 1111 604 Helvidium,
1173 533 1465 607 respondet
1513 532 1780 590 llrretico
1817 527 2133 588 Tertulliani

538 632 908 689 auctoritatem
935 629 1224 701 apponenti
1250 645 1263 683 :
1288 627 1369 684 De
1394 627 1712 683 Τετιαίιὶωο
1736 625 1874 692 dico,
1894 622 2137 679 Ecclesia:

540 729 795 784 hominem
825 740 928 780 non
956 738 1079 780 esse.
1104 720 1413 779 Tertulliani
1450 721 1648 795 stylum
1677 717 1858 776 laudat
1887 716 2133 790 Augusti-

540 836 655 887 nus,
680 825 735 875 et
753 817 871 889 ejus
900 816 1098 887 ubique
1121 813 1342 871 damnat
1365 827 1602 881 errores,
1632 812 1686 868 in
1710 811 1848 868 libro
1865 810 1934 868 de
1953 808 2138 866 Genesi

537 912 607 968 ad
641 911 863 967 litteram
902 907 1066 965 tradit
1104 905 1478 963 Tertullianum
1504 906 1626 962 acri
1653 904 1866 977 ingenio
1891 917 2139 959 nonnun-

538 1021 699 1079 quam
730 1004 1015 1061 veritatem
1041 1002 1408 1075 perspexisse,
1440 1015 1541 1057 nec
1567 999 1809 1073 potuisse
1833 996 1962 1071 quin
2017 1012 2137 1053 eam

537 1096 831 1170 aliquando
861 1096 946 1154 vel
979 1105 1165 1153 contra
1198 1103 1433 1151 mentem
1463 1108 1615 1149 suam
1645 1099 1887 1164 poneret.
1935 1089 2155 1145 Tertul--
2182 1162 2185 1165 _

541 1191 737 1246 (ianum
764 1191 833 1245 ita
863 1188 976 1245 suis
1006 1188 1175 1260 pingit
1199 1186 1472 1243 coloribus
1505 1183 1794 1240 Vincentius
1823 1182 2136 1238 Lirinensis:

550 1282 857 1340 Tertulliani
879 1296 1093 1355 quoque,
1124 1280 1314 1353 inquit,
1342 1270 1530 1336 eadem
1560 1286 1641 1335 est
1662 1276 1797 1333 ratio
1819 1294 1834 1344 ;
1858 1291 1982 1332 nam
2001 1278 2140 1332 sicut

542 1378 632 1434 ille
672 1377 889 1452 (nempe
912 1375 1179 1449 Origenes)
1210 1374 1350 1446 apud
1381 1370 1617 1438 Grtecos,
1658 1372 1730 1426 ita
1756 1371 1839 1426 hic
1864 1370 2005 1441 apud
2030 1367 2138 1425 La-

544 1470 698 1537 tinas,
726 1479 1018 1525 nostrarum
1046 1466 1272 1523 omnium
1293 1465 1446 1539 facile
1468 1464 1700 1535 princeps
1711 1463 2028 1535 judicandus
2041 1472 2137 1519 est.

474 1628 485 1633 ν
547 1563 686 1631 Quid
710 1563 843 1618 enim
875 1565 969 1618 hac
996 1562 1104 1617 uiro
1138 1561 1378 1616 doctius?
1402 1558 1527 1631 quid
1551 1561 1601 1613 in
1633 1558 1835 1624 divinis,
1866 1565 2015 1628 atque
2042 1556 2141 1610 hu-

545 1659 712 1713 manis
737 1657 885 1712 rebus
912 1653 1233 1712 exercitatius
1251 1654 1277 1708 .9
1301 1668 1481 1726 nempe
1508 1667 1707 1708 omnem
1739 1650 2136 1724 philosophiam,

545 1760 595 1805 et
622 1760 831 1805 cunctas
859 1746 1282 1820 philosophorum
1311 1754 1494 1812 sectas,
1539 1754 1805 1812 auctores,
1847 1743 2139 1799 adversata-

2238 545 2590 603 prapugnasse
2614 545 2635 587 :
2669 528 3057 587 Valentinianos
3081 534 3265 587 acriter
3292 546 3598 605 persecutum
3624 537 3803 609 fuisse,

2237 614 2285 678 et
2314 622 2628 678 Marcionem
2658 624 2859 694 penitus
2886 623 3192 694 canfodisse.
3213 624 3482 682 Posterior
3500 626 3659 683 estP.
3682 628 3806 688 Ma.-

2240 714 2560 771 lebranchius
2605 715 3033 788 lnvestigationis
3088 717 3331 773 veritatis
3368 728 3549 781 auctor
3591 720 3702 779 Lib.
3746 722 3802 781 ll.

2238 822 2356 883 cap.
2386 811 2439 867 5.
2466 809 2838 879 Tertullianus,
2867 810 3059 883 inquit,
3084 812 3263 885 procul
3282 811 3449 879 dubio,
3478 814 3552 869 uir
3572 815 3804 872 omnido-

2241 904 2405 959 ctrina
2446 905 2674 960 excultus
2719 914 2849 973 erat,
2897 913 2951 959 at
2998 904 3114 975 plus
3164 905 3426 973 memoria,
3462 921 3608 977 quam
3624 908 3807 979 judicio

2243 996 2483 1070 pollebat.
2512 997 2635 1053 Acri
2660 1000 2824 1071 magis
2854 1007 2900 1054 et
2929 1007 3070 1055 vasta
3097 1000 3333 1071 ingenia,
3359 1014 3512 1072 quam
3536 1001 3640 1056 acri
3665 1011 3710 1058 et
3732 1018 3809 1057 va-

2241 1099 2321 1146 sta
2348 1100 2529 1149 mente.
2559 1090 2790 1162 Denique
2811 1090 3033 1146 dubitari
3053 1093 3241 1165 nequit,
3264 1093 3385 1165 quin
3415 1092 3659 1162 fanaticus
3674 1094 3811 1164 fuerit

2242 1200 2300 1239 eo
2320 1200 2471 1239 sensu
2520 1198 2620 1257 qua
2648 1201 2805 1254 supra
2829 1170 3151 1257 explicui,.et
3190 1186 3313 1258 quin
3356 1186 3524 1240 omnia
3567 1202 3812 1257 propemo-

2243 1276 2365 1335 dum
2395 1277 2632 1348 fanaticis
2682 1276 2892 1347 propria
2941 1277 2988 1332 ei
3034 1277 3242 1348 fuerint.
3295 1276 3375 1332 Eo
3416 1278 3549 1348 quod
3598 1276 3812 1333 Montani

2242 1370 2450 1441 ejusque
2470 1379 2638 1449 vatum
2664 1357 2889 1425 visiones.
2906 1372 3167 1425 ueneratus
3189 1372 3376 1442 fuerit,
3404 1371 3641 1425 evincitur
3690 1373 3812 1443 quod

2242 1461 2393 1517 debili
2407 1462 2609 1535 judicio
2631 1464 2802 1536 fuerit.
2829 1464 2975 1518 Acies
3004 1464 3096 1518 illa
3122 1464 3172 1517 in
3181 1464 3339 1537 genti,
3380 1464 3594 1534 impetus
3619 1464 3679 1520 de
3705 1465 3814 1520 levi-

2242 1555 2335 1612 bus
2360 1556 2594 1629 afﬂatus,
2621 1565 2834 1612 mentem
2857 1554 3180 1625 e/frtenatam
3214 1574 3315 1612 non
3341 1557 3548 1612 obscure
3567 1557 3811 1623 denotant;

2242 1661 2362 1723 quot
2388 1651 2440 1705 in
2470 1651 2581 1716 eius
2605 1651 2895 1723 hyperbatis
2924 1662 2971 1706 et
2991 1652 3169 1723 figuris
3192 1662 3359 1706 motus
3383 1650 3684 1706 abnormes?
3706 1660 3815 1723 quot

2244 1746 2466 1801 rationes
2516 1744 2799 1816 splendida.-
2844 1761 2905 1800 ac
2950 1746 3256 1818 magniﬁcae,
3303 1760 3421 1817 qua
3461 1760 3552 1800 suo
3586 1745 3817 1801 duntaxat

547 1858 723 1915 resque
749 1808 1019 1908 sectarum,
1053 1808 1325 1912 omnesque
1359 1808 1534 1894 eorum
1572 1808 1893 1910 disciplinas,
1941 1852 2142 1893 omnem
2169 1808 2217 1871 Β
2246 1838 2517 1911 splendore
2537 1808 2771 1910 probant,
2794 1848 2840 1894 et
2860 1808 3165 1910 persuadent
3188 1808 3352 1896 solum
3375 1849 3588 1895 mentem
3610 1842 3819 1912 stupefa-

545 1938 897 2004 historiarum,
914 1944 962 1991 et
975 1935 1261 2013 studiorum
1281 1933 1731 1999 uarietatem,mira
1753 1930 1977 2001 quadam
1996 1946 2142 1986 men-

545 2035 610 2087 tis
647 2029 932 2101 copacitate
970 2026 1265 2102 complexus
1302 2035 1396 2085 est.
1431 2024 1647 2101 Ingenio
1676 2042 1796 2082 vero
1827 2040 1994 2081 nonne
2038 2034 2144 2081 tam

542 2123 703 2197 gravi,
736 2139 796 2178 ac
821 2121 1098 2180 uehementi
1128 2121 1364 2179 excelluit
1383 2164 1398 2190 ,
1429 2131 1487 2176 ut
1512 2120 1646 2177 nihil
1674 2118 1769 2176 sibi
1797 2132 1924 2192 pene
1951 2119 2019 2175 ad
2046 2135 2140 2175 ex-

544 2216 879 2291 pugnandum
918 2217 1260 2291 proposuerit,
1290 2216 1427 2288 quod
1470 2231 1573 2271 non
1615 2217 1847 2271 acumine
1874 2215 2137 2286 irruperit,

543 2319 636 2364 aut
656 2308 877 2380 pondere
904 2308 1091 2364 eliserit
1110 2308 1137 2363 7
1163 2309 1285 2364 Jam
1317 2324 1468 2380 porro
1507 2308 1751 2364 orationis
1791 2321 1900 2365 sua:
1929 2306 2139 2379 laudes,

545 2403 631 2476 qui
658 2401 835 2474 exequi
866 2402 1068 2458 valeat?
1092 2414 1207 2475 qua?
1228 2411 1388 2470 tanta,
1416 2402 1585 2458 nescio
1610 2418 1712 2475 qua
1749 2397 2007 2458 rationum
2049 2416 2142 2458 ne-

549 2495 781 2552 cessitate
817 2496 1051 2569 canferta
1080 2504 1155 2551 est
1173 2536 1188 2561 ,
1222 2504 1276 2549 ut
1304 2493 1371 2549 ad
1396 2508 1694 2551 consensum
1720 2493 1799 2551 sui
1818 2535 1833 2563 ,
1874 2509 1999 2567 quos
2027 2509 2145 2551 sua-

550 2591 668 2646 dere
692 2606 792 2646 non
819 2590 1073 2662 patuerit,»
1091 2588 1356 2662 impellat;
1385 2589 1534 2661 cujus
1560 2597 1682 2661 quat
1708 2604 1836 2661 pene
1861 2586 2032 2655 verba,
2074 2593 2146 2644 tot

545 2686 808 2743 sententia:
836 2696 954 2744 sunt
977 2728 993 2756 ,
1025 2697 1147 2760 quot
1175 2703 1382 2756 sensus,
1424 2697 1497 2743 tot
1538 2688 1781 2755 uictoria.
1817 2688 2003 2745 Sciunt
2037 2687 2146 2744 haec

548 2778 872 2848 Marcianos,
920 2776 1157 2852 Apelles,
1202 2776 1459 2849 Praxete,
1507 2778 1891 2854 Hermogenes,
1934 2779 2142 2850 Judtei,

548 2873 792 2942 Gentiles,
826 2872 1074 2943 Gnostici,
1103 2874 1407 2947 cwterique;
1435 2892 1653 2948 quorum
1686 2876 1774 2932 ille
1803 2875 2145 2948 blasphemias

546 2971 744 3039 multis,
790 2987 851 3026 ac
896 2971 1095 3045 magnis
1149 2971 1461 3028 voluminum
1508 2990 1718 3028 suarum
1745 2972 1980 3043 molibus,
2011 2975 2147 3031 velut

545 3061 849 3135 quibusdam
877 3060 1178 3135 fulminibus
1207 3063 1402 3118 evertit.
1436 3062 1505 3119 Et
1531 3073 1698 3121 tamen
1720 3065 1803 3120 hic
1824 3083 2018 3138 quoque
2033 3074 2145 3137 post

548 3155 656 3211 haec
685 3155 879 3217 omnia.
909 3155 990 3210 hic
1014 3155 1222 3226 inquam
1249 3154 1621 3227 Tertullianus,
1654 3156 1909 3215 Catholici
1933 3161 2146 3233 dagma—
2172 3180 2218 3246 ρ

547 3246 632 3313 tis,
657 3245 712 3301 id
738 3255 833 3316 est,
866 3246 1167 3304 universalis
1191 3265 1252 3303 ac
1272 3257 1480 3306 uetusta:
1502 3248 1625 3321 fidei
1656 3269 1839 3323 parum
1864 3262 2017 3309 tenax
2037 3298 2049 3318 ,
2085 3272 2147 3310 ac

548 3339 783 3394 disertior
806 3336 986 3408 multo,
1016 3357 1170 3412 quam
1193 3341 1413 3413 felicior,
1444 3353 1640 3399 mutata
1669 3343 1904 3417 deinceps
1942 3356 2146 3403 senten-

548 3435 641 3501 tia,
672 3435 789 3506 fecit
817 3435 886 3489 ad
915 3443 1191 3491 extremum
1218 3434 1357 3509 quod
1380 3435 1444 3492 de
1469 3453 1527 3492 eo
1545 3436 1719 3494 beatus
1757 3440 2021 3511 confessor
2048 3439 2149 3497 Hi-
2204 3494 2209 3499 .

549 3527 708 3583 larius
752 3527 974 3599 quadam
1027 3527 1138 3585 loco
1189 3528 1363 3586 scribit
1391 3544 1409 3584 :
1436 3529 1704 3602 Sequenti,
1755 3533 1941 3605 inquit,
1974 3550 2148 3591 errore

549 3622 771 3677 detraxit
805 3622 1009 3694 scriptis
1044 3622 1393 3694 probabilibus
1428 3627 1785 3681 auctoritatem
1808 3625 1910 3702 (l).
1948 3626 2146 3685 Tritlte-

548 3714 659 3781 rnii,
691 3714 951 3784 Rhenani,
980 3714 1255 3785 Palitiani,
1281 3714 1528 3789 Pametti,
1566 3718 1810 3794 Rigattii,
1837 3729 1893 3778 et
1924 3731 2150 3781 caetero-

548 3823 669 3864 rum
703 3808 1067 3865 recentiorum
1093 3810 1293 3881 judicia
1321 3811 1540 3869 silentio
1571 3816 1954 3885 praetermitto,
1987 3818 2079 3891 qui
2117 3834 2150 3877 a

550 3901 773 3972 singulis
801 3902 1010 3958 consuli
1041 3914 1286 3973 possunt,
1316 3914 1371 3962 et
1399 3904 1627 3963 duorum
1657 3906 1986 3966 Nostratium
2017 3911 2149 3969 Gal-

549 3993 724 4050 lorum
747 4004 1023 4052 auctorum
1041 3997 1244 4067 judicio
1267 3997 1426 4055 linem
1456 3998 1614 4070 facio,
1643 4002 1733 4073 qui
1762 4011 1988 4077 uterque
2021 4005 2147 4062 Ter-

551 4085 847 4154 tullianum,
869 4086 964 4144 sed
986 4088 1136 4144 varie
1161 4090 1353 4162 pinxit.
1383 4090 1540 4147 Prior
1570 4103 1654 4150 est
1676 4092 1853 4151 clarus
1876 4094 2148 4157 Balzacius

556 4180 611 4237 in
636 4179 877 4254 Epistola
903 4180 969 4239 ad
1015 4182 1305 4257 Rigaltium
1330 4185 1388 4241 2.
1427 4185 1519 4244 lib.
1547 4186 1600 4245 5.
1626 4186 2035 4262 Tertullianum,
2068 4196 2148 4250 in-

552 4274 688 4345 quit,
719 4285 947 4347 experto,
999 4292 1146 4348 quem
1165 4278 1219 4334 in
1241 4279 1405 4335 lucem
1430 4280 1637 4351 emittis,
1658 4292 1712 4337 ut
1726 4300 1807 4340 me
1824 4286 2145 4358 patientiam,

552 4381 708 4439 quam
738 4367 913 4436 tradit,
958 4367 1283 4427 edoceat.....
1320 4367 1451 4427 Cum
1488 4386 1548 4429 eo
1585 4382 1794 4432 auctare
1833 4378 1888 4432 in
1930 4379 2151 4450 gratiam

552 4460 792 4517 redissem
830 4470 917 4518 tua
938 4465 1309 4536 prwfatione,si
1322 4482 1437 4522 eum
1460 4466 1669 4541 fuissem
1694 4469 2147 4545 odio'prosecutus,

2246 1933 2426 1989 ciendo
2450 1941 2600 2005 atque
2622 1932 3026 2006 perstringenda.
3054 1933 3255 1990 Deinde
3280 1932 3649 1989 demonstrare
3675 1947 3820 1990 cona-

2249 2032 2343 2081 tur
2361 2026 2498 2082 lianc
2522 2038 2703 2081 veram
2733 2026 2874 2083 illius
2896 2036 3017 2082 esse
3043 2026 3348 2098 imaginem,
3369 2025 3609 2097 quasdam
3636 2025 3819 2083 exscri-

2249 2116 2423 2174 bendo
2448 2131 2513 2174 ex
2543 2118 2683 2174 libro
2708 2118 2778 2175 de
2808 2116 2982 2174 Pallio
3005 2159 3021 2187 ,
3059 2134 3165 2190 quo
3207 2118 3540 2175 existimavit
3584 2132 3737 2189 opere
3772 2116 3818 2173 id

2247 2211 2492 2283 apposite
2511 2211 2683 2269 evinci
2712 2226 2890 2283 posse.
3234 2262 3237 2263 ν

2318 2305 2373 2361 Si
2403 2304 2563 2374 hanc,
2587 2319 2747 2377 quam
2772 2319 2841 2361 ex
2861 2303 3005 2362 Viris
3032 2301 3206 2361 doctis
3230 2300 3506 2371 dedimus,
3532 2302 3821 2360 Tertulliani

2246 2398 2535 2471 imaginem
2577 2409 2921 2471 spectemus,
2968 2400 3133 2470 quaeri
3158 2413 3281 2455 cum
3323 2398 3595 2455 nonnullis
3630 2405 3818 2471 potest,

2249 2491 2370 2564 plus
2395 2506 2464 2548 ne
2510 2491 2769 2563 profuerit
2814 2492 3133 2549 'nocueritne
3172 2492 3442 2565 Religioni
3467 2501 3522 2549 et
3547 2488 3824 2550 Ecclesia!

2249 2582 2528 2655 majorane
2555 2583 2748 2640 damna
2772 2582 3014 2642 intulerit
3039 2582 3318 2653 Ecclesia},
3355 2601 3423 2641 an
3450 2601 3579 2643 vero
3605 2596 3824 2643 commo-

2247 2674 2360 2731 da?
2393 2676 2584 2747 plusne
2610 2676 2878 2748 vituperio
2901 2718 2916 2743 ,
2942 2692 3008 2732 an
3038 2676 3196 2735 laude
3223 2677 3420 2750 dignus
3449 2678 3521 2735 sit
3546 2676 3822 2734 censendus

2250 2766 2656 2825 Tertullianusl
2694 2768 2764 2826 Ut
2811 2770 2958 2826 varia
3004 2768 3105 2825 hac
3130 2769 3199 2826 de
3227 2785 3288 2826 re
3330 2771 3609 2829 doctorum
3646 2768 3823 2842 judicia

2248 2868 2395 2929 sunt,
2424 2860 2493 2916 ita
2520 2861 2791 2934 quidpiam
2814 2861 3173 2919 dcterminare
3189 2860 3393 2935 oppido
3412 2862 3626 2920 diﬂlcile
3650 2871 3745 2927 est,
3770 2873 3825 2917 ac

2247 2953 2749 3011 deiicatumJudice
2765 2964 2944 3012 tamen
2957 2956 3358 3028 elegantissimo
3369 2955 3774 3029 Schroeckbio(l
3785 2956 3822 3027 );

2252 3046 2296 3102 si
2327 3047 2445 3117 ejus
2473 3046 2815 3121 (Tertulliani
2839 3048 3070 3118 scilicet)
3103 3047 3301 3119 scripta
3331 3050 3741 3121 interrogemus,
3777 3047 3825 3103 in

2250 3140 2369 3212 ejus
2411 3139 2531 3198 fere
2595 3139 2834 3197 favorem
2880 3141 3006 3199 licet
3050 3142 3404 3214 respondere.
3434 3143 3663 3200 “autumi
3695 3142 3825 3200 enim

2252 3248 2488 3302 errores,
2532 3249 2758 3304 quorum
2801 3234 3093 3291 l’atronum
3136 3237 3364 3308 agebat,
3415 3253 3523 3295 non
3561 3237 3826 3294 admodum

2253 3308 2554 3383 Ecclesiam
2581 3327 2997 3398 oppugnabant,
3021 3329 3192 3386 multo
3214 3331 3396 3387 minus
3420 3331 3726 3388 Christiana:
3745 3342 3825 3387 res

2252 3418 2465 3489 ligionis
2490 3418 2836 3477 fundamenta
2863 3420 3196 3491 evertebant,
3227 3423 3324 3480 sed
3347 3439 3416 3480 ex
3445 3423 3650 3482 fervore
3669 3421 3828 3512 pullus

2235 3511 2482 3583 qundam
2525 3514 2738 3584 pietatis
2780 3515 2979 3583 nimio,
3027 3516 3252 3571 rationis
3291 3515 3679 3574 discussionem
3719 3511 3825 3587 plus

2252 3620 2480 3678 rumque
2502 3606 2807 3678 abjiciente,
2836 3607 3167 3675 oriebantur;
3196 3608 3307 3664 imo
3346 3619 3403 3667 et
3440 3611 3495 3667 in
3537 3610 3618 3666 bis
3658 3607 3826 3664 defenc

2252 3697 2445 3755 dandis
2471 3714 2503 3754 a
2533 3698 2665 3755 Fide
2692 3698 3670 3773 catholica,symboloqucApostolico
3683 3697 3822 3766 nihil,

2252 3801 2345 3847 aut
2370 3800 2517 3847 certe
2539 3805 2645 3847 non
2675 3791 2901 3847 multum
2932 3791 3262 3849 discedebat.
3293 3792 3438 3861 Quid
3478 3807 3605 3865 ergo
3641 3790 3829 3848 Monta-

2253 3883 2408 3939 nisttc
2434 3883 2725 3955 appellatio
2754 3882 2874 3954 plus
2904 3883 3045 3940 illius
3072 3883 3229 3940 lamas
3274 3893 3504 3953 noceat,
3549 3898 3699 3957 quam
3736 3880 3829 3936 alia

2255 3988 2494 4036 veterum
2522 3978 2738 4035 Patrum
2779 3988 2956 4035 errata
2982 3978 3289 4035 auctoribus
3317 3979 3460 4036 suis?
3495 3980 3632 4035 inter
3661 3976 3831 4034 Secta-

2255 4073 2366 4129 rios
2396 4072 2672 4129 meliorem
2694 4071 2910 4143 quidem
2941 4070 3072 4127 Viue
3097 4086 3209 4128 sua:
3235 4081 3444 4143 partem
3467 4072 3593 4145 egit.
3619 4084 3719 4127 non
3744 4065 3831 4123 ha-

2254 4166 2346 4224 bet
2377 4172 2554 4223 tamen
2587 4164 2826 4223 Ecclesia
2854 4180 2917 4222 ea
2947 4173 3107 4221 aetate
3136 4164 3319 4221 Virum
3340 4206 3359 4234 ,
3388 4181 3548 4238 quem
3577 4163 3699 4221 huic
3720 4174 3832 4217 erus

2254 4260 2479 4328 ditione,
2508 4268 2564 4317 et
2590 4260 2799 4316 meritis
2822 4267 3119 4331 comparet.
3159 4258 3275 4315 [tuo
3332 4274 3445 4316 non
3483 4274 3667 4332 parum
3714 4269 3827 4327 pro-

2254 4353 2422 4412 fuisse
2474 4354 2757 4412 catholicis
2809 4352 3203 4411 Tertullianum
3251 4353 3421 4410 etiam
3480 4353 3831 4411 Montanistsm

2253 4449 2508 4519 arbitror,
2558 4464 2663 4505 non
2706 4447 2883 4505 solum
2911 4446 3051 4519 quod
3095 4446 3209 4503 suis
3250 4446 3533 4504 invectivis
3570 4458 3746 4503 eorum
3784 4442 3831 4496 in

551 4560 599 4608 et
624 4552 669 4607 si
681 4553 790 4622 ejus
817 4553 1037 4611 dictione
1061 4557 1213 4634 dura,
1244 4566 1289 4612 et
1313 4560 1421 4632 ejus
1431 4537 1610 4617 saculi
1623 4562 1759 4619 uitiis
1774 4537 1840 4619 ab
1855 4580 1914 4621 ea
1938 4537 2148 4640 legendo

2252 4541 2462 4614 agendo
2481 4540 2817 4614 prudentiam
2842 4548 3096 4606 acueret,
3129 4537 3223 4596 sed
3259 4539 3407 4611 quod
3442 4554 3539 4597 eos
3575 4548 3833 4640 commea-

553 4645 763 4717 fuissem
816 4645 1103 4704 deterritus.
1160 4648 1345 4705 Verum
1384 4652 1501 4724 jam
1554 4652 1646 4709 diu
1695 4663 1768 4711 est
1786 4696 1801 4723 ,
1854 4657 1991 4727 quod
2037 4674 2152 4715 eum

555 4738 729 4810 magni
748 4738 905 4810 facio,
938 4748 984 4796 et
1013 4744 1239 4812 quamvis
1260 4744 1421 4816 spinis
1446 4747 1511 4801 sit
1534 4747 1727 4804 obsitus
1755 4758 1802 4804 et
1823 4750 2000 4816 tristis,
2025 4751 2153 4808 mihi

559 4848 663 4888 non
709 4833 907 4890 videtur
934 4832 1266 4907 injucundus.
1296 4837 1365 4895 In
1393 4840 1503 4912 ejus
1535 4842 1739 4912 scriptis
1768 4843 1968 4916 nigrum
1997 4844 2155 4916 illud,

555 4925 620 4981 de
658 4942 756 4998 qua
797 4936 938 4985 uetus
964 4939 1116 5002 poeta
1142 4930 1281 4987 canit
1300 4974 1316 5002 ,
1344 4932 1471 4988 mihi
1500 4935 1720 4991 accurrit
1750 4933 1939 5003 lumen,
1966 4946 2015 4993 et
2043 4939 2154 5009 eius

555 5034 698 5089 teque
723 5036 802 5076 me
819 5021 971 5093 juvat
992 5023 1292 5090 obscuritas,
1321 5040 1383 5081 ac
1401 5026 1607 5083 nitentis
1628 5028 1770 5083 ebeni
1788 5038 1839 5084 et
1859 5030 2147 5102 fabrefacti.

554 5109 642 5166 Ita
666 5127 862 5185 seraper
885 5116 1039 5182 sensi,
1086 5126 1142 5171 ut
1170 5117 1433 5189 Africana:
1469 5120 1668 5190 formte,
1721 5120 1838 5178 licet
1885 5139 1918 5179 a
1965 5124 2152 5182 nostris

555 5204 823 5273 abludant,
851 5215 1018 5262 tamen
1046 5223 1141 5263 sua
1169 5224 1272 5264 non
1314 5220 1487 5266 carent
1516 5214 1831 5270 amabilitate
1849 5257 1864 5283 ,
1896 5225 1941 5271 et
1968 5226 2021 5271 ut
2049 5234 2153 5275 non

556 5312 749 5368 paucas
778 5296 943 5356 Italas
985 5299 1273 5358 obscurauit
1312 5304 1672 5378 Sophonisba,
1704 5308 1776 5364 sic
1808 5310 2041 5380 ejusdem
2066 5327 2152 5367 re-

556 5390 721 5461 gionis
748 5390 955 5464 ingenia
984 5408 1096 5448 cum
1125 5405 1221 5449 sua
1259 5406 1434 5473 extera
1475 5398 1679 5471 placent
1729 5401 2013 5472 eloquentia
2036 5446 2050 5469 ,
2104 5410 2155 5459 et

556 5484 675 5539 huic
696 5483 870 5555 plures
906 5483 1160 5544 Ciceronis
1198 5488 1479 5548 imitatores
1508 5503 1832 5564 postponam.
1882 5493 2151 5551 Delicatis-

555 5576 697 5633 simis
726 5580 994 5649 fateamur,
1027 5590 1074 5635 et
1098 5582 1299 5653 quidem
1325 5587 1516 5657 stylum
1540 5602 1646 5643 esse
1671 5591 1910 5660 ferreum,
1936 5600 1988 5645 at
2008 5594 2153 5650 nobis

554 5682 749 5740 quoque
774 5669 1049 5741 fateantur,
1076 5688 1140 5728 ex
1154 5674 1250 5731 hac
1266 5674 1403 5746 ferro
1425 5679 1612 5734 eximia
1631 5695 1743 5737 eum
1763 5698 1912 5739 arma
1926 5684 2149 5757 cudisse,

618 5874 692 5941 (l)
726 5872 933 5934 Vincent
952 5878 1195 5936 Lirinens.
1222 5884 1588 5955 Commomtor.,
1618 5903 1724 5957 cap.
1750 5889 1923 5948 XVIII.

2255 4636 2395 4693 datis
2439 4644 2588 4691 tanto
2626 4634 2823 4690 ardore
2865 4631 3155 4689 severioris
3201 4631 3424 4690 Ethices
3468 4631 3734 4705 principiis
3771 4625 3834 4682 ab

2257 4729 2463 4786 lusibus
2492 4727 2794 4799 allegaricis
2823 4725 2875 4780 in
2905 4723 3222 4796 exponenda
3262 4723 3543 4797 Scriptura
3581 4737 3744 4789 sacra,
3785 4720 3834 4775 et

2257 4821 2548 4894 ingeniosis
2569 4820 2723 4876 circa
2764 4816 2951 4874 Fidem
2982 4816 3371 4889 questionibus
3410 4818 3553 4874 inter
3590 4828 3683 4873 eos
3722 4811 3835 4866 hinc

2257 4916 2382 4973 inde
2411 4913 2623 4998 agitatis
2648 4912 2717 4969 ad
2746 4926 2833 4969 res
2858 4910 3017 4982 longe
3044 4909 3289 4967 utiliores
3310 4918 3584 4980 avocaret.
3605 4907 3706 4965 Nec
3719 4914 3834 4961 vero

2257 5025 2378 5081 quia:
2402 5007 2683 5079 scriptoris
2714 5004 2874 5076 hujus
2911 5013 3036 5060 sunt
3087 5002 3213 5059 vitia
3239 5002 3383 5075 (hac
3422 5005 3567 5061 enim
3608 5016 3707 5057 non
3745 5011 3834 5070 po-

2257 5102 2357 5158 tuit
2385 5115 2491 5157 non
2521 5098 2770 5171 prodere,
2814 5099 2913 5169 qui
2951 5095 3007 5152 in
3041 5095 3231 5151 alienis
3258 5094 3574 5168 detegendis
3614 5091 3834 5150 refutan-

2255 5193 2445 5265 disquc
2471 5202 2617 5249 tanta
2659 5191 2759 5247 fuit
2794 5189 3136 5247 inclementia
3163 5190 3434 5260 versatus)
3473 5188 3701 5243 Virtutes
3722 5182 3830 5253 ejus

2255 5286 2393 5343 adeo
2420 5285 2737 5357 conspicuas
2757 5282 3069 5339 obscurant.
3092 5279 3300 5353 Scripta
3317 5281 3439 5352 ejus
3458 5280 3616 5352 plena
3641 5272 3835 5333 indiciis

2255 5378 2446 5437 fervidi
2472 5377 2830 5452 profundique
2854 5376 3039 5443 animi,
3058 5389 3158 5431 suo
3177 5389 3238 5432 se
3258 5375 3418 5446 genio
3438 5367 3799 5443 distinguentis
3816 5379 3830 5428 ;

2256 5475 2417 5533 modo
2464 5475 2677 5531 animus
2720 5470 3069 5528 vehementer
3102 5469 3369 5553 assurgit,
3417 5468 3580 5524 modo
3618 5462 3833 5536 quadam

2254 5573 2402 5632 velut
2423 5570 2741 5645 :egritudine
2765 5568 3068 5625 demittitur
3088 5607 3102 5633 ,
3134 5574 3189 5622 et
3216 5565 3376 5621 anxie
3405 5562 3592 5634 serpit,
3620 5553 3834 5632 propriis

2253 5666 2486 5724 inventis
2513 5673 2569 5722 et
2588 5661 2907 5735 cogitatibus
2956 5658 3236 5717 abundans
3265 5699 3282 5728 ,
3334 5670 3461 5713 raro
3511 5652 3738 5716 sedatus,
3778 5646 3828 5700 in

2249 5899 2302 5944 ω
2317 5827 2531 5958 (1)11110-p
2533 5822 2999 5941 ﬁliiﬁlii-agilitas“.
3027 5821 3154 5877 Hist.
3179 5819 3368 5877 Eccles.
3393 5814 3638 5871 Theotisca
3657 5805 3836 5874 script,

2302 5908 2367 5946 [11.
2464 5930 2475 5943 .
2536 5928 2548 5944 .
2747 5920 2774 5938 ,ι
2910 5909 2914 5913 ‘

2302 5908 2367 5946 tn.
2388 5908 2475 5944 ιιι.
2500 5908 2548 5946 Ι).
2572 5908 2690 5941 ιιΙιιιι
2712 5908 2801 5941 031
2910 5909 2914 5913 “
