4084 6344
280 448 349 509 95
1155 446 1246 506 AC
1287 444 1631 505 DOCTRINA
1668 440 2107 504 SCRIPTORUM
2147 442 2634 504 TERTULLlA-Nl.

290 564 580 623 exultando
607 579 821 639 quoque
858 563 1149 622 subtristis.
1172 564 1474 637 Apparatus
1516 561 1830 619 eruditionis
1856 604 1869 628 ,
1899 562 1954 625 Α
1979 574 2044 616 ac
2069 559 2218 616 lusus
2257 561 2542 619 verborum
2581 561 2769 618 inanes
2794 559 3181 618 Tertullianum
3212 558 3405 633 ubique
3450 573 3574 632 pro-

284 676 435 734 quam
466 662 717 729 ubertim,
752 671 982 733 apteque
1008 658 1120 716 suis
1143 659 1395 730 inSpersit
1414 657 1568 725 locis,
1594 654 1873 725 multiplex

283 770 384 811 non
415 755 535 813 sine
564 755 856 827 legentium
887 767 1083 825 sapore
1124 760 1283 825 atque
1327 751 1690 807 emolumento
1733 748 1870 803 ima-

282 850 495 922 ginandi
516 850 615 916 vis,
643 850 816 923 ampla
837 858 998 921 atque
1015 855 1271 920 prognata
1293 845 1415 902 inde
1441 844 1638 918 ingenii
1660 842 1873 900 ubertas

283 958 341 1000 se
378 943 613 1017 undique
650 958 745 1015 per
782 941 1077 1014 exquisitas
1106 940 1491 1014 cogitationes,
1519 947 1702 994 acutas
1744 952 1872 992 seu-

286 1036 496 1102 tentias,
531 1034 790 1107 imagines
818 1034 1201 1099 vivaeissimas,
1235 1047 1329 1103 per
1360 1030 1578 1087 festivos
1608 1029 1748 1086 sales
1770 1071 1787 1096 ,
1816 1035 1871 1084 et

286 1127 564 1184 mordaces
589 1126 980 1193 cavillationes,
1012 1139 1279 1197 omneque
1308 1122 1558 1180 dictionis
1578 1137 1746 1195 genus
1766 1118 1850 1177 dif
1854 1150 1873 1161 -

285 1220 542 1289 fundunt;
571 1218 655 1278 his
671 1220 1005 1277 facultatibus
1035 1219 1228 1290 raptim
1267 1228 1323 1274 et
1361 1217 1572 1274 turbate
1606 1216 1876 1272 mult0tics

284 1318 490 1388 agitatis
511 1315 768 1388 judicium
791 1330 897 1371 non
929 1313 1096 1371 semel
1115 1312 1376 1384 cespitat;
1405 1310 1546 1367 unde
1575 1310 1691 1382 ejus
1719 1325 1875 1381 argu-

284 1420 460 1465 menta
497 1409 798 1482 splendoris
828 1424 891 1465 ac
926 1407 1157 1481 speciosi
1185 1407 1431 1474 multum,
1464 1404 1719 1479 ponderis
1744 1419 1874 1460 vero

284 1513 338 1559 et
361 1502 521 1560 solidi
549 1518 692 1575 saepe
721 1518 910 1574 parum
938 1502 1155 1558 habent.
1183 1500 1240 1556 ln
1268 1502 1428 1557 rebus
1448 1502 1608 1556 etiam
1636 1499 1875 1556 minimis

282 1595 603 1652 exardescit.
634 1596 837 1652 Prmter
876 1595 1182 1650 facilitatem
1223 1594 1523 1666 quibusque
1566 1593 1874 1649 narratiun-

280 1688 415 1745 culis
429 1687 780 1754 assentiendi,
807 1687 945 1742 haud
980 1688 1345 1759 infrequenter
1372 1701 1459 1742 res
1499 1685 1720 1742 veritate
1760 1702 1874 1743 ma-

278 1783 425 1853 jores
461 1781 850 1853 contemplatur
889 1790 981 1836 ant
1021 1782 1208 1852 ﬁngit,
1259 1781 1514 1837 lectorem
1556 1780 1731 1851 potius
1760 1781 1875 1853 ipse

280 1874 539 1946 abreptus
579 1888 758 1930 secum
802 1874 979 1943 rapit,
1026 1889 1184 1944 quam
1227 1872 1437 1929 ratione
1466 1873 1517 1927 in
1546 1888 1669 1928 suas
1694 1884 1873 1943 partes

1974 653 2129 710 dunt.
2175 654 2307 723 Qua:
2357 655 2545 713 sedeat
2592 657 2856 715 sententia
2907 657 2962 712 in
3013 666 3194 713 mente
3231 654 3570 724 Tertulliani,

1976 750 2154 807 verbis
2182 752 2396 825 quidem
2427 755 2719 825 exprimit,
2752 754 2847 811 sed
2875 753 3116 821 obscuris
3144 753 3280 810 adeo
3300 794 3317 820 ,
3351 761 3411 809 ut
3437 768 3571 810 con.

1968 843 2223 916 jectando
2251 848 2427 917 potius
2449 890 2464 917 ,
2492 864 2650 921 quam
2696 848 2863 921 probe
2891 848 3262 920 perspiciendo
3304 856 3523 904 eruatur
3554 864 3568 903 :

1977 932 2151 995 rarius
2198 940 2415 1011 dubita,
2463 958 2596 1013 quas
2647 942 2715 999 ad
2760 957 2820 999 se
2865 940 3314 998 manifestandum
3358 940 3569 1012 selegit,

1976 1032 2205 1104 phrases
2264 1033 2421 1106 plene
2463 1044 2858 1106 penetrantur;
2906 1049 3012 1090 non
3062 1034 3330 1090 immerito
3373 1034 3426 1088 in
3468 1033 3573 1091 hoc

1977 1125 2282 1196 carpendus
2304 1166 2320 1195 ,
2348 1126 2491 1198 quod
2521 1126 2762 1184 studiose
2788 1126 3052 1199 cogitatus
3081 1140 3207 1182 suos
3250 1124 3484 1181 tenebris
3509 1139 3573 1181 ac

1976 1218 2262 1275 verborum
2296 1220 2586 1277 involucris
2612 1221 2926 1277 eontexerit.
2969 1220 3167 1276 Verum
3194 1217 3388 1290 OEdipi
3427 1217 3574 1275 labo-

1977 1327 2065 1369 res
2094 1313 2235 1370 haud
2272 1329 2403 1371 sane
2432 1316 2616 1371 inanes
2645 1325 2802 1372 erunt
2827 1353 2843 1381 ,
2872 1316 2962 1387 qui
2989 1314 3239 1372 solertius
3262 1314 3386 1387 styli
3417 1311 3575 1383 hujus

1977 1412 2261 1481 aenigmata
2290 1412 2679 1483 pervestigarit.
2713 1411 2939 1467 Dubiam
2964 1452 2978 1478 ,
3010 1425 3171 1480 quant
3215 1408 3327 1465 suis
3363 1408 3576 1477 scriptis

1977 1504 2215 1576 aspergit
2244 1506 2445 1560 Auctor
2463 1545 2479 1568 ,
2508 1504 2680 1562 lucem
2716 1512 3029 1574 compensat
3060 1502 3215 1573 copia
3244 1508 3297 1556 et
3332 1500 3576 1556 ubertate

1978 1597 2260 1652 veritatum
2303 1611 2437 1667 quas
2489 1597 2722 1653 sollicito
2762 1594 3048 1651 serutatori
3089 1594 3308 1665 detegit.
3349 1594 3574 1663 Uquam

1972 1690 2242 1762 jucundus
2269 1691 2373 1748 erit
2391 1702 2614 1747 conatus
2634 1690 2965 1761 antiquitatis
2986 1688 3227 1746 studiosn
3247 1687 3364 1743 hrec
3379 1687 3577 1758 scripta

1977 1785 2293 1851 meditanti,
2344 1800 2412 1842 ex
2450 1785 2669 1842 cumulo
2697 1785 2983 1842 verborum
3012 1799 3241 1855 operose
3279 1791 3474 1855 coacto.
3508 1781 3576 1837 ad

1981 1879 2298 1949 penitiorem
2346 1894 2528 1934 rerum
2573 1877 2932 1949 cognitionem
2992 1877 3335 1948 pertingere.
3372 1885 3427 1930 et
3470 1889 3577 1931 non

280 1967 492 2023 invitat.
538 1968 744 2039 Saepius
764 1981 921 2039 quant
948 1982 1036 2022 res
1058 1965 1201 2021 unde
1231 1965 1470 2021 docenda
1492 1976 1583 2020 aut
1606 1965 1875 2035 probanda
1902 1944 1951 2005 Β
1979 1988 2103 2029 raro
2131 1973 2183 2028 in
2228 1972 2383 2029 unico
2410 1988 2577 2044 prope
2617 1944 2838 2027 verbum
2866 1944 3074 2026 acutius
3101 1944 3417 2040 investigato
3442 1955 3580 2038 pra:-

281 2060 859 2133 postulagcalamistris
871 2068 926 2115 et
940 2058 1202 2116 cincinnis
1215 2056 1702 2114 delectaturMulta
1715 2058 1874 2113 etiam

279 2156 473 2214 durius
488 2168 539 2213 et
554 2156 956 2228 significantius,
992 2169 1152 2226 quam
1187 2153 1411 2224 intelligi
1446 2152 1693 2218 voluerit,
1725 2152 1876 2208 dicit.

282 2250 528 2307 Graecam
545 2250 935 2322 philosophiam
956 2249 1200 2321 apprime
1218 2248 1465 2312 callebat;
1488 2248 1554 2303 ab
1568 2247 1685 2319 ejus
1702 2256 1877 2304 tamen

284 2361 387 2401 usu
424 2360 526 2398 non
571 2354 771 2400 tantum
800 2342 949 2409 odio,
986 2357 1093 2414 quo
1148 2343 1294 2398 velut
1337 2342 1604 2397 lucrosum
1652 2352 1879 2397 matrem

290 2440 434 2495 inter
450 2434 776 2494 Christianos
809 2434 1223 2502 condemnabat,
1254 2433 1350 2490 sed
1380 2442 1434 2490 et
1466 2433 1646 2489 indole
1671 2432 1832 2487 animi
1862 2475 1877 2500 ,

295 2530 500 2587 tardam
525 2539 577 2595 et
601 2531 667 2586 ab
694 2526 957 2584 adamatis
982 2525 1385 2598 evagationibus
1423 2525 1643 2581 liberam
1676 2513 1881 2597 cogita-

305 2625 497 2681 tionem
536 2620 876 2679 ahhorrentis
908 2664 922 2688 ,
959 2620 1214 2694 abstinuit
1243 2662 1258 2688 ,
1307 2617 1448 2675 unde
1476 2629 1530 2674 et
1567 2618 1742 2675 minus
1772 2619 1880 2675 fre-

320 2726 553 2789 quenter,
595 2719 879 2788 minnSque
929 2714 1194 2780 feliciter,
1255 2728 1412 2785 quam
1451 2711 1567 2785 ejus
1616 2711 1884 2784 eapaeitas

321 2811 537 2882 ferebat,
558 2810 1047 2885 philosophahatnr.
1092 2808 1187 2865 llis
1214 2817 1389 2863 tamen
1430 2804 1568 2862 haud
1597 2806 1883 2879 impeditus

328 2904 431 2973 fuit,
451 2921 541 2976 quo
568 2903 743 2960 minus
770 2901 1057 2959 Christiani
1105 2899 1336 2957 nominis
1376 2908 1430 2956 et
1455 2895 1748 2970 Religionis
1774 2898 1885 2955 exi-

331 2999 448 3053 mius
485 2998 730 3055 adversus
774 2993 974 3053 Gentes
1022 2992 1309 3066 Apologeta
1358 2991 1629 3048 evaderet.
1678 2990 1734 3047 ln
1776 2990 1886 3047 suis

330 3094 528 3165 scriptis,
545 3076 593 3149 si
620 3108 816 3165 paucas
837 3090 1093 3163 quasdam
1118 3089 1217 3144 sibi
1246 3085 1542 3160 peculiares
1567 3083 1883 3151 sententias,

280 3199 295 3212 '
332 3202 476 3260 neque
509 3187 762 3258 gravioris
816 3184 1070 3264 momenti
1104 3225 1119 3250 ,
1166 3197 1228 3237 ac
1273 3178 1566 3253 [lI'JESCI'linl
1606 3178 1886 3235 decantata

331 3279 529 3338 Montani
554 3281 800 3352 dogmata
822 3278 1058 3350 excipias
1078 3319 1092 3343 ,
1122 3292 1307 3349 puram
1338 3277 1533 3345 passim
1561 3289 1681 3329 cum
1714 3268 1891 3345 gravi-

331 3381 419 3430 tate
447 3374 617 3431 Fidem
644 3372 997 3441 Catholicam,
1022 3374 1224 3442 ahsque
1247 3368 1549 3425 artiliciosis
1575 3366 1892 3437 explicatio-

333 3467 491 3535 nibus,
512 3479 561 3523 et
581 3465 925 3538 comparandi
956 3462 1227 3527 formulis,
1257 3476 1389 3531 quas
1420 3458 1663 3517 nonnulli
1692 3457 1889 3514 Docto-

331 3574 429 3614 rum
462 3560 724 3631 hucusque
768 3558 1025 3614 adhibere
1072 3555 1249 3611 conati
1296 3554 1440 3609 fuere
1468 3594 1483 3620 ,
1522 3550 1787 3624 proponit.
1835 3550 1891 3607 In

331 3667 508 3709 morum
548 3652 785 3711 doctrina
810 3693 825 3717 ,
856 3651 945 3705 ubi
974 3661 1082 3704 tam
1113 3646 1422 3718 frequenter
1452 3646 1501 3700 in
1532 3645 1765 3716 rigorem
1791 3643 1890 3699 de-

330 3745 487 3815 flectit,
512 3757 706 3820 quanto
732 3747 1001 3812 severior,
1033 3752 1181 3799 tanto
1208 3757 1352 3813 same
1394 3740 1751 3825 prtestantinr.
1781 3739 1893 3795 Suo

331 3853 531 3912 namque
574 3838 865 3912 Religionis
915 3834 1291 3908 promovendae
1347 3834 1538 3888 ardore
1603 3833 1891 3904 legentium

331 3932 510 3989 animos
536 3932 833 3999 succendit,
874 3940 930 3987 et
951 3944 1243 4003 generosos
1293 3927 1346 3983 in
1396 3914 1545 3982 actus
1576 3925 1888 3982 inflammat.

334 4023 629 4091 Questiones
656 4037 859 4089 autem,
884 4034 939 4079 et
961 4022 1288 4080 assertiones
1319 4019 1547 4075 Morales
1579 4026 1723 4074 tanta
1751 4018 1805 4073 vi
1831 4033 1895 4075 ac

330 4120 472 4189 gratia
500 4130 779 4192 pertractat
808 4126 868 4174 ut
894 4117 1091 4174 erranti
1126 4115 1282 4172 facile
1324 4115 1570 4187 ignoscas
1589 4156 1604 4180 ,
1645 4114 1896 4185 frequens

334 4204 379 4259 in
401 4221 646 4263 sacrarum
674 4206 971 4263 litterarum
1022 4219 1118 4259 usu
1139 4245 1154 4271 ,
1184 4216 1282 4258 nec
1312 4201 1558 4257 indoctus
1583 4200 1893 4257 earumdem

335 4297 584 4371 interpres,
614 4300 707 4357 sed
756 4315 940 4372 parum
982 4298 1246 4370 ingenuus
1266 4337 1281 4363 ,
1313 4311 1530 4352 suarum
1562 4305 1744 4367 utpote
1773 4296 1893 4367 opi-

336 4394 523 4452 nionum
549 4414 612 4453 ex
634 4398 821 4454 iisdem
848 4396 1231 4453 eliciendarum
1264 4394 1384 4464 plus
1409 4407 1565 4463 mque
1598 4391 1892 4449 studiosus.

335 4486 385 4545 lu
412 4490 541 4550 falsis
565 4493 953 4562 doctoribuset
980 4490 1297 4547 Christiana!
1323 4488 1582 4544 doctrinm
1605 4496 1895 4556 corrupto-

1979 2066 2153 2122 claras
2181 2067 2433 2122 veritates
2483 2067 2765 2136 retegere!
2808 2064 3150 2135 Quantopere
3191 2061 3395 2118 abludit
3449 2060 3581 2117 Ter-

1978 2161 2233 2216 tullianus
2258 2176 2287 2214 a
2317 2159 2682 2227 Scriptor-ibus
2709 2173 2815 2214 non
2855 2157 3043 2229 paucis
3067 2198 3083 2224 ,
3112 2157 3203 2228 qui
3243 2153 3452 2226 turgida
3479 2167 3579 2210 sua

1979 2252 2193 2308 dicendi
2240 2251 2495 2308 methodo
2521 2288 2538 2320 ,
2572 2252 2858 2308 verborum
2904 2250 3113 2305 nonnisi
3157 2248 3413 2321 prolluvia
3461 2246 3583 2303 futt-

1982 2346 2151 2413 dunt,
2185 2354 2239 2401 et
2264 2360 2448 2401 cassas
2476 2360 2641 2400 nuces
2670 2343 2963 2401 lectoribus
3003 2343 3069 2398 ad
3112 2342 3383 2398 fastidium
3414 2353 3582 2411 usque

1986 2440 2290 2510 porrigunt.
2322 2438 2466 2507 Quot
2495 2438 2697 2494 interea
2730 2426 2939 2492 'Auctor
2976 2445 3159 2491 noster
3183 2433 3584 2491 difﬁcultatibus

1982 2542 2176 2600 scatet,
2198 2531 2599 2604 cultoribusque
2614 2532 2726 2588 suis
2741 2531 3025 2588 lectionem
3046 2529 3224 2586 reddit
3245 2527 3578 2600 impeditam.

1986 2634 2067 2683 tot
2085 2626 2483 2683 ammtiitatibus
2510 2643 2541 2681 e
2566 2635 2753 2682 contra
2783 2633 2911 2681 sunt
2947 2623 3188 2694 ejusdem
3223 2622 3342 2679 libri
3380 2620 3583 2686 referti,

1986 2727 2043 2772 et
2068 2718 2327 2774 varietate
2348 2732 2412 2773 ac
2436 2716 2637 2773 selectu
2659 2716 3047 2772 sententiarum
3085 2729 3150 2770 ac
3174 2714 3458 2771 veritatum
3485 2713 3587 2769 uti-

1987 2812 2069 2868 les
2113 2812 2284 2881 magis
2326 2819 2489 2882 atque
2531 2809 2777 2880 jucundi.
2823 2809 3024 2883 Practer
3065 2808 3208 2864 enim
3257 2805 3588 2862 Eruditionis

1986 2905 2361 2962 reconditioris
2378 2905 2679 2972 thesauros,
2708 2903 2950 2959 invenies
2977 2902 3032 2958 in
3053 2902 3170 2973 ejus
3195 2901 3409 2973 scriptis
3437 2900 3588 2957 Fidei

1990 2999 2311 3057 Christiana:
2334 3039 2351 3066 ,
2375 2997 2674 3069 disciplinae
2696 2997 3089 3055 Ecclesiasticae
3105 3036 3120 3063 ,
3145 2994 3589 3053 caeremoniarum

1990 3092 2043 3149 in
2075 3092 2221 3148 cultu
2266 3090 2448 3148 divino
2496 3091 2809 3147 usitatarum
2842 3131 2859 3156 ,
2912 3090 3320 3161 impetuumqne
3362 3103 3392 3144 a
3430 3087 3591 3143 sectis

1990 3185 2261 3242 hareticis
2287 3185 2340 3241 in
2370 3183 2668 3241 doctrinam
2690 3182 3013 3240 catholicam
3043 3182 3308 3239 factorum
3329 3222 3343 3247 ,
3385 3196 3450 3237 ac
3485 3181 3593 3236 hae-

1994 3283 2281 3339 reticorum
2326 3280 2409 3336 sui
2462 3280 2563 3335 arvi
2589 3279 2901 3350 opinionum
2928 3278 3323 3334 enarrationem
3351 3276 3486 3331 adeo
3514 3276 3595 3330 in-

1990 3391 2223 3448 genuam
2245 3416 2260 3441 ,
2288 3374 2627 3446 perspicuam
2651 3412 2666 3441 ,
2696 3382 2751 3428 et
2774 3371 3069 3444 jucundam
3088 3410 3104 3437 ,
3135 3371 3347 3442 qualem
3395 3368 3594 3425 frustra

1994 3469 2084 3524 illa
2112 3477 2270 3524 atate
2297 3468 2368 3523 ab
2414 3467 2533 3522 aliis
2558 3465 2951 3536 expectaveris.
2994 3463 3107 3520 Nec
3132 3472 3216 3518 est
3239 3503 3254 3530 ,
3282 3460 3424 3533 quod
3465 3476 3596 3516 con-

1996 3562 2258 3618 fusionem
2288 3560 2628 3616 Montanismi
2664 3558 2918 3631 (propria:
2941 3571 3056 3613 su:e
3093 3553 3382 3627 opinionis)
3407 3563 3461 3609 et
3485 3552 3595 3609 Ca-

1994 3652 2304 3717 tholicismi,
2336 3660 2393 3708 ttt
2437 3651 2507 3707 ita
2548 3652 2743 3713 dicam.
2774 3659 3019 3715 metuas,
3051 3648 3142 3719 qui
3186 3648 3474 3703 multorum
3512 3653 3597 3701 est

1996 3745 2299 3816 scrupulus,
2333 3758 2457 3799 nam
2491 3742 2638 3798 illum
2671 3742 2723 3796 in
2750 3741 2936 3813 paucis
2960 3778 2978 3808 ,
3009 3741 3281 3811 rebusque
3304 3735 3596 3794 levioribus

1996 3836 2271 3909 professus
2296 3845 2379 3892 est
2398 3878 2414 3904 ,
2443 3850 2543 3892 nec
2569 3850 2691 3891 suas
2722 3834 3002 3905 opiniones
3027 3847 3057 3887 a
3082 3831 3351 3887 communi
3377 3839 3599 3886 senten-

1998 3932 2068 3986 tia
2088 3928 2431 3986 discernendi
2454 3927 2626 3984 media
2654 3941 2753 3983 nos
2772 3926 3047 3981 deficiunt.
3075 3925 3266 3979 Parum
3290 3929 3599 3977 accuratam

1995 4039 2119 4081 esse
2139 4023 2290 4079 aiunt
2317 4022 2554 4078 nonnulli
2578 4021 2694 4092 ejus
2722 4020 2791 4077 de
2817 4018 3195 4076 Gnosticorum
3222 4014 3499 4073 erroribus
3525 4014 3596 4070 ob

1997 4114 2285 4172 Orientalis
2342 4113 2707 4184 Philosophiae
2776 4111 3135 4182 ignorantiam
3184 4108 3596 4174 recensionem;

1997 4211 2093 4266 sed
2121 4209 2170 4266 id
2201 4226 2308 4266 non
2336 4210 2467 4265 satis
2497 4207 2726 4278 ingenue
2762 4205 3023 4264 creditur.
3055 4204 3105 4260 Is
3124 4244 3140 4272 ,
3174 4205 3266 4275 qui
3296 4212 3441 4259 tanta
3469 4202 3597 4259 dili-

1995 4304 2176 4376 gentia
2205 4313 2261 4360 et
2284 4302 2535 4360 acumine
2570 4301 2625 4357 in
2670 4300 2865 4356 horum
2896 4300 3112 4370 scriptis
3149 4308 3269 4354 crat
3310 4304 3594 4361 versatus;

1999 4396 2046 4453 is
2067 4438 2082 4464 ,
2113 4410 2221 4468 quo
2261 4410 2420 4451 nemo
2447 4395 2663 4451 uberius
2689 4393 2900 4465 illorum
2927 4405 3142 4449 errores
3166 4390 3532 4457 discusserat,
3556 4388 3602 4443 is
3651 4418 3657 4423 -

1998 4488 2190 4544 horum
2239 4489 2519 4560 ignorasse
2557 4487 2822 4557 originem
2864 4483 3155 4542 credatur?
3183 4483 3345 4554 Atqui
3372 4479 3603 4538 absurda

336 4585 460 4642 ribus
496 4587 845 4659 reprimendis
896 4584 1192 4641 acerrimus
1235 4582 1446 4638 Athleta
1473 4621 1487 4645 ,
1542 4581 1631 4650 qui
1678 4578 1897 4635 eosdem
2000 4581 2218 4637 illorum
2237 4581 2590 4651 ‘opinamenta
2619 4594 2687 4636 ex
2729 4576 3072 4649 Philosophia
3111 4575 3422 4633 Graecanica
3449 4574 3604 4630 unice

336 4677 491 4736 innato
513 4682 665 4736 animi
699 4682 918 4750 impetu,
951 4677 1166 4750 capitali
1193 4676 1335 4742 odio,
1362 4675 1600 4747 tlicterijs
1620 4683 1673 4730 et
1698 4689 1896 4745 oppro-
1919 4700 1976 4763 Β
2001 4675 2230 4742 derivat,
2264 4673 2668 4729 concedendum
2695 4687 2823 4743 ergo
2852 4670 3031 4742 potius
3054 4711 3068 4736 ,
3100 4667 3243 4724 hunc
3270 4669 3469 4723 fontem
3496 4680 3604 4722 non

334 4769 445 4830 briis
462 4774 664 4832 homine
688 4773 891 4831 liberali
914 4788 1101 4844 parum
1123 4770 1316 4842 dignis,
1346 4778 1657 4847 persecutus
1683 4776 1786 4825 est.
1814 4768 1892 4847 Ad
1921 4759 1958 4763 ﬂ
2003 4768 2168 4824 fuisse
2194 4766 2456 4822 duntaxat
2487 4763 2884 4836 philomphiam
2928 4760 3286 4819 Orietitalem.
3335 4759 3605 4814 Prteterea

332 4880 414 4923 eos
432 4866 623 4926 fortiter
645 4881 808 4941 atque
828 4866 975 4923 omni
1000 4881 1068 4922 ex
1098 4875 1248 4938 parte
1278 4844 1645 4930 debellandos,
1674 4836 1898 4917 insuetis
2004 4860 2366 4917 Tertullianus
2394 4858 2680 4915 latinitatis
2711 4856 3107 4914 Ecclesiasticm
3130 4869 3227 4933 seu
3255 4850 3523 4907 sermonis
3548 4850 3603 4907 in

335 4961 476 5019 lliilttl'
499 4942 899 5036 argumentandi
926 4961 1045 5019 telis
1073 4999 1089 5026 ,
1128 4975 1249 5032 quae
1299 4969 1474 5015 tamen
1502 4957 1758 5030 pleraque
1787 4973 1893 5013 non
2002 4953 2229 5026 publicis
2259 4952 2520 5010 Ecclesiae
2548 4950 2778 5023 negotiis
2819 4948 3005 5006 usitati
3034 4956 3220 5002 auctor
3248 4942 3387 5009 fuit,
3417 4942 3469 4998 in
3499 4957 3606 5014 quo

336 5051 571 5111 incassum
601 5056 819 5120 emissa,
842 5054 1079 5127 graviter
1102 5044 1408 5108 vulnerant.
1436 5051 1624 5123 Stylus
1652 5049 1767 5121 ejus
1792 5052 1896 5105 du-
1999 5063 2122 5105 cum
2150 5046 2345 5103 veteris
2372 5044 2510 5101 Latii
2536 5044 2810 5102 vocabulis
2846 5051 2902 5099 et
2954 5037 3237 5097 sententiis
3286 5052 3440 5092 nova:
3482 5045 3536 5092 et
3573 5050 3606 5091 a

334 5148 484 5205 ritiem
502 5150 773 5223 plusquam
792 5148 1116 5214 Africanam,
1135 5155 1191 5202 et
1208 5147 1253 5202 si
1274 5154 1524 5201 accurato
1541 5145 1670 5200 velis
1690 5144 1894 5212 dicere,
2001 5142 2321 5200 Christianis
2343 5139 2701 5211 dogmatibus,
2730 5135 3001 5201 Personis,
3031 5142 3088 5189 et
3110 5128 3607 5188 Consuetudinibus

335 5221 711 5301 Tertullianeam
762 5241 989 5299 redolet.
1038 5241 1094 5296 ln
1147 5239 1327 5295 verbis
1366 5237 1703 5309 amplitudini
1748 5246 1803 5293 et
1846 5237 1899 5292 vi
1996 5237 2299 5307 desumpta:
2328 5235 2579 5290 notiones
2619 5233 2917 5303 junguntur
2950 5268 2967 5295 ,
3016 5227 3143 5281 licet
3186 5223 3255 5281 ab
3287 5221 3605 5281 orthodoxis

337 5338 629 5409 cegitatuum
661 5335 1108 5408 respondentibus
1132 5334 1327 5403 ubique
1356 5331 1603 5387 Auctoris
1627 5330 1899 5402 singulare
2000 5342 2113 5387 sua:
2140 5328 2507 5387 communioni
2536 5341 2639 5384 non
2662 5324 2821 5381 fuerit
2843 5326 3228 5377 annumeratus
3248 5359 3263 5385 ,
3285 5318 3401 5390 ejus
3425 5326 3604 5373 tamen

336 5431 541 5487 studium
569 5438 811 5505 apparet.
837 5428 979 5485 Idea:
1004 5426 1158 5493 ideis,
1188 5426 1446 5483 vocabula
1474 5424 1748 5479 vocabulis
1771 5438 1900 5479 con-
2000 5424 2276 5496 ingenium
2294 5465 2307 5488 ,
2338 5421 2650 5495 stylumque
2676 5418 2874 5489 passim
2903 5412 3386 5477 commendabant,
3416 5425 3607 5482 quem-

337 5521 636 5595 densantur,
666 5533 725 5582 ut
759 5540 792 5581 e
820 5522 1070 5580 dictionis
1104 5520 1431 5577 obscuritate
1479 5532 1586 5574 non
1632 5516 1734 5573 nisi
1776 5532 1900 5574 raro
2001 5533 2109 5590 que
2138 5519 2279 5595 inter
2319 5513 2695 5572 Occidentales
2736 5511 2809 5567 illi
2852 5518 3173 5581 aequarent,
3205 5506 3474 5563 habebant
3511 5519 3609 5562 ne-

337 5588 693 5692 perspicuitas,
719 5628 775 5676 et
801 5618 1066 5675 duntaxat
1087 5616 1232 5672 velut
1262 5614 1441 5686 fulgur
1463 5628 1495 5670 e
1525 5611 1761 5673 tenebris
1780 5624 1897 5668 res-
2002 5588 2227 5668 minem:
2265 5609 2385 5666 Non
2432 5607 2602 5664 multo
2635 5613 2755 5678 post
2783 5604 3106 5677 Cyprianus,
3132 5601 3272 5657 inter
3312 5598 3605 5669 Episcopos

339 5690 578 5781 plendeat.
615 5714 791 5770 Voces
832 5710 1088 5768 obsoleta:
1111 5750 1125 5773 ,
1158 5717 1251 5765 aut
1300 5722 1437 5765 nove
1482 5706 1731 5764 confictae
1761 5747 1776 5775 ,
1807 5715 1900 5763 aut
2005 5704 2410 5767 celeberrimus,
2431 5716 2492 5757 se
2510 5713 2775 5775 suamque
2798 5696 3097 5754 orationem
3115 5694 3330 5767 penitus
3354 5691 3421 5748 ad
3448 5690 3608 5761 hujus

334 5803 588 5877 aﬂectatar,
610 5806 1041 5864 constructiones
1059 5803 1344 5860 verborum
1365 5815 1591 5874 asperae,
1614 5799 1900 5858 abusiones
2004 5796 2291 5853 dictionem
2326 5792 2556 5861 efﬂuxit,
2586 5790 2730 5863 quod
2757 5799 2814 5847 et
2839 5787 3025 5846 caeteri
3049 5787 3227 5843 minus
3268 5792 3458 5877 aperte
3484 5791 3608 5839 teu-

334 5898 476 5956 variza
495 5941 513 5970 ,
539 5900 706 5973 stylus
734 5896 1068 5969 inaequaliter
1095 5884 1269 5952 fluens
1294 5934 1309 5961 ,
1339 5892 1607 5950 condensa
1638 5892 1923 5962 brevitas,.
2003 5894 2203 5946 larunt.
2254 5886 2491 5943 Montani
2526 5894 2706 5942 autem
2742 5882 2980 5941 factione
3007 5880 3267 5954 paulatim
3293 5876 3604 5943 deficiente.

330 5990 907 6079 audaces'metaphorze,
937 5987 1143 6063 frigidas
1166 5986 1448 6055 sententiae
1469 6026 1485 6057 ,
1515 5994 1569 6044 et
1594 5984 1899 6047 antitheses
2004 5981 2297 6071 periculum
2318 5994 2531 6058 quoque
2551 5994 2618 6040 ex
2640 5979 2783 6040 illius
2802 5976 3038 6038 lectione
3062 5974 3262 6035 sensim
3282 5983 3607 6033 evanescere
