4084 6344
550 450 625 510 as
978 402 988 413 ’
1553 445 1572 462 ο
1651 439 2101 500 DlSSER'l‘A’l‘lO
2141 439 2228 497 DE
2268 437 2452 496 vena
2493 436 2748 494 mare
3758 429 3822 486 96

547 564 732 636 coepit,
762 562 992 619 maxime
1017 560 1087 617 ob
1115 557 1396 617 commoda
1430 573 1546 630 quae
1601 556 1726 614 inde
1755 557 1955 613 hauriri
1987 566 2138 628 pote-

2249 585 2375 632 tom.
2406 571 2470 631 ll.
2503 573 2658 645 chap.
2691 572 2806 642 28.)
2849 569 2915 626 ad
2961 565 3384 641 investigandam
3428 565 3545 638 ejus
3582 564 3821 622 librorum

541 667 666 715 rant
685 657 839 729 plane
868 655 1178 728 singularia.
1208 653 1702 710 Commentationes
1722 662 1776 707 et
1803 653 2138 722 interpreta-

543 750 722 806 tiones
743 749 862 819 ejus
883 749 934 804 in
963 761 1146 804 sacras
1172 748 1377 804 litteras
1399 747 1624 802 illustria
1649 755 1774 802 sunt
1795 754 2138 802 monumenta

544 843 613 899 ad
646 842 923 899 historiam
969 841 1275 913 Theologitc
1323 840 1539 896 Biblicm
1572 883 1587 907 ,
1621 840 1992 910 Exegesinqne
2038 855 2141 894 sa-

540 949 726 1000 cram;
773 933 869 989 sed
920 949 1026 989 nou
1072 933 1189 988 sine
1236 931 1549 988 difficultate
1593 931 1862 987 dirimitur
1889 930 2138 1002 qumstio,

541 1038 799 1102 quantum
830 1028 919 1085 ille
951 1043 1080 1084 usus
1110 1028 1183 1083 sit
1211 1027 1653 1098 interpretatione
1691 1027 1854 1080 latina
1889 1025 1978 1080 illo
2007 1033 2141 1079 tem-

545 1139 679 1196 pore
726 1123 836 1193 jam
881 1124 1169 1179 existente.
1223 1121 1485 1178 Numerus
1543 1131 1595 1176 et
1645 1121 1872 1175 varietas
1916 1134 2138 1189 operum

545 1217 860 1275 Tertulliani
902 1232 1032 1273 sane
1060 1217 1333 1288 postulat,
1365 1226 1421 1270 ut
1446 1215 1530 1269 illa
1562 1225 1763 1271 certum
1807 1213 1858 1268 in
1895 1211 2138 1267 ordinem

543 1321 635 1366 aut
665 1311 868 1367 classes
909 1308 1124 1366 redacta
1171 1307 1603 1380 perpentlantur;
1645 1307 1723 1362 sic
1761 1305 1925 1360 relate
1956 1303 2019 1359 ad
2053 1319 2142 1360 res

543 1419 678 1476 quas
705 1403 1001 1468 continent,
1030 1418 1124 1458 seu
1154 1401 1360 1458 rati0ne
1385 1400 1683 1472 argumenti
1728 1398 1869 1469 quod
1902 1407 2142 1468 pertrac-

547 1507 695 1564 tant,
727 1497 866 1553 illius
895 1497 1093 1568 Scripta
1143 1496 1195 1550 in
1235 1504 1345 1551 tres
1369 1496 1569 1548 classes
1609 1491 1863 1561 distingui
1898 1499 2136 1560 possunt.

545 1588 724 1645 Prima
771 1589 1146 1662 complectitur
1191 1603 1292 1654 ea,
1324 1603 1442 1657 qua:
1483 1585 1742 1639 adversus
1787 1583 2042 1639 Ethnicos
2089 1590 2143 1638 et

543 1682 780 1750 Judaeos,
803 1681 1007 1754 jnratos
1033 1681 1320 1750 [tetigimus
1342 1679 1543 1739 hostes,
1562 1679 1759 1744 scripta
1779 1676 1946 1739 fuere,
1967 1675 2143 1745 qualia

545 1784 690 1842 sunt,
720 1791 769 1830 e.
797 1790 868 1840 c.,
888 1774 1265 1847 Apologeticus,
1287 1773 1401 1827 libri
1428 1770 1513 1825 Il.
1537 1771 1605 1824 ad
1628 1770 1897 1833 Nationes,
1920 1769 2053 1824 liher
2082 1768 2146 1824 de

543 1871 730 1925 anima:
755 1869 1086 1933 Testimonio,
1117 1868 1182 1924 ad
1216 1867 1496 1936 Scapulam
1521 1909 1535 1933 ,
1566 1874 1619 1921 et
1644 1864 1884 1920 adversus
1909 1861 2140 1918 Judwos.

545 1963 788 2022 Secunda
822 1979 940 2034 qua:
967 1975 1151 2019 contra
1185 1961 1496 2029 llmretieos,
1531 1969 1652 2030 puta
1695 1959 1831 2014 liber
1871 1958 1936 2013 de
1994 1956 2143 2013 Prw-
2174 1937 2220 1996 Β

543 2059 815 2130 scriptione
841 2055 1224 2121 Hcereticornm,
1254 2057 1514 2112 adversus
1548 2053 1826 2120 Praxeam,
1866 2052 2143 2124 Hermoge-

545 2170 698 2217 nem,
744 2151 1166 2216 Valentinianos,
1214 2149 1565 2211 Mareionem,
1611 2149 1674 2202 de
1733 2147 1897 2203 Carne
1957 2145 2146 2201 Christi

545 2256 729 2304 eontra
778 2247 1026 2314 Apellem,
1078 2245 1390 2301 Marcionem
1427 2254 1471 2299 et
1504 2243 1848 2310 Valentinum,
1878 2241 1944 2298 de
1969 2243 2146 2297 carnis

546 2339 934 2397 Resurrectione
960 2348 1146 2396 contra
1192 2339 1505 2396 Saddncwos
1535 2348 1588 2394 et
1631 2337 1922 2392 llaereticos
1953 2336 2150 2391 llesnr-

548 2435 847 2490 rectionem
872 2444 1145 2500 negantes.
1179 2433 1456 2504 Scorpiace
1483 2442 1666 2488 contra
1697 2430 1983 2493 Gnosticos,
2013 2430 2148 2486 liber

547 2526 615 2584 de
637 2527 822 2582 Anima
847 2538 1032 2582 contra
1058 2525 1506 2596 PhilosOphorum
1531 2534 1586 2580 et
1613 2525 1996 2579 llznretieorum
2023 2539 2148 2578 sen-

549 2621 766 2677 tentias.
791 2621 968 2678 Tcrtia
992 2637 1140 2683 vero,
1164 2638 1282 2692 quae
1303 2636 1424 2675 cum
1446 2619 1808 2690 disciplinam,
1833 2627 1941 2672 tum
1966 2631 2148 2673 mores

548 2726 785 2786 spectant
811 2733 826 2781 ;
861 2717 912 2771 in
944 2716 1043 2771 bac
1070 2716 1242 2771 classe
1271 2715 1472 2786 primus
1499 2714 1648 2770 locus
1675 2712 1904 2768 debetur
1931 2711 2058 2765 libro
2086 2711 2149 2766 de

551 2809 839 2880 Baptismo,
867 2809 1020 2880 cujus
1049 2825 1172 2881 pars
1206 2809 1353 2878 prior
1375 2807 1565 2876 dogma
1591 2805 1847 2862 adversus
1877 2804 2147 2874 Gajanitas

548 2902 616 2958 de
668 2903 924 2972 Baptismi
979 2903 1298 2958 necessitate
1359 2916 1422 2956 ac
1477 2899 1711 2955 eflieaeia
1779 2899 2143 2962 demonStrat;

551 2994 819 3066 posterior
847 2993 1183 3065 disciplinam
1225 2993 1500 3048 describit.
1551 2991 1698 3046 Liber
1739 2992 1803 3046 de
1844 2991 2148 3045 Ptenitentia

549 3089 753 3160 prinms
783 3095 870 3143 est
892 3103 1080 3144 eorum
1117 3087 1209 3159 qui
1239 3103 1387 3142 mere
1437 3087 1500 3140 ad
1529 3087 1955 3142 Ecelesiasticatu
1986 3084 2148 3140 disci-

544 3183 748 3254 plinam
776 3191 1040 3251 spectant.
1065 3181 1213 3236 Liber
1230 3182 1294 3236 de
1319 3181 1562 3236 Oratione
1586 3180 1773 3248 partim
1792 3179 1858 3234 de
1881 3179 2141 3245 moribus,

546 3274 741 3346 partim
768 3273 837 3330 de
861 3273 1140 3344 disciplina
1167 3275 1296 3344 agit.
1324 3273 1438 3330 lluc
1469 3282 1712 3344 spectant
1741 3273 1901 3327 etiam
1928 3271 2142 3326 Tracta-

548 3377 634 3422 tus
660 3367 726 3422 tle
759 3365 1088 3428 ldololatria,
1118 3366 1186 3422 de
1212 3365 1432 3427 Corona,
1457 3365 1525 3421 de
1558 3363 1728 3437 Fuga,
1757 3363 1825 3420 de
1853 3362 2044 3427 Pallio,
2077 3363 2147 3419 de

547 3459 888 3527 Spectaculis,
911 3459 978 3515 de
998 3458 1152 3515 Cultu
1173 3469 1217 3513 et
1241 3459 1414 3515 habitu
1440 3458 1792 3524 Feminarum,
1809 3457 1875 3512 de
1906 3455 2149 3511 Velandis

555 3550 847 3624 Virginibus
871 3594 888 3618 ,
929 3550 996 3607 de
1028 3549 1288 3606 Patientia
1313 3595 1326 3612 ,
1357 3550 1424 3605 ad
1472 3549 1731 3622 Martyras
1756 3591 1770 3612 ,
1801 3549 1865 3602 ad
1901 3547 2144 3604 Uxorem.

547 3645 736 3700 llahita
784 3659 914 3700 vero
962 3644 1169 3699 ratione
1213 3643 1280 3700 ad
1334 3642 1585 3700 Criticem
1632 3659 1694 3698 ac
1731 3642 2146 3714 ChronOIOgiam

546 3740 781 3812 quinque
825 3739 1060 3809 Operum
1090 3739 1293 3794 classes
1325 3737 1636 3793 statuendas
1678 3751 1797 3792 esse
1836 3737 2011 3806 capite
2055 3752 2146 3792 sc-

545 3835 732 3905 qnenti
783 3833 1119 3889 docebimus.
1166 3831 1411 3887 Notanda
1450 3831 1684 3902 denique
1730 3831 1890 3885 etiam
1925 3829 2149 3886 veniunt

546 3923 865 3981 Tertulliani
893 3939 1058 3996 opera
1101 3935 1287 3979 contra
1322 3922 1612 3983 Ecclesium
1643 3922 1838 3992 scripta
1872 3938 1966 3990 pro
1995 3921 2148 3975 Mou-

547 4017 799 4084 tanistis,
845 4015 1006 4086 hujus
1048 4016 1262 4088 generis
1317 4031 1540 4070 ntttuero
1586 4022 1814 4082 quatuor
1861 4012 2146 4082 habentur,

546 4109 801 4163 nimirum
834 4108 968 4164 liber
1005 4107 1076 4163 dc
1107 4106 1363 4162 Pudicitia
1385 4147 1402 4171 ,
1432 4105 1499 4161 de
1542 4105 1871 4178 Monogamia
1891 4148 1906 4172 ,
1942 4104 2146 4160 Exhor-

549 4201 675 4256 tatio
705 4201 774 4254 ad
807 4202 1088 4256 castitatem
1113 4242 1128 4266 ,
1155 4210 1209 4255 et
1235 4199 1518 4255 Tractatus
1544 4199 1607 4253 de
1620 4198 1862 4270 jejuniis.

622 4293 700 4350 De
740 4302 982 4364 tempore
1008 4305 1168 4364 atque
1208 4291 1398 4347 ordine
1421 4335 1434 4355 ,
1466 4309 1572 4362 quo
1604 4293 1654 4346 in
1691 4290 1976 4347 exarandis
2003 4306 2149 4346 com-

546 4385 969 4442 mentationibus
1017 4385 1130 4440 suis
1180 4399 1308 4440 usus
1346 4397 1428 4440 est
1463 4383 1808 4439 Tertullianus
1836 4427 1850 4450 ,
1886 4385 2049 4439 multa
2079 4383 2148 4440 ab

547 4477 938 4534 Eruditissimis
969 4478 1110 4533 Viris
1131 4476 1510 4548 disputantur;
1541 4492 1640 4532 nec
1669 4477 1796 4532 licet
1826 4478 1971 4532 litem
2009 4477 2146 4530 hanc

545 4573 617 4627 ita
649 4571 936 4636 decidere,
980 4582 1036 4626 ut
1076 4572 1256 4627 omnia
1310 4572 1439 4626 liaut
1485 4572 1641 4643 plana
1673 4583 1831 4644 atque
1875 4580 2142 4626 accurata.

2241 675 2453 723 aetatem
2484 666 2624 720 vires
2653 681 2774 719 sua~
2796 673 2850 720 et
2881 661 3114 717 studium
3137 657 3527 730 impenderunt.
3551 656 3652 715 Sed
3678 674 3821 713 nemo

2245 760 2653 826 lelicius,iudice
2673 759 2754 815 Cl.
2775 757 2860 814 .lo.
2888 755 3068 811 Matth.
3101 753 3462 818 Scltroerklrio,
3488 751 3590 807 hoc
3617 767 3822 808 munere

2245 856 2454 911 functus
2480 863 2582 916 est,
2617 869 2775 924 quam
2807 850 2888 906 Cl.
2918 849 3002 906 .lo.
3038 849 3308 918 Augustus
3339 843 3569 900 Noesselt
3599 843 3822 900 Theoloo

2242 949 2344 1021 gite
2379 949 2572 1005 Doctor
2618 957 2670 1002 et
2703 945 2982 1001 l'rol’essor
3015 942 3258 1013 publicus
3284 937 3600 1008 Ordinarins
3620 937 3670 992 in
3698 939 3822 992 Aca-

2245 1041 2417 1097 demia
2450 1037 2662 1096 Halensi
2689 1036 2828 1093 edita
2855 1035 3220 1106 diSputatioue
3248 1047 3388 1087 anno
3423 1030 3578 1086 1757.
3622 1028 3695 1085 De
3719 1045 3824 1083 vera

2244 1143 2391 1188 wtate
2417 1149 2475 1186 ac
2505 1131 2736 1186 doctrina
2760 1129 3063 1199 scriptorum
3084 1142 3196 1194 qua:
3217 1132 3485 1194 supersunt
3513 1121 3580 1191 ρ.
3609 1121 3825 1192 Septimii

2247 1223 2576 1288 Tertulliani,
2611 1231 2772 1293 atque
2801 1219 3132 1275 t‘mcndatius
3166 1217 3486 1286 reimpressa
3535 1213 3672 1269 Halm
3697 1212 3826 1284 Mag-

2245 1318 2548 1389 deburgican
2577 1330 2717 1370 anno
2761 1312 2916 1369 1768.
2942 1328 3100 1383 quam
3133 1320 3242 1364 tum
3293 1309 3362 1363 ob
3400 1322 3550 1362 suam
3579 1315 3824 1378 prmstau-

2248 1412 2374 1468 tiam
2399 1452 2415 1474 ,
2454 1420 2563 1464 tum
2597 1409 2665 1462 oh
2691 1407 2965 1462 raritatem
2999 1404 3228 1476 (integro
3258 1402 3400 1456 enim
3433 1399 3544 1454 l'ere
3573 1413 3708 1453 anno
3745 1397 3823 1452 Bi-

2247 1501 2511 1572 bliopolas
2561 1501 2754 1572 passim
2805 1499 2995 1554 litteris
3034 1511 3130 1566 pro
3178 1510 3240 1551 ea
3291 1493 3420 1548 mihi
3465 1489 3824 1561 comparanda,

2245 1595 2562 1650 adhortatus
2587 1634 2600 1657 ,
2633 1590 2846 1646 tandem
2876 1589 3039 1644 multa
3068 1585 3324 1642 industria
3358 1583 3634 1653 exemplar
3658 1590 3828 1637 nactus

2245 1688 2400 1760 sum)
2431 1689 2784 1743 litteratorum
2850 1683 2990 1738 haud
3051 1678 3422 1752 ingratiisbic
3462 1674 3826 1749 subjiciendam

2246 1782 2451 1838 statuit.

2817 1910 3208 1973 ARTICULUS
3248 1910 3310 1966 ll.

2284 2045 2379 2110 'De
2405 2052 2546 2109 libris
2575 2049 2877 2106 Tertulliani
2898 2091 2913 2114 ,
2938 2062 3151 2118 quorum
3180 2053 3227 2100 et
3255 2054 3377 2100 telas
3405 2051 3456 2098 et
3485 2040 3784 2098 Ortltodoxia

2891 2169 3146 2216 constant.

2710 2299 2738 2373 ᾗ
2793 2301 2844 2356 Ι.
2875 2328 2945 2339 -
2971 2298 3123 2354 Ratio
3186 2296 3431 2351 instituti.

2326 2446 2646 2516 Postquam,
2669 2441 2907 2512 depulsis
2943 2437 3236 2510 superioris
3280 2436 3546 2492 barbarici
3589 2433 3822 2498 tenebris,

2251 2541 2406 2597 bonis
2427 2539 2632 2594 artibus
2655 2549 2814 2606 atque
2837 2533 3139 2604 disciplinis
3163 2533 3384 2603 pristina
3413 2531 3668 2603 elegantia
3689 2528 3827 2583 resti-

2253 2646 2362 2691 tuta
2415 2635 2551 2699 luit,
2586 2642 2973 2702 cmpcrnntque
3034 2628 3422 2700 prodeuntibus
3474 2626 3625 2681 annis
3665 2623 3825 2680 omnia

2249 2731 2544 2785 litterarum
2594 2742 2789 2798 genera
2845 2725 3033 2795 majori
3079 2724 3280 2778 lumine
3324 2720 3629 2778 collustrari
3675 2737 3688 2774 :
3731 2733 3823 2773 tton

2249 2822 2536 2878 defuerunt
2563 2836 2755 2888 tnaguo
2794 2827 2848 2873 et
2889 2816 3168 2872 excellenti
3209 2815 3428 2886 ingenio
3460 2813 3599 2880 ‘viri,
3631 2811 3715 2885 qui
3741 2824 3825 2866 nec

2250 2927 2363 2970 arte
2386 2915 2564 2983 longa,
2592 2927 2687 2968 nec
2711 2911 2957 2966 maximis
2979 2908 3385 2964 difﬁcultatibus
3409 2908 3664 2970 deterriti,
3686 2903 3825 2977 quid-

2249 3007 2373 3078 quid
2403 3005 2674 3060 iuduslrizc
2706 3013 2915 3074 poterat
2944 3001 3174 3070 impendi
3197 3044 3211 3065 ,
3243 2999 3310 3055 ad
3342 2999 3702 3055 illustrandatn
3730 3011 3826 3052 ca:-

2252 3110 2334 3154 tus
2359 3098 2652 3155 Christiani
2691 3097 2964 3152 historiam
2997 3097 3359 3152 contulerunt.
3408 3095 3641 3166 Namque
3669 3092 3716 3147 hi
3738 3134 3751 3156 ,
3777 3098 3828 3146 ut

2249 3199 2402 3246 erant
2441 3191 2492 3244 in
2537 3205 2598 3244 ea
2641 3189 2904 3245 sententia
2931 3230 2948 3254 ,
2993 3187 3194 3258 absque
3241 3198 3483 3243 veterum
3529 3185 3825 3256 scriptorum

2249 3297 2434 3338 severa
2481 3282 2739 3347 lectione,
2772 3297 2944 3352 neque
2986 3280 3278 3336 litterarum
3325 3279 3640 3352 elegantiae,
3673 3289 3826 3348 neque

2250 3375 2349 3430 arti
2380 3375 2516 3429 bene
2540 3383 2894 3444 accurateque
2924 3371 3208 3438 sentiendi,
3242 3389 3422 3444 neque
3456 3373 3582 3443 ipsis
3612 3369 3825 3426 sanctio-

2250 3469 2397 3524 tibus
2423 3467 2722 3538 disciplinis
2752 3469 2880 3540 satis
2920 3483 3076 3538 posse
3105 3467 3312 3522 consuli
3338 3483 3352 3531 ;
3387 3467 3472 3523 ‘ita
3504 3467 3724 3521 maxime
3748 3478 3827 3518 cx-

2249 3559 2528 3617 cutiendos
2558 3559 2849 3615 credebant
2876 3576 2968 3616 eos
2996 3601 3011 3625 ,
3042 3576 3271 3629 quormn
3302 3559 3534 3615 lectione
3565 3569 3850 3630 perSpexe--

2249 3665 2370 3711 rant
2425 3655 2591 3724 ipsius
2643 3654 2904 3710 doetrinae
2968 3652 3372 3726 disciplinmque
3426 3653 3828 3708 Christianorum

2251 3747 2653 3818 intelligentiam
2712 3746 2998 3817 plut-inium
3063 3745 3301 3815 adjuvari
3352 3761 3537 3816 posse.
3599 3743 3732 3809 Sed,
3782 3746 3831 3794 ut

2252 3840 2488 3908 ipsorum
2521 3849 2843 3908 temporum,
2876 3839 2943 3892 ita
2971 3839 3130 3894 etiam
3153 3837 3469 3906 opinionum
3499 3845 3579 3892 est
3607 3831 3829 3907 qua-dam

2253 3931 2596 3987 vicissitudo:
2630 3931 2744 3987 haec
2771 3947 2832 3986 ex
2864 3931 3180 4000 antiquitate
3207 3930 3451 4000 sapiendi
3505 3929 3636 3984 ratio
3667 3923 3831 3998 paula-

2252 4023 2346 4077 tim
2379 4022 2517 4093 apud
2551 4039 2648 4076 nos
2678 4021 2870 4076 adduci
2920 4022 3084 4091 etrapit
3113 4021 3164 4076 in
3192 4031 3586 4091 contemptum.
3620 4016 3832 4072 maxime

2251 4130 2372 4170 cum
2396 4116 2695 4178 extiterint,
2725 4115 2812 4185 qni
2848 4124 3126 4184 propteret
3183 4112 3324 4184 quod
3375 4114 3496 4168 solo
3520 4127 3674 4168 sensu
3697 4123 3830 4163 com-

2252 4207 2420 4270 tnttni,
2440 4223 2467 4259 a
2490 4206 2728 4276 patribus
2745 4206 2883 4260 velut
2902 4205 3215 4261 heraedilate
3230 4205 3615 4268 relicto,virum
3634 4203 3831 4259 doctum

2251 4301 2543 4356 Credebant
2575 4298 2714 4354 efﬁci
2743 4342 2755 4364 ,
2792 4298 2952 4354 modo
2985 4299 3026 4353 is
3055 4309 3194 4354 esset
3224 4298 3517 4354 adstrictus
3547 4293 3832 4352 subtilitatis

2249 4393 2591 4464 geometrica:
2632 4391 2857 4462 legibus,
2893 4392 3237 4446 instituerunt
3267 4390 3581 4462 'l'heologia:
3611 4385 3832 4445 tirocinia

2252 4485 2362 4556 ipsa
2393 4501 2491 4558 pro
2517 4484 2805 4555 'l‘lteoiogia
2849 4482 3081 4550 habere,
3114 4492 3168 4538 et
3195 4524 3208 4548 ,
3236 4483 3480 4538 contenti
3508 4480 3721 4538 scientia
3749 4489 3833 4531 sua

2250 4585 2359 4631 tam
2387 4591 2566 4644 parva,
2591 4582 3075 4643 contemnere'eos,
3099 4589 3323 4644 quorum
3343 4573 3517 4629 studia
3540 4581 3630 4628 aut
3651 4569 3834 4626 nullam

547 4665 750 4722 Praeter
775 4665 934 4732 alios,
958 4681 1152 4736 operas
1175 4680 1300 4721 suas
1325 4665 1390 4720 ad
1423 4665 1474 4721 id
1495 4667 1868 4732 contulerunt,
1897 4675 1956 4721 ut
1983 4665 2148 4722 libro-
2173 4696 2225 4756 Β
2253 4669 2448 4725 habent
2477 4669 2729 4724 novitatis
2755 4668 3000 4735 formam,
3027 4679 3118 4722 aut
3145 4669 3462 4724 acerrimam
3494 4667 3687 4740 ingenii
3713 4679 3832 4720 cou-

548 4777 690 4826 rntn,
717 4775 853 4832 quos
877 4759 1229 4815 Tertullianus
1256 4763 1576 4831 composuit,
1611 4771 1663 4816 et
1691 4761 1925 4832 reliquit,
1959 4770 2148 4817 aetates

548 4853 881 4925 indagarent,
901 4869 964 4910 ex
985 4853 1413 4910 Protestantilms
1433 4853 1644 4910 Samuel
1668 4852 1954 4925 Basnagius
1976 4853 2142 4925 (Sam.

548 4945 800 5016 Ba~nag.,
823 4947 1019 5000 Annal.
1054 4947 1260 5018 politico
1300 4945 1592 4999 Ecelesiast.
1621 4986 1636 5011 ,
1663 4955 1791 4998 tom.
1823 4945 1880 4999 ll.
1910 4963 1961 5016 p.
1992 4946 2148 5016 215.)

548 5047 603 5093 et
641 5038 829 5092 Petrus
867 5040 1089 5094 Allixius
1123 5039 1290 5110 (Petr.
1319 5037 1491 5117 _Alix:,
1527 5036 1792 5092 Dissertat.
1837 5039 1900 5092 de
1945 5037 2060 5093 Vita
2101 5048 2151 5094 et

551 5130 770 5200 Scriptis
795 5130 1140 5199 Tertulliani,
1181 5147 1300 5202 cap.
1341 5129 1428 5195 lV,
1459 5146 1608 5202 seqq.
1629 5173 1644 5198 ,
1674 5146 1791 5202 pag.
1819 5130 1967 5202 28.),
1994 5133 2150 5199 cujus

547 5220 963 5292 Chronologiam
999 5224 1241 5294 proxime
1268 5222 1334 5278 ad
1367 5223 1645 5279 veritatem
1674 5222 1930 5278 accedere
1943 5224 2152 5294 judicat

547 5313 690 5371 Guil.
710 5314 900 5370 Caecus
918 5314 1084 5385 (Guil.
1101 5315 1289 5382 ϐενε..
1318 5314 1454 5372 Hist.
1475 5316 1712 5381 litterar.,
1735 5326 1864 5370 tom.
1887 5315 1930 5370 Ι.
1955 5331 2006 5386 p.
2027 5315 2146 5388 92.)

547 5421 596 5464 et
628 5409 744 5480 ipse
780 5409 1022 5480 ordinem
1047 5453 1062 5478 ,
1095 5410 1168 5466 ab
1188 5426 1255 5467 eo
1277 5411 1613 5483 designatum
1637 5454 1653 5479 ,
1688 5411 1742 5467 in
1769 5412 2149 5468 enumerandis

548 5502 632 5558 bis
671 5501 822 5558 libris
851 5503 1118 5574 prmcipue
1148 5503 1390 5576 sequitur
1421 5547 1435 5570 ,
1470 5505 1541 5560 ita
1576 5515 1752 5560 tamen
1781 5545 1796 5570 ,
1826 5513 1881 5559 ut
1912 5505 1963 5560 in
2009 5520 2146 5561 non-

548 5597 708 5653 nullis
734 5598 802 5653 ah
832 5598 923 5654 illo
951 5598 1248 5656 dissentiat.
1279 5599 1358 5656 Ex
1382 5599 1674 5658 Catholicis
1712 5600 2061 5658 Sebastianus
2096 5603 2146 5658 le

545 5691 704 5755 Naiu,
735 5692 1091 5750 Tillemontins
1130 5697 1148 5764 (
1171 5695 1476 5762 Tillemont,
1520 5695 1822 5764 Memoires,
1874 5709 2004 5755 tom.
2053 5698 2144 5754 ΙΙΙ.

549 5798 600 5853 p.
631 5783 757 5839 300.
786 5797 839 5840 et
868 5788 1032 5855 suiv.,
1061 5787 1190 5844 étlit.
1225 5788 1291 5843 de
1318 5788 1576 5854 Bruxell,
1605 5791 1809 5863 1752.),
1843 5792 2003 5847 Ellies
2037 5790 2146 5846 Du-

542 5875 697 5946 pinns
725 5875 852 5946 (Ell.
885 5879 1075 5950 Dupin,
1101 5878 1449 5948 Biblimhéque
1475 5882 1563 5936 des
1585 5893 1808 5951 anteurs,
1835 5892 1963 5938 tom.
1997 5882 2064 5954 l.)
2090 5893 2145 5940 et

548 5969 706 6031 Remi
734 5970 936 6032 Ceillier
966 5973 1151 6047 (Remi
1180 5974 1433 6050 Ccillicr,
1465 5975 1603 6034 Hist.
1632 5981 1745 6051 gen.
1781 5979 1868 6037 des
1904 5977 2140 6048 Autettrs,

2256 4762 2546 4819 tentionetn
2604 4761 2950 4829 laboremque
3017 4762 3294 4832 requirunt
3342 4777 3650 4832 operosum.
3698 4754 3834 4815 Unde

2254 4852 2449 4909 factum
2481 4863 2585 4919 est,
2615 4861 2670 4907 ut
2692 4852 2853 4908 hodie
2881 4853 3148 4924 plerisque
3176 4852 3393 4909 sordeat
3420 4869 3578 4909 omne
3605 4852 3675 4918 id,
3705 4845 3833 4920 quod

2255 4947 2415 5002 habet
2444 4947 2675 5017 aliquam
2718 4957 2897 5001 notam
2929 4946 3262 5018 antiquitatis
3291 4989 3306 5014 ,
3344 4955 3398 5001 et
3423 4962 3542 5017 qua:
3577 4943 3640 5000 ad
3667 4956 3832 4998 sacra-

2253 5056 2368 5094 rum
2409 5040 2742 5105 litterarum,
2795 5051 3036 5094 veterum
3071 5039 3284 5094 fatnilim
3314 5038 3632 5094 Christianae
3656 5035 3830 5090 doeto-

2252 5149 2368 5188 rum
2396 5145 2451 5188 et
2491 5132 2732 5187 historia:
2775 5131 3091 5187 Christianae
3125 5132 3528 5203 intelligentiam
3560 5129 3826 5202 pertinent,

2253 5240 2314 5280 ea
2337 5224 2646 5279 doctoribus
2672 5223 3008 5293 umbraticis,
3038 5240 3200 5296 quam
3228 5224 3595 5298 sagacioribus
3621 5219 3826 5276 videan-

2254 5326 2337 5371 lur
2363 5315 2628 5388 digniora.
3820 5323 3836 5336 '

2322 5409 2448 5465 llzec
2475 5409 2667 5480 saepius
2691 5415 2868 5463 mente
2897 5407 3218 5478 agitantibus
3240 5409 3415 5475 nobis,
3436 5405 3826 5473 dolentibusth

2250 5519 2369 5559 cum
2394 5504 2491 5570 iis,
2521 5503 2610 5574 qui
2634 5502 2828 5558 bonam
2861 5512 3092 5558 mentem
3116 5513 3328 5570 amant,
3375 5511 3669 5572 temporum
3709 5508 3822 5550 nos-

2251 5608 2454 5653 trorum
2486 5595 2874 5662 infelicitatem,
2907 5596 3075 5652 risum
3107 5605 3208 5660 est,
3241 5595 3432 5651 horum
3460 5592 3692 5650 aemulari
3715 5586 3824 5644 dili-

2249 5693 2482 5768 gentiam
2515 5693 2709 5764 potius,
2761 5707 2918 5763 quam
2966 5700 3286 5746 cancrorum
3316 5690 3597 5745 obscuram
3622 5683 3819 5756 sapien-

2251 5791 2396 5845 tiam.
2433 5787 2512 5842 Ex
2535 5803 2641 5859 quo
2667 5788 2824 5858 igitur
2839 5787 3098 5856 carpimus
3121 5785 3359 5856 cogitare
3377 5781 3442 5838 de
3467 5796 3550 5846 eo,
3581 5795 3682 5850 quo
3709 5790 3820 5846 pos-

2250 5897 2430 5936 semus
2459 5881 2746 5951 consequi,
2799 5888 2856 5934 ut
2883 5877 3081 5949 aliquid
3111 5890 3487 5934 consecremus
3515 5871 3578 5928 ad
3607 5871 3814 5926 aliorum

2249 5975 2568 6044 utilitatem;
2601 5971 2842 6046 religioni
2868 5971 3019 6031 nobis
3041 5970 3310 6042 duximus,
3333 5969 3473 6029 viain
3501 5965 3644 6039 sequi
3665 5973 3816 6036 popu-
