4082 6338
284 214 382 274 97-
1143 221 1230 279 AC
1272 220 1613 281 DOCTRINA
1652 219 2090 284 SCRIPTORUM
2129 222 2616 287 TERTULLIANI.
3487 232 3558 291 98

283 331 464 400 larem,
490 345 604 404 qua:
629 333 831 392 sensim
857 333 1014 393 ducet
1045 346 1260 394 nostros
1301 340 1542 395 homines
1568 340 1633 395 ad
1664 340 1856 395 barba-
1886 341 1938 402 Λ
1965 342 2184 411 reperiri
2215 353 2425 412 potest,
2455 360 2551 399 nec
2573 349 2696 399 sunt
2723 341 2919 416 ubique
2939 343 3112 401 artatis
3135 343 3395 402 librorum
3413 355 3557 404 cer-

287 427 415 483 rictu
441 427 704 499 pristinam
724 472 739 498 ,
772 433 1167 504 rppetendaque
1197 436 1498 506 putavimus
1524 436 1858 506 antiquitatis

290 521 450 577 studia
470 563 485 588 ,
513 539 623 592 qua:
658 539 780 579 cum
810 541 994 595 opera,
1036 527 1086 582 iu
1117 525 1309 602 divinis
1334 529 1524 584 litteris
1554 529 1857 600 diligentius

296 614 514 670 colendis
539 633 564 668 a
587 617 738 672 nobis
762 618 1044 687 collocata,
1079 621 1336 692 majorem
1368 622 1600 693 aliquam
1626 621 1858 678 habeant

297 708 715 778 conjtutctioncm.
739 711 1049 782 Propterea,
1078 729 1221 778 cum,
1251 714 1424 786 quoad
1457 716 1667 780 licebat,
1693 717 1855 772 etiam
1894 791 1898 793 ἒ

292 801 358 855 ad
395 801 728 872 antiquiorum
780 803 1037 861 Ecclesia:
1091 807 1376 864 Doctorum
1428 808 1593 864 libros
1642 810 1856 866 assidue

290 893 572 951 tractandos
599 897 836 952 animum
861 897 1221 968 adiunxissent
1251 917 1426 957 meum
1462 918 1476 956 :
1507 901 1700 975 dignus
1724 903 1852 958 mihi

297 987 348 1042 in
375 989 534 1058 primis
557 987 910 1047 Tertullianus
944 991 1225 1048 videbatur
1258 1035 1273 1061 ,
1301 995 1452 1065 cujus
1477 995 1671 1066 scripta
1692 1011 1852 1052 accu-

299 1091 404 1136 rata
447 1081 654 1138 lectione
678 1069 1051 1155 perseqtierer.
1098 1085 1336 1158 Namque
1361 1086 1549 1143 dubito
1595 1087 1742 1155 fere,
1784 1104 1850 1144 an

305 1177 408 1248 quis
431 1177 472 1231 in
490 1166 790 1248 antiquitate
821 1180 1062 1236 universa
1090 1181 1160 1236 sit
1186 1197 1372 1238 eorum
1399 1224 1413 1244 ,
1447 1199 1478 1240 e
1498 1183 1689 1253 quibus
1720 1183 1849 1239 doc-

308 1275 424 1328 trina
447 1288 706 1346 moresque
735 1285 974 1331 veterum
1003 1275 1428 1334 Christianorum
1459 1278 1851 1349 possuntiutel-

312 1365 408 1438 ligi,
429 1367 504 1437 qui
542 1381 655 1422 cum
690 1369 923 1423 maximo
952 1369 1162 1440 ingenio
1208 1371 1463 1442 majorem
1517 1372 1852 1442 conjunxerit

316 1477 464 1517 rerum
496 1460 776 1518 divinarum
823 1464 1281 1534 humanarumque
1311 1466 1625 1533 scientiam,
1677 1465 1850 1537 majo-

322 1570 500 1626 remque
524 1555 570 1609 in
612 1555 1021 1611 commentando
1071 1557 1420 1613 subtilitatem
1451 1557 1555 1629 (l).
1583 1557 1689 1613 Sed
1735 1557 1851 1628 ejus

327 1649 497 1720 quidem
540 1650 806 1720 scriptoris
854 1665 1005 1706 usum
1052 1651 1105 1706 in
1139 1663 1377 1707 veterum
1421 1652 1848 1708 Christianorum

1963 436 2162 490 tissima
2189 435 2403 491 indicia.
2433 436 2563 491 Nam
2588 437 2631 491 si
2678 437 2979 508 diSputatur
3007 437 3074 494 de
3103 455 3169 495 eo
3199 482 3213 506 ,
3268 449 3442 496 tttrum
3487 441 3558 498 sit

1961 528 2152 598 aliquis
2175 527 2484 584 Tertulliani
2517 529 2724 586 libellus
2752 539 2874 586 ante
2901 531 3133 601 scriptus
3153 573 3168 600 ,
3213 546 3372 604 quam
3403 530 3555 588 defe-

1959 621 2090 678 cerit
2116 621 2181 678 ad
2207 621 2647 679 Montanistarum
2677 623 2962 690 familiam,
3019 641 3084 680 an
3130 635 3346 697 postea;
3377 642 3438 682 ea
3469 641 3556 683 res

1958 711 2170 770 duobus
2192 715 2366 770 modis
2390 716 2738 787 intelligitur:
2775 718 2853 774 vel
2879 734 2942 774 ex
2962 717 3075 789 ipsa
3103 719 3222 774 libri
3249 728 3438 788 astate,
3471 720 3556 777 vel

1957 822 2022 863 ex
2051 808 2137 876 iis,
2165 825 2284 879 quae
2309 810 2360 864 in
2381 811 2572 881 quovis
2601 810 2740 866 libro
2768 813 3111 866 continentur
3130 853 3146 878 ,
3198 811 3551 868 Montanista-

1957 919 2076 958 rum
2107 903 2384 959 doctrinis.
2415 903 2522 960 Sed
2553 904 2648 959 ista
2675 905 2919 975 superior
2941 904 3077 959 ratio
3098 905 3360 976 triplicem
3391 905 3551 962 habet

1956 995 2365 1055 dubitationem.
2389 997 2522 1053 Nam
2555 997 2748 1053 horum
2777 997 3035 1053 librorum
3067 997 3154 1054 alii
3187 1007 3293 1053 tam
3321 1013 3428 1054 non
3458 1012 3550 1054 os-

1955 1091 2180 1147 tendunt
2198 1091 2440 1164 quzvdam
2461 1092 2616 1163 hujus
2636 1092 2711 1147 rei
2725 1092 3030 1163 vestigia,ut
3047 1101 3176 1148 artas
3191 1107 3375 1148 eorum
3397 1093 3552 1163 plane

1954 1187 2024 1242 sit
2060 1186 2424 1257 desperanda;
2458 1187 2546 1242 alii
2574 1187 2646 1242 nil
2675 1186 2827 1242 nobis
2855 1186 3180 1255 relinquunt,
3209 1185 3310 1241 uisi
3342 1195 3398 1240 ut
3449 1185 3548 1242 de-

1956 1280 2276 1336 scendamus
2319 1281 2385 1336 ad
2415 1281 2677 1336 rationem
2709 1279 3123 1350 conjecturalem
3154 1321 3168 1344 ,
3207 1279 3438 1350 denique
3461 1278 3552 1334 alii

1954 1373 2082 1432 dant
2126 1375 2340 1446 quidem
2389 1375 2745 1446 suspicionem
2777 1383 2977 1430 certam
3007 1373 3124 1444 ejus
3169 1373 3288 1428 libri
3333 1382 3546 1429 aetatem

1956 1468 2308 1540 intelligendi,
2337 1467 2429 1523 sed
2460 1468 2560 1523 hoc
2582 1468 2834 1523 nitnirttm
2857 1476 2940 1523 est
2965 1466 3211 1533 dubium,
3241 1475 3418 1521 utrum
3449 1466 3546 1522 ista

1955 1570 2271 1632 tempestate
2321 1560 2430 1631 jatn
2507 1559 2865 1615 Tertulliantts
2929 1558 3116 1614 fecerit
3182 1559 3250 1612 ab
3310 1557 3550 1612 Ecclesia

1955 1653 2316 1710 secessionem
2345 1697 2358 1715 ,
2380 1663 2470 1707 aut
2490 1653 2678 1708 eodem
2707 1694 2722 1717 ,
2773 1651 2913 1706 unde
2939 1652 3279 1715 discesserat,
3303 1649 3548 1706 redierit.

330 1743 531 1798 institutis
570 1744 949 1814 cognoscendis
1009 1747 1242 1802 maxime
1285 1746 1508 1822 impedit
1557 1745 1846 1815 dubitatio,
1881 1731 1927 1790 Β
1953 1746 2150 1803 Contra
2179 1747 2347 1801 altera
2374 1755 2586 1802 :etatem
2614 1744 2899 1800 deliniendi
2924 1743 3092 1808 ratio,
3123 1751 3379 1813 prmterea
3406 1741 3549 1814 quod

334 1835 439 1891 sitne
458 1837 551 1907 quis
567 1836 673 1907 ejus
701 1837 838 1894 liber
865 1848 972 1893 tum
1002 1839 1256 1911 scriptus,
1284 1855 1404 1895 cum
1425 1841 1474 1896 in
1503 1840 1850 1896 Montanista-

341 1945 432 1984 runt
453 1943 597 2002 partes
619 1931 973 2001 dl>CeSSlSSCl,
1003 1935 1085 1990 vel
1117 1946 1240 1990 ante
1271 1934 1406 1991 hanc
1432 1935 1786 1992 defectionem
1817 1953 1846 1991 a

345 2025 493 2095 puriori
515 2026 769 2082 Ecclesia?
800 2043 920 2099 qua:
967 2027 1182 2099 quidem
1234 2030 1458 2100 quaestio
1507 2031 1852 2086 vehementer

352 2122 525 2174 exercuit
547 2121 811 2176 doctorum
862 2122 1136 2178 hominum
1161 2124 1370 2194 ingenia
1401 2165 1416 2189 ,
1441 2123 1732 2195 {movitque
1757 2139 1851 2179 eos

366 2211 754 2285 adiutelligendam
789 2214 1041 2270 librorum
1083 2216 1199 2285 ejus
1221 2226 1432 2271 aetatem
1467 2259 1481 2279 ,
1529 2227 1586 2271 ut
1630 2216 1852 2271 habere-

367 2319 452 2358 mus
467 2318 613 2360 certam
635 2307 770 2362 viam
801 2323 833 2363 e
861 2307 1187 2363 Tertulliano
1220 2308 1544 2380 intelligendi
1568 2352 1582 2374 ,
1611 2309 1734 2378 quid
1765 2325 1853 2364 ve-

361 2405 460 2450 teres
477 2398 717 2454 Christiani
746 2401 1045 2466 senserint,
1068 2401 1264 2471 quidue
1289 2401 1505 2456 minus?
1535 2401 1638 2457 Sed
1667 2401 1853 2456 dolen-

346 2489 440 2544 dum
468 2501 530 2546 est
547 2507 680 2560 sane,
705 2494 896 2548 horum
941 2494 1076 2548 alios
1106 2536 1120 2558 ,
1153 2509 1353 2565 eosque
1383 2495 1854 2565 praistantissimos

334 2585 474 2650 viros,
502 2603 590 2641 non
613 2588 707 2642 nisi
755 2603 921 2642 unum
953 2588 1248 2642 alterumve
1295 2589 1529 2644 libellum
1555 2589 1851 2658 sumpsisse

320 2677 546 2745 sihi,alios
569 2679 900 2750 levitenoltus
915 2691 1225 2751 susceptum
1250 2691 1530 2744 tractasse,
1556 2681 1690 2737 alios
1711 2698 1849 2753 pra:-

306 2771 528 2842 judicatis
563 2774 886 2844 opinionibus
942 2790 972 2828 a
1018 2789 1145 2829 vero
1171 2774 1451 2830 aberrasse
1478 2817 1493 2840 ,
1519 2774 1659 2844 quod
1691 2774 1853 2830 credo

302 2878 652 2924 censet-muros
676 2867 856 2933 fuisse,
887 2869 929 2922 si
953 2867 1148 2922 nudam
1178 2871 1454 2922 veritatem
1475 2868 1598 2921 nudi
1632 2867 1852 2937 expedi-

295 2963 432 3032 tique
460 2960 660 3017 fuissent
684 2963 870 3018 secuti.
900 2962 1074 3030 Quare
1101 2977 1221 3016 cum
1239 2961 1482 3033 legissem
1509 2961 1662 3015 istius
1685 2959 1852 3029 scrip-

286 3057 413 3115 toris
445 3057 592 3113 libros
617 3067 772 3128 atque
817 3058 1148 3128 relegissem,
1181 3066 1234 3112 et
1286 3057 1629 3110 observarem
1663 3097 1679 3120 ,
1731 3067 1852 3108 esse

277 3151 451 3206 adhuc
475 3150 526 3206 in
567 3150 659 3217 iis,
690 3167 832 3221 quzc,
855 3150 920 3204 ad
945 3149 1200 3205 librorum
1229 3157 1439 3204 astatem
1470 3147 1852 3218 seriptorisque

277 3245 565 3302 doctrinam
591 3245 902 3315 pertinentia
925 3285 939 3310 ,
989 3226 1247 3314 disputari
1280 3241 1481 3298 utiliter
1505 3253 1759 3312 possent,
1786 3244 1852 3298 ab

269 3340 387 3397 aliis
431 3353 534 3393 non
561 3346 1006 3401 commemorata,
1055 3320 1544 3408 ac'plerorumque
1595 3333 1848 3390 librorum

268 3441 479 3490 :etatem
502 3431 792 3486 accuratius
817 3445 974 3501 posse
999 3429 1248 3485 constitui
1277 3445 1289 3482 :
1313 3423 1596 3483 consilium
1623 3429 1738 3498 cepi
1758 3427 1850 3482 be-

264 3526 455 3586 nevolo
473 3524 748 3581 doctorum
771 3525 1003 3579 virorum
1027 3521 1228 3594 judicio
1281 3518 1598 3591 subjiciendi
1630 3534 1692 3574 ea
1731 3535 1851 3589 quae

261 3634 474 3693 sumpta
499 3637 530 3676 c
559 3620 706 3677 libris
733 3617 1048 3676 Tertulliani
1079 3616 1230 3687 ipsis,
1259 3632 1381 3672 cum
1405 3616 1724 3685 scriptorum
1751 3629 1846 3669 ve-

261 3728 432 3774 terum
463 3712 610 3769 libris
633 3713 856 3783 aliisque
881 3711 1253 3780 antiquitatum
1279 3708 1639 3763 monumentis
1659 3707 1849 3761 collata

261 3803 324 3859 ad
371 3799 840 3869 demonstrandam
891 3814 1008 3854 eam
1077 3797 1253 3852 facere
1303 3810 1458 3866 posse
1513 3795 1848 3850 videbantur.

259 3898 428 3964 Quam
455 3894 666 3965 quidem
687 3893 1098 3962 diSputatioucm
1129 3891 1196 3944 ita
1230 3890 1586 3952 instituemus,
1612 3898 1688 3953 ut,
1711 3900 1850 3957 prmo

259 3989 438 4047 missis
466 3987 781 4059 quibusdam
805 4025 821 4048 ,
868 4001 986 4057 quin
1017 3985 1263 4038 universe
1287 3981 1510 4037 dicenda
1539 3989 1664 4035 sunt
1686 4022 1698 4044 ,
1733 3980 1844 4048 pri-

257 4100 396 4139 mum
453 4091 880 4137 commentemur
929 4079 998 4133 de
1029 4078 1177 4133 libris
1228 4076 1293 4131 iis
1321 4118 1338 4142 ,
1385 4091 1610 4146 quorum
1640 4085 1693 4128 et
1720 4080 1849 4128 a—tas

254 4186 468 4235 constat
487 4188 535 4231 et
565 4175 842 4245 scriptoris
884 4172 1124 4228 doctrina
1148 4213 1162 4237 ,
1205 4170 1384 4224 deinde
1416 4170 1466 4224 iu
1494 4183 1587 4224 eos
1613 4166 1849 4238 inquira-

255 4286 374 4329 mus
403 4312 420 4338 ,
459 4271 550 4340 qui
599 4268 811 4340 quidem
843 4283 948 4322 non
1007 4265 1210 4321 habent
1253 4274 1428 4320 certas
1453 4263 1627 4319 aetatis
1663 4273 1848 4329 notas,

255 4364 347 4421 sed
385 4360 725 4418 Moulauismi
753 4369 929 4416 tamen
952 4359 1195 4415 convinci
1227 4366 1449 4428 possunt
1476 4399 1489 4421 ,
1543 4356 1625 4411 vel
1657 4355 1722 4410 ab
1750 4353 1849 4410 ista

254 4456 564 4527 suSpicione
591 4453 845 4518 liberari;
895 4452 1108 4524 denique
1135 4466 1266 4515 eos,
1309 4465 1535 4521 quorum
1583 4459 1713 4504 tetas
1740 4465 1843 4502 uuu

255 4552 516 4622 majorem
547 4547 708 4603 habet
736 4547 1031 4602 claritatem
1060 4587 1076 4611 ,
1124 4560 1281 4617 quam
1307 4543 1515 4599 indoles
1555 4542 1846 4610 doctrime,

254 4645 482 4704 candide
506 4643 891 4716 diligenterque
921 4639 1276 4697 excutiamus.

290 4789 321 4862 ς
350 4787 406 4844 2.
441 4817 514 4830 --
545 4785 858 4854 Quaestione:
882 4784 1115 4856 quadam
1166 4783 1396 4838 universe
1436 4792 1808 4856 praponunlur.

326 4925 454 4981 Haec
479 4939 609 4979 vero
638 4921 924 4993 disputatio
956 4921 1202 4976 universa
1235 4928 1289 4973 ut
1319 4930 1609 4990 occupatur
1637 4918 1844 4974 duabus

255 5018 436 5083 rebus,
466 5025 624 5072 zctatc
655 5015 911 5069 librorum
959 5029 1020 5068 ac
1045 5011 1398 5067 Montanismo
1431 5030 1441 5064 :
1477 5013 1555 5068 sic
1580 5011 1848 5082 duplicem

255 5112 415 5169 habet
441 5107 808 5164 dillicultatem
835 5123 940 5162 non
967 5122 1184 5178 parvam
1213 5148 1226 5169 .
1255 5115 1558 5177 propterea,
1590 5105 1731 5177 quod
1751 5120 1850 5160 uec

253 5207 429 5264 ubivis
457 5203 716 5260 doctrin-.e
756 5201 946 5257 modus
991 5209 1136 5257 certa
1163 5199 1390 5271 quadam
1439 5199 1521 5254 via
1553 5213 1615 5253 ac
1642 5199 1850 5253 ratione

309 5343 378 5409 (Ι)
419 5337 636 5409 lfequid
658 5336 781 5409 forte
797 5333 1268 5409 videamundedisse
1295 5335 1499 5409 partium
1523 5332 1852 5409 studio,uuius

309 5344 392 5457 (Ιῦ
419 5344 497 5390 Ne
521 5344 636 5403 quid
658 5344 781 5386 torte
797 5344 1268 5408 videamuroeatsse
1295 5344 1499 5397 partium
1523 5344 1850 5405 studio,uutus

246 5409 323 5459 Jo.
393 5405 523 5473 allii
565 5404 894 5473 testimonium
924 5396 1208 5473 adpetimus,
1240 5397 1850 5473 quodipropterlnumam

247 5474 393 5538 hujus
432 5469 526 5517 viri
569 5468 617 5516 in
656 5465 882 5512 doctores
917 5459 1201 5538 antiquioris
1238 5459 1848 5538 Ecclesiae-acerbitatem,

247 5518 448 5587 iii—Egon
490 5536 658 5593 potest
693 5518 1126 5593 assensuspectum.
1155 5521 1343 5593 ls_vero
1379 5518 1736 5593 'l‘ertullianu'tln
1762 5532 1850 5568 vo-

246 5580 323 5651 Eii
337 5580 636 5659 Eripiam";
667 5588 733 5659 ad
756 5580 1346 5659 auragultuneruditwn,
1386 5580 1847 5659 acttfj‘litt',‘4ilig_e_lt-

243 5646 657 5717 ίᾶιξ-εοῇοεηηι,
670 5655 845 5717 νιεδῑεηὲ
866 5646 1072 5717 ἕίεηίίζυὲ
1093 5659 1348 5717 "amnis!"
1370 5658 1462 5717 φη
1485 5646 1848 5717 Eccmiuuiﬁa-

243 5700 358 5776 3;;
375 5700 808 5776 ,η
830 5709 914 5774 (αθ
935 5700 1147 5760 campus
1178 5710 1424 5775 religiosis
1447 5708 1702 5759 latinorum
1716 5745 1729 5771 ,
1758 5707 1847 5758 lib-

240 5789 282 5852 1,
309 5802 421 5853 cap.
448 5779 540 5835 XI.
561 5795 612 5845 ρ.
637 5779 715 5830 50.

1954 1857 2060 1896 non
2089 1839 2320 1895 occurrit
2374 1838 2545 1893 ubivis
2575 1877 2591 1904 ,
2649 1836 2954 1892 dubitantes
2986 1834 3238 1901 relinquit
3281 1833 3546 1901 lectores,

1952 1937 2091 1990 sitne
2110 1935 2220 2006 jam
2255 1933 2389 1988 facta
2408 1931 2728 1988 Tertulliani
2771 1929 3058 2001 disjunctio
3087 1929 3156 1983 ita
3182 1969 3197 1995 ,
3230 1935 3290 1982 ut
3315 1942 3374 1983 se
3395 1942 3549 1984 rece-

1953 2030 2090 2100 perit
2118 2029 2183 2082 ad
2210 2025 2544 2096 disciplinam
2575 2023 2844 2088 Montani,
2875 2038 2942 2076 an
2991 2020 3186 2087 minus,
3233 2020 3327 2076 sed
3359 2019 3412 2074 itt
3444 2035 3551 2075 uno

1953 2125 2193 2179 alterove
2239 2136 2360 2176 cum
2390 2135 2449 2183 ea
2481 2118 2841 2174 communiter
2883 2116 3143 2171 erraverit
3174 2157 3190 2181 ,
3240 2129 3341 2170 nec
3370 2122 3547 2169 tamen

1951 2215 2062 2286 jam
2116 2223 2224 2268 tum
2282 2212 2487 2268 miserit
2550 2209 2863 2264 orthodoxa:
2945 2208 3202 2263 Ecclesia:
3258 2203 3550 2261 nuntium?

1957 2307 2266 2370 Enimvero,
2292 2304 2430 2360 sicut
2456 2303 2507 2357 iu
2528 2301 2790 2372 ejusmodi
2817 2299 2952 2363 loco,
2985 2299 3074 2353 ubi
3097 2298 3180 2354 vel
3205 2298 3344 2352 nulla
3367 2306 3450 2352 est
3465 2296 3551 2353 vel

1956 2398 2252 2471 dubiaejns
2280 2397 2449 2451 aetatis
2466 2395 2718 2464 suspicio,
2741 2393 2894 2459 alias,
2916 2392 3142 2484 iudicqta
3173 2392 3376 2446 ratione
3400 2390 3555 2445 dubi-

1956 2492 2125 2558 tandi,
2158 2501 2398 2547 veterum
2429 2487 2554 2543 illttd
2580 2506 2592 2542 :
2626 2485 2744 2540 Non
2773 2485 2942 2556 liquet,
2969 2496 3390 2554 mterponcmus,
3421 2484 3553 2539 alias

1959 2587 2387 2657 conjecturarum
2419 2593 2723 2638 nostrarum
2751 2580 3012 2634 rationem
3041 2577 3328 2633 reddemus
3357 2577 3554 2649 proba-

1957 2680 2117 2736 bilem
2145 2697 2158 2733 :
2188 2679 2285 2742 sic,
2317 2687 2373 2731 ιιι
2396 2677 2464 2731 de
2490 2675 2622 2730 locis
2646 2673 2863 2743 reliquis
2889 2670 3110 2742 singulis
3133 2673 3382 2726 universe
3409 2670 3557 2727 dica-

1959 2789 2098 2837 tnus,
2133 2771 2229 2825 tria
2257 2769 2579 2839 attingemus
2607 2765 2940 2820 brevissime.
2989 2761 3224 2817 Primum
3253 2763 3550 2834 disputabi-

1959 2880 2079 2918 mus
2107 2863 2172 2918 tle
2201 2877 2365 2928 anno,
2386 2875 2489 2929 quo
2513 2858 2578 2912 ad
2607 2855 2953 2912 Momanistas
2979 2853 3343 2911 Terlttlliattus
3399 2853 3549 2910 dele-

1955 2960 2091 3014 tzerit
2150 2956 2275 3030 (erit
2302 2955 2444 3010 enim
2487 2951 2607 3018 hoc,
2663 2950 2802 3005 unde
2831 2949 3081 3005 constitui
3115 2948 3277 3018 possit
3303 2958 3436 3003 aetas
3458 2962 3556 3003 eo-

1959 3053 2080 3106 rum
2105 3049 2360 3104 librorum
2395 3087 2410 3114 ,
2450 3059 2676 3116 quorum
2718 3058 2824 3098 non
2873 3041 3111 3097 doctrina
3143 3039 3360 3112 quidem
3390 3080 3405 3107 ,
3455 3039 3552 3096 sed

1879 3120 1925 3184 (ἶ
1959 3155 2089 3200 tetas
2119 3152 2262 3214 patet
2297 3144 2338 3212 );
2363 3140 2546 3196 deinde
2575 3138 2871 3194 videbimus
2906 3177 2921 3201 ,
2974 3145 3150 3189 utrum
3189 3133 3553 3190 Tertulliauus

1958 3253 2228 3308 nunquam
2269 3235 2334 3289 ad
2379 3233 2644 3288 saniorem
2669 3239 2902 3286 mentem
2919 3228 3158 3294 redierit,
3179 3227 3271 3282 sed
3299 3227 3561 3282 manserit

1957 3331 2196 3404 partibus
2227 3327 2460 3384 Montani
2490 3333 2746 3396 perpetuo
2774 3322 3021 3377 addictus
3048 3337 3060 3373 :
3095 3331 3346 3391 postremo
3373 3318 3560 3373 admo-

1963 3427 2192 3482 nitiones
2245 3420 2503 3492 quasdam
2525 3417 2812 3473 universas
2843 3428 3203 3486 proponemus
3227 3455 3242 3480 ,
3299 3429 3329 3467 e
3349 3411 3546 3483 quibus

1955 3520 2078 3592 quis
2098 3517 2396 3587 intelligi-re
2422 3513 2608 3584 possit,
2629 3527 2694 3564 an
2726 3511 2834 3563 sint
2855 3525 2885 3562 e
2903 3506 3215 3563 Tertulliani
3244 3507 3394 3561 libris
3413 3520 3551 3561 non-

1953 3612 2083 3668 nulli
2103 3608 2428 3664 Tcrtulliauo
2459 3604 2760 3660 orthodoxo
2783 3599 3016 3672 quidem,
3035 3598 3129 3654 sed
3153 3598 3219 3653 ad
3252 3598 3547 3654 Montanis-

1954 3722 2100 3762 mum
2126 3700 2399 3759 inclinanti
2427 3740 2441 3763 ,
2470 3707 2559 3753 aut
2581 3696 2666 3752 isti
2694 3710 2882 3749 omnes
2903 3735 2918 3758 ,
2972 3692 3060 3762 qui
3092 3705 3280 3746 eorum
3305 3703 3552 3745 errorum

1953 3797 2085 3853 daut
2129 3793 2491 3865 suspicionem
2523 3831 2540 3858 ,
2596 3787 2930 3844 Tertulliauo
2955 3783 3066 3856 jam
3115 3782 3272 3855 plane
3322 3782 3555 3838 alienato

1955 3887 2320 3961 adjudicaudi.

1955 4024 1983 4098 §
2021 4026 2076 4082 5.
2115 4053 2186 4064 -—
2235 4022 2473 4090 Quonam
2510 4032 2644 4072 anno
2699 4012 3043 4069 Tertullianus
3084 4007 3154 4062 ad
3204 4006 3550 4098 Montanium

2027 4115 2306 4189 defecerit?
2335 4111 2520 4168 Utrum
2545 4152 2560 4178 ,
2593 4108 2671 4162 Itis
2699 4105 2904 4171 relictis,
2932 4119 2985 4158 se
3013 4102 3178 4158 denuo
3207 4099 3275 4154 ad
3314 4097 3554 4154 orthodo-

2026 4229 2118 4268 που
2147 4209 2409 4281 receperit.

2026 4347 2268 4414 Quonam
2301 4356 2426 4397 vero
2454 4354 2596 4395 auuo
2625 4335 2914 4407 contigisse
2948 4331 3191 4388 dicamus
3221 4317 3378 4385 istam
3433 4325 3556 4383 Ter-

1955 4442 2156 4499 tulliani
2193 4434 2597 4495 defectionem?
2649 4431 2761 4487 Hoc
2788 4428 3002 4499 quidem
3037 4441 3136 4482 uec
3185 4433 3362 4495 potest
3385 4439 3452 4480 ex
3473 4423 3553 4496 ip«

1956 4542 2068 4594 sius
2093 4552 2192 4592 nec
2223 4551 2286 4590 ex
2311 4533 2447 4587 alius
2481 4527 2758 4608 cujusdam
2785 4522 3066 4593 scriptoris
3097 4518 3404 4576 testitnouio
3426 4533 3549 4589 per-

1952 4633 2077 4703 cipi;
2109 4645 2281 4700 neque
2321 4625 2660 4695 Hieronymus
2687 4635 2752 4676 eo
2777 4617 2920 4689 quod
2946 4615 3076 4671 dicit
3102 4611 3192 4686 (In
3215 4613 3342 4667 libro
3369 4610 3439 4686 de
3462 4609 3552 4664 Vi-

1953 4729 2026 4784 ris
2049 4723 2368 4783 illustribus.
2396 4735 2512 4789 cap.
2533 4717 2623 4771 55.
2657 4715 2709 4768 in
2733 4711 2824 4767 Ιο.
2845 4711 2960 4765 Alb.
2994 4707 3218 4762 Fabricii
3238 4703 3552 4758 Bibliotheca

1955 4819 2334 4882 Erclesiastica,
2367 4831 2416 4886 p.
2465 4810 2613 4884 125.)
2671 4807 3040 4864 Tertullianutu
3066 4798 3304 4872 usquead
3330 4795 3550 4850 mediam

1952 4928 2170 4980 mlatem,
2205 4911 2444 4968 Ecclesia:
2497 4905 2850 4976 Presbyterum
2891 4898 3134 4966 matrsisse
3161 4935 3176 4959 ,
3226 4893 3426 4963 justam
3457 4887 3552 4944 dat

1956 5016 2095 5068 viam
2123 5009 2238 5081 ejus
2271 5007 2348 5061 rei
2380 4999 2712 5059 iuveuieudze
2747 5038 2762 5062 ,
2803 4994 3056 5066 quoniam
3082 5031 3098 5056 ,
3144 4985 3548 5088 quandonattts

1958 5117 2266 5162 mortuusvc
2291 5099 2360 5154 sit
2382 5093 2747 5156 Tertulliamts,
2780 5099 3016 5160 quamve
3043 5089 3254 5137 aetatem
3283 5085 3543 5147 attigerit,

1955 5199 2208 5256 nonsatis
2235 5199 2464 5249 constat.
2495 5187 2598 5242 Sed
2628 5195 2712 5241 est
2735 5178 3087 5252 aliqua-hujus
3108 5174 3187 5230 rei
3215 5169 3548 5242 reperienda:

1955 5293 2092 5348 ratio
2121 5289 2222 5343 sita
2254 5286 2306 5340 iu
2331 5283 2480 5338 libris
2519 5279 2603 5344 iis,
2632 5289 2881 5346 quorum,
2911 5271 3000 5340 qui
3027 5283 3085 5322 se
3106 5263 3378 5332 excipiunt
3411 5269 3546 5314 tem-

1955 5383 2101 5456 poris
2125 5378 2312 5434 ordine
2333 5417 2355 5440 ,.
2389 5373 2477 5427 alii
2519 5368 2660 5424 nulla
2689 5363 2886 5425 habent
2935 5351 3276 5456 Montanismi
3306 5350 3546 5456 vestigia,

1954 5441 2044 5532 alii
2095 5470 2234 5527 haud
2296 5481 2484 5538 pauca.
2528 5458 2686 5528 Atqui
2715 5468 2812 5510 nos
2864 5449 3217 5507 ostendemus
3243 5458 3343 5538 suo
3389 5441 3547 5507 loco,

1957 5570 2130 5626 nullos
2168 5536 2522 5620 csse—eorum,
2550 5554 2639 5624 qui
2663 5549 2854 5604 librutn
2883 5544 2946 5599 de
2968 5542 3170 5599 Corona
3193 5536 3374 5628 militis
3397 5542 3549 5628 ante-
3584 5615 3594 5628 ‘

1953 5625 2233 5719 cesserunt
2259 5697 2273 5720 ,
2307 5653 2360 5707 itt
2387 5648 2578 5720 quibus
2605 5644 2706 5698 iste
2721 5640 2786 5695 de
2812 5637 2997 5693 anime
3022 5630 3303 5690 testimonio
3327 5625 3548 5682 ultimus

1949 5766 2053 5825 est,
2077 5770 2108 5812 e
2132 5751 2321 5826 quibus
2343 5742 2592 5818 quasdam
2613 5733 2952 5795 Μουωηίεωί
2977 5727 3297 5805 significatio
3317 5722 3547 5789 eluceat,
