4084 6344
549 206 636 268 99'
1631 204 2080 274 DISSERTATIO
2118 203 2209 270 DE
2244 207 2430 273 VERA
2469 208 2731 277 ETATE

3733 222 3833 287 100

548 330 644 391 sed
671 330 791 405 ejus
817 335 896 394 rei
935 328 1108 411 prima
1135 349 1257 397 esse
1290 336 1510 410 vestigia
1548 335 1602 392 in
1632 335 1815 392 libello
1834 335 1898 390 de
1937 331 2139 390 Corona
2166 333 2220 394 Α
2251 351 2271 385 ι
2319 334 2495 391 tantis.
2540 354 2559 390 ι
2595 335 2711 410 Ego
2726 348 2858 396 vero
2883 335 3235 397 vehementer
3258 314 3459 400 dubito
3481 384 3497 413 ,
3518 340 3675 418 quod,
3707 348 3827 419 quid

557 427 761 485 militis.
788 430 957 487 Porro
986 433 1201 499 planum
1234 434 1507 498 faciemus,
1559 433 1700 486 hunc
1731 432 1794 486 A.
1826 428 1953 486 CCI.
1986 442 2144 484 man-

550 521 733 578 datum
766 523 934 582 fuisse
963 526 1158 584 litteris
1183 570 1198 595 ,
1226 543 1347 583 cum
1378 527 1511 583 liber
1539 524 1603 580 de
1626 523 1935 580 Testimonio
1963 522 2148 577 animle

550 614 622 671 sit
647 614 760 673 fere
799 632 989 675 versus
1035 618 1197 677 tinem
1224 622 1290 676 A.
1322 619 1553 677 CXCIX.
1603 617 1962 688 compositus;
2004 614 2148 670 unde

552 706 697 764 haud
733 707 953 768 difficile
973 697 1077 768 erit
1099 713 1375 770 intellectu
1402 754 1416 780 ,
1461 710 1836 767 Tertullianunt
1867 722 2009 764 anno
2035 706 2148 764 fere

552 800 614 857 P.
658 801 719 858 C.
748 800 814 858 N.
844 802 954 860 00.
980 820 1040 862 se
1060 805 1503 863 Mutttanistarum
1532 804 1772 877 partibus
1814 801 2142 873 adjunxisse.

550 896 621 951 At
648 896 840 969 majori
857 914 987 956 sane
1007 899 1306 957 difficultati
1326 900 1557 955 obnoxia
1578 907 1663 955 est
1690 898 1857 954 altera
1885 895 2145 967 quaestio:

552 1001 730 1048 utrum
760 1034 777 1062 ,
817 997 1081 1067 susceptis
1130 997 1298 1054 semel
1345 996 1786 1062 Montanistarum
1832 991 2145 1060 erroribus,

555 1100 831 1158 nunquam
861 1087 1212 1146 Tcrlullianus
1255 1105 1315 1147 se
1352 1090 1419 1146 ad
1458 1091 1741 1161 pristinum
1769 1096 1967 1145 emtum
1994 1101 2147 1143 rece-

555 1180 728 1250 perit?
756 1183 918 1253 Cujus
948 1193 1126 1241 tamen
1168 1185 1481 1257 quzestionis
1509 1183 1841 1240 affirmandai
1882 1180 2026 1238 nulla
2065 1187 2150 1237 est

556 1273 750 1332 idonea
777 1276 935 1333 ratio.
970 1278 1102 1335 Nam
1127 1294 1188 1334 ea
1210 1287 1329 1334 erat
1361 1278 1446 1333 isti
1478 1277 1682 1333 homini
1708 1284 1926 1332 austero
1963 1283 2019 1331 ct
2059 1290 2150 1330 su-

555 1384 650 1439 pra
676 1369 895 1426 modum
920 1370 1095 1443 rigido
1132 1369 1292 1427 insita
1324 1370 1486 1426 animi
1516 1368 1884 1435 imbecillitas,
1910 1376 1969 1423 ut
1996 1408 2011 1433 ,
2043 1382 2150 1438 quo

561 1463 832 1520 severiora
860 1474 1190 1536 cssent,qu:e
1212 1465 1279 1520 ad
1306 1464 1468 1519 vitam
1493 1477 1777 1533 moresque
1800 1461 2150 1533 pertinerent,

553 1573 620 1614 eo
647 1558 814 1630 magis
844 1560 943 1615 ista
967 1560 1262 1626 adatnaret,
1288 1559 1641 1629 crederetque
1660 1567 1808 1612 tanta
1832 1554 2000 1627 magis
2022 1568 2149 1625 pro-

555 1651 680 1707 bata
729 1652 846 1709 fore
894 1654 1005 1709 Deo
1044 1664 1099 1711 et
1150 1653 1541 1711 consentientia
1570 1666 1693 1707 cum
1733 1650 2149 1706 cltristianorum

2248 427 2348 483 sibi
2375 427 2560 494 velint,
2579 430 2666 501 qui
2691 430 2759 486 ita
2784 431 3093 503 loquuntur,
3127 431 3475 502 Ilo/[manuus
3491 435 3823 510 intellexerit,

2249 529 2344 577 aut
2382 520 2680 595 intelligere
2731 525 2982 582 voluerit.
3041 545 3062 579 ι
3108 526 3303 586 Libros
3350 530 3493 587 enim
3538 528 3827 588 Tertulliani

2258 632 2279 668 ε
2326 615 2755 684 Montanizantis,
2789 619 2972 691 adjicit
3014 621 3092 691 (p.
3118 620 3257 693 18.),
3288 621 3423 679 forte
3449 639 3567 679 esse
3590 640 3680 680 eos
3701 667 3716 693 ,
3746 626 3834 698 qui

2258 724 2277 759 ι
2326 708 2541 779 quidem
2572 709 2809 767 Montani
2833 710 3172 785 dogmatibus
3198 712 3375 771 infecti
3392 726 3515 771 sunt
3535 759 3551 786 ,
3579 717 3671 773 sed
3696 729 3829 776 recte

2260 818 2279 853 ι
2325 800 2621 858 sentientes
2674 817 2780 859 non
2836 806 3145 876 exagitant;
3180 804 3509 863 Montanium
3547 824 3703 878 vero,
3746 812 3830 882 qui

2266 910 2286 945 t
2334 893 2583 950 hazresim
2614 910 2719 951 non
2747 896 2921 952 solum
2941 900 3233 964 continent,
3263 915 3445 956 verum
3474 902 3633 957 etiam
3659 911 3831 959 contra

2258 1006 2277 1039 ε
2325 988 2619 1047 catholicos
2645 990 2958 1048 defendunt.
3000 1011 3019 1045 ι
3052 993 3160 1050 Sed
3190 993 3344 1070 rtphis
3374 994 3547 1066 iisque
3566 995 3653 1067 qui
3678 996 3743 1051 ita
3765 996 3835 1053 lo-

2252 1090 2510 1152 quuntur,
2541 1082 2681 1154 quod
2704 1099 2803 1155 ego
2822 1084 3039 1155 quidem
3068 1086 3258 1152 sciam,
3283 1086 3555 1151 omnibus,
3585 1087 3628 1142 is
3654 1087 3833 1144 dicitur

2251 1180 2546 1243 μοντανιζιιν
2576 1216 2592 1242 ,
2643 1176 2733 1247 qui
2783 1175 2997 1246 quidem
3069 1191 3282 1234 errores
3341 1193 3466 1234 cum
3520 1178 3834 1241 Montanistis

2252 1282 2565 1323 communes
2588 1268 2672 1345 vel
2688 1283 2876 1325 omnes
2898 1268 3059 1326 habet
3083 1270 3168 1326 vel
3189 1270 3419 1342 aliquos,
3440 1270 3533 1328 sed
3554 1269 3624 1327 ita
3645 1281 3830 1343 tamen,

2256 1370 2312 1416 ut
2339 1403 2355 1429 ,
2411 1369 2591 1433 spreta
2618 1362 2932 1420 earumdem
2981 1379 3262 1421 sacrorum
3300 1381 3425 1421 cum
3455 1381 3552 1423 sua
3611 1364 3834 1423 Ecclesia

2253 1456 2650 1522 communione,
2674 1457 2909 1513 nondum
2930 1473 2989 1515 se
3009 1459 3295 1516 contulerit
3319 1458 3387 1515 ad
3410 1458 3650 1531 ejusdem
3680 1461 3836 1517 socie-

2255 1551 2379 1604 tatis
2400 1563 2553 1606 sacra
2575 1591 2591 1619 ,
2635 1566 2863 1622 quacum
2893 1551 2948 1607 in
2980 1554 3248 1610 nunnullis
3274 1553 3538 1611 doctrinis
3563 1556 3835 1624 consentit;

2255 1658 2375 1700 cum
2402 1643 2722 1701 Montanista
2748 1645 2837 1710 sit,
2865 1647 2956 1717 qui
2989 1656 3278 1719 utrumque
3299 1647 3504 1704 fecerit.
3530 1650 3597 1703 At
3618 1648 3714 1705 ista
3739 1650 3836 1720 qui-

556 1746 903 1819 pcrfoctione.
934 1751 1127 1821 Atque,
1158 1710 1214 1804 ut
1233 1747 1409 1805 solent
1440 1748 1473 1803 ii
1499 1789 1513 1813 ,
1546 1748 1635 1818 qui
1660 1755 1774 1802 atra
1808 1745 1912 1801 bile
1948 1759 2152 1801 vexan-
2180 1710 2227 1771 Β
2262 1737 2389 1792 dem
2439 1735 2787 1805 Hoﬂ'mannus
2812 1741 2976 1796 certis
3006 1710 3204 1797 carere.
3236 1741 3369 1798 dicit
3407 1740 3619 1799 ﬁnibus.
3670 1710 3834 1799 Sit'ita

558 1848 661 1904 tur,
705 1842 1004 1898 tenaciores
1030 1853 1152 1898 esse
1175 1855 1361 1897 eorum
1394 1841 1655 1906 omnium,
1678 1854 1800 1910 qua:
1821 1838 2153 1893 nutrimento

553 1944 680 1989 sunt
710 1932 940 1989 tristitiae
962 1976 979 2002 ,
1030 1949 1326 2005 eorumque
1355 1933 1636 2005 opiniones
1672 1947 1793 1988 cum
1823 1932 1981 1986 annis
2010 1944 2151 1986 nova

552 2041 747 2097 capere
776 2028 1104 2084 incrementa
1135 2045 1149 2082 :
1183 2027 1257 2082 ita
1288 2035 1370 2083 est
1399 2028 1587 2098 parum
1627 2024 1888 2081 credibile
1911 2066 1928 2093 ,
1959 2021 2153 2079 Tertul-

556 2119 751 2176 lianum
779 2121 909 2177 istas
930 2121 1213 2191 opiniones
1228 2119 1564 2191 deposuisse,
1589 2118 1850 2189 istamque
1869 2116 2152 2188 reliquisse

554 2213 860 2285 palmstram
891 2256 908 2282 ,
962 2215 1017 2270 in
1066 2229 1171 2284 qua
1206 2212 1419 2270 videbat
1447 2228 1665 2283 operam
1696 2227 1756 2268 se
1785 2225 1944 2283 posse
1974 2212 2151 2265 omni-

552 2306 655 2362 bus
693 2305 810 2377 ejus
837 2306 1052 2377 generis
1105 2305 1579 2362 exercitationibus
1626 2304 1775 2360 dare.
1832 2302 2052 2359 Accedit
2083 2301 2149 2356 ad

556 2399 659 2455 hoc
687 2414 792 2454 non
819 2400 1059 2454 omnium
1100 2397 1263 2454 modo
1283 2438 1301 2463 ,
1344 2398 1434 2470 qui
1459 2397 1528 2454 de
1552 2395 1713 2453 rebus
1738 2395 1805 2451 ad
1830 2409 1953 2450 eum
1982 2393 2150 2464 perti-

554 2491 803 2549 nentibus
842 2492 1188 2547 commentati
1215 2499 1341 2546 sunt
1361 2532 1378 2559 ,
1398 2491 1675 2546 silentium
1700 2489 1769 2546 de
1786 2505 1881 2554 eo,
1913 2487 2054 2559 quod
2082 2486 2151 2543 ad

554 2584 869 2657 religionem
898 2584 1175 2657 pristinam
1204 2583 1427 2641 redierit
1456 2625 1472 2652 ,
1498 2582 1593 2639 sed
1621 2584 1732 2653 ipsa
1757 2582 1917 2638 etiam
1941 2580 2149 2652 Augus-

518 2681 522 2685 ⁴
554 2679 647 2735 lini
673 2678 934 2751 professio
980 2679 1000 2751 (
1035 2678 1111 2735 De
1135 2679 1447 2745 hwresibus,
1498 2693 1616 2749 cap.
1644 2675 1761 2746 86.)
1803 2675 2151 2745 omniumque

558 2787 887 2840 consensus,
935 2771 1026 2844 qui
1075 2772 1194 2844 ejus
1223 2770 1596 2827 auctoritatem
1628 2768 1684 2824 in
1709 2768 1970 2825 doctrinis
2016 2782 2146 2837 pro-

554 2858 747 2924 handis
796 2866 1083 2923 admittere
1129 2865 1455 2932 noluerunt,
1508 2863 1761 2933 quoniam
1809 2861 1875 2919 ad
1901 2875 2151 2933 perverse

554 2959 901 3016 sentientium
931 2969 1110 3031 partes
1150 2974 1209 3015 se
1237 2957 1576 3015 contulisset.
1641 2956 1826 3027 Neque
1870 2969 1993 3012 cum
2026 2970 2151 3031 sen-

557 3055 724 3109 tentia
756 3028 949 3108 nostra
968 3058 1209 3125 pugnant
1235 3051 1356 3107 libri
1397 3050 1432 3106 ii
1464 3093 1478 3119 ,
1511 3065 1647 3121 quos
1675 3064 1799 3107 eum
1824 3048 2013 3105 ultimo
2034 3028 2149 3104 lcre

556 3145 678 3203 loco
699 3147 981 3218 scripsisse
1021 3145 1366 3202 ostendemus
1391 3187 1406 3213 ,
1449 3145 1537 3216 qui
1560 3159 1697 3215 pene
1725 3158 1915 3199 omnes
1942 3141 2151 3214 aliquas

556 3237 759 3296 habent
784 3238 1021 3295 maculas
1060 3253 1304 3295 errorum
1333 3236 1829 3294 Montanisticorum
1880 3251 2146 3307 aspersas.

553 3330 633 3388 Sit
658 3331 815 3403 igitur
840 3331 955 3387 haec
981 3346 1043 3387 ea
1076 3331 1127 3386 in
1152 3346 1211 3387 re
1239 3332 1550 3402 praeceptio,
1584 3340 1641 3386 ut
1677 3345 1865 3386 omnes
1912 3330 1998 3387 isti
2031 3330 2152 3387 libri

554 3423 933 3481 existimentur
974 3423 1043 3479 ab
1072 3423 1190 3496 ipso
1215 3433 1337 3496 post
1372 3422 1762 3481 discessionem
1787 3438 1940 3480 suam
1968 3423 2155 3480 elabo-

553 3518 654 3573 rati
680 3558 695 3584 ,
722 3532 859 3588 quos
889 3527 1109 3589 apparet
1140 3528 1260 3588 post
1286 3517 1423 3573 alios
1452 3516 1624 3574 fuisse
1648 3517 1978 3589 compositos
2010 3557 2026 3585 ,
2059 3517 2151 3589 qui

554 3611 777 3668 istorum
802 3627 1043 3669 errorum
1068 3623 1291 3684 possunt
1319 3612 1457 3668 haud
1488 3611 1649 3668 dubie
1662 3611 1931 3668 convinci.

558 3701 587 3778 ᾗ
628 3705 679 3760 4.
712 3736 783 3746 -
835 3704 1100 3773 Quomodo
1151 3705 1496 3761 Tertullianus
1540 3703 1898 3760 Montaniana:
1938 3721 1971 3759 a
2004 3702 2152 3761 Mon-

586 3796 589 3803 “
628 3800 813 3853 lanista
835 3800 1052 3855 discerni
1084 3800 1269 3870 possit?
1299 3799 1361 3854 Et
1392 3800 1547 3871 hujus
1574 3799 1889 3856 discriminis
1916 3800 2153 3855 vindicia:

632 3894 701 3947 ad
705 3909 871 3949 uersus
888 3893 936 3947 Η
943 3892 1278 3961 o/Tmannunt.

632 3989 700 4043 At
720 3998 845 4043 sunt
866 3988 1114 4058 permulti
1142 4004 1174 4044 e
1200 3987 1512 4044 Tertulliani
1542 3987 1692 4044 libris
1713 4028 1730 4056 ,
1760 4002 1988 4059 quorum
2019 3997 2150 4044 tetas

557 4098 677 4139 cum
704 4083 1041 4137 curiosorum
1066 4098 1291 4139 acumen
1322 4082 1677 4154 subterfugiat
1694 4126 1709 4150 ,
1742 4082 1886 4139 nulla
1913 4081 2115 4140 habent
2132 4125 2147 4149 ,

558 4176 660 4231 nisi
682 4174 924 4247 quaedam
973 4190 1218 4247 errorum
1246 4174 1746 4231 Montanisticorum
1796 4176 2018 4247 vestigia
2048 4175 2151 4232 sibi

558 4269 817 4339 impressa
837 4309 853 4335 ,
886 4268 1134 4340 equibus
1155 4269 1240 4323 vix
1273 4278 1449 4325 tamen
1483 4278 1661 4340 potest
1685 4268 1914 4341 judicari
1947 4311 1963 4337 ,
1990 4284 2152 4346 quos-

558 4375 682 4416 nam
712 4360 875 4416 libros
910 4368 1069 4424 ante,
1098 4375 1358 4431 quosnam
1384 4370 1502 4432 post
1520 4360 1875 4418 defectionem
1904 4376 2054 4418 suam
2082 4361 2151 4418 ad

2259 1846 2410 1887 sane.
2435 1830 2516 1889 Sit
2536 1833 2712 1889 vultus
2734 1832 3041 1889 Tertulliani
3069 1834 3403 1892 Montanistm
3448 1852 3511 1892 ac
3550 1842 3831 1907 μοντανίζον·

2255 1949 2334 1989 τος
2359 1926 2639 1998 ambiguus
2663 1927 2971 1985 admodum.
2990 1929 3129 1997 Quid
3155 1945 3284 2002 ergo
3313 1931 3436 1987 est?
3460 1931 3711 1989 Nimirum
3738 1947 3831 1988 non

2257 2027 2432 2089 potest
2460 2034 2525 2075 ex
2547 2024 2693 2076 vultu
2721 2019 3027 2095 Tertulliani
3051 2022 3280 2093 judicari
3306 2066 3322 2092 ,
3377 2024 3605 2081 fueritne
3654 2025 3700 2081 is
3732 2025 3830 2096 jam

2255 2107 2446 2165 inorbo
2467 2109 2607 2166 lecto
2644 2110 2837 2167 affixus
2866 2151 2883 2179 ,
2926 2096 2993 2167 an
3037 2112 3226 2169 leviter
3259 2123 3436 2171 tactus
3465 2114 3691 2186 quodam
3729 2116 3831 2187 ejus

2256 2200 2477 2274 impetu.
2506 2203 2573 2259 Et
2599 2204 2650 2260 id
2680 2205 2991 2261 volebamus
3016 2205 3230 2277 quidem
3251 2248 3267 2273 ,
3309 2223 3420 2264 non
3452 2224 3607 2280 posse
3628 2225 3690 2265 ex
3719 2210 3833 2266 levi-

2255 2294 2355 2351 bus
2377 2296 2694 2367 quibusdam
2722 2298 2891 2369 signis
2918 2313 3166 2355 errorum
3200 2298 3524 2357 Tertulliano
3550 2317 3666 2357 cum
3692 2301 3825 2358 Mou-

2258 2391 2465 2447 tanistis
2500 2395 2864 2449 communium
2893 2400 3005 2450 tute
3034 2394 3248 2466 conjici,
3267 2396 3412 2466 quod
3435 2396 3543 2467 jam
3566 2397 3674 2468 ipsa
3693 2395 3829 2451 Mon-

2257 2486 2749 2544 tanistaruntsacra
2803 2488 3120 2559 susceperit.
3173 2488 3359 2561 Neque
3385 2499 3560 2547 tamen
3590 2491 3638 2546 id
3664 2490 3729 2546 ita
3757 2490 3830 2546 in-

2258 2580 2525 2637 teliectum
2553 2582 2974 2654 volumus,qnasi
2988 2584 3227 2655 spurium
3250 2595 3420 2651 esset,
3435 2594 3527 2641 aut
3548 2592 3827 2655 suspectum

2255 2687 2420 2729 omne
2444 2684 2817 2746 argumentum
2834 2717 2849 2742 ,
2897 2676 3041 2747 quod
3066 2675 3280 2732 ducitur
3308 2692 3336 2731 a
3375 2675 3629 2734 doctrinis
3648 2676 3829 2733 Monta-

2256 2765 2518 2822 nistarnm
2569 2768 2622 2823 in
2670 2769 2772 2825 hoc
2803 2811 2819 2837 ,
2875 2769 3036 2825 illove
3083 2769 3220 2827 libro
3263 2768 3577 2826 Tertulliani
3594 2770 3751 2845 obviis
3768 2769 3827 2826 ad

2253 2856 2668 2915 Montanismum
2695 2858 2810 2917 istis
2832 2859 2983 2917 libris
3008 2862 3393 2920 asserendum.
3424 2863 3558 2922 Sunt
3576 2865 3712 2922 enim
3738 2865 3826 2922 ista

2255 2949 2308 3006 in
2331 2966 2390 3007 re
2417 2951 2550 3007 flues
2576 2962 2630 3008 et
2663 2954 2813 3023 quasi
2839 2954 3076 3023 termini,
3094 2956 3290 3028 quibus
3314 2959 3578 3014 utendum
3598 2957 3824 3025 arbitror,

2255 3059 2325 3101 ne
2347 3045 2415 3117 de
2444 3045 2749 3102 Tertulliani
2778 3049 3135 3107 Montanismo
3159 3080 3175 3119 ,
3230 3065 3295 3107 ex
3318 3052 3447 3123 ejus
3486 3053 3631 3109 libris
3652 3066 3829 3124 cogno-

2256 3140 2484 3207 scendo,
2517 3144 2703 3211 parum
2734 3153 2825 3197 aut
2876 3142 3097 3198 nimium
3142 3142 3519 3217 philosophari
3557 3146 3826 3203 videamur.

2260 3233 2492 3289 Primam
2508 3235 2670 3307 igitur
2688 3234 2861 3308 legem
2882 3237 2997 3307 ejus
3017 3238 3095 3294 rei
3119 3237 3433 3308 judicandae
3456 3239 3593 3296 hanc
3610 3241 3829 3302 volumus

2255 3343 2376 3384 esse
2401 3370 2416 3393 ,
2466 3338 2523 3384 ut
2551 3329 2816 3398 ejusmodi
2846 3329 2981 3387 liber
3011 3331 3271 3388 habeatur
3298 3332 3350 3388 in
3385 3349 3569 3390 eorum
3597 3349 3827 3400 numero,

2255 3435 2412 3494 quos,
2445 3420 2659 3477 familiae
2678 3421 3126 3480 Montanistarum
3145 3424 3259 3495 jam
3286 3424 3620 3498 adscriptus,
3638 3425 3832 3497 'compo-

2256 3516 2467 3581 suerit,
2524 3516 2575 3571 in
2624 3530 2731 3587 quo
2755 3517 2988 3579 occurrit
3036 3533 3232 3575 nomen
3279 3518 3677 3593 Psychicorum.
3724 3520 3834 3576 Erat

2257 3603 2539 3667 enim’boc
2578 3610 2745 3667 veluti
2774 3612 3076 3684 symbolum
3108 3656 3124 3680 ,
3184 3628 3291 3686 quo
3318 3616 3508 3673 socios
3549 3615 3833 3673 orthodoxa:

2258 3694 2515 3760 Ecclesia:
2540 3720 2570 3760 a
2592 3719 2702 3759 suae
2722 3716 2882 3760 secta:
2904 3704 3230 3773 hominibus,
3256 3724 3400 3778 quos
3419 3710 3675 3780 spiritales
3695 3708 3824 3775 dicit,

2257 3798 2612 3870 distingueret
2635 3796 2732 3871 (ν.
2763 3798 3149 3869 Tertullianum,
3174 3802 3238 3857 de
3274 3803 3625 3877 Monogamia,
3645 3821 3752 3876 cap.
3777 3800 3824 3871 1,

2259 3892 2383 3948 edit.
2427 3890 2549 3947 Nic.
2582 3892 2795 3965 Rigaltii
2820 3891 2905 3947 11.
2927 3910 2980 3964 p.
3010 3893 3136 3951 675.
3168 3894 3285 3968 R.):
3315 3906 3485 3967 atque
3510 3897 3708 3954 videtur
3731 3906 3826 3951 tum

2262 3986 2379 4043 fere
2406 3986 2694 4042 contictum
2718 4029 2734 4053 ,
2761 4002 2883 4042 cum
2912 4001 3028 4057 eos,
3059 3988 3147 4059 qui
3175 3989 3405 4060 rigidam
3432 3990 3660 4048 Montani
3683 3988 3826 4044 disci-

2258 4079 2459 4151 plinam
2482 4094 2588 4134 non
2619 4080 2948 4151 recipiebant
2979 4121 2994 4146 ,
3024 4096 3335 4152 Oppugnare
3364 4084 3640 4155 inciperet.
3666 4081 3828 4151 Neque

2257 4169 2311 4226 id
2329 4171 2562 4226 occurrit
2581 4170 2630 4224 in
2656 4169 2764 4225 ullo
2786 4170 2922 4226 libro
2938 4171 3067 4238 alio,
3098 4187 3256 4243 quem
3281 4175 3543 4245 temporis
3566 4182 3655 4230 aut
3680 4173 3828 4244 ipsius

2259 4261 2517 4319 doctrina:
2544 4264 2680 4320 ratio
2706 4263 2995 4321 ostendunt
3025 4273 3152 4322 ante
3199 4266 3317 4336 ejus
3345 4266 3691 4324 defectionem
3716 4280 3828 4322 con-

2258 4357 2517 4428 scriptum
2539 4355 2722 4413 fuisse.
2753 4356 2938 4429 Itaque
2967 4374 3074 4415 non
3098 4368 3181 4415 est
3201 4344 3575 4430 dubitandum,
3593 4361 3711 4433 quin
3735 4356 3829 4414 sint

557 4451 908 4510 Montanistas
933 4454 1334 4526 conscripserit.
1369 4453 1523 4512 Unde
1552 4454 1743 4511 factum
1770 4463 1886 4523 est,
1936 4464 2023 4521 ut,
2061 4456 2152 4528 qui
2176 4457 2233 4520 D
2259 4454 2346 4509 isti
2380 4451 2523 4520 libri,
2550 4454 2640 4525 qui
2664 4452 2767 4510 hoc
2789 4468 2986 4511 nomen
3032 4455 3343 4525 continent,
3364 4472 3554 4514 omnes
3581 4463 3824 4529 post-sus-

559 4546 661 4601 ista
686 4545 935 4617 subtilius
966 4557 1214 4619 quarunt
1237 4588 1253 4614 ,
1306 4547 1695 4603 Tertullianum
1727 4547 2098 4605 Montanistam
2120 4564 2152 4607 a

561 4637 948 4695 Montanizante
989 4628 1424 4711 distinguendum
1478 4655 1599 4696 esse
1626 4639 1765 4696 haud
1796 4640 1975 4713 inepte
2004 4641 2152 4697 dice-

558 4742 698 4788 rent.
733 4730 839 4787 Sed
864 4731 1026 4788 aliter
1050 4733 1224 4788 visum
1253 4739 1337 4789 est
1357 4732 1441 4788 .Io.
1473 4732 1616 4790 Guil.
1660 4733 2000 4800 llolfmanno,
2025 4736 2154 4791 doc-

561 4825 768 4882 tissitno
805 4825 935 4882 olim
962 4825 1016 4882 in
1042 4825 1326 4882 Academia
1351 4824 1721 4898 Vitcbergensi
1743 4825 1993 4884 Historia:
2019 4826 2153 4883 doc-

562 4919 662 4974 tori
686 4959 702 4987 ,
756 4920 882 4991 qui,
935 4934 1059 4976 cum
1096 4919 1148 4975 in
1192 4934 1256 4975 ea
1285 4927 1428 4976 esset
1468 4920 1734 4975 sententia
1759 4962 1775 4988 ,
1819 4930 1876 4976 ut
1907 4921 2153 4978 crederet

561 5013 740 5070 omnia
788 5011 1092 5070 Tertulliani
1123 5055 1139 5083 ,
1188 5028 1308 5086 quae
1334 5021 1665 5084 supersunt,
1708 5014 1762 5069 in
1797 5013 2153 5072 Montanismo

560 5106 757 5176 scripta
779 5105 966 5177 fuisse,
1006 5109 1109 5164 hoc
1137 5107 1240 5165 sibi
1266 5106 1743 5163 demonstrandum
1771 5107 2155 5165 dissertatione

559 5200 814 5273 singulari
843 5212 1144 5274 sumpserat
1165 5200 1490 5277 (Vitcbcrgai
1515 5201 1779 5274 1739.).15
1800 5202 2013 5272 quidem
2030 5203 2150 5275 pul-

560 5292 689 5348 chre
713 5296 1072 5365 perSpiciens,
1122 5296 1167 5351 si
1196 5296 1295 5351 ista
1326 5294 1594 5351 subtilitas
1624 5295 2022 5364 admitteretur,
2051 5297 2151 5355 de-

566 5386 1009 5465 monstrationem
1054 5401 1206 5442 suam
1233 5386 1431 5458 aliquid
1458 5389 1580 5444 esse
1605 5388 1915 5444 detrimenti
1965 5400 2152 5462 captu-

558 5491 715 5543 ram,
749 5480 957 5550 negavit
995 5479 1094 5536 hoc
1112 5480 1320 5536 admitti
1361 5480 1648 5538 discrimen
1680 5495 1857 5553 posse.
1896 5501 1914 5534 ι
1950 5484 2153 5541 Carere

566 5588 586 5625 ι
631 5571 775 5628 enim
806 5570 930 5640 hoc,
957 5574 1031 5627 ait
1061 5614 1076 5640 ,
1103 5576 1121 5645 (
1152 5571 1180 5647 §
1207 5572 1296 5630 IV.
1328 5590 1381 5647 p.
1419 5575 1503 5630 i7.
1529 5574 1547 5648 )
1576 5574 1771 5633 ﬁnibus
1790 5577 1955 5634 certis
1979 5619 1994 5644 ,
2048 5592 2151 5634 nec

565 5680 585 5716 ι
635 5662 811 5719 minus
827 5666 1131 5738 ambiguum
1157 5681 1276 5722 esse
1292 5667 1494 5723 vultum
1517 5667 1923 5725 Montanizantis
1945 5669 2155 5726 etMon—

566 5770 589 5810 ι
635 5757 874 5828 lanistae,
905 5774 1063 5833 quam
1092 5757 1229 5832 ejus,
1263 5760 1351 5833 qui
1381 5770 1641 5834 aegrotare
1661 5762 1870 5837 incipit,
1898 5772 1951 5824 et
1971 5777 2151 5836 πενο-

2259 4557 2473 4617 ceptum
2501 4544 2914 4602 Montanismum
2934 4549 3160 4605 exarati.
3189 4550 3331 4605 Alter
3361 4565 3535 4607 canon
3569 4549 3654 4606 hic
3679 4556 3786 4605 esu)
3812 4561 3825 4599 :

2258 4642 2434 4696 omnis
2456 4640 2590 4697 liber
2615 4640 2923 4697 Tertulliani
2949 4657 3013 4698 ex
3044 4641 3275 4699 Montani
3305 4645 3519 4710 officina
3540 4644 3726 4700 cxiisse
3742 4653 3828 4712 pu-

2260 4744 2404 4793 tetur
2426 4777 2443 4804 ,
2471 4736 2561 4808 qui
2590 4737 2863 4795 doctrinas
2889 4748 3081 4795 tractat
3106 4756 3213 4797 non
3243 4741 3461 4811 quidem
3500 4738 3824 4799 biontanista-

2258 4846 2376 4887 rum
2404 4830 2650 4903 proprias
2677 4874 2692 4898 ,
2730 4831 2824 4888 sed
2854 4840 3028 4889 tamen
3067 4833 3324 4889 Paracleti
3361 4820 3637 4907 cujusdam
3662 4839 3827 4888 aucto-

2255 4924 2414 4980 ritate
2440 4925 2802 4982 confirmatas.
2829 4925 3070 4999 Namque
3102 4927 3188 4985 ltic
3228 4937 3345 4985 erat
3373 4929 3613 5000 capitalis
3633 4927 3824 4983 Monta-

2256 5016 2516 5074 nistarum
2530 5035 2702 5086 error,
2722 5019 2863 5093 quod
2880 5018 3209 5076 Paraclelum
3221 5021 3593 5093 jactarentsuo
3608 5028 3827 5090 tempore

2256 5112 2469 5168 venisse
2493 5113 2677 5180 talem,
2710 5112 2801 5185 qui
2832 5122 2887 5170 et
2926 5116 3032 5170 dux
3056 5124 3199 5171 esset
3219 5115 3286 5171 ad
3311 5116 3589 5171 veritatem
3609 5122 3825 5175 onmem,

2257 5215 2312 5262 et
2331 5219 2469 5261 nova
2502 5221 2678 5262 rerum
2709 5206 3011 5263 divinarum
3060 5209 3281 5265 scientia
3310 5209 3580 5265 auditores
3597 5220 3716 5263 suos
3743 5203 3825 5257 im-

2257 5301 2447 5357 bueret
2474 5299 2569 5365 ita,
2603 5309 2661 5356 ut
2688 5311 3115 5373 cognoscerent,
3160 5318 3281 5375 quae
3311 5302 3569 5375 patefacta
3596 5299 3721 5357 nulli
3746 5309 3823 5353 es-

2257 5402 2377 5449 sent
2403 5393 2717 5465 antiquioris
2745 5396 3019 5452 memoria:
3051 5397 3251 5454 homini
3282 5440 3298 5466 ,
3344 5405 3401 5455 et
3440 5397 3506 5453 ad
3547 5396 3815 5455 maximam

2257 5483 2808 5555 perfectionetn‘nunc
2827 5489 3066 5561 aspirare
3113 5500 3331 5561 possent
3378 5490 3398 5564 (
3440 5489 3502 5545 V.
3532 5488 3748 5545 eumdem
3774 5483 3822 5537 in

2257 5577 2384 5632 libro
2413 5578 2478 5632 de
2500 5578 2728 5635 velandis
2740 5581 3035 5655 uirginibus,
3051 5599 3166 5656 cap.
3192 5583 3306 5641 Lct
3339 5583 3464 5640 libro
3485 5581 3583 5638 IV.
3604 5581 3824 5636 adversus

2257 5668 2607 5741 Marciorum,
2634 5691 2679 5729 ο.
2702 5674 2793 5731 22.
2817 5692 2870 5747 ρ.
2900 5676 3027 5733 537.
3047 5677 3158 5750 0.).
3190 5681 3369 5751 Atque
3399 5678 3553 5748 hujus
3583 5667 3821 5731 Paracleti

2255 5764 2582 5837 agnitionem
2608 5781 2668 5826 se
2685 5805 2703 5840 ,
2730 5768 2839 5840 ait,
2869 5770 3167 5842 sejuuxisse
3187 5770 3258 5829 ab
3284 5771 3537 5831 Ecclesia
3561 5769 3823 5843 (Adventu
