4084 6344
292 328 391 394 101

1193 339 1282 398 AC
1320 331 1661 399 DOCTRINA
1702 333 2141 399 SCRIPTORUM
2182 337 2670 399 TERTULLIANI.

3484 340 3592 398 10%

297 454 584 518 Praxeam.
629 473 742 523 cup.
770 454 818 510 I.
852 475 905 529 p.
939 456 1064 513 654.
1096 456 1208 530 0.);
1245 473 1416 530 neque
1439 457 1583 516 hunc
1614 459 1712 515 sibi
1742 473 1890 514 erro-
1920 458 1972 520 Α
1999 471 2106 512 non
2133 457 2384 527 viderint,
2411 469 2467 515 et
2491 469 2615 516 ante
2641 457 2814 515 Severi
2843 458 3040 530 legem,
3068 473 3172 532 qua
3197 459 3595 534 suscipiendam

293 564 407 606 rem
454 551 769 624 persuaderi
817 568 1048 622 unquam
1085 553 1224 623 passi
1269 563 1392 608 sunt
1422 552 1735 609 orthodoxae
1786 551 1890 609 Ec.

293 645 471 700 clesim
498 645 668 712 socii,
721 646 968 716 quoniam
1017 645 1103 702 hic
1133 645 1440 716 principalis
1486 655 1598 702 erat
1648 645 1892 701 doctrina

292 751 480 793 eorum
512 781 529 806 ,
561 738 653 810 qui
681 737 989 794 Montanum
1017 782 1031 807 ,
1057 748 1306 810 tanquam
1337 739 1693 809 magistrum,
1717 749 1894 794 secta-

291 829 509 900 bantur;
523 835 768 905 quamvis
787 835 967 889 eaiteri
985 848 1199 890 errores
1219 833 1658 888 Montanistarum
1681 847 1890 899 omnes,

292 941 358 981 ex
374 926 554 997 aliqua
585 934 758 998 parte,
786 927 869 982 vel
900 926 1016 997 ipso
1040 926 1195 998 hujus
1210 926 1594 982 controversia:
1625 935 1888 995 tempore,

292 1019 379 1074 vel
412 1020 574 1090 paulo
630 1029 778 1092 post,
823 1021 1024 1092 recepti
1055 1018 1252 1076 fuerint
1280 1036 1308 1075 a
1357 1019 1624 1074 nonnullis
1656 1019 1887 1089 antiqua:

297 1109 554 1166 Ecclesiae
603 1111 897 1167 sodalibus.
942 1111 1047 1168 Sed
1101 1111 1554 1183 quemadmodum
1609 1109 1884 1177 diximus,

295 1221 571 1277 nunquam
603 1206 913 1277 deposuisse
951 1206 1326 1261 Tertullianum
1352 1221 1565 1261 errores
1593 1220 1687 1260 eos
1713 1247 1727 1272 ,
1757 1219 1893 1275 quos

296 1301 464 1356 semel
494 1302 544 1356 in
576 1300 757 1356 schola
793 1299 1235 1356 Montanistarum
1265 1298 1525 1355 didicerat
1554 1341 1570 1365 ,
1619 1298 1668 1354 id
1697 1308 1890 1368 sponte

300 1396 555 1465 sequitur,
581 1393 720 1465 quod
738 1393 846 1464 jam
867 1393 976 1448 fere
1002 1393 1251 1458 divinius,
1271 1391 1511 1462 ejusdem
1531 1392 1744 1460 generis
1767 1407 1892 1449 esse

303 1485 469 1544 libros
497 1486 799 1543 Tertulliani
822 1529 836 1554 ,
887 1487 937 1542 in
962 1486 1154 1558 quibus
1181 1485 1313 1546 alios
1331 1526 1346 1551 ,
1382 1484 1523 1540 haud
1547 1485 1714 1562 dubie
1733 1483 1888 1558 Mon-

313 1584 616 1640 tanistarum
637 1583 784 1639 scitis
805 1580 1052 1649 infectos,
1083 1579 1362 1637 excitavit.
1384 1581 1560 1652 Atque
1588 1579 1669 1634 his
1691 1578 1890 1650 regulis

316 1677 433 1732 addi
461 1686 667 1747 possent
689 1677 808 1732 aliae
835 1718 849 1743 ,
877 1692 995 1748 qua:
1027 1675 1193 1734 libros
1225 1674 1564 1731 Montanismi
1591 1667 1891 1732 certissime

328 1780 553 1842 arguunt,
584 1769 755 1840 qualis
776 1780 856 1824 est
886 1769 1087 1824 diserta
1117 1769 1284 1841 ipsius
1343 1766 1645 1823 Tertulliani
1677 1765 1887 1838 profes-

1996 552 2422 608 Cbristianorum
2462 554 2772 626 religionem
2813 555 3015 623 vetuit,
3083 557 3314 612 Deorum
3362 556 3596 614 cultores

1998 659 2228 702 vexasse
2265 646 2624 704 Christianos.
2680 647 2756 704 lta
2801 650 2943 706 enim
2981 650 3175 707 factum
3215 660 3316 717 est,
3358 660 3432 715 ut,
3471 666 3594 707 cum

1997 735 2138 792 inter
2163 753 2352 794 omnes
2380 748 2683 810 constaret,
2728 757 2868 798 anno
2899 741 3114 799 demum
3156 743 3217 799 P.
3247 742 3307 800 C.
3348 743 3412 799 N.
3441 741 3594 800 CCII.

1999 831 2136 887 hanc
2167 832 2337 903 legem
2365 848 2393 887 a
2424 833 2613 890 Serero
2640 835 2800 890 latam
2828 851 2969 904 esse,
2999 834 3119 894 libri
3151 837 3234 894 isti
3264 851 3452 894 omnes
3473 845 3598 908 post

1998 923 2159 980 istum
2189 942 2388 982 annum
2423 928 2598 998 inepte
2630 938 2977 999 ponerentur.
3010 930 3184 1001 Atque
3208 929 3422 987 fuerunt
3446 929 3596 988 iden-

1997 1019 2160 1076 tidem
2196 1023 2473 1089 nonnulli,
2517 1023 2607 1093 qui
2642 1021 2741 1079 hoc
2769 1023 2983 1094 quidem
3012 1039 3132 1079 cum
3163 1024 3312 1080 libris
3339 1025 3466 1095 ipsis
3494 1040 3593 1096 pu-

1995 1129 2160 1184 gnare
2188 1117 2586 1186 perspicerent;
2615 1117 2708 1172 sed
2733 1132 2906 1188 neque
2932 1116 2986 1173 bi
3009 1117 3284 1173 veritatem
3307 1119 3596 1189 attigerunt

1997 1217 2279 1280 pmpterea
2331 1210 2475 1280 quod
2519 1211 2735 1282 antiqua
2784 1212 2972 1268 harum
3025 1229 3202 1266 rerum
3250 1222 3594 1276 monumenta

1997 1317 2095 1356 nec
2134 1303 2380 1368 candide,
2415 1321 2514 1361 nec
2543 1305 2855 1375 prudenter,
2904 1317 3152 1377 tanquam
3185 1307 3378 1372 duces,
3426 1307 3595 1364 secuti

2001 1394 2232 1449 fuerant.
2279 1394 2462 1467 Itaque
2503 1398 2750 1452 maximis
2788 1398 3034 1454 laudibus
3062 1399 3253 1468 dignus
3276 1409 3357 1454 est
3385 1400 3463 1454 vir
3492 1402 3595 1454 im-

1995 1489 2236 1542 mortalis
2258 1491 2527 1545 Inetuurim
2543 1490 2624 1545 δυ.
2639 1490 3271 1548 LaurcntiusMosheutius
3290 1499 3312 1548 ὁ
3331 1506 3598 1564 μικιιρίτης

1996 1580 2106 1651 qui,
2140 1593 2416 1651 postquam
2447 1597 2532 1647 eo,
2565 1598 2672 1652 quo
2695 1593 2834 1651 erat,
2863 1584 3131 1648 acumine,
3168 1586 3439 1653 animique
3465 1601 3597 1640 can-

1996 1671 2129 1726 dore
2171 1686 2402 1739 sunuuo,
2452 1673 2803 1743 inquisiverat
2850 1675 2902 1729 in
2945 1674 3080 1730 bane
3109 1691 3221 1731 rem
3251 1676 3595 1747 diligentius,

1999 1761 2159 1818 istum
2181 1778 2419 1819 errorem
2443 1766 2873 1846 exquisitissimis
2893 1768 3222 1837 argumentis
3245 1768 3470 1840 explosit
3495 1767 3597 1841 (l).

335 1839 434 1930 sio;
464 1839 548 1919 sed
563 1839 683 1918 sunt
709 1864 825 1918 ista:
854 1865 920 1917 ita
947 1861 1058 1917 fere
1080 1839 1428 1933 comparatur,
1447 1871 1500 1918 ut
1532 1862 1892 1932 disputatione
1920 1839 1969 1900 Β
1998 1859 2174 1929 Atque
2202 1859 2288 1914 hic
2316 1869 2496 1916 tantus
2526 1840 2604 1915 vir
2632 1859 2809 1935 effecit
2832 1861 3104 1933 diligentia
3131 1878 3248 1927 sua,
3283 1839 3341 1918 ut
3367 1862 3520 1920 nobis
3544 1839 3598 1922 in

342 1975 428 2016 non
447 1971 640 2028 egeant,
663 1968 754 2012 aut
786 1973 892 2014 non
919 1956 1027 2011 sint
1052 1956 1367 2012 certissima:
1391 1955 1533 2010 ﬁdei.
1558 1955 1711 2026 Quod
1741 1955 1784 2011 si
1811 1970 1896 2011 ve-

347 2068 393 2107 ro
413 2052 626 2107 extiterit
677 2051 782 2106 tale
821 2051 949 2122 quid
1001 2050 1054 2106 in
1087 2049 1320 2122 quodam
1377 2049 1514 2106 libro
1544 2048 1892 2120 Tertulliani,

344 2145 458 2216 quod
488 2155 655 2217 posset
712 2145 903 2201 referri
944 2144 1011 2199 ad
1063 2161 1221 2200 unatn
1269 2143 1569 2214 regularum
1631 2145 1891 2210 istarum;

343 2240 509 2310 abSque
531 2238 726 2295 erroris
758 2238 994 2309 periculo
1021 2238 1145 2294 licet
1176 2237 1486 2293 existimare
1509 2280 1524 2302 ,
1571 2253 1694 2292 eum
1726 2235 1895 2293 fuisse

343 2341 432 2386 tum
454 2332 658 2396 editum,
689 2347 812 2388 cum
849 2331 958 2402 jam
986 2330 1294 2386 inimicitias
1316 2347 1438 2385 cum
1463 2329 1761 2386 orthodoxa
1793 2331 1893 2386 Ec-

341 2426 479 2482 clesia
501 2425 833 2482 Tertullianus
854 2426 1199 2496 suscepisset.
1227 2423 1333 2482 Sed
1359 2425 1469 2497 jam
1483 2425 1548 2481 ad
1564 2424 1727 2482 libros
1746 2425 1895 2496 ipsos

341 2534 597 2576 veniamus.

350 2654 449 2726 μς.
489 2686 547 2696 —-
581 2655 754 2710 Prima
803 2656 980 2711 classis
1025 2655 1299 2720 librorum,
1356 2655 1442 2725 qui
1498 2665 1616 2707 sunt
1671 2662 1896 2724 tempore

414 2749 569 2818 prioris
594 2750 867 2805 uexationis
893 2748 1297 2804 Christianorum
1323 2748 1415 2801 sub
1453 2746 1640 2802 Severo
1666 2747 1893 2817 Angusto

415 2844 578 2914 scripti.

463 2980 529 3036 Ex
563 2981 640 3037 his
671 2981 901 3053 primum
960 2977 1360 3052 pertractandos
1400 2977 1742 3050 promisimus
1777 2992 1892 3047 eos,

339 3090 533 3146 quorum
558 3094 652 3133 nec
671 3086 802 3133 aetas
825 3092 924 3132 nec
947 3075 1188 3131 doctrina
1217 3074 1374 3130 dubia
1400 3073 1686 3130 admodum
1713 3080 1890 3141 esset;

340 3169 384 3222 in
418 3169 585 3240 quibus
625 3176 747 3225 sum
792 3169 965 3241 primo
1013 3168 1132 3223 loco
1175 3166 1442 3238 ponendi,
1488 3183 1621 3238 quos
1663 3166 1890 3236 scriptos

339 3276 441 3316 esse
473 3271 668 3320 constat
707 3278 774 3319 eo
814 3273 1089 3333 tempore,
1135 3277 1240 3332 quo
1279 3259 1670 3316 ealamitatibus
1713 3260 1892 3318 multis

339 3352 607 3422 Christiani,
643 3365 899 3427 regnante
939 3355 1123 3411 Severo
1163 3355 1318 3423 Aug.,
1352 3361 1568 3422 propter
1593 3350 1891 3407 doctrinam

341 3448 670 3521 afﬂigebantur
693 3469 719 3504 a
751 3451 986 3508 Deorum
1015 3449 1328 3504 cultoribus.
1360 3448 1596 3517 Quorum
1620 3457 1750 3502 retas
1769 3463 1892 3506 cum

343 3545 429 3599 rite
449 3542 569 3601 haud
598 3556 756 3618 queat
784 3545 991 3602 deliniri
1012 3586 1027 3612 ,
1071 3543 1172 3600 nisi
1206 3543 1394 3614 ligatur
1420 3542 1545 3597 illud
1572 3542 1720 3614 quasi
1754 3557 1891 3612 putt-

346 3645 462 3691 ctum
497 3639 736 3709 temporis
759 3681 772 3705 ,
816 3654 922 3710 quo
959 3647 1134 3709 empta
1172 3646 1255 3692 est
1279 3636 1539 3692 adversus
1561 3634 1893 3692 Christianos

347 3729 544 3793 suvitia;
571 3731 620 3786 id
645 3747 866 3803 agamus
890 3745 1109 3786 necesse
1129 3739 1232 3796 est,
1261 3738 1336 3795 ut,
1364 3745 1592 3800 quonam
1624 3729 1739 3784 hzec
1762 3739 1865 3784 lem
1882 3759 1894 3770 -

349 3833 456 3889 pore
483 3824 783 3896 contigerit,
831 3823 1171 3894 perspicuum
1203 3821 1450 3877 onmibus
1491 3822 1600 3876 fiat.
1651 3819 1755 3877 Sed
1794 3822 1894 3879 ista

350 3916 522 3971 vexatio
543 3917 787 3988 quoniam
846 3916 926 3971 his
977 3916 1183 3982 extitit,
1229 3914 1456 3984 primum
1485 3912 1702 3985 quidem
1736 3923 1890 3982 ante,

350 4004 507 4064 deinde
533 4020 644 4080 post
666 4009 812 4082 leges
836 4009 1019 4065 Severi
1048 4007 1366 4064 Christianis
1401 4009 1642 4063 inimicas
1669 4026 1682 4062 :
1709 4009 1896 4064 obser-

352 4101 493 4157 vando
523 4102 830 4171 didicimus,
871 4118 1069 4157 annum
1113 4117 1144 4156 a
1185 4100 1398 4158 Christo
1439 4111 1565 4158 nato
1591 4099 1897 4157 ducentesi-

349 4207 468 4250 mum
490 4196 640 4252 libros
658 4195 970 4253 Tertulliani
993 4194 1235 4251 dividere
1261 4196 1408 4264 quasi
1440 4195 1491 4251 in
1513 4194 1646 4250 duas
1668 4195 1891 4264 claSses,

349 4302 533 4358 quamm
578 4292 738 4348 altera
793 4289 1165 4361 complectitur
1207 4289 1338 4356 hos,
1403 4288 1494 4358 qui
1540 4296 1665 4344 sunt
1711 4288 1779 4344 ab
1829 4301 1896 4344 eo

350 4379 634 4451 orthodoxe,
677 4384 845 4439 altera
876 4398 1004 4452 eos,
1054 4381 1145 4454 qui
1190 4389 1314 4437 sunt
1355 4380 1424 4436 ab
1467 4395 1532 4436 eo
1575 4379 1895 4436 Montanista

350 4474 550 4543 perfecti.
604 4477 769 4534 Nobis
812 4479 990 4546 itaque
1029 4491 1150 4531 cum
1181 4475 1253 4532 sit
1293 4474 1622 4546 propositum
1663 4473 1893 4544 primum

1999 1952 2414 2008 demonstranda
2465 1954 2564 2010 hac
2614 1971 2671 2010 re
2715 1955 2896 2010 multis
2943 1955 3290 2038 laborandqu
3334 1967 3438 2012 non
3505 1959 3596 2014 sit.

1999 2047 2168 2113 Quam
2195 2047 2264 2103 ob
2295 2064 2407 2103 rem
2437 2065 2504 2104 ne
2533 2059 2748 2105 careant
2779 2058 2955 2106 tamen
2979 2050 3034 2116 ii,
3063 2049 3255 2121 quibus
3280 2048 3461 2105 datum
3491 2066 3597 2106 non

1999 2148 2086 2195 est
2131 2141 2406 2211 perlegere
2445 2142 2616 2212 ipSam
2659 2142 3111 2212 elegantissimam
3139 2141 3596 2212 dissertationem,

1996 2233 2329 2303 gravissimis
2357 2235 2686 2305 argumentis
2707 2275 2722 2301 ,
2764 2235 2959 2306 quibus
2985 2235 3316 2294 calamitates
3341 2232 3600 2290 Christia-

1998 2340 2189 2380 norum
2219 2327 2448 2397 tempori
2493 2336 2617 2382 ante
2648 2325 2823 2382 Severi
2851 2326 3082 2383 edictum
3111 2335 3422 2398 antegressa»
3450 2341 3597 2382 assc-

1999 2418 2126 2486 ruit,
2152 2435 2214 2474 ea
2240 2419 2399 2475 veluti
2422 2420 2472 2474 in
2493 2420 2812 2490 compendio
2835 2419 3395 2490 recitabimus,quibus
3415 2433 3599 2476 tlS>ell-.

2001 2511 2162 2566 timur
2185 2513 2405 2568 omnino
2425 2555 2439 2576 ,
2487 2513 2659 2577 iisque
2697 2512 3010 2583 adjiciemus
3040 2511 3148 2568 duo
3191 2513 3294 2566 alia
3321 2555 3334 2578 ,
3380 2527 3498 2583 quae
3529 2510 3596 2568 ad

1998 2605 2362 2662 conﬁrmanda
2410 2622 2472 2661 ea
2523 2606 2723 2678 aliquid
2769 2605 2969 2663 habere
3021 2605 3266 2664 videntur
3309 2607 3594 2662 ﬁrmitatis.

1999 2701 2175 2769 Atque
2213 2701 2258 2755 is
2289 2701 2516 2770 primum
2544 2701 2693 2756 duxit
2720 2701 2789 2758 ab
2816 2717 2905 2768 eo,
2939 2699 3079 2771 quod
3112 2702 3222 2771 ipse
3252 2698 3598 2758 Tertulliani“

1999 2791 2059 2847 in
2090 2791 2437 2864 Apologetico,
2483 2802 2538 2849 et
2565 2794 2797 2850 maxime
2827 2793 2878 2848 in
2907 2793 3154 2849 universa
3179 2793 3266 2848 illa
3296 2792 3363 2849 de
3391 2793 3596 2864 legibus

2000 2882 2382 2955 disputatione,
2415 2895 2490 2941 tot
2515 2887 2664 2956 signa
2693 2885 2943 2951 ediderit,
2975 2884 3168 2955 quibus
3199 2885 3434 2941 nondqu
3462 2885 3595 2956 legi-

2003 2976 2103 3031 bus
2140 2987 2325 3033 conlra
2356 2977 2692 3034 Christianos
2723 2978 2968 3034 Severum
3000 2993 3263 3048 pugnas:e
3290 2976 3508 3046 indicat,
3541 2987 3597 3035 ut

2000 3070 2176 3126 nullus
2218 3072 2374 3141 plane
2411 3070 2692 3127 dubitandi
2735 3071 2885 3128 locus
2929 3073 3180 3142 supersit.
3223 3071 3500 3130 Alterum:
3530 3087 3596 3128 ex

1999 3163 2138 3220 libro
2165 3163 2234 3218 ad
2270 3163 2548 3236 Martyres,
2577 3181 2626 3221 c.
2656 3166 2708 3220 4.
2761 3165 2813 3219 in
2842 3180 2949 3236 quo
2978 3173 3362 3220 commemorat
3390 3164 3596 3220 Tertul-

2001 3256 2164 3312 lianus
2220 3255 2519 3328 supplicia,
2595 3257 2787 3330 quibus
2844 3257 3015 3312 Albini
3070 3257 3272 3312 amicos
3343 3257 3598 3314 alTecerat

1999 3347 2250 3415 Severus,
2297 3350 2436 3420 quod
2481 3349 2678 3407 factum
2709 3365 2831 3407 esse
2869 3351 2932 3405 A.
2962 3349 3023 3405 Ρ.
3048 3349 3202 3420 0.,Ν.
3226 3347 3450 3405 CXCVI.
3482 3362 3594 3421 aut,

1997 3442 2138 3512 quod
2170 3443 2381 3499 mallem
2413 3443 2660 3500 CXCVII.
2695 3443 2994 3499 rectissime
3034 3442 3346 3498 Mashemius
3367 3446 3594 3502 monuit.

1999 3535 2236 3593 Tertium
2283 3537 2382 3608 ipsi
2427 3537 2734 3593 obtulerunt
2763 3536 3032 3592 Clementis
3059 3525 3392 3592 Alexandrini
3435 3537 3604 3594 vcrba‘

1999 3631 2225 3704 (Strom.
2258 3631 2317 3686 L.
2354 3629 2415 3686 ll.
2442 3631 2540 3686 Ed.
2567 3630 2754 3687 Colon.
2789 3645 2840 3700 p.
2872 3629 2997 3686 414.
3023 3628 3082 3684 Β.
3108 3630 3148 3700 ),
3195 3628 3387 3701 quibus
3426 3631 3595 3706 conli-

1999 3734 2138 3781 tetur
2159 3725 2269 3795 jam
2301 3737 2410 3780 tum
2457 3723 2738 3780 tormentis
2769 3721 3028 3794 exagitari
3070 3721 3435 3786 Christianos.
3473 3737 3595 3778 cum

1997 3815 2327 3872 Stromatum
2358 3815 2521 3872 libros
2542 3823 2911 3886 componeret,
2937 3814 3077 3887 quod
3103 3815 3224 3871 fecit
3246 3812 3357 3870 fere
3379 3813 3593 3882 eodem,

1996 3923 2105 3979 quo
2133 3909 2390 3976 diximus,
2423 3919 2682 3980 tempore.
2718 3908 2976 3978 Quartum
3003 3907 3150 3964 dedit
3174 3917 3327 3977 mtas,
3359 3909 3410 3963 in
3436 3923 3596 3979 quam

1995 4005 2309 4075 gravissima
2356 4003 2617 4078 supplicia
2647 4021 2677 4060 a
2709 4003 2993 4060 Scillitauis
3023 4001 3343 4075 Martyribus
3383 4011 3598 4074 surrupta

2000 4098 2262 4164 incidunt,
2293 4097 2510 4156 Claudio
2541 4098 2730 4154 iterum
2760 4099 3003 4166 Consule,
3035 4099 3124 4170 qui
3152 4114 3274 4156 cum
3300 4096 3359 4155 C.
3389 4097 3599 4168 Auﬁdio

2013 4189 2266 4246 Victorino
2297 4190 2467 4246 fasces
2496 4191 2562 4248 Λ.
2598 4190 2656 4248 Ρ.
2689 4189 2752 4245 Ν.
2782 4189 2840 4248 C.
2865 4189 2971 4247 CC.
2999 4191 3198 4257 tenuit;
3232 4190 3423 4260 quibus
3443 4189 3598 4245 deni-

1999 4300 2103 4355 que
2131 4285 2460 4356 argumentis
2485 4283 2686 4353 aliquid
2715 4283 3052 4341 auctoritatis
3081 4284 3368 4340 arbitratur
3389 4298 3454 4340 ex
3479 4284 3598 4354 ipso

2001 4378 2171 4435 Orosii
2199 4395 2262 4434 ac
2303 4378 2591 4450 Freculplti-
2616 4379 2918 4436 testimonio
2957 4378 3237 4436 accedere.
3285 4380 3461 4450 Atque
3499 4393 3600 4434 nos

1998 4489 2108 4529 non
2129 4489 2315 4529 sumus
2338 4473 2393 4540 ii,
2421 4473 2510 4544 qui
2534 4474 2631 4530 ista
2655 4473 2871 4545 quidem
2894 4472 2962 4531 ad
2989 4489 3101 4532 rem
3127 4474 3600 4531 demonstrandam

347 4566 572 4639 dispicere
596 4569 662 4627 de
690 4585 756 4627 eo
785 4584 984 4642 genere
1015 4568 1272 4624 librorum
1300 4564 1636 4631 Tertulliani,
1665 4579 1892 4636 quorum
1921 4589 1976 4652 Β
2001 4580 2109 4621 non
2137 4564 2384 4622 sufﬁcere
2412 4565 2819 4632 arbitraremur,
2868 4582 2930 4622 ea
2970 4566 3112 4623 enim
3139 4565 3328 4622 omnia
3352 4574 3600 4636 putamus

344 4669 452 4715 aetas
473 4665 596 4719 satis
621 4662 822 4735 liquido
843 4669 1073 4728 consmt,
1104 4660 1176 4715 ita
1203 4661 1255 4714 in
1284 4657 1688 4729 hoetraetando
1715 4673 1897 4713 versa-

345 4751 508 4823 bimur,
549 4766 604 4812 ut
641 4757 1106 4820 demonstremus,
1152 4753 1263 4824 jam
1293 4761 1416 4807 ante
1452 4751 1627 4808 Severi
1665 4750 1898 4807 edictum

246 4867 250 4871 -
336 4843 638 4904 Christianos
666 4847 831 4904 fuisse
858 4855 1076 4918 propter
1095 4843 1392 4900 doctrinam
1419 4853 1655 4909 vexatos,
1679 4841 1894 4910 deinde,

325 4941 494 5010 paucis
521 4941 834 5014 quibusdam
873 4939 938 4996 de
979 4940 1094 5011 ipsa
1135 4937 1296 5010 hujus
1337 4937 1530 5010 prioris
1569 4935 1900 5007 tempestatis

321 5036 521 5093 ratione
554 5037 804 5109 aSpersis,
833 5036 886 5090 in
933 5027 1153 5103 annum,
1182 5050 1288 5106 quo
1314 5034 1414 5092 ista
1439 5033 1660 5091 alllictio
1689 5033 1897 5088 initium

314 5129 536 5203 ceperit,
566 5138 814 5187 accurate
846 5128 1196 5200 inquiramus.

308 5269 337 5341 ᾗ
374 5267 429 5324 6.
451 5297 525 5310 -
551 5268 625 5324 De
644 5269 758 5340 ipsa
778 5269 872 5324 hac
894 5270 1156 5324 vexatione
1182 5269 1467 5340 disputatur
1495 5271 1584 5332 ita,
1616 5275 1670 5322 ut
1695 5267 1904 5323 demon-

384 5373 569 5418 stretur
597 5363 747 5418 talem
773 5364 992 5418 extitisse
1020 5371 1136 5416 ante
1166 5361 1340 5418 Severi
1365 5361 1620 5429 edictum;
1670 5377 1820 5426 quam
1851 5361 1905 5415 in

382 5473 492 5512 rem
523 5456 794 5527 propositis
835 5453 1102 5509 Moshemii
1143 5453 1452 5523 argumentis
1479 5454 1581 5507 alia
1611 5468 1738 5507 nova
1764 5452 1904 5525 adji-

380 5554 607 5616 ciuntur,
634 5559 680 5604 et
709 5535 914 5603 initium
938 5550 1129 5620 cepisse
1157 5547 1218 5600 Α.
1252 5545 1318 5602 Ρ.
1349 5546 1406 5601 C.
1435 5545 1508 5600 N.
1534 5545 1809 5604 CXCVII.

445 5691 642 5761 Culpa,
673 5707 770 5748 cur
793 5690 1090 5748 erraverint
1119 5690 1268 5746 multi
1298 5691 1350 5746 in
1377 5690 1679 5748 definienda
1709 5704 1898 5746 eorum

290 5789 563 5846 librorum
597 5782 900 5840 Tertulliani
940 5792 1129 5852 tetate,
1179 5784 1268 5855 qui
1319 5793 1559 5855 tempore
1605 5785 1900 5842 vexationis

287 5881 610 5943 Severiana
653 5877 842 5952 scripti
870 5887 1030 5956 sunt,
1057 5873 1114 5939 iu
1145 5891 1212 5939 eo
1249 5887 1332 5940 est
1358 5877 1501 5938 haud
1531 5877 1712 5950 dubie,
1755 5875 1898 5951 quod

2007 4675 2120 4716 rem
2162 4669 2309 4716 extra
2340 4674 2553 4715 omnem
2590 4660 2978 4718 dubitationem
3012 4677 3230 4730 ponere.
3281 4659 3485 4716 Placuit
3517 4670 3598 4715 ta-

2005 4769 2154 4818 men,
2189 4769 2255 4808 ne
2283 4752 2412 4823 quid
2438 4752 2712 4809 videamur
2742 4755 3168 4824 prattermisisse,
3211 4753 3351 4824 quod
3392 4752 3460 4809 ad
3486 4767 3602 4808 rem

2004 4844 2429 4902 confirmandam
2458 4846 2635 4904 facere
2664 4847 2893 4917 quodam
2923 4847 3084 4906 modo
3116 4858 3324 4918 posset,
3366 4847 3471 4902 duo
3497 4846 3603 4902 alia

2005 4949 2337 5009 argumenta,
2381 4955 2520 5010 quze,
2567 4941 2812 5010 quamvis
2842 4940 3045 4996 minora
3077 4955 3197 4996 esse
3222 4938 3603 4996 Blosbemianis

2003 5029 2161 5086 facile
2199 5033 2452 5101 patimur,
2501 5046 2607 5087 non
2660 5039 2842 5088 tamen
2880 5031 3100 5088 omnino
3146 5030 3434 5101 rejicienda
3483 5046 3604 5088 esse

2009 5125 2273 5182 videntur.
2331 5122 2501 5180 Unum
2542 5123 2778 5199 esthoc,
2813 5125 2955 5198 quod
2980 5122 3156 5179 zElius
3196 5122 3506 5196 Spartianus
3535 5123 3604 5180 de

2070 5321 2155 5385 (ι)
2175 5321 2206 5370 Ι
2209 5335 2241 5373 η
2266 5320 2665 5385 Conmreruatione
2702 5322 2766 5373 de
2801 5327 2939 5375 elate
2975 5319 3275 5385 Apologetici
3314 5317 3604 5372 Tertulliani

2005 5391 2050 5435 et
2080 5383 2220 5435 initio
2256 5384 2598 5450 persecutionis
2647 5383 3031 5450 Cltristianorrun'
3057 5383 3148 5437 ,ςιιό
3169 5387 3508 5450 ςερξνονῳιω
3533 5385 3604 5432 in-

2005 5454 2139 5497 serta
2179 5446 2372 5500 est'vol.
2400 5446 2440 5496 Ι.
2489 5449 2899 5498 Dissertationum
2946 5448 3054 5511 ejus
3113 5450 3170 5497 ad
3231 5446 3479 5495 historiam
3515 5458 3601 5495 ec-

2006 5511 2128 5582 cles.
2156 5512 2502 5582 pertinentium
2521 5549 2534 5566 ,
2564 5512 2751 5619 pag._l._
2783 5525 2923 5575 seqq.
2953 5513 3190 5562 Daturum
3225 5511 3371 5558 etiam
3405 5520 3460 5556 se
3487 5521 3602 5580 pro-

2006 5581 2208 5619 miserat
2231 5577 2375 5619 vitam
2411 5573 2437 5619 Ἰ
2455 5581 2561 5619 ertu
2589 5573 2696 5619 ham
2721 5573 3057 5619 librarumque
3084 5576 3192 5619 eius
3229 5566 3599 5619 Chronoloutam

2004 5566 2208 5623 miserat
2231 5577 2375 5624 vitam
2411 5566 2696 5623 'l‘ertullia'ni
2721 5566 3057 5637 librorumque
3084 5576 3192 5637 ejus
3229 5566 3599 5637 Cbrortologiam

2004 5590 2208 5623 nnserat
2231 5590 2375 5624 vuam
2421 5590 2696 5623 let‘tuutunl
2721 5590 2957 5624 unrorum
2994 5590 3057 5623 ue
3084 5590 3192 5637 ejus
3229 5590 3599 5632 Lut'uuUtugtuln

2001 5637 2478 5705 accurat.iorem_ea,
2521 5647 2665 5705 quam
2705 5636 2901 5687 tradidit
2931 5590 3146 5705 ﬂuxius
3182 5637 3251 5705 (ν.
3292 5633 3602 5705 'l‘besaurum

2003 5698 2318 5764 Epistolicum
2351 5694 2730 5764 Lact-ocimum,
2773 5707 2888 5750 tom.
2929 5701 2968 5752 Ι.
2998 5717 3045 5764 p.
3065 5694 3342 5764 ‘286.)';Ase_d
3369 5694 3416 5743 id
3442 5697 3602 5764 consi-

2003 5759 2118 5810 lium
2145 5767 2313 5825 postea
2349 5760 2439 5823 ipsi
2465 5762 2755 5825 eripuerunt
2794 5759 3050 5825 graviores
3091 5759 3350 5825 sepelieris
3384 5761 3606 5825 muneris

2001 5818 2240 5940 gugréé‘ut
2259 5818 2442 5876 fatetur
2477 5818 2889 5879 in'addendis'ad
2928 5826 3022 5880 vol.
3049 5826 3091 5879 Ι.
3126 5826 3261 5878 Diss.
3292 5820 3423 5876 Hist.
3445 5818 3600 5886 Eccl.,

2041 5923 2052 5935 ο
2081 5905 2096 5939 ι

2002 5901 2052 5951 p.
2075 5901 2096 5939 ι
