4084 6344
536 327 640 387 I05

1606 305 2056 368 DISSliRTATIO
2098 305 2184 363 DE
2226 303 2406 362 VEIU
2452 294 2708 362 ΑΞΤΑΤΕ

3714 304 3811 366 105

537 441 804 502 Caracallo
845 438 972 495 dicit
1001 435 1094 509 (in
1120 433 1239 490 Vita
1285 428 1526 486 Antonini
1572 427 1846 492 Cararalli,
1878 439 1995 494 cap.
2020 421 2088 492 I.)
2118 441 2131 477 :
2163 425 2212 484 Α
2241 422 2439 492 ipsum,
2487 420 2628 493 quod
2674 419 3022 475 Tertullianus
3065 416 3228 485 dicit,
3275 415 3486 490 plebem
3531 420 3810 492 exagitasse

537 537 790 609 septenuis
807 551 954 606 puer,
977 547 1090 586 cum
1113 528 1414 584 rollusorem
1432 539 1578 579 suum
1605 536 1837 592 puerum,
1865 518 1934 573 ob
1953 515 2131 572 Iudai-

537 647 655 688 cam
685 627 1036 699 Religionem,
1077 621 1278 695 gravius
1315 616 1627 672 verberatum
1657 613 1928 675 audiisset,
1975 623 2134 675 neque

536 734 730 795 patrem
750 736 916 784 suum,
943 732 1101 787 neque
1127 723 1317 786 patrem
1340 711 1504 784 pueri,
1527 710 1602 764 vel
1623 716 1852 761 auctores
1873 705 2132 758 verberum

535 793 624 871 diu
653 813 888 888 respexit.
942 810 1020 866 Ex
1064 822 1172 880 quo
1207 808 1323 862 loco
1350 815 1590 874 apparet,
1635 799 1775 871 quod
1805 808 1953 868 pater
1979 793 2130 866 pueri

535 910 689 966 istius
739 923 844 962 non
895 905 1010 977 ipse
1049 915 1172 957 eum
1230 908 1448 970 propter
1494 889 1770 949 Iudaicam
1821 889 2128 960 religionem

533 1001 869 1076 castigaveril
897 1041 912 1066 ,
956 997 1049 1055 sed
1087 994 1228 1065 quod
1257 996 1370 1064 ipse
1410 989 1626 1045 Severus
1655 1000 1874 1058 puerum
1911 982 2131 1054 jusserit

533 1098 749 1155 abaliis
777 1093 1044 1167 castigari.
1087 1089 1221 1146 Nam
1265 1087 1355 1158 qui
1392 1085 1652 1156 potuisset
1681 1079 1974 1136 Caraeallus
2003 1091 2129 1132 suc-

533 1207 759 1250 censere
785 1190 922 1262 patri
951 1187 1138 1244 Severo
1157 1225 1172 1249 ,
1214 1182 1317 1238 nisi
1345 1182 1389 1236 is
1417 1181 1530 1251 ipse
1567 1177 1668 1232 hoc
1697 1174 1951 1230 voluisset
1979 1170 2128 1226 ﬁeri?

535 1285 720 1358 Itaque
751 1282 943 1354 aliquis
971 1281 1132 1337 datur
1159 1277 1308 1334 locus
1335 1270 1656 1344 suSpicioni,
1698 1269 1808 1339 jam
1840 1275 1973 1327 tum,
2005 1277 2124 1318 cum

536 1377 836 1436 Curaeallus
863 1386 1068 1446 septem
1095 1378 1240 1427 esset
1269 1381 1560 1431 annorum,
1610 1361 1660 1417 vi
1691 1369 1977 1432 pugnatum
2006 1370 2127 1411 esse

537 1471 797 1528 adversus
821 1466 1185 1528 Christianos;
1213 1460 1458 1534 quamvis
1479 1471 1621 1513 anno
1647 1455 1861 1511 demum
1887 1451 1945 1506 P.
1968 1448 2032 1506 C.
2057 1447 2120 1504 N.

531 1561 684 1620 CCII.
716 1561 934 1618 Severus
965 1559 1110 1630 leges
1136 1567 1323 1612 contra
1349 1552 1540 1607 horum
1570 1547 1981 1614 Judazorumque
2003 1541 2124 1598 reli-

529 1657 743 1728 gionem
785 1653 983 1709 tulerit.
1036 1650 1114 1706 Ad
1163 1649 1448 1719 septimum
1474 1658 1670 1699 annum
1699 1641 1807 1712 egit
1830 1637 2127 1693 Caracallus

530 1765 672 1806 anno
702 1765 731 1804 a
763 1757 891 1803 nato
915 1745 1244 1815 Sospitatore
1275 1750 1461 1794 nostro
1510 1735 1714 1811 CXCV.
1763 1730 1904 1804 quod
1932 1740 2014 1786 est
2044 1729 2126 1783 fa-

529 1843 634 1898 cile
659 1841 1050 1897 demonstratu.
1079 1833 1284 1890 Norunt
1311 1831 1452 1886 enim
1475 1842 1680 1890 omnes,
1712 1835 1982 1879 mortuum
2005 1838 2126 1880 esse

530 1937 774 1995 Severum
817 1936 883 1990 A.
925 1930 1107 1989 CCXI.
1148 1929 1233 1984 cui
1286 1923 1582 1982 succedens
1624 1919 1918 1975 Caraeallus
1958 1917 2128 1972 inter-

529 2027 702 2085 fectus
739 2035 855 2094 est,
895 2041 1018 2081 cum
1046 2036 1205 2092 supra
1237 2017 1323 2073 \‘I.
1355 2030 1524 2072 annos
1552 2022 1828 2084 regnasset
1866 2010 2128 2082 (Dionem

529 2123 772 2182 Cassium
806 2118 1002 2174 Hister.
1033 2117 1274 2179 Romam,
1311 2110 1403 2166 lib.
1428 2106 1688 2164 LXXVII.
1713 2105 1841 2161 edit.
1869 2103 2126 2171 Reimari,

528 2216 639 2272 vol.
687 2213 752 2270 ll.
807 2229 860 2285 p.
905 2209 1118 2279 1514),
1165 2209 1231 2263 Δ.
1263 2203 1516 2261 CCXVII.
1566 2199 1616 2255 Is
1665 2215 1792 2255 vero
1821 2213 1944 2254 cum
1987 2197 2128 2252 diem

529 2322 840 2379 supremum
865 2305 1060 2370 obiret,
1093 2315 1293 2357 annum
1339 2298 1589 2367 attigerat
1614 2291 1707 2348 29.
1769 2306 1878 2362 quo
1904 2303 2128 2360 numero

530 2400 773 2456 detracto
834 2411 1058 2453 summa:
1119 2407 1383 2449 annorum
1445 2389 1601 2458 ejus,
1669 2383 1898 2454 emergit
1957 2397 2128 2437 annus

530 2490 909 2552 CLXXXVIII.
962 2505 1071 2562 quo
1121 2497 1278 2542 natus
1345 2483 1417 2539 sit
1458 2489 1704 2552 oportet;
1754 2479 1894 2534 unde
1934 2491 2126 2533 conse-

529 2590 732 2662 quitur,
747 2583 1070 2641 Caracallum
1093 2583 1156 2636 A.
1175 2576 1380 2635 CXCV.
1401 2574 1684 2644 septimum
1707 2586 1909 2627 annum
1931 2569 2126 2642 egisse,

530 2699 639 2756 quo
695 2691 940 2752 tempore
989 2678 1146 2748 longe
1193 2671 1460 2745 posterius
1503 2678 1586 2725 est
1649 2667 1822 2724 Severi
1869 2665 2124 2721 edictum.

531 2777 715 2849 Neque
738 2785 866 2848 puto
887 2787 1207 2850 quemquam
1235 2768 1370 2834 fore,
1399 2766 1488 2839 qui
1516 2765 1670 2820 nobis
1690 2771 1946 2834 opponat.
1973 2763 2130 2831 longe

531 2871 800 2928 diversam
822 2882 942 2924 esse
961 2864 1277 2921 Christiana:
1308 2877 1370 2917 ac
1397 2861 1630 2916 Iudaica-
1661 2857 1934 2929 religionis
1963 2857 2126 2911 ratio-

534 2981 695 3030 nem,
737 2978 838 3019 nec
877 2976 1037 3032 posse
1075 2955 1470 3022 demonstrari,
1511 2952 1848 3009 Christianos
1897 2950 2060 3006 fuisse
2097 2965 2127 3004 a

533 3061 768 3118 Deorum
789 3055 1087 3114 cultoribus
1108 3063 1348 3113 vexatos,
1373 3049 1626 3121 quoniam
1643 3047 1885 3118 castigati
1908 3044 2126 3112 fuerint,

2235 513 2594 578 Christianos,
2629 523 2684 569 et
2715 513 2881 568 invito
2910 511 3126 584 quidem
3157 511 3365 578 Severo,
3399 527 3570 568 nonne
3595 513 3807 570 demon-

2236 615 2390 692 strat,
2432 606 2482 662 id
2525 606 2722 662 factum
2770 623 2874 662 non
2917 621 3038 662 esse
3077 605 3253 662 Severi
3279 607 3514 678 legibus?
3560 608 3809 667 llabetnus

2238 699 2396 771 igitur
2420 709 2474 756 et
2501 699 2586 756 hic
2619 717 2724 756 non
2753 701 3042 770 obscurum
3073 699 3440 756 testimonium
3469 700 3536 756 de
3565 716 3645 767 eo,
3678 704 3809 774 quod

2235 801 2360 848 ante
2402 793 2520 864 ejus
2556 793 2788 850 edictum
2834 792 3125 850 Christiani
3158 793 3406 850 maximis
3433 794 3809 855 calamitatibus

2236 883 2419 940 alllicti
2452 885 2666 942 fuerint.

2370 1045 2398 1120 §
2431 1048 2482 1102 7.
2509 1079 2580 1088 —
2607 1048 2734 1116 Qua:
2759 1066 2954 1106 caussa:
2979 1050 3133 1119 huius
3163 1050 3350 1123 prioris
3381 1052 3689 1108 vexationis?

2305 1206 2376 1260 At
2419 1221 2560 1260 nunc
2604 1205 2972 1262 discntiendus
3014 1217 3097 1262 est
3125 1207 3264 1264 alter
3291 1209 3394 1263 iste
3420 1209 3570 1264 locus
3591 1208 3656 1265 de
3683 1218 3809 1266 tem-

2232 1309 2394 1367 pore,
2439 1312 2546 1368 quo
2593 1299 2738 1368 prior
2777 1297 2892 1354 lucc
2944 1309 3234 1370 tempestas
3283 1300 3541 1372 contigit;
3590 1302 3631 1356 si
3676 1302 3810 1372 prius

2232 1388 2481 1454 edixero,
2523 1407 2766 1460 quamam
2813 1407 3025 1448 caussa:
3073 1393 3231 1462 hujus
3276 1392 3527 1450 facinoris
3557 1393 3690 1466 vulgi
3726 1394 3811 1450 ad-

2231 1496 2423 1538 versus
2454 1482 2794 1539 Christianos
2823 1484 3108 1541 videantur
3142 1486 3326 1543 fuisse.
3374 1490 3544 1557 Atque
3582 1487 3676 1543 hoc
3701 1503 3808 1544 cum

2233 1573 2299 1629 de
2340 1576 2486 1630 omni
2526 1585 2713 1632 contra
2755 1575 3092 1635 Christianos
3152 1580 3290 1633 facto
3332 1595 3363 1634 a
3407 1579 3558 1650 plebe
3603 1582 3810 1636 tumultu

2242 1678 2474 1735 constat,
2526 1683 2644 1724 eam
2675 1668 2778 1737 his,
2824 1680 3073 1741 tanquam
3119 1670 3345 1742 publicis
3374 1674 3585 1742 generis
3615 1671 3810 1728 humani

2241 1759 2521 1829 hostibus,
2581 1776 2741 1818 omne
2785 1762 3105 1818 cnlamitatis
3145 1779 3174 1817 a
3218 1763 3328 1818 Diis
3372 1765 3620 1818 immissa:
3662 1779 3812 1835 genus

2234 1853 2485 1910 tribuisse
2528 1873 2540 1909 :
2587 1864 2697 1911 tum
2747 1856 2876 1912 illud
2929 1857 3181 1912 nimirum
3228 1868 3374 1929 patet
3409 1873 3476 1914 ex
3531 1856 3810 1914 Tertulliani

2234 1949 2469 2018 scriptis,
2519 1948 2619 2004 hoc
2671 1949 2834 2005 fuisse
2881 1951 2933 2004 in
2978 1966 3141 2006 causa
3180 1994 3197 2019 ,
3241 1961 3298 2006 ut
3329 1968 3472 2007 nunc
3501 1951 3812 2008 Christianos

2235 2043 2470 2097 maxime
2491 2041 2861 2114 insequeretur
2881 2044 2982 2117 (Cf.
3010 2045 3270 2116 Apologet.
3286 2089 3302 2113 ,
3316 2061 3366 2102 c.
3384 2045 3478 2102 40.
3499 2047 3567 2100 ad
3585 2047 3810 2114 nationes,

2235 2135 2330 2191 lib.
2361 2135 2402 2190 Ι.
2438 2153 2487 2192 c.
2516 2136 2572 2194 9.
2604 2139 2758 2208 ete.).
2800 2138 3111 2208 Enimvero,
3155 2157 3273 2211 qua:
3321 2141 3565 2196 Severum
3609 2141 3735 2197 inter
3766 2149 3816 2197 et

2235 2228 2456 2302 Nigrum
2489 2232 2890 2300 intercedebat,
2943 2237 3301 2290 maximarum
3335 2253 3518 2293 rerum
3546 2238 3809 2304 aemulatio,

2237 2339 2342 2379 non
2369 2325 2543 2380 Solum
2579 2325 2795 2381 videtur
2829 2327 3149 2398 quibusdam
3194 2329 3552 2400 diSplicuisse,
3597 2331 3678 2401 qui
3721 2345 3812 2386 non

2236 2415 2499 2482 Severum,
2531 2417 2625 2473 sed
2658 2417 2882 2490 Nigrum
2926 2431 3107 2475 contra
3152 2419 3361 2475 Didium
3407 2421 3667 2476 Iulianum
3693 2424 3811 2494 Aug.

2235 2509 2632 2580 postulaverant
2662 2510 2758 2580 (V.
2791 2512 3172 2578 llerodiannm,
3198 2513 3289 2570 lib.
3321 2512 3385 2567 ll.
3427 2529 3475 2570 c.
3503 2513 3557 2569 8.
3589 2513 3736 2569 lll.c.
3759 2514 3810 2571 5.

2234 2603 2598 2674 Spartianum,
2646 2605 2699 2659 in
2740 2605 2846 2659 vita
2892 2605 3057 2676 Nigri,
3100 2620 3151 2660 c.
3184 2606 3302 2677 2.);
3354 2607 3454 2662 sed
3500 2607 3619 2662 illud
3645 2609 3811 2674 etiam,

2233 2697 2375 2768 quod
2406 2697 2663 2752 adversus
2685 2697 2922 2752 Albinum
2948 2698 3186 2769 suscepit
3208 2698 3440 2766 bellum,
3466 2701 3694 2754 omnium
3714 2699 3817 2754 ani-

2234 2806 2352 2846 mos
2382 2790 2732 2845 vehementer
2755 2791 3042 2845 concitavit
3075 2790 3164 2862 (V.
3197 2792 3423 2848 Dionem
3450 2792 3586 2863 apud
3610 2791 3815 2863 Xipbili-

2234 2899 2381 2948 num,
2417 2882 2454 2936 l.
2485 2881 2698 2938 LXXV.
2729 2898 2779 2938 c.
2805 2882 2860 2936 4.
2897 2901 2948 2954 p.
2979 2883 3138 2938 1258.
3171 2883 3281 2955 Β.).
3325 2885 3531 2957 Itaque,
3559 2901 3674 2940 cum
3704 2899 3817 2956 pro-

2231 2987 2401 3033 strato
2423 2977 2897 3048 ntroque,Severus
2919 2993 3110 3033 omnes
3131 2994 3225 3033 eos
3264 2980 3580 3051 extinguere
3628 2987 3816 3050 pararet

2232 3085 2370 3141 quos
2423 3085 2646 3126 noverat
2688 3086 2718 3125 a
2767 3072 3009 3142 partibus
3054 3068 3208 3142 Nigri
3263 3071 3537 3144 Albimque
3582 3073 3811 3135 stetisse,

531 3154 622 3226 «ιυί
649 3168 708 3210 se
729 3149 964 3208 “dum”
995 3147 1240 3217 religioni
1266 3143 1603 3239 “fidi‘emm'
1637 3139 1766 3239 N‘f'"
1793 3138 1882 3239 φή
1917 3137 1984 3192 im
2005 3151 2130 3239 ξων
2157 3177 2201 3239 C
2235 3167 2432 3237 Optima
2481 3181 2540 3222 se
2587 3151 2845 3222 olierehat
2897 3165 3036 3237 plebi
3075 3137 3289 3221 occasio
3320 3137 3686 3232 Christianos.
3715 3176 3816 3220 tan-

534 3249 704 3312 tinnt,
757 3259 853 3301 eos
898 3256 1119 3299 necesse
1162 3248 1246 3296 est
1286 3237 1522 3307 lingere,
1569 3235 1708 3305 quod
1741 3232 1927 3302 vulgus
1965 3231 2126 3284 etiam

531 3342 868 3399 Christianos
907 3339 1020 3410 jam
1065 3337 1194 3393 satis
1236 3351 1266 3389 a
1305 3332 1506 3390 .lndaeis
1545 3331 1852 3386 distinxerit
1895 3328 2000 3396 (ah
2029 3326 2131 3382 hoc

533 3437 678 3494 enim
705 3435 934 3491 dicimus
965 3434 1124 3488 istum
1149 3430 1430 3487 tumultum
1466 3427 1630 3484 fuisse
1650 3425 1984 3494 excitatura).
2021 3425 2132 3480 lloc

535 3544 664 3585 vero
690 3528 978 3583 discrimen
1006 3540 1127 3581 cum
1158 3533 1280 3578 ante
1309 3521 1438 3578 illud
1468 3533 1676 3591 tempus
1695 3560 1711 3586 ,
1753 3533 1862 3590 quo
1897 3517 2131 3576 Severus

534 3621 761 3694 imperio
794 3621 1073 3692 potiretur,
1121 3633 1189 3673 ne
1216 3616 1284 3671 ab
1312 3615 1377 3671 iis
1403 3614 1616 3685 quidem
1648 3615 1717 3668 sit
1745 3613 2089 3668 observatum
2111 3653 2127 3678 ,

533 3714 624 3786 qui
656 3727 812 3768 nosse
839 3722 1118 3791 utramque
1146 3708 1460 3778 religionem
1487 3706 1689 3778 optime
1719 3714 2000 3777 poterant,
2033 3719 2132 3760 nec

535 3805 720 3870 sciam,
745 3803 888 3859 unde
911 3805 1137 3873 probare
1160 3799 1423 3872 qniSpiam
1449 3799 1636 3870 possit,
1668 3815 1764 3854 eos
1794 3799 1968 3854 Severi
1994 3809 2099 3853 tem
2115 3826 2131 3839 ο

540 3911 672 3966 pore
712 3897 882 3966 magis
913 3892 1249 3965 perspicaces
1280 3891 1445 3947 fuisse
1481 3907 1638 3962 quam
1678 3899 1824 3956 ante,
1871 3889 2129 3962 numquid

455 4056 458 4057 ν
536 3987 860 4044 concitatam
893 3983 1289 4040 multitudinem
1321 3984 1420 4039 sub
1451 3982 1629 4039 Severi
1669 3982 1892 4057 imperio
1936 3981 1987 4036 id
2014 3982 2134 4053 qni-

536 4077 660 4135 dem
685 4091 904 4134 curasse
951 4087 1041 4132 aut
1089 4075 1399 4132 distinxisse
1445 4076 1576 4131 satis
1627 4075 1978 4147 putabimus?
2023 4073 2130 4130 Sed

536 4174 581 4226 si
628 4170 858 4226 maxime
913 4167 1132 4224 dubium
1188 4177 1364 4239 poteSt
1430 4166 1602 4233 illud,
1671 4177 1848 4222 tamen
1911 4177 2133 4238 apparet

547 4265 739 4321 adesse
798 4263 1042 4334 exempla
1093 4261 1200 4317 odii
1252 4261 1530 4336 gentilium
1585 4261 1637 4315 in
1691 4275 1788 4316 eos
1835 4259 1926 4332 qui
1980 4271 2134 4317 erant

535 4373 565 4412 a
595 4357 824 4413 Deorum
852 4356 996 4412 cultu
1027 4355 1186 4411 alieni
1229 4354 1511 4426 ipsumque
1551 4352 1792 4408 Severum
1831 4369 1936 4409 non
1978 4355 2134 4424 plane

535 4452 603 4508 ah
632 4453 755 4508 odio
782 4451 884 4508 isto
912 4432 1290 4508 abhorruisse:
1323 4447 1476 4517 Quod
1516 4448 1560 4503 si
1599 4447 1818 4504 Severus
1847 4449 1897 4502 id
1931 4448 2053 4504 fecit
2079 4448 2132 4503 in

2234 3273 2391 3329 quam
2438 3258 2515 3314 rei
2564 3259 2787 3328 publica:
2833 3275 2896 3314 ac
2941 3259 3286 3330 Imperatoris
3340 3259 3552 3326 hostes,
3583 3259 3812 3315 violandi.

2235 3351 2409 3422 Atque
2435 3350 2484 3405 hi
2520 3351 2762 3406 homines
2793 3352 2893 3406 sibi
2922 3351 3237 3408 videbantur
3263 3351 3364 3407 hoc
3395 3368 3462 3408 eo
3489 3353 3679 3408 rectius
3702 3365 3813 3406 exe-

2235 3444 2324 3515 qui
2375 3459 2532 3514 posse
2553 3486 2566 3508 ,
2614 3459 2756 3498 cum
2781 3442 3113 3500 Christianos
3141 3446 3268 3516 ipsis
3292 3446 3460 3501 etiam
3489 3446 3594 3502 Diis
3619 3444 3816 3500 infestos

2236 3536 2538 3601 crederent,
2568 3535 2633 3591 de
2660 3537 2853 3607 quibus
2881 3552 2947 3592 eo
2978 3537 3113 3593 bene
3142 3539 3335 3595 mereri
3373 3555 3535 3609 posse
3563 3536 3814 3609 putabant,

2236 3640 2516 3700 postquam
2549 3629 2625 3684 Dii
2657 3630 2786 3700 ipsis
2816 3631 2928 3684 ha-c
2953 3632 3101 3701 quasi
3132 3632 3238 3686 otia
3269 3630 3532 3688 fecerant.
3581 3631 3642 3686 Et
3667 3629 3816 3699 ipsmn

2237 3721 2374 3777 hanc
2421 3723 2730 3794 Opinionem
2787 3725 3079 3780 Christiani
3126 3725 3284 3795 vulgo
3337 3726 3721 3797 persuadehant
3762 3733 3819 3776 eo

2239 3815 2432 3886 magis,
2466 3816 2607 3886 quod
2638 3817 2795 3887 plane
2827 3833 2926 3872 nec
2956 3816 3094 3872 ludis
3123 3833 3185 3872 ac
3210 3817 3681 3885 celebrationibus,
3712 3829 3820 3887 pro-

2237 3915 2357 3978 pter
2383 3917 2710 3978 reportatam
2741 3907 3008 3964 Severi'ab
3044 3908 3285 3962 hostibus
3316 3910 3594 3964 victoriam
3625 3907 3817 3963 institu-

2237 4000 2325 4064 tis,
2354 3998 2553 4055 vellent
2575 4000 2836 4056 interesse
2864 3998 2948 4070 (ν.
2979 3999 3226 4066 Tertull.,
3247 4000 3310 4054 de
3339 4000 3675 4070 Spectaculis,
3701 4012 3747 4053 c.
3770 3997 3815 4051 l.

2237 4099 2291 4147 et
2319 4090 2443 4146 alibi
2464 4091 2505 4162 ).
2552 4105 2652 4146 nec
2675 4090 2860 4160 jurare
2906 4106 3000 4162 per
3041 4090 3305 4162 Principis
3351 4091 3747 4164 genium(ldem
3771 4088 3816 4142 in

2238 4185 2504 4256 Apologet.
2535 4199 2584 4240 c.
2614 4183 2704 4241 32.
2737 4193 2793 4241 et
2833 4183 2969 4239 libro
3003 4183 3047 4239 I.
3094 4184 3162 4238 ad
3201 4185 3462 4250 nationes,
3485 4199 3535 4240 c.
3571 4184 3703 4255 17.),
3733 4195 3818 4236 nec

2240 4277 2348 4335 Diis
2378 4293 2475 4350 pro
2500 4280 2671 4334 salute
2697 4277 2814 4348 ejus
2839 4277 3138 4348 supplicare
3169 4277 3270 4352 (ld.
3298 4279 3541 4350 Apolog.,
3570 4293 3618 4333 c.
3645 4273 3810 4333 10.29.

2237 4374 2440 4442 seqq).
2497 4369 2577 4426 Eo
2606 4371 2722 4440 ipso
2750 4379 2928 4426 autem
2970 4371 3199 4426 tumultu
3244 4371 3438 4443 vulgus
3466 4370 3621 4427 facile
3645 4367 3815 4426 eodem

2239 4472 2449 4532 poterat
2479 4463 2694 4532 adigere
2723 4461 2989 4520 Praisides
3012 4503 3027 4528 ,
3076 4464 3165 4534 qui
3212 4478 3317 4518 non
3362 4464 3646 4518 admodum
3674 4456 3817 4516 alieni

536 4546 749 4618 pueris,
792 4547 990 4615 quibus
1031 4546 1338 4601 condonare
1367 4543 1606 4599 solemus
1637 4543 1969 4614 saepissime,
2012 4559 2128 4614 qua:

2236 4566 2390 4612 erant
2418 4557 2520 4628 ipsi
2546 4557 2614 4611 ab
2646 4557 2746 4612 hoc
2772 4556 3104 4612 crudelitatis
3130 4573 3346 4628 genere.
3379 4556 3618 4628 Namque
3641 4554 3690 4610 hi
3711 4566 3815 4608 eam

534 4641 730 4696 adultis
778 4655 1111 4712 nequaquam
1157 4637 1561 4703 conceduntur;
1608 4637 1694 4692 vix
1736 4637 1956 4704 dubito,
2002 4638 2128 4708 quin

536 4732 796 4805 praesides
855 4733 1079 4788 avaritia
1149 4731 1426 4802 plebisque
1485 4731 1724 4804 tumultu
1790 4745 1856 4786 eo
1916 4729 2131 4786 adducti

536 4829 756 4896 fuerint,
792 4835 847 4881 ut
883 4826 1100 4898 gravius
1136 4824 1187 4879 in
1236 4823 1573 4879 Christianos
1618 4822 2127 4878 animadverterent.

536 4924 767 4977 Alterum
819 4930 1191 4992 argumentum
1249 4918 1524 4974 desumam
1597 4935 1660 4974 cx
1723 4919 1902 4985 lihro,
1973 4935 2129 4991 quem

534 5015 883 5071 Tertullianus
908 5015 1122 5084 scripsit
1148 5012 1215 5069 ad
1249 5012 1530 5083 Scapulam
1552 5011 1702 5082 (Cap.
1734 5013 1787 5066 4.
1822 5030 1873 5081 p.
1905 5013 1973 5067 87
2000 5013 2084 5084 D.)
2114 5030 2128 5067 :

536 5107 856 5163 Clurissimas
878 5107 1112 5177 feminas,
1135 5105 1323 5177 inquit,
1343 5115 1387 5160 et
1409 5103 1726 5160 Clarissimos
1742 5103 1874 5159 viros
1894 5104 2129 5173 Severus,

533 5201 696 5255 sciens
723 5200 874 5270 hujus
903 5209 1048 5254 secta:
1078 5198 1173 5272 (sc.
1211 5196 1662 5267 Christianorum)
1685 5213 1809 5263 esse,
1840 5213 1941 5273 non
1983 5200 2131 5252 modo

533 5311 634 5348 uou
679 5291 846 5356 lwsit,
894 5308 1062 5345 verum
1106 5302 1150 5345 et
1191 5290 1473 5346 testimonio
1517 5291 1808 5355 exornavit,
1860 5299 1904 5342 et
1941 5290 2130 5360 populo

531 5389 723 5459 furenti
762 5388 813 5442 iu
857 5403 948 5441 nos
973 5390 1146 5457 palam
1178 5387 1378 5442 restitit.
1438 5384 1655 5441 Severus
1689 5383 1795 5438 dici
1822 5399 1925 5440 non
1954 5393 2131 5456 potest

532 5482 730 5554 popqu
776 5481 970 5538 furenti
1015 5483 1068 5537 in
1112 5481 1446 5538 Christianos
1472 5480 1646 5551 palam
1679 5479 1959 5547 restitisse,
2004 5495 2126 5536 cum

527 5578 638 5650 j.un
661 5578 890 5634 edictum
913 5587 1100 5634 contra
1123 5576 1455 5634 Christianos
1475 5578 1864 5634 constituisset.
1893 5577 2131 5648 Namque

529 5673 584 5728 id
612 5674 898 5743 quominus
947 5672 1260 5737 credamus,
1314 5671 1535 5743 impedit
1577 5671 1744 5727 durus
1770 5681 1824 5726 et
1847 5670 1996 5742 quasi
2027 5672 2130 5726 fer-

530 5779 655 5821 reus
691 5763 864 5820 Severi
910 5766 1140 5832 animus,
1183 5768 1233 5819 a'
1259 5778 1364 5836 quo
1401 5774 1549 5820 certe
1595 5765 1642 5820 is
1687 5763 1976 5834 impetrare
2020 5778 2127 5819 non

531 5858 735 5931 potuit,
785 5867 844 5916 ut
886 5858 1059 5931 legem
1103 5857 1274 5917 semel
1321 5857 1486 5915 latam
1533 5856 1863 5915 rescidisset.
1913 5856 1981 5916 Et
2027 5856 2129 5916 hoc

2236 4651 2340 4706 sibi
2385 4650 2580 4721 legem,
2617 4650 2782 4705 veluti
2825 4665 2921 4720 per
2946 4665 3134 4704 manus
3175 4650 3447 4715 traditam,
3486 4647 3815 4720 praascripse-

2237 4753 2393 4806 runt,
2428 4754 2504 4810 ut,
2535 4743 2623 4813 qui
2651 4743 2818 4798 semel
2845 4743 2896 4797 in
2941 4743 3028 4814 jus
3071 4743 3240 4798 vocati
3289 4753 3476 4799 essent
3521 4737 3810 4804 Christiani,

2235 4837 2339 4892 nisi
2366 4854 2394 4891 a
2422 4838 2590 4891 sacris
2618 4837 2730 4891 suis
2750 4835 3110 4902 discederent,
3140 4853 3475 4908 nequaquam
3503 4835 3813 4891 dimitteren-

2235 4939 2321 4984 tur
2352 4927 2689 5002 (Euschium,
2726 4921 2859 4984 Hist.
2891 4930 3092 5004 θεείῳ..
3121 4930 3213 4984 lib.
3249 4929 3310 4984 V.
3339 4945 3389 4984 c.
3416 4929 3509 4984 2|.
3536 4929 3660 4984 edit.
3685 4925 3811 4980 Rea-

2237 5022 2408 5092 ding..
2453 5037 2506 5092 p.
2552 5021 2743 5093 240.);
2804 5023 2956 5092 cujus
3003 5022 3079 5077 rei
3117 5030 3306 5077 testem
3350 5021 3608 5078 habemus
3652 5020 3810 5090 ipsum

2239 5111 2641 5180 Tertulliauum,
2663 5116 2775 5186 qui,
2798 5113 3008 5169 eambh
3053 5130 3291 5180 causam,
3314 5115 3380 5171 de
3406 5125 3550 5172 recte
3571 5117 3810 5183 interpre-

2241 5207 2413 5261 tandis
2441 5207 2522 5261 his
2549 5207 2754 5278 legibus
2784 5223 2849 5262 ex
2876 5208 3121 5262 instituto
3146 5208 3399 5264 adversus
3425 5224 3519 5265 eos
3540 5203 3809 5277 diSputavit

2238 5298 2316 5371 (In
2336 5300 2576 5370 Apolog.,
2597 5315 2644 5354 c.
2666 5301 2720 5355 ιι.
2741 5299 2886 5374 seq.)
2908 5306 3080 5371 Atque
3097 5301 3250 5356 istam
3271 5301 3480 5372 quidem
3495 5300 3806 5357 Christianos

2235 5393 2462 5447 vexandi
2508 5393 2844 5461 occasionem
2889 5408 2954 5448 eo
3013 5393 3264 5450 libentius
3308 5393 3632 5464 arripiebant
3672 5403 3805 5460 qua:-

2234 5488 2400 5542 SIllOSI
2455 5487 2748 5552 Praesides,
2790 5503 2897 5557 quo
2930 5489 3128 5544 certius
3157 5503 3276 5545 eam
3304 5489 3546 5544 viderent
3572 5485 3696 5541 ﬁsco
3717 5495 3805 5538 suo

2236 5579 2373 5634 haud
2403 5581 2652 5648 exiguum
2698 5581 3116 5636 etnolumentum
3162 5598 3282 5638 esse
3326 5581 3621 5638 allaturum.
3664 5571 3804 5644 Quod

2233 5689 2320 5728 tne
2365 5688 2471 5726 non
2527 5673 2768 5728 tinxisse,
2792 5674 2906 5728 scio
2948 5689 3014 5728 ex
3064 5673 3246 5728 Rutilii
3288 5674 3531 5745 Martyris
3576 5665 3804 5737 exemplo

2234 5763 2414 5836 (Apud
2463 5762 2726 5831 Tertull.,
2761 5764 2822 5818 de
2872 5763 3021 5836 Fuga
3074 5767 3125 5820 in
3171 5768 3536 5840 persecutione,
3583 5777 3696 5832 cap.
3753 5757 3804 5811 5.

2231 5871 2286 5930 p.
2317 5855 2442 5916 693.
2471 5855 2578 5930 Α.)
2603 5900 2616 5924 ,
2646 5871 2804 5928 quem
2851 5862 3096 5930 suspicor
3117 5871 3326 5932 raptum
3353 5871 3473 5915 esse
3496 5859 3545 5914 in
3567 5852 3805 5929 judicium
