4084 6344
283 311 401 369 105

1237 313 1323 369 AC
1363 306 1701 370 DOC'I‘RIN:\
1741 305 2172 370 SCRIPTORUM
2213 309 2696 371 TERTULI.I.\NI.

3511 314 3616 372 106

285 442 419 484 cum
466 426 702 484 nondum
759 426 958 494 Severi,
989 423 1084 483 sed
1127 429 1360 500 antiquis
1410 427 1618 499 legibus
1643 427 1902 499 judicium
1931 430 1984 489 Α
2011 439 2114 483 est.
2148 428 2244 484 Hic
2284 444 2406 484 cum
2442 430 2616 486 Severi
2656 429 2820 486 duces
2860 429 2928 486 Α.
2961 409 3190 487 CXCIV.
3233 446 3449 487 manum
3494 447 3618 489 cum

289 525 457 583 Iieret
481 524 584 597 (I).
619 523 708 581 Eo
745 525 888 580 enim
924 520 1328 580 adducebantur
1375 523 1528 579 multi
1565 522 1901 579 Christiano-

287 632 449 687 rum,
480 618 572 690 qui
601 617 794 688 Opibus
822 616 1053 688 vitaeque
1078 631 1188 672 sua:
1215 617 1494 679 timebant.
1527 626 1605 682 ut,
1635 613 1777 686 quod
1802 614 1902 669 alia

286 712 582 769 declinare
603 712 684 768 via
711 725 818 768 non
843 720 1110 782 poterant,
1136 709 1454 781 periculum,
1477 709 1653 764 oblata
1677 707 1904 780 pecunia

285 814 744 862 averruncareut.
790 806 935 872 Quas
956 804 1176 859 sa-vitia:
1198 802 1492 859 Praesidium
1512 802 1758 873 vulgique
1779 815 1906 854 cau-

286 914 387 955 sas
435 900 482 954 si
529 910 705 954 mente
743 897 1184 969 complectimur;
1235 897 1336 952 erit
1377 912 1531 964 sane,
1574 906 1630 948 ut
1673 894 1908 949 sciamus

289 1000 540 1064 tempus,
587 1007 694 1062 quo
742 1002 858 1046 orla
906 1000 989 1047 est
1013 988 1129 1045 haec
1156 989 1304 1060 prior
1329 996 1640 1057 tempestas,
1669 984 1903 1056 quando,

289 1100 408 1156 quo
440 1099 585 1139 anno
613 1082 728 1139 hare
755 1082 998 1154 speciosa
1041 1081 1377 1137 Christianos
1421 1065 1648 1136 ltedendi
1694 1078 1908 1134 occasio

291 1177 570 1242 extiterit,
600 1176 1107 1233 demonstravimus.

374 1271 405 1345 ᾖ
454 1270 513 1327 8.
553 1301 626 1315 -—
673 1270 889 1325 Initium
934 1270 1214 1325 uexationis
1262 1267 1540 1324 Christian.
1565 1283 1629 1324 ea:
1653 1283 1789 1321 anno
1811 1281 1912 1334 quo

293 1366 460 1438 periit
510 1364 723 1419 Albinus
763 1363 1164 1431 demonstratur,
1203 1363 1337 1417 hunc
1376 1378 1492 1416 vero
1534 1380 1586 1416 (ι.
1630 1358 1908 1416 CXCVII.

290 1461 627 1530 interfectum
663 1475 767 1513 esse
796 1457 1043 1529 probatur
1092 1458 1256 1527 primo
1300 1472 1363 1510 ea:
1404 1455 1583 1509 ordine
1608 1455 1746 1519 belli,
1774 1453 1912 1525 quod

294 1551 531 1608 Set-erus
575 1567 688 1605 eum
718 1549 1004 1605 Pescennio
1049 1548 1218 1621 Nigro
1248 1550 1424 1619 gessit.
1467 1547 1642 1603 Obiter
1676 1548 1912 1619 quietiam

294 1654 443 1700 noue
458 1645 514 1700 in
529 1644 744 1698 nummis
763 1642 938 1702 Severi
955 1643 1297 1714 explicantur,
1319 1652 1366 1698 et
1393 1640 1668 1699 Mosltemii
1693 1643 1915 1697 rationes

296 1737 669 1792 emendantur.

2013 518 2165 591 Nigri
2215 522 2475 578 militibus
2525 523 2963 590 conseruis<ent,
3009 523 3150 594 apud
3176 523 3416 595 Cyzicum
3455 539 3614 594 supe-

2011 614 2182 669 riores
2237 615 2470 670 fuerunt.
2525 615 2727 671 Eadem
2786 616 2995 672 fortuna
3047 619 3124 672 usi
3172 627 3298 674 sunt
3341 635 3483 674 anno
3522 635 3613 676 se-

2009 709 2226 778 quenti,
2273 723 2394 764 cum
2429 720 2716 781 pugnatum
2745 719 2888 765 esset
2931 710 2983 765 in
3015 709 3208 767 Nicara:
3244 729 3305 766 ac
3326 711 3403 768 Cii
3442 728 3612 783 angu-

2012 801 2150 854 stiis.
2177 800 2492 869 Postremo,
2524 817 2668 856 anno
2712 802 2823 858 fere
2863 801 3090 859 CXCVI.
3135 820 3257 859 cum
3313 805 3613 874 Seueriani,

2012 909 2138 948 casu
2169 894 2401 950 Castello
2445 895 2498 950 in
2529 895 2705 949 'I‘anro
2736 906 3018 964 occupato,
3049 897 3100 950 in
3125 894 3361 952 Ciliciam
3392 899 3616 968 irrupis-

2012 995 2166 1054 sent,
2200 989 2433 1044 vincitur
2466 986 2619 1059 Nigri
2659 988 2929 1042 exercitus
2967 988 3104 1058 apud
3155 988 3343 1044 Portus
3373 989 3618 1057 Cilicias,

2014 1094 2190 1152 neque
2221 1081 2294 1136 ita
2327 1081 2492 1135 multo
2516 1092 2636 1152 post
2667 1081 2780 1152 ipse
2808 1079 3112 1136 Pescennius
3141 1083 3476 1138 interlicitnr.
3505 1083 3617 1139 Sed

2013 1172 2102 1229 hic
2129 1189 2229 1244 ego
2253 1174 2513 1245 quosdam
2568 1173 2854 1228 miraturos
2893 1175 3158 1242 suspicor,
3193 1173 3319 1244 quid
3353 1175 3441 1240 sit,
3473 1175 3617 1245 quod

2015 1282 2103 1322 me
2146 1267 2495 1323 con-moverit
2521 1307 2536 1331 ,
2567 1275 2626 1321 ut
2666 1265 2902 1320 calculos
2943 1265 3030 1320 hic
3075 1265 3232 1336 plane
3272 1265 3518 1321 diversos
3547 1262 3617 1321 ab

2016 1359 2136 1415 aliis
2181 1373 2471 1429 ponerem,
2501 1374 2620 1412 cum
2651 1357 2755 1412 sint
2777 1399 2790 1422 ,
2819 1357 2907 1428 qui
2943 1356 3180 1412 ultimam
3211 1357 3350 1413 hanc
3390 1372 3622 1429 pugnam

2018 1453 2083 1508 Λ.
2135 1451 2194 1507 Ρ.
2243 1451 2304 1506 C.
2349 1450 2414 1506 N.
2461 1451 2688 1507 CXCIV.
2742 1450 2935 1506 factam
2989 1451 3331 1517 existiment,
3367 1451 3622 1507 universi.

2016 1545 2186 1614 Quam
2215 1545 2284 1600 ob
2315 1560 2426 1600 rem
2460 1560 2579 1599 mea
2625 1544 2830 1599 referre
2861 1554 3006 1614 putt),
3040 1556 3094 1599 ut
3123 1554 3264 1600 recta
3306 1555 3621 1616 argumenta

2020 1638 2403 1711 producantur,
2435 1638 2629 1710 quibus
2669 1638 2842 1694 evinci
2891 1639 3088 1710 possit,
3119 1642 3355 1695 rationes
3393 1657 3422 1694 a
3468 1640 3623 1697 nobis

2019 1734 2316 1790 rectissime
2368 1733 2532 1789 fuisse
2573 1732 2882 1788 subductas.
2936 1733 3173 1788 Primum
3228 1734 3389 1805 igitur
3432 1734 3625 1790 vellem

387 1827 471 1884 Ad
504 1826 643 1883 hunc
676 1842 805 1883 vero
833 1825 1265 1899 investigandum
1290 1826 1518 1898 primtun
1548 1825 1677 1896 ipsis
1701 1834 1914 1880 utamur
1943 1801 1992 1861 Β
2021 1827 2296 1884 observari
2327 1841 2622 1898 cognomen
2665 1825 3006 1897 Imperatoris
3051 1827 3138 1883 III.
3171 1801 3271 1883 Iv:
3291 1829 3355 1884 V.
3393 1829 3478 1883 VI.
3508 1829 3616 1885 VII.

295 1920 416 1988 his,
444 1935 583 1992 quas
628 1921 1082 1987 ennmeravimus,
1125 1919 1492 1973 calamitatum
1527 1917 1753 1973 caussis.
1784 1915 1916 1971 Illud

299 2015 481 2079 enim,
511 2012 652 2084 quod
675 2013 828 2084 quasi
852 2028 1010 2067 ansas
1039 2012 1196 2083 vulgo
1216 2011 1378 2066 dabat
1404 2010 1468 2065 ad
1498 2008 1911 2081 impugnandam

298 2105 740 2162 Christianorum
771 2103 1027 2160 familiam
1048 2147 1064 2173 ,
1091 2115 1207 2160 erat
1230 2102 1405 2159 Severi
1426 2102 1660 2158 stndiunt
1691 2101 1914 2172 conqui-

299 2201 468 2258 rendi
500 2214 687 2256 omnes
712 2214 828 2267 eos,
852 2215 987 2271 quos
1007 2214 1130 2254 cum
1154 2196 1320 2269 Nigro
1343 2205 1434 2252 aut
1451 2195 1634 2250 Albino
1661 2194 1920 2251 adversus

306 2310 377 2350 se
397 2295 615 2350 stetisse
627 2302 981 2362 compererat.
1001 2290 1152 2358 Quod
1173 2291 1423 2362 quoniam
1447 2289 1643 2345 factum
1657 2296 1917 2356 est,cum,

303 2387 505 2441 Albino
535 2384 820 2454 exstincto,
865 2386 1090 2441 Romam
1117 2388 1288 2440 victor
1315 2382 1564 2438 rediisset
1614 2383 1750 2456 (tum
1778 2381 1922 2438 enim

304 2479 632 2553 graviSsima
679 2479 733 2535 in
773 2495 870 2536 eos
913 2479 1172 2550 supplicia
1223 2477 1499 2534 constituit
1529 2473 1626 2550 [V.
1661 2477 1920 2544 Dionem,

307 2576 361 2630 ι.
396 2571 614 2630 LXXV.
642 2575 750 2630 c.7.
777 2589 830 2645 p.
860 2571 1020 2629 1262.
1044 2572 1108 2629 D.
1131 2570 1511 2635 Herodianttm,
1532 2571 1569 2626 l.
1591 2568 1680 2627 III.
1710 2586 1759 2627 c.
1792 2569 1846 2626 8.
1872 2579 1928 2626 et

319 2666 688 2738 Spartianutn,
708 2666 762 2721 in
785 2665 1009 2734 Severo,
1031 2679 1084 2720 c.
1116 2663 1201 2720 12.
1226 2661 1366 2738 15])
1389 2679 1566 2735 opera:
1589 2663 1819 2734 pretium
1844 2671 1928 2719 est

322 2758 544 2824 videre,
569 2774 794 2831 quonam
821 2774 963 2813 anno
988 2757 1202 2812 Albinus
1229 2773 1350 2812 cum
1383 2755 1492 2814 vita
1518 2756 1802 2825 imperium
1833 2754 1928 2812 de-

312 2855 584 2926 posuerit.
638 2857 810 2925 Atque
864 2853 917 2908 in
979 2853 1082 2908 isto
1126 2848 1432 2907 deﬁniendo
1495 2859 1699 2904 tantum
1746 2863 1928 2920 operze

313 2963 577 3019 Curaeque
594 2947 704 3019 jam
732 2950 965 3019 positum
995 2959 1116 3001 esse
1148 2942 1392 2999 videmus
1429 2957 1457 2996 a
1501 2941 1786 2997 Mosliemio
1839 2940 1928 3010 (in

316 3043 461 3100 diss.
491 3042 697 3098 laudata
739 3040 910 3114 §XX.
946 3038 1145 3111 seqq),
1171 3047 1229 3094 ιιι
1257 3053 1393 3108 pene
1427 3036 1512 3092 isti
1543 3035 1710 3092 labori
1743 3050 1927 3106 posse-

316 3150 447 3193 mus
485 3133 838 3205 supersedere
859 3176 874 3198 ,
905 3133 1005 3188 nisi
1035 3130 1281 3204 quaedam
1319 3139 1502 3186 essent
1547 3129 1598 3182 in
1642 3135 1890 3199 promptu
1911 3168 1927 3195 ,

2028 1921 2168 1978 VIII.
2198 1921 2341 1993 quod
2363 1922 2546 1977 datum
2580 1937 2701 1977 esse
2728 1920 2914 1976 Severo
2943 1923 2995 1976 in
3025 1923 3259 1977 nummis
3285 1923 3627 1993 perspicitur.

2027 2016 2142 2073 Hoc
2173 2033 2294 2073 eum
2342 2025 2658 2072 ex0ruatum
2690 2031 2910 2072 necesse
2944 2025 3027 2072 est
3058 2016 3192 2071 intra
3224 2026 3455 2087 tempus,
3484 2016 3629 2086 quod

2023 2110 2092 2168 ab
2119 2110 2342 2166 exordio
2375 2109 2583 2180 imperii
2615 2108 2732 2180 ejus
2781 2107 2990 2164 eﬂlnxit
3032 2108 3101 2162 ad
3147 2107 3306 2175 illud,
3336 2123 3442 2180 quo
3472 2123 3631 2178 supe-

2024 2205 2164 2262 ravit
2207 2203 2477 2270 Albinum,
2521 2203 2645 2273 quia
2690 2217 2812 2257 eum
2868 2202 3124 2273 legimus,
3167 2217 3290 2256 cum
3339 2202 3625 2272 imperium

2027 2297 2366 2367 susciperet,
2409 2296 2463 2350 in
2495 2295 2726 2350 nummis
2771 2293 3157 2364 Imperatorem
3203 2294 3263 2348 ll.
3295 2294 3450 2363 (Vide
3479 2295 3628 2351 Vail-

2027 2389 2178 2446 lantii
2212 2390 2530 2444 munismata
2557 2387 2731 2458 lmpp.
2760 2387 2922 2444 Rom.
2952 2388 3106 2444 Tom.
3138 2388 3202 2443 ll.
3239 2389 3335 2444 Ed.
3367 2391 3420 2446 '5.
3453 2389 3628 2449 Paris.

2035 2499 2093 2556 p.
2124 2483 2301 2551 258.).
2325 2484 2468 2539 victo
2493 2493 2671 2539 autem
2690 2482 2893 2549 Albino,
2922 2482 3303 2554 Imperatorem
3332 2483 3421 2539 IX.
3449 2485 3632 2556 appel-

2031 2576 2219 2633 latum.
2249 2576 2425 2648 (Apud
2449 2575 2847 2631 Mcdiobarbum
2877 2576 2927 2632 in
2966 2575 3140 2647 lmpp.
3176 2577 3333 2633 Rom.
3368 2579 3625 2634 numism.

2030 2669 2096 2724 ad
2122 2667 2322 2725 2.197.
2357 2667 2455 2724 Ed.
2479 2666 2693 2724 Mediol.
2720 2667 2880 2725 1750.
2914 2683 2966 2738 p.
2994 2667 3150 2742 271.)
3183 2669 3487 2735 Enimvero,
3511 2685 3632 2726 cum

2031 2763 2248 2820 nomine
2276 2761 2628 2834 Imperatoris,
2648 2761 2788 2833 quod
2813 2763 3053 2818 numeris
3075 2761 3385 2818 distinctum
3410 2764 3462 2817 in
3486 2776 3636 2819 num-

2031 2856 2136 2913 mis
2184 2855 2473 2927 reperitur.
2517 2863 2632 2910 tum
2685 2854 3050 2910 Romanorum
3105 2857 3326 2926 Augusti
3379 2859 3630 2911 exornati

2040 2947 2263 3014 fuerint,
2291 2963 2412 3004 cum
2445 2947 2571 3019 quid
2601 2947 2653 3003 in
2683 2947 2822 3003 bello
2847 2962 2915 3004 eo
2939 2948 3156 3003 nomine
3182 2947 3636 3019 dignum.gessis-

2032 3054 2154 3100 sent
2196 3042 2216 3114 (
2240 3041 2309 3098 de
2332 3057 2393 3098 ea
2420 3058 2478 3098 re
2501 3040 2568 3099 ν.
2600 3039 2782 3097 Dionis
2803 3039 2973 3097 Cassii
3026 3041 3176 3096 Rom.
3205 3041 3366 3109 His!.,
3399 3042 3492 3098 lib.
3518 3041 3636 3098 XL.

2033 3149 2085 3192 c.
2112 3134 2203 3191 44.
2225 3150 2280 3205 p.
2313 3133 2468 3206 572.)
2499 3151 2511 3188 :
2540 3135 2670 3206 age!
2723 3133 3026 3202 videamus,
3054 3149 3161 3206 quo
3193 3136 3534 3192 referendum
3568 3138 3638 3193 sit

316 3243 447 3300 qua:
472 3227 576 3283 dici
605 3241 760 3297 posse
799 3233 994 3306 contra.
1023 3223 1358 3280 viderentur.
1387 3221 1572 3292 Itaque
1604 3235 1726 3276 cum
1755 3218 1842 3276 hic
1871 3235 1931 3276 se
1956 3197 2001 3258 (ἶ
2035 3226 2138 3283 hoc
2183 3227 2323 3282 intra
2353 3226 2483 3282 illud
2526 3236 2738 3297 tempus
2785 3228 2964 3283 sexies
3009 3229 3289 3299 repetitum
3335 3245 3636 3300 cognomen

316 3321 521 3378 oﬂ’erat
563 3320 776 3377 occasio
818 3319 871 3375 in
915 3318 1300 3374 dubitationem
1350 3314 1576 3372 vocandi
1621 3313 1929 3386 opinionem

321 3413 622 3486 quiamdam
671 3412 1026 3485 popularem,
1067 3421 1228 3482 atque
1269 3410 1383 3481 ipsa
1428 3424 1518 3467 res
1563 3409 1832 3480 postulet,
1876 3415 1934 3464 ut

321 3507 496 3579 paqu
546 3504 702 3560 aliter
771 3505 1009 3560 rationes
1071 3502 1439 3558 subducantur
1488 3518 1503 3556 :
1559 3511 1770 3558 servato
1818 3501 1934 3571 ipso

322 3607 768 3671 argumentorum
797 3611 1014 3669 genere,
1047 3595 1188 3665 quod
1214 3593 1512 3650 adhibitum
1540 3604 1622 3649 est
1649 3610 1677 3647 a
1723 3608 1934 3649 summo

327 3694 492 3759 viro,
547 3690 775 3747 candide
813 3689 1207 3760 disputabimus
1244 3704 1365 3760 quin
1411 3695 1770 3744 consentanea
1812 3696 1937 3742 sunt

325 3784 556 3841 veritati
599 3784 736 3854 ipsi,
764 3792 818 3840 et
860 3798 1091 3854 quanam
1141 3782 1196 3837 In
1243 3795 1303 3838 re
1350 3781 1643 3837 sentiamus
1687 3779 1934 3848 diversa,

263 3941 266 3944 _
325 3878 488 3934 salva
537 3877 732 3948 pietate
763 3877 815 3931 in
860 3885 1065 3932 tantum
1108 3876 1319 3943 virum,
1347 3875 1501 3945 cujus
1548 3889 1742 3930 nomen
1784 3873 1938 3930 nobis

326 3973 501 4028 etiam
549 3983 630 4027 est
676 3979 795 4041 post
839 3979 1067 4027 mortem
1117 3969 1454 4041 venerabile,
1480 3967 1684 4039 adjecta
1725 3968 1936 4025 dissen-

326 4062 512 4120 tiendi
563 4064 774 4118 ratione
822 4061 959 4117 infra
1008 4061 1335 4117 netabimus.
1369 4057 1502 4116 Cum
1545 4061 1612 4115 ad
1659 4061 1938 4131 imperium

327 4156 588 4212 venisset
622 4155 862 4222 Severus,
911 4154 1221 4226 videretque
1255 4154 1591 4210 Pescennium
1631 4153 1852 4227 Nigrum
1884 4156 1936 4210 in

325 4247 497 4321 Syria
527 4248 710 4319 copias
739 4262 931 4320 parare
953 4290 968 4316 ,
1000 4249 1193 4319 quibus
1235 4261 1294 4304 se
1337 4247 1438 4303 sibi
1470 4259 1796 4319 opponeret,
1829 4247 1939 4318 pri-

328 4355 535 4404 mum,
579 4356 649 4397 ne
694 4356 759 4396 ex
816 4349 1042 4410 utraque
1091 4348 1240 4411 parte
1292 4353 1644 4411 premeretur,
1701 4340 1941 4396 Albinum

330 4432 646 4490 Britannici
694 4432 969 4489 exercitus
997 4431 1187 4487 ducem
1234 4431 1378 4498 fecit,
1404 4432 1562 4503 eique
1598 4442 1651 4488 et
1693 4447 1944 4489 nummos

2036 3318 2395 3390 Imperatoris.
2440 3317 2645 3391 Nempe
2693 3319 2743 3374 in
2777 3319 2880 3376 isto
2926 3321 3182 3390 temporis
3228 3323 3401 3391 spatio
3443 3331 3524 3377 ter
3559 3323 3639 3378 Ie-

2038 3411 2218 3483 gimns
2277 3410 2520 3467 Severum
2565 3428 2591 3465 a
2627 3409 2783 3482 Nigri
2824 3411 3080 3468 militibus
3120 3411 3397 3472 victoriam
3450 3428 3640 3484 repor,

2038 3511 2200 3571 tasse,
2235 3513 2450 3572 tresque
2485 3513 2672 3574 gentes
2699 3503 3061 3560 Osroenorum
3084 3545 3098 3570 ,
3143 3503 3540 3560 Adiabenorum
3586 3514 3642 3560 et

2039 3597 2274 3652 Arabum
2309 3594 2606 3663 subiecisse
2633 3594 2996 3651 Romanorum
3022 3597 3289 3667 potestati.
3322 3596 3485 3668 Igitur
3510 3611 3635 3652 cum

2042 3686 2162 3751 lios,
2211 3687 2322 3758 jam
2373 3687 2584 3742 devicto
2635 3685 2953 3750 Pescennio,
2995 3688 3298 3759 subegerit,
3341 3690 3639 3745 referamus

2040 3794 2341 3852 cognomen
2388 3777 2724 3851 Imperatoris
2769 3779 2852 3835 Vl.
2891 3779 3004 3836 VII.
3041 3781 3173 3837 VIII.
3211 3783 3275 3837 ad
3322 3784 3489 3839 victos
3538 3783 3640 3840 hos

2040 3871 2266 3944 populos
2317 3871 2422 3946 (l),
2478 3885 2542 3927 ac
2609 3885 2804 3928 nomen
2872 3870 3207 3944 Imperatoris
3260 3873 3348 3929 Ill.
3420 3886 3639 3947 propter

2039 3965 2286 4037 pra-lium
2332 3964 2685 4036 Cyzicenum,
2731 3963 2820 4021 IV.
2851 3964 2922 4020 ob
2961 3981 3188 4036 pugnam
3241 3969 3293 4022 In
3339 3965 3530 4023 Nicaea:
3576 3983 3641 4022 ac

2040 4057 2121 4114 Cii
2169 4059 2462 4130 angustiis,
2496 4058 2559 4112 V.
2607 4057 2839 4130 denique
2876 4059 2946 4114 ob
2993 4058 3214 4131 Nigrum
3266 4061 3408 4132 apud
3452 4062 3644 4118 Portas

2042 4150 2259 4207 Cilicias
2301 4159 2654 4220 prostratum,
2686 4149 2875 4205 Severo
2903 4151 3178 4207 decretum
3221 4168 3341 4208 esse
3372 4151 3636 4210 dicamus.

2046 4245 2165 4302 Iam
2195 4244 2566 4316 dispiciamus,
2597 4243 2686 4298 cui
2727 4244 2942 4300 tandem
2975 4246 3199 4304 numero
3225 4246 3364 4301 Trib.
3394 4247 3512 4302 Pot.
3541 4252 3640 4304 ad-

2041 4340 2295 4411 jiciantur
2323 4340 2547 4410 singulze
2597 4339 2829 4395 nominis
2872 4338 3205 4410 Imperatorii
3245 4351 3387 4396 notae
3419 4362 3432 4397 ;
3471 4359 3633 4415 nam,

2044 4433 2090 4490 si
2117 4449 2237 4488 eum
2267 4432 2696 4503 cognoverimus,
2724 4441 2914 4505 sponte
2944 4448 3004 4488 se
3030 4433 3214 4491 oll‘eret
3247 4434 3290 4489 is
3328 4424 3525 4503 annus,
3553 4441 3640 4495 cui

329 4525 620 4592 decrevit,
652 4535 708 4580 et
729 4523 830 4579 alia
863 4521 1087 4579 honoris
1117 4535 1480 4580 monumenta.
1521 4524 1768 4606 Posthac,
1804 4526 1942 4582 lecto
1970 4563 2023 4623 υ
2047 4527 2249 4601 quaevis
2267 4541 2438 4598 pugna
2454 4525 2771 4596 assignanda
2792 4536 2874 4582 est
2895 4524 3163 4598 (‘2).Atqui
3183 4543 3478 4600 cognomen
3503 4530 3638 4602 Imp.

330 4635 447 4694 per
488 4617 694 4674 Italiam
726 4618 898 4673 milite
939 4625 993 4673 et
1039 4617 1211 4672 classe
1256 4626 1510 4672 exornata
1536 4658 1552 4686 ,
1601 4603 1784 4688 elapso
1830 4617 1944 4674 fere

333 4727 538 4770 mense
564 4709 722 4766 Iunio
747 4709 827 4780 (2)
863 4717 924 4764 lt.
954 4707 1179 4765 CXCIII.
1208 4720 1394 4765 contra
1425 4708 1650 4782 Nigrum
1679 4712 1947 4781 proicetus

404 4802 486 4866 (1)
519 4800 710 4866 Nempe
733 4800 814 4850 hic
839 4799 965 4866 liber
986 4799 1200 4866 scriptus
1233 4807 1306 4849 est
1344 4813 1405 4850 eo
1429 4808 1654 4866 tempore
1673 4839 1686 4862 ,
1714 4814 1946 4866 quo_gra-

335 4862 516 4916 viores
537 4862 838 4913 calamitates
880 4862 1167 4924 Christianis
1219 4862 1548 4924 eirpectandze
1576 4862 1781 4912 erant‘a
1813 4864 1948 4914 Deo-

335 4941 460 4978 rum
482 4925 753 4976 cultoribus
789 4923 929 4989 (Coll.
955 4939 1063 4988 cap.
1097 4925 1162 4988 I.)
1187 4925 1237 4974 b.
1265 4923 1311 4974 e7.
1338 4931 1394 4989 ut
1418 4931 1586 4989 postea
1608 4928 1818 4989 dicetur,
1840 4939 1949 4976 cum

337 4991 568 5041 edictuin
590 4989 763 5038 Severi
786 4987 836 5038 in
865 4987 1029 5051 lucem
1049 4987 1675 5051 prodiissct,4tiniercntque
1697 4987 1952 5051 Christiani

336 5054 410 5102 de
450 5053 716 5102 securitate
754 5064 863 5100 sua.
896 5049 998 5098 Sed
1036 5051 1178 5098 istum
1217 5049 1439 5099 libellum
1477 5049 1955 5100 cum"I't-rtullianus

338 5121 698 5176 eonqmueret,
740 5114 843 5174 jam
887 5112 1150 5176 trucidatus
1192 5121 1301 5162 erat
1338 5111 1574 5172 Itutilius,
1621 5113 1704 5175 qui
1749 5115 1954 5175 primum

336 5173 614 5240 aliquoties
633 5173 842 5226 salutem
881 5175 1090 5240 petierat
1128 5173 1240 5238 fuga
1261 5210 1276 5236 ,
1303 5182 1470 5240 postea
1500 5173 1706 5240 numinis
1737 5173 1830 5224 s‘ibi
1868 5190 1957 5240 pa-

337 5235 465 5291 cari)
487 5245 852 5298 conum-averrit
866 5235 896 5297 ,⁷
907 5238 998 5285 sed
1020 5235 1374 5302 denuo'eaptus
1397 5235 1455 5285 ad
1478 5236 1765 5302 supplicium
1791 5235 1956 5302 rediit.

339 5302 499 5362 Quod
533 5314 655 5360 ergo
676 5313 888 5350 necesse
916 5307 992 5349 est
1022 5298 1200 5349 factum
1233 5298 1346 5350 esse
1377 5305 1493 5362 ante
1533 5299 1742 5361 iniquam
1781 5301 1960 5350 Severi

337 5359 556 5426 legem,
597 5370 647 5412 et
685 5376 863 5426 novum
909 5362 989 5411 dat
1025 5370 1369 5425 argumentum
1410 5359 1519 5426 ejus
1540 5359 1684 5426 quod
1720 5363 1960 5422 diximus,

342 5424 660 5480 Christianos
679 5427 772 5475 sub
795 5424 990 5476 Severo
1011 5424 1126 5476 ante
1167 5438 1276 5474 eam
1313 5425 1490 5485 capitis
1521 5424 1774 5485 damnatos
1796 5426 1960 5475 luisse.

417 5488 498 5552 (2)
532 5487 752 5552 Namque
773 5488 1054 5552 incipiente
1089 5487 1236 5538 Iunio
1259 5488 1318 5552 ᾼ.
1343 5484 1550 5552 CXCIII.
1590 5484 1790 5552 Romam
1805 5487 1963 5538 Seve-

821 5547 1729 5624 lg‘ﬂgflllndies_‘LXVl..gtI9s
1760 5551 1966 5624 impetit)

349 5610 688 5664 Didiiluliani
708 5610 954 5674 Dio'llib.
1002 5611 1216 5663 LXXIII.
1257 5626 1301 5662 c.
1329 5610 1439 5670 ult.,
1481 5625 1527 5673 μ.
1575 5610 1754 5674 1:30.),
1781 5610 1861 5662 aut
1901 5612 1964 5662 II.

348 5688 569 5746 nienses
588 5689 644 5724 ac
663 5676 712 5726 5.
749 5673 886 5735 dies,
913 5687 1049 5748 quos.
1072 5677 1122 5748 ei
1156 5677 1442 5784 SJpartianns
1471 5675 1538 5784 ‘in
1570 5673 1795 5747 Iuliano,
1823 5690 1866 5724 c.
1892 5677 1961 5740 9.]

351 5741 554 5784 tribuit.
583 5750 917 5784 numeremus.
957 5751 1170 5784 tnctmen
1205 5750 1235 5784 ο
1271 5737 1374 5784 aV.
1399 5735 1468 5784 Ka
1493 5737 1607 5784 end.
1635 5737 1814 5784 anrtlts.
1840 5738 1889 5784 h.
1919 5753 1961 5784 te.

351 5735 1235 5810 tritum,opiner-emus'ipcipiendo
1271 5737 1374 5810 aV.
1399 5735 1607 5810 Kalend.
1635 5737 1814 5810 aprilis,
1840 5735 1965 5810 h._e'.

353 5798 589 5863 XXVIII.
614 5799 788 5863 blartii,
811 5813 922 5863 quo
941 5799 1023 5863 die
1059 5798 1375 5863 interfectum
1394 5813 1509 5850 esse
1537 5798 1844 5863 I’ertinacem
1884 5801 1971 5850 Ju-
2022 5807 2028 5812 '

354 5865 443 5930 ius
465 5861 768 5926 Capitolinus
783 5861 856 5926 (in
882 5862 979 5911 vita
1005 5862 1300 5921 Pertinacis,
1321 5876 1367 5912 c.
1395 5863 1488 5928 I5.)
1518 5861 1694 5916 refert.
1721 5865 1958 5930 Apparet,

863 5949 1301 6012 Temenum
1341 5947 1392 6012 I.

2049 4683 2165 4750 Inde
2189 4695 2286 4733 non
2303 4683 2481 4750 minus,
2507 4681 2749 4732 Severum
2772 4682 2882 4750 fere
2904 4683 2996 4750 die
3009 4683 3158 4750 Junii
3173 4685 3221 4735 2.
3245 4689 3420 4750 summi
3445 4687 3648 4750 Imperii

2052 4747 2245 4797 clavum
2267 4747 2553 4807 sumpsisse,
2580 4758 2641 4795 ex
2668 4759 2767 4808 quo
2797 4745 2880 4794 die
2903 4747 3219 4796 deducendos
3241 4748 3383 4797 simul
3401 4745 3648 4802 esse"l‘ri-

2051 4809 2252 4878 bunitiaa
2297 4808 2556 4878 potestatis
2592 4809 2828 4878 terminos
2866 4821 2960 4857 non
2989 4809 3365 4878 demonstrabo
3393 4811 3610 4878 [,luribus
3635 4854 3650 4878 ,

2051 4870 2370 4936 quoniam'id
2414 4870 2610 4936 quidem
2647 4870 3050 4936 facerememini
3097 4870 3147 4921 C.
3191 4872 3247 4922 G.
3290 4870 3651 4936 SCIIIVGI‘ZIIIIII,

2054 4932 2470 4993 elegantissimum
2511 4932 2692 4990 virum,
2726 4932 2775 4982 iu
2820 4933 2932 4983 diss.
2976 4933 3038 4982 de
3072 4935 3371 4984 numeranda
3407 4932 3658 4990 tribunilia

2053 4999 2280 5060 potestate
2325 4997 2647 5060 .tuguslorum
2675 4995 3026 5060 Caesarumque
3077 4997 3210 5045 Rom.
3252 4996 3369 5047 Obs.
3411 4998 3493 5048 IV.
3533 5002 3654 5060 Quae

2055 5071 2166 5122 eum
2205 5057 2268 5105 ita
2305 5057 2438 5122 siut',
2477 5057 2605 5106 haud
2642 5057 2903 5122 obscurum
2943 5057 3020 5107 est
3059 5064 3277 5121 tempus,
3303 5074 3402 5122 quo
3436 5057 3659 5114 Severus

2057 5117 2209 5168 Roma
2236 5117 2485 5182 profectus
2509 5127 2604 5175 est,
2627 5121 2666 5169 si
2701 5120 2898 5182 quidem
2919 5125 3060 5169 recte
3085 5117 3483 5174 coriuuembravit
3507 5125 3659 5182 Spar-

2059 5182 2221 5233 tianus
2243 5180 2312 5244 (in
2339 5182 2431 5231 vita
2467 5180 2662 5251 Severi,
2688 5180 2738 5251 cZ_
2756 5181 2828 5248 8.)
2854 5195 2968 5232 eum
2992 5182 3192 5232 Romam
3219 5187 3341 5234 intra
3361 5184 3505 5236 XXX.
3531 5180 3659 5251 dies,

2060 5256 2204 5308 quam
2231 5242 2292 5308 eo
2315 5251 2539 5308 venerat,
2562 5242 2843 5308 reliquisse.

2125 5306 2197 5368 (l)
2233 5304 2289 5353 In
2313 5307 2520 5376 nummis
2535 5304 2911 5376 _a_Medi_ob_arbo
2927 5305 2986 5376 ad
3006 5307 3179 5376 a._l96.
3204 5311 3460 5376 excitatis,
3475 5327 3521 5376 p.
3548 5312 3662 5376 270.

2063 5367 2348 5428 Cognouien
2383 5368 2506 5430 Itup.
2535 5367 2616 5418 Vl.
2639 5377 2689 5416 et
2715 5367 2820 5430 VII.
2847 5369 3158 5430 conjungilur
3194 5385 3307 5421 cum
3329 5373 3414 5422 Tr.
3436 5367 3545 5425 I’ot.
3574 5375 3664 5426 III.

2066 5438 2120 5498 et
2135 5432 2330 5498 nomine
2355 5429 2521 5498 Pa_rth.
2543 5431 2686 5498 scab:
2717 5429 3077 5498 l‘art.h;_Adiab.
3105 5432 3313 5498 aliisque
3337 5438 3491 5498 signis
3514 5437 3667 5488 victo-

2065 5495 2166 5542 riae.
2194 5493 2387 5554 Pariter
2412 5492 2533 5554 Imp.
2572 5491 2703 5541 VIII.
2744 5506 2789 5554 p.
2829 5491 2936 5541 271.
2974 5506 3084 5543 cum
3126 5491 3322 5545 victoria
3363 5491 3592 5549 Fartliica
3618 5511 3670 5550 et

2067 5554 2237 5621 '_l‘r.rP.
2268 5553 2430 5621 [Vuae
2467 5553 2791 5621 cumiisdem,
2833 5554 3075 5621 tituloque
3113 5556 3324 5612 Aratzici.
3363 5561 3670 5621 Adiabenici,

2070 5618 2122 5682 in
2162 5616 2643 5682 inscriptioue‘apud
2661 5615 3022 5682 _h_Iu_ratt_n-iunt',
3050 5618 3100 5668 iu
3139 5633 3263 5670 novo
3299 5622 3531 5673 thesauro
3567 5615 3669 5675 vet:

2070 5677 2450 5742 inscriptu’totn.
2480 5679 2516 5729 I.
2544 5677 2590 5742 p.
2617 5677 2678 5726 21
2691 5679 2724 5726 i.
2754 5678 2953 5741 legitur.

2138 5739 2345 5804 (2)'Se_d
2361 5739 2560 5804 forsitan
2594 5739 2832 5804 quispiam
2864 5743 3080 5802 dixerit,
3106 5743 3197 5794 hos
3220 5759 3445 5797 nummos
3475 5761 3574 5799 non
3612 5761 3676 5801 eo

2077 5801 2284 5875 ereusos
2306 5801 2458 5875 fuisse
2484 5801 2728 5875 tempore,
2752 5817 2849 5875 quo
2873 5801 3092 5875 Severus
3113 5808 3266 5858 victor
3290 5823 3354 5875 ex
3372 5813 3551 5875 pugnis
3569 5826 3681 5863 cum

2072 5865 2225 5924 Nigro
2247 5865 2412 5929 rediit,
2437 5867 2527 5918 sed
2551 5865 2722 5931 pbstea
2750 5865 2978 5932 demum,
3001 5869 3258 5934 ipsumque
3292 5865 3600 5937 Spartianum
3624 5879 3676 5927 in

3012 5950 3326 6035 (Quatre.)
