4084 6344
489 346 593 405 107

1625 334 2077 399 MSSER'I‘A'I‘IO
2114 332 2206 397 DE
2242 335 2430 396 VERA
2470 335 2726 397 ΑΞΤΑΤΕ

3685 332 3793 392 108

493 457 585 517 III.
612 456 756 533 quod
783 453 1020 516 diximus
1046 454 1256 529 signum
1300 465 1422 513 esse
1468 436 1713 513 victoriae
1754 452 2084 527 Cyzicensis,
2112 453 2167 517 Δ
2191 451 2219 526 §
2242 452 2297 514 9.
2335 483 2407 499 -ι
2427 436 2668 511 Albinum
2705 453 2768 511 Δ.
2802 450 3083 513 CXCVII.
3122 451 3442 526 interfectum
3465 451 3645 525 fuisse,
3671 466 3797 524 pro.

493 554 836 624 coniunctum
864 549 1164 622 reperimus
1190 562 1312 605 cum
1349 545 1498 605 Trib.
1527 547 1648 605 Pot.
1678 545 1746 604 Il.
1789 544 1895 612 (In
1922 543 2084 600 Laur.

498 645 705 718 Bergeri
730 642 1106 712 continuatione
1134 642 1359 699 thesauri
1384 640 1842 714 Braudenburgici,
1872 658 1926 711 p.
1958 638 2084 697 690.

509 740 769 797 Vaillantii
824 739 1063 794 numism.
1120 736 1300 811 Impp.
1328 736 1481 793 Rom.
1519 736 1580 794 Τ.
1611 736 1655 793 I.
1684 755 1739 810 ρ.
1765 735 1892 791 22L
1919 734 2011 790 Ξῖ.
2042 743 2089 788 et

498 832 825 889 Mediobnrbo
842 832 920 887 nd
942 850 995 888 ιι.
1025 830 1151 889 194.
1180 849 1233 904 p.
1259 830 1438 902 269.),
1470 830 1587 886 bmc
1614 844 1740 887 vero
1761 825 2089 895 numeranda

380 951 393 964 ο
492 935 576 985 cst
616 926 682 983 ab
717 926 891 983 altero
918 924 1007 981 die
1035 923 1180 980 Junii
1219 925 1286 978 A.
1316 920 1544 979 CXCIV.
1576 921 1644 978 ad
1672 919 1921 979 eumdem
1949 918 2089 976 diem

494 1021 621 1077 anni
656 1018 928 1090 sequentis
968 1016 1139 1091 (Coll.
1164 1024 1273 1073 not.
1301 1032 1356 1087 υ.
1382 1016 1541 1088 huius
1566 1014 1801 1069 sectionis
1825 1011 2093 1068 Scltvursii

495 1112 620 1168 diss.
638 1111 784 1168 laud.
808 1110 919 1167 obs.
947 1106 1103 1182 11.);
1132 1121 1469 1180 consequens
1491 1106 1651 1179 igitur
1670 1115 1753 1163 est
1775 1147 1792 1174 ,
1824 1104 1929 1161 hoc
1956 1118 2094 1176 prae-
2110 1126 2123 1137 κ

495 1204 627 1260 lium
662 1203 894 1274 primum
920 1201 986 1257 ad
1016 1199 1366 1272 posteriorem
1410 1209 1616 1272 partem
1643 1200 1710 1256 Δ.
1744 1197 1971 1255 CXCIV.
2000 1205 2095 1253 aut

500 1300 736 1370 priorem
777 1298 846 1356 Δ.
893 1295 1097 1354 CXCV.
1144 1310 1268 1353 esse
1303 1293 1663 1352 referendum.
1716 1293 1883 1351 Porro
1934 1306 2094 1349 num-

499 1406 618 1447 mus
637 1390 777 1463 apud
808 1388 1140 1444 VaiIIantium
1170 1388 1414 1445 Severum
1439 1386 1574 1459 Imp.
1600 1384 1689 1442 IV.
1720 1384 2099 1443 Tribunitiam-

498 1501 603 1556 que
632 1478 947 1557 poteStatem
976 1480 1064 1540 III.
1089 1482 1438 1539 sustinentem
1464 1480 1717 1546 exhibet,
1748 1488 1803 1535 et
1831 1486 1957 1534 sunt
1982 1475 2097 1545 ejus

496 1578 712 1649 generis
738 1575 938 1632 nummi
963 1574 1143 1646 plures
1162 1573 1303 1644 apud
1321 1571 1705 1629 Mcdioburbum
1717 1586 1737 1638 ;
1764 1584 1895 1643 ergo
1915 1566 2098 1624 incidit

499 1670 667 1726 altera
703 1683 877 1740 pugna
913 1668 966 1724 in
1005 1666 1197 1723 Nicaea:
1226 1665 1417 1737 Ciique
1444 1663 1707 1737 angustiis
1731 1663 1785 1719 in
1809 1662 1873 1718 Δ.
1893 1658 2094 1732 CXCV.

499 1763 884 1837 posteriorem,
924 1770 1013 1817 aut
1045 1757 1318 1831 sequentis
1345 1758 1472 1814 anni
1497 1756 1830 1829 superiorem
1866 1760 2094 1825 partem.

498 1860 835 1931 Quapmpter
870 1872 1168 1930 cognomen
1207 1855 1337 1927 imp.
1374 1853 1441 1912 V.
1484 1863 1539 1910 et
1585 1852 1772 1909 ultima
1809 1848 2032 1906 victoria
2066 1861 2098 1903 a

500 1954 669 2028 Nigra
698 1962 988 2026 reportata,
1013 1967 1119 2010 non
1151 1949 1361 2008 videtur
1383 1948 1494 2007 fere
1513 1947 1602 2004 alii
1624 1959 1767 2001 anno
1791 1956 1950 2013 posse
1974 1940 2099 1998 vid-

435 2068 449 2080 ·
491 2047 681 2112 dicari,
712 2047 812 2105 nisi
845 2047 987 2111 huic,
1016 2040 1176 2117 que'm
1204 2042 1462 2109 diximus,
1487 2041 1557 2096 A.
1593 2034 1819 2095 CXCVI.
1850 2049 1970 2091 cum
1999 2032 2099 2106 igi»

496 2149 583 2197 tur
605 2138 943 2196 Percennium
989 2135 1142 2192 initio
1166 2132 1281 2191 fere
1309 2133 1427 2205 ejus
1449 2131 1575 2189 anni
1604 2127 1980 2203 prostravisset
2005 2126 2102 2182 Se-

494 2246 662 2298 verus,
680 2229 851 2301 pergit
880 2227 933 2285 in
957 2224 1420 2298 Mesopotamiam,
1444 2222 1674 2293 indeque
1693 2228 1879 2277 contra
1904 2217 2103 2275 Osroe-

494 2338 617 2390 nos,
646 2320 950 2377 Adiabenos
975 2326 1032 2376 et
1057 2318 1265 2376 Arabes
1284 2315 1580 2374 exercitum
1616 2311 1765 2371 ducit
1794 2311 1937 2385 (Dio,
1955 2309 2099 2367 Libr.

494 2411 712 2470 LXXV.
740 2413 906 2482 init.).
932 2410 1095 2468 Facta
1122 2410 1238 2467 haec
1266 2409 1445 2469 omnia
1473 2420 1593 2464 esse
1617 2411 1832 2478 oportet
1863 2418 1958 2460 sex
1989 2401 2103 2481 fere

495 2505 777 2563 mensibus
832 2503 956 2578 (nisi
996 2502 1221 2560 mavelis
1272 2500 1511 2557 ultimam
1552 2506 1756 2569 partem
1800 2495 1927 2552 anni
1966 2509 2104 2567 prte-

496 2597 741 2656 ccdentis
767 2595 935 2669 Nigro
961 2604 1189 2653 mortem
1212 2592 1501 2665 attulisse),
1524 2605 1669 2660 cum,
1692 2589 1799 2647 hoc
1814 2603 1958 2646 anno
1983 2603 2104 2646 ver-

495 2698 644 2747 tente
677 2689 788 2761 jam
827 2697 1014 2746 contra
1047 2686 1288 2742 Albinum
1327 2684 1626 2757 protectum
1667 2696 1791 2740 esse
1816 2680 2101 2745 Severum,

495 2784 636 2839 ratio
680 2782 797 2854 ipsa
828 2780 1086 2853 temporis
1110 2778 1375 2847 suadeat,
1404 2789 1464 2835 ut
1490 2792 1588 2833 suo
1628 2776 1752 2834 loco
1798 2772 2097 2846 apparebit.

493 2876 568 2931 At
591 2889 699 2946 quo
726 2872 845 2929 ﬁeri
870 2883 1026 2945 pacto
1054 2872 1265 2943 potuit,
1297 2878 1355 2927 ut
1379 2870 1656 2928 mensibus
1682 2878 1788 2925 tam
1816 2867 2000 2942 paucis
2023 2874 2102 2922 tot

496 2976 783 3037 tantasque
814 2964 1253 3022 bellicosissimas
1277 2973 1467 3037 gentes
1492 2961 1799 3035 subegerit?
1842 2961 1911 3016 At
1958 2959 2101 3039 istud

495 3058 714 3130 quidem
748 3065 925 3128 potest
949 3057 1130 3113 animo
1172 3057 1396 3130 pulchre
1419 3056 1667 3127 concipi;
1694 3069 1818 3110 nam
1857 3052 1975 3125 ipse
2000 3051 2103 3110 Dio

502 3170 554 3211 c.
584 3155 639 3211 9..
675 3155 815 3212 libro
838 3154 928 3210 cit.
960 3151 1152 3209 barum
1195 3151 1435 3226 gentium
1462 3150 1623 3209 urbes
1666 3164 1697 3204 a
1727 3147 1901 3206 tribus
1928 3146 2106 3205 Severi

503 3246 762 3312 ducibus,
801 3260 910 3300 non
956 3259 987 3300 a
1029 3242 1216 3300 Severo
1258 3242 1398 3314 ipso,
1426 3248 1611 3312 captas
1652 3253 1775 3297 esse
1819 3239 1928 3307 ait;
1958 3236 2102 3309 quod

501 3328 703 3396 factum
730 3337 958 3395 forsitan
985 3346 1093 3404 est,
1138 3348 1261 3392 cum
1286 3335 1399 3407 jam
1427 3332 1611 3390 Albino
1639 3332 1851 3393 obviam
1880 3330 2102 3391 Severus

497 3433 718 3500 ivissct;
751 3447 914 3498 nam,
955 3444 1023 3490 eo
1052 3428 1313 3494 discessu,
1345 3425 1522 3484 Ltetus
1566 3441 1626 3484 se
1664 3426 1749 3484 bis
1775 3425 2101 3485 adversariis

490 3514 778 3599 opposuit,
808 3531 868 3580 ut
895 3521 1105 3579 videtur
1135 3536 1199 3579 ex
1228 3519 1420 3581 eodem
1446 3517 1633 3587 Dione,
1667 3534 1715 3573 c.
1744 3518 1801 3575 9.
1857 3527 1951 3575 aut
1985 3518 2099 3590 jam

441 3614 444 3616 ⁷
496 3619 829 3690 aliquantum
869 3629 935 3674 eo
965 3623 1229 3686 tempore,
1263 3627 1369 3687 quo
1399 3610 1625 3685 Nigrum
1656 3609 1878 3669 Severus
1918 3625 2102 3682 perse-

498 3708 787 3781 quebatur;
810 3706 1037 3778 plurima
1065 3704 1211 3761 enim
1232 3715 1341 3761 tum
1369 3702 1492 3760 fecit
1516 3718 1612 3775 per
1635 3703 1800 3761 duces
1821 3717 1950 3760 suos
1974 3721 1988 3759 :
2008 3714 2101 3761 aut

499 3801 603 3858 fuit
629 3801 846 3859 Severus
884 3799 1264 3872 qualicumque
1307 3797 1660 3855 barbarorum
1707 3797 2099 3869 suppressione

505 3902 811 3951 contentus.
862 3891 942 3949 Ac
982 3890 1197 3948 videtur
1234 3898 1385 3947 certe
1437 3887 1659 3947 Severus
1723 3889 1961 3946 noluisse
2002 3887 2101 3946 bas

501 3987 609 4044 sibi
628 3996 813 4059 gentes
833 4000 1059 4058 prorsus
1078 3984 1363 4056 subjicere,
1389 3999 1492 4042 nec
1507 3984 1619 4057 jam
1641 3993 1752 4042 tum
1782 3984 2100 4055 subjecisse,

504 4094 652 4147 cum,
693 4077 924 4138 ducibus
963 4084 1150 4134 contra
1200 4075 1388 4137 hostes
1437 4076 1681 4145 emissis,
1729 4077 1904 4133 aliena
1934 4077 2102 4136 Nisibi

503 4180 726 4247 ageret,
757 4171 979 4247 ipseque
1027 4169 1244 4229 demum
1291 4178 1418 4244 post
1458 4169 1659 4227 victum
1704 4170 1951 4229 Albinum
2005 4171 2104 4230 bas

503 4262 811 4337 provincias
838 4278 1048 4321 summo
1069 4262 1273 4335 impetu
1301 4260 1632 4332 adoriretur;
1656 4263 1800 4336 quod
1828 4267 1945 4337 ipso
1973 4278 2105 4322 con-

504 4356 710 4412 firmari
734 4365 914 4428 posset
940 4353 1226 4412 Herodiani
1247 4352 1485 4424 silentio,
1511 4351 1604 4429 qui
1640 4356 1711 4414 de
1748 4356 1834 4414 bis
1856 4356 2106 4431 gentibus

503 4451 613 4509 isto
656 4460 900 4524 tempore
926 4451 1083 4508 victis
1130 4450 1266 4509 nihil
1295 4450 1460 4509 habet
1487 4451 1726 4509 omnino.
1756 4450 1943 4525 Itaque
1987 4452 2105 4513 haec

506 4544 681 4615 prima
710 4544 1095 4639 lex_sanciatur
1118 4554 1281 4639 :_a_nte
1298 4543 1460 4639 linem
1483 4543 1551 4601 A.
1594 4542 1822 4639 CXCVI.
1855 4544 2102 4606 Severum
2123 4574 2180 4639 Β

508 4644 696 4693 contra
724 4634 963 4692 Albinum
994 4649 1099 4694 non
1130 4633 1293 4694 fuisse
1321 4633 1621 4709 profectum
1653 4634 1756 4709 (l).

506 4816 605 4885 vita
643 4814 821 4866 Severi
839 4826 922 4885 Le.
945 4813 996 4885 9_.
1020 4814 1297 4885 signiﬁcare
1314 4814 1737 4885 ιςιιιοὸῌβθνειιῃεξ
1759 4829 1855 4868 non
1877 4819 1969 4870 nisi
1995 4829 2105 4885 post

502 4850 1296 4941 ἐὶἱὲνυῖἰῖἔὲεἶίιῖἑιῖέη⁹ῒὸἓῗιεῗί“ίέ
1312 4850 1667 4941 ἓῖἷὶῗιγῖοὲἔ
1678 4850 1738 4930 ΣΞ
1759 4850 1986 4932 ξέἕεῗὶιῖἱι
1997 4850 2104 4936 iiii

503 4939 570 5010 de
590 4953 650 4989 re
674 4938 941 5010 scripserit.
967 4938 1070 4988 Sed
1104 4938 1369 5010 presteres,
1395 4940 1524 5010 quod
1555 4939 1839 5010 Spartianus
1859 4941 2106 5010 discrepat

507 5000 804 5075 aliquantum
841 5004 889 5051 in
913 5000 1152 5075 narranda
1174 5000 1393 5075 haeres
1412 5000 1639 5075 cretei-is,
1664 5003 1825 5068 iisque
1863 5000 2105 5075 primaiiis

503 5056 841 5135 scriptoribus,
874 5075 972 5113 nec
1000 5056 1094 5135 nisi
1116 5061 1181 5135 de
1213 5064 1370 5135 prima
1402 5056 1653 5135 alteraque
1689 5056 2104 5135 pugna'loquitur

504 5126 689 5197 intisto'
713 5125 846 5197 loco;
884 5126 1057 5197 negari
1094 5126 1175 5175 vix
1202 5131 1395 5197 potest,
1421 5125 1647 5197 quoniam
1672 5125 2099 5197 cognomen'Imp.

506 5137 689 5237 Iltltllsit‘),
714 5137 1175 5238 ιίῧωέωιίιθέῗξὲνέἑι
1202 5137 1395 5235 fucat,
1421 5137 1647 5236 qponiam
1672 5140 1943 5215 cognomen
1976 5137 2099 5197 Imp.

630 5260 633 5261 ν
682 5226 706 5261 _.
781 5221 828 5261 .m
859 5250 886 5261 η
942 5249 982 5261 ἢ
1017 5253 1027 5261 λ
1103 5250 1112 5260 .
1171 5186 1436 5261 paueflrt.
1473 5224 1484 5235 .
1520 5187 1629 5239 Pot.
1657 5202 1862 5261 numero
1897 5195 2101 5261 conjun-

503 5250 659 5311 gitnr,
682 5247 775 5319 hoc
789 5248 923 5321 Trib.
942 5249 1051 5321 Pot.
1074 5247 1218 5312 signo
1239 5249 1437 5299 indicari
1461 5262 1611 5301 annos
1629 5264 1733 5315 eos,
1752 5254 1931 5318 quibus
1946 5247 2101 5321 ip'sam

503 5311 567 5360 ab
592 5311 810 5360 hostibus
834 5319 1079 5360 VlClOI‘laID
1105 5320 1182 5361 ter
1203 5311 1489 5362 reportarit.
2046 5336 2050 5340 ~

593 5325 810 5360 IIOStlDUS
834 5325 1079 5360 VlClOl‘lam
1105 5325 1182 5361 ter
1203 5325 1489 5374 reportarit.
2046 5336 2050 5340 ‘

570 5370 637 5437 (t)
675 5373 839 5436 Atque
862 5372 943 5421 hic
966 5385 1056 5422 nos
1086 5385 1185 5422 non
1207 5373 1444 5439 audemus
1465 5374 1606 5439 plura
1644 5387 1706 5426 ex
1739 5377 1911 5430 ordine
1933 5392 2101 5433 rerum

541 5443 920 5506 estarum,_qn_as
941 5437 1426 5506 commemoravimus
1442 5437 1748 5506 {deducere
1767 5477 1782 5502 ,
1807 5442 1895 5491 sed
1930 5452 2101 5506 postea

499 5447 773 5545 gestarum,
797 5447 920 5498 quas
941 5447 1426 5510 commemorat/unus
1442 5474 1456 5497 ,
1496 5447 1748 5490 deducere
1767 5477 1782 5502 ,
1807 5447 1895 5491 sed
1930 5452 2101 5506 postea

512 5498 755 5573 suae;
774 5495 990 5573 testes"
1011 5502 1178 5573 autem
1200 5510 1265 5573 ει
1296 5497 1446 5573 φερε
1474 5501 1721 5573 Potestas
1743 5506 2102 5573 assuetus-

499 5557 900 5628 cuit_MosI1emio
921 5576 972 5622 τε.
991 5559 1447 5628 Mutinam,
1474 5557 1742 5628 'diss._§_£l.
1762 5566 1782 5628 )
1809 5557 1878 5617 λζ
1893 5557 2095 5621 CXCIV.

499 5570 605 5610 cuit
629 5570 900 5609 nosnemto
921 5576 972 5622 τᾳ
1066 5584 1069 5585 ν
1198 5570 1271 5621 (ω
1298 5570 1447 5622 Iaud.,
1483 5570 1599 5612 diss.
1625 5570 1782 5628 521.)
1815 5570 1872 5617 Α.
1893 5570 2095 5621 CXCIV.

495 5621 710 5697 periisse
732 5620 939 5697 Nigrum
975 5570 1256 5697 αξξῗη
1282 5621 1471 5697 legatos
1492 5624 1544 5673 in
1582 5624 1784 5697 Calliam
1825 5628 1883 5678 ad
1917 5630 2101 5683 interti-

492 5683 995 5758 ciendumelb‘inum
1031 5696 1059 5733 a
1097 5683 1291 5758 Severo
1325 5683 1618 5758 missosnet
1654 5688 1747 5739 hoc
1782 5703 1908 5758 anno
1948 5705 2102 5758 [rape

494 5752 720 5816 creante
745 5746 944 5816 insidias
967 5746 1527 5816 e_orulrn__deprebensas'
1552 5748 1739 5816 fuisse;
1766 5765 1864 5816 quo
1886 5746 2013 5807 facto
2035 5746 2095 5808 λ.

489 5805 695 5870 cxch
722 5809 956 5858 citissime
989 5810 1038 5858 in
1072 5805 1277 5859 Galliam
1302 5809 1520 5862 Severus
1554 5805 1797 5865 venisset:
1821 5815 1911 5866 vn
1936 5805 2094 5870 credi:

480 5868 651 5917 deritn
679 5868 693 5932 ι
716 5883 826 5921 nam
847 5870 911 5922 de
935 5877 1158 5936 tempore
1183 5870 1460 5936 praeliorum
1477 5874 1577 5939 jam
1600 5874 1701 5929 dixl
1723 5907 1738 5942 ,
1761 5878 1879 5944 quid
1899 5879 1965 5932 sit
1981 5868 2098 5936 sein.

2329 548 2486 621 batur
2511 550 2733 609 secundo
2748 566 2781 606 α
2808 559 3034 624 tempore
3056 549 3337 622 expugnati
3361 546 3629 620 Egnatii.

2261 688 2506 745 Alterum
2552 702 2651 746 nec
2680 689 2952 746 mediocre
2992 688 3160 747 telum
3200 684 3270 744 ad
3311 685 3452 743 hanc
3492 700 3610 743 rem
3652 699 3795 741 exe-

2193 779 2459 850 quendum
2504 781 2801 838 existimari
2829 780 2993 838 debet
3020 789 3230 852 tempus
3248 822 3264 848 ,
3295 787 3795 851 quo-expugnatum

2194 870 2509 944 Byzantium
2558 884 2664 932 est.
2728 873 2974 946 Namque
3018 872 3122 930 hoc
3185 871 3286 929 Dio
3333 872 3406 928 ait
3446 871 3509 929 L.
3550 868 3795 928 LXXIV.

2196 978 2246 1021 c.
2288 965 2378 1021 14.
2418 983 2474 1038 p.
2518 967 2681 1023 1251.
2719 976 3037 1039 occupatum
3071 981 3191 1022 esse
3233 981 3261 1021 a
3294 964 3469 1022 Severi
3512 965 3798 1031 militibus,

2194 1070 2318 1113 cum
2351 1058 2396 1112 is
2421 1057 2473 1113 in
2502 1057 2878 1130 MesOpntamia
2897 1067 3342 1127 commoraretur,
3364 1058 3421 1115 b.
3439 1073 3489 1115 e.
3511 1069 3803 1130 postquam

2199 1147 2421 1221 Nigrum
2448 1159 2816 1221 superaverat,
2845 1166 2908 1207 ac
2939 1150 3085 1222 prius
3113 1167 3271 1223 quam
3320 1161 3567 1223 pergeret
3595 1148 3802 1206 adver-

2197 1255 2290 1299 sus
2320 1243 2576 1298 Albinum.
2609 1244 2770 1316 Atqui
2801 1244 3124 1318 Byzantinos
3148 1243 3288 1301 fame
3314 1243 3532 1302 demum
3562 1244 3616 1299 in
3649 1243 3808 1300 dedi-

2194 1337 2399 1394 tionem
2423 1337 2669 1395 redactos
2689 1353 2832 1407 esse,
2851 1354 2972 1395 cum
2996 1348 3104 1396 tres
3125 1339 3364 1411 integros
3380 1352 3549 1395 annos
3571 1337 3810 1395 fuissent

2200 1431 2254 1488 in
2279 1431 2580 1498 obsidione,
2613 1432 2755 1489 idem
2782 1430 2885 1488 Dio
2916 1432 3194 1490 memoriae
3218 1432 3449 1505 prodidit
3473 1431 3592 1488 Lib.
3620 1432 3716 1487 cit.
3748 1446 3809 1489 c.

2204 1525 2292 1581 II.
2313 1541 2367 1597 p.
2391 1526 2577 1591 l252.;
2604 1542 2772 1599 quare
2794 1542 3184 1599 cognoscemus
3207 1542 3429 1595 annum,
3457 1541 3564 1599 quo
3581 1526 3814 1583 Severus

2200 1620 2256 1676 in
2288 1619 2669 1691 IIeSOpntamia
2696 1630 2940 1677 versatus
2967 1628 3074 1688 est,
3102 1636 3222 1677 cum
3251 1620 3562 1683 viderimus.
3587 1617 3817 1692 quando

2203 1712 2304 1770 ista
2322 1712 2531 1770 obsidio
2548 1698 2828 1771 exordium
2850 1715 3158 1786 sumpserit.
3180 1713 3287 1770 Sed
3304 1714 3418 1785 ejus
3439 1713 3648 1769 initium
3670 1727 3819 1768 con-

2127 1829 2176 1892 B
2199 1806 2450 1879 junctum
2472 1807 2706 1864 arbitror
2749 1822 2870 1865 cum
2913 1808 3066 1865 initio
3106 1807 3273 1878 ipsius
3313 1806 3670 1878 expeditionis
3704 1803 3823 1863 Se—

2203 1902 2309 1956 veri
2334 1908 2521 1957 contra
2566 1896 2903 1956 Pescennium
2932 1900 2996 1957 A.
3028 1896 3252 1957 CXCIIl.
3278 1899 3421 1972 quod
3451 1898 3672 1972 intelligi
3707 1914 3821 1970 po-

2206 2002 2313 2050 test
2337 2008 2403 2050 ex
2431 2007 2520 2061 eo,
2539 1992 2682 2065 quod
2704 1993 2793 2049 vix
2815 1999 2898 2049 est
2924 1991 3201 2059 credibile,
3218 1992 3481 2061 Severum,
3496 2006 3618 2047 cum
3638 1989 3823 2064 Nigro

2205 2092 2539 2155 occurreret,
2566 2100 2596 2141 a
2624 2095 2773 2158 tergo
2793 2085 3105 2142 relicturum
3137 2083 3307 2142 fuisse
3337 2085 3683 2141 fortissimam
3716 2101 3829 2142 ur-

2207 2178 2353 2245 bem,
2374 2193 2535 2252 quam
2557 2178 2658 2251 ipsi
2691 2176 2846 2251 Nigri
2869 2177 3067 2235 milites
3093 2176 3366 2244 tenebant,
3392 2185 3447 2235 et
3473 2193 3580 2250 quo
3605 2178 3821 2235 adver-

2205 2271 2280 2328 sis
2309 2273 2469 2329 rebus
2488 2285 2547 2328 se
2576 2271 2846 2342 recepturi
2871 2269 3131 2338 fuissent;
3156 2270 3409 2342 idemque
3438 2286 3559 2327 cum
3586 2287 3647 2327 re
3684 2270 3821 2342 ipsa

2206 2368 2407 2439 optime
2434 2367 2720 2423 consentit.
2752 2364 2864 2421 Fac
2916 2365 3121 2423 scilicet
3161 2381 3347 2424 mense
3367 2364 3482 2423 fere
3503 2352 3825 2439 Septembri

2208 2460 2274 2516 Α.
2302 2459 2530 2517 CXCIII.
2563 2459 2809 2517 Severum
2838 2458 2996 2531 hujus
3019 2461 3433 2533 oppugnationis
3460 2458 3667 2518 initium
3710 2477 3826 2534 per

2208 2553 2406 2610 milites
2435 2553 2631 2611 fecisse
2677 2551 2873 2629 (Roma
2898 2553 3065 2623 enim,
3096 2552 3255 2610 Iunio
3276 2569 3414 2626 pene
3434 2553 3826 2626 praeterlapso,

2206 2643 2580 2718 discesseratg
2610 2642 2747 2702 VIII.
2781 2661 2836 2701 n.
2871 2644 2966 2718 y.)
3000 2662 3013 2713 ;
3085 2644 3287 2701 incidet
3324 2659 3455 2701 sane
3480 2645 3832 2718 expugnatio

2206 2739 2345 2812 ipsa,
2368 2739 2415 2797 si
2437 2748 2557 2812 post
2579 2738 2867 2796 triennium
2893 2738 3158 2813 integrum
3190 2738 3326 2795 facta
3349 2747 3454 2809 est,
3478 2738 3533 2795 in
3563 2738 3834 2811 Septem-

2205 2834 2356 2890 brem
2378 2834 2445 2888 Α.
2474 2830 2739 2902 CXCVI.',
2765 2846 2872 2904 quo
2901 2840 3147 2904 tempore
3175 2831 3419 2889 Severum
3461 2832 3512 2887 in
3558 2831 3829 2903 Mesopo-

2205 2925 2369 2981 tamia
2396 2922 2561 2982 fuisse
2585 2932 2811 2997 apparet
2833 2940 2899 2981 ex
2922 2924 3008 2991 iis,
3041 2940 3161 2997 qum
3186 2925 3239 2981 in
3269 2924 3639 2998 superioribus
3666 2925 3830 2983 dicta

2207 3026 2352 3074 sunt.
2377 3017 2545 3087 Quam
2576 3018 2646 3074 ob
2666 3034 2782 3075 rem
2807 3034 2915 3074 non
2945 3025 3029 3075 est
3054 3033 3280 3077 necesse
3303 3061 3322 3090 ,
3353 3029 3411 3076 ut
3438 3034 3469 3074 a
3499 3018 3678 3075 nativa
3709 3034 3827 3090 po-

2207 3118 2402 3169 testate
2422 3112 2708 3168 verborum
2724 3101 2829 3170 ἐπὶ
2843 3119 3134 3188 δλον,τριιτῆ
3163 3122 3323 3187 χρόνον
3344 3112 3684 3183 recedamus,
3698 3129 3830 3187 quo

2126 3201 2175 3266 C
2208 3217 2268 3261 se
2293 3219 2323 3260 a
2347 3202 2667 3261 Tillemontio
2693 3204 2887 3261 adduci
2919 3219 3107 3277 passus
3135 3212 3220 3261 est
3247 3203 3562 3262 Mos/rentius
3587 3211 3613 3262 ὁ
3638 3230 3829 3276 μακα-

2206 3308 2362 3370 ρίτης,
2386 3297 2540 3367 cujus
2559 3295 2954 3370 interpretatio,
2985 3299 3039 3359 ni
3066 3296 3245 3367 fallor,
3279 3300 3332 3357 vi
3360 3300 3579 3373 quidem
3607 3299 3829 3358 verbo-

2204 3406 2327 3447 rum
2354 3406 2459 3447 non
2484 3390 2609 3446 facit
2631 3391 2783 3448 satis.
2805 3390 2991 3464 Itaque
3013 3407 3135 3449 cum
3158 3408 3347 3450 mense
3371 3393 3484 3452 fere
3504 3394 3831 3468 Septembri

2205 3484 2261 3542 in
2274 3485 2657 3556 Mesopotamia
2675 3490 2920 3543 versatus
2937 3485 3098 3543 fuerit
3118 3485 3355 3557 Severus,
3374 3487 3478 3543 nisi
3497 3488 3565 3545 A.
3578 3479 3827 3546 CXCVI.

2199 3578 2312 3653 jam
2344 3580 2395 3635 in
2423 3577 2583 3637 ﬁnem
2612 3578 2869 3636 inclinato
2918 3578 2971 3635 in
3011 3577 3239 3636 Galliam
3267 3580 3452 3637 venire
3479 3595 3586 3639 non
3613 3583 3827 3654 potuit.

2204 3672 2391 3746 Neque
2410 3688 2538 3730 vero
2554 3681 2743 3747 postea
2767 3688 2930 3747 quam
2958 3674 3012 3731 in
3039 3672 3419 3746 Mesopotamia
3448 3674 3665 3732 Severus
3689 3676 3828 3733 tue-

2202 3774 2307 3833 rat,
2344 3781 2567 3840 usquam
2591 3767 2816 3841 legimus
2840 3782 2965 3825 eum
2985 3777 3171 3826 contra
3197 3767 3470 3837 Osi-aenos,
3500 3770 3829 3843 Adiabenos,

2204 3857 2491 3931 Arabesque
2530 3857 2698 3916 fuisse
2735 3858 3064 3932 profectum;
3124 3859 3222 3917 hos
3259 3861 3425 3930 enim,
3458 3870 3593 3919 teste
3642 3861 3832 3920 Dione

2205 3952 2246 4010 ι.
2276 3951 2489 4011 LXXV.
2512 3967 2560 4010 c.
2592 3954 2645 4011 3.
2666 3970 2718 4025 p.
2746 3951 2903 4011 1257.
2922 3967 3043 4010 cum
3065 3951 3252 4022 Nisibi,
3282 3953 3489 4026 injurbe
3514 3953 3831 4027 Mesopota-

2206 4048 2350 4115 miae,
2372 4045 2589 4104 Severus
2604 4048 2770 4104 otium
2792 4048 2893 4104 sibi
2912 4047 3086 4117 daret,
3100 4047 3352 4106 Latmius
3367 4049 3631 4107 Candidus
3649 4058 3828 4121 atque

2208 4140 2381 4199 Loztus
2403 4184 2418 4210 ,
2450 4141 2624 4200 Severi
2644 4140 2841 4211 duces,
2866 4143 3213 4215 subegerunt.
3240 4143 3394 4202 Unde
3429 4144 3663 4203 efﬁcitur
3682 4187 3697 4210 ,
3725 4143 3826 4207 fa-

2206 4251 2349 4293 mam
2368 4236 2436 4292 dc
2464 4233 2729 4291 seditione
2745 4234 2918 4291 Albini
2933 4234 3001 4291 ad
3019 4234 3264 4292 Severum
3292 4237 3345 4293 in
3368 4236 3823 4309 Mesopotamiam

2205 4326 2375 4384 fuisse
2395 4326 2636 4382 allatam.
2666 4325 2956 4384 Enimvero
2982 4341 3089 4384 non
3120 4311 3399 4399 abhorret,
3430 4328 3696 4398 Severum,
3715 4334 3826 4402 qui

2207 4419 2483 4476 celeritate
2520 4418 2729 4476 consilii
2784 4419 3050 4491 imprimis
3086 4420 3356 4490 utebatur,
3383 4422 3564 4478 statim
3596 4421 3823 4480 devicto

2210 4509 2378 4586 Nigro
2428 4511 2661 4580 misisse,
2688 4512 2779 4585 qui
2805 4510 3011 4584 Albino,
3041 4514 3326 4572 occasione
3351 4514 3631 4572 allatarum
3660 4515 3821 4573 litte-

2205 4622 2409 4679 rarum,
2437 4608 2660 4667 insidias
2689 4608 2967 4681 facerent,
3012 4618 3066 4668 et
3095 4608 3181 4667 Ine
3210 4611 3424 4683 quidem
3459 4622 3681 4685 repente
3709 4611 3823 4670 de-

2209 4709 2367 4758 tecta:
2395 4712 2539 4759 sunt:
2554 4702 2807 4775 quocirca
2824 4702 2993 4777 magis
3004 4712 3246 4777 apparet,
3275 4703 3388 4762 fere
3406 4707 3561 4763 Anno
3576 4704 3815 4765 CXCVI.

2208 4803 2453 4853 vertente
2478 4793 2722 4852 Severum
2752 4796 2805 4853 in
2837 4795 3066 4855 Galliam
3094 4797 3432 4856 concessisse
3462 4797 3565 4871 (1).

2207 4949 2453 5017 tiendum)
2502 4948 2719 5021 legatos
2912 4952 3113 5021 integro
3146 4952 3258 5006 fere
3313 4966 3443 5006 anno
3476 4957 3791 5021 acquieriqse

2207 4993 3819 5095 é‘éfsiiiée-Eiiiiiﬁiiioifiiﬁisééh‘é,

2206 5087 2361 5138 prope
2407 5082 2630 5126 exeunte
2665 5079 2861 5128 demum
2896 5076 3111 5129 detectae
3147 5079 3225 5129 bte
3247 5076 3456 5131 fuissent
3479 5083 3682 5143 insidiae,
3711 5084 3820 5133 Se-

2204 5138 2502 5212 ‘verumhqui
2533 5141 2751 5212 currenti
2774 5140 2980 5212 similior
2999 5154 3146 5212 quam
3171 5143 3661 5212 proﬁciscentis-eote
3682 5146 3818 5212 dici-

2204 5205 2366 5281 tum.
2376 5198 2646 5281 gestienti?
2663 5240 2679 5264 ,
2692 5264 2708 5281 Δ
2722 5201 2820 5281 xei
2831 5198 3080 5281 integrum
3101 5198 3212 5255 fere
3243 5219 3423 5280 annum
3457 5206 3677 5281 CXCVC
3703 5210 3817 5281 otio

2203 5262 2503 5333 transegisse
2523 5297 2539 5323 ,
2562 5261 2861 5316 veI’Albino
2901 5261 3089 5317 ta'ntnm
3124 5271 3429 5320 concessisse
3469 5272 3724 5332 temporis,
3751 5278 3819 5322 ut
3864 5295 3871 5301 ~

2206 5322 2644 5403 ἵξειὲεξξίξὶιξειέεφεξ
2666 5328 3229 5403 sectionuth
3249 5331 3404 5403 ιξιυιιο
3424 5332 3738 5403 propensius.
3761 5335 3815 5396 si

2225 5387 2316 5457 luis
2336 5385 2497 5459 dicat}
2518 5385 2647 5449 quod
2670 5392 2733 5442 Α.
2758 5389 2959 5443 CXCVI.
3009 5385 3161 5455 pri)st
3182 5385 3674 5445 vertente'Se'verus
3696 5385 3817 5460 pro-

2225 5456 2361 5520 ectus
2381 5450 2972 5522 su__advers_us“Albinum.
2999 5467 3162 5521 neque
3187 5453 3393 5522 multum
3425 5460 3664 5522 temporis
3685 5467 3817 5522 pre-

2203 5514 2493 5588 tertttiserit,
2512 5526 2610 5586 quo
2632 5514 2765 5588 bello
2784 5515 3020 5566 dimicare
3040 5514 3156 5588 cum
3175 5516 3352 5588 Albino
3372 5514 3632 5588 potuisset.

2267 5571 2334 5651 (ξ)
2358 5571 2960 5651 ΔΑιλειιειξςχζειιιι.ἱιιειιςςᾱθειιε
2996 5588 3075 5630 est
3111 5571 3507 5651 Ilosbemiu'ng
3539 5582 3625 5651 εἰ..
3654 5580 3812 5633 Nam-

2208 5618 2312 5711 que
2322 5618 2334 5638 ’
2345 5618 3414 5711 Ᾰῖτρᾖῆἶωὶξιῖιᾘὶἶ-ἒῖρηῖωῦἶιῖἷξέξξῗ
3425 5618 3810 5711 Ϊιξιρῖἷηῖίξιῖπί

2208 5656 2309 5698 qut:
2345 5656 2405 5687 Α.
2428 5656 2629 5690 [ιλιινι.
2680 5656 2734 5690 ιιι
2767 5656 2841 5690 ωι
2879 5656 3216 5706 expugnatam
3260 5656 3376 5693 esse
3426 5656 3810 5711 uyunttnorum

2206 5698 2431 5778 urbem:
2442 5656 3037 5778 hebetioresherodiann
3060 5711 3194 5778 teste
3217 5705 3418 5778 llb._IlI.
3441 5722 3488 5758 ο.
3511 5709 3562 5760 6.
3589 5708 3811 5778 nondum

2203 5758 2767 5841 (regerem
2804 5765 3123 5841 ιωροηιοτξε
3157 5767 3440 5841 regem.
3476 5758 3590 5821 cum
3603 5770 3817 5841 Altino

2204 5831 2518 5888 occurreret;
2537 5828 2692 5888 igitur
2715 5840 2832 5878 eum
2851 5841 2967 5878 esse
2990 5837 3163 5879 contra
3196 5828 3434 5881 Albinum
3449 5845 3577 5883 anno
3599 5830 3811 5886 CXCVI.

2203 5883 2663 5951 profectum£Qﬁ0d
2685 5896 3063 5956 argumentum,
3085 5889 3219 5947 haud
3239 5903 3373 5957 nego
3389 5925 3406 5957 ,
3432 5906 3546 5947 esse
3568 5883 3814 5960 macies.
