4084 6344
486 345 585 404 ‘lll

1630 325 2077 391 DlSSEl‘tTATIO
2116 319 2206 383 DE
2249 323 2433 382 VERA
2474 322 2730 382 ΛΞΤΑΤΕ

3670 314 3770 374 M2

489 462 520 535 ς
569 463 656 519 15.
710 487 781 502 --
827 455 984 516 Em
1006 456 1119 528 ipsa
1156 453 1403 512 librorum
1433 451 1588 518 liuius
1618 449 1814 522 generis
1853 445 2092 518 deﬁnitur
2117 449 2171 507 Α
2197 442 2376 500 tianos
2400 440 2692 499 ostendunt
2729 439 2840 511 jam
2886 430 3434 500 multisfcrueiatibus
3477 435 3776 491 tormentis-

565 556 659 622 ita,
687 563 742 608 ut
762 552 886 608 liber
903 551 975 606 ad
994 548 1250 621 Martyres
1285 546 1350 602 Α.
1391 543 1530 603 CXC
1543 541 1652 600 Vl!
1661 585 1674 603 .
1721 543 1786 600 sit
1827 548 2088 598 exoratus.

561 646 864 708 lloll'manni
884 644 1192 717 conjectum
1217 641 1586 714 exploduntur.

563 837 660 892 Est
691 832 852 906 igitur
891 833 1031 888 inter
1073 830 1231 901 hujus
1275 827 1489 901 generis
1533 825 1700 882 libros
1751 823 1797 878 is
1847 820 2087 893 primus,

487 943 648 1002 quem
714 925 1066 982 Tertullianus
1112 923 1182 977 ad
1233 921 1490 992 Martyres
1547 915 1873 990 perscripsit.
1926 911 2091 980 Cujus

487 1023 611 1080 libri
641 1032 1018 1095 argumentum
1047 1018 1220 1089 ipsum
1240 1016 1349 1087 jam
1381 1026 1488 1069 tum
1519 1015 1795 1082 susceptas
1833 1006 2090 1062 adversus

487 1113 811 1171 christianos
839 1111 1144 1168 inimicitias
1166 1108 1530 1170 demonstrat;
1559 1113 1643 1160 est
1667 1102 1810 1158 enim
1851 1099 2090 1169 designa-

487 1211 555 1264 tis
610 1206 922 1280 Martyribus
971 1203 1204 1260 dicatum
1233 1200 1389 1272 (coll.
1432 1214 1480 1254 c.
1534 1197 1651 1268 l.);
1683 1193 1844 1250 tnodn
1894 1187 2095 1246 consti-

483 1302 744 1359 tuendum
782 1311 865 1356 est
893 1297 982 1362 id,
1015 1296 1283 1352 fuerintne
1325 1293 1410 1348 isti
1437 1303 1596 1357 ante,
1656 1305 1722 1343 an
1759 1295 1878 1358 post
1917 1281 2094 1339 Severi

483 1393 719 1450 edictum
750 1393 802 1447 in
841 1403 1113 1447 carcerem
1148 1385 1416 1456 eonjccti;
1470 1393 1630 1453 atque
1656 1378 1782 1435 illud
1813 1375 1940 1432 milti
1975 1389 2092 1428 ma-

483 1485 568 1557 gis
614 1483 788 1555 placet
840 1479 1082 1554 pluribus
1123 1484 1191 1534 de
1241 1476 1436 1533 causis.
1512 1474 1784 1537 Primum,
1838 1466 2092 1540 quoniam

482 1575 807 1633 christianos
838 1589 944 1627 non
1001 1569 1355 1642 Imperatoris,
1407 1565 1500 1622 sed
1543 1563 1870 1620 Proconsulis
1900 1561 2096 1629 iudicia

485 1668 756 1725 sustinere
811 1664 942 1721 dicit
992 1678 1042 1719 e.
1085 1663 1142 1717 2.
1198 1660 1353 1728 Quod
1425 1658 1682 1729 quidem,
1731 1655 1871 1711 haud
1923 1669 2094 1726 nego,

485 1760 594 1817 dici
622 1761 783 1816 etiam
827 1773 857 1813 a
903 1756 1218 1812 Tertulliano
1259 1753 1530 1824 potuisse,
1574 1751 1618 1805 si
1653 1747 1912 1804 Pra-sides
1940 1746 2100 1802 adhi-

484 1853 580 1908 biti
645 1851 848 1906 fuerint
909 1849 978 1903 ab
1035 1847 1363 1917 Imperatore
1430 1843 1637 1914 legibus
1680 1850 1864 1896 contra
1919 1838 2093 1894 cbris-

487 1948 664 2003 tianos
701 1943 990 2000 ditnieante
1010 1982 1026 2009 ,
1056 1949 1339 2010 propterea
1370 1935 1512 2008 quod
1541 1934 1806 1991 Praesides
1833 1947 1928 1988 eas
1969 1947 2100 1987 exe-

487 2037 792 2110 quebantur
830 2036 882 2090 in
935 2033 1226 2105 provinciis
1257 2050 1269 2085 :
1301 2030 1394 2086 sed
1423 2039 1600 2084 tamen
1640 2043 1703 2084 ex
1753 2041 1821 2083 eo
1860 2026 2094 2096 primum

487 2130 658 2187 oritur
687 2128 831 2185 haud
879 2130 1056 2198 inepta
1107 2124 1377 2194 suspicio,
1425 2123 1536 2192 ipsa
1584 2121 1684 2176 hac
1725 2119 1982 2174 violentia
2029 2131 2097 2172 eo

491 2235 735 2295 tempore
761 2219 1028 2278 Prresides
1085 2218 1253 2289 magis
1302 2229 1428 2272 usos
1469 2214 1671 2277 fuisse,
1706 2227 1866 2284 quam
1920 2211 2097 2282 ipsum

490 2319 810 2388 Augustum.
846 2317 914 2369 At
939 2313 983 2368 si
1015 2311 1155 2367 istud
1197 2307 1605 2382 argumentandi
1634 2321 1804 2378 genus
1854 2303 2098 2358 videatur

491 2409 545 2465 in
573 2417 857 2477 utramque
893 2413 1102 2476 partem
1128 2417 1284 2473 posse
1307 2398 1592 2470 disputari,
1622 2397 1759 2451 hanc
1781 2405 2095 2450 controver-

492 2501 627 2559 siam
656 2499 862 2555 dirimit
881 2497 1021 2552 haud
1052 2495 1212 2551 dubie
1240 2493 1290 2548 id
1318 2533 1334 2559 ,
1363 2490 1504 2562 quod
1533 2499 1616 2546 est
1639 2487 1706 2543 ad
1733 2487 1935 2542 calcem
1967 2499 2094 2540 nos-

500 2595 568 2652 tri
595 2595 795 2662 libelli,
824 2592 914 2648 ubi
959 2610 973 2646 :
1002 2591 1070 2645 ad
1113 2592 1208 2644 Itoc
1234 2586 1474 2659 quidem,
1522 2582 1722 2655 inquit,
1757 2578 2098 2653 (patiendum

491 2691 550 2747 in
609 2703 769 2744 causa
812 2686 948 2756 Dei)
981 2684 1059 2738 vel
1091 2681 1359 2754 praesentia
1387 2678 1529 2733 nobis
1556 2687 1784 2748 tentpora
1827 2675 2104 2729 documen-

495 2793 548 2836 ta
574 2784 696 2848 sint,
735 2788 939 2846 quanta:
963 2764 1238 2849 qualesque
1265 2787 1496 2844 personte
1525 2770 1817 2841 inapinatos
1846 2766 2102 2822 natalibus

493 2884 541 2929 et
588 2869 923 2945 dignitatibus
966 2877 1012 2923 et
1056 2865 1357 2938 corporibus
1400 2874 1447 2920 et
1494 2863 1728 2920 tetatibus
1778 2861 1884 2915 suis
1935 2861 2101 2914 exitus

492 2965 751 3036 referunt,
794 2962 1014 3017 hominis
1041 2975 1260 3024 caussa;
1286 2968 1374 3013 aut
1408 2956 1470 3012 ab
1500 2957 1647 3026 ipso,
1688 2955 1732 3009 si
1774 2961 1952 3008 contra
1987 2967 2102 3005 eum

495 3057 744 3130 fecerint,
783 3064 874 3110 aut
921 3054 984 3108 ab
1027 3051 1333 3107 adversariis
1379 3050 1522 3121 ejus,
1551 3048 1592 3103 si
1623 3062 1716 3117 pro
1759 3061 1817 3100 eo
1843 3043 2068 3099 steterint
2081 3058 2102 3108 ,-

2194 552 2301 609 que
2337 538 2654 607 exagitatos.
2704 533 2892 606 Neque
2929 546 3030 604 ego
3076 545 3219 587 nunc
3258 544 3478 598 vereor,
3531 546 3597 586 ne
3644 528 3777 587 hunc

2194 630 2433 688 libellum
2463 631 2515 686 in
2546 643 2830 685 numerum
2865 640 3051 682 eorum
3082 624 3321 681 referant
3349 623 3623 690 nonnulli,
3653 638 3778 692 quos

2193 723 2547 781 Tertullianus
2575 721 2877 794 composuit
2896 762 2913 789 ,
2957 734 3080 775 cum
3121 719 3189 774 ab
3214 718 3446 773 amicitia
3471 715 3780 776 orthodoxa:

2197 819 2455 876 Ecclesia:
2481 832 2540 873 se
2561 816 2877 873 removisset
2902 831 2916 880 ;
2950 819 3062 884 ipsa
3086 812 3228 868 enim
3259 811 3420 867 libelli
3445 820 3574 866 tetas
3597 809 3647 867 id
3673 811 3781 881 qui-

2194 911 2318 968 dem
2369 925 2474 965 non
2518 907 2816 979 permittit,
2847 906 2891 961 si
2939 921 3123 962 verum
3155 915 3238 959 est
3284 904 3336 959 id
3384 901 3524 974 qttod
3559 901 3780 960 diximus

2194 1007 2359 1071 alias,
2402 1003 2430 1076 §
2470 1005 2525 1067 ὅ,
2583 1001 2953 1058 Tertullianum
2979 1000 3122 1070 ,ltuic
3164 1007 3288 1054 ante
3336 1001 3402 1054 Α.
3444 996 3548 1054 CC.
3594 997 3782 1054 bellum

2197 1113 2302 1153 non
2331 1095 2599 1150 intulisse.
2639 1095 2754 1162 Qua
2795 1095 2847 1148 in
2879 1109 2938 1149 re
2970 1091 3212 1152 videmus
3245 1089 3614 1157 Hoﬁ'mannum
3639 1104 3667 1145 a
3687 1105 3780 1146 no-

2195 1189 2278 1245 bis
2299 1231 2316 1255 ,
2349 1198 2405 1244 ut
2430 1189 2590 1256 solet,
2621 1161 3030 1242 dissentientem
3047 1227 3062 1250 ,
3087 1185 3184 1241 sed
3212 1183 3279 1239 ad
3305 1183 3610 1255 opinionem
3638 1199 3779 1240 suam
3803 1161 3817 1168 ”

2195 1281 2624 1340 confirmandam
2679 1295 2835 1336 usum
2875 1289 3190 1351 argumento
3218 1278 3346 1343 tali,
3391 1293 3457 1334 ex
3485 1293 3590 1350 quo
3625 1279 3783 1351 magis

2196 1385 2454 1448 appareat
2507 1375 2559 1430 id
2618 1374 2761 1446 quod
2801 1389 2900 1429 nos
2929 1386 3114 1428 contra
3157 1371 3469 1428 volebamus
3507 1370 3668 1441 (diss.
3694 1371 3779 1427 cit.

2197 1466 2390 1540 §l0.),
2418 1465 2662 1524 videlicet
2712 1476 2980 1538 martyres
3023 1465 3188 1531 istos,
3220 1465 3287 1520 ad
3319 1480 3454 1536 quos
3495 1474 3578 1520 est
3621 1464 3784 1520 oratio

2195 1560 2504 1616 Tertulliani
2569 1559 2808 1626 directa,
2871 1559 3141 1614 existimat
3203 1558 3399 1629 partim
3455 1555 3774 1613 orthodoxos

2198 1655 2399 1718 fuisse.
2433 1655 2625 1726 partim
2661 1654 3042 1720 Montanistas;
3088 1651 3247 1724 idque
3291 1651 3569 1718 ell‘ecisse,
3601 1661 3657 1706 ut
3680 1649 3784 1707 dis-

2201 1749 2381 1806 sensio
2435 1759 2556 1803 nata
2603 1749 2667 1802 sit
2722 1747 2862 1802 inter
2913 1760 3043 1812 eos,
3087 1760 3245 1815 quam
3286 1760 3356 1799 ex
3396 1745 3589 1800 animis
3613 1743 3786 1801 tollere

2201 1852 2428 1898 conatur
2469 1840 2815 1895 Tertullianus
2844 1837 2945 1894 sub
2973 1838 3090 1892 libri
3124 1837 3357 1892 initium.
3389 1837 3496 1893 Sed
3520 1836 3586 1892 ad
3616 1837 3787 1893 unica-

2201 1935 2302 1991 dos
2349 1948 2445 1990 eos
2483 1950 2610 2004 aptts
2639 1943 2746 1988 erat
2773 1933 3060 1999 hortatore,
3105 1932 3276 2003 inquit
3305 1929 3684 1998 llo/fmannus,
3709 1930 3787 2001 qui

2201 2031 2405 2101 utrique
2449 2031 2582 2100 parti
2627 2029 2752 2084 bene
2798 2038 3042 2100 cuperet,
3092 2031 3256 2100 qualis
3303 2040 3410 2084 erat
3458 2027 3788 2086 Tertullianus

2207 2122 2544 2190 Montanista,
2592 2133 2638 2178 et
2688 2122 2740 2176 in
2769 2121 3050 2176 catholicos
3079 2121 3284 2190 quidem
3310 2137 3447 2193 stepe
3481 2121 3784 2193 peracerbus,

2202 2233 2363 2288 neque
2408 2227 2572 2271 tamen
2619 2232 2703 2271 eos
2747 2215 2820 2269 ita
2879 2225 2933 2268 ut
2996 2216 3260 2270 Itwreticos
3329 2233 3559 2287 perosus.
3607 2214 3785 2271 Audio.

2201 2308 2312 2367 Sed
2344 2320 2421 2392 unt
2465 2321 2692 2381 utraque.
2721 2323 2844 2378 pars
2875 2309 3182 2364 inimicitias
3219 2308 3495 2378 deponat,
3525 2317 3666 2365 certe
3689 2323 3786 2364 non

2203 2403 2494 2474 requiritur
2535 2411 2592 2456 ut
2641 2402 2688 2456 is
2717 2400 2808 2472 qui
2859 2416 3046 2472 pacem
3085 2401 3377 2457 conciliare
3418 2400 3628 2466 studet,
3667 2400 3787 2456 utri-

2202 2515 2308 2570 que
2337 2497 2770 2554 dissentientium
2804 2497 2998 2553 faveat.
3031 2494 3164 2550 Illud
3193 2496 3450 2551 nimirum
3482 2509 3692 2552 necesse
3713 2501 3789 2550 est

2203 2593 2404 2664 potius,
2449 2601 2509 2648 ut
2555 2591 2878 2647 dissidentes
2927 2593 3067 2648 inter
3106 2605 3184 2657 se,
3217 2606 3342 2644 cum
3373 2606 3440 2646 eo
3483 2591 3571 2660 qui
3617 2602 3785 2660 pacem

2204 2684 2455 2740 conciliat
2519 2683 2865 2740 concordent.
2935 2682 3153 2738 Planius
3217 2681 3418 2737 dicam.
3472 2682 3682 2737 Constat
3727 2696 3784 2736 ex

2204 2780 2471 2850 scriptore
2497 2779 2680 2834 nescio
2706 2793 2812 2848 quo
2834 2819 2849 2844 ,
2879 2777 3033 2848 cujus
3071 2777 3231 2832 verba
3277 2777 3439 2832 habet
3473 2774 3704 2831 Eusebius
3728 2772 3784 2827 ll.

2206 2869 2272 2928 E.
2304 2869 2367 2927 V.
2401 2885 2458 2926 c.
2493 2871 2578 2926 l6.
2609 2887 2660 2942 p.
2694 2869 2822 2926 252.
2850 2869 2980 2926 edit.
3009 2868 3324 2940 Cautabrig.
3368 2868 3656 2939 Readingt’i,
3682 2879 3785 2933 eos,

2211 2964 2302 3035 qui
2337 2964 2535 3034 puriori
2565 2963 2818 3020 Ecclesia:
2843 2960 3038 3018 addicti
3057 2969 3231 3022 erant.
3258 2962 3399 3016 adeo
3423 2959 3789 3029 contempsisse

2207 3054 2576 3120 Montanistas,
2607 3063 2684 3119 ttt,
2715 3055 2758 3110 si
2789 3069 2918 3110 casu
2958 3053 3186 3123 conjecti
3227 3068 3352 3108 cum
3382 3052 3511 3124 ipsis
3539 3051 3722 3106 fuerint
3741 3049 3786 3104 iu

497 3151 640 3223 quod
688 3151 959 3222 pertinere
1001 3148 1067 3202 ad
1120 3157 1360 3216 tempus,
1404 3157 1512 3214 quo
1550 3141 1619 3196 ab
1644 3139 1852 3196 aemulis
1889 3136 2099 3207 imperii

2206 3149 2419 3204 vincula
2447 3190 2462 3215 ,
2511 3163 2726 3218 semper
2773 3163 2804 3202 a
2850 3146 3188 3203 Monlanistis
3235 3146 3616 3211 dissenserint,
3647 3152 3789 3215 atque

500 3245 716 3302 Severus
767 3251 942 3298 tutum
995 3240 1245 3297 redderet
1296 3237 1481 3294 orbem
1551 3235 1887 3298 Romanum,
1956 3231 2102 3287 nullo

501 3336 662 3393 modo
689 3335 921 3391 dubitari
967 3341 1163 3404 potest.
1214 3329 1346 3386 Nam
1387 3344 1510 3384 cum
1557 3327 1800 3385 sublatus
1847 3340 1878 3382 e
1923 3324 2104 3380 medio

499 3439 646 3488 esset
674 3427 920 3493 Albinus,
950 3434 1062 3482 tum
1099 3425 1329 3480 maxime
1368 3421 1611 3478 Seuerum
1657 3417 2103 3474 animadvertisse

503 3526 556 3582 in
606 3523 740 3589 hos,
793 3521 886 3594 qui
938 3527 1200 3577 steterant
1249 3532 1277 3572 a
1334 3514 1484 3589 Nigri
1534 3513 1765 3570 Albinivc
1817 3511 2098 3584 partibus,

504 3627 709 3675 tantum
757 3617 1003 3690 ignorant
1031 3615 1098 3681 ii,
1130 3613 1218 3686 qui
1252 3611 1366 3668 loca
1398 3610 1645 3682 superius
1691 3607 1918 3664 adducta
1959 3605 2101 3661 haud

502 3710 832 3768 intellexere.
891 3707 969 3764 Ex
1007 3722 1114 3778 quo
1170 3723 1275 3760 non
1340 3703 1519 3760 minus
1565 3703 1690 3758 licet
1739 3714 2101 3772 cognoscere,

502 3817 611 3874 quo
671 3800 834 3857 modo
902 3797 1133 3868 potuerit
1209 3795 1553 3850 Tertullianus
1615 3793 1793 3848 dicere
1849 3790 1939 3858 (c.
1998 3789 2100 3862 2.)

509 3894 608 3950 bos
647 3893 954 3963 designatos
992 3898 1271 3960 martyres,
1315 3887 1544 3958 quibus,
1586 3894 1826 3939 nostrum
1868 3881 2102 3937 libellum

507 3984 915 4059 componendo,
947 3983 1160 4054 aliquod
1207 3982 1402 4037 afferre
1444 3979 1858 4036 allevameutmn
1906 3978 2102 4042 voluit,

509 4098 610 4138 non
660 4080 968 4153 participare
1009 4078 1258 4133 solemnes
1303 4075 1566 4129 nationum
1602 4074 1744 4140 dies,
1779 4089 1936 4143 neque
1976 4072 2106 4126 aedi

505 4170 910 4246 spectaculorum
957 4167 1282 4224 clamoribus.
1316 4168 1631 4236 Quanquam
1683 4164 1825 4219 enim
1866 4178 1953 4220 me
1997 4179 2104 4220 non

510 4278 733 4338 prorsus
759 4263 1028 4334 praeterit,
1080 4260 1232 4315 ludos
1263 4259 1425 4315 etiam
1457 4258 1632 4314 editos
1664 4256 1825 4312 fuisse
1872 4271 1939 4312 eo
1971 4267 2104 4311 tem-

510 4373 664 4432 pore,
682 4373 797 4429 quo
825 4356 1070 4427 superior
1097 4342 1312 4410 Severus
1341 4368 1370 4408 a
1402 4351 1613 4408 Parthis
1638 4353 1954 4424 exterisque
1983 4351 2104 4408 bar-

509 4451 656 4508 baris
683 4450 964 4513 rediisset;
999 4447 1122 4502 facit
1154 4456 1330 4500 tamen
1362 4446 1460 4498 hoc
1503 4445 1675 4515 ipsum
1703 4453 2099 4516 argumentum,

2206 3239 2630 3297 detrectaverint
2673 3255 2860 3297 eorum
2916 3241 3251 3297 societatem.
3313 3240 3460 3296 ldem
3525 3254 3648 3297 vero
3693 3253 3786 3293 non

2211 3340 2388 3403 potest
2427 3331 2494 3387 de
2541 3332 2876 3388 Montanistis
2928 3331 3057 3398 dici,
3105 3347 3228 3388 cum
3281 3333 3402 3404 ejus
3445 3333 3524 3390 rei
3577 3347 3668 3388 nec
3695 3329 3787 3386 ulla

2206 3435 2419 3482 exstent
2441 3426 2660 3497 vestigia
2683 3467 2697 3492 ,
2731 3425 2857 3497 quin
2883 3426 3058 3497 potius
3089 3426 3205 3496 ipse
3249 3424 3618 3492 Tertullianus,
3640 3423 3784 3480 etiam

2207 3517 2261 3573 in
2302 3517 2454 3572 libris
2485 3517 2550 3572 iis
2599 3533 2733 3590 quos
2768 3517 3039 3589 popularis
3066 3517 3324 3574 Ecclesia:
3353 3519 3609 3575 doctrinis
3636 3529 3787 3589 Oppo-

2211 3607 2341 3677 suit,
2379 3607 2660 3680 Psyclticos
2681 3609 2748 3664 ab
2780 3609 3046 3665 ha:reticis
3067 3611 3340 3667 subtiliter
3364 3611 3671 3684 distinguat;
3703 3621 3786 3665 nec

2210 3700 2280 3756 ad
2323 3701 2488 3757 ullam
2532 3718 2667 3768 rem,
2701 3719 2819 3776 qua:
2845 3703 3234 3760 credendotnm
3259 3720 3294 3760 a
3322 3707 3623 3762 christiauis
3649 3718 3787 3775 regu-

2209 3793 2316 3850 lam
2343 3796 2692 3867 attingerent,
2721 3796 2996 3854 discordes
3025 3812 3146 3854 esse
3165 3799 3519 3856 Montanis-tas
3546 3811 3596 3855 et
3623 3799 3786 3854 ortho-

2207 3889 2381 3946 doxas
2419 3892 2723 3947 confirmet.
2771 3891 2877 3948 Fac
2917 3892 3096 3962 igitur,
3143 3903 3253 3946 lum
3279 3894 3394 3963 jam
3437 3893 3785 3948 Tertullianunt

2208 3985 2569 4038 secessionem
2599 3982 2792 4040 fecisse
2837 3985 2906 4040 ab
2949 3985 3379 4041 ortltodosorutn
3407 3986 3649 4052 decretis,
3677 3996 3784 4040 cum

2209 4072 2406 4129 librum
2434 4075 2829 4142 conscriberet;
2865 4079 3106 4148 potuitne
3146 4077 3284 4133 bona
3317 4096 3438 4135 eum
3467 4095 3560 4150 Spe
3601 4085 3784 4134 tentare

2211 4179 2395 4236 pacem
2424 4166 2563 4222 inter
2601 4167 2926 4224 dissidentes
2952 4171 3192 4238 captivos
3220 4171 3658 4226 restaurantlatn?
3680 4166 3784 4224 Non

2209 4258 2499 4313 admodum
2531 4268 2680 4330 puto.
2714 4259 3099 4318 Abhorruisset
3125 4264 3267 4318 enim
3303 4264 3412 4321 fere
3451 4281 3480 4320 a
3523 4271 3786 4320 consuetu-

2207 4351 2334 4408 dine
2362 4368 2550 4408 eorum
2606 4354 2745 4410 inter
2783 4355 3022 4426 captivos
3064 4357 3153 4427 qui
3196 4357 3510 4414 orthodoxa:
3555 4354 3783 4413 Ecclesia:

2207 4458 2266 4500 se
2307 4447 2485 4502 socios
2529 4447 2817 4512 dicebant,
2867 4450 3016 4520 sequi
3062 4461 3327 4522 prt'ccc'tta
3369 4448 3783 4521 hominiscujus

507 4543 653 4616 quod
691 4541 758 4599 ad
800 4539 1084 4610 erigendns
1125 4549 1418 4609 martyrum
1460 4537 1668 4591 animos
1721 4538 1854 4608 petit
1895 4553 1925 4592 a
1975 4537 2102 4591 viris
2129 4543 2182 4602 D
2209 4547 2410 4593 sectam
2463 4539 2869 4596 detestabantur
2917 4541 3308 4598 vehementius.
3362 4542 3558 4600 Contra
3606 4558 3698 4611 ea,
3740 4541 3781 4596 si

509 4636 858 4700 clarissimis,
890 4634 982 4705 qui
1025 4631 1167 4687 idem
1195 4630 1400 4702 experti
1445 4638 1598 4685 erant
1627 4629 1791 4684 fatum
1813 4670 1828 4694 ,
1858 4639 1914 4684 ut
1950 4628 2106 4684 ludos

508 4728 872 4800 intelligamus
899 4739 1014 4792 cos,
1045 4739 1178 4794 quos
1204 4723 1377 4778 editos
1403 4722 1649 4776 novimus
1695 4731 1911 4792 preptcr
1937 4722 2106 4777 victo-

507 4826 644 4882 riam
672 4821 927 4892 aNigro,
973 4817 1143 4890 magis
1193 4817 1354 4872 etiam
1404 4815 1472 4870 ab
1519 4814 1702 4890 Albino
1755 4823 2100 4884 reportatam.

507 4917 777 4975 Caeterum
831 4928 933 4984 ego
983 4927 1089 4967 non
1147 4909 1333 4965 dubito
1395 4908 1626 4980 primatu
1683 4907 1859 4962 locum
1919 4917 2105 4962 nostro

509 5011 694 5069 libello
739 5007 1012 5064 vindicare
1051 5005 1193 5060 inter
1219 5017 1313 5058 eos
1335 5044 1349 5066 ,
1383 5016 1612 5072 quorum
1639 5009 1772 5055 attas
1800 5009 1944 5055 certa
1983 5015 2107 5071 qua-

509 5103 636 5160 dam
683 5102 891 5158 ratione
933 5097 1192 5162 cernitur,
1240 5103 1522 5166 propterea
1573 5093 1714 5164 quod
1761 5091 2105 5148 Tertullianus

507 5212 618 5255 non
647 5194 806 5250 modo
833 5199 1224 5248 commemorat
1267 5196 1505 5244 mutuam
1547 5188 1950 5245 candidatorum
2000 5186 2106 5242 lm-

510 5291 644 5365 perii
694 5289 950 5344 adversus
998 5286 1163 5357 partis
1209 5284 1492 5338 contraria:
1539 5283 1715 5338 socios
1757 5282 2099 5351 violentiam,

505 5399 668 5458 quam
709 5397 823 5437 rem
854 5379 961 5435 dici
993 5394 1098 5432 non
1130 5384 1299 5447 potest
1340 5375 1583 5431 extitisse
1605 5417 1620 5442 ,
1654 5375 1755 5430 uisi
1781 5375 1971 5431 eodem
2003 5392 2102 5432 an-

507 5491 580 5535 no
606 5489 714 5546 quo
753 5472 911 5544 periit
958 5470 1192 5534 Albinus,
1241 5467 1294 5522 lt.
1325 5483 1376 5524 e.
1409 5470 1473 5522 Α.
1501 5466 1790 5535 CXCVll.;
1821 5468 1914 5522 sed
1942 5469 2100 5525 etiam

511 5569 842 5627 mentionem
889 5563 1065 5635 injicit
1110 5561 1498 5627 calamitatum,
1538 5575 1670 5631 quas
1693 5560 1907 5616 subiere
1931 5561 2102 5618 chris-

506 5664 676 5728 tiani,
729 5671 978 5728 tanquam
1019 5671 1225 5721 earum,
1280 5671 1399 5725 qua:
1447 5669 1587 5709 nunc
1630 5654 1843 5725 quidem
1891 5654 2099 5711 initium

506 5746 786 5825 ceperint;
831 5750 1119 5819 c.t-lct'it|ttc
1147 5761 1336 5802 omnes
1388 5745 1531 5813 libri,
1581 5747 1774 5815 quibus
1802 5747 2100 5803 scribendis

504 5847 843 5907 occasionem
876 5844 990 5900 ba-c
1031 5853 1328 5913 temporum
1367 5839 1693 5912 perturbatio
1719 5839 1893 5908 dedit,
1923 5839 2096 5898 chris-

2211 4642 2460 4704 Ianquam
2488 4633 2621 4688 civis
2652 4636 2882 4706 purioris
2910 4635 3166 4693 Ecclesia:
3198 4637 3314 4694 luce
3341 4639 3618 4710 scripsisse
3658 4635 3778 4690 dici-

2210 4736 2297 4782 tur
2324 4726 2717 4794 Tertullianus;
2753 4729 2890 4784 istud
2923 4739 3070 4785 certe
3110 4731 3290 4786 odium
3335 4732 3441 4788 dici
3475 4748 3576 4786 non
3624 4735 3780 4800 potest

2209 4819 2593 4889 impedimento
2641 4819 2822 4885 luisse,
2876 4823 3164 4892 quominus
3211 4834 3265 4878 et
3316 4823 3646 4879 Montanista:
3686 4834 3774 4886 ea,

2207 4915 2402 4984 quibus
2455 4914 2642 4970 moniti
2695 4923 2914 4981 essent,
2967 4922 3140 4972 amice
3207 4920 3479 4990 accepturi
3555 4917 3776 4972 fuissent.

2211 5005 2324 5060 Imo
2369 5006 2457 5060 vix
2513 5006 2643 5061 mihi
2692 5008 3027 5076 persuadeo,
3075 5007 3450 5064 Tertullianum
3497 5009 3562 5066 ad
3611 5019 3776 5080 pacem

2208 5099 2532 5170 martyribus
2560 5100 3041 5154 commendandam
3071 5117 3287 5157 usurum
3316 5102 3482 5159 fuisse
3511 5103 3609 5158 hoc
3635 5114 3776 5170 argu-

2207 5199 2388 5246 mento
2409 5189 2536 5260 Cap.
2567 5189 2609 5256 l,
2661 5191 2825 5262 quod,
2873 5194 2916 5246 si
2983 5193 3096 5262 paci
3143 5209 3266 5249 eum
3319 5195 3438 5251 aliis
3483 5193 3772 5255 studerent,

2205 5294 2427 5355 possent
2478 5283 2613 5340 forte
2665 5285 2954 5356 aliquando
3007 5297 3061 5342 et
3100 5287 3220 5343 aliis
3272 5303 3456 5359 pacem
3509 5283 3771 5345 conferre:

2207 5391 2330 5433 cum
2401 5379 2574 5433 sciant
2629 5394 2849 5446 omnes,
2903 5379 2992 5451 qui
3051 5380 3167 5451 ejus
3235 5381 3429 5437 librum
3480 5381 3544 5435 de
3593 5374 3773 5451 pudici-

2207 5473 2278 5527 tia
2325 5472 2552 5544 legerint
2597 5472 2678 5545 (e.
2723 5472 2854 5546 22),
2910 5490 3072 5546 quam
3130 5474 3322 5532 acerbe
3359 5475 3428 5532 de
3487 5475 3589 5530 isto
3635 5483 3771 5527 more

2204 5563 2365 5620 dandi
2421 5566 2567 5636 pacis
2638 5565 2845 5623 libellos
2913 5567 3252 5638 judicavcrit.
3321 5568 3556 5638 Denique
3604 5577 3770 5620 exem-

2204 5658 2295 5728 plo
2335 5659 2566 5717 hominis
2609 5661 2897 5729 auetorati,
2937 5661 3081 5734 quod
3132 5673 3215 5718 est
3263 5662 3313 5717 in
3365 5670 3546 5717 nostro
3604 5654 3770 5714 libello

2204 5765 2254 5808 c.
2287 5753 2340 5808 5.
2390 5768 2493 5810 non
2541 5754 2748 5822 minus,
2795 5771 2954 5825 quam
3000 5757 3053 5811 in
3086 5757 3258 5826 primo
3284 5755 3352 5809 ad
3381 5755 3602 5808 nationes
3645 5749 3768 5804 libro

2203 5859 2255 5899 c.
2311 5845 2376 5902 l8
2408 5889 2423 5916 ,
2469 5861 2572 5903 non
2629 5859 2744 5919 est,
2797 5848 2938 5920 quod
2970 5848 3058 5905 ditt
3099 5850 3476 5907 inunoremur.
3529 5845 3605 5903 Sit
3648 5854 3768 5899 sane
