4084 6344
335 305 436 365 11⁸5

1203 300 1314 365 ,Λα
1357 298 1698 358 DOCTRINA
1739 297 2172 358 SCRIPTORUM
2211 298 2696 358 TERTULLIANI.

3518 311 3623 368 ιιι

343 402 518 477 librum
567 423 805 472 nOSIrttm
856 414 1209 472 recentiorem
1259 429 1380 472 esse
1422 416 1546 481 illo,
1600 415 1720 486 quis
1774 413 1915 470 dicet
1943 416 1995 475 Α
2021 413 2178 467 servir
2202 412 2233 465 ὰ
2263 412 2525 469 l’llistoire
2542 413 3034 488 Ecclésiastiquedes
3064 432 3144 473 sta.
3165 419 3616 489 premierssiécles,

347 529 402 571 ea
453 513 514 569 de
552 525 739 568 caussa
799 520 1040 567 nostrum
1116 525 1235 566 esse
1301 509 1643 566 Montanismi
1697 522 1916 579 suSpec-

350 617 468 674 tum,
498 606 591 662 nisi
614 604 722 676 jam
750 615 900 660 certo
928 613 1137 660 constet
1166 604 1241 672 id,
1270 604 1412 676 quod
1440 602 1686 658 falsitatis
1729 611 1915 673 postea

350 701 725 766 conviocemus,
777 698 944 753 libros
970 697 1038 751 ad
1064 697 1290 751 nationes
1320 696 1484 752 fuisse
1521 711 1550 750 a
1596 693 1914 750 Tertulliano

351 793 590 852 conlectos
613 833 627 855 .
657 802 942 864 postquam
971 807 1091 846 cum
1121 791 1460 846 Montanistis
1491 789 1912 846 familiaritatem

351 887 693 944 contraxerat?
723 887 986 941 Pra‘terea
1015 886 1058 940 si
1089 883 1438 953 Hoﬁ‘utannus
1477 884 1576 939 sibi
1605 884 1768 939 licere
1812 897 1912 953 pu-

348 982 479 1044 tavit.
523 989 575 1034 ut
625 989 867 1034 nostrum
923 978 1160 1036 libellum
1215 978 1564 1048 posteriorem
1619 991 1740 1031 esse
1797 975 1912 1031 istis

353 1072 477 1129 libris
496 1071 721 1136 diceret;
767 1071 923 1127 nobis
969 1070 1398 1142 parijnrelicet,
1446 1068 1542 1124 hos
1587 1067 1910 1138 posteriores

349 1167 614 1224 existimare
641 1173 862 1228 nostro;
893 1164 1052 1236 idque
1077 1179 1144 1221 eo
1172 1163 1342 1233 magis
1364 1204 1380 1228 ,
1409 1176 1517 1232 quo
1544 1161 1744 1218 certius
1787 1170 1910 1229 est,

347 1263 466 1318 hunc
487 1261 576 1316 sub
613 1261 910 1316 vexationis
941 1260 1150 1316 initium
1177 1302 1192 1328 ,
1223 1259 1343 1314 illos
1367 1259 1420 1314 in
1447 1258 1567 1330 ipso
1598 1257 1750 1329 quasi
1783 1271 1907 1328 per-

345 1353 628 1411 turbationis
653 1363 784 1408 azstu
809 1354 1093 1425 prodiisse.

345 1493 478 1568 §Ii.
528 1524 597 1536 —-
646 1493 798 1547 Liber
846 1494 908 1547 de
955 1493 1272 1564 Spectaculis
1321 1493 1383 1546 Α.
1431 1489 1742 1547 CXCVIII.
1776 1507 1902 1546 con-

399 1588 611 1656 scriptus.
681 1585 1039 1640 Dubitutiones
1083 1583 1440 1652 Tillemontii,
1498 1582 1803 1652 Hoﬂ'manni
1857 1592 1903 1638 et

398 1677 592 1749 Dupinii
611 1677 898 1731 solvuntur.

2021 505 2258 562 tom.I|l.
2287 506 2417 562 edit.
2447 506 2799 565 Paris.l70I.
2834 509 2997 566 in-l°.
3050 526 3104 582 p.
3150 511 3325 583 210.).
3370 512 3478 570 Sed
3531 515 3620 572 isti

2018 600 2277 671 opinioni,
2297 616 2404 672 quo
2423 603 2600 658 minus
2615 602 2876 658 calculum
2901 603 3233 675 adjiciamus,
3265 605 3488 678 impedit
3508 609 3619 680 pri-

2018 710 2164 750 mum
2193 695 2314 759 hoc,
2344 696 2487 766 quod
2515 695 2867 752 Tertullianus
2891 698 3148 769 praesides
3172 698 3318 757 dicat
3342 711 3617 766 auctores

2017 787 2378 842 calamitatum
2413 788 2466 843 in
2494 787 2837 856 christianos,
2863 797 2922 844 ut
2945 789 3245 848 abhorrens
3275 793 3523 852 videatur
3545 795 3616 854 ab

2017 881 2116 937 ista
2142 883 2392 938 cautione
2423 897 2486 937 ac
2506 882 2684 939 studio
2712 883 3028 939 Tertulliani
3049 885 3358 943 removendi
3386 902 3414 942 a
3433 887 3608 945 chris-
3653 903 3656 906 ’

2015 974 2173 1028 tianis
2197 989 2411 1030 omnem
2438 974 2799 1045 suspicionem
2835 974 3092 1046 neglectae
3113 976 3330 1048 pietatis
3349 977 3610 1036 adversus

2017 1068 2418 1140 Imperatorem.
2461 1069 2643 1138 Itaque
2673 1068 2770 1124 hac
2813 1071 2925 1138 ipsa
2952 1070 3203 1125 cautione
3249 1070 3383 1127 alias
3406 1070 3614 1128 Tertul-

2013 1162 2153 1218 liano
2172 1162 2342 1218 ubivis
2368 1162 2629 1226 adhibita,
2651 1177 2811 1233 quam
2835 1162 2923 1218 hic
2943 1163 3133 1219 abesse
3154 1163 3420 1232 videmus,
3438 1165 3609 1221 addu-

2009 1256 2250 1311 cimuriu
2279 1270 2399 1311 eam
2429 1257 2748 1311 sententiam
2779 1264 2834 1310 ut
2883 1255 3190 1323 credamus,
3219 1266 3460 1327 teropore
3479 1256 3610 1313 editi

2011 1349 2171 1418 hujus
2199 1349 2364 1407 libelli
2395 1349 2630 1405 nondum
2658 1349 2879 1405 sceleris
2900 1350 3051 1404 istius
3071 1348 3328 1406 adversus
3350 1349 3603 1407 christia-

2015 1459 2111 1498 nos
2145 1443 2460 1514 participem
2490 1441 2654 1498 fuisse
2685 1442 2948 1508 Severum,
2981 1441 3155 1512 qualis
3185 1450 3367 1498 tamen
3399 1441 3496 1496 fuit
3535 1442 3602 1498 A.

2008 1536 2184 1593 CCIV.
2237 1551 2360 1592 cum
2406 1535 2516 1592 ludi
2547 1536 2631 1591 isti
2681 1536 2969 1592 saeculares
3015 1536 3321 1591 ederentur.
3391 1533 3595 1592 Deinde

2009 1629 2314 1684 el'ticeretur
2367 1611 2480 1699 ipsa
2528 1628 2629 1683 hac
2657 1627 3092 1683 dissentientium
3121 1626 3377 1699 opinione
3400 1668 3417 1691 .
3459 1626 3602 1684 hunc

2009 1724 2203 1779 librum
2233 1723 2488 1792 scripturn
2511 1736 2632 1778 esse
2660 1738 2691 1777 a
2719 1720 3043 1776 Tcrtulliano
3065 1762 3078 1786 ,
3131 1735 3253 1777 cum
3300 1721 3604 1777 transiisset

396 1791 574 1849 Eadem
607 1800 946 1888 ῑεῐηρθδξίιιθι
979 1790 1194 1847 ἀυῦίυηι
1225 1805 1328 1888 "9"
1351 1799 1452 1888 θειτ
1473 1789 1903 1861 (ιυῑηΤενιυηία-
1935 1790 1981 1849 Β
2009 1816 2076 1872 ad
2117 1823 2296 1888 partes
2340 1789 2823 1878 blontanistarum;
2863 1813 3005 1884 quod
3052 1812 3209 1884 longe
3229 1827 3388 1869 secus
3410 1821 3514 1878 est,
3541 1822 3598 1868 ut

333 1908 414 1945 nus
437 1890 613 1946 librum
635 1889 699 1943 de
725 1877 1047 1960 Spectaculis
1080 1887 1330 1943 ediderit.
1376 1885 1456 1942 Ad
1484 1887 1628 1954 quod
1655 1887 1901 1942 ellicien-

331 1985 438 2040 dum
466 1983 561 2039 nisi
591 1992 866 2038 uteremur
887 1981 995 2037 alio
1019 1990 1358 2052 argumento,
1395 1995 1564 2051 quam
1598 1979 1699 2034 hoc
1720 2021 1733 2041 ,
1757 1977 1901 2050 quod

337 2077 463 2133 illum
521 2075 710 2130 librum
744 2074 1054 2130 excitaverit
1087 2074 1138 2128 in
1181 2087 1246 2128 eo
1296 2087 1454 2143 quem
1508 2072 1571 2126 de
1604 2071 1902 2127 idololatria

334 2169 519 2240 scripsit
573 2183 690 2240 cap.
748 2169 835 2232 l5,
878 2166 1132 2237 perfacile
1173 2175 1316 2222 esset
1361 2164 1698 2234 intelligere,
1759 2163 1901 2220 hunc

337 2271 386 2316 ut
426 2261 679 2318 minimum
735 2262 800 2315 Α.
846 2258 1120 2314 CXCVIII.
1173 2258 1276 2314 luci
1333 2257 1560 2329 publica:
1599 2256 1899 2327 expositum

340 2355 512 2422 luisse,
555 2369 672 2411 cum
754 2351 1101 2408 Tertullianus
1178 2351 1325 2405 illum
1372 2349 1560 2405 eodem
1612 2347 1725 2404 fere
1757 2362 1900 2404 anno

338 2462 439 2502 cum
474 2447 772 2502 christianis
818 2444 1321 2500 comnmuicaverit.
1364 2442 1471 2498 Sed
1523 2441 1680 2498 docet
1720 2443 1895 2512 ipsum

341 2521 437 2610 ejus
463 2542 507 2596 in
536 2542 635 2595 hoc
672 2539 813 2595 libro
858 2537 1248 2594 conscribeudu
1297 2537 1580 2592 consilium
1619 2532 1896 2591 evertendi

349 2635 474 2689 istaut
505 2635 794 2707 opinionem
817 2674 831 2698 ,
868 2633 1008 2703 quod
1044 2632 1356 2688 Christianis
1399 2632 1586 2686 liceret
1633 2629 1896 2685 interesse

347 2727 657 2798 Spectaculis,
718 2727 958 2782 maxime
1003 2735 1112 2781 tum
1160 2725 1304 2780 edita
1344 2723 1662 2795 Spectacula
1704 2725 1892 2789 fuisse,

286 2867 296 2876 .
342 2838 441 2891 qua:
461 2833 751 2894 contempta
781 2839 810 2877 a
841 2821 1149 2877 christianis
1196 2829 1447 2892 tauquam
1482 2819 1715 2890 expedito
1743 2818 1894 2874 morti

335 2933 500 2987 genere,
539 2917 761 2973 Deorum
799 2916 1033 2971 cultores
1070 2915 1320 2971 dicebant
1365 2915 1383 2984 (
1405 2915 1468 2968 de
1513 2913 1686 2984 Spert.
1733 2929 1781 2966 c.
1815 2911 1889 2985 I).

333 3009 440 3077 Qua:
473 3011 674 3081 quidem
713 3009 866 3065 valde
909 3009 1128 3076 dubito,
1193 3023 1259 3062 an
1303 3008 1370 3062 de
1409 3007 1529 3062 aliis
1587 3005 1705 3076 capi
1750 3006 1890 3074 Spe-

333 3103 519 3158 ctaculis
565 3103 787 3174 )tOsrittl,
832 3117 990 3172 quam
1031 3099 1100 3156 de
1145 3099 1246 3163 iis,
1293 3115 1414 3171 qua:
1465 3109 1682 3170 prepter
1713 3096 1888 3154 Severi

331 3197 523 3253 reditum
583 3199 969 3268 victoriamque
1025 3196 1094 3252 ab
1135 3197 1320 3251 Albino
1367 3205 1688 3267 reportatam
1716 3237 1730 3262 ,
1781 3210 1887 3250 non

330 3291 485 3348 Roma:
541 3294 734 3361 solum,
786 3293 880 3348 sed
929 3307 1024 3363 per
1075 3292 1378 3362 provincias
1427 3292 1588 3348 etiam
1639 3291 1783 3364 (coll.
1834 3305 1886 3347 c.

329 3385 399 3456 7.)
441 3387 569 3443 edita
613 3403 736 3444 esse
791 3386 1074 3457 leguntur;
1129 3387 1305 3459 qualia
1348 3387 1448 3441 isto
1514 3395 1758 3457 tempore
1788 3384 1886 3439 ha-

327 3479 732 3552 bet'Spartianus
782 3482 834 3536 in
879 3482 1081 3537 Severo
1139 3495 1189 3536 c.
1245 3480 1334 3536 Μ.
1393 3480 1634 3552 Namque
1682 3479 1726 3534 si
1764 3479 1889 3534 Ter-

331 3574 562 3630 tulliannm
609 3575 767 3632 ludos
813 3589 1242 3631 commemorare
1267 3574 1510 3652 videmus
1549 3577 1636 3643 (c.
1665 3573 1792 3646 16.)
1823 3575 1886 3630 de

328 3667 544 3723 natalibus
565 3679 610 3724 et
632 3667 942 3723 solemnibus
958 3684 1130 3740 regum
1143 3677 1188 3722 et
1209 3667 1424 3739 publicis
1441 3668 1882 3739 prosperitatibus,

324 3775 518 3833 cumque
541 3763 746 3829 dicere,
779 3763 955 3818 nullos
973 3778 1000 3816 a
1029 3762 1173 3817 cultu
1202 3761 1430 3817 Deorum
1458 3762 1723 3816 immunes
1739 3776 1880 3828 esse,

313 3853 399 3907 sub
419 3871 719 3925 quocumque
745 3855 950 3909 demum
978 3855 1180 3910 nomine
1201 3866 1248 3909 et
1279 3855 1426 3908 titulo
1459 3856 1730 3909 ederentur
1752 3869 1771 3918 ;
1830 3853 1882 3908 id

322 3961 487 4018 nempe
539 3950 679 4021 quod
735 3949 968 4005 diximus
997 3949 1654 4021 suspicamur.»maxime
1684 3948 1882 4004 inducti

320 4052 375 4094 eo
416 4041 543 4111 quod
568 4043 813 4112 prtesides
839 4041 982 4098 dicat
1010 4042 1081 4113 (c.
1115 4041 1231 4112 '50.)
1254 4051 1597 4112 persecutores
1636 4041 1883 4096 dominici

321 4134 870 4203 norninis,vsteeioribus,
897 4152 1048 4207 quam
1075 4137 1174 4207 ipsi
1215 4146 1395 4190 contra
1423 4135 1729 4190 christianos
1777 4150 1880 4190 sa:-

318 4224 489 4294 uierint,
515 4228 736 4298 ﬂammis
764 4228 1128 4283 insultantibus
1151 4228 1272 4283 olim
1300 4229 1665 4306 liquescenles;
1701 4238 1753 4284 et
1774 4229 1880 4284 alio

316 4318 518 4387 quodam
547 4320 665 4377 loco
717 4320 786 4392 (c.
819 4320 936 4392 26.)
976 4321 1115 4393 quod
1160 4322 1214 4376 in
1252 4322 1556 4378 christianos
1596 4322 1881 4393 quotidiani

315 4411 462 4470 leones
507 4418 918 4486 expostulantur.
979 4435 1041 4473 ac
1090 4419 1430 4474 decernuntur
1485 4421 1875 4490 persecutiones.

2007 1922 2133 1963 mox
2165 1906 2452 1970 videbitur,
2481 1919 2544 1960 ac
2574 1903 2885 1974 repudiatur
2911 1903 2979 1959 ab
3007 1903 3136 1973 ipsis
3167 1903 3250 1958 his
3301 1905 3392 1975 qui
3445 1917 3600 1959 secus

2005 2001 2333 2056 existimant.
2375 1999 2557 2070 Neque
2584 2013 2714 2054 vero
2734 1998 3013 2065 aliorsum,
3036 2013 3195 2069 quam
3219 1996 3332 2054 fere
3352 1997 3418 2053 ad
3443 1998 3599 2070 hujus

2005 2093 2129 2150 anui
2161 2090 2430 2150 CXCVIII.
2457 2091 2666 2147 initium
2697 2132 2712 2156 ,
2769 2089 2911 2145 hunc
2935 2089 3131 2144 librum
3163 2088 3351 2146 referri
3374 2105 3470 2160 par
3494 2098 3597 2154 est,

2005 2187 2258 2257 quoniam
2287 2193 2414 2241 ante
2438 2184 2634 2241 Maium
2664 2183 2787 2239 anni
2831 2183 3210 2256 praecedentis,
3225 2183 3314 2240 vix
3338 2184 3594 2240 credibile

2005 2287 2121 2343 est,
2179 2277 2427 2332 Severum
2484 2275 2706 2331 Romam
2754 2275 3002 2340 rediisse,
3032 2289 3153 2331 cum
3178 2274 3430 2348 sintpost
3469 2290 3600 2347 pug-

2003 2385 2128 2427 nam
2155 2369 2564 2441 Lugdunensem
2600 2368 2650 2440 (§
2675 2369 2786 2438 10.)
2816 2369 2979 2425 multa
3009 2368 3186 2426 adhuc
3218 2369 3286 2424 ab
3314 2370 3429 2440 ipso
3447 2385 3596 2428 com-

2004 2464 2180 2534 posita
2207 2461 2349 2532 (Vid.
2374 2459 2660 2518 Herodiani
2689 2461 2847 2527 Hist.,
2895 2462 2931 2516 I.
2965 2460 3048 2520 Ill.
3073 2461 3596 2534 c.8.ed.Boecleri);

2001 2556 2143 2612 unde
2174 2556 2254 2624 Iit,
2279 2564 2340 2612 ut
2366 2570 2467 2612 nec
2494 2557 2706 2613 libellus
2732 2558 2798 2610 ad
2829 2567 3078 2625 martyres
3107 2598 3121 2624 ,
3149 2556 3239 2628 qui
3283 2566 3468 2612 nostro
3517 2570 3594 2614 est

1999 2649 2266 2719 superior,
2297 2648 2397 2704 nisi
2424 2648 2491 2703 ad
2517 2649 2657 2703 illius
2675 2648 2801 2704 anni
2825 2648 3007 2716 linem,
3033 2649 3263 2720 scriptus
3285 2649 3587 2719 possitdici.

1999 2741 2093 2798 Cui
2121 2743 2164 2796 si
2189 2741 2452 2796 addamus
2478 2740 2552 2805 id,
2582 2741 2724 2812 quod
2750 2756 2850 2797 suo
2879 2741 3001 2798 loco
3028 2740 3363 2807 docebimus,
3395 2741 3590 2799 librum

2001 2835 2064 2889 de
2092 2833 2406 2888 ldololatria
2457 2833 2810 2905 posteriorem
2846 2848 2966 2889 esse
2987 2849 3053 2890 eo
3080 2834 3141 2888 de
3169 2834 3512 2906 Spectaculis,
3541 2847 3589 2892 et

1995 2926 2184 2983 eodem
2217 2941 2359 2981 anno
2380 2926 2735 2995 compositum
2761 2943 2774 2992 ;
2805 2926 2923 2982 h;rc
2953 2935 3134 2982 nostra
3166 2926 3235 2983 de
3260 2938 3418 2983 aetate
3449 2928 3594 2983 libri

1995 3019 2061 3074 de
2091 3018 2415 3088 Spectaculis
2442 3019 2708 3074 sententia
2743 3018 2866 3074 inde
2890 3019 3196 3074 necessario
3241 3020 3586 3092 intelligetur.

2001 3116 2169 3184 Atque
2197 3113 2311 3168 haec
2337 3111 2523 3168 eadem
2553 3111 2670 3166 libri
2703 3123 2834 3167 retas
2876 3111 3213 3169 demonstrat
3257 3113 3390 3170 satis
3414 3157 3430 3181 ,
3482 3130 3586 3172 non

1996 3221 2154 3276 posse
2175 3221 2295 3262 eum
2326 3204 2510 3260 haberi
2537 3207 2588 3259 in
2639 3221 2864 3260 rmmero
2901 3222 3087 3261 eormn
3109 3249 3125 3273 ,
3173 3222 3310 3277 quos
3332 3199 3590 3264 addictus

1992 3310 2155 3356 secta:
2186 3298 2628 3355 Montanistarum
2662 3297 3006 3354 Tertullianus
3049 3302 3410 3372 conscripsit;
3465 3301 3589 3358 huic

1991 3393 2134 3448 enim
2158 3391 2469 3462 adjunxisse
2497 3407 2556 3446 se
2581 3406 2703 3447 eum
2729 3394 2792 3446 A.
2815 3391 2872 3446 P.
2892 3391 2954 3446 C.
2976 3391 3036 3446 N.
3058 3390 3162 3448 CC.
3179 3408 3337 3464 supra
3351 3393 3589 3464 disputa-

1990 3483 2166 3538 vimus
2190 3499 2206 3548 ;
2233 3498 2412 3548 neque
2441 3482 2544 3538 ulla
2573 3492 2654 3538 est
2683 3482 2781 3552 ipsi
2810 3482 2948 3538 libro
2973 3483 3230 3552 impressa
3255 3492 3376 3538 nota
3399 3486 3585 3542 imbuti
3655 3537 3660 3540 .

1989 3575 2428 3632 Montanistarum
2459 3575 2734 3630 erroribus
2755 3575 2942 3629 animi.
2989 3577 3052 3632 At
3082 3575 3166 3632 hic
3203 3585 3378 3632 tamen
3426 3578 3582 3634 libel-

1990 3669 2073 3723 Ius
2102 3668 2241 3723 libro
2265 3667 2329 3721 de
2352 3666 2551 3723 Corona
2583 3668 2849 3738 posterior
2877 3677 2978 3733 est,
3012 3684 3169 3738 quem
3193 3684 3353 3724 nemo
3379 3669 3583 3726 Monta-

1989 3761 2151 3818 nismi
2181 3761 2330 3832 signa
2378 3759 2577 3816 habere
2630 3770 2807 3832 negat.
2851 3760 2926 3816 lla
2980 3762 3091 3817 lere
3132 3760 3478 3830 Ilo/[manuus
3526 3765 3579 3821 in

1988 3856 2121 3911 diss.
2181 3854 2324 3911 laud.
2373 3854 2401 3927 ᾗ
2428 3853 2483 3910 7.
2513 3870 2528 3920 ;
2594 3870 2624 3910 a
2654 3871 2760 3926 quo
2799 3855 2844 3909 si
2874 3856 3138 3913 rationem
3160 3856 3280 3928 ejus
3302 3859 3375 3912 rei
3401 3868 3582 3929 postu-

1987 3951 2084 4014 las,
2116 3958 2357 4006 nostrum
2393 3949 2657 4019 prodiisse
2681 3949 2878 4004 librum
2911 3949 3220 4021 rcSpondet.
3257 3969 3277 4002 ι
3311 3967 3434 4007 cum
3480 3967 3579 4022 pas

1987 4042 2246 4099 Ecclesia:
2277 4057 2382 4097 non
2412 4041 2627 4112 quidem
2651 4041 2834 4097 Severi
2865 4042 3074 4106 edictis,
3117 4042 3210 4098 sed
3251 4043 3581 4100 clamoribus

1988 4137 2168 4209 populi
2211 4145 2268 4193 et
2313 4136 2606 4192 Pratsidum
2649 4135 2971 4191 auctoritate
3012 4135 3219 4191 sublata
3246 4146 3408 4193 esset.
3437 4156 3457 4190 ι
3511 4137 3580 4192 At

1986 4230 2175 4286 eodem
2205 4229 2294 4284 illo
2322 4237 2638 4300 argumento
2663 4227 2943 4295 adductus,
2974 4243 3097 4284 cum
3129 4229 3366 4284 animum
3395 4229 3583 4301 appel-

1985 4324 2114 4380 leret
2146 4323 2211 4378 ad
2237 4322 2578 4378 scribendum
2603 4321 2795 4377 librum
2827 4321 2893 4378 de
2922 4320 3278 4394 Spectaculis,
3309 4321 3583 4378 Tertullia-

1985 4432 2105 4470 num
2124 4415 2278 4484 plane
2297 4415 2550 4471 existimo
2566 4414 2879 4469 orthodoxa:
2901 4413 3115 4469 I'amilim
3133 4413 3371 4470 sodalem
3390 4413 3582 4471 fuisse.

319 4502 458 4576 Igitur
475 4508 582 4578 jam
612 4518 722 4564 tum
753 4511 1016 4568 Pra'sides
1043 4512 1315 4567 vexabant
1355 4511 1556 4567 Christi
1597 4514 1874 4579 cultores;
1903 4525 1970 4586 Β.
1988 4508 2225 4578 Namque
2270 4509 2376 4562 vim
2427 4508 2728 4577 argumenti
2771 4507 3024 4563 contrarii
3067 4508 3371 4564 universam
3421 4509 3474 4563 in
3514 4523 3583 4565 eo

315 4600 483 4669 quibus
499 4603 838 4673 pertinaciam
863 4604 915 4658 in
937 4603 1226 4675 rejicienda
1240 4603 1676 4675 Spectaculorum
1692 4605 1880 4676 volup-

316 4697 406 4746 tate
423 4693 573 4764 ohjici
615 4710 712 4751 usu
767 4706 984 4759 venerat
1019 4695 1040 4768 (
1063 4712 1115 4752 c.
1149 4697 1267 4765 1.).
1310 4696 1600 4752 Enimvero
1645 4697 1879 4755 diximus

313 4780 421 4854 57.
466 4789 513 4843 in
542 4790 749 4846 caussis
821 4790 1053 4846 violandi
1133 4790 1455 4847 christianos
1519 4807 1639 4848 eam
1716 4793 1880 4850 fuisse

313 4875 544 4946 habitam,
573 4882 717 4953 quod
748 4882 802 4938 hi
825 4883 925 4940 sibi
954 4883 1196 4956 religioni
1270 4884 1528 4940 ducerent
1589 4886 1772 4959 venire
1810 4887 1878 4943 ad

312 4966 464 5036 ludos,
489 4973 762 5045 ipsamque
790 4974 931 5031 hanc
950 4977 1207 5032 saevitiam
1238 4976 1497 5033 adversus
1516 4992 1611 5032 eos
1650 4978 1760 5049 jam
1809 4982 1877 5036 Α.

313 5057 537 5120 CXCVII.
567 5067 844 5122 extitisse:
887 5083 1046 5137 quam
1077 5067 1148 5122 ob
1184 5083 1297 5124 rem
1345 5068 1508 5123 ullum
1553 5069 1667 5125 lore
1719 5069 1878 5126 dubi-

316 5161 483 5222 tamus,
512 5157 600 5230 qui
629 5158 738 5214 alio
766 5176 924 5230 quam
953 5159 1054 5216 hoc
1080 5169 1173 5216 aut
1195 5163 1439 5233 sequenti
1457 5177 1598 5217 anno
1621 5164 1876 5234 scriptum

315 5259 414 5302 esse
435 5248 500 5306 de
531 5249 863 5320 Spectaculis
903 5251 1097 5308 librum
1142 5252 1368 5324 judicet.
1411 5254 1586 5326 Atque
1625 5271 1726 5327 ego
1769 5269 1911 5314 non'

316 5336 478 5408 ignoro
523 5343 722 5398 multos
774 5342 939 5401 luisse
971 5347 1023 5401 in
1051 5357 1113 5402 ea
1145 5347 1420 5417 opinione,
1465 5349 1616 5419 quasi
1662 5349 1874 5405 Tertul-

314 5433 458 5492 liauus
485 5449 668 5494 nostro
694 5439 747 5494 in
775 5439 954 5495 libello
974 5441 1302 5511 respexisset
1321 5441 1496 5512 potius
1516 5442 1673 5500 ludos
1697 5459 1872 5501 smcu-

315 5525 450 5595 lares,
473 5548 700 5604 quorum
740 5533 1057 5590 memoriam
1085 5545 1161 5592 tot
1192 5537 1424 5592 nummis
1454 5539 1702 5594 novimus
1727 5539 1879 5595 cele-

311 5619 495 5680 bratam
517 5666 534 5690 ,
565 5637 620 5682 et
650 5624 766 5697 ipse
807 5625 876 5684 ad
907 5625 1045 5687 hanc
1071 5630 1392 5685 sententiam
1418 5629 1694 5688 inclinavit
1717 5631 1878 5692 Tillev

317 5718 552 5790 manlius,
593 5721 1052 5792 accuratissinms,
1099 5723 1204 5784 sia
1248 5725 1458 5785 ratione
1499 5725 1880 5801 chronologica

316 5808 646 5892 discesseris,
690 5813 879 5880 Irarum
911 5832 1092 5886 rerum
1123 5818 1390 5902 interpres
1422 5820 1719 5907 (Wmoires
1751 5841 1881 5908 pour

1984 4615 2104 4656 esse
2173 4598 2328 4654 video
2399 4598 2540 4671 quod
2594 4599 2644 4652 iu
2695 4599 2798 4653 isto
2881 4598 3018 4654 libro
3064 4599 3128 4653 de
3172 4598 3394 4664 Corona,
3447 4598 3574 4654 c.I.

1985 4689 2334 4746 Tertullianus
2389 4689 2585 4745 bonam
2634 4689 2952 4762 longamque
3018 4705 3203 4762 pacem
3265 4689 3574 4748 christianis

1975 4784 2160 4847 adhuc
2185 4783 2351 4839 fuisse
2372 4783 2510 4838 dicat
2539 4799 2553 4848 ;
2577 4781 2662 4839 cui
2691 4781 2814 4851 quid
2840 4781 3270 4854 respondendum
3289 4783 3578 4854 sit,postea

1984 4876 2198 4933 dabitur
2223 4875 2556 4932 commodior
2578 4874 2786 4930 dicendi
2810 4875 2979 4929 locus.
3014 4873 3117 4930 Sed
3143 4875 3281 4929 istud
3305 4891 3330 4926 a
3350 4871 3580 4931 veritate

1985 4969 2218 5024 alienum
2271 4977 2352 5023 est
2379 5009 2395 5034 ,
2450 4967 2592 5037 quod
2643 4967 2705 5020 de
2744 4966 3061 5035 Spectacults
3085 4966 3220 5021 liber
3247 4967 3480 5036 scriptus
3508 4969 3582 5024 sit

1983 5070 2106 5132 post
2149 5060 2342 5116 lihrmn
2389 5059 2453 5114 de
2483 5059 2726 5122 Corona;
2775 5058 2927 5128 cujus
2981 5059 3058 5113 rei
3106 5067 3296 5114 teatem
3320 5059 3581 5115 habemus

1982 5154 2157 5226 ipsum
2191 5152 2558 5208 Tertullianum
2587 5153 2744 5222 plane
2771 5149 3121 5218 contrarium,
3151 5151 3241 5221 qui
3271 5151 3326 5208 iu
3367 5152 3472 5208 isto
3517 5153 3582 5207 de

1985 5247 2184 5304 Corona
2209 5248 2388 5304 libello
2414 5262 2535 5317 cap.
2567 5245 2620 5300 6.
2658 5246 2773 5300 huic
2816 5243 3041 5298 materia:
3062 5285 3078 5310 ,
3112 5244 3285 5316 inquit
3306 5285 3320 5308 ,
3372 5255 3582 5318 propter

1981 5341 2296 5398 suaviludios
2323 5348 2540 5405 nostros,
2566 5353 2733 5409 gra'co
2772 5352 2970 5407 quoque
3007 5334 3141 5408 style
3191 5335 3578 5404 satisfacimus;

1982 5432 2254 5505 loquimur
2304 5439 2481 5486 autem
2520 5429 2589 5484 de
2621 5428 2992 5498 Spectaculis,
3047 5442 3168 5498 qua:
3221 5425 3381 5484 ducta
3430 5435 3582 5498 putat

1982 5539 2014 5580 e
2035 5523 2232 5579 diaboli
2263 5521 2563 5597 disciplina.
2595 5519 2663 5576 Et
2693 5520 2794 5575 hoc
2823 5520 2996 5591 ipsum
3029 5519 3134 5589 jam
3156 5517 3403 5574 Allixium
3425 5533 3583 5575 com-

1947 5600 2170 5681 'movit,
2211 5623 2270 5670 ut
2302 5625 2540 5671 nostrum
2573 5613 2636 5669 de
2657 5612 2978 5684 Spectaculis
2999 5611 3194 5668 librum
3220 5611 3578 5684 antiquiorem

1983 5723 2050 5769 eo
2075 5721 2196 5769 esse
2225 5706 2570 5774 decerneret;
2599 5705 2753 5777 cujus
2777 5705 3076 5777 argumenti
3102 5703 3207 5760 vim
3229 5701 3583 5775 Ilo/Imaum“

1983 5803 2096 5868 vult
2123 5800 2390 5886 {rurigerq
2418 5801 2558 5884 quod
2589 5799 2655 5862 de
2685 5816 2860 5888 grue
2887 5799 3069 5869 libello
3107 5813 3414 5898 sermnem
3457 5814 3584 5877 9819
