4084 6344
338 293 453 351 ﬂ?

1308 289 1398 348 AC
1436 287 1780 349 DOCTRINA
1817 285 2254 349 SCRIPTORUM
2291 285 2774 349 TERTULLIANI.

3551 293 3654 350 “8

341 407 459 463 Sed
489 413 665 480 postea
686 403 740 462 in
769 404 976 478 Syriam
999 403 1170 471 rediit,
1198 403 1270 459 ita
1318 412 1374 460 ut
1427 420 1482 460 se
1510 414 1716 476 pararet
1750 421 1810 459 ac
1837 404 1946 460 ὁτι·
1974 405 2029 466 Α
2053 417 2174 458 rum
2211 401 2517 459 Tertulliani
2545 412 2600 459 et
2637 401 2878 461 doctrina
2906 411 2964 461 et
2989 403 3226 463 candore
3267 406 3651 478 praestantissi-

339 503 459 557 lum
487 500 706 556 Parthis
719 501 948 571 inferret.
971 498 1116 555 Inter
1145 499 1253 555 hac
1276 497 1653 555 Pescennianas
1681 499 1946 570 reliquias,

339 594 638 652 Plautiano
671 603 892 649 .auctore
912 635 930 662 ,
987 594 1399 664 persequebatur.
1427 621 1494 635 —-
1533 591 1729 647 Multos
1772 593 1943 658 etiam,

333 690 497 761 quasi
522 688 793 744 Chaucos
830 697 920 742 aut
966 694 1100 742 uates
1130 687 1194 742 de
1217 703 1311 742 sua
1340 685 1505 744 salute
1530 681 1905 742 censuluissent
1927 724 1945 752 ,

333 782 625 850 intercurrit,
666 780 934 852 lprteeipue
976 787 1238 851 suspectos
1279 794 1686 851 unumquemque
1711 778 1964 831 idoneum-

333 875 589 946 imperio.
634 872 797 929 istum
840 873 1020 930 locum
1058 873 1104 928 si
1149 873 1493 929 conferamus
1535 887 1658 927 cum
1685 885 1753 927 eo
1788 883 1952 942 quem

332 969 515 1025 modo
551 983 622 1024 ex
659 967 975 1023 Tertulliani
1004 968 1346 1024 recitavituus
1371 1010 1384 1033 ,
1414 974 1638 1038 apparet
1662 976 1964 1036 utrumque

332 1064 692 1134 scriptorem,
723 1074 844 1118 cum
873 1061 1126 1133 loquatur
1153 1061 1223 1118 de
1247 1060 1489 1132 reliquiis
1515 1059 1946 1116 adversariorum

334 1157 527 1215 Seueri
548 1156 876 1228 perquisitis,
906 1154 1080 1227 ipsum
1107 1155 1272 1211 etiam
1294 1165 1528 1225 tempus,
1554 1168 1660 1224 quo
1688 1153 1786 1208 ista
1811 1166 1947 1206 con-

330 1251 598 1322 tigerint,
624 1248 884 1305 delinire:
911 1248 1054 1317 quod
1082 1262 1238 1304 secus
1268 1256 1351 1303 est
1371 1247 1427 1301 in
1447 1244 1747 1302 enarrando
1775 1243 1948 1299 altero

329 1343 408 1398 de
438 1341 698 1397 adhibitis
713 1341 764 1396 in
793 1339 1078 1396 consilium
1108 1340 1425 1408 Astrologis.
1455 1337 1562 1394 Sed
1595 1335 1950 1407 quemadmoo

327 1436 474 1492 dum
514 1426 648 1490 illud
697 1433 850 1490 nobis
881 1432 976 1488 dat
1041 1432 1184 1486 viam
1228 1440 1433 1487 certam
1505 1427 1810 1484 inveniendi
1855 1442 1946 1484 ve-

329 1546 459 1587 ram
487 1525 704 1585 aetatem
733 1527 1086 1599 Apologetici;
1134 1526 1207 1580 ita
1241 1525 1343 1580 hoc
1379 1521 1596 1595 quidem
1627 1536 1726 1577 nos
1761 1522 1941 1589 docet,

327 1638 438 1680 eos
479 1623 572 1693 qui
602 1621 785 1693 Magos
811 1619 880 1676 de
903 1621 1078 1675 salute
1101 1619 1330 1674 Caesaris
1353 1615 1679 1687 percunctati
1712 1615 1942 1684 fuerant,

332 1715 452 1770 fere
475 1712 670 1770 eodem
702 1721 944 1782 tempore
971 1712 1136 1766 luisse
1171 1709 1472 1773 extinctos;
1505 1723 1574 1764 ex
1601 1722 1708 1778 quo
1751 1708 1942 1762 saltem

2055 512 2201 553 mum
2231 497 2406 554 audeo
2446 498 2649 555 dicere.
2682 499 2846 571 Cujus
2890 507 3022 556 tetas
3052 501 3263 558 tametsi
3293 503 3510 573 e0piose
3537 502 3652 559 dis-

2054 599 2236 661 putata
2275 589 2346 645 sit
2387 590 2455 646 ab
2482 591 2730 646 omnibus
2751 633 2765 656 ,
2798 592 2888 662 qui
2918 601 3144 649 caeteros
3173 594 3519 650 etiamlibros
3546 610 3652 652 non

2055 684 2297 756 tetigere,
2329 685 2560 741 maxime
2580 698 2610 740 a
2640 684 2946 752 Moshemio,
2976 687 3376 759 elegantissimo
3397 690 3534 758 viro,
3568 692 3654 748 cui

2053 775 2156 833 hoc
2197 779 2248 834 in
2295 793 2494 850 genere
2543 780 2731 850 prima:
2773 780 3076 848 debentur;
3123 791 3300 840 tamen
3328 792 3449 853 post
3493 783 3650 839 istam

2053 885 2290 927 messem
2321 871 2446 928 licet
2475 873 2650 943 spicas
2679 872 2936 945 quasdam
2975 875 3224 946 colligere
3246 918 3260 943 ,
3287 884 3466 947 atque,
3514 892 3650 947 pra:-

2054 966 2318 1022 termissis
2344 966 2410 1022 iis
2438 982 2558 1039 qua:
2586 967 2900 1023 doctissime
2931 977 3054 1023 sunt
3094 968 3233 1024 dicta
3273 969 3340 1025 ab
3380 984 3479 1037 eo,
3526 969 3652 1026 bre-

2050 1060 2269 1114 vissime
2293 1073 2452 1130 quam
2479 1073 2784 1131 possumus,
2814 1060 2978 1116 veluti
3028 1076 3120 1131 per
3138 1061 3334 1131 gradus
3352 1061 3651 1119 ascenden-

2051 1151 2142 1218 do,
2189 1167 2308 1221 qua:
2362 1153 2462 1208 ista
2512 1152 2581 1208 de
2624 1168 2684 1209 re
2731 1152 2956 1210 dicenda
3012 1153 3304 1220 habemus,
3353 1170 3645 1225 exponere.

2053 1243 2291 1299 Primum
2316 1244 2476 1314 igitur
2498 1245 2718 1313 nemini,
2745 1241 2839 1316 qui
2872 1245 2972 1301 fuit
3015 1247 3069 1302 in
3102 1260 3166 1302 co
3205 1246 3342 1302 libro
3373 1247 3650 1304 tractando

2053 1352 2174 1393 cum
2199 1352 2327 1393 cura
2357 1339 2534 1410 aliqua
2559 1348 2824 1405 versatus,
2858 1349 3035 1409 potest
3055 1355 3175 1396 esse
3202 1341 3486 1397 obscurum
3506 1383 3519 1407 ,
3547 1342 3651 1398 isto

2052 1439 2293 1500 tempore
2321 1431 2554 1488 nondum
2579 1431 2746 1489 fuisse
2772 1433 2943 1504 legem
2971 1432 3149 1490 Severi
3186 1443 3373 1490 contra
3400 1435 3652 1492 christia-

2051 1538 2148 1579 nos
2177 1525 2453 1581 emissam.
2483 1525 2725 1596 Namque
2744 1568 2758 1593 ,
2791 1527 2931 1582 hunc
2961 1527 3154 1584 librum
3192 1527 3465 1585 otl‘erendo
3507 1529 3652 1586 Prte-

2048 1617 2254 1674 sidibus
2279 1660 2294 1686 ,
2327 1619 2446 1689 quis
2489 1619 2674 1676 credet
2717 1619 3094 1676 Tertullianum
3144 1621 3212 1677 ab
3248 1622 3315 1677 iis
3365 1629 3651 1692 expectare
3735 1621 3742 1632 '

2051 1712 2310 1782 potuisse,
2342 1723 2398 1769 ut
2427 1715 2562 1770 iram
2585 1715 2846 1771 adversus
2872 1717 3195 1773 christianos
3216 1729 3527 1788 conceptam
3543 1734 3652 1775 non

329 1804 661 1874 intelligitur
715 1802 770 1857 id
813 1801 956 1873 quod
982 1801 1315 1865 volebamus,
1347 1809 1534 1854 nostro
1564 1799 1617 1854 ill
1648 1798 1787 1853 libro
1813 1796 1940 1852 Τεν-
1973 1782 2020 1842 Β
2050 1807 2359 1877 mitigarent
2386 1809 2582 1874 solum,
2609 1807 2706 1865 sed
2730 1810 2890 1878 plane
2913 1811 3263 1880 deponerent.
3289 1782 3652 1868 dimitterent-

331 1896 621 1951 tulliamnu
650 1895 718 1951 de
754 1894 928 1950 altero
953 1892 1378 1949 celem-alienum
1405 1904 1602 1961 genere
1626 1889 1727 1944 sub
1754 1889 1942 1944 Severo

327 1987 510 2043 fuisse
549 1987 808 2043 locutum.
869 1983 1224 2054 Quanquam,
1269 1983 1315 2037 si
1345 1983 1576 2037 velimus
1621 1981 1776 2036 istam
1825 1996 1941 2036 rem

328 2098 588 2156 quaerere
615 2082 886 2147 subtilius,
918 2090 974 2135 et
997 2072 1258 2140 adbibere
1284 2076 1478 2148 legent,
1509 2092 1541 2131 e
1565 2091 1668 2146 qua
1695 2075 1940 2132 ordinem

333 2176 396 2231 in
435 2175 604 2232 rebus
627 2175 792 2246 gestis
821 2171 1100 2228 narrandis
1120 2188 1151 2246 tt
1192 2169 1473 2238 Spartiatae
1505 2169 1822 2239 plerumque
1846 2169 1916 2223 ob

332 2242 1017 2337 servatum‘judicandutn
1069 2242 1189 2320 esse
1235 2263 1606 2333 experimento
1657 2260 1943 2318 didicimus

339 2362 533 2432 (quam
559 2362 772 2432 longum
800 2368 884 2414 est
908 2359 994 2413 hic
1011 2356 1336 2414 luculenlius
1364 2360 1685 2426 exponere);
1707 2369 1940 2425 c0guos-

331 2467 468 2508 cere
495 2451 694 2517 licebit,
726 2449 869 2522 quod
897 2450 998 2505 ista
1019 2448 1278 2520 supplicia
1304 2461 1514 2512 eorum,
1545 2447 1636 2516 qui
1664 2445 1833 2517 Magis
1857 2446 1941 2504 usi

335 2554 472 2599 sunt
505 2543 570 2600 ad
600 2541 942 2613 intelligenda
966 2547 1128 2612 imper
1143 2540 1177 2595 ii
1199 2539 1376 2595 Seueri
1401 2539 1529 2604 lata,
1558 2553 1664 2594 non
1692 2553 1943 2594 necessa-

344 2637 436 2691 rio
482 2637 768 2706 posteriora
812 2633 1058 2690 habenda
1091 2634 1200 2689 sint
1236 2631 1514 2704 suppliciis
1553 2631 1858 2688 constitutis
1886 2631 1940 2688 in

341 2730 559 2785 amicos
597 2728 740 2800 Nigri
767 2727 1106 2800 superstites.
1136 2725 1319 2797 itaque
1362 2740 1482 2780 cum
1521 2729 1636 2780 hate
1663 2724 1941 2780 extiterint

337 2826 414 2879 A.
448 2821 722 2889 CXCVill,
775 2830 832 2876 ut
859 2821 1100 2877 dicemus
1135 2835 1235 2875 suo
1279 2819 1396 2874 loco
1423 2858 1439 2887 ,
1468 2818 1557 2874 illa
1584 2818 1725 2873 haud
1757 2819 1939 2888 inepte

335 2915 605 2987 assignari
629 2924 851 2987 possunt
871 2929 1013 2969 anno
1040 2910 1382 2984 prutcetlenti.
1402 2912 1532 2979 QUiB
1555 2926 1678 2966 cum
1705 2911 1781 2966 ita
1809 2912 1936 2977 sint,

337 3018 494 3079 patet
522 3006 590 3062 ad
614 3011 834 3062 Annum
867 3005 1140 3061 CXCVIII.
1171 3005 1367 3060 librum
1398 3005 1462 3058 de
1488 3002 1799 3058 Idololatria
1821 3019 1942 3074 per-

335 3103 537 3157 tinere.
573 3103 747 3172 Atque
776 3099 866 3155 hic
903 3113 1003 3170 ego
1033 3113 1139 3154 non
1168 3105 1296 3168 puto
1323 3111 1546 3152 necesse
1568 3111 1715 3163 esse,
1740 3106 1798 3152 ut
1825 3112 1939 3152 res-

337 3193 643 3265 pondeatur
691 3191 758 3248 ad
786 3206 848 3247 ea
867 3230 886 3258 ,
915 3205 1036 3261 qua:
1066 3190 1234 3246 voluit
1274 3188 1666 3257 Tillemoutitts,
1696 3188 1842 3245 hunc
1869 3189 1935 3244 li-

333 3291 498 3344 brum
529 3289 791 3359 scriptum
818 3300 940 3343 esse
965 3301 996 3340 a
1023 3284 1343 3340 Tertulliano
1370 3294 1650 3355 postquam
1703 3285 1821 3356 ipse
1849 3299 1940 3340 tio-

334 3400 422 3440 va:
445 3383 676 3454 alicujus
699 3390 862 3438 sectae
893 3389 1078 3437 auctor
1117 3380 1406 3438 extitisset.
1433 3378 1588 3448 Quod
1613 3380 1816 3450 absque
1853 3393 1942 3434 ra-

337 3479 492 3536 tione
511 3477 660 3533 onmi
675 3474 1070 3542 deleuditur,et
1084 3483 1166 3530 est
1185 3472 1254 3529 ab
1273 3471 1588 3540 Ho/fmanuo
1605 3473 1934 3528 confutatam

342 3569 485 3625 diss.
538 3570 630 3626 cit.
673 3567 786 3641 δε.
819 3584 871 3640 p.
913 3567 1047 3636 δίη
1109 3568 1203 3637 qui
1256 3566 1623 3646 argumentis,
1666 3581 1698 3621 e
1745 3565 1938 3636 quibus

345 3663 582 3721 eruenda
602 3674 686 3720 est
713 3662 836 3719 libri
865 3673 1028 3729 tetas,
1063 3661 1342 3717 nobiseum
1383 3659 1498 3716 fere
1525 3664 1797 3715 consentit
1817 3699 1834 3727 ,
1866 3659 1938 3714 ita

343 3769 524 3812 tamen
549 3799 574 3824 ,,
598 3767 658 3813 ut
700 3772 732 3811 a
772 3755 1088 3812 Tertulliano
1115 3753 1436 3811 Metitanista
1487 3754 1636 3808 illum
1668 3753 1944 3809 existimet

339 3854 626 3923 scriptum.
653 3853 782 3922 Quae
827 3851 1045 3922 quidem
1085 3849 1269 3922 opinio
1317 3859 1463 3906 stare
1507 3864 1615 3905 non
1662 3858 1865 3920 potest,
1891 3847 1939 3902 si

338 3963 534 4002 rerum
563 3956 646 4001 est
675 3947 727 4001 id
749 3945 892 4018 quod
928 3946 1175 4017 superius
1204 3945 1483 4015 probatum
1515 3942 1761 3999 dedimus
1787 3984 1809 4008 ν
1831 3958 1938 3998 non

339 4043 449 4098 nisi
469 4045 538 4098 Α.
557 4042 658 4098 CC.
683 4057 805 4098 eum
825 4056 885 4097 se
903 4040 1198 4097 contulisse
1223 4039 1290 4094 ad
1317 4038 1656 4109 disciplinam
1680 4037 1936 4093 Montani.

338 4139 534 4209 Neque
557 4137 626 4193 ad
651 4152 769 4193 eam
790 4136 1136 4192 asserettdatn
1158 4137 1298 4191 bene
1325 4132 1668 4202 llo/fruamur
1696 4133 1941 4188 adhibuit

336 4234 521 4290 locum
546 4231 844 4287 Tertulliani
860 4232 1026 4302 ipsius
1052 4231 1138 4303 (de
1159 4230 1294 4285 ιιιυι.
1323 4245 1376 4285 c.
1394 4229 1510 4302 22.)
1532 4245 1545 4283 :
1569 4225 1722 4282 Multi
1742 4227 1934 4294 dicunt,

338 4344 492 4382 nemo
520 4343 572 4382 se
599 4326 740 4382 debet
761 4328 1122 4398 promulgare;
1153 4340 1310 4397 quem
1339 4323 1452 4379 vult
1475 4323 1764 4391 indicasse,
1796 4321 1940 4393 quod

343 4421 511 4477 fuerit
535 4419 643 4490 jam
672 4430 784 4475 tum
814 4419 953 4476 inter
977 4418 1328 4474 Montanistas
1351 4425 1408 4473 et
1437 4414 1770 4473 ortltodoxos
1792 4431 1940 4487 quaa-

2047 1913 2150 1969 que
2180 1913 2276 1955 eos
2321 1899 2676 1956 innocentes?
2717 1904 2761 1956 si
2804 1913 2979 1957 tamen
3021 1903 3343 1958 Prtesidibus
3383 1904 3651 1974 agendum

2048 1993 2235 2048 luisset
2262 1993 2558 2049 secundum
2590 1995 2767 2050 Severi
2817 1997 2960 2066 leges
2980 2039 2995 2062 ,
3031 2013 3058 2050 a
3091 1996 3283 2068 quibus
3314 2011 3414 2053 nec
3452 1997 3651 2054 licebat

2047 2086 2131 2140 VL'I
2159 2086 2320 2140 latum
2354 2101 2584 2156 unguem
2622 2086 2914 2155 recedere;
2948 2089 3244 2157 praesertim
3277 2103 3399 2144 cum
3427 2097 3649 2144 consta-

2045 2187 2148 2243 ret,
2173 2187 2373 2248 quanta
2398 2178 2694 2234 acerbitate
2722 2193 2848 2234 usus
2879 2179 3005 2235 olim
3038 2178 3226 2261 fgisset
3255 2178 3512 2236 adversus
3530 2195 3646 2248 eos,

2046 2283 2185 2340 quos
2211 2269 2548 2325 intellexerat
2577 2269 2755 2326 ot‘ticio
2781 2271 2976 2340 judicis
3022 2271 3160 2327 haud
3201 2272 3338 2328 bene
3369 2270 3649 2329 defunctos

2047 2362 2122 2436 (ν.
2171 2362 2514 2432 Spartianum
2565 2364 2617 2420 in
2672 2363 2798 2420 Sev.
2844 2379 2897 2420 c.
2923 2365 3029 2436 8.).
3071 2364 3256 2436 Neque
3296 2381 3424 2422 vero
3451 2352 3650 2424 mirum

2046 2456 2133 2512 cui
2163 2456 2333 2512 videri
2363 2457 2543 2524 debet,
2576 2459 2620 2513 si
2651 2457 2914 2515 Praesides
2937 2474 3058 2515 eum
3093 2459 3249 2530 plebe
3275 2459 3374 2516 soli
3403 2460 3648 2531 iniuriosi

2045 2547 2262 2604 fuerunt
2289 2550 2340 2603 in
2363 2548 2708 2612 christianos.
2733 2566 2889 2621 quam
2913 2550 2981 2606 ob
3011 2566 3125 2606 rem
3156 2566 3260 2606 non
3283 2550 3349 2606 ad
3377 2552 3646 2608 Cursarem

2044 2640 2218 2712 ipsum
2242 2624 2585 2696 Tertullianus
2609 2643 2997 2712 provocarerit,
3027 2659 3199 2716 neque
3225 2644 3499 2699 christiani
3524 2659 3649 2700 sese

2046 2735 2350 2806 receperint
2375 2735 2426 2790 in
2449 2735 2564 2806 ejus
2587 2737 2826 2791 tutelam.
2848 2737 3056 2792 Etenim
3087 2736 3130 2793 si
3161 2736 3460 2803 christiani,
3483 2751 3647 2793 occa-

2045 2828 2197 2882 sione
2225 2843 2412 2882 eorum
2451 2829 2542 2898 qui
2585 2837 2804 2899 propter
2836 2827 2991 2900 Nigri
3042 2827 3313 2899 Albinique
3353 2829 3645 2884 amicitiam

2046 2919 2433 2991 plectebantur,
2467 2930 2684 2976 auctore
2712 2919 3016 2988 Plautiano,
3068 2937 3231 2978 omne
3275 2922 3641 2978 calamitatum

2046 3027 2214 3083 genus
2243 3012 2648 3079 sustinuerunt;
2697 3012 2815 3068 talis
2854 3013 2919 3068 ad
2966 3012 3233 3069 CacSarem
3288 3015 3640 3084 provocatio,

2045 3111 2264 3175 propter
2278 3117 2542 3157 summam
2559 3102 2851 3171 Plautiani,
2886 3101 3138 3158 Prtetorio
3167 3103 3430 3174 Prtefecti,
3454 3115 3644 3161 aucto-

2043 3195 2254 3250 ritatem
2286 3195 2462 3250 locum
2492 3209 2598 3249 non
2628 3194 2814 3250 luisset
2837 3195 3114 3261 habitura;
3151 3211 3217 3251 ne
3245 3206 3354 3252 tum
3382 3198 3598 3268 quidem
3624 3241 3641 3268 ,

2041 3289 2088 3343 si
2117 3287 2253 3342 facta
2281 3296 2424 3343 esset
2453 3287 2518 3342 ad
2547 3287 2718 3360 ipsum
2747 3284 3106 3355 Plautiauum,
3139 3289 3646 3359 impotentissimum

2043 3379 2586 3450 crudeliSsimumquc
2617 3379 2910 3436 hominem.
2961 3379 3228 3436 Praeterea
3267 3382 3554 3452 quomodo,
3601 3383 3649 3438 si

2044 3474 2126 3531 vel
2159 3475 2390 3529 maxime
2421 3473 2731 3528 Plautianus
2757 3482 2944 3530 auctor
2971 3474 3104 3528 tanti
3141 3475 3365 3531 sceleris
3400 3475 3453 3531 in
3497 3476 3642 3531 chri-

2027 3567 2242 3622 stianos
2269 3581 2374 3620 non
2408 3563 2590 3631 fuerit,
2618 3567 2907 3636 quomodo,
2939 3565 3176 3637 inquam,
3201 3581 3232 3622 a
3263 3567 3473 3634 Severo,
3514 3569 3638 3624 iuli-

2044 3658 2155 3714 nite
2196 3665 2250 3714 et
2278 3672 2466 3712 aurum
2498 3666 2553 3713 et
2579 3657 2782 3714 cindem
2824 3657 3099 3714 hominum
3149 3657 3515 3717 innocentium
3578 3677 3644 3720 ac

2043 3751 2325 3808 seditionis
2386 3760 2762 3822 suspeetorum
2834 3751 3290 3822 concupiscente,
3363 3753 3643 3825 impetrari

2044 3845 2301 3902 auxilium
2333 3845 2594 3916 potuisset
2617 3844 2875 3901 adversus
2910 3845 3082 3916 plebis
3108 3844 3324 3903 furiosa:
3360 3846 3591 3918 impetus
3616 3850 3643 3905 ?

2044 3940 2212 4009 Quam
2253 3939 2542 3996 verendum
2605 3947 2721 3995 erat
2785 3940 2982 4011 potius,
3040 3954 3162 3996 cum
3229 3939 3465 3996 nondum
3539 3957 3643 4014 pu-

2043 4033 2210 4090 blicas
2275 4048 2396 4089 cum
2456 4031 2761 4088 christianis
2824 4031 3132 4096 inimicitias
3186 4033 3530 4104 suscepisset,
3555 4036 3654 4092 adt

2043 4125 2305 4182 monitum
2361 4123 2552 4180 libellis
2604 4123 3062 4191 christianorum,
3109 4139 3175 4181 eo
3226 4140 3638 4196 progressurum

2044 4218 2239 4287 fuisse,
2274 4226 2333 4274 ιιι
2361 4219 2522 4274 etiam
2558 4218 2698 4274 mala
2720 4260 2736 4286 ,
2765 4219 3084 4274 auctoritate
3111 4233 3206 4274 sua
3237 4219 3529 4276 Prinsidum
3559 4220 3642 4277 fu-

2044 4328 2223 4370 rorem
2256 4311 2647 4377 conﬁrmando,
2696 4311 2950 4383 augeret?
2993 4311 3104 4367 Hac
3135 4311 3294 4383 igitur
3343 4327 3402 4368 re
3444 4314 3650 4370 consti-

2043 4415 2177 4472 tuta,
2207 4405 2386 4462 dicere
2415 4417 2638 4460 necesse
2665 4412 2748 4459 est
2775 4419 2927 4470 sane,
2955 4403 3097 4476 quod
3126 4405 3474 4477 Apologetieo
3505 4407 3641 4464 scri-

339 4514 453 4570 stio
479 4515 678 4583 agitata
707 4513 774 4568 de
805 4511 924 4584 fuga
968 4514 1020 4567 in
1048 4512 1443 4584 persecutione.
1485 4509 1689 4582 Nempe
1727 4511 1842 4582 ipsa
1864 4525 1939 4567 se.
1965 4523 2020 4585 Β
2047 4496 2223 4553 bendo
2265 4495 2605 4552 occasionem
2650 4493 2857 4550 dederit
2896 4493 3034 4550 facta
3078 4509 3108 4550 a
3138 4496 3294 4567 plebe
3323 4497 3646 4555 christiano-

341 4608 458 4663 ries
473 4606 737 4662 orationis
759 4604 828 4661 de
850 4604 998 4661 enini
1027 4604 1309 4674 negatione
1333 4601 1458 4659 ﬁdei
1485 4617 1794 4658 sermonem
1820 4617 1944 4660 esse

339 4699 550 4765 docet,
580 4713 752 4768 neque
773 4698 840 4752 de
869 4697 988 4768 fuga
1021 4698 1196 4762 unice;
1226 4705 1280 4751 et
1307 4710 1373 4751 ex
1403 4695 1770 4766 antiquissima
1792 4706 1942 4752 vete-

340 4811 470 4852 rum
489 4793 905 4849 christianorum
958 4791 1180 4847 historia
1204 4834 1219 4860 ,
1247 4791 1411 4847 veluti
1442 4806 1507 4846 ex
1527 4789 1724 4862 Ignatii
1742 4807 1804 4846 ac
1831 4791 1942 4846 Po-

342 4886 552 4959 lycarpi
593 4887 858 4956 exemplo,
886 4896 1106 4957 apparet
1126 4927 1142 4952 ,
1164 4885 1406 4942 diversas
1429 4885 1569 4942 inter
1592 4887 1738 4958 ipsos
1764 4887 1946 4956 purio-

343 4982 426 5038 ris
451 4979 709 5036 doctrinae
732 4979 1056 5038 christianos
1101 4993 1166 5035 ea
1217 4979 1285 5035 de
1327 4995 1386 5035 re
1422 4977 1588 5035 fuisse
1626 4980 1940 5036 sententias.

342 5074 458 5130 Sed
485 5084 658 5128 ortam
692 5073 831 5128 hanc
863 5072 1195 5129 orthodoxos
1225 5074 1364 5129 inter
1384 5083 1440 5129 et
1463 5073 1810 5128 Montanistas
1827 5073 1944 5130 dis-

341 5166 684 5240 putationem
729 5184 797 5222 ex
838 5167 980 5223 facto
1035 5166 1222 5222 militi-5
1271 5169 1362 5237 qui
1410 5180 1664 5222 coronam
1707 5166 1943 5224 lauream

338 5259 704 5340 repudiarit,
763 5261 1005 5334 adeoque
1059 5261 1200 5316 hunc
1257 5261 1451 5317 librum
1511 5269 1634 5331 post
1678 5276 1798 5316 cum
1851 5262 1944 5333 qui

339 5365 430 5412 est
457 5355 525 5408 de
543 5354 746 5410 Corona
777 5356 1040 5426 scriptum
1089 5369 1210 5413 csse
1232 5399 1248 5426 ,
1290 5355 1342 5410 id
1368 5370 1495 5411 vero
1525 5365 1610 5410 est
1647 5355 1899 5411 hariolari
1924 5398 1938 5424 ,

341 5466 457 5506 non
509 5449 776 5519 probare;
822 5451 980 5521 quale
1030 5465 1199 5521 genus
1246 5449 1653 5522 argumentandi
1691 5449 1850 5506 debet
1875 5450 1946 5506 ab

343 5542 500 5597 etnni
533 5542 892 5613 disputatione
922 5541 1309 5598 alienissimum
1340 5557 1480 5598 esse.

342 5637 375 5711 δ
406 5636 494 5692 16.
525 5664 595 5676 --
619 5635 974 5707 Apologett’ctts
1030 5636 1096 5690 A.
1125 5633 1349 5691 CXCIX
1408 5637 1708 5705 ratnpositus
1743 5635 1952 5692 demon-

1049 5739 1262 5786 uratur.

417 5830 675 5906 Sequiltlt‘
700 5828 1127 5902 elegantissimus
1164 5827 1538 5900 Apologeticus,
1575 5843 1732 5902 quem
1786 5794 1951 5888 libro-

2046 4607 2164 4648 rum
2195 4590 2543 4661 perturbatio.
2585 4588 2759 4660 Atque
2785 4587 3138 4659 quorumdam
3167 4589 3405 4646 locorum
3437 4589 3645 4646 Tertul-

2048 4683 2174 4739 liani
2196 4683 2276 4754 (l)
2308 4682 2391 4736 vis
2419 4682 2490 4737 ita
2517 4689 2600 4738 est
2631 4680 2933 4746 manifesta,
2962 4690 3022 4737 ut
3051 4682 3310 4737 absonum
3340 4683 3498 4752 plane
3531 4685 3639 4753 sit,

2045 4778 2188 4834 aliud
2209 4777 2279 4833 ibi
2301 4776 2448 4848 quid,
2472 4791 2631 4848 quam
2659 4791 2776 4832 eam
2801 4790 2912 4832 rem
2939 4791 3200 4847 qurerere.
3223 4775 3373 4832 Unde
3395 4775 3537 4844 ﬁt,ut
3555 4793 3647 4834 nc-

2045 4887 2152 4943 que
2171 4871 2275 4926 dici
2303 4869 2654 4924 Tertullianus
2673 4869 2838 4940 possit
2858 4867 2997 4925 hanc
3020 4869 3434 4926 Christianorum
3455 4870 3641 4926 delen-

2045 4963 2251 5020 sionem
2265 4961 2548 5018 tradidisse
2566 4961 2909 5030 Prtesidibus,
2936 4961 3034 5017 nisi
3066 4976 3368 5017 eumannus
3385 4962 3637 5020 CXCVII.

2046 5071 2199 5111 suam
2234 5055 2344 5125 jam
2380 5070 2643 5110 summam
2666 5055 3065 5126 complevisset;
3094 5064 3376 5126 propterea
3397 5055 3537 5126 quod
3553 5055 3644 5112 lio-

2046 5162 2166 5203 rum
2183 5156 2421 5202 motuum
2441 5147 2676 5218 origines
2700 5146 2785 5202 isti
2803 5161 2944 5202 anno
2957 5145 3163 5202 idoneis
3179 5149 3506 5218 argumentis
3517 5149 3641 5204 vin-

2047 5239 2360 5298 dicavimus.
2383 5242 2564 5313 Itaque
2581 5256 2680 5298 nec
2696 5253 2830 5312 opus
2851 5249 2933 5298 est
2950 5241 3050 5296 isto
3070 5241 3187 5298 loco
3205 5243 3442 5315 (Apolog.
3462 5258 3506 5298 e.
3532 5242 3651 5317 55.)

2111 5397 2198 5462 (1),
2219 5396 2382 5462 Apol.,
2404 5397 2570 5462 c.5771
2599 5395 2804 5462 Quoties
2836 5408 2925 5446 suo
2958 5395 3078 5462 jure
3117 5409 3211 5462 nos
3249 5396 3496 5462 inimicum
3534 5395 3657 5462 rul-

2049 5457 2376 5524 guS'inv'adit’
2413 5459 2650 5524 lapidibus
2690 5465 2742 5508 et
2792 5457 3064 5524 incendiis?
3118 5459 3244 5524 Ipsis
3273 5457 3655 5524 Bacchanalium

2050 5521 2193 5572 l'uriis
2215 5536 2309 5573 nec
2333 5521 2537 5571 mortuis
2555 5527 2760 5583 parcunt
2783 5522 3060 5572 Christianis
3078 5561 3091 5578 ,
3117 5521 3232 5584 quin
3257 5521 3364 5572 illos
3385 5523 3449 5571 de
3473 5523 3656 5584 requie

2051 5584 2322 5647 sepulturae
2382 5584 2614 5647 avellant,
2638 5645 2649 5647 _
2673 5584 2963 5642 dissecent,
3003 5584 3294 5634 distrahant.
3356 5584 3418 5634 Et
3474 5597 3533 5647 c._
3567 5585 3649 5634 55.

2050 5645 2186 5698 Nulli
2229 5649 2397 5710 magis
2424 5645 2821 5710 depostulatores
2857 5647 3230 5710 christianorum
3267 5659 3410 5708 quam
3436 5645 3652 5710 _\fulgus.

2053 5660 2186 5698 mnu
2229 5661 2384 5710 magis
2424 5660 2821 5758 oggestutatores
2857 5660 3230 5696 enrtsuanorum
3267 5660 3410 5708 quam
3456 5660 3652 5709 vulgus.

2053 5711 2208 5774 Plane
2233 5709 2402 5759 caeteri
2426 5722 2458 5774 _o
2483 5770 2492 5774 Δ
2513 5711 2628 5774 fines
2653 5721 2741 5774 pro
2765 5711 3071 5774 auctoritate,
3093 5708 3310 5774 religiosi
3337 5721 3398 5758 ex
3427 5708 3554 5774 title;
3581 5710 3656 5758 ni-

2054 5745 2628 5837 iafiz‘asrazaa'd‘ma‘;
2645 5745 3554 5837 agitari;“si;i.re‘.'ré"sis:a;:“ie’

2052 5834 2188 5886 latiis
2211 5835 2331 5898 ipsis
2355 5839 2527 5898 spirat.
